  <div class='ocr_page' id='page_1' title='image "/cluster/home/n/w/nwhite01/storage/ocr_20150623/32/hvd.32044096580550/656.png"; bbox 0 0 4036 6182; ppageno 0'>
   <div class='ocr_carea' id='block_1_1' title="bbox 224 284 339 334">
    <p class='ocr_par' dir='ltr' id='par_1_1' title="bbox 224 284 339 334">
     <span class='ocr_line' id='line_1_1' title="bbox 224 284 339 334; baseline 0 -1"><span class='ocrx_word' id='word_1_1' title='bbox 224 284 339 334; x_wconf 68' lang='grc'>1273</span> 
     </span>
    </p>
   </div>
   <div class='ocr_carea' id='block_1_2' title="bbox 220 393 1890 473">
    <p class='ocr_par' dir='ltr' id='par_1_2' title="bbox 220 393 1890 473">
     <span class='ocr_line' id='line_1_2' title="bbox 220 393 1890 473; baseline -0.003 -17"><span class='ocrx_word' id='word_1_2' title='bbox 220 400 519 473; x_wconf 88' lang='lat' dir='ltr'>aperiatque</span> <span class='ocrx_word' id='word_1_3' title='bbox 550 393 951 469; x_wconf 77' lang='lat' dir='ltr'>pulsantibus&#39;.</span> <span class='ocrx_word' id='word_1_4' title='bbox 979 398 1391 452; x_wconf 90' lang='lat' dir='ltr'>Verumtamen</span> <span class='ocrx_word' id='word_1_5' title='bbox 1419 397 1728 452; x_wconf 86' lang='lat' dir='ltr'>maximam</span> <span class='ocrx_word' id='word_1_6' title='bbox 1762 414 1890 469; x_wconf 89' lang='lat' dir='ltr'>par-</span> 
     </span>
    </p>
   </div>
   <div class='ocr_carea' id='block_1_3' title="bbox 217 486 1889 558">
    <p class='ocr_par' dir='ltr' id='par_1_3' title="bbox 217 486 1889 558">
     <span class='ocr_line' id='line_1_3' title="bbox 217 486 1889 558; baseline -0.004 -12"><span class='ocrx_word' id='word_1_7' title='bbox 217 492 317 546; x_wconf 83' lang='lat' dir='ltr'>tem</span> <span class='ocrx_word' id='word_1_8' title='bbox 343 488 637 543; x_wconf 85' lang='lat' dir='ltr'><strong>hominum</strong></span> <span class='ocrx_word' id='word_1_9' title='bbox 666 487 772 541; x_wconf 89' lang='lat' dir='ltr'>ista</span> <span class='ocrx_word' id='word_1_10' title='bbox 803 486 1116 557; x_wconf 66' lang='lat' dir='ltr'>quaestione</span> <span class='ocrx_word' id='word_1_11' title='bbox 1157 486 1413 558; x_wconf 82' lang='lat' dir='ltr'>torqueri</span> <span class='ocrx_word' id='word_1_12' title='bbox 1465 504 1583 542; x_wconf 91' lang='lat' dir='ltr'>non</span> <span class='ocrx_word' id='word_1_13' title='bbox 1630 488 1702 541; x_wconf 90' lang='lat' dir='ltr'>ob</span> <span class='ocrx_word' id='word_1_14' title='bbox 1733 486 1889 542; x_wconf 85' lang='lat' dir='ltr'>aliud</span> 
     </span>
    </p>
   </div>
   <div class='ocr_carea' id='block_1_4' title="bbox 219 576 1888 647">
    <p class='ocr_par' dir='ltr' id='par_1_4' title="bbox 219 576 1888 647">
     <span class='ocr_line' id='line_1_4' title="bbox 219 576 1888 647; baseline -0.001 -16"><span class='ocrx_word' id='word_1_15' title='bbox 219 576 550 645; x_wconf 83' lang='lat' dir='ltr'>crediderim,</span> <span class='ocrx_word' id='word_1_16' title='bbox 581 576 691 629; x_wconf 87' lang='lat' dir='ltr'>nisi</span> <span class='ocrx_word' id='word_1_17' title='bbox 723 576 855 647; x_wconf 83' lang='lat' dir='ltr'>quia</span> <span class='ocrx_word' id='word_1_18' title='bbox 880 592 995 629; x_wconf 89' lang='lat' dir='ltr'>non</span> <span class='ocrx_word' id='word_1_19' title='bbox 1026 576 1117 646; x_wconf 91' lang='lat' dir='ltr'>pie</span> <span class='ocrx_word' id='word_1_20' title='bbox 1147 581 1431 645; x_wconf 64' lang='lat' dir='ltr'>quaerunt,</span> <span class='ocrx_word' id='word_1_21' title='bbox 1466 576 1888 646; x_wconf 83' lang='lat' dir='ltr'>velocioresque</span> 
     </span>
    </p>
   </div>
   <div class='ocr_carea' id='block_1_5' title="bbox 218 663 1889 733">
    <p class='ocr_par' dir='ltr' id='par_1_5' title="bbox 218 663 1889 733">
     <span class='ocr_line' id='line_1_5' title="bbox 218 663 1889 733; baseline -0.002 -15"><span class='ocrx_word' id='word_1_22' title='bbox 218 669 334 719; x_wconf 90' lang='lat' dir='ltr'>sunt</span> <span class='ocrx_word' id='word_1_23' title='bbox 357 664 423 718; x_wconf 90' lang='lat' dir='ltr'>ad</span> <span class='ocrx_word' id='word_1_24' title='bbox 456 664 897 728; x_wconf 82' lang='lat' dir='ltr'>excusationem,</span> <span class='ocrx_word' id='word_1_25' title='bbox 932 679 1106 733; x_wconf 88' lang='lat' dir='ltr'>quam</span> <span class='ocrx_word' id='word_1_26' title='bbox 1138 663 1208 715; x_wconf 89' lang='lat' dir='ltr'>ad</span> <span class='ocrx_word' id='word_1_27' title='bbox 1238 663 1655 717; x_wconf 85' lang='lat' dir='ltr'>confessionem</span> <span class='ocrx_word' id='word_1_28' title='bbox 1699 678 1889 733; x_wconf 87' lang='lat' dir='ltr'>pecca-</span> 
     </span>
    </p>
   </div>
   <div class='ocr_carea' id='block_1_6' title="bbox 217 750 1887 821">
    <p class='ocr_par' dir='ltr' id='par_1_6' title="bbox 217 750 1887 821">
     <span class='ocr_line' id='line_1_6' title="bbox 217 750 1887 821; baseline -0.001 -15"><span class='ocrx_word' id='word_1_29' title='bbox 217 757 381 807; x_wconf 81' lang='lat' dir='ltr'>torum</span> <span class='ocrx_word' id='word_1_30' title='bbox 415 769 666 807; x_wconf 91' lang='lat' dir='ltr'>suorum.</span> <span class='ocrx_word' id='word_1_31' title='bbox 700 752 810 805; x_wconf 77' lang='lat' dir='ltr'>Alii</span> <span class='ocrx_word' id='word_1_32' title='bbox 842 751 995 805; x_wconf 88' lang='lat' dir='ltr'>enim</span> <span class='ocrx_word' id='word_1_33' title='bbox 1026 752 1244 804; x_wconf 88' lang='lat' dir='ltr'>nullam</span> <span class='ocrx_word' id='word_1_34' title='bbox 1296 750 1549 804; x_wconf 84' lang='lat' dir='ltr'>divinam</span> <span class='ocrx_word' id='word_1_35' title='bbox 1576 752 1887 821; x_wconf 89' lang='lat' dir='ltr'>providen-</span> 
     </span>
    </p>
   </div>
   <div class='ocr_carea' id='block_1_7' title="bbox 218 839 1887 912">
    <p class='ocr_par' dir='ltr' id='par_1_7' title="bbox 218 839 1887 912">
     <span class='ocr_line' id='line_1_7' title="bbox 218 839 1887 912; baseline -0.001 -17"><span class='ocrx_word' id='word_1_36' title='bbox 218 842 339 895; x_wconf 88' lang='lat' dir='ltr'>tiam</span> <span class='ocrx_word' id='word_1_37' title='bbox 364 857 602 912; x_wconf 62' lang='lat' dir='ltr'>praeesse</span> <span class='ocrx_word' id='word_1_38' title='bbox 632 841 800 894; x_wconf 89' lang='lat' dir='ltr'>rebus</span> <span class='ocrx_word' id='word_1_39' title='bbox 828 839 1687 910; x_wconf 87' lang='lat' dir='ltr'>humanislibenteropinautur,</span> <span class='ocrx_word' id='word_1_40' title='bbox 1721 840 1887 893; x_wconf 91' lang='lat' dir='ltr'>dum-</span> 
     </span>
    </p>
   </div>
   <div class='ocr_carea' id='block_1_8' title="bbox 218 927 1890 1000">
    <p class='ocr_par' dir='ltr' id='par_1_8' title="bbox 218 927 1890 1000">
     <span class='ocr_line' id='line_1_8' title="bbox 218 927 1890 1000; baseline -0.002 -15"><span class='ocrx_word' id='word_1_41' title='bbox 218 946 317 1000; x_wconf 88' lang='lat' dir='ltr'>que</span> <span class='ocrx_word' id='word_1_42' title='bbox 345 929 587 984; x_wconf 83' lang='lat' dir='ltr'>fortuitis</span> <span class='ocrx_word' id='word_1_43' title='bbox 616 927 1215 981; x_wconf 90' lang='lat' dir='ltr'>committuntcasibus</span> <span class='ocrx_word' id='word_1_44' title='bbox 1246 931 1303 981; x_wconf 92' lang='lat' dir='ltr'>et</span> <span class='ocrx_word' id='word_1_45' title='bbox 1326 927 1549 982; x_wconf 89' lang='lat' dir='ltr'>animos</span> <span class='ocrx_word' id='word_1_46' title='bbox 1577 933 1633 981; x_wconf 90' lang='lat' dir='ltr'>et</span> <span class='ocrx_word' id='word_1_47' title='bbox 1652 944 1890 997; x_wconf 88' lang='lat' dir='ltr'>corpora</span> 
     </span>
    </p>
   </div>
   <div class='ocr_carea' id='block_1_9' title="bbox 217 1014 1887 1084">
    <p class='ocr_par' dir='ltr' id='par_1_9' title="bbox 217 1014 1887 1084">
     <span class='ocr_line' id='line_1_9' title="bbox 217 1014 1887 1084; baseline -0.001 -13"><span class='ocrx_word' id='word_1_48' title='bbox 217 1035 325 1084; x_wconf 88' lang='lat' dir='ltr'>sua,</span> <span class='ocrx_word' id='word_1_49' title='bbox 358 1018 584 1071; x_wconf 89' lang='lat' dir='ltr'>tradunt</span> <span class='ocrx_word' id='word_1_50' title='bbox 632 1032 691 1070; x_wconf 88' lang='lat' dir='ltr'>se</span> <span class='ocrx_word' id='word_1_51' title='bbox 731 1016 1016 1069; x_wconf 89' lang='lat' dir='ltr'>feriendos</span> <span class='ocrx_word' id='word_1_52' title='bbox 1065 1020 1121 1069; x_wconf 89' lang='lat' dir='ltr'>et</span> <span class='ocrx_word' id='word_1_53' title='bbox 1151 1014 1507 1069; x_wconf 89' lang='lat' dir='ltr'>dilaniandos</span> <span class='ocrx_word' id='word_1_54' title='bbox 1537 1015 1887 1083; x_wconf 82' lang='lat' dir='ltr'>libidinibus,</span> 
     </span>
    </p>
   </div>
   <div class='ocr_carea' id='block_1_10' title="bbox 218 1104 1889 1176">
    <p class='ocr_par' dir='ltr' id='par_1_10' title="bbox 218 1104 1889 1176">
     <span class='ocr_line' id='line_1_10' title="bbox 218 1104 1889 1176; baseline -0.001 -16"><span class='ocrx_word' id='word_1_55' title='bbox 218 1106 389 1160; x_wconf 82' lang='lat' dir='ltr'>divina</span> <span class='ocrx_word' id='word_1_56' title='bbox 409 1104 627 1176; x_wconf 88' lang='lat' dir='ltr'>judicia</span> <span class='ocrx_word' id='word_1_57' title='bbox 664 1109 955 1175; x_wconf 81' lang='lat' dir='ltr'>negantes,</span> <span class='ocrx_word' id='word_1_58' title='bbox 989 1105 1243 1158; x_wconf 89' lang='lat' dir='ltr'>humana</span> <span class='ocrx_word' id='word_1_59' title='bbox 1272 1104 1553 1172; x_wconf 88' lang='lat' dir='ltr'>fallentes,</span> <span class='ocrx_word' id='word_1_60' title='bbox 1587 1121 1681 1159; x_wconf 90' lang='lat' dir='ltr'>eos</span> <span class='ocrx_word' id='word_1_61' title='bbox 1703 1122 1734 1158; x_wconf 93' lang='lat' dir='ltr'>a</span> <span class='ocrx_word' id='word_1_62' title='bbox 1764 1104 1889 1175; x_wconf 91' lang='lat' dir='ltr'>qui-</span> 
     </span>
    </p>
   </div>
   <div class='ocr_carea' id='block_1_11' title="bbox 216 1193 1893 1264">
    <p class='ocr_par' dir='ltr' id='par_1_11' title="bbox 216 1193 1893 1264">
     <span class='ocr_line' id='line_1_11' title="bbox 216 1193 1893 1264; baseline -0.002 -14"><span class='ocrx_word' id='word_1_63' title='bbox 216 1197 311 1251; x_wconf 88' lang='lat' dir='ltr'>bus</span> <span class='ocrx_word' id='word_1_64' title='bbox 336 1198 683 1261; x_wconf 84' lang='lat' dir='ltr'>accusantur,</span> <span class='ocrx_word' id='word_1_65' title='bbox 714 1194 959 1247; x_wconf 66' lang='lat' dir='ltr'>fortuuas</span> <span class='ocrx_word' id='word_1_66' title='bbox 987 1193 1307 1263; x_wconf 89' lang='lat' dir='ltr'>patrocinio</span> <span class='ocrx_word' id='word_1_67' title='bbox 1336 1195 1673 1264; x_wconf 81' lang='lat' dir='ltr'>propulsare</span> <span class='ocrx_word' id='word_1_68' title='bbox 1703 1211 1760 1247; x_wconf 91' lang='lat' dir='ltr'>se</span> <span class='ocrx_word' id='word_1_69' title='bbox 1790 1211 1893 1263; x_wconf 89' lang='lat' dir='ltr'>pu-</span> 
     </span>
    </p>
   </div>
   <div class='ocr_carea' id='block_1_12' title="bbox 216 1282 1892 1354">
    <p class='ocr_par' dir='ltr' id='par_1_12' title="bbox 216 1282 1892 1354">
     <span class='ocr_line' id='line_1_12' title="bbox 216 1282 1892 1354; baseline -0.001 -17"><span class='ocrx_word' id='word_1_70' title='bbox 216 1287 361 1350; x_wconf 87' lang='lat' dir='ltr'>tant;</span> <span class='ocrx_word' id='word_1_71' title='bbox 392 1300 565 1353; x_wconf 89' lang='lat' dir='ltr'>quam</span> <span class='ocrx_word' id='word_1_72' title='bbox 589 1288 783 1337; x_wconf 91' lang='lat' dir='ltr'>tamen</span> <span class='ocrx_word' id='word_1_73' title='bbox 816 1300 1023 1337; x_wconf 72' lang='lat' dir='ltr'>cmcam</span> <span class='ocrx_word' id='word_1_74' title='bbox 1055 1282 1326 1353; x_wconf 88' lang='lat' dir='ltr'>efﬁngere</span> <span class='ocrx_word' id='word_1_75' title='bbox 1378 1300 1441 1337; x_wconf 87' lang='lat' dir='ltr'>ac</span> <span class='ocrx_word' id='word_1_76' title='bbox 1478 1283 1717 1354; x_wconf 83' lang='lat' dir='ltr'>pingere</span> <span class='ocrx_word' id='word_1_77' title='bbox 1750 1299 1892 1336; x_wconf 92' lang='lat' dir='ltr'>con—</span> 
     </span>
    </p>
   </div>
   <div class='ocr_carea' id='block_1_13' title="bbox 215 1371 1893 1444">
    <p class='ocr_par' dir='ltr' id='par_1_13' title="bbox 215 1371 1893 1444">
     <span class='ocr_line' id='line_1_13' title="bbox 215 1371 1893 1444; baseline -0.001 -19"><span class='ocrx_word' id='word_1_78' title='bbox 215 1378 521 1439; x_wconf 88' lang='lat' dir='ltr'>sueverunt,</span> <span class='ocrx_word' id='word_1_79' title='bbox 565 1379 630 1426; x_wconf 90' lang='lat' dir='ltr'>ut</span> <span class='ocrx_word' id='word_1_80' title='bbox 676 1378 774 1426; x_wconf 89' lang='lat' dir='ltr'>aut</span> <span class='ocrx_word' id='word_1_81' title='bbox 807 1373 1071 1426; x_wconf 88' lang='lat' dir='ltr'>meliores</span> <span class='ocrx_word' id='word_1_82' title='bbox 1120 1388 1185 1426; x_wconf 91' lang='lat' dir='ltr'>ea</span> <span class='ocrx_word' id='word_1_83' title='bbox 1233 1371 1346 1425; x_wconf 89' lang='lat' dir='ltr'>sint</span> <span class='ocrx_word' id='word_1_84' title='bbox 1402 1390 1435 1425; x_wconf 90' lang='lat' dir='ltr'>a</span> <span class='ocrx_word' id='word_1_85' title='bbox 1490 1389 1603 1444; x_wconf 89' lang='lat' dir='ltr'>qua</span> <span class='ocrx_word' id='word_1_86' title='bbox 1663 1388 1720 1426; x_wconf 91' lang='lat' dir='ltr'>se</span> <span class='ocrx_word' id='word_1_87' title='bbox 1768 1371 1893 1442; x_wconf 89' lang='lat' dir='ltr'>regi</span> 
     </span>
    </p>
   </div>
   <div class='ocr_carea' id='block_1_14' title="bbox 214 1459 1895 1532">
    <p class='ocr_par' dir='ltr' id='par_1_14' title="bbox 214 1459 1895 1532">
     <span class='ocr_line' id='line_1_14' title="bbox 214 1459 1895 1532; baseline 0 -17"><span class='ocrx_word' id='word_1_88' title='bbox 214 1459 561 1529; x_wconf 85' lang='lat' dir='ltr'>arbitrantur,</span> <span class='ocrx_word' id='word_1_89' title='bbox 596 1467 695 1514; x_wconf 89' lang='lat' dir='ltr'>aut</span> <span class='ocrx_word' id='word_1_90' title='bbox 724 1477 782 1514; x_wconf 90' lang='lat' dir='ltr'>se</span> <span class='ocrx_word' id='word_1_91' title='bbox 814 1477 1042 1532; x_wconf 91' lang='lat' dir='ltr'>quoque</span> <span class='ocrx_word' id='word_1_92' title='bbox 1092 1476 1223 1514; x_wconf 91' lang='lat' dir='ltr'>cum</span> <span class='ocrx_word' id='word_1_93' title='bbox 1279 1460 1479 1514; x_wconf 88' lang='lat' dir='ltr'>eadem</span> <span class='ocrx_word' id='word_1_94' title='bbox 1536 1460 1790 1515; x_wconf 60' lang='lat' dir='ltr'>caecitate</span> <span class='ocrx_word' id='word_1_95' title='bbox 1839 1466 1895 1516; x_wconf 91' lang='lat' dir='ltr'>et</span> 
     </span>
    </p>
   </div>
   <div class='ocr_carea' id='block_1_15' title="bbox 214 1549 1893 1605">
    <p class='ocr_par' dir='ltr' id='par_1_15' title="bbox 214 1549 1893 1605">
     <span class='ocr_line' id='line_1_15' title="bbox 214 1549 1893 1605; baseline -0.001 -1"><span class='ocrx_word' id='word_1_96' title='bbox 214 1550 403 1604; x_wconf 89' lang='lat' dir='ltr'>sentire</span> <span class='ocrx_word' id='word_1_97' title='bbox 445 1549 553 1603; x_wconf 89' lang='lat' dir='ltr'>ista</span> <span class='ocrx_word' id='word_1_98' title='bbox 610 1550 895 1603; x_wconf 86' lang='lat' dir='ltr'>fateantur</span> <span class='ocrx_word' id='word_1_99' title='bbox 929 1555 985 1603; x_wconf 89' lang='lat' dir='ltr'>et</span> <span class='ocrx_word' id='word_1_100' title='bbox 1037 1549 1244 1603; x_wconf 89' lang='lat' dir='ltr'>dicere.</span> <span class='ocrx_word' id='word_1_101' title='bbox 1302 1551 1415 1603; x_wconf 90' lang='lat' dir='ltr'>Nec</span> <span class='ocrx_word' id='word_1_102' title='bbox 1470 1549 1624 1605; x_wconf 91' lang='lat' dir='ltr'>enim</span> <span class='ocrx_word' id='word_1_103' title='bbox 1683 1550 1893 1604; x_wconf 88' lang='lat' dir='ltr'>talibus</span> 
     </span>
    </p>
   </div>
   <div class='ocr_carea' id='block_1_16' title="bbox 211 1638 1889 1709">
    <p class='ocr_par' dir='ltr' id='par_1_16' title="bbox 211 1638 1889 1709">
     <span class='ocr_line' id='line_1_16' title="bbox 211 1638 1889 1709; baseline -0.001 -17"><span class='ocrx_word' id='word_1_104' title='bbox 211 1638 435 1693; x_wconf 83' lang='lat' dir='ltr'>absurde</span> <span class='ocrx_word' id='word_1_105' title='bbox 464 1638 635 1692; x_wconf 88' lang='lat' dir='ltr'>etiam</span> <span class='ocrx_word' id='word_1_106' title='bbox 674 1638 1004 1692; x_wconf 85' lang='lat' dir='ltr'>conceditur</span> <span class='ocrx_word' id='word_1_107' title='bbox 1060 1638 1281 1692; x_wconf 89' lang='lat' dir='ltr'>casibus</span> <span class='ocrx_word' id='word_1_108' title='bbox 1311 1655 1406 1697; x_wconf 91' lang='lat' dir='ltr'>eos</span> <span class='ocrx_word' id='word_1_109' title='bbox 1463 1654 1631 1709; x_wconf 90' lang='lat' dir='ltr'>agere</span> <span class='ocrx_word' id='word_1_110' title='bbox 1676 1638 1889 1705; x_wconf 86' lang='lat' dir='ltr'>omnia,</span> 
     </span>
    </p>
   </div>
   <div class='ocr_carea' id='block_1_17' title="bbox 212 1726 1893 1799">
    <p class='ocr_par' dir='ltr' id='par_1_17' title="bbox 212 1726 1893 1799">
     <span class='ocr_line' id='line_1_17' title="bbox 212 1726 1893 1799; baseline 0 -19"><span class='ocrx_word' id='word_1_111' title='bbox 212 1728 424 1799; x_wconf 82' lang='lat' dir='ltr'>quando</span> <span class='ocrx_word' id='word_1_112' title='bbox 457 1728 678 1797; x_wconf 86' lang='lat' dir='ltr'>agendo</span> <span class='ocrx_word' id='word_1_113' title='bbox 713 1727 936 1780; x_wconf 88' lang='lat' dir='ltr'>cadunt.</span> <span class='ocrx_word' id='word_1_114' title='bbox 970 1726 1079 1780; x_wconf 87' lang='lat' dir='ltr'>Sed</span> <span class='ocrx_word' id='word_1_115' title='bbox 1104 1728 1373 1781; x_wconf 89' lang='lat' dir='ltr'>adversus</span> <span class='ocrx_word' id='word_1_116' title='bbox 1394 1728 1539 1781; x_wconf 90' lang='lat' dir='ltr'>hanc</span> <span class='ocrx_word' id='word_1_117' title='bbox 1562 1727 1893 1798; x_wconf 87' lang='lat' dir='ltr'>opinionem</span> 
     </span>
    </p>
   </div>
   <div class='ocr_carea' id='block_1_18' title="bbox 209 1815 1892 1887">
    <p class='ocr_par' dir='ltr' id='par_1_18' title="bbox 209 1815 1892 1887">
     <span class='ocr_line' id='line_1_18' title="bbox 209 1815 1892 1887; baseline 0.001 -18"><span class='ocrx_word' id='word_1_118' title='bbox 209 1818 425 1887; x_wconf 88' lang='lat' dir='ltr'>plenam</span> <span class='ocrx_word' id='word_1_119' title='bbox 451 1815 769 1869; x_wconf 84' lang='lat' dir='ltr'>stultissimi</span> <span class='ocrx_word' id='word_1_120' title='bbox 800 1832 863 1869; x_wconf 90' lang='lat' dir='ltr'>ac</span> <span class='ocrx_word' id='word_1_121' title='bbox 892 1815 1302 1870; x_wconf 88' lang='lat' dir='ltr'>dementissimi</span> <span class='ocrx_word' id='word_1_122' title='bbox 1332 1816 1564 1881; x_wconf 89' lang='lat' dir='ltr'>erroris,</span> <span class='ocrx_word' id='word_1_123' title='bbox 1626 1817 1780 1882; x_wconf 87' lang='lat' dir='ltr'>satis,</span> <span class='ocrx_word' id='word_1_124' title='bbox 1831 1822 1892 1870; x_wconf 88' lang='lat' dir='ltr'>ut</span> 
     </span>
    </p>
   </div>
   <div class='ocr_carea' id='block_1_19' title="bbox 212 1904 1893 1970">
    <p class='ocr_par' dir='ltr' id='par_1_19' title="bbox 212 1904 1893 1970">
     <span class='ocr_line' id='line_1_19' title="bbox 212 1904 1893 1970; baseline -0.001 -11"><span class='ocrx_word' id='word_1_125' title='bbox 212 1906 464 1970; x_wconf 83' lang='lat' dir='ltr'>arbitror,</span> <span class='ocrx_word' id='word_1_126' title='bbox 514 1905 762 1958; x_wconf 88' lang='lat' dir='ltr'>secunda</span> <span class='ocrx_word' id='word_1_127' title='bbox 804 1910 1000 1958; x_wconf 87' lang='lat' dir='ltr'>nostra</span> <span class='ocrx_word' id='word_1_128' title='bbox 1058 1904 1531 1958; x_wconf 87' lang='lat' dir='ltr'>sermocinatione</span> <span class='ocrx_word' id='word_1_129' title='bbox 1587 1906 1893 1959; x_wconf 87' lang='lat' dir='ltr'>dissertum</span> 
     </span>
    </p>
   </div>
   <div class='ocr_carea' id='block_1_20' title="bbox 212 1993 1894 2065">
    <p class='ocr_par' dir='ltr' id='par_1_20' title="bbox 212 1993 1894 2065">
     <span class='ocr_line' id='line_1_20' title="bbox 212 1993 1894 2065; baseline -0.001 -17"><span class='ocrx_word' id='word_1_130' title='bbox 212 1993 310 2049; x_wconf 86' lang='lat' dir='ltr'>est.</span> <span class='ocrx_word' id='word_1_131' title='bbox 338 1994 444 2047; x_wconf 88' lang='lat' dir='ltr'>Alii</span> <span class='ocrx_word' id='word_1_132' title='bbox 472 2010 605 2047; x_wconf 89' lang='lat' dir='ltr'>vero</span> <span class='ocrx_word' id='word_1_133' title='bbox 640 2010 970 2065; x_wconf 87' lang='lat' dir='ltr'>quanquam</span> <span class='ocrx_word' id='word_1_134' title='bbox 1022 2009 1233 2064; x_wconf 88' lang='lat' dir='ltr'>negare</span> <span class='ocrx_word' id='word_1_135' title='bbox 1265 2010 1379 2047; x_wconf 92' lang='lat' dir='ltr'>non</span> <span class='ocrx_word' id='word_1_136' title='bbox 1408 1994 1660 2048; x_wconf 88' lang='lat' dir='ltr'>audeant</span> <span class='ocrx_word' id='word_1_137' title='bbox 1704 1995 1894 2065; x_wconf 65' lang='lat' dir='ltr'>praisi-</span> 
     </span>
    </p>
   </div>
   <div class='ocr_carea' id='block_1_21' title="bbox 212 2081 1896 2153">
    <p class='ocr_par' dir='ltr' id='par_1_21' title="bbox 212 2081 1896 2153">
     <span class='ocr_line' id='line_1_21' title="bbox 212 2081 1896 2153; baseline -0.001 -16"><span class='ocrx_word' id='word_1_138' title='bbox 212 2084 339 2138; x_wconf 86' lang='lat' dir='ltr'>dere</span> <span class='ocrx_word' id='word_1_139' title='bbox 368 2084 632 2137; x_wconf 65' lang='lat' dir='ltr'>humanm</span> <span class='ocrx_word' id='word_1_140' title='bbox 663 2081 793 2136; x_wconf 71' lang='lat' dir='ltr'>vita:</span> <span class='ocrx_word' id='word_1_141' title='bbox 823 2081 1247 2153; x_wconf 87' lang='lat' dir='ltr'>providentiam</span> <span class='ocrx_word' id='word_1_142' title='bbox 1278 2082 1401 2153; x_wconf 90' lang='lat' dir='ltr'>Dei,</span> <span class='ocrx_word' id='word_1_143' title='bbox 1452 2084 1675 2137; x_wconf 88' lang='lat' dir='ltr'>malunt</span> <span class='ocrx_word' id='word_1_144' title='bbox 1703 2089 1896 2136; x_wconf 88' lang='lat' dir='ltr'>tamen</span> 
     </span>
    </p>
   </div>
   <div class='ocr_carea' id='block_1_22' title="bbox 212 2172 1896 2242">
    <p class='ocr_par' dir='ltr' id='par_1_22' title="bbox 212 2172 1896 2242">
     <span class='ocr_line' id='line_1_22' title="bbox 212 2172 1896 2242; baseline -0.001 -14"><span class='ocrx_word' id='word_1_145' title='bbox 212 2190 332 2228; x_wconf 89' lang='lat' dir='ltr'>eam</span> <span class='ocrx_word' id='word_1_146' title='bbox 360 2174 443 2227; x_wconf 85' lang='lat' dir='ltr'>vel</span> <span class='ocrx_word' id='word_1_147' title='bbox 474 2172 785 2241; x_wconf 89' lang='lat' dir='ltr'>inﬁrmam,</span> <span class='ocrx_word' id='word_1_148' title='bbox 819 2173 905 2226; x_wconf 88' lang='lat' dir='ltr'>vel</span> <span class='ocrx_word' id='word_1_149' title='bbox 954 2172 1250 2242; x_wconf 85' lang='lat' dir='ltr'>injustam,</span> <span class='ocrx_word' id='word_1_150' title='bbox 1292 2173 1381 2227; x_wconf 84' lang='lat' dir='ltr'>vel</span> <span class='ocrx_word' id='word_1_151' title='bbox 1436 2174 1648 2227; x_wconf 83' lang='lat' dir='ltr'>malam</span> <span class='ocrx_word' id='word_1_152' title='bbox 1678 2173 1896 2227; x_wconf 88' lang='lat' dir='ltr'>nefario</span> 
     </span>
    </p>
   </div>
   <div class='ocr_carea' id='block_1_23' title="bbox 210 2261 1899 2333">
    <p class='ocr_par' dir='ltr' id='par_1_23' title="bbox 210 2261 1899 2333">
     <span class='ocr_line' id='line_1_23' title="bbox 210 2261 1899 2333; baseline -0.001 -17"><span class='ocrx_word' id='word_1_153' title='bbox 210 2279 391 2317; x_wconf 89' lang='lat' dir='ltr'>errore</span> <span class='ocrx_word' id='word_1_154' title='bbox 427 2263 677 2328; x_wconf 85' lang='lat' dir='ltr'>credere,</span> <span class='ocrx_word' id='word_1_155' title='bbox 735 2278 909 2332; x_wconf 90' lang='lat' dir='ltr'>quam</span> <span class='ocrx_word' id='word_1_156' title='bbox 966 2277 1068 2314; x_wconf 92' lang='lat' dir='ltr'>sua</span> <span class='ocrx_word' id='word_1_157' title='bbox 1123 2265 1353 2332; x_wconf 88' lang='lat' dir='ltr'>peccata</span> <span class='ocrx_word' id='word_1_158' title='bbox 1389 2262 1601 2333; x_wconf 88' lang='lat' dir='ltr'>pietate</span> <span class='ocrx_word' id='word_1_159' title='bbox 1654 2261 1899 2332; x_wconf 89' lang='lat' dir='ltr'>supplici</span> 
     </span>
    </p>
   </div>
   <div class='ocr_carea' id='block_1_24' title="bbox 211 2349 1901 2420">
    <p class='ocr_par' dir='ltr' id='par_1_24' title="bbox 211 2349 1901 2420">
     <span class='ocr_line' id='line_1_24' title="bbox 211 2349 1901 2420; baseline -0.001 -15"><span class='ocrx_word' id='word_1_160' title='bbox 211 2351 486 2405; x_wconf 77' lang='lat' dir='ltr'>confiteri.</span> <span class='ocrx_word' id='word_1_161' title='bbox 526 2349 633 2414; x_wconf 90' lang='lat' dir='ltr'>Qui</span> <span class='ocrx_word' id='word_1_162' title='bbox 663 2366 859 2403; x_wconf 92' lang='lat' dir='ltr'>omnes</span> <span class='ocrx_word' id='word_1_163' title='bbox 891 2350 937 2402; x_wconf 88' lang='lat' dir='ltr'>si</span> <span class='ocrx_word' id='word_1_164' title='bbox 958 2350 1293 2419; x_wconf 87' lang='lat' dir='ltr'>persuaderi</span> <span class='ocrx_word' id='word_1_165' title='bbox 1318 2349 1426 2404; x_wconf 89' lang='lat' dir='ltr'>sibi</span> <span class='ocrx_word' id='word_1_166' title='bbox 1456 2354 1807 2420; x_wconf 89' lang='lat' dir='ltr'>paterentur,</span> <span class='ocrx_word' id='word_1_167' title='bbox 1839 2354 1901 2403; x_wconf 90' lang='lat' dir='ltr'>ut</span> 
     </span>
    </p>
   </div>
   <div class='ocr_carea' id='block_1_25' title="bbox 210 2438 1898 2510">
    <p class='ocr_par' dir='ltr' id='par_1_25' title="bbox 210 2438 1898 2510">
     <span class='ocr_line' id='line_1_25' title="bbox 210 2438 1898 2510; baseline -0.001 -16"><span class='ocrx_word' id='word_1_168' title='bbox 210 2456 336 2494; x_wconf 89' lang='lat' dir='ltr'>cum</span> <span class='ocrx_word' id='word_1_169' title='bbox 366 2440 431 2494; x_wconf 91' lang='lat' dir='ltr'>de</span> <span class='ocrx_word' id='word_1_170' title='bbox 461 2440 673 2510; x_wconf 86' lang='lat' dir='ltr'>Optimo</span> <span class='ocrx_word' id='word_1_171' title='bbox 695 2443 753 2493; x_wconf 91' lang='lat' dir='ltr'>et</span> <span class='ocrx_word' id='word_1_172' title='bbox 773 2438 1091 2509; x_wconf 87' lang='lat' dir='ltr'>justissimo</span> <span class='ocrx_word' id='word_1_173' title='bbox 1124 2444 1179 2492; x_wconf 89' lang='lat' dir='ltr'>et</span> <span class='ocrx_word' id='word_1_174' title='bbox 1205 2439 1598 2509; x_wconf 89' lang='lat' dir='ltr'>potentissimo</span> <span class='ocrx_word' id='word_1_175' title='bbox 1627 2439 1898 2509; x_wconf 87' lang='lat' dir='ltr'>cogitant,</span> 
     </span>
    </p>
   </div>
   <div class='ocr_carea' id='block_1_26' title="bbox 206 2527 1897 2599">
    <p class='ocr_par' dir='ltr' id='par_1_26' title="bbox 206 2527 1897 2599">
     <span class='ocr_line' id='line_1_26' title="bbox 206 2527 1897 2599; baseline -0.001 -17"><span class='ocrx_word' id='word_1_176' title='bbox 206 2528 515 2583; x_wconf 86' lang='lat' dir='ltr'>bonitatem</span> <span class='ocrx_word' id='word_1_177' title='bbox 551 2534 606 2581; x_wconf 89' lang='lat' dir='ltr'>et</span> <span class='ocrx_word' id='word_1_178' title='bbox 629 2527 910 2598; x_wconf 86' lang='lat' dir='ltr'>justitiam</span> <span class='ocrx_word' id='word_1_179' title='bbox 937 2531 992 2580; x_wconf 90' lang='lat' dir='ltr'>et</span> <span class='ocrx_word' id='word_1_180' title='bbox 1020 2530 1337 2598; x_wconf 87' lang='lat' dir='ltr'>potentiam</span> <span class='ocrx_word' id='word_1_181' title='bbox 1368 2528 1470 2581; x_wconf 88' lang='lat' dir='ltr'>Dei</span> <span class='ocrx_word' id='word_1_182' title='bbox 1499 2528 1669 2599; x_wconf 90' lang='lat' dir='ltr'>longe</span> <span class='ocrx_word' id='word_1_183' title='bbox 1716 2529 1897 2599; x_wconf 81' lang='lat' dir='ltr'>majo-</span> 
     </span>
    </p>
   </div>
   <div class='ocr_carea' id='block_1_27' title="bbox 208 2615 1901 2687">
    <p class='ocr_par' dir='ltr' id='par_1_27' title="bbox 208 2615 1901 2687">
     <span class='ocr_line' id='line_1_27' title="bbox 208 2615 1901 2687; baseline -0.001 -16"><span class='ocrx_word' id='word_1_184' title='bbox 208 2634 328 2671; x_wconf 88' lang='lat' dir='ltr'>rem</span> <span class='ocrx_word' id='word_1_185' title='bbox 360 2615 825 2687; x_wconf 83' lang='lat' dir='ltr'>superioremque</span> <span class='ocrx_word' id='word_1_186' title='bbox 857 2633 977 2670; x_wconf 87' lang='lat' dir='ltr'>esse</span> <span class='ocrx_word' id='word_1_187' title='bbox 1026 2617 1338 2683; x_wconf 90' lang='lat' dir='ltr'>crederent,</span> <span class='ocrx_word' id='word_1_188' title='bbox 1392 2633 1565 2687; x_wconf 88' lang='lat' dir='ltr'>quam</span> <span class='ocrx_word' id='word_1_189' title='bbox 1621 2616 1901 2687; x_wconf 85' lang='lat' dir='ltr'>quidquid</span> 
     </span>
    </p>
   </div>
   <div class='ocr_carea' id='block_1_28' title="bbox 208 2703 1898 2776">
    <p class='ocr_par' dir='ltr' id='par_1_28' title="bbox 208 2703 1898 2776">
     <span class='ocr_line' id='line_1_28' title="bbox 208 2703 1898 2776; baseline 0 -17"><span class='ocrx_word' id='word_1_190' title='bbox 208 2704 547 2775; x_wconf 85' lang='lat' dir='ltr'>cogitatione</span> <span class='ocrx_word' id='word_1_191' title='bbox 574 2703 936 2774; x_wconf 88' lang='lat' dir='ltr'>concipiunt;</span> <span class='ocrx_word' id='word_1_192' title='bbox 970 2704 1511 2776; x_wconf 89' lang='lat' dir='ltr'>considerantesque</span> <span class='ocrx_word' id='word_1_193' title='bbox 1542 2706 1898 2775; x_wconf 88' lang='lat' dir='ltr'>semetipsos,</span> 
     </span>
    </p>
   </div>
   <div class='ocr_carea' id='block_1_29' title="bbox 208 2793 1902 2866">
    <p class='ocr_par' dir='ltr' id='par_1_29' title="bbox 208 2793 1902 2866">
     <span class='ocr_line' id='line_1_29' title="bbox 208 2793 1902 2866; baseline 0.001 -19"><span class='ocrx_word' id='word_1_194' title='bbox 208 2794 415 2866; x_wconf 80' lang='lat' dir='ltr'>gratias</span> <span class='ocrx_word' id='word_1_195' title='bbox 442 2795 557 2847; x_wconf 90' lang='lat' dir='ltr'>Deo</span> <span class='ocrx_word' id='word_1_196' title='bbox 598 2810 655 2846; x_wconf 90' lang='lat' dir='ltr'>se</span> <span class='ocrx_word' id='word_1_197' title='bbox 688 2793 893 2847; x_wconf 90' lang='lat' dir='ltr'>debere</span> <span class='ocrx_word' id='word_1_198' title='bbox 942 2793 1352 2863; x_wconf 84' lang='lat' dir='ltr'>intelligerent,</span> <span class='ocrx_word' id='word_1_199' title='bbox 1413 2794 1637 2848; x_wconf 88' lang='lat' dir='ltr'>etiamsi</span> <span class='ocrx_word' id='word_1_200' title='bbox 1684 2794 1902 2864; x_wconf 87' lang='lat' dir='ltr'>aliquid</span> 
     </span>
    </p>
   </div>
   <div class='ocr_carea' id='block_1_30' title="bbox 208 2881 1902 2953">
    <p class='ocr_par' dir='ltr' id='par_1_30' title="bbox 208 2881 1902 2953">
     <span class='ocr_line' id='line_1_30' title="bbox 208 2881 1902 2953; baseline -0.001 -16"><span class='ocrx_word' id='word_1_201' title='bbox 208 2884 443 2938; x_wconf 89' lang='lat' dir='ltr'>inferius</span> <span class='ocrx_word' id='word_1_202' title='bbox 474 2899 567 2937; x_wconf 90' lang='lat' dir='ltr'>eos</span> <span class='ocrx_word' id='word_1_203' title='bbox 607 2881 880 2936; x_wconf 88' lang='lat' dir='ltr'>voluisset</span> <span class='ocrx_word' id='word_1_204' title='bbox 937 2899 1057 2936; x_wconf 90' lang='lat' dir='ltr'>esse</span> <span class='ocrx_word' id='word_1_205' title='bbox 1089 2899 1259 2953; x_wconf 91' lang='lat' dir='ltr'>quam</span> <span class='ocrx_word' id='word_1_206' title='bbox 1316 2888 1464 2947; x_wconf 90' lang='lat' dir='ltr'>sunt,</span> <span class='ocrx_word' id='word_1_207' title='bbox 1523 2882 1902 2953; x_wconf 88' lang='lat' dir='ltr'>omnibusque</span> 
     </span>
    </p>
   </div>
   <div class='ocr_carea' id='block_1_31' title="bbox 208 2969 1903 3037">
    <p class='ocr_par' dir='ltr' id='par_1_31' title="bbox 208 2969 1903 3037">
     <span class='ocr_line' id='line_1_31' title="bbox 208 2969 1903 3037; baseline -0.001 -12"><span class='ocrx_word' id='word_1_208' title='bbox 208 2970 425 3025; x_wconf 89' lang='lat' dir='ltr'>ossibus</span> <span class='ocrx_word' id='word_1_209' title='bbox 460 2975 516 3024; x_wconf 87' lang='lat' dir='ltr'>et</span> <span class='ocrx_word' id='word_1_210' title='bbox 540 2969 804 3024; x_wconf 87' lang='lat' dir='ltr'>medullis</span> <span class='ocrx_word' id='word_1_211' title='bbox 830 2969 1191 3024; x_wconf 69' lang='lat' dir='ltr'>conscientia:</span> <span class='ocrx_word' id='word_1_212' title='bbox 1223 2986 1341 3024; x_wconf 82' lang='lat' dir='ltr'>suae</span> <span class='ocrx_word' id='word_1_213' title='bbox 1385 2971 1701 3024; x_wconf 86' lang='lat' dir='ltr'>clamarent</span> <span class='ocrx_word' id='word_1_214' title='bbox 1733 2986 1745 3024; x_wconf 93' lang='lat'><strong>:</strong></span> <span class='ocrx_word' id='word_1_215' title='bbox 1790 2974 1903 3037; x_wconf 80' lang='lat' dir='ltr'>Ego</span> 
     </span>
    </p>
   </div>
   <div class='ocr_carea' id='block_1_32' title="bbox 207 3059 1903 3128">
    <p class='ocr_par' dir='ltr' id='par_1_32' title="bbox 207 3059 1903 3128">
     <span class='ocr_line' id='line_1_32' title="bbox 207 3059 1903 3128; baseline -0.001 -16"><span class='ocrx_word' id='word_1_216' title='bbox 207 3059 347 3126; x_wconf 64' lang='lat' dir='ltr'>diri,</span> <span class='ocrx_word' id='word_1_217' title='bbox 375 3062 611 3125; x_wconf 76' lang='lat' dir='ltr'>Domine,</span> <span class='ocrx_word' id='word_1_218' title='bbox 646 3061 900 3113; x_wconf 74' lang='lat' dir='ltr'>miserere</span> <span class='ocrx_word' id='word_1_219' title='bbox 926 3060 1048 3125; x_wconf 82' lang='lat' dir='ltr'>mei,</span> <span class='ocrx_word' id='word_1_220' title='bbox 1080 3074 1213 3113; x_wconf 79' lang='lat' dir='ltr'>cura</span> <span class='ocrx_word' id='word_1_221' title='bbox 1260 3061 1501 3113; x_wconf 82' lang='lat' dir='ltr'>animam</span> <span class='ocrx_word' id='word_1_222' title='bbox 1547 3075 1738 3125; x_wconf 85' lang='lat' dir='ltr'>meam,</span> <span class='ocrx_word' id='word_1_223' title='bbox 1775 3061 1903 3128; x_wconf 69' lang='lat' dir='ltr'>quia</span> 
     </span>
    </p>
   </div>
   <div class='ocr_carea' id='block_1_33' title="bbox 200 3146 1904 3218">
    <p class='ocr_par' dir='ltr' id='par_1_33' title="bbox 200 3146 1904 3218">
     <span class='ocr_line' id='line_1_33' title="bbox 200 3146 1904 3218; baseline 0 -17"><span class='ocrx_word' id='word_1_224' title='bbox 200 3149 425 3218; x_wconf 76' lang='lat' dir='ltr'>peccavi</span> <span class='ocrx_word' id='word_1_225' title='bbox 455 3147 555 3200; x_wconf 77' lang='lat' dir='ltr'>tibi</span> <span class='ocrx_word' id='word_1_226' title='bbox 574 3147 741 3216; x_wconf 88' lang='lat' dir='ltr'>(Psal.</span> <span class='ocrx_word' id='word_1_227' title='bbox 776 3163 864 3215; x_wconf 81' lang='lat' dir='ltr'>Lx,</span> <span class='ocrx_word' id='word_1_228' title='bbox 898 3147 951 3213; x_wconf 82' lang='grc'>5)</span> <span class='ocrx_word' id='word_1_229' title='bbox 987 3162 1000 3199; x_wconf 90' lang='lat'><strong>:</strong></span> <span class='ocrx_word' id='word_1_230' title='bbox 1032 3146 1111 3200; x_wconf 91' lang='lat' dir='ltr'>ita</span> <span class='ocrx_word' id='word_1_231' title='bbox 1140 3147 1306 3201; x_wconf 85' lang='lat' dir='ltr'>certis</span> <span class='ocrx_word' id='word_1_232' title='bbox 1345 3147 1647 3201; x_wconf 83' lang='lat' dir='ltr'>itineribus</span> <span class='ocrx_word' id='word_1_233' title='bbox 1698 3148 1904 3202; x_wconf 71' lang='lat' dir='ltr'>divina:</span> 
     </span>
    </p>
   </div>
   <div class='ocr_carea' id='block_1_34' title="bbox 207 3234 1907 3307">
    <p class='ocr_par' dir='ltr' id='par_1_34' title="bbox 207 3234 1907 3307">
     <span class='ocr_line' id='line_1_34' title="bbox 207 3234 1907 3307; baseline -0.001 -17"><span class='ocrx_word' id='word_1_234' title='bbox 207 3235 610 3290; x_wconf 56' lang='lat' dir='ltr'>misericordia</span> <span class='ocrx_word' id='word_1_235' title='bbox 641 3234 700 3287; x_wconf 91' lang='lat' dir='ltr'>in</span> <span class='ocrx_word' id='word_1_236' title='bbox 725 3234 1063 3305; x_wconf 83' lang='lat' dir='ltr'>sapientiam</span> <span class='ocrx_word' id='word_1_237' title='bbox 1091 3234 1453 3302; x_wconf 90' lang='lat' dir='ltr'>ducerentur,</span> <span class='ocrx_word' id='word_1_238' title='bbox 1485 3242 1550 3291; x_wconf 90' lang='lat' dir='ltr'>ut</span> <span class='ocrx_word' id='word_1_239' title='bbox 1578 3252 1765 3307; x_wconf 83' lang='lat' dir='ltr'>neque</span> <span class='ocrx_word' id='word_1_240' title='bbox 1816 3236 1907 3289; x_wconf 91' lang='lat' dir='ltr'>in-</span> 
     </span>
    </p>
   </div>
   <div class='ocr_carea' id='block_1_35' title="bbox 204 3323 1907 3394">
    <p class='ocr_par' dir='ltr' id='par_1_35' title="bbox 204 3323 1907 3394">
     <span class='ocr_line' id='line_1_35' title="bbox 204 3323 1907 3394; baseline 0 -15"><span class='ocrx_word' id='word_1_241' title='bbox 204 3324 387 3379; x_wconf 87' lang='lat' dir='ltr'>ventis</span> <span class='ocrx_word' id='word_1_242' title='bbox 418 3324 586 3378; x_wconf 87' lang='lat' dir='ltr'>rebus</span> <span class='ocrx_word' id='word_1_243' title='bbox 614 3323 818 3391; x_wconf 84' lang='lat' dir='ltr'>inilati,</span> <span class='ocrx_word' id='word_1_244' title='bbox 853 3340 1038 3394; x_wconf 88' lang='lat' dir='ltr'>neque</span> <span class='ocrx_word' id='word_1_245' title='bbox 1073 3340 1188 3378; x_wconf 92' lang='lat' dir='ltr'>non</span> <span class='ocrx_word' id='word_1_246' title='bbox 1206 3323 1451 3379; x_wconf 90' lang='lat' dir='ltr'>inventis</span> <span class='ocrx_word' id='word_1_247' title='bbox 1480 3325 1815 3391; x_wconf 89' lang='lat' dir='ltr'>turbulenti,</span> <span class='ocrx_word' id='word_1_248' title='bbox 1852 3331 1907 3379; x_wconf 90' lang='lat' dir='ltr'>et</span> 
     </span>
    </p>
   </div>
   <div class='ocr_carea' id='block_1_36' title="bbox 204 3412 1908 3484">
    <p class='ocr_par' dir='ltr' id='par_1_36' title="bbox 204 3412 1908 3484">
     <span class='ocr_line' id='line_1_36' title="bbox 204 3412 1908 3484; baseline 0 -16"><span class='ocrx_word' id='word_1_249' title='bbox 204 3413 602 3484; x_wconf 86' lang='lat' dir='ltr'>cognoscendo</span> <span class='ocrx_word' id='word_1_250' title='bbox 632 3412 1023 3466; x_wconf 87' lang='lat' dir='ltr'>instructiores</span> <span class='ocrx_word' id='word_1_251' title='bbox 1070 3413 1275 3467; x_wconf 89' lang='lat' dir='ltr'>ﬁerent</span> <span class='ocrx_word' id='word_1_252' title='bbox 1329 3414 1401 3467; x_wconf 90' lang='lat' dir='ltr'>ad</span> <span class='ocrx_word' id='word_1_253' title='bbox 1452 3413 1759 3468; x_wconf 90' lang='lat' dir='ltr'>videndum</span> <span class='ocrx_word' id='word_1_254' title='bbox 1776 3418 1815 3481; x_wconf 74' lang='grc'>³,</span> <span class='ocrx_word' id='word_1_255' title='bbox 1852 3419 1908 3469; x_wconf 90' lang='lat' dir='ltr'>et</span> 
     </span>
    </p>
   </div>
   <div class='ocr_carea' id='block_1_37' title="bbox 158 3501 1906 3587">
    <p class='ocr_par' dir='ltr' id='par_1_37' title="bbox 158 3501 1906 3587">
     <span class='ocr_line' id='line_1_37' title="bbox 158 3501 1906 3587; baseline -0.002 -28"><span class='ocrx_word' id='word_1_256' title='bbox 158 3568 170 3587; x_wconf 40' lang='grc' dir='ltr'><strong><em>Ι</em></strong></span> <span class='ocrx_word' id='word_1_257' title='bbox 203 3505 281 3559; x_wconf 91' lang='lat' dir='ltr'>ad</span> <span class='ocrx_word' id='word_1_258' title='bbox 311 3503 684 3574; x_wconf 83' lang='lat' dir='ltr'>quaerendum</span> <span class='ocrx_word' id='word_1_259' title='bbox 711 3501 1030 3572; x_wconf 87' lang='lat' dir='ltr'>ignorando</span> <span class='ocrx_word' id='word_1_260' title='bbox 1058 3502 1331 3557; x_wconf 92' lang='lat' dir='ltr'>mitiores.</span> <span class='ocrx_word' id='word_1_261' title='bbox 1366 3502 1491 3556; x_wconf 87' lang='lat' dir='ltr'>Tibi</span> <span class='ocrx_word' id='word_1_262' title='bbox 1510 3520 1640 3557; x_wconf 88' lang='lat' dir='ltr'>vero</span> <span class='ocrx_word' id='word_1_263' title='bbox 1671 3505 1760 3557; x_wconf 91' lang='lat' dir='ltr'>cui</span> <span class='ocrx_word' id='word_1_264' title='bbox 1787 3504 1906 3575; x_wconf 91' lang='lat' dir='ltr'>jam</span> 
     </span>
    </p>
   </div>
   <div class='ocr_carea' id='block_1_38' title="bbox 198 3591 1900 3663">
    <p class='ocr_par' dir='ltr' id='par_1_38' title="bbox 198 3591 1900 3663">
     <span class='ocr_line' id='line_1_38' title="bbox 198 3591 1900 3663; baseline -0.001 -15"><span class='ocrx_word' id='word_1_265' title='bbox 198 3594 313 3649; x_wconf 89' lang='lat' dir='ltr'>hoc</span> <span class='ocrx_word' id='word_1_266' title='bbox 337 3607 675 3663; x_wconf 88' lang='lat' dir='ltr'>persuasum</span> <span class='ocrx_word' id='word_1_267' title='bbox 705 3607 824 3645; x_wconf 89' lang='lat' dir='ltr'>esse</span> <span class='ocrx_word' id='word_1_268' title='bbox 856 3606 973 3645; x_wconf 91' lang='lat' dir='ltr'>non</span> <span class='ocrx_word' id='word_1_269' title='bbox 1005 3591 1224 3658; x_wconf 88' lang='lat' dir='ltr'>dubito,</span> <span class='ocrx_word' id='word_1_270' title='bbox 1258 3591 1383 3645; x_wconf 89' lang='lat' dir='ltr'>vide</span> <span class='ocrx_word' id='word_1_271' title='bbox 1416 3608 1590 3662; x_wconf 89' lang='lat' dir='ltr'>quam</span> <span class='ocrx_word' id='word_1_272' title='bbox 1620 3592 1784 3646; x_wconf 89' lang='lat' dir='ltr'>facile</span> <span class='ocrx_word' id='word_1_273' title='bbox 1832 3593 1900 3647; x_wconf 92' lang='lat' dir='ltr'>de</span> 
     </span>
    </p>
   </div>
   <div class='ocr_carea' id='block_1_39' title="bbox 196 3679 1906 3752">
    <p class='ocr_par' dir='ltr' id='par_1_39' title="bbox 196 3679 1906 3752">
     <span class='ocr_line' id='line_1_39' title="bbox 196 3679 1906 3752; baseline 0.001 -18"><span class='ocrx_word' id='word_1_274' title='bbox 196 3686 323 3735; x_wconf 88' lang='lat' dir='ltr'>tam</span> <span class='ocrx_word' id='word_1_275' title='bbox 354 3697 563 3751; x_wconf 85' lang='lat' dir='ltr'>magna</span> <span class='ocrx_word' id='word_1_276' title='bbox 592 3679 907 3751; x_wconf 68' lang='lat' dir='ltr'>quaestione</span> <span class='ocrx_word' id='word_1_277' title='bbox 966 3680 1367 3751; x_wconf 87' lang='lat' dir='ltr'>respondeam,</span> <span class='ocrx_word' id='word_1_278' title='bbox 1410 3697 1537 3736; x_wconf 90' lang='lat' dir='ltr'>cum</span> <span class='ocrx_word' id='word_1_279' title='bbox 1573 3681 1717 3735; x_wconf 90' lang='lat' dir='ltr'>mihi</span> <span class='ocrx_word' id='word_1_280' title='bbox 1742 3681 1906 3752; x_wconf 91' lang='lat' dir='ltr'>prior</span> 
     </span>
    </p>
   </div>
   <div class='ocr_carea' id='block_1_40' title="bbox 197 3769 1203 3840">
    <p class='ocr_par' dir='ltr' id='par_1_40' title="bbox 197 3769 1203 3840">
     <span class='ocr_line' id='line_1_40' title="bbox 197 3769 1203 3840; baseline 0 -17"><span class='ocrx_word' id='word_1_281' title='bbox 197 3769 587 3839; x_wconf 83' lang='lat' dir='ltr'>interroganti</span> <span class='ocrx_word' id='word_1_282' title='bbox 617 3786 797 3840; x_wconf 90' lang='lat' dir='ltr'>pauca</span> <span class='ocrx_word' id='word_1_283' title='bbox 820 3769 1203 3839; x_wconf 89' lang='lat' dir='ltr'>responderis.</span> 
     </span>
    </p>
   </div>
   <div class='ocr_carea' id='block_1_41' title="bbox 198 3876 1904 3946">
    <p class='ocr_par' dir='ltr' id='par_1_41' title="bbox 198 3876 1904 3946">
     <span class='ocr_line' id='line_1_41' title="bbox 198 3876 1904 3946; baseline 0 -15"><span class='ocrx_word' id='word_1_284' title='bbox 198 3877 435 3931; x_wconf 74' lang='lat' dir='ltr'>CAPUT</span> <span class='ocrx_word' id='word_1_285' title='bbox 458 3876 554 3931; x_wconf 91' lang='lat' dir='ltr'>III.</span> <span class='ocrx_word' id='word_1_286' title='bbox 586 3905 656 3915; x_wconf 94' lang='lat'><strong><em>—</em></strong></span> <span class='ocrx_word' id='word_1_287' title='bbox 684 3878 780 3930; x_wconf 77' lang='lat' dir='ltr'>Dei</span> <span class='ocrx_word' id='word_1_288' title='bbox 811 3878 1157 3945; x_wconf 70' lang='lat' dir='ltr'>praescientia</span> <span class='ocrx_word' id='word_1_289' title='bbox 1207 3892 1312 3931; x_wconf 80' lang='lat' dir='ltr'>non</span> <span class='ocrx_word' id='word_1_290' title='bbox 1344 3879 1513 3946; x_wconf 80' lang='lat' dir='ltr'>efﬁcit</span> <span class='ocrx_word' id='word_1_291' title='bbox 1566 3882 1626 3932; x_wconf 85' lang='lat' dir='ltr'>ut</span> <span class='ocrx_word' id='word_1_292' title='bbox 1672 3892 1779 3933; x_wconf 82' lang='lat' dir='ltr'>non</span> <span class='ocrx_word' id='word_1_293' title='bbox 1836 3878 1904 3931; x_wconf 78' lang='lat' dir='ltr'>li-</span> 
     </span>
    </p>
   </div>
   <div class='ocr_carea' id='block_1_42' title="bbox 671 3966 1446 4036">
    <p class='ocr_par' dir='ltr' id='par_1_42' title="bbox 671 3966 1446 4036">
     <span class='ocr_line' id='line_1_42' title="bbox 671 3966 1446 4036; baseline 0.004 -18"><span class='ocrx_word' id='word_1_294' title='bbox 671 3966 798 4019; x_wconf 81' lang='lat' dir='ltr'>bera</span> <span class='ocrx_word' id='word_1_295' title='bbox 841 3966 1115 4021; x_wconf 79' lang='lat' dir='ltr'>voluntate</span> <span class='ocrx_word' id='word_1_296' title='bbox 1150 3982 1446 4036; x_wconf 81' lang='lat' dir='ltr'>peccemus.</span> 
     </span>
    </p>
   </div>
   <div class='ocr_carea' id='block_1_43' title="bbox 275 4071 1905 4143">
    <p class='ocr_par' dir='ltr' id='par_1_43' title="bbox 275 4071 1905 4143">
     <span class='ocr_line' id='line_1_43' title="bbox 275 4071 1905 4143; baseline -0.001 -16"><span class='ocrx_word' id='word_1_297' title='bbox 275 4077 307 4127; x_wconf 87' lang='lat'>6</span> <span class='ocrx_word' id='word_1_298' title='bbox 324 4114 336 4125; x_wconf 92' lang='lat'>.</span> <span class='ocrx_word' id='word_1_299' title='bbox 377 4072 543 4127; x_wconf 88' lang='lat' dir='ltr'>Certe</span> <span class='ocrx_word' id='word_1_300' title='bbox 559 4071 830 4126; x_wconf 89' lang='lat' dir='ltr'>enimhoc</span> <span class='ocrx_word' id='word_1_301' title='bbox 849 4076 898 4126; x_wconf 89' lang='lat' dir='ltr'>te</span> <span class='ocrx_word' id='word_1_302' title='bbox 913 4078 1119 4137; x_wconf 86' lang='lat' dir='ltr'>movet,</span> <span class='ocrx_word' id='word_1_303' title='bbox 1144 4077 1198 4126; x_wconf 86' lang='lat' dir='ltr'>et</span> <span class='ocrx_word' id='word_1_304' title='bbox 1217 4074 1323 4126; x_wconf 91' lang='lat' dir='ltr'>hoc</span> <span class='ocrx_word' id='word_1_305' title='bbox 1347 4073 1590 4141; x_wconf 86' lang='lat' dir='ltr'>miraris,</span> <span class='ocrx_word' id='word_1_306' title='bbox 1619 4073 1905 4143; x_wconf 89' lang='lat' dir='ltr'>quomodo</span> 
     </span>
    </p>
   </div>
   <div class='ocr_carea' id='block_1_44' title="bbox 192 4161 1907 4232">
    <p class='ocr_par' dir='ltr' id='par_1_44' title="bbox 192 4161 1907 4232">
     <span class='ocr_line' id='line_1_44' title="bbox 192 4161 1907 4232; baseline 0 -17"><span class='ocrx_word' id='word_1_307' title='bbox 192 4177 322 4215; x_wconf 87' lang='lat' dir='ltr'>non</span> <span class='ocrx_word' id='word_1_308' title='bbox 354 4161 470 4214; x_wconf 88' lang='lat' dir='ltr'>sint</span> <span class='ocrx_word' id='word_1_309' title='bbox 498 4161 781 4215; x_wconf 89' lang='lat' dir='ltr'>contraria</span> <span class='ocrx_word' id='word_1_310' title='bbox 806 4166 863 4215; x_wconf 90' lang='lat' dir='ltr'>et</span> <span class='ocrx_word' id='word_1_311' title='bbox 889 4162 1293 4231; x_wconf 85' lang='lat' dir='ltr'>repugnantia,</span> <span class='ocrx_word' id='word_1_312' title='bbox 1318 4166 1447 4215; x_wconf 91' lang='lat' dir='ltr'>utet</span> <span class='ocrx_word' id='word_1_313' title='bbox 1470 4163 1615 4214; x_wconf 91' lang='lat' dir='ltr'>Deus</span> <span class='ocrx_word' id='word_1_314' title='bbox 1638 4162 1907 4232; x_wconf 65' lang='lat' dir='ltr'>praescius</span> 
     </span>
    </p>
   </div>
   <div class='ocr_carea' id='block_1_45' title="bbox 190 4249 1907 4323">
    <p class='ocr_par' dir='ltr' id='par_1_45' title="bbox 190 4249 1907 4323">
     <span class='ocr_line' id='line_1_45' title="bbox 190 4249 1907 4323; baseline -0.001 -19"><span class='ocrx_word' id='word_1_315' title='bbox 190 4250 278 4304; x_wconf 87' lang='lat' dir='ltr'>sit</span> <span class='ocrx_word' id='word_1_316' title='bbox 311 4249 576 4304; x_wconf 89' lang='lat' dir='ltr'>omnium</span> <span class='ocrx_word' id='word_1_317' title='bbox 604 4250 947 4315; x_wconf 88' lang='lat' dir='ltr'>futurorum,</span> <span class='ocrx_word' id='word_1_318' title='bbox 1004 4255 1061 4303; x_wconf 92' lang='lat' dir='ltr'>et</span> <span class='ocrx_word' id='word_1_319' title='bbox 1108 4265 1210 4303; x_wconf 90' lang='lat' dir='ltr'>nos</span> <span class='ocrx_word' id='word_1_320' title='bbox 1258 4265 1375 4304; x_wconf 94' lang='lat' dir='ltr'>non</span> <span class='ocrx_word' id='word_1_321' title='bbox 1425 4250 1907 4323; x_wconf 25' lang='lat' dir='ltr'>necessitate,.scd</span> 
     </span>
    </p>
   </div>
   <div class='ocr_carea' id='block_1_46' title="bbox 189 4338 1908 4409">
    <p class='ocr_par' dir='ltr' id='par_1_46' title="bbox 189 4338 1908 4409">
     <span class='ocr_line' id='line_1_46' title="bbox 189 4338 1908 4409; baseline -0.001 -17"><span class='ocrx_word' id='word_1_322' title='bbox 189 4339 503 4393; x_wconf 79' lang='lat' dir='ltr'>voluntate</span> <span class='ocrx_word' id='word_1_323' title='bbox 529 4355 846 4409; x_wconf 86' lang='lat' dir='ltr'>peccemus.</span> <span class='ocrx_word' id='word_1_324' title='bbox 884 4338 941 4393; x_wconf 90' lang='lat' dir='ltr'>Si</span> <span class='ocrx_word' id='word_1_325' title='bbox 973 4338 1127 4391; x_wconf 91' lang='lat' dir='ltr'>enim</span> <span class='ocrx_word' id='word_1_326' title='bbox 1154 4338 1424 4409; x_wconf 82' lang='lat' dir='ltr'>praescius</span> <span class='ocrx_word' id='word_1_327' title='bbox 1480 4343 1565 4392; x_wconf 89' lang='lat' dir='ltr'>est</span> <span class='ocrx_word' id='word_1_328' title='bbox 1616 4340 1785 4405; x_wconf 90' lang='lat' dir='ltr'>Deus,</span> <span class='ocrx_word' id='word_1_329' title='bbox 1818 4338 1908 4391; x_wconf 91' lang='lat' dir='ltr'>in-</span> 
     </span>
    </p>
   </div>
   <div class='ocr_carea' id='block_1_47' title="bbox 187 4427 1906 4498">
    <p class='ocr_par' dir='ltr' id='par_1_47' title="bbox 187 4427 1906 4498">
     <span class='ocr_line' id='line_1_47' title="bbox 187 4427 1906 4498; baseline 0.001 -18"><span class='ocrx_word' id='word_1_330' title='bbox 187 4428 354 4498; x_wconf 85' lang='lat' dir='ltr'>quis,</span> <span class='ocrx_word' id='word_1_331' title='bbox 387 4433 754 4497; x_wconf 89' lang='lat' dir='ltr'>peccaturum</span> <span class='ocrx_word' id='word_1_332' title='bbox 786 4444 906 4482; x_wconf 90' lang='lat' dir='ltr'>esse</span> <span class='ocrx_word' id='word_1_333' title='bbox 938 4427 1252 4494; x_wconf 88' lang='lat' dir='ltr'>hominem,</span> <span class='ocrx_word' id='word_1_334' title='bbox 1286 4442 1511 4480; x_wconf 89' lang='lat' dir='ltr'>necesse</span> <span class='ocrx_word' id='word_1_335' title='bbox 1554 4432 1638 4480; x_wconf 91' lang='lat' dir='ltr'>est</span> <span class='ocrx_word' id='word_1_336' title='bbox 1666 4432 1728 4480; x_wconf 91' lang='lat' dir='ltr'>ut</span> <span class='ocrx_word' id='word_1_337' title='bbox 1769 4444 1906 4497; x_wconf 89' lang='lat' dir='ltr'>pec-</span> 
     </span>
    </p>
   </div>
   <div class='ocr_carea' id='block_1_48' title="bbox 183 4515 1906 4587">
    <p class='ocr_par' dir='ltr' id='par_1_48' title="bbox 183 4515 1906 4587">
     <span class='ocr_line' id='line_1_48' title="bbox 183 4515 1906 4587; baseline -0.001 -17"><span class='ocrx_word' id='word_1_338' title='bbox 183 4521 291 4570; x_wconf 81' lang='lat' dir='ltr'>cet</span> <span class='ocrx_word' id='word_1_339' title='bbox 327 4532 341 4570; x_wconf 89' lang='lat'>:</span> <span class='ocrx_word' id='word_1_340' title='bbox 378 4516 427 4570; x_wconf 91' lang='lat' dir='ltr'>si</span> <span class='ocrx_word' id='word_1_341' title='bbox 455 4521 645 4571; x_wconf 89' lang='lat' dir='ltr'>autem</span> <span class='ocrx_word' id='word_1_342' title='bbox 676 4533 903 4570; x_wconf 89' lang='lat' dir='ltr'>necesse</span> <span class='ocrx_word' id='word_1_343' title='bbox 931 4521 1035 4585; x_wconf 89' lang='lat' dir='ltr'>est,</span> <span class='ocrx_word' id='word_1_344' title='bbox 1067 4532 1187 4570; x_wconf 92' lang='lat' dir='ltr'>non</span> <span class='ocrx_word' id='word_1_345' title='bbox 1234 4531 1370 4587; x_wconf 86' lang='lat' dir='ltr'>ergo</span> <span class='ocrx_word' id='word_1_346' title='bbox 1420 4520 1507 4569; x_wconf 91' lang='lat' dir='ltr'>est</span> <span class='ocrx_word' id='word_1_347' title='bbox 1535 4515 1594 4569; x_wconf 91' lang='lat' dir='ltr'>in</span> <span class='ocrx_word' id='word_1_348' title='bbox 1624 4518 1906 4585; x_wconf 89' lang='lat' dir='ltr'>peccando</span> 
     </span>
    </p>
   </div>
   <div class='ocr_carea' id='block_1_49' title="bbox 181 4604 1909 4675">
    <p class='ocr_par' dir='ltr' id='par_1_49' title="bbox 181 4604 1909 4675">
     <span class='ocr_line' id='line_1_49' title="bbox 181 4604 1909 4675; baseline 0.001 -17"><span class='ocrx_word' id='word_1_349' title='bbox 181 4604 521 4659; x_wconf 85' lang='lat' dir='ltr'>voluntatis</span> <span class='ocrx_word' id='word_1_350' title='bbox 551 4606 875 4670; x_wconf 89' lang='lat' dir='ltr'>arbitrium,</span> <span class='ocrx_word' id='word_1_351' title='bbox 908 4606 1005 4659; x_wconf 82' lang='lat' dir='ltr'>sed</span> <span class='ocrx_word' id='word_1_352' title='bbox 1026 4606 1217 4675; x_wconf 89' lang='lat' dir='ltr'>potius</span> <span class='ocrx_word' id='word_1_353' title='bbox 1248 4604 1588 4659; x_wconf 85' lang='lat' dir='ltr'>inevitabilis</span> <span class='ocrx_word' id='word_1_354' title='bbox 1611 4610 1667 4658; x_wconf 88' lang='lat' dir='ltr'>et</span> <span class='ocrx_word' id='word_1_355' title='bbox 1687 4605 1799 4659; x_wconf 80' lang='lat' dir='ltr'>ﬁxa</span> <span class='ocrx_word' id='word_1_356' title='bbox 1812 4622 1909 4659; x_wconf 90' lang='lat' dir='ltr'>ne-</span> 
     </span>
    </p>
   </div>
   <div class='ocr_carea' id='block_1_50' title="bbox 178 4694 1904 4759">
    <p class='ocr_par' dir='ltr' id='par_1_50' title="bbox 178 4694 1904 4759">
     <span class='ocr_line' id='line_1_50' title="bbox 178 4694 1904 4759; baseline -0.001 -10"><span class='ocrx_word' id='word_1_357' title='bbox 178 4695 456 4749; x_wconf 87' lang='lat' dir='ltr'>cessitas.</span> <span class='ocrx_word' id='word_1_358' title='bbox 490 4695 611 4759; x_wconf 92' lang='lat' dir='ltr'>Qua</span> <span class='ocrx_word' id='word_1_359' title='bbox 639 4694 1075 4748; x_wconf 88' lang='lat' dir='ltr'>ratiocinatione</span> <span class='ocrx_word' id='word_1_360' title='bbox 1104 4695 1210 4747; x_wconf 91' lang='lat' dir='ltr'>hoc</span> <span class='ocrx_word' id='word_1_361' title='bbox 1234 4694 1495 4748; x_wconf 84' lang='lat' dir='ltr'>videlicet</span> <span class='ocrx_word' id='word_1_362' title='bbox 1542 4709 1610 4747; x_wconf 92' lang='lat' dir='ltr'>ne</span> <span class='ocrx_word' id='word_1_363' title='bbox 1643 4694 1904 4747; x_wconf 87' lang='lat' dir='ltr'>conﬁcia-</span> 
     </span>
    </p>
   </div>
   <div class='ocr_carea' id='block_1_51' title="bbox 173 4782 1905 4853">
    <p class='ocr_par' dir='ltr' id='par_1_51' title="bbox 173 4782 1905 4853">
     <span class='ocr_line' id='line_1_51' title="bbox 173 4782 1905 4853; baseline -0.002 -14"><span class='ocrx_word' id='word_1_364' title='bbox 173 4790 289 4839; x_wconf 88' lang='lat' dir='ltr'>tur</span> <span class='ocrx_word' id='word_1_365' title='bbox 321 4785 515 4851; x_wconf 85' lang='lat' dir='ltr'>times,</span> <span class='ocrx_word' id='word_1_366' title='bbox 549 4789 613 4839; x_wconf 92' lang='lat' dir='ltr'>ut</span> <span class='ocrx_word' id='word_1_367' title='bbox 643 4790 740 4838; x_wconf 90' lang='lat' dir='ltr'>aut</span> <span class='ocrx_word' id='word_1_368' title='bbox 771 4786 919 4838; x_wconf 88' lang='lat' dir='ltr'>Deus</span> <span class='ocrx_word' id='word_1_369' title='bbox 948 4784 1274 4837; x_wconf 81' lang='lat' dir='ltr'>futurorum</span> <span class='ocrx_word' id='word_1_370' title='bbox 1322 4782 1584 4836; x_wconf 90' lang='lat' dir='ltr'>omnium</span> <span class='ocrx_word' id='word_1_371' title='bbox 1636 4782 1905 4853; x_wconf 69' lang='lat' dir='ltr'>praescius</span> 
     </span>
    </p>
   </div>
   <div class='ocr_carea' id='block_1_52' title="bbox 172 4872 1899 4944">
    <p class='ocr_par' dir='ltr' id='par_1_52' title="bbox 172 4872 1899 4944">
     <span class='ocr_line' id='line_1_52' title="bbox 172 4872 1899 4944; baseline -0.001 -17"><span class='ocrx_word' id='word_1_372' title='bbox 172 4873 380 4942; x_wconf 86' lang='lat' dir='ltr'>impie</span> <span class='ocrx_word' id='word_1_373' title='bbox 412 4879 675 4944; x_wconf 85' lang='lat' dir='ltr'>negetur,</span> <span class='ocrx_word' id='word_1_374' title='bbox 709 4878 808 4927; x_wconf 86' lang='lat' dir='ltr'>aut</span> <span class='ocrx_word' id='word_1_375' title='bbox 832 4872 879 4925; x_wconf 90' lang='lat' dir='ltr'>si</span> <span class='ocrx_word' id='word_1_376' title='bbox 908 4873 1016 4926; x_wconf 93' lang='lat' dir='ltr'>hoc</span> <span class='ocrx_word' id='word_1_377' title='bbox 1046 4888 1257 4942; x_wconf 88' lang='lat' dir='ltr'>negare</span> <span class='ocrx_word' id='word_1_378' title='bbox 1311 4888 1426 4926; x_wconf 93' lang='lat' dir='ltr'>non</span> <span class='ocrx_word' id='word_1_379' title='bbox 1454 4888 1776 4942; x_wconf 83' lang='lat' dir='ltr'>possumus,</span> <span class='ocrx_word' id='word_1_380' title='bbox 1828 4873 1899 4926; x_wconf 86' lang='lat' dir='ltr'>fa-</span> 
     </span>
    </p>
   </div>
   <div class='ocr_carea' id='block_1_53' title="bbox 168 4960 1905 5031">
    <p class='ocr_par' dir='ltr' id='par_1_53' title="bbox 168 4960 1905 5031">
     <span class='ocr_line' id='line_1_53' title="bbox 168 4960 1905 5031; baseline -0.002 -15"><span class='ocrx_word' id='word_1_381' title='bbox 168 4967 434 5016; x_wconf 85' lang='lat' dir='ltr'>teamur</span> <span class='ocrx_word' id='word_1_382' title='bbox 461 4979 575 5016; x_wconf 91' lang='lat' dir='ltr'>non</span> <span class='ocrx_word' id='word_1_383' title='bbox 623 4963 936 5026; x_wconf 85' lang='lat' dir='ltr'>voluntate,</span> <span class='ocrx_word' id='word_1_384' title='bbox 994 4962 1091 5015; x_wconf 90' lang='lat' dir='ltr'>sed</span> <span class='ocrx_word' id='word_1_385' title='bbox 1141 4960 1473 5014; x_wconf 86' lang='lat' dir='ltr'>necessitate</span> <span class='ocrx_word' id='word_1_386' title='bbox 1531 4960 1751 5031; x_wconf 87' lang='lat' dir='ltr'>peccari</span> <span class='ocrx_word' id='word_1_387' title='bbox 1785 4976 1797 5014; x_wconf 90' lang='lat'><strong>:</strong></span> <span class='ocrx_word' id='word_1_388' title='bbox 1831 4977 1905 5014; x_wconf 91' lang='lat' dir='ltr'>an</span> 
     </span>
    </p>
   </div>
   <div class='ocr_carea' id='block_1_54' title="bbox 167 5049 1904 5122">
    <p class='ocr_par' dir='ltr' id='par_1_54' title="bbox 167 5049 1904 5122">
     <span class='ocr_line' id='line_1_54' title="bbox 167 5049 1904 5122; baseline -0.001 -17"><span class='ocrx_word' id='word_1_389' title='bbox 167 5050 425 5122; x_wconf 86' lang='lat' dir='ltr'>aliquid</span> <span class='ocrx_word' id='word_1_390' title='bbox 446 5051 603 5105; x_wconf 89' lang='lat' dir='ltr'>aliud</span> <span class='ocrx_word' id='word_1_391' title='bbox 627 5056 681 5104; x_wconf 91' lang='lat' dir='ltr'>te</span> <span class='ocrx_word' id='word_1_392' title='bbox 710 5052 946 5104; x_wconf 85' lang='lat' dir='ltr'>movet?</span> <span class='ocrx_word' id='word_1_393' title='bbox 972 5053 1037 5105; x_wconf 87' lang='lat' dir='ltr'>E.</span> <span class='ocrx_word' id='word_1_394' title='bbox 1072 5049 1222 5104; x_wconf 85' lang='lat' dir='ltr'>Nihil</span> <span class='ocrx_word' id='word_1_395' title='bbox 1253 5049 1481 5103; x_wconf 90' lang='lat' dir='ltr'>interim</span> <span class='ocrx_word' id='word_1_396' title='bbox 1495 5050 1669 5103; x_wconf 91' lang='lat' dir='ltr'>aliud.</span> <span class='ocrx_word' id='word_1_397' title='bbox 1702 5051 1771 5103; x_wconf 80' lang='grc' dir='ltr'>Α.</span> <span class='ocrx_word' id='word_1_398' title='bbox 1797 5050 1904 5104; x_wconf 83' lang='lat' dir='ltr'>Res</span> 
     </span>
    </p>
   </div>
   <div class='ocr_carea' id='block_1_55' title="bbox 165 5138 1903 5210">
    <p class='ocr_par' dir='ltr' id='par_1_55' title="bbox 165 5138 1903 5210">
     <span class='ocr_line' id='line_1_55' title="bbox 165 5138 1903 5210; baseline -0.002 -15"><span class='ocrx_word' id='word_1_399' title='bbox 165 5156 337 5210; x_wconf 88' lang='lat' dir='ltr'>ergo</span> <span class='ocrx_word' id='word_1_400' title='bbox 370 5138 666 5192; x_wconf 87' lang='lat' dir='ltr'>universas</span> <span class='ocrx_word' id='word_1_401' title='bbox 680 5156 925 5209; x_wconf 89' lang='lat' dir='ltr'>quarum</span> <span class='ocrx_word' id='word_1_402' title='bbox 954 5142 1103 5193; x_wconf 90' lang='lat' dir='ltr'>Deus</span> <span class='ocrx_word' id='word_1_403' title='bbox 1132 5143 1215 5193; x_wconf 90' lang='lat' dir='ltr'>est</span> <span class='ocrx_word' id='word_1_404' title='bbox 1233 5139 1527 5209; x_wconf 65' lang='lat' dir='ltr'>praescius,</span> <span class='ocrx_word' id='word_1_405' title='bbox 1562 5156 1677 5193; x_wconf 89' lang='lat' dir='ltr'>non</span> <span class='ocrx_word' id='word_1_406' title='bbox 1707 5139 1903 5192; x_wconf 88' lang='lat' dir='ltr'>volun-</span> 
     </span>
    </p>
   </div>
   <div class='ocr_carea' id='block_1_56' title="bbox 164 5226 1899 5297">
    <p class='ocr_par' dir='ltr' id='par_1_56' title="bbox 164 5226 1899 5297">
     <span class='ocr_line' id='line_1_56' title="bbox 164 5226 1899 5297; baseline -0.001 -14"><span class='ocrx_word' id='word_1_407' title='bbox 164 5233 310 5283; x_wconf 86' lang='lat' dir='ltr'>tate</span> <span class='ocrx_word' id='word_1_408' title='bbox 347 5227 455 5282; x_wconf 88' lang='lat' dir='ltr'>sed</span> <span class='ocrx_word' id='word_1_409' title='bbox 492 5226 828 5281; x_wconf 88' lang='lat' dir='ltr'>necessitate</span> <span class='ocrx_word' id='word_1_410' title='bbox 860 5226 984 5280; x_wconf 88' lang='lat' dir='ltr'>ﬁeri</span> <span class='ocrx_word' id='word_1_411' title='bbox 1013 5231 1193 5297; x_wconf 88' lang='lat' dir='ltr'>putas.</span> <span class='ocrx_word' id='word_1_412' title='bbox 1245 5229 1307 5283; x_wconf 88' lang='lat' dir='ltr'>E.</span> <span class='ocrx_word' id='word_1_413' title='bbox 1345 5227 1589 5281; x_wconf 90' lang='lat' dir='ltr'>Omnino</span> <span class='ocrx_word' id='word_1_414' title='bbox 1630 5227 1710 5280; x_wconf 89' lang='lat' dir='ltr'>ita</span> <span class='ocrx_word' id='word_1_415' title='bbox 1739 5232 1899 5296; x_wconf 91' lang='lat' dir='ltr'>puto.</span> 
     </span>
    </p>
   </div>
   <div class='ocr_carea' id='block_1_57' title="bbox 247 5367 1903 5431">
    <p class='ocr_par' dir='ltr' id='par_1_57' title="bbox 247 5367 1903 5431">
     <span class='ocr_line' id='line_1_57' title="bbox 247 5367 1903 5431; baseline 0.001 -13"><span class='ocrx_word' id='word_1_416' title='bbox 247 5371 261 5403; x_wconf 76' lang='grc'>1</span> <span class='ocrx_word' id='word_1_417' title='bbox 309 5370 383 5418; x_wconf 93' lang='lat' dir='ltr'>In</span> <span class='ocrx_word' id='word_1_418' title='bbox 416 5369 539 5417; x_wconf 85' lang='lat' dir='ltr'>Mss.</span> <span class='ocrx_word' id='word_1_419' title='bbox 559 5367 947 5431; x_wconf 89' lang='lat' dir='ltr'>septemdecim,</span> <span class='ocrx_word' id='word_1_420' title='bbox 975 5367 1221 5418; x_wconf 79' lang='lat' dir='ltr'>Pulsanti</span> <span class='ocrx_word' id='word_1_421' title='bbox 1239 5367 1584 5420; x_wconf 81' lang='lat' dir='ltr'>vehementer</span> <span class='ocrx_word' id='word_1_422' title='bbox 1612 5370 1903 5419; x_wconf 72' lang='lat' dir='ltr'>misericor-</span> 
     </span>
    </p>
   </div>
   <div class='ocr_carea' id='block_1_58' title="bbox 159 5431 810 5488">
    <p class='ocr_par' dir='ltr' id='par_1_58' title="bbox 159 5431 810 5488">
     <span class='ocr_line' id='line_1_58' title="bbox 159 5431 810 5488; baseline -0.005 -7"><span class='ocrx_word' id='word_1_423' title='bbox 159 5431 345 5481; x_wconf 80' lang='lat' dir='ltr'>diam</span> <span class='ocrx_word' id='word_1_424' title='bbox 379 5434 491 5481; x_wconf 78' lang='lat' dir='ltr'>Det.</span> <span class='ocrx_word' id='word_1_425' title='bbox 517 5432 683 5488; x_wconf 73' lang='lat' dir='ltr'>Adsit,</span> <span class='ocrx_word' id='word_1_426' title='bbox 710 5435 810 5479; x_wconf 88' lang='lat' dir='ltr'>etc.</span> 
     </span>
    </p>
   </div>
   <div class='ocr_carea' id='block_1_59' title="bbox 246 5492 1898 5558">
    <p class='ocr_par' dir='ltr' id='par_1_59' title="bbox 246 5492 1898 5558">
     <span class='ocr_line' id='line_1_59' title="bbox 246 5492 1898 5558; baseline 0.001 -16"><span class='ocrx_word' id='word_1_427' title='bbox 246 5496 271 5526; x_wconf 70' lang='lat'><strong>9</strong></span> <span class='ocrx_word' id='word_1_428' title='bbox 309 5494 408 5558; x_wconf 75' lang='lat' dir='ltr'>Sic</span> <span class='ocrx_word' id='word_1_429' title='bbox 430 5494 479 5542; x_wconf 88' lang='lat' dir='ltr'>in</span> <span class='ocrx_word' id='word_1_430' title='bbox 511 5495 631 5558; x_wconf 78' lang='lat' dir='ltr'>Mss.</span> <span class='ocrx_word' id='word_1_431' title='bbox 666 5493 1056 5558; x_wconf 88' lang='lat' dir='ltr'>novem._Porro</span> <span class='ocrx_word' id='word_1_432' title='bbox 1082 5493 1135 5558; x_wconf 90' lang='lat' dir='ltr'>in</span> <span class='ocrx_word' id='word_1_433' title='bbox 1161 5492 1361 5557; x_wconf 89' lang='lat' dir='ltr'>aliquot</span> <span class='ocrx_word' id='word_1_434' title='bbox 1379 5494 1513 5553; x_wconf 89' lang='lat' dir='ltr'>aliis,</span> <span class='ocrx_word' id='word_1_435' title='bbox 1544 5497 1597 5544; x_wconf 90' lang='lat' dir='ltr'>et</span> <span class='ocrx_word' id='word_1_436' title='bbox 1616 5494 1754 5558; x_wconf 87' lang='lat' dir='ltr'>apud</span> <span class='ocrx_word' id='word_1_437' title='bbox 1776 5495 1898 5544; x_wconf 87' lang='lat' dir='ltr'>Bad.</span> 
     </span>
    </p>
   </div>
   <div class='ocr_carea' id='block_1_60' title="bbox 160 5554 1210 5616">
    <p class='ocr_par' dir='ltr' id='par_1_60' title="bbox 160 5554 1210 5616">
     <span class='ocr_line' id='line_1_60' title="bbox 160 5554 1210 5616; baseline 0.001 -13"><span class='ocrx_word' id='word_1_438' title='bbox 160 5556 270 5603; x_wconf 87' lang='lat' dir='ltr'>Er.</span> <span class='ocrx_word' id='word_1_439' title='bbox 312 5561 373 5604; x_wconf 87' lang='lat' dir='ltr'>et</span> <span class='ocrx_word' id='word_1_440' title='bbox 394 5557 521 5605; x_wconf 87' lang='lat' dir='ltr'>Lov.</span> <span class='ocrx_word' id='word_1_441' title='bbox 549 5557 788 5616; x_wconf 86' lang='lat' dir='ltr'>habetur,</span> <span class='ocrx_word' id='word_1_442' title='bbox 816 5554 887 5606; x_wconf 86' lang='lat' dir='ltr'>ad</span> <span class='ocrx_word' id='word_1_443' title='bbox 906 5557 1210 5605; x_wconf 73' lang='lat' dir='ltr'>vivendum.</span> 
     </span>
    </p>
   </div>
   <div class='ocr_carea' id='block_1_61' title="bbox 1653 271 2242 329">
    <p class='ocr_par' dir='ltr' id='par_1_61' title="bbox 1653 271 2242 329">
     <span class='ocr_line' id='line_1_61' title="bbox 1653 271 2242 329; baseline -0.005 0"><span class='ocrx_word' id='word_1_444' title='bbox 1653 275 1863 329; x_wconf 77' lang='lat' dir='ltr'>LIBER</span> <span class='ocrx_word' id='word_1_445' title='bbox 1921 271 2242 328; x_wconf 79' lang='lat' dir='ltr'>TERTIUS.</span> 
     </span>
    </p>
   </div>
   <div class='ocr_carea' id='block_1_62' title="bbox 3558 273 3692 325">
    <p class='ocr_par' dir='ltr' id='par_1_62' title="bbox 3558 273 3692 325">
     <span class='ocr_line' id='line_1_62' title="bbox 3558 273 3692 325; baseline 0.007 -1"><span class='ocrx_word' id='word_1_446' title='bbox 3558 273 3692 325; x_wconf 77' lang='grc'>1274</span> 
     </span>
    </p>
   </div>
   <div class='ocr_carea' id='block_1_63' title="bbox 2003 397 3689 469">
    <p class='ocr_par' dir='ltr' id='par_1_63' title="bbox 2003 397 3689 469">
     <span class='ocr_line' id='line_1_63' title="bbox 2003 397 3689 469; baseline -0.001 -16"><span class='ocrx_word' id='word_1_447' title='bbox 2003 399 2074 453; x_wconf 85' lang='grc' dir='ltr'>Α.</span> <span class='ocrx_word' id='word_1_448' title='bbox 2114 397 2510 469; x_wconf 84' lang='lat' dir='ltr'>Expergiscere</span> <span class='ocrx_word' id='word_1_449' title='bbox 2569 398 2821 467; x_wconf 85' lang='lat' dir='ltr'>tandem,</span> <span class='ocrx_word' id='word_1_450' title='bbox 2853 404 3026 469; x_wconf 90' lang='lat' dir='ltr'>teque</span> <span class='ocrx_word' id='word_1_451' title='bbox 3055 398 3245 469; x_wconf 90' lang='lat' dir='ltr'>ipsum</span> <span class='ocrx_word' id='word_1_452' title='bbox 3271 398 3572 469; x_wconf 87' lang='lat' dir='ltr'>paululum</span> <span class='ocrx_word' id='word_1_453' title='bbox 3601 398 3689 451; x_wconf 91' lang='lat' dir='ltr'>in-</span> 
     </span>
    </p>
   </div>
   <div class='ocr_carea' id='block_1_64' title="bbox 2002 487 3693 560">
    <p class='ocr_par' dir='ltr' id='par_1_64' title="bbox 2002 487 3693 560">
     <span class='ocr_line' id='line_1_64' title="bbox 2002 487 3693 560; baseline 0.001 -18"><span class='ocrx_word' id='word_1_454' title='bbox 2002 493 2183 556; x_wconf 86' lang='lat' dir='ltr'>tuere,</span> <span class='ocrx_word' id='word_1_455' title='bbox 2217 492 2275 542; x_wconf 89' lang='lat' dir='ltr'>et</span> <span class='ocrx_word' id='word_1_456' title='bbox 2303 488 2393 542; x_wconf 91' lang='lat' dir='ltr'>dic</span> <span class='ocrx_word' id='word_1_457' title='bbox 2418 487 2581 557; x_wconf 89' lang='lat' dir='ltr'>mihi,</span> <span class='ocrx_word' id='word_1_458' title='bbox 2610 488 2657 542; x_wconf 90' lang='lat' dir='ltr'>si</span> <span class='ocrx_word' id='word_1_459' title='bbox 2682 493 2859 559; x_wconf 86' lang='lat' dir='ltr'>potes,</span> <span class='ocrx_word' id='word_1_460' title='bbox 2892 490 3120 560; x_wconf 90' lang='lat' dir='ltr'>qualem</span> <span class='ocrx_word' id='word_1_461' title='bbox 3149 488 3226 543; x_wconf 90' lang='lat' dir='ltr'>sis</span> <span class='ocrx_word' id='word_1_462' title='bbox 3255 488 3550 543; x_wconf 85' lang='lat' dir='ltr'>habiturus</span> <span class='ocrx_word' id='word_1_463' title='bbox 3571 505 3693 543; x_wconf 88' lang='lat' dir='ltr'>cras</span> 
     </span>
    </p>
   </div>
   <div class='ocr_carea' id='block_1_65' title="bbox 2000 576 3692 647">
    <p class='ocr_par' dir='ltr' id='par_1_65' title="bbox 2000 576 3692 647">
     <span class='ocr_line' id='line_1_65' title="bbox 2000 576 3692 647; baseline -0.001 -16"><span class='ocrx_word' id='word_1_464' title='bbox 2000 578 2370 644; x_wconf 87' lang='lat' dir='ltr'>voluntatem,</span> <span class='ocrx_word' id='word_1_465' title='bbox 2403 582 2596 631; x_wconf 90' lang='lat' dir='ltr'>utrum</span> <span class='ocrx_word' id='word_1_466' title='bbox 2609 576 2898 647; x_wconf 90' lang='lat' dir='ltr'>peccandi,</span> <span class='ocrx_word' id='word_1_467' title='bbox 2924 594 2995 631; x_wconf 90' lang='lat' dir='ltr'>an</span> <span class='ocrx_word' id='word_1_468' title='bbox 3024 582 3173 631; x_wconf 91' lang='lat' dir='ltr'>recte</span> <span class='ocrx_word' id='word_1_469' title='bbox 3203 576 3466 631; x_wconf 88' lang='lat' dir='ltr'>faciendi.</span> <span class='ocrx_word' id='word_1_470' title='bbox 3492 578 3566 630; x_wconf 91' lang='lat' dir='ltr'>E.</span> <span class='ocrx_word' id='word_1_471' title='bbox 3586 577 3692 630; x_wconf 83' lang='lat' dir='ltr'>Ne-</span> 
     </span>
    </p>
   </div>
   <div class='ocr_carea' id='block_1_66' title="bbox 2001 665 3692 735">
    <p class='ocr_par' dir='ltr' id='par_1_66' title="bbox 2001 665 3692 735">
     <span class='ocr_line' id='line_1_66' title="bbox 2001 665 3692 735; baseline -0.001 -17"><span class='ocrx_word' id='word_1_472' title='bbox 2001 665 2131 719; x_wconf 89' lang='lat' dir='ltr'>scio.</span> <span class='ocrx_word' id='word_1_473' title='bbox 2183 667 2261 721; x_wconf 86' lang='lat' dir='ltr'>A.</span> <span class='ocrx_word' id='word_1_474' title='bbox 2312 666 2507 729; x_wconf 84' lang='lat' dir='ltr'>Quid?</span> <span class='ocrx_word' id='word_1_475' title='bbox 2551 668 2730 720; x_wconf 89' lang='lat' dir='ltr'>Deum</span> <span class='ocrx_word' id='word_1_476' title='bbox 2795 665 2997 720; x_wconf 85' lang='lat' dir='ltr'>itidem</span> <span class='ocrx_word' id='word_1_477' title='bbox 3045 666 3261 719; x_wconf 89' lang='lat' dir='ltr'>nescire</span> <span class='ocrx_word' id='word_1_478' title='bbox 3318 666 3425 719; x_wconf 92' lang='lat' dir='ltr'>hoc</span> <span class='ocrx_word' id='word_1_479' title='bbox 3477 665 3692 735; x_wconf 88' lang='lat' dir='ltr'>putas?</span> 
     </span>
    </p>
   </div>
   <div class='ocr_carea' id='block_1_67' title="bbox 2000 754 3693 825">
    <p class='ocr_par' dir='ltr' id='par_1_67' title="bbox 2000 754 3693 825">
     <span class='ocr_line' id='line_1_67' title="bbox 2000 754 3693 825; baseline -0.002 -17"><span class='ocrx_word' id='word_1_480' title='bbox 2000 756 2076 809; x_wconf 89' lang='lat' dir='ltr'>E.</span> <span class='ocrx_word' id='word_1_481' title='bbox 2109 755 2277 808; x_wconf 73' lang='lat' dir='ltr'>Nullo</span> <span class='ocrx_word' id='word_1_482' title='bbox 2309 755 2480 809; x_wconf 92' lang='lat' dir='ltr'>modo</span> <span class='ocrx_word' id='word_1_483' title='bbox 2512 755 2572 809; x_wconf 91' lang='lat' dir='ltr'>id</span> <span class='ocrx_word' id='word_1_484' title='bbox 2602 755 2940 825; x_wconf 89' lang='lat' dir='ltr'>putaverim.</span> <span class='ocrx_word' id='word_1_485' title='bbox 2970 756 3043 809; x_wconf 85' lang='lat' dir='ltr'>A.</span> <span class='ocrx_word' id='word_1_486' title='bbox 3075 754 3133 809; x_wconf 88' lang='lat' dir='ltr'>Si</span> <span class='ocrx_word' id='word_1_487' title='bbox 3162 770 3298 824; x_wconf 87' lang='lat' dir='ltr'>ergo</span> <span class='ocrx_word' id='word_1_488' title='bbox 3342 755 3693 808; x_wconf 88' lang='lat' dir='ltr'>voluntatem</span> 
     </span>
    </p>
   </div>
   <div class='ocr_carea' id='block_1_68' title="bbox 2000 839 3695 910">
    <p class='ocr_par' dir='ltr' id='par_1_68' title="bbox 2000 839 3695 910">
     <span class='ocr_line' id='line_1_68' title="bbox 2000 839 3695 910; baseline -0.002 -14"><span class='ocrx_word' id='word_1_489' title='bbox 2000 847 2158 897; x_wconf 88' lang='lat' dir='ltr'>tuam</span> <span class='ocrx_word' id='word_1_490' title='bbox 2191 843 2493 897; x_wconf 85' lang='lat' dir='ltr'>crastinam</span> <span class='ocrx_word' id='word_1_491' title='bbox 2524 844 2701 910; x_wconf 87' lang='lat' dir='ltr'>novit,</span> <span class='ocrx_word' id='word_1_492' title='bbox 2730 849 2785 897; x_wconf 90' lang='lat' dir='ltr'>et</span> <span class='ocrx_word' id='word_1_493' title='bbox 2813 842 3071 897; x_wconf 90' lang='lat' dir='ltr'>omnium</span> <span class='ocrx_word' id='word_1_494' title='bbox 3096 842 3420 907; x_wconf 88' lang='lat' dir='ltr'>hominum,</span> <span class='ocrx_word' id='word_1_495' title='bbox 3454 840 3567 894; x_wconf 88' lang='lat' dir='ltr'>sive</span> <span class='ocrx_word' id='word_1_496' title='bbox 3595 839 3695 910; x_wconf 90' lang='lat' dir='ltr'>qui</span> 
     </span>
    </p>
   </div>
   <div class='ocr_carea' id='block_1_69' title="bbox 2002 930 3693 1002">
    <p class='ocr_par' dir='ltr' id='par_1_69' title="bbox 2002 930 3693 1002">
     <span class='ocr_line' id='line_1_69' title="bbox 2002 930 3693 1002; baseline -0.002 -19"><span class='ocrx_word' id='word_1_497' title='bbox 2002 936 2154 997; x_wconf 89' lang='lat' dir='ltr'>sunt,</span> <span class='ocrx_word' id='word_1_498' title='bbox 2178 931 2292 984; x_wconf 89' lang='lat' dir='ltr'>sive</span> <span class='ocrx_word' id='word_1_499' title='bbox 2315 931 2410 1002; x_wconf 88' lang='lat' dir='ltr'>qui</span> <span class='ocrx_word' id='word_1_500' title='bbox 2442 932 2785 997; x_wconf 88' lang='lat' dir='ltr'>futurisunt,</span> <span class='ocrx_word' id='word_1_501' title='bbox 2813 932 3033 985; x_wconf 88' lang='lat' dir='ltr'>futuras</span> <span class='ocrx_word' id='word_1_502' title='bbox 3053 930 3329 1002; x_wconf 81' lang='lat' dir='ltr'>praevidet</span> <span class='ocrx_word' id='word_1_503' title='bbox 3360 930 3693 994; x_wconf 88' lang='lat' dir='ltr'>voluntates,</span> 
     </span>
    </p>
   </div>
   <div class='ocr_carea' id='block_1_70' title="bbox 2002 1016 3697 1099">
    <p class='ocr_par' dir='ltr' id='par_1_70' title="bbox 2002 1016 3697 1099">
     <span class='ocr_line' id='line_1_70' title="bbox 2002 1016 3697 1099; baseline -0.002 -28"><span class='ocrx_word' id='word_1_504' title='bbox 2002 1019 2183 1072; x_wconf 90' lang='lat' dir='ltr'>multo</span> <span class='ocrx_word' id='word_1_505' title='bbox 2216 1019 2396 1090; x_wconf 88' lang='lat' dir='ltr'>magis</span> <span class='ocrx_word' id='word_1_506' title='bbox 2426 1020 2701 1099; x_wconf 69' lang='lat' dir='ltr'>prtevidet</span> <span class='ocrx_word' id='word_1_507' title='bbox 2730 1019 2868 1090; x_wconf 88' lang='lat' dir='ltr'>quid</span> <span class='ocrx_word' id='word_1_508' title='bbox 2899 1019 2967 1073; x_wconf 93' lang='lat' dir='ltr'>de</span> <span class='ocrx_word' id='word_1_509' title='bbox 2992 1019 3159 1089; x_wconf 90' lang='lat' dir='ltr'>justis</span> <span class='ocrx_word' id='word_1_510' title='bbox 3188 1018 3495 1088; x_wconf 87' lang='lat' dir='ltr'>impiisque</span> <span class='ocrx_word' id='word_1_511' title='bbox 3524 1016 3697 1070; x_wconf 88' lang='lat' dir='ltr'>factu-</span> 
     </span>
    </p>
   </div>
   <div class='ocr_carea' id='block_1_71' title="bbox 2000 1106 3693 1178">
    <p class='ocr_par' dir='ltr' id='par_1_71' title="bbox 2000 1106 3693 1178">
     <span class='ocr_line' id='line_1_71' title="bbox 2000 1106 3693 1178; baseline -0.002 -18"><span class='ocrx_word' id='word_1_512' title='bbox 2000 1123 2097 1160; x_wconf 90' lang='lat' dir='ltr'>rus</span> <span class='ocrx_word' id='word_1_513' title='bbox 2125 1107 2215 1162; x_wconf 90' lang='lat' dir='ltr'>sit.</span> <span class='ocrx_word' id='word_1_514' title='bbox 2233 1110 2307 1162; x_wconf 90' lang='grc' dir='ltr'>Ε.</span> <span class='ocrx_word' id='word_1_515' title='bbox 2328 1110 2561 1162; x_wconf 85' lang='lat' dir='ltr'>Prorsus</span> <span class='ocrx_word' id='word_1_516' title='bbox 2587 1109 2633 1161; x_wconf 93' lang='lat' dir='ltr'>si</span> <span class='ocrx_word' id='word_1_517' title='bbox 2651 1124 2911 1162; x_wconf 89' lang='lat' dir='ltr'>meorum</span> <span class='ocrx_word' id='word_1_518' title='bbox 2927 1124 3168 1178; x_wconf 86' lang='lat' dir='ltr'>operum</span> <span class='ocrx_word' id='word_1_519' title='bbox 3188 1106 3492 1177; x_wconf 69' lang='lat' dir='ltr'>praescium</span> <span class='ocrx_word' id='word_1_520' title='bbox 3515 1106 3693 1158; x_wconf 90' lang='lat' dir='ltr'>Deum</span> 
     </span>
    </p>
   </div>
   <div class='ocr_carea' id='block_1_72' title="bbox 2002 1195 3697 1273">
    <p class='ocr_par' dir='ltr' id='par_1_72' title="bbox 2002 1195 3697 1273">
     <span class='ocr_line' id='line_1_72' title="bbox 2002 1195 3697 1273; baseline -0.002 -24"><span class='ocrx_word' id='word_1_521' title='bbox 2002 1196 2148 1263; x_wconf 89' lang='lat' dir='ltr'>dico,</span> <span class='ocrx_word' id='word_1_522' title='bbox 2181 1198 2361 1250; x_wconf 88' lang='lat' dir='ltr'>multo</span> <span class='ocrx_word' id='word_1_523' title='bbox 2400 1197 2668 1251; x_wconf 90' lang='lat' dir='ltr'>ﬁdentius</span> <span class='ocrx_word' id='word_1_524' title='bbox 2728 1214 2861 1251; x_wconf 92' lang='lat' dir='ltr'>eum</span> <span class='ocrx_word' id='word_1_525' title='bbox 2919 1196 3160 1251; x_wconf 83' lang='lat' dir='ltr'>dixerim</span> <span class='ocrx_word' id='word_1_526' title='bbox 3216 1195 3480 1273; x_wconf 72' lang='lat' dir='ltr'>praescire</span> <span class='ocrx_word' id='word_1_527' title='bbox 3521 1208 3697 1264; x_wconf 89' lang='lat' dir='ltr'>opera</span> 
     </span>
    </p>
   </div>
   <div class='ocr_carea' id='block_1_73' title="bbox 2004 1284 3697 1356">
    <p class='ocr_par' dir='ltr' id='par_1_73' title="bbox 2004 1284 3697 1356">
     <span class='ocr_line' id='line_1_73' title="bbox 2004 1284 3697 1356; baseline -0.002 -18"><span class='ocrx_word' id='word_1_528' title='bbox 2004 1301 2125 1351; x_wconf 90' lang='lat' dir='ltr'>sua,</span> <span class='ocrx_word' id='word_1_529' title='bbox 2142 1291 2195 1338; x_wconf 88' lang='lat' dir='ltr'>et</span> <span class='ocrx_word' id='word_1_530' title='bbox 2214 1285 2350 1356; x_wconf 86' lang='lat' dir='ltr'>quid</span> <span class='ocrx_word' id='word_1_531' title='bbox 2369 1286 2441 1339; x_wconf 89' lang='lat' dir='ltr'>sit</span> <span class='ocrx_word' id='word_1_532' title='bbox 2456 1286 2707 1339; x_wconf 86' lang='lat' dir='ltr'>facturus</span> <span class='ocrx_word' id='word_1_533' title='bbox 2723 1286 3032 1340; x_wconf 87' lang='lat' dir='ltr'>certissime</span> <span class='ocrx_word' id='word_1_534' title='bbox 3050 1285 3383 1355; x_wconf 64' lang='lat' dir='ltr'>praevidere.</span> <span class='ocrx_word' id='word_1_535' title='bbox 3402 1284 3472 1338; x_wconf 86' lang='lat' dir='ltr'>A.</span> <span class='ocrx_word' id='word_1_536' title='bbox 3498 1284 3697 1337; x_wconf 86' lang='lat' dir='ltr'>Nonne</span> 
     </span>
    </p>
   </div>
   <div class='ocr_carea' id='block_1_74' title="bbox 2002 1374 3697 1445">
    <p class='ocr_par' dir='ltr' id='par_1_74' title="bbox 2002 1374 3697 1445">
     <span class='ocr_line' id='line_1_74' title="bbox 2002 1374 3697 1445; baseline -0.002 -18"><span class='ocrx_word' id='word_1_537' title='bbox 2002 1374 2181 1445; x_wconf 88' lang='lat' dir='ltr'>igitur</span> <span class='ocrx_word' id='word_1_538' title='bbox 2209 1390 2369 1428; x_wconf 90' lang='lat' dir='ltr'>caves</span> <span class='ocrx_word' id='word_1_539' title='bbox 2399 1391 2470 1427; x_wconf 91' lang='lat' dir='ltr'>ne</span> <span class='ocrx_word' id='word_1_540' title='bbox 2502 1375 2606 1427; x_wconf 86' lang='lat' dir='ltr'>tibi</span> <span class='ocrx_word' id='word_1_541' title='bbox 2635 1375 2872 1442; x_wconf 87' lang='lat' dir='ltr'>dicatur,</span> <span class='ocrx_word' id='word_1_542' title='bbox 2905 1375 3076 1429; x_wconf 92' lang='lat' dir='ltr'>etiam</span> <span class='ocrx_word' id='word_1_543' title='bbox 3104 1374 3294 1445; x_wconf 89' lang='lat' dir='ltr'>ipsum</span> <span class='ocrx_word' id='word_1_544' title='bbox 3321 1387 3697 1444; x_wconf 66' lang='lat' dir='ltr'>quiecumque</span> 
     </span>
    </p>
   </div>
   <div class='ocr_carea' id='block_1_75' title="bbox 2002 1462 3696 1529">
    <p class='ocr_par' dir='ltr' id='par_1_75' title="bbox 2002 1462 3696 1529">
     <span class='ocr_line' id='line_1_75' title="bbox 2002 1462 3696 1529; baseline -0.002 -12"><span class='ocrx_word' id='word_1_545' title='bbox 2002 1463 2251 1517; x_wconf 88' lang='lat' dir='ltr'>facturus</span> <span class='ocrx_word' id='word_1_546' title='bbox 2282 1467 2382 1529; x_wconf 89' lang='lat' dir='ltr'>est,</span> <span class='ocrx_word' id='word_1_547' title='bbox 2416 1479 2528 1517; x_wconf 88' lang='lat' dir='ltr'>non</span> <span class='ocrx_word' id='word_1_548' title='bbox 2551 1464 2842 1517; x_wconf 87' lang='lat' dir='ltr'>voluntate</span> <span class='ocrx_word' id='word_1_549' title='bbox 2873 1463 2972 1517; x_wconf 91' lang='lat' dir='ltr'>sed</span> <span class='ocrx_word' id='word_1_550' title='bbox 3021 1462 3354 1517; x_wconf 86' lang='lat' dir='ltr'>necessitate</span> <span class='ocrx_word' id='word_1_551' title='bbox 3392 1462 3696 1526; x_wconf 86' lang='lat' dir='ltr'>facturum,</span> 
     </span>
    </p>
   </div>
   <div class='ocr_carea' id='block_1_76' title="bbox 2005 1550 3695 1623">
    <p class='ocr_par' dir='ltr' id='par_1_76' title="bbox 2005 1550 3695 1623">
     <span class='ocr_line' id='line_1_76' title="bbox 2005 1550 3695 1623; baseline -0.002 -19"><span class='ocrx_word' id='word_1_552' title='bbox 2005 1551 2051 1604; x_wconf 89' lang='lat' dir='ltr'>si</span> <span class='ocrx_word' id='word_1_553' title='bbox 2075 1551 2267 1605; x_wconf 90' lang='lat' dir='ltr'>omnia</span> <span class='ocrx_word' id='word_1_554' title='bbox 2298 1568 2541 1623; x_wconf 86' lang='lat' dir='ltr'>quorum</span> <span class='ocrx_word' id='word_1_555' title='bbox 2564 1554 2713 1606; x_wconf 90' lang='lat' dir='ltr'>Deus</span> <span class='ocrx_word' id='word_1_556' title='bbox 2739 1552 3007 1623; x_wconf 82' lang='lat' dir='ltr'>praescius</span> <span class='ocrx_word' id='word_1_557' title='bbox 3037 1556 3137 1619; x_wconf 91' lang='lat' dir='ltr'>est,</span> <span class='ocrx_word' id='word_1_558' title='bbox 3168 1550 3501 1605; x_wconf 83' lang='lat' dir='ltr'>necessitate</span> <span class='ocrx_word' id='word_1_559' title='bbox 3532 1550 3695 1610; x_wconf 90' lang='lat' dir='ltr'>ﬁunt,</span> 
     </span>
    </p>
   </div>
   <div class='ocr_carea' id='block_1_77' title="bbox 2003 1636 3701 1712">
    <p class='ocr_par' dir='ltr' id='par_1_77' title="bbox 2003 1636 3701 1712">
     <span class='ocr_line' id='line_1_77' title="bbox 2003 1636 3701 1712; baseline -0.002 -19"><span class='ocrx_word' id='word_1_560' title='bbox 2003 1656 2121 1693; x_wconf 89' lang='lat' dir='ltr'>non</span> <span class='ocrx_word' id='word_1_561' title='bbox 2153 1642 2443 1695; x_wconf 87' lang='lat' dir='ltr'>voluntate</span> <span class='ocrx_word' id='word_1_562' title='bbox 2462 1644 2489 1694; x_wconf 76' lang='lat' dir='ltr'>‘P</span> <span class='ocrx_word' id='word_1_563' title='bbox 2521 1642 2600 1696; x_wconf 90' lang='lat' dir='ltr'>E.</span> <span class='ocrx_word' id='word_1_564' title='bbox 2637 1643 2753 1712; x_wconf 90' lang='lat' dir='ltr'>Ego</span> <span class='ocrx_word' id='word_1_565' title='bbox 2784 1658 2914 1695; x_wconf 89' lang='lat' dir='ltr'>cum</span> <span class='ocrx_word' id='word_1_566' title='bbox 2942 1639 3543 1710; x_wconf 57' lang='lat' dir='ltr'>diceremjnecessitate</span> <span class='ocrx_word' id='word_1_567' title='bbox 3572 1636 3701 1691; x_wconf 92' lang='lat' dir='ltr'>uni-</span> 
     </span>
    </p>
   </div>
   <div class='ocr_carea' id='block_1_78' title="bbox 2002 1726 3702 1801">
    <p class='ocr_par' dir='ltr' id='par_1_78' title="bbox 2002 1726 3702 1801">
     <span class='ocr_line' id='line_1_78' title="bbox 2002 1726 3702 1801; baseline -0.002 -18"><span class='ocrx_word' id='word_1_568' title='bbox 2002 1745 2164 1783; x_wconf 90' lang='lat' dir='ltr'>versa</span> <span class='ocrx_word' id='word_1_569' title='bbox 2194 1729 2319 1783; x_wconf 88' lang='lat' dir='ltr'>ﬁeri</span> <span class='ocrx_word' id='word_1_570' title='bbox 2346 1746 2475 1801; x_wconf 72' lang='lat' dir='ltr'>qua:</span> <span class='ocrx_word' id='word_1_571' title='bbox 2507 1732 2654 1785; x_wconf 91' lang='lat' dir='ltr'>Deus</span> <span class='ocrx_word' id='word_1_572' title='bbox 2684 1732 2876 1784; x_wconf 87' lang='lat' dir='ltr'>futura</span> <span class='ocrx_word' id='word_1_573' title='bbox 2894 1730 3192 1801; x_wconf 73' lang='lat' dir='ltr'>praescivit,</span> <span class='ocrx_word' id='word_1_574' title='bbox 3215 1746 3281 1782; x_wconf 91' lang='lat' dir='ltr'>ea</span> <span class='ocrx_word' id='word_1_575' title='bbox 3308 1726 3702 1781; x_wconf 88' lang='lat' dir='ltr'>solaintuebar</span> 
     </span>
    </p>
   </div>
   <div class='ocr_carea' id='block_1_79' title="bbox 2005 1815 3697 1889">
    <p class='ocr_par' dir='ltr' id='par_1_79' title="bbox 2005 1815 3697 1889">
     <span class='ocr_line' id='line_1_79' title="bbox 2005 1815 3697 1889; baseline -0.001 -18"><span class='ocrx_word' id='word_1_576' title='bbox 2005 1834 2133 1889; x_wconf 74' lang='lat' dir='ltr'>quae</span> <span class='ocrx_word' id='word_1_577' title='bbox 2163 1817 2221 1870; x_wconf 91' lang='lat' dir='ltr'>in</span> <span class='ocrx_word' id='word_1_578' title='bbox 2252 1823 2509 1872; x_wconf 88' lang='lat' dir='ltr'>creatura</span> <span class='ocrx_word' id='word_1_579' title='bbox 2542 1819 2662 1888; x_wconf 84' lang='lat' dir='ltr'>ejus</span> <span class='ocrx_word' id='word_1_580' title='bbox 2689 1820 2853 1885; x_wconf 83' lang='lat' dir='ltr'>ﬁunt,</span> <span class='ocrx_word' id='word_1_581' title='bbox 2897 1834 3011 1872; x_wconf 91' lang='lat' dir='ltr'>non</span> <span class='ocrx_word' id='word_1_582' title='bbox 3048 1822 3240 1871; x_wconf 89' lang='lat' dir='ltr'>autem</span> <span class='ocrx_word' id='word_1_583' title='bbox 3271 1833 3400 1887; x_wconf 63' lang='lat' dir='ltr'>quas</span> <span class='ocrx_word' id='word_1_584' title='bbox 3444 1815 3507 1868; x_wconf 90' lang='lat' dir='ltr'>in</span> <span class='ocrx_word' id='word_1_585' title='bbox 3534 1816 3656 1885; x_wconf 88' lang='lat' dir='ltr'>ipso</span> <span class='ocrx_word' id='word_1_586' title='bbox 3683 1830 3697 1869; x_wconf 89' lang='lat'><strong>:</strong></span> 
     </span>
    </p>
   </div>
   <div class='ocr_carea' id='block_1_80' title="bbox 2004 1904 3700 1977">
    <p class='ocr_par' dir='ltr' id='par_1_80' title="bbox 2004 1904 3700 1977">
     <span class='ocr_line' id='line_1_80' title="bbox 2004 1904 3700 1977; baseline -0.002 -18"><span class='ocrx_word' id='word_1_587' title='bbox 2004 1923 2119 1960; x_wconf 92' lang='lat' dir='ltr'>non</span> <span class='ocrx_word' id='word_1_588' title='bbox 2151 1907 2305 1959; x_wconf 90' lang='lat' dir='ltr'>enim</span> <span class='ocrx_word' id='word_1_589' title='bbox 2335 1923 2401 1960; x_wconf 88' lang='lat' dir='ltr'>ea</span> <span class='ocrx_word' id='word_1_590' title='bbox 2421 1908 2587 1974; x_wconf 85' lang='lat' dir='ltr'>ﬁunt,</span> <span class='ocrx_word' id='word_1_591' title='bbox 2620 1908 2720 1961; x_wconf 87' lang='lat' dir='ltr'>sed</span> <span class='ocrx_word' id='word_1_592' title='bbox 2750 1912 2881 1962; x_wconf 91' lang='lat' dir='ltr'>sunt</span> <span class='ocrx_word' id='word_1_593' title='bbox 2901 1907 3266 1977; x_wconf 90' lang='lat' dir='ltr'>sempiterna.</span> <span class='ocrx_word' id='word_1_594' title='bbox 3291 1907 3363 1959; x_wconf 84' lang='lat' dir='ltr'>A.</span> <span class='ocrx_word' id='word_1_595' title='bbox 3393 1904 3543 1958; x_wconf 84' lang='lat' dir='ltr'>Nihil</span> <span class='ocrx_word' id='word_1_596' title='bbox 3564 1919 3700 1973; x_wconf 85' lang='lat' dir='ltr'>ergo</span> 
     </span>
    </p>
   </div>
   <div class='ocr_carea' id='block_1_81' title="bbox 2004 1990 3699 2065">
    <p class='ocr_par' dir='ltr' id='par_1_81' title="bbox 2004 1990 3699 2065">
     <span class='ocr_line' id='line_1_81' title="bbox 2004 1990 3699 2065; baseline -0.002 -18"><span class='ocrx_word' id='word_1_597' title='bbox 2004 1994 2065 2047; x_wconf 93' lang='lat' dir='ltr'>in</span> <span class='ocrx_word' id='word_1_598' title='bbox 2096 2010 2197 2048; x_wconf 88' lang='lat' dir='ltr'>sua</span> <span class='ocrx_word' id='word_1_599' title='bbox 2224 1999 2485 2048; x_wconf 91' lang='lat' dir='ltr'>creatura</span> <span class='ocrx_word' id='word_1_600' title='bbox 2514 2000 2786 2065; x_wconf 86' lang='lat' dir='ltr'>operatur</span> <span class='ocrx_word' id='word_1_601' title='bbox 2818 1997 2985 2048; x_wconf 88' lang='lat' dir='ltr'>Deus.</span> <span class='ocrx_word' id='word_1_602' title='bbox 3028 1995 3104 2051; x_wconf 90' lang='lat' dir='ltr'>E.</span> <span class='ocrx_word' id='word_1_603' title='bbox 3137 1995 3262 2048; x_wconf 82' lang='lat' dir='ltr'>Jam</span> <span class='ocrx_word' id='word_1_604' title='bbox 3289 1993 3464 2047; x_wconf 91' lang='lat' dir='ltr'>semel</span> <span class='ocrx_word' id='word_1_605' title='bbox 3501 1990 3699 2044; x_wconf 88' lang='lat' dir='ltr'>statuit</span> 
     </span>
    </p>
   </div>
   <div class='ocr_carea' id='block_1_82' title="bbox 2008 2080 3701 2153">
    <p class='ocr_par' dir='ltr' id='par_1_82' title="bbox 2008 2080 3701 2153">
     <span class='ocr_line' id='line_1_82' title="bbox 2008 2080 3701 2153; baseline -0.003 -16"><span class='ocrx_word' id='word_1_606' title='bbox 2008 2083 2496 2153; x_wconf 87' lang='lat' dir='ltr'>quemadmodum</span> <span class='ocrx_word' id='word_1_607' title='bbox 2525 2083 2741 2139; x_wconf 88' lang='lat' dir='ltr'>feratur</span> <span class='ocrx_word' id='word_1_608' title='bbox 2770 2083 2909 2136; x_wconf 91' lang='lat' dir='ltr'>ordo</span> <span class='ocrx_word' id='word_1_609' title='bbox 2942 2084 3065 2153; x_wconf 85' lang='lat' dir='ltr'>ejus</span> <span class='ocrx_word' id='word_1_610' title='bbox 3111 2080 3497 2136; x_wconf 88' lang='lat' dir='ltr'>universitatis</span> <span class='ocrx_word' id='word_1_611' title='bbox 3528 2095 3701 2151; x_wconf 87' lang='lat' dir='ltr'>quam</span> 
     </span>
    </p>
   </div>
   <div class='ocr_carea' id='block_1_83' title="bbox 2008 2168 3703 2243">
    <p class='ocr_par' dir='ltr' id='par_1_83' title="bbox 2008 2168 3703 2243">
     <span class='ocr_line' id='line_1_83' title="bbox 2008 2168 3703 2243; baseline -0.001 -19"><span class='ocrx_word' id='word_1_612' title='bbox 2008 2172 2302 2239; x_wconf 81' lang='lat' dir='ltr'>condidit;</span> <span class='ocrx_word' id='word_1_613' title='bbox 2330 2188 2513 2243; x_wconf 91' lang='lat' dir='ltr'>neque</span> <span class='ocrx_word' id='word_1_614' title='bbox 2544 2173 2701 2227; x_wconf 89' lang='lat' dir='ltr'>enim</span> <span class='ocrx_word' id='word_1_615' title='bbox 2730 2172 2947 2243; x_wconf 89' lang='lat' dir='ltr'>aliquid</span> <span class='ocrx_word' id='word_1_616' title='bbox 2986 2187 3133 2225; x_wconf 90' lang='lat' dir='ltr'>nova</span> <span class='ocrx_word' id='word_1_617' title='bbox 3187 2170 3476 2224; x_wconf 88' lang='lat' dir='ltr'>voluntate</span> <span class='ocrx_word' id='word_1_618' title='bbox 3515 2168 3703 2223; x_wconf 91' lang='lat' dir='ltr'>admi—</span> 
     </span>
    </p>
   </div>
   <div class='ocr_carea' id='block_1_84' title="bbox 2007 2257 3707 2331">
    <p class='ocr_par' dir='ltr' id='par_1_84' title="bbox 2007 2257 3707 2331">
     <span class='ocr_line' id='line_1_84' title="bbox 2007 2257 3707 2331; baseline -0.002 -17"><span class='ocrx_word' id='word_1_619' title='bbox 2007 2260 2226 2314; x_wconf 86' lang='lat' dir='ltr'>nistrat.</span> <span class='ocrx_word' id='word_1_620' title='bbox 2250 2261 2322 2315; x_wconf 86' lang='lat' dir='ltr'>A.</span> <span class='ocrx_word' id='word_1_621' title='bbox 2356 2262 2650 2331; x_wconf 81' lang='lat' dir='ltr'>Numquid</span> <span class='ocrx_word' id='word_1_622' title='bbox 2680 2261 2971 2315; x_wconf 90' lang='lat' dir='ltr'>neminem</span> <span class='ocrx_word' id='word_1_623' title='bbox 2987 2261 3217 2314; x_wconf 90' lang='lat' dir='ltr'>beatum</span> <span class='ocrx_word' id='word_1_624' title='bbox 3243 2259 3422 2313; x_wconf 83' lang='lat' dir='ltr'>facit?</span> <span class='ocrx_word' id='word_1_625' title='bbox 3453 2260 3523 2314; x_wconf 86' lang='lat' dir='ltr'>E.</span> <span class='ocrx_word' id='word_1_626' title='bbox 3553 2257 3707 2311; x_wconf 85' lang='lat' dir='ltr'>Facit</span> 
     </span>
    </p>
   </div>
   <div class='ocr_carea' id='block_1_85' title="bbox 2008 2349 3702 2423">
    <p class='ocr_par' dir='ltr' id='par_1_85' title="bbox 2008 2349 3702 2423">
     <span class='ocr_line' id='line_1_85' title="bbox 2008 2349 3702 2423; baseline -0.002 -18"><span class='ocrx_word' id='word_1_627' title='bbox 2008 2368 2159 2406; x_wconf 88' lang='lat' dir='ltr'>vero.</span> <span class='ocrx_word' id='word_1_628' title='bbox 2194 2354 2266 2406; x_wconf 81' lang='grc' dir='ltr'>Α.</span> <span class='ocrx_word' id='word_1_629' title='bbox 2300 2353 2453 2406; x_wconf 91' lang='lat' dir='ltr'>Tunc</span> <span class='ocrx_word' id='word_1_630' title='bbox 2480 2354 2677 2423; x_wconf 89' lang='lat' dir='ltr'>utique</span> <span class='ocrx_word' id='word_1_631' title='bbox 2706 2353 2860 2421; x_wconf 86' lang='lat' dir='ltr'>facit,</span> <span class='ocrx_word' id='word_1_632' title='bbox 2894 2351 3123 2421; x_wconf 88' lang='lat' dir='ltr'>quando</span> <span class='ocrx_word' id='word_1_633' title='bbox 3155 2350 3252 2404; x_wconf 91' lang='lat' dir='ltr'>ille</span> <span class='ocrx_word' id='word_1_634' title='bbox 3282 2349 3363 2403; x_wconf 86' lang='lat' dir='ltr'>ﬁt.</span> <span class='ocrx_word' id='word_1_635' title='bbox 3385 2350 3460 2404; x_wconf 89' lang='lat' dir='ltr'>E.</span> <span class='ocrx_word' id='word_1_636' title='bbox 3496 2350 3579 2403; x_wconf 91' lang='lat' dir='ltr'>Ita</span> <span class='ocrx_word' id='word_1_637' title='bbox 3599 2352 3702 2402; x_wconf 90' lang='lat' dir='ltr'>est.</span> 
     </span>
    </p>
   </div>
   <div class='ocr_carea' id='block_1_86' title="bbox 2008 2436 3702 2511">
    <p class='ocr_par' dir='ltr' id='par_1_86' title="bbox 2008 2436 3702 2511">
     <span class='ocr_line' id='line_1_86' title="bbox 2008 2436 3702 2511; baseline -0.004 -15"><span class='ocrx_word' id='word_1_638' title='bbox 2008 2442 2080 2495; x_wconf 90' lang='lat' dir='ltr'>A.</span> <span class='ocrx_word' id='word_1_639' title='bbox 2114 2440 2171 2495; x_wconf 91' lang='lat' dir='ltr'>Si</span> <span class='ocrx_word' id='word_1_640' title='bbox 2200 2441 2394 2511; x_wconf 90' lang='lat' dir='ltr'>igitur,</span> <span class='ocrx_word' id='word_1_641' title='bbox 2426 2441 2584 2495; x_wconf 89' lang='lat' dir='ltr'>verbi</span> <span class='ocrx_word' id='word_1_642' title='bbox 2614 2442 2812 2511; x_wconf 88' lang='lat' dir='ltr'>gratia,</span> <span class='ocrx_word' id='word_1_643' title='bbox 2860 2444 2989 2509; x_wconf 90' lang='lat' dir='ltr'>post</span> <span class='ocrx_word' id='word_1_644' title='bbox 3040 2455 3256 2493; x_wconf 91' lang='lat' dir='ltr'>annum</span> <span class='ocrx_word' id='word_1_645' title='bbox 3312 2438 3511 2492; x_wconf 88' lang='lat' dir='ltr'>beatus</span> <span class='ocrx_word' id='word_1_646' title='bbox 3550 2436 3702 2490; x_wconf 86' lang='lat' dir='ltr'>futu-</span> 
     </span>
    </p>
   </div>
   <div class='ocr_carea' id='block_1_87' title="bbox 2009 2524 3704 2599">
    <p class='ocr_par' dir='ltr' id='par_1_87' title="bbox 2009 2524 3704 2599">
     <span class='ocr_line' id='line_1_87' title="bbox 2009 2524 3704 2599; baseline -0.004 -16"><span class='ocrx_word' id='word_1_647' title='bbox 2009 2546 2108 2583; x_wconf 90' lang='lat' dir='ltr'>rus</span> <span class='ocrx_word' id='word_1_648' title='bbox 2140 2545 2219 2596; x_wconf 91' lang='lat' dir='ltr'>es,</span> <span class='ocrx_word' id='word_1_649' title='bbox 2239 2534 2367 2599; x_wconf 91' lang='lat' dir='ltr'>post</span> <span class='ocrx_word' id='word_1_650' title='bbox 2384 2546 2600 2583; x_wconf 89' lang='lat' dir='ltr'>annum</span> <span class='ocrx_word' id='word_1_651' title='bbox 2631 2536 2681 2584; x_wconf 90' lang='lat' dir='ltr'>te</span> <span class='ocrx_word' id='word_1_652' title='bbox 2711 2530 2943 2584; x_wconf 88' lang='lat' dir='ltr'>beatum</span> <span class='ocrx_word' id='word_1_653' title='bbox 2987 2530 3241 2584; x_wconf 86' lang='lat' dir='ltr'>facturus</span> <span class='ocrx_word' id='word_1_654' title='bbox 3267 2532 3369 2581; x_wconf 89' lang='lat' dir='ltr'>est.</span> <span class='ocrx_word' id='word_1_655' title='bbox 3400 2528 3476 2581; x_wconf 90' lang='lat' dir='ltr'>E.</span> <span class='ocrx_word' id='word_1_656' title='bbox 3502 2524 3704 2579; x_wconf 89' lang='lat' dir='ltr'>Etiam.</span> 
     </span>
    </p>
   </div>
   <div class='ocr_carea' id='block_1_88' title="bbox 2009 2616 3707 2688">
    <p class='ocr_par' dir='ltr' id='par_1_88' title="bbox 2009 2616 3707 2688">
     <span class='ocr_line' id='line_1_88' title="bbox 2009 2616 3707 2688; baseline -0.004 -16"><span class='ocrx_word' id='word_1_657' title='bbox 2009 2620 2081 2672; x_wconf 91' lang='grc' dir='ltr'>Λ.</span> <span class='ocrx_word' id='word_1_658' title='bbox 2115 2620 2237 2672; x_wconf 82' lang='lat' dir='ltr'>Jam</span> <span class='ocrx_word' id='word_1_659' title='bbox 2266 2636 2401 2688; x_wconf 85' lang='lat' dir='ltr'>ergo</span> <span class='ocrx_word' id='word_1_660' title='bbox 2432 2619 2658 2688; x_wconf 79' lang='lat' dir='ltr'>praescit</span> <span class='ocrx_word' id='word_1_661' title='bbox 2685 2618 2855 2673; x_wconf 88' lang='lat' dir='ltr'>hodie</span> <span class='ocrx_word' id='word_1_662' title='bbox 2887 2618 3039 2688; x_wconf 89' lang='lat' dir='ltr'>quod</span> <span class='ocrx_word' id='word_1_663' title='bbox 3068 2622 3194 2687; x_wconf 88' lang='lat' dir='ltr'>post</span> <span class='ocrx_word' id='word_1_664' title='bbox 3223 2632 3437 2669; x_wconf 87' lang='lat' dir='ltr'>annum</span> <span class='ocrx_word' id='word_1_665' title='bbox 3456 2616 3707 2669; x_wconf 85' lang='lat' dir='ltr'>facturus</span> 
     </span>
    </p>
   </div>
   <div class='ocr_carea' id='block_1_89' title="bbox 2013 2703 3708 2777">
    <p class='ocr_par' dir='ltr' id='par_1_89' title="bbox 2013 2703 3708 2777">
     <span class='ocr_line' id='line_1_89' title="bbox 2013 2703 3708 2777; baseline -0.003 -17"><span class='ocrx_word' id='word_1_666' title='bbox 2013 2712 2115 2761; x_wconf 91' lang='lat' dir='ltr'>est.</span> <span class='ocrx_word' id='word_1_667' title='bbox 2146 2709 2215 2761; x_wconf 89' lang='lat' dir='ltr'>E.</span> <span class='ocrx_word' id='word_1_668' title='bbox 2246 2708 2482 2776; x_wconf 87' lang='lat' dir='ltr'>Semper</span> <span class='ocrx_word' id='word_1_669' title='bbox 2512 2708 2619 2761; x_wconf 90' lang='lat' dir='ltr'>hoc</span> <span class='ocrx_word' id='word_1_670' title='bbox 2648 2706 2928 2777; x_wconf 71' lang='lat' dir='ltr'>prmscivit</span> <span class='ocrx_word' id='word_1_671' title='bbox 2952 2723 2966 2760; x_wconf 87' lang='lat'>:</span> <span class='ocrx_word' id='word_1_672' title='bbox 2992 2722 3145 2760; x_wconf 88' lang='lat' dir='ltr'>nunc</span> <span class='ocrx_word' id='word_1_673' title='bbox 3173 2720 3401 2776; x_wconf 89' lang='lat' dir='ltr'>quoque</span> <span class='ocrx_word' id='word_1_674' title='bbox 3437 2703 3543 2757; x_wconf 89' lang='lat' dir='ltr'>hoc</span> <span class='ocrx_word' id='word_1_675' title='bbox 3575 2717 3708 2757; x_wconf 91' lang='lat' dir='ltr'>eum</span> 
     </span>
    </p>
   </div>
   <div class='ocr_carea' id='block_1_90' title="bbox 2011 2795 3210 2865">
    <p class='ocr_par' dir='ltr' id='par_1_90' title="bbox 2011 2795 3210 2865">
     <span class='ocr_line' id='line_1_90' title="bbox 2011 2795 3210 2865; baseline -0.001 -17"><span class='ocrx_word' id='word_1_676' title='bbox 2011 2796 2275 2865; x_wconf 67' lang='lat' dir='ltr'>praescire</span> <span class='ocrx_word' id='word_1_677' title='bbox 2306 2796 2621 2861; x_wconf 85' lang='lat' dir='ltr'>consentio,</span> <span class='ocrx_word' id='word_1_678' title='bbox 2652 2796 2697 2849; x_wconf 89' lang='lat' dir='ltr'>si</span> <span class='ocrx_word' id='word_1_679' title='bbox 2720 2796 2902 2849; x_wconf 88' lang='lat' dir='ltr'>estita</span> <span class='ocrx_word' id='word_1_680' title='bbox 2933 2795 3210 2849; x_wconf 88' lang='lat' dir='ltr'>futurum.</span> 
     </span>
    </p>
   </div>
   <div class='ocr_carea' id='block_1_91' title="bbox 2081 2881 3711 2954">
    <p class='ocr_par' dir='ltr' id='par_1_91' title="bbox 2081 2881 3711 2954">
     <span class='ocr_line' id='line_1_91' title="bbox 2081 2881 3711 2954; baseline -0.001 -18"><span class='ocrx_word' id='word_1_681' title='bbox 2081 2888 2136 2937; x_wconf 86' lang='lat'>7.</span> <span class='ocrx_word' id='word_1_682' title='bbox 2167 2886 2238 2939; x_wconf 84' lang='lat' dir='ltr'>A.</span> <span class='ocrx_word' id='word_1_683' title='bbox 2276 2883 2392 2949; x_wconf 91' lang='lat' dir='ltr'>Dic,</span> <span class='ocrx_word' id='word_1_684' title='bbox 2429 2900 2644 2954; x_wconf 66' lang='lat' dir='ltr'>quaeso,</span> <span class='ocrx_word' id='word_1_685' title='bbox 2678 2900 2818 2938; x_wconf 90' lang='lat' dir='ltr'>num</span> <span class='ocrx_word' id='word_1_686' title='bbox 2849 2888 2911 2936; x_wconf 89' lang='lat' dir='ltr'>tu</span> <span class='ocrx_word' id='word_1_687' title='bbox 2934 2886 3192 2937; x_wconf 89' lang='lat' dir='ltr'>creatura</span> <span class='ocrx_word' id='word_1_688' title='bbox 3206 2881 3328 2953; x_wconf 86' lang='lat' dir='ltr'>ejus</span> <span class='ocrx_word' id='word_1_689' title='bbox 3356 2896 3471 2935; x_wconf 91' lang='lat' dir='ltr'>non</span> <span class='ocrx_word' id='word_1_690' title='bbox 3501 2896 3579 2947; x_wconf 89' lang='lat' dir='ltr'>es,</span> <span class='ocrx_word' id='word_1_691' title='bbox 3612 2884 3711 2935; x_wconf 88' lang='lat' dir='ltr'>aut</span> 
     </span>
    </p>
   </div>
   <div class='ocr_carea' id='block_1_92' title="bbox 2012 2970 3710 3042">
    <p class='ocr_par' dir='ltr' id='par_1_92' title="bbox 2012 2970 3710 3042">
     <span class='ocr_line' id='line_1_92' title="bbox 2012 2970 3710 3042; baseline -0.002 -15"><span class='ocrx_word' id='word_1_692' title='bbox 2012 2977 2113 3027; x_wconf 90' lang='lat' dir='ltr'>tua</span> <span class='ocrx_word' id='word_1_693' title='bbox 2141 2973 2435 3028; x_wconf 88' lang='lat' dir='ltr'>beatitudo</span> <span class='ocrx_word' id='word_1_694' title='bbox 2460 2990 2575 3027; x_wconf 91' lang='lat' dir='ltr'>non</span> <span class='ocrx_word' id='word_1_695' title='bbox 2605 2974 2665 3027; x_wconf 91' lang='lat' dir='ltr'>in</span> <span class='ocrx_word' id='word_1_696' title='bbox 2693 2978 2748 3027; x_wconf 89' lang='lat' dir='ltr'>te</span> <span class='ocrx_word' id='word_1_697' title='bbox 2779 2973 2914 3027; x_wconf 82' lang='lat' dir='ltr'>ﬁet?</span> <span class='ocrx_word' id='word_1_698' title='bbox 2945 2974 3023 3027; x_wconf 89' lang='lat' dir='ltr'>E.</span> <span class='ocrx_word' id='word_1_699' title='bbox 3065 2974 3185 3027; x_wconf 93' lang='lat' dir='ltr'>Imo</span> <span class='ocrx_word' id='word_1_700' title='bbox 3216 2976 3271 3027; x_wconf 88' lang='lat' dir='ltr'>et</span> <span class='ocrx_word' id='word_1_701' title='bbox 3299 2975 3559 3025; x_wconf 87' lang='lat' dir='ltr'>creatura</span> <span class='ocrx_word' id='word_1_702' title='bbox 3588 2970 3710 3042; x_wconf 86' lang='lat' dir='ltr'>ejus</span> 
     </span>
    </p>
   </div>
   <div class='ocr_carea' id='block_1_93' title="bbox 2016 3061 3708 3133">
    <p class='ocr_par' dir='ltr' id='par_1_93' title="bbox 2016 3061 3708 3133">
     <span class='ocr_line' id='line_1_93' title="bbox 2016 3061 3708 3133; baseline -0.001 -18"><span class='ocrx_word' id='word_1_703' title='bbox 2016 3078 2164 3132; x_wconf 86' lang='lat' dir='ltr'>sum,</span> <span class='ocrx_word' id='word_1_704' title='bbox 2201 3067 2257 3116; x_wconf 91' lang='lat' dir='ltr'>et</span> <span class='ocrx_word' id='word_1_705' title='bbox 2283 3062 2344 3115; x_wconf 91' lang='lat' dir='ltr'>in</span> <span class='ocrx_word' id='word_1_706' title='bbox 2374 3078 2464 3115; x_wconf 91' lang='lat' dir='ltr'>me</span> <span class='ocrx_word' id='word_1_707' title='bbox 2496 3062 2597 3117; x_wconf 87' lang='lat' dir='ltr'>ﬁet</span> <span class='ocrx_word' id='word_1_708' title='bbox 2625 3062 2777 3133; x_wconf 91' lang='lat' dir='ltr'>quod</span> <span class='ocrx_word' id='word_1_709' title='bbox 2806 3062 3004 3117; x_wconf 89' lang='lat' dir='ltr'>beatus</span> <span class='ocrx_word' id='word_1_710' title='bbox 3036 3077 3148 3115; x_wconf 90' lang='lat' dir='ltr'>ero.</span> <span class='ocrx_word' id='word_1_711' title='bbox 3186 3061 3257 3115; x_wconf 79' lang='grc' dir='ltr'>Α.</span> <span class='ocrx_word' id='word_1_712' title='bbox 3288 3062 3413 3114; x_wconf 92' lang='lat' dir='ltr'>Non</span> <span class='ocrx_word' id='word_1_713' title='bbox 3442 3075 3577 3129; x_wconf 84' lang='lat' dir='ltr'>ergo</span> <span class='ocrx_word' id='word_1_714' title='bbox 3609 3076 3708 3113; x_wconf 90' lang='lat' dir='ltr'>vo-</span> 
     </span>
    </p>
   </div>
   <div class='ocr_carea' id='block_1_94' title="bbox 2014 3148 3712 3205">
    <p class='ocr_par' dir='ltr' id='par_1_94' title="bbox 2014 3148 3712 3205">
     <span class='ocr_line' id='line_1_94' title="bbox 2014 3148 3712 3205; baseline -0.002 -1"><span class='ocrx_word' id='word_1_715' title='bbox 2014 3151 2234 3205; x_wconf 90' lang='lat' dir='ltr'>luntate</span> <span class='ocrx_word' id='word_1_716' title='bbox 2265 3151 2360 3205; x_wconf 89' lang='lat' dir='ltr'>sed</span> <span class='ocrx_word' id='word_1_717' title='bbox 2388 3150 2721 3205; x_wconf 88' lang='lat' dir='ltr'>necessitate</span> <span class='ocrx_word' id='word_1_718' title='bbox 2751 3151 2813 3203; x_wconf 90' lang='lat' dir='ltr'>in</span> <span class='ocrx_word' id='word_1_719' title='bbox 2845 3155 2900 3204; x_wconf 89' lang='lat' dir='ltr'>te</span> <span class='ocrx_word' id='word_1_720' title='bbox 2930 3152 3029 3204; x_wconf 88' lang='lat' dir='ltr'>ﬁet</span> <span class='ocrx_word' id='word_1_721' title='bbox 3056 3149 3347 3204; x_wconf 87' lang='lat' dir='ltr'>beatitudo</span> <span class='ocrx_word' id='word_1_722' title='bbox 3370 3155 3464 3203; x_wconf 89' lang='lat' dir='ltr'>tua</span> <span class='ocrx_word' id='word_1_723' title='bbox 3493 3150 3609 3202; x_wconf 88' lang='lat' dir='ltr'>Deo</span> <span class='ocrx_word' id='word_1_724' title='bbox 3640 3148 3712 3202; x_wconf 87' lang='lat' dir='ltr'>fa-</span> 
     </span>
    </p>
   </div>
   <div class='ocr_carea' id='block_1_95' title="bbox 2015 3237 3712 3295">
    <p class='ocr_par' dir='ltr' id='par_1_95' title="bbox 2015 3237 3712 3295">
     <span class='ocr_line' id='line_1_95' title="bbox 2015 3237 3712 3295; baseline -0.001 -2"><span class='ocrx_word' id='word_1_725' title='bbox 2015 3238 2216 3294; x_wconf 89' lang='lat' dir='ltr'>ciente.</span> <span class='ocrx_word' id='word_1_726' title='bbox 2248 3242 2325 3294; x_wconf 87' lang='lat' dir='ltr'>E.</span> <span class='ocrx_word' id='word_1_727' title='bbox 2356 3241 2625 3294; x_wconf 83' lang='lat' dir='ltr'>Voluntas</span> <span class='ocrx_word' id='word_1_728' title='bbox 2654 3240 2809 3295; x_wconf 90' lang='lat' dir='ltr'>illius</span> <span class='ocrx_word' id='word_1_729' title='bbox 2866 3239 3008 3293; x_wconf 91' lang='lat' dir='ltr'>mihi</span> <span class='ocrx_word' id='word_1_730' title='bbox 3036 3244 3119 3293; x_wconf 82' lang='lat' dir='ltr'>est</span> <span class='ocrx_word' id='word_1_731' title='bbox 3172 3237 3493 3293; x_wconf 88' lang='lat' dir='ltr'>necessitas.</span> <span class='ocrx_word' id='word_1_732' title='bbox 3524 3239 3595 3291; x_wconf 87' lang='lat' dir='ltr'>A.</span> <span class='ocrx_word' id='word_1_733' title='bbox 3627 3238 3712 3291; x_wconf 89' lang='lat' dir='ltr'>Tu</span> 
     </span>
    </p>
   </div>
   <div class='ocr_carea' id='block_1_96' title="bbox 2014 3328 3712 3399">
    <p class='ocr_par' dir='ltr' id='par_1_96' title="bbox 2014 3328 3712 3399">
     <span class='ocr_line' id='line_1_96' title="bbox 2014 3328 3712 3399; baseline -0.001 -17"><span class='ocrx_word' id='word_1_734' title='bbox 2014 3328 2209 3399; x_wconf 90' lang='lat' dir='ltr'>itaque</span> <span class='ocrx_word' id='word_1_735' title='bbox 2243 3328 2450 3383; x_wconf 89' lang='lat' dir='ltr'>invitus</span> <span class='ocrx_word' id='word_1_736' title='bbox 2468 3330 2666 3383; x_wconf 89' lang='lat' dir='ltr'>beatus</span> <span class='ocrx_word' id='word_1_737' title='bbox 2693 3330 2822 3383; x_wconf 91' lang='lat' dir='ltr'>eris.</span> <span class='ocrx_word' id='word_1_738' title='bbox 2854 3330 2928 3385; x_wconf 89' lang='lat' dir='ltr'>E.</span> <span class='ocrx_word' id='word_1_739' title='bbox 2964 3329 3099 3383; x_wconf 87' lang='lat' dir='ltr'>Mihi</span> <span class='ocrx_word' id='word_1_740' title='bbox 3122 3328 3169 3381; x_wconf 93' lang='lat' dir='ltr'>si</span> <span class='ocrx_word' id='word_1_741' title='bbox 3197 3332 3343 3382; x_wconf 89' lang='lat' dir='ltr'>esset</span> <span class='ocrx_word' id='word_1_742' title='bbox 3370 3331 3617 3398; x_wconf 88' lang='lat' dir='ltr'>potestas</span> <span class='ocrx_word' id='word_1_743' title='bbox 3647 3331 3712 3381; x_wconf 90' lang='lat' dir='ltr'>ut</span> 
     </span>
    </p>
   </div>
   <div class='ocr_carea' id='block_1_97' title="bbox 2016 3415 3710 3489">
    <p class='ocr_par' dir='ltr' id='par_1_97' title="bbox 2016 3415 3710 3489">
     <span class='ocr_line' id='line_1_97' title="bbox 2016 3415 3710 3489; baseline -0.002 -18"><span class='ocrx_word' id='word_1_744' title='bbox 2016 3432 2195 3471; x_wconf 89' lang='lat' dir='ltr'>essem</span> <span class='ocrx_word' id='word_1_745' title='bbox 2228 3418 2468 3486; x_wconf 64' lang='lat' dir='ltr'>beatus‘,</span> <span class='ocrx_word' id='word_1_746' title='bbox 2505 3418 2626 3488; x_wconf 90' lang='lat' dir='ltr'>jam</span> <span class='ocrx_word' id='word_1_747' title='bbox 2655 3419 2908 3489; x_wconf 90' lang='lat' dir='ltr'>profecto</span> <span class='ocrx_word' id='word_1_748' title='bbox 2939 3434 3123 3472; x_wconf 91' lang='lat' dir='ltr'>essem</span> <span class='ocrx_word' id='word_1_749' title='bbox 3156 3434 3170 3471; x_wconf 86' lang='lat'><strong>:</strong></span> <span class='ocrx_word' id='word_1_750' title='bbox 3200 3418 3328 3471; x_wconf 92' lang='lat' dir='ltr'>volo</span> <span class='ocrx_word' id='word_1_751' title='bbox 3359 3416 3514 3470; x_wconf 89' lang='lat' dir='ltr'>enim</span> <span class='ocrx_word' id='word_1_752' title='bbox 3538 3415 3710 3469; x_wconf 88' lang='lat' dir='ltr'>etiam</span> 
     </span>
    </p>
   </div>
   <div class='ocr_carea' id='block_1_98' title="bbox 2015 3505 3710 3578">
    <p class='ocr_par' dir='ltr' id='par_1_98' title="bbox 2015 3505 3710 3578">
     <span class='ocr_line' id='line_1_98' title="bbox 2015 3505 3710 3578; baseline 0 -21"><span class='ocrx_word' id='word_1_753' title='bbox 2015 3522 2187 3575; x_wconf 91' lang='lat' dir='ltr'>nunc,</span> <span class='ocrx_word' id='word_1_754' title='bbox 2212 3511 2268 3562; x_wconf 87' lang='lat' dir='ltr'>et</span> <span class='ocrx_word' id='word_1_755' title='bbox 2296 3523 2411 3561; x_wconf 92' lang='lat' dir='ltr'>non</span> <span class='ocrx_word' id='word_1_756' title='bbox 2441 3523 2589 3572; x_wconf 90' lang='lat' dir='ltr'>sum,</span> <span class='ocrx_word' id='word_1_757' title='bbox 2617 3508 2751 3578; x_wconf 91' lang='lat' dir='ltr'>quia</span> <span class='ocrx_word' id='word_1_758' title='bbox 2780 3523 2897 3560; x_wconf 92' lang='lat' dir='ltr'>non</span> <span class='ocrx_word' id='word_1_759' title='bbox 2925 3523 3052 3577; x_wconf 90' lang='lat' dir='ltr'>ego,</span> <span class='ocrx_word' id='word_1_760' title='bbox 3100 3505 3200 3559; x_wconf 88' lang='lat' dir='ltr'>sed</span> <span class='ocrx_word' id='word_1_761' title='bbox 3228 3505 3325 3559; x_wconf 90' lang='lat' dir='ltr'>ille</span> <span class='ocrx_word' id='word_1_762' title='bbox 3354 3521 3446 3559; x_wconf 88' lang='lat' dir='ltr'>me</span> <span class='ocrx_word' id='word_1_763' title='bbox 3476 3505 3710 3558; x_wconf 91' lang='lat' dir='ltr'>beatum</span> 
     </span>
    </p>
   </div>
   <div class='ocr_carea' id='block_1_99' title="bbox 2013 3594 3713 3664">
    <p class='ocr_par' dir='ltr' id='par_1_99' title="bbox 2013 3594 3713 3664">
     <span class='ocr_line' id='line_1_99' title="bbox 2013 3594 3713 3664; baseline -0.001 -16"><span class='ocrx_word' id='word_1_764' title='bbox 2013 3594 2166 3650; x_wconf 88' lang='lat' dir='ltr'>facit.</span> <span class='ocrx_word' id='word_1_765' title='bbox 2198 3597 2269 3650; x_wconf 88' lang='lat' dir='ltr'>A.</span> <span class='ocrx_word' id='word_1_766' title='bbox 2304 3595 2528 3664; x_wconf 87' lang='lat' dir='ltr'>Optime</span> <span class='ocrx_word' id='word_1_767' title='bbox 2562 3596 2630 3650; x_wconf 93' lang='lat' dir='ltr'>de</span> <span class='ocrx_word' id='word_1_768' title='bbox 2663 3600 2718 3650; x_wconf 90' lang='lat' dir='ltr'>te</span> <span class='ocrx_word' id='word_1_769' title='bbox 2748 3595 2957 3649; x_wconf 89' lang='lat' dir='ltr'>veritas</span> <span class='ocrx_word' id='word_1_770' title='bbox 2988 3596 3211 3648; x_wconf 89' lang='lat' dir='ltr'>clamat.</span> <span class='ocrx_word' id='word_1_771' title='bbox 3249 3595 3373 3649; x_wconf 78' lang='lat' dir='ltr'>Non</span> <span class='ocrx_word' id='word_1_772' title='bbox 3403 3594 3558 3647; x_wconf 87' lang='lat' dir='ltr'>enim</span> <span class='ocrx_word' id='word_1_773' title='bbox 3586 3609 3713 3662; x_wconf 91' lang='lat' dir='ltr'>pos-</span> 
     </span>
    </p>
   </div>
   <div class='ocr_carea' id='block_1_100' title="bbox 2016 3682 3714 3754">
    <p class='ocr_par' dir='ltr' id='par_1_100' title="bbox 2016 3682 3714 3754">
     <span class='ocr_line' id='line_1_100' title="bbox 2016 3682 3714 3754; baseline -0.001 -17"><span class='ocrx_word' id='word_1_774' title='bbox 2016 3700 2105 3737; x_wconf 89' lang='lat' dir='ltr'>ses</span> <span class='ocrx_word' id='word_1_775' title='bbox 2132 3684 2286 3738; x_wconf 90' lang='lat' dir='ltr'>aliud</span> <span class='ocrx_word' id='word_1_776' title='bbox 2327 3684 2535 3737; x_wconf 90' lang='lat' dir='ltr'>sentire</span> <span class='ocrx_word' id='word_1_777' title='bbox 2566 3700 2686 3738; x_wconf 90' lang='lat' dir='ltr'>esse</span> <span class='ocrx_word' id='word_1_778' title='bbox 2732 3684 2794 3738; x_wconf 90' lang='lat' dir='ltr'>in</span> <span class='ocrx_word' id='word_1_779' title='bbox 2840 3688 3118 3754; x_wconf 90' lang='lat' dir='ltr'>potestate</span> <span class='ocrx_word' id='word_1_780' title='bbox 3163 3687 3375 3749; x_wconf 89' lang='lat' dir='ltr'>nostra,</span> <span class='ocrx_word' id='word_1_781' title='bbox 3407 3682 3520 3736; x_wconf 90' lang='lat' dir='ltr'>nisi</span> <span class='ocrx_word' id='word_1_782' title='bbox 3560 3682 3714 3753; x_wconf 92' lang='lat' dir='ltr'>quod</span> 
     </span>
    </p>
   </div>
   <div class='ocr_carea' id='block_1_101' title="bbox 2016 3770 3706 3843">
    <p class='ocr_par' dir='ltr' id='par_1_101' title="bbox 2016 3770 3706 3843">
     <span class='ocr_line' id='line_1_101' title="bbox 2016 3770 3706 3843; baseline -0.001 -17"><span class='ocrx_word' id='word_1_783' title='bbox 2016 3788 2146 3827; x_wconf 90' lang='lat' dir='ltr'>cum</span> <span class='ocrx_word' id='word_1_784' title='bbox 2173 3774 2459 3839; x_wconf 89' lang='lat' dir='ltr'>volumus,</span> <span class='ocrx_word' id='word_1_785' title='bbox 2493 3773 2750 3827; x_wconf 86' lang='lat' dir='ltr'>facimus.</span> <span class='ocrx_word' id='word_1_786' title='bbox 2779 3773 3138 3843; x_wconf 86' lang='lat' dir='ltr'>Quapropter</span> <span class='ocrx_word' id='word_1_787' title='bbox 3166 3770 3311 3825; x_wconf 90' lang='lat' dir='ltr'>nihil</span> <span class='ocrx_word' id='word_1_788' title='bbox 3336 3776 3454 3826; x_wconf 91' lang='lat' dir='ltr'>tam</span> <span class='ocrx_word' id='word_1_789' title='bbox 3482 3771 3543 3825; x_wconf 91' lang='lat' dir='ltr'>in</span> <span class='ocrx_word' id='word_1_790' title='bbox 3598 3787 3706 3825; x_wconf 92' lang='lat' dir='ltr'>no-</span> 
     </span>
    </p>
   </div>
   <div class='ocr_carea' id='block_1_102' title="bbox 2016 3860 3711 3932">
    <p class='ocr_par' dir='ltr' id='par_1_102' title="bbox 2016 3860 3711 3932">
     <span class='ocr_line' id='line_1_102' title="bbox 2016 3860 3711 3932; baseline -0.001 -17"><span class='ocrx_word' id='word_1_791' title='bbox 2016 3866 2132 3915; x_wconf 90' lang='lat' dir='ltr'>stra</span> <span class='ocrx_word' id='word_1_792' title='bbox 2158 3865 2459 3931; x_wconf 90' lang='lat' dir='ltr'>potestate,</span> <span class='ocrx_word' id='word_1_793' title='bbox 2486 3878 2659 3932; x_wconf 90' lang='lat' dir='ltr'>quam</span> <span class='ocrx_word' id='word_1_794' title='bbox 2685 3861 2810 3931; x_wconf 90' lang='lat' dir='ltr'>ipsa</span> <span class='ocrx_word' id='word_1_795' title='bbox 2834 3862 3097 3915; x_wconf 88' lang='lat' dir='ltr'>voluntas</span> <span class='ocrx_word' id='word_1_796' title='bbox 3122 3865 3224 3915; x_wconf 91' lang='lat' dir='ltr'>est.</span> <span class='ocrx_word' id='word_1_797' title='bbox 3259 3862 3334 3915; x_wconf 81' lang='lat' dir='ltr'>Ea</span> <span class='ocrx_word' id='word_1_798' title='bbox 3361 3860 3517 3914; x_wconf 91' lang='lat' dir='ltr'>enim</span> <span class='ocrx_word' id='word_1_799' title='bbox 3547 3876 3711 3930; x_wconf 89' lang='lat' dir='ltr'>pror-</span> 
     </span>
    </p>
   </div>
   <div class='ocr_carea' id='block_1_103' title="bbox 2017 3950 3707 4020">
    <p class='ocr_par' dir='ltr' id='par_1_103' title="bbox 2017 3950 3707 4020">
     <span class='ocr_line' id='line_1_103' title="bbox 2017 3950 3707 4020; baseline -0.001 -16"><span class='ocrx_word' id='word_1_800' title='bbox 2017 3968 2111 4006; x_wconf 89' lang='lat' dir='ltr'>sus</span> <span class='ocrx_word' id='word_1_801' title='bbox 2135 3952 2293 4005; x_wconf 89' lang='lat' dir='ltr'>nullo</span> <span class='ocrx_word' id='word_1_802' title='bbox 2332 3952 2648 4018; x_wconf 88' lang='lat' dir='ltr'>intervallo,</span> <span class='ocrx_word' id='word_1_803' title='bbox 2681 3968 2815 4005; x_wconf 81' lang='lat' dir='ltr'>mox</span> <span class='ocrx_word' id='word_1_804' title='bbox 2874 3955 2939 4005; x_wconf 91' lang='lat' dir='ltr'>ut</span> <span class='ocrx_word' id='word_1_805' title='bbox 2966 3950 3230 4004; x_wconf 91' lang='lat' dir='ltr'>volumus</span> <span class='ocrx_word' id='word_1_806' title='bbox 3259 3954 3469 4020; x_wconf 64' lang='lat' dir='ltr'>praesto</span> <span class='ocrx_word' id='word_1_807' title='bbox 3501 3954 3585 4003; x_wconf 90' lang='lat' dir='ltr'>est</span> <span class='ocrx_word' id='word_1_808' title='bbox 3615 3950 3707 4020; x_wconf 90' lang='lat' dir='ltr'>(a).</span> 
     </span>
    </p>
   </div>
   <div class='ocr_carea' id='block_1_104' title="bbox 2017 4038 3709 4109">
    <p class='ocr_par' dir='ltr' id='par_1_104' title="bbox 2017 4038 3709 4109">
     <span class='ocr_line' id='line_1_104' title="bbox 2017 4038 3709 4109; baseline -0.001 -16"><span class='ocrx_word' id='word_1_809' title='bbox 2017 4041 2083 4093; x_wconf 82' lang='lat' dir='ltr'>Et</span> <span class='ocrx_word' id='word_1_810' title='bbox 2106 4040 2234 4094; x_wconf 90' lang='lat' dir='ltr'>ideo</span> <span class='ocrx_word' id='word_1_811' title='bbox 2261 4045 2409 4093; x_wconf 89' lang='lat' dir='ltr'>recte</span> <span class='ocrx_word' id='word_1_812' title='bbox 2436 4055 2738 4109; x_wconf 90' lang='lat' dir='ltr'>possumus</span> <span class='ocrx_word' id='word_1_813' title='bbox 2760 4039 2969 4103; x_wconf 89' lang='lat' dir='ltr'>dicere,</span> <span class='ocrx_word' id='word_1_814' title='bbox 3004 4039 3127 4092; x_wconf 87' lang='lat' dir='ltr'>Non</span> <span class='ocrx_word' id='word_1_815' title='bbox 3156 4039 3450 4092; x_wconf 89' lang='lat' dir='ltr'>voluntate</span> <span class='ocrx_word' id='word_1_816' title='bbox 3468 4038 3709 4092; x_wconf 89' lang='lat' dir='ltr'>senesci-</span> 
     </span>
    </p>
   </div>
   <div class='ocr_carea' id='block_1_105' title="bbox 2016 4121 3710 4192">
    <p class='ocr_par' dir='ltr' id='par_1_105' title="bbox 2016 4121 3710 4192">
     <span class='ocr_line' id='line_1_105' title="bbox 2016 4121 3710 4192; baseline -0.002 -15"><span class='ocrx_word' id='word_1_817' title='bbox 2016 4123 2194 4192; x_wconf 56' lang='lat' dir='ltr'>mus”,</span> <span class='ocrx_word' id='word_1_818' title='bbox 2226 4124 2323 4178; x_wconf 89' lang='lat' dir='ltr'>sed</span> <span class='ocrx_word' id='word_1_819' title='bbox 2351 4124 2683 4177; x_wconf 89' lang='lat' dir='ltr'>necessitate</span> <span class='ocrx_word' id='word_1_820' title='bbox 2710 4143 2724 4188; x_wconf 87' lang='lat'><strong>;</strong></span> <span class='ocrx_word' id='word_1_821' title='bbox 2750 4126 2865 4189; x_wconf 86' lang='lat' dir='ltr'>aut,</span> <span class='ocrx_word' id='word_1_822' title='bbox 2918 4137 3034 4176; x_wconf 92' lang='lat' dir='ltr'>non</span> <span class='ocrx_word' id='word_1_823' title='bbox 3067 4122 3361 4175; x_wconf 89' lang='lat' dir='ltr'>voluntate</span> <span class='ocrx_word' id='word_1_824' title='bbox 3410 4121 3710 4187; x_wconf 89' lang='lat' dir='ltr'>morimur,</span> 
     </span>
    </p>
   </div>
   <div class='ocr_carea' id='block_1_106' title="bbox 2017 4209 3711 4282">
    <p class='ocr_par' dir='ltr' id='par_1_106' title="bbox 2017 4209 3711 4282">
     <span class='ocr_line' id='line_1_106' title="bbox 2017 4209 3711 4282; baseline -0.002 -16"><span class='ocrx_word' id='word_1_825' title='bbox 2017 4213 2117 4266; x_wconf 90' lang='lat' dir='ltr'>sed</span> <span class='ocrx_word' id='word_1_826' title='bbox 2146 4212 2480 4265; x_wconf 91' lang='lat' dir='ltr'>necessitate</span> <span class='ocrx_word' id='word_1_827' title='bbox 2508 4231 2523 4277; x_wconf 83' lang='lat'><strong>;</strong></span> <span class='ocrx_word' id='word_1_828' title='bbox 2550 4216 2606 4266; x_wconf 88' lang='lat' dir='ltr'>et</span> <span class='ocrx_word' id='word_1_829' title='bbox 2631 4212 2679 4264; x_wconf 90' lang='lat' dir='ltr'>si</span> <span class='ocrx_word' id='word_1_830' title='bbox 2710 4211 2848 4282; x_wconf 88' lang='lat' dir='ltr'>quid</span> <span class='ocrx_word' id='word_1_831' title='bbox 2878 4211 3034 4265; x_wconf 90' lang='lat' dir='ltr'>aliud</span> <span class='ocrx_word' id='word_1_832' title='bbox 3056 4209 3389 4279; x_wconf 88' lang='lat' dir='ltr'>hujusmodi</span> <span class='ocrx_word' id='word_1_833' title='bbox 3417 4225 3430 4262; x_wconf 89' lang='lat'><strong>:</strong></span> <span class='ocrx_word' id='word_1_834' title='bbox 3462 4226 3575 4263; x_wconf 90' lang='lat' dir='ltr'>non</span> <span class='ocrx_word' id='word_1_835' title='bbox 3612 4226 3711 4263; x_wconf 85' lang='lat' dir='ltr'>vo-</span> 
     </span>
    </p>
   </div>
   <div class='ocr_carea' id='block_1_107' title="bbox 2016 4297 3713 4371">
    <p class='ocr_par' dir='ltr' id='par_1_107' title="bbox 2016 4297 3713 4371">
     <span class='ocr_line' id='line_1_107' title="bbox 2016 4297 3713 4371; baseline -0.001 -18"><span class='ocrx_word' id='word_1_836' title='bbox 2016 4302 2230 4354; x_wconf 88' lang='lat' dir='ltr'>luntate</span> <span class='ocrx_word' id='word_1_837' title='bbox 2261 4304 2453 4353; x_wconf 88' lang='lat' dir='ltr'>autem</span> <span class='ocrx_word' id='word_1_838' title='bbox 2477 4301 2760 4369; x_wconf 89' lang='lat' dir='ltr'>volumus,</span> <span class='ocrx_word' id='word_1_839' title='bbox 2785 4300 2912 4371; x_wconf 91' lang='lat' dir='ltr'>quis</span> <span class='ocrx_word' id='word_1_840' title='bbox 2936 4300 3025 4353; x_wconf 91' lang='lat' dir='ltr'>vel</span> <span class='ocrx_word' id='word_1_841' title='bbox 3042 4298 3252 4353; x_wconf 89' lang='lat' dir='ltr'>delirus</span> <span class='ocrx_word' id='word_1_842' title='bbox 3275 4297 3713 4351; x_wconf 86' lang='lat' dir='ltr'>audeatdicere?</span> 
     </span>
    </p>
   </div>
   <div class='ocr_carea' id='block_1_108' title="bbox 2018 4386 3712 4460">
    <p class='ocr_par' dir='ltr' id='par_1_108' title="bbox 2018 4386 3712 4460">
     <span class='ocr_line' id='line_1_108' title="bbox 2018 4386 3712 4460; baseline -0.001 -19"><span class='ocrx_word' id='word_1_843' title='bbox 2018 4389 2422 4454; x_wconf 87' lang='lat' dir='ltr'>Quamobrem,</span> <span class='ocrx_word' id='word_1_844' title='bbox 2454 4389 2712 4459; x_wconf 87' lang='lat' dir='ltr'>quamvis</span> <span class='ocrx_word' id='word_1_845' title='bbox 2756 4388 3022 4460; x_wconf 72' lang='lat' dir='ltr'>praeseiat</span> <span class='ocrx_word' id='word_1_846' title='bbox 3043 4389 3189 4441; x_wconf 88' lang='lat' dir='ltr'>Deus</span> <span class='ocrx_word' id='word_1_847' title='bbox 3215 4390 3437 4440; x_wconf 85' lang='lat' dir='ltr'>nostras</span> <span class='ocrx_word' id='word_1_848' title='bbox 3456 4386 3712 4440; x_wconf 87' lang='lat' dir='ltr'>volunta-</span> 
     </span>
    </p>
   </div>
   <div class='ocr_carea' id='block_1_109' title="bbox 2017 4474 3710 4545">
    <p class='ocr_par' dir='ltr' id='par_1_109' title="bbox 2017 4474 3710 4545">
     <span class='ocr_line' id='line_1_109' title="bbox 2017 4474 3710 4545; baseline -0.002 -14"><span class='ocrx_word' id='word_1_849' title='bbox 2017 4482 2100 4531; x_wconf 89' lang='lat' dir='ltr'>tes</span> <span class='ocrx_word' id='word_1_850' title='bbox 2130 4478 2368 4545; x_wconf 87' lang='lat' dir='ltr'>futuras,</span> <span class='ocrx_word' id='word_1_851' title='bbox 2401 4494 2517 4531; x_wconf 83' lang='lat' dir='ltr'>non</span> <span class='ocrx_word' id='word_1_852' title='bbox 2548 4494 2612 4531; x_wconf 79' lang='lat' dir='ltr'>ex</span> <span class='ocrx_word' id='word_1_853' title='bbox 2639 4494 2705 4532; x_wconf 91' lang='lat' dir='ltr'>eo</span> <span class='ocrx_word' id='word_1_854' title='bbox 2733 4482 2928 4532; x_wconf 89' lang='lat' dir='ltr'>tamen</span> <span class='ocrx_word' id='word_1_855' title='bbox 2947 4474 3246 4530; x_wconf 88' lang='lat' dir='ltr'>conﬁcitur</span> <span class='ocrx_word' id='word_1_856' title='bbox 3273 4479 3338 4528; x_wconf 92' lang='lat' dir='ltr'>ut</span> <span class='ocrx_word' id='word_1_857' title='bbox 3366 4491 3481 4529; x_wconf 91' lang='lat' dir='ltr'>non</span> <span class='ocrx_word' id='word_1_858' title='bbox 3511 4476 3710 4529; x_wconf 90' lang='lat' dir='ltr'>volun-</span> 
     </span>
    </p>
   </div>
   <div class='ocr_carea' id='block_1_110' title="bbox 2017 4563 3712 4638">
    <p class='ocr_par' dir='ltr' id='par_1_110' title="bbox 2017 4563 3712 4638">
     <span class='ocr_line' id='line_1_110' title="bbox 2017 4563 3712 4638; baseline -0.001 -17"><span class='ocrx_word' id='word_1_859' title='bbox 2017 4572 2129 4621; x_wconf 89' lang='lat' dir='ltr'>tate</span> <span class='ocrx_word' id='word_1_860' title='bbox 2150 4567 2366 4638; x_wconf 85' lang='lat' dir='ltr'>aliquid</span> <span class='ocrx_word' id='word_1_861' title='bbox 2391 4569 2647 4622; x_wconf 88' lang='lat' dir='ltr'>velimus.</span> <span class='ocrx_word' id='word_1_862' title='bbox 2673 4569 2815 4622; x_wconf 87' lang='lat' dir='ltr'>Nam</span> <span class='ocrx_word' id='word_1_863' title='bbox 2832 4570 2887 4620; x_wconf 90' lang='lat' dir='ltr'>et</span> <span class='ocrx_word' id='word_1_864' title='bbox 2915 4566 2985 4619; x_wconf 93' lang='lat' dir='ltr'>de</span> <span class='ocrx_word' id='word_1_865' title='bbox 3013 4563 3361 4619; x_wconf 79' lang='lat' dir='ltr'>beatitudine</span> <span class='ocrx_word' id='word_1_866' title='bbox 3392 4566 3543 4635; x_wconf 89' lang='lat' dir='ltr'>quod</span> <span class='ocrx_word' id='word_1_867' title='bbox 3573 4564 3712 4619; x_wconf 86' lang='lat' dir='ltr'>dixi-</span> 
     </span>
    </p>
   </div>
   <div class='ocr_carea' id='block_1_111' title="bbox 2016 4652 3713 4727">
    <p class='ocr_par' dir='ltr' id='par_1_111' title="bbox 2016 4652 3713 4727">
     <span class='ocr_line' id='line_1_111' title="bbox 2016 4652 3713 4727; baseline -0.001 -18"><span class='ocrx_word' id='word_1_868' title='bbox 2016 4657 2109 4724; x_wconf 92' lang='lat' dir='ltr'>sti,</span> <span class='ocrx_word' id='word_1_869' title='bbox 2143 4673 2259 4710; x_wconf 92' lang='lat' dir='ltr'>non</span> <span class='ocrx_word' id='word_1_870' title='bbox 2283 4657 2380 4710; x_wconf 90' lang='lat' dir='ltr'>abs</span> <span class='ocrx_word' id='word_1_871' title='bbox 2410 4658 2590 4727; x_wconf 77' lang='lat' dir='ltr'>teipse</span> <span class='ocrx_word' id='word_1_872' title='bbox 2615 4658 2843 4711; x_wconf 88' lang='lat' dir='ltr'>beatum</span> <span class='ocrx_word' id='word_1_873' title='bbox 2874 4653 3020 4719; x_wconf 89' lang='lat' dir='ltr'>ﬁeri,</span> <span class='ocrx_word' id='word_1_874' title='bbox 3050 4653 3130 4707; x_wconf 88' lang='lat' dir='ltr'>ita</span> <span class='ocrx_word' id='word_1_875' title='bbox 3162 4652 3373 4721; x_wconf 81' lang='lat' dir='ltr'>dixisti,</span> <span class='ocrx_word' id='word_1_876' title='bbox 3407 4654 3571 4725; x_wconf 89' lang='lat' dir='ltr'>quasi</span> <span class='ocrx_word' id='word_1_877' title='bbox 3602 4655 3713 4708; x_wconf 89' lang='lat' dir='ltr'>hoc</span> 
     </span>
    </p>
   </div>
   <div class='ocr_carea' id='block_1_112' title="bbox 2016 4743 3711 4817">
    <p class='ocr_par' dir='ltr' id='par_1_112' title="bbox 2016 4743 3711 4817">
     <span class='ocr_line' id='line_1_112' title="bbox 2016 4743 3711 4817; baseline -0.001 -18"><span class='ocrx_word' id='word_1_878' title='bbox 2016 4763 2121 4817; x_wconf 87' lang='lat' dir='ltr'>ego</span> <span class='ocrx_word' id='word_1_879' title='bbox 2155 4746 2517 4816; x_wconf 86' lang='lat' dir='ltr'>negaverim:</span> <span class='ocrx_word' id='word_1_880' title='bbox 2550 4746 2647 4800; x_wconf 91' lang='lat' dir='ltr'>sed</span> <span class='ocrx_word' id='word_1_881' title='bbox 2674 4745 2820 4810; x_wconf 92' lang='lat' dir='ltr'>dico,</span> <span class='ocrx_word' id='word_1_882' title='bbox 2853 4759 2981 4797; x_wconf 91' lang='lat' dir='ltr'>cum</span> <span class='ocrx_word' id='word_1_883' title='bbox 3004 4743 3230 4797; x_wconf 90' lang='lat' dir='ltr'>futurus</span> <span class='ocrx_word' id='word_1_884' title='bbox 3259 4759 3317 4795; x_wconf 92' lang='lat' dir='ltr'>es</span> <span class='ocrx_word' id='word_1_885' title='bbox 3342 4743 3561 4811; x_wconf 88' lang='lat' dir='ltr'>beatus,</span> <span class='ocrx_word' id='word_1_886' title='bbox 3595 4760 3711 4798; x_wconf 91' lang='lat' dir='ltr'>non</span> 
     </span>
    </p>
   </div>
   <div class='ocr_carea' id='block_1_113' title="bbox 2016 4832 3709 4903">
    <p class='ocr_par' dir='ltr' id='par_1_113' title="bbox 2016 4832 3709 4903">
     <span class='ocr_line' id='line_1_113' title="bbox 2016 4832 3709 4903; baseline -0.002 -14"><span class='ocrx_word' id='word_1_887' title='bbox 2016 4840 2071 4889; x_wconf 90' lang='lat' dir='ltr'>te</span> <span class='ocrx_word' id='word_1_888' title='bbox 2103 4835 2363 4902; x_wconf 89' lang='lat' dir='ltr'>invitum,</span> <span class='ocrx_word' id='word_1_889' title='bbox 2397 4836 2492 4889; x_wconf 91' lang='lat' dir='ltr'>sed</span> <span class='ocrx_word' id='word_1_890' title='bbox 2523 4834 2807 4888; x_wconf 91' lang='lat' dir='ltr'>volentem</span> <span class='ocrx_word' id='word_1_891' title='bbox 2837 4832 3113 4887; x_wconf 88' lang='lat' dir='ltr'>futurum.</span> <span class='ocrx_word' id='word_1_892' title='bbox 3149 4833 3289 4887; x_wconf 88' lang='lat' dir='ltr'>Cum</span> <span class='ocrx_word' id='word_1_893' title='bbox 3334 4832 3515 4902; x_wconf 83' lang='lat' dir='ltr'>igitur</span> <span class='ocrx_word' id='word_1_894' title='bbox 3564 4849 3709 4903; x_wconf 69' lang='lat' dir='ltr'>prae-</span> 
     </span>
    </p>
   </div>
   <div class='ocr_carea' id='block_1_114' title="bbox 2016 4921 3710 4989">
    <p class='ocr_par' dir='ltr' id='par_1_114' title="bbox 2016 4921 3710 4989">
     <span class='ocr_line' id='line_1_114' title="bbox 2016 4921 3710 4989; baseline -0.002 -12"><span class='ocrx_word' id='word_1_895' title='bbox 2016 4925 2163 4978; x_wconf 90' lang='lat' dir='ltr'>scius</span> <span class='ocrx_word' id='word_1_896' title='bbox 2198 4926 2343 4979; x_wconf 90' lang='lat' dir='ltr'>Deus</span> <span class='ocrx_word' id='word_1_897' title='bbox 2371 4924 2440 4978; x_wconf 90' lang='lat' dir='ltr'>sit</span> <span class='ocrx_word' id='word_1_898' title='bbox 2468 4924 2674 4977; x_wconf 86' lang='lat' dir='ltr'>futurae</span> <span class='ocrx_word' id='word_1_899' title='bbox 2704 4921 3071 4975; x_wconf 87' lang='lat' dir='ltr'>beatitudinis</span> <span class='ocrx_word' id='word_1_900' title='bbox 3101 4926 3233 4989; x_wconf 66' lang='lat' dir='ltr'>tuae,</span> <span class='ocrx_word' id='word_1_901' title='bbox 3268 4938 3374 4975; x_wconf 90' lang='lat' dir='ltr'>nec</span> <span class='ocrx_word' id='word_1_902' title='bbox 3404 4922 3569 4977; x_wconf 91' lang='lat' dir='ltr'>aliter</span> <span class='ocrx_word' id='word_1_903' title='bbox 3605 4921 3710 4975; x_wconf 89' lang='lat' dir='ltr'>ali-</span> 
     </span>
    </p>
   </div>
   <div class='ocr_carea' id='block_1_115' title="bbox 2015 5010 3712 5084">
    <p class='ocr_par' dir='ltr' id='par_1_115' title="bbox 2015 5010 3712 5084">
     <span class='ocr_line' id='line_1_115' title="bbox 2015 5010 3712 5084; baseline -0.002 -19"><span class='ocrx_word' id='word_1_904' title='bbox 2015 5013 2152 5084; x_wconf 89' lang='lat' dir='ltr'>quid</span> <span class='ocrx_word' id='word_1_905' title='bbox 2182 5013 2305 5067; x_wconf 87' lang='lat' dir='ltr'>ﬁeri</span> <span class='ocrx_word' id='word_1_906' title='bbox 2333 5012 2512 5083; x_wconf 90' lang='lat' dir='ltr'>possit</span> <span class='ocrx_word' id='word_1_907' title='bbox 2540 5027 2713 5082; x_wconf 88' lang='lat' dir='ltr'>quam</span> <span class='ocrx_word' id='word_1_908' title='bbox 2744 5010 2840 5065; x_wconf 89' lang='lat' dir='ltr'>ille</span> <span class='ocrx_word' id='word_1_909' title='bbox 2896 5010 3197 5081; x_wconf 67' lang='lat' dir='ltr'>praescivit,</span> <span class='ocrx_word' id='word_1_910' title='bbox 3261 5010 3514 5082; x_wconf 90' lang='lat' dir='ltr'>alioquin</span> <span class='ocrx_word' id='word_1_911' title='bbox 3554 5010 3712 5063; x_wconf 89' lang='lat' dir='ltr'>nulla</span> 
     </span>
    </p>
   </div>
   <div class='ocr_carea' id='block_1_116' title="bbox 2013 5096 3707 5172">
    <p class='ocr_par' dir='ltr' id='par_1_116' title="bbox 2013 5096 3707 5172">
     <span class='ocr_line' id='line_1_116' title="bbox 2013 5096 3707 5172; baseline -0.004 -16"><span class='ocrx_word' id='word_1_912' title='bbox 2013 5102 2372 5172; x_wconf 81' lang='lat' dir='ltr'>praescientia</span> <span class='ocrx_word' id='word_1_913' title='bbox 2402 5104 2517 5166; x_wconf 88' lang='lat' dir='ltr'>est;</span> <span class='ocrx_word' id='word_1_914' title='bbox 2554 5116 2671 5153; x_wconf 90' lang='lat' dir='ltr'>non</span> <span class='ocrx_word' id='word_1_915' title='bbox 2700 5103 2893 5153; x_wconf 89' lang='lat' dir='ltr'>tamen</span> <span class='ocrx_word' id='word_1_916' title='bbox 2934 5116 3001 5154; x_wconf 86' lang='lat' dir='ltr'>ex</span> <span class='ocrx_word' id='word_1_917' title='bbox 3049 5116 3115 5155; x_wconf 92' lang='lat' dir='ltr'>eo</span> <span class='ocrx_word' id='word_1_918' title='bbox 3163 5099 3425 5170; x_wconf 90' lang='lat' dir='ltr'>cogimur</span> <span class='ocrx_word' id='word_1_919' title='bbox 3477 5096 3707 5165; x_wconf 90' lang='lat' dir='ltr'>sentire,</span> 
     </span>
    </p>
   </div>
   <div class='ocr_carea' id='block_1_117' title="bbox 2080 5221 3704 5274">
    <p class='ocr_par' dir='ltr' id='par_1_117' title="bbox 2080 5221 3704 5274">
     <span class='ocr_line' id='line_1_117' title="bbox 2080 5221 3704 5274; baseline -0.003 0"><span class='ocrx_word' id='word_1_920' title='bbox 2080 5229 2095 5261; x_wconf 79' lang='grc' dir='ltr'><strong><em>ι</em></strong></span> <span class='ocrx_word' id='word_1_921' title='bbox 2125 5226 2292 5274; x_wconf 84' lang='lat' dir='ltr'>Locus</span> <span class='ocrx_word' id='word_1_922' title='bbox 2322 5226 2377 5272; x_wconf 91' lang='lat' dir='ltr'>in</span> <span class='ocrx_word' id='word_1_923' title='bbox 2407 5224 2637 5273; x_wconf 87' lang='lat' dir='ltr'>editione</span> <span class='ocrx_word' id='word_1_924' title='bbox 2690 5224 3003 5273; x_wconf 88' lang='lat' dir='ltr'>Lovaniensi</span> <span class='ocrx_word' id='word_1_925' title='bbox 3050 5224 3432 5273; x_wconf 84' lang='lat' dir='ltr'>interturbatus</span> <span class='ocrx_word' id='word_1_926' title='bbox 3476 5221 3620 5270; x_wconf 89' lang='lat' dir='ltr'>hunc</span> <span class='ocrx_word' id='word_1_927' title='bbox 3652 5222 3704 5269; x_wconf 91' lang='lat' dir='ltr'>in</span> 
     </span>
    </p>
   </div>
   <div class='ocr_carea' id='block_1_118' title="bbox 2012 5284 3706 5347">
    <p class='ocr_par' dir='ltr' id='par_1_118' title="bbox 2012 5284 3706 5347">
     <span class='ocr_line' id='line_1_118' title="bbox 2012 5284 3706 5347; baseline -0.003 -10"><span class='ocrx_word' id='word_1_928' title='bbox 2012 5288 2229 5337; x_wconf 86' lang='lat' dir='ltr'>modum</span> <span class='ocrx_word' id='word_1_929' title='bbox 2266 5291 2330 5336; x_wconf 88' lang='lat' dir='ltr'>In</span> <span class='ocrx_word' id='word_1_930' title='bbox 2353 5291 2402 5337; x_wconf 86' lang='lat' dir='ltr'>te</span> <span class='ocrx_word' id='word_1_931' title='bbox 2431 5284 2516 5346; x_wconf 80' lang='lat' dir='ltr'>ﬁet</span> <span class='ocrx_word' id='word_1_932' title='bbox 2541 5285 2813 5337; x_wconf 76' lang='lat' dir='ltr'>beatitudo</span> <span class='ocrx_word' id='word_1_933' title='bbox 2846 5291 2940 5337; x_wconf 83' lang='lat' dir='ltr'>tua</span> <span class='ocrx_word' id='word_1_934' title='bbox 2971 5291 3078 5335; x_wconf 90' lang='lat' dir='ltr'>Deo</span> <span class='ocrx_word' id='word_1_935' title='bbox 3109 5286 3359 5347; x_wconf 73' lang='lat' dir='ltr'>faciente.</span> <span class='ocrx_word' id='word_1_936' title='bbox 3385 5286 3447 5332; x_wconf 81' lang='grc' dir='ltr'>Ε.</span> <span class='ocrx_word' id='word_1_937' title='bbox 3479 5286 3551 5333; x_wconf 82' lang='lat' dir='ltr'>Tu</span> <span class='ocrx_word' id='word_1_938' title='bbox 3582 5296 3706 5346; x_wconf 86' lang='lat' dir='ltr'>ergo</span> 
     </span>
    </p>
   </div>
   <div class='ocr_carea' id='block_1_119' title="bbox 2010 5347 3711 5400">
    <p class='ocr_par' dir='ltr' id='par_1_119' title="bbox 2010 5347 3711 5400">
     <span class='ocr_line' id='line_1_119' title="bbox 2010 5347 3711 5400; baseline -0.003 0"><span class='ocrx_word' id='word_1_939' title='bbox 2010 5351 2217 5400; x_wconf 76' lang='lat' dir='ltr'>invitus</span> <span class='ocrx_word' id='word_1_940' title='bbox 2249 5349 2439 5399; x_wconf 72' lang='lat' dir='ltr'>beatus</span> <span class='ocrx_word' id='word_1_941' title='bbox 2469 5362 2522 5399; x_wconf 86' lang='lat' dir='ltr'>es</span> <span class='ocrx_word' id='word_1_942' title='bbox 2542 5352 2564 5397; x_wconf 87' lang='lat'><strong>?</strong></span> <span class='ocrx_word' id='word_1_943' title='bbox 2600 5349 2846 5399; x_wconf 76' lang='lat' dir='ltr'>Voluntas</span> <span class='ocrx_word' id='word_1_944' title='bbox 2871 5349 3023 5400; x_wconf 76' lang='lat' dir='ltr'>illius</span> <span class='ocrx_word' id='word_1_945' title='bbox 3053 5347 3185 5396; x_wconf 74' lang='lat' dir='ltr'>mihi</span> <span class='ocrx_word' id='word_1_946' title='bbox 3217 5350 3286 5395; x_wconf 84' lang='lat' dir='ltr'>est</span> <span class='ocrx_word' id='word_1_947' title='bbox 3314 5349 3603 5395; x_wconf 77' lang='lat' dir='ltr'>necessitas.</span> <span class='ocrx_word' id='word_1_948' title='bbox 3653 5349 3711 5395; x_wconf 73' lang='lat' dir='ltr'>St</span> 
     </span>
    </p>
   </div>
   <div class='ocr_carea' id='block_1_120' title="bbox 2011 5413 2877 5472">
    <p class='ocr_par' dir='ltr' id='par_1_120' title="bbox 2011 5413 2877 5472">
     <span class='ocr_line' id='line_1_120' title="bbox 2011 5413 2877 5472; baseline -0.003 -10"><span class='ocrx_word' id='word_1_949' title='bbox 2011 5415 2148 5463; x_wconf 75' lang='lat' dir='ltr'>enim</span> <span class='ocrx_word' id='word_1_950' title='bbox 2184 5413 2308 5461; x_wconf 75' lang='lat' dir='ltr'>mihi</span> <span class='ocrx_word' id='word_1_951' title='bbox 2339 5416 2465 5461; x_wconf 76' lang='lat' dir='ltr'>esset</span> <span class='ocrx_word' id='word_1_952' title='bbox 2489 5414 2744 5472; x_wconf 78' lang='lat' dir='ltr'>potestas,</span> <span class='ocrx_word' id='word_1_953' title='bbox 2778 5417 2877 5461; x_wconf 88' lang='lat' dir='ltr'>etc.</span> 
     </span>
    </p>
   </div>
   <div class='ocr_carea' id='block_1_121' title="bbox 2073 5470 3599 5537">
    <p class='ocr_par' dir='ltr' id='par_1_121' title="bbox 2073 5470 3599 5537">
     <span class='ocr_line' id='line_1_121' title="bbox 2073 5470 3599 5537; baseline -0.002 -14"><span class='ocrx_word' id='word_1_954' title='bbox 2073 5478 2094 5510; x_wconf 75' lang='grc'><strong>2</strong></span> <span class='ocrx_word' id='word_1_955' title='bbox 2113 5476 2201 5523; x_wconf 89' lang='lat' dir='ltr'>Er.</span> <span class='ocrx_word' id='word_1_956' title='bbox 2228 5474 2388 5537; x_wconf 79' lang='lat' dir='ltr'>Lugd.</span> <span class='ocrx_word' id='word_1_957' title='bbox 2411 5470 2538 5523; x_wconf 81' lang='lat' dir='ltr'>Ven.</span> <span class='ocrx_word' id='word_1_958' title='bbox 2563 5478 2614 5523; x_wconf 89' lang='lat' dir='ltr'>et</span> <span class='ocrx_word' id='word_1_959' title='bbox 2635 5476 2787 5534; x_wconf 88' lang='lat' dir='ltr'>Lov.,</span> <span class='ocrx_word' id='word_1_960' title='bbox 2810 5488 2917 5522; x_wconf 82' lang='lat' dir='ltr'>non</span> <span class='ocrx_word' id='word_1_961' title='bbox 2939 5473 3221 5523; x_wconf 80' lang='lat' dir='ltr'>voluntate</span> <span class='ocrx_word' id='word_1_962' title='bbox 3249 5470 3487 5521; x_wconf 70' lang='lat' dir='ltr'>i&#39;ivt&#39;mus.</span> <span class='ocrx_word' id='word_1_963' title='bbox 3525 5470 3599 5521; x_wconf 65' lang='lat' dir='ltr'>M.</span> 
     </span>
    </p>
   </div>
   <div class='ocr_carea' id='block_1_122' title="bbox 2075 5554 3195 5617">
    <p class='ocr_par' dir='ltr' id='par_1_122' title="bbox 2075 5554 3195 5617">
     <span class='ocr_line' id='line_1_122' title="bbox 2075 5554 3195 5617; baseline -0.003 -14"><span class='ocrx_word' id='word_1_964' title='bbox 2075 5555 2147 5617; x_wconf 82' lang='grc' dir='ltr'>(α)</span> <span class='ocrx_word' id='word_1_965' title='bbox 2174 5555 2290 5605; x_wconf 85' lang='lat' dir='ltr'>Vid.</span> <span class='ocrx_word' id='word_1_966' title='bbox 2322 5556 2547 5604; x_wconf 79' lang='lat' dir='ltr'>Retract.</span> <span class='ocrx_word' id='word_1_967' title='bbox 2581 5554 2695 5603; x_wconf 90' lang='lat' dir='ltr'>Lib.</span> <span class='ocrx_word' id='word_1_968' title='bbox 2736 5558 2779 5611; x_wconf 79' lang='grc'>1,</span> <span class='ocrx_word' id='word_1_969' title='bbox 2803 5568 2915 5616; x_wconf 88' lang='lat' dir='ltr'>cap.</span> <span class='ocrx_word' id='word_1_970' title='bbox 2952 5554 2999 5611; x_wconf 85' lang='lat'>9,</span> <span class='ocrx_word' id='word_1_971' title='bbox 3032 5565 3083 5600; x_wconf 91' lang='lat' dir='ltr'>n.</span> <span class='ocrx_word' id='word_1_972' title='bbox 3109 5554 3155 5599; x_wconf 88' lang='lat'>3.</span> <span class='ocrx_word' id='word_1_973' title='bbox 3188 5593 3195 5600; x_wconf 95' lang='lat'>.</span> 
     </span>
    </p>
   </div>
  </div>
