4036 6182
325 334 457 386 12⁸75

321 454 478 528 quod
509 451 987 507 absurdissimum
1020 454 1105 503 est
1126 455 1182 504 et
1202 450 1373 518 longe
1401 463 1434 501 a
1460 445 1694 502 veritate
1723 445 2028 511 seclusum,

319 560 438 599 non
468 547 524 598 te
553 543 840 596 volentem
870 539 1104 594 beatum
1159 537 1437 592 futurum.
1471 535 1630 591 Sicut
1674 543 1771 590 aut
1815 535 2020 589 volun-

320 637 497 688 tatem
527 627 919 697 beatitudinis,
946 643 1076 681 cum
1103 642 1224 680 esse
1255 625 1495 696 coeperis
1523 624 1744 694 beatus,
1774 640 1889 679 non
1921 622 2026 678 tibi

323 721 509 777 aufert
536 718 892 792 praescientia
921 716 1041 783 Dei,
1070 732 1198 786 quae
1228 714 1516 784 hodieque
1562 714 1631 768 de
1685 719 1785 768 tua
1836 713 2028 767 futura

322 808 679 865 beatitudine
709 811 864 861 certa
893 810 1008 860 est:
1037 804 1118 858 sic
1143 803 1313 858 etiam
1344 803 1606 856 voluntas
1624 799 1942 872 culpabilis,
1979 798 2027 853 si

328 915 442 971 qua
474 898 534 952 in
563 902 617 950 te
647 896 841 950 futura
870 899 972 961 est,
995 909 1114 947 non
1131 895 1438 963 propterea
1461 891 1720 944 voluntas
1746 905 1864 944 non
1896 887 2024 956 erit,

328 986 605 1059 quoniam
638 987 786 1040 Deus
826 999 952 1037 eam
980 983 1232 1037 futuram
1261 995 1381 1035 esse
1405 978 1707 1051 praescivit.

396 1079 448 1130 8.
474 1073 720 1129 Attende
751 1072 922 1137 enim,
955 1087 1171 1142 quaeso,
1220 1072 1434 1140 quanta
1491 1067 1741 1122 caecitate
1781 1066 2023 1132 dicatur,

321 1163 379 1218 Si
394 1162 678 1234 prazscivit
693 1163 837 1216 Deus
855 1161 1108 1214 futuram
1130 1159 1484 1212 voluntatem
1517 1172 1726 1222 meam,
1752 1154 2027 1226 quoniam

324 1251 467 1306 nihil
499 1251 663 1305 aliter
691 1254 881 1321 potest
906 1248 1031 1302 fieri
1053 1263 1228 1319 quam
1249 1245 1552 1317 praescivit,
1595 1260 1822 1299 necesse
1853 1248 1939 1298 est
1963 1246 2030 1297 ut

323 1341 496 1395 velim
526 1339 679 1410 quod
703 1339 798 1392 ille
829 1337 1149 1409 praescivit;
1183 1335 1230 1390 si
1256 1340 1447 1389 autem
1491 1350 1717 1388 necesse
1751 1339 1854 1399 est,
1905 1348 2028 1386 non

321 1429 441 1498 jam
470 1428 781 1494 voluntate,
811 1425 910 1480 sed
939 1424 1272 1479 necessitate
1301 1423 1360 1478 id
1414 1438 1505 1476 me
1542 1423 1685 1476 velle
1729 1421 2028 1476 fatendum

327 1520 430 1572 est.
465 1517 508 1570 Ο
541 1515 839 1570 stultitiam
874 1512 1254 1585 singularem!
1281 1511 1578 1576 Quomodo
1610 1526 1746 1581 ergo
1777 1525 1894 1564 non
1923 1526 2026 1580 po-

324 1608 438 1659 test
463 1603 620 1658 aliud
653 1602 777 1656 tieri
807 1617 980 1673 quam
1008 1599 1291 1671 praescivit
1318 1601 1486 1665 Deus,
1538 1598 1585 1652 si
1615 1599 1874 1653 voluntas
1910 1613 2029 1651 non

326 1693 455 1758 erit,
480 1707 655 1762 quam
680 1691 1031 1744 voluntatem
1053 1690 1305 1743 futuram
1331 1688 1426 1742 ille
1444 1687 1828 1758 praesciverit?
1856 1685 2030 1742 Omit-

325 1785 384 1836 to
424 1781 568 1835 illud
600 1796 763 1851 aeque
818 1782 1266 1844 monstruosum,
1322 1778 1475 1848 quod
1529 1777 1699 1848 paulo
1749 1780 1878 1830 ante
1911 1773 2027 1829 dixi

329 1870 599 1924 eumdem
630 1867 926 1922 hominem
957 1867 1167 1936 dicere,
1220 1867 1454 1920 Necesse
1503 1869 1587 1919 est
1635 1869 1697 1918 ut
1724 1864 1804 1918 ita
1834 1863 2024 1929 velim,

330 1957 431 2029 qui
462 1957 801 2011 necessitate
833 1955 1124 2026 supposita
1151 1955 1373 2008 auferre
1404 1954 1605 2008 nititur
1630 1952 2028 2007 voluntatem‘.

329 2046 387 2100 Si
416 2045 568 2099 enim
600 2060 827 2098 necesse
857 2049 941 2098 est
973 2047 1035 2098 ut
1060 2042 1213 2110 velit,
1242 2043 1391 2097 unde
1421 2043 1572 2096 volet
1602 2057 1730 2096 cum
1770 2041 2031 2094 voluntas

328 2151 443 2189 non
465 2133 575 2188 erit
587 2132 794 2204 ?;Quod
825 2133 872 2186 si
902 2149 1018 2187 non
1037 2133 1144 2187 hoc
1156 2132 1328 2186 modo
1349 2131 1576 2198 dixerit,
1599 2131 1698 2185 sed
1722 2129 1926 2185 dixerit
1949 2145 2030 2196 se,

332 2224 468 2295 quia
495 2239 726 2277 necesse
757 2226 840 2275 est
888 2227 952 2276 ut
977 2221 1132 2289 velit,
1180 2221 1364 2291 ipsam
1413 2221 1759 2274 voluntatem
1788 2219 1850 2273 in
1880 2223 2034 2290 pote‘-

329 2317 472 2366 state
503 2327 618 2365 non
651 2311 861 2364 habere
886 2326 900 2364 :
934 2315 1265 2364 occurretur
1293 2325 1359 2363 ex
1390 2325 1456 2363 eo
1489 2309 1641 2380 quod
1663 2309 1785 2380 ipse
1816 2306 2031 2375 dixisti,

333 2415 464 2452 cum
496 2414 818 2468 quaererem
850 2402 1046 2452 utrum
1074 2397 1284 2452 invitus
1312 2398 1512 2452 beatus
1545 2397 1770 2452 futurus
1814 2396 1915 2450 sis:
1935 2411 2032 2450 re-

333 2483 620 2554 spondisti
651 2483 807 2536 enim
839 2483 992 2554 quod
1017 2483 1136 2553 jam
1167 2499 1316 2536 esses
1340 2483 1563 2552 beatus,
1588 2483 1634 2536 si
1665 2486 1917 2554 potestas
1943 2497 2034 2536 es-

334 2578 422 2627 set
448 2572 508 2626 in
539 2578 593 2626 te
617 2589 630 2640 ;
663 2573 806 2626 velle
821 2573 976 2627 enim
993 2578 1067 2639 te,
1096 2573 1192 2626 sed
1223 2573 1478 2627 nondum
1503 2589 1669 2644 posse
1696 2571 1899 2627 dixisti.
1932 2569 2039 2625 Ubi

335 2677 446 2732 ego
479 2660 694 2731 subjeci
721 2661 788 2715 de
819 2665 873 2714 te
921 2662 1193 2715 clamasse
1232 2660 1557 2715 veritatem:
1601 2677 1718 2715 non
1745 2659 1901 2714 enim
1942 2675 2039 2714 ne-

335 2765 473 2822 gare
502 2765 809 2821 possumus
837 2749 1048 2804 habere
1069 2765 1171 2803 nos
1183 2753 1542 2820 potestatem,
1577 2748 1688 2803 nisi
1715 2748 1851 2802 dum
1875 2747 2039 2802 nobis

334 2855 450 2893 non
474 2838 630 2893 adest
667 2837 821 2909 quod
851 2839 1149 2904 volumus;
1174 2837 1311 2891 dum
1343 2841 1536 2891 autem
1582 2837 1844 2891 volumus
1867 2835 1914 2890 si
1943 2852 2037 2890 vo-

334 2928 521 2981 luntas
551 2927 678 2998 ipsa
716 2926 876 2980 deest
902 2925 1082 2992 nobis,
1107 2941 1225 2979 non
1263 2925 1462 2996 utique
1479 2925 1768 2980 volumus.
1801 2924 1960 2990 Quod
1992 2924 2040 2978 si

335 3014 461 3070 ﬁeri
484 3030 598 3068 non
631 3018 821 3085 potest
850 3018 914 3068 ut
945 3014 1084 3067 dum
1117 3015 1379 3068 volumus
1414 3029 1531 3068 non
1559 3013 1822 3080 velimus,
1881 3013 2042 3067 adest

336 3104 534 3175 utique
563 3104 830 3157 voluntas
875 3103 1200 3157 volentibus
1224 3119 1238 3169 ;
1293 3119 1396 3156 nec
1425 3101 1581 3157 aliud
1610 3101 1926 3173 quidquam
1957 3105 2042 3156 est

336 3193 398 3246 in
427 3195 726 3263 potestate,
755 3189 866 3244 nisi
893 3191 1044 3262 quod
1078 3191 1402 3246 volentibus
1432 3191 1607 3245 adest.
1633 3191 1905 3245 Voluntas
1938 3189 2042 3261 igi-

338 3285 434 3335 tur
459 3283 655 3334 nostra
682 3295 786 3333 nec
815 3279 1077 3334 voluntas
1107 3285 1274 3349 esset,
1309 3279 1416 3333 n‘isi
1449 3284 1595 3334 esset
1623 3279 1684 3332 in
1712 3283 1908 3334 nostra
1935 3295 2039 3349 po-

339 3372 561 3423 testate.
595 3369 793 3432 Porro,
827 3369 964 3438 quia
998 3372 1082 3420 est
1108 3367 1168 3420 in
1197 3371 1498 3437 potestate,
1531 3367 1710 3422 libera
1739 3372 1824 3421 est
1852 3367 2036 3420 nobis.

341 3458 468 3512 Non
497 3457 651 3511 enim
665 3461 751 3510 est
777 3455 942 3510 nobis
966 3455 1234 3523 liberum,
1265 3455 1414 3526 quod
1436 3455 1494 3509 in
1505 3459 1784 3525 potestate
1804 3471 1922 3508 non
1944 3455 2042 3508 ha-

338 3547 562 3614 bemus,
596 3549 693 3600 aut
717 3549 909 3616 potest
938 3561 1054 3599 non
1085 3561 1207 3599 esse
1241 3545 1395 3616 quod
1446 3543 1743 3598 habemus.
1776 3544 1860 3598 Ita
1885 3543 1950 3597 ﬁt
1978 3546 2043 3597 ut

341 3639 398 3690 et
429 3636 608 3689 Deum
640 3651 754 3689 non
785 3649 1058 3706 negemus
1073 3650 1194 3688 esse
1214 3633 1518 3704 praescium
1546 3632 1806 3687 omnium
1820 3632 2042 3686 futuro-

341 3739 495 3793 rum,
525 3727 582 3778 et
609 3739 714 3776 nos
743 3727 938 3777 tamen
965 3723 1204 3777 velimus
1235 3723 1390 3794 quod
1421 3723 1700 3777 volumus.
1727 3721 1868 3776 Cum
1888 3720 2044 3774 enim

343 3811 420 3865 sit
474 3811 746 3882 praescius
801 3811 1107 3866 voluntatis
1154 3817 1381 3876 nostrae,
1447 3811 1608 3881 cujus
1637 3815 1724 3864 est
1772 3809 2043 3880 praescius

345 3898 470 3970 ipsa
499 3899 629 3953 erit.
663 3898 936 3952 Voluntas
965 3914 1102 3969 ergo
1128 3898 1257 3964 erit,
1289 3899 1427 3969 quia
1455 3897 1759 3952 voluntatis
1789 3902 1872 3952 est
1895 3911 2042 3968 prie-

347 3987 514 4041 scius.
561 3987 674 4040 Nec
710 3986 973 4040 voluntas
1012 4003 1133 4041 esse
1160 3986 1392 4057 poterit,
1427 3986 1474 4040 si
1512 3985 1575 4039 in
1602 3990 1879 4056 potestate
1927 4001 2046 4040 non

347 4075 473 4130 erit.
511 4076 657 4146 Ergo
691 4080 748 4129 et
774 4075 1070 4146 potestatis
1098 4079 1182 4130 est
1225 4073 1514 4145 praascius.
1576 4076 1700 4129 Non
1730 4073 1906 4145 igitur
1943 4089 2047 4145 per

348 4164 472 4235 ejus
501 4163 921 4235 praescientiam
954 4163 1097 4218 mihi
1125 4167 1373 4236 potestas
1427 4162 1720 4230 adimitur,
1755 4179 1885 4234 quae
1915 4179 2046 4233 pro-

345 4258 545 4325 pterea
569 4252 713 4307 mihi
741 4251 953 4306 certior
980 4252 1180 4318 aderit,
1215 4252 1352 4323 quia
1374 4251 1470 4306 ille
1492 4251 1654 4322 cujus
1683 4250 2049 4322 prae-scientia

347 4355 466 4396 non
495 4341 739 4405 fallitur,
770 4340 1102 4395 adfuturam
1128 4340 1272 4394 mihi
1320 4356 1440 4394 esse
1470 4339 1769 4411 praescivit.
1801 4341 1877 4394 E.
1914 4340 2048 4394 Ecce

343 4430 465 4503 jam
498 4446 614 4484 non
645 4445 793 4501 nego
824 4429 904 4483 ita
934 4445 1162 4483 necesse
1187 4445 1307 4484 esse
1338 4428 1464 4483 tieri
1492 4444 1872 4500 quaecumque
1901 4443 2047 4498 pra:-

351 4519 514 4574 scivit
538 4520 711 4586 Deus,
735 4523 790 4573 et
818 4518 898 4572 ita
931 4534 1063 4572 eum
1115 4523 1347 4589 peccata
1401 4521 1592 4572 nostra
1644 4517 1928 4588 praescire,
1987 4519 2051 4570 ut

351 4611 582 4662 maneat
619 4613 815 4662 tamen
853 4608 1020 4662 nobis
1046 4608 1305 4663 voluntas
1334 4607 1536 4677 libera,
1565 4611 1736 4677 atque
1764 4605 1826 4660 in
1855 4609 2051 4660 nostra

350 4697 538 4769 posita
567 4700 864 4767 potestate.

355 4804 579 4858 CAPUT
609 4804 695 4858 IV.
727 4833 796 4844 —
833 4806 970 4858 Deus
994 4818 1329 4874 pranoscens
1375 4817 1481 4858 non
1527 4803 1666 4869 cogit
1714 4801 1788 4854 ad
1832 4815 2053 4870 peccan-

639 4891 787 4960 dum,
812 4897 975 4962 atque
1012 4893 1144 4948 adeo
1168 4897 1392 4964 peccata
1409 4893 1558 4962 justc
1583 4893 1765 4961 punit.

427 5002 480 5055 9.
511 5000 582 5054 Α.
618 4998 764 5065 Quid
803 5016 938 5071 ergo
972 5005 1024 5054 te
1052 5000 1291 5055 movet?
1324 5017 1396 5054 an
1422 4999 1569 5053 forte
1624 4997 1835 5052 oblitus
1881 4995 2054 5066 quid-

353 5088 542 5160 prima
564 5093 756 5143 nostra
781 5089 1090 5159 disputatio
1137 5088 1423 5160 peregerit
1475 5086 1712 5159 negabis
1769 5085 1927 5139 nullo
1959 5100 2053 5137 co-

357 5181 547 5247 gente,
576 5181 673 5230 aut
703 5175 1022 5246 superiore,
1045 5180 1146 5228 aut
1173 5175 1460 5242 inferiore,
1495 5178 1594 5227 aut
1622 5172 1849 5243 aequali,
1879 5171 2058 5224 sedea

357 5280 461 5319 nos
491 5265 782 5318 voluntate
804 5263 1080 5335 peccare?
1098 5264 1172 5318 E.
1204 5263 1354 5318 Nihil
1380 5265 1587 5318 horum
1615 5277 1847 5333 prorsus
1876 5259 2057 5313 audeo

355 5369 568 5424 negare
602 5369 615 5407 :
650 5353 747 5408 sed
779 5357 992 5418 tamen,
1020 5353 1225 5420 fateor,
1261 5352 1522 5406 nondum
1566 5349 1730 5404 video
1762 5347 2054 5421 quomodo

357 5441 467 5498 sibi
487 5456 607 5496 non
627 5441 995 5496 adversentur
1024 5442 1146 5496 haec
1171 5441 1307 5510 duo,
1337 5439 1692 5511 praescientia
1722 5437 1821 5493 Dei
1840 5437 1909 5492 de
1935 5452 2061 5508 pec-

424 5567 436 5598 ι
474 5563 613 5612 Editi
637 5578 648 5610 :
684 5566 780 5620 Qui
810 5568 1124 5616 necessitate
1151 5566 1490 5627 superposita
1507 5562 1731 5626 auferre
1749 5564 1948 5612 nitimr
1977 5573 2058 5610 vo-

365 5626 654 5676 luntatem.
687 5628 814 5674 Octo
836 5627 980 5684 Mss.,
1014 5630 1106 5690 qui
1132 5626 1442 5678 necessitate
1463 5627 1762 5690 supposita.

1419 325 1512 379 DE
1553 323 1813 379 LIBERO
1850 321 2211 389 ARBITRIO,
2256 320 2309 376 S.
2354 321 2739 377 AUGUSTINI

3709 323 3845 375 15276

2140 443 2278 499 catis
2307 443 2534 511 nostris,
2568 447 2624 498 et
2652 447 2915 498 nostrum
2953 444 3016 497 in
3060 444 3351 514 peccando
3403 443 3656 500 liberum
3697 447 3853 500 arbi.

2129 534 2326 588 trium.
2365 534 2506 588 Nam
2543 538 2600 587 et
2626 533 2847 605 justum
2871 534 3052 587 Deum
3081 548 3310 587 necesse
3341 538 3425 588 est
3454 534 3772 602 fateamur,
3795 538 3852 587 et

2134 621 2460 694 praescium.
2493 620 2599 676 Sed
2630 620 2772 674 scire
2785 621 2989 675 vellem
3004 637 3117 692 qua
3141 619 3362 691 justitia
3383 622 3588 692 puniat
3607 627 3855 692 peccata

2136 726 2265 781 quas
2296 725 2524 764 necesse
2556 713 2641 763 est
2669 708 2798 763 ﬁeri
2824 725 2837 776 ;
2877 713 2976 762 aut
3005 709 3297 780 quomodo
3329 725 3443 763 non
3494 710 3568 764 sit
3611 726 3853 764 necesse

2135 798 2258 853 ﬁeri
2273 815 2402 870 qua:
2427 797 2620 852 futura
2632 814 2754 852 esse
2770 797 3081 868 przescivit;
3108 802 3204 851 aut
3225 799 3512 868 quomodo
3533 799 3854 853 nonCrea-

2134 887 2248 942 tori
2277 887 2674 957 deputandum
2707 891 2811 955 est,
2845 885 3126 959 quidquid
3154 886 3214 941 in
3249 888 3373 958 ejus
3425 893 3693 942 creatura
3722 887 3856 941 ﬁeri

2137 992 2364 1031 necesse
2395 981 2497 1030 est.

2212 1067 2298 1122 l0.
2329 1065 2400 1119 Α.
2434 1064 2594 1118 Unde
2635 1063 2741 1118 tibi
2792 1064 3015 1118 videtur
3065 1065 3365 1119 adversum
3419 1081 3538 1118 esse
3592 1065 3856 1118 liberum

2139 1154 2438 1208 arbitrium
2468 1151 3117 1223 no:-trumpraescicntia3
3150 1153 3298 1207 Dei?
3321 1152 3456 1224 quia
3481 1154 3860 1224 praseientia

2139 1247 2242 1310 est,
2275 1259 2347 1296 an
2377 1240 2513 1311 quia
2543 1240 2646 1295 Dei
2675 1241 3035 1312 praesciontia
3067 1243 3198 1296 est?
3223 1243 3297 1296 E.
3319 1241 3462 1306 Quia
3481 1243 3596 1296 -Dei
3627 1242 3855 1313 potius.

2137 1333 2204 1387 A.
2221 1331 2364 1396 Quid
2380 1346 2516 1401 ergo
2535 1330 2564 1386 ‘1
2586 1329 2712 1384 situ
2734 1330 3026 1400 praescires
3037 1335 3403 1400 peccaturum
3433 1348 3548 1385 esse
3562 1331 3856 1402 aliquem,

2138 1437 2255 1475 non
2289 1424 2434 1474 esset
2460 1434 2690 1473 necesse
2719 1424 2782 1473 ut
2806 1421 3113 1490 peccaret?
3140 1421 3216 1474 E.
3274 1421 3395 1473 lmo
3437 1436 3670 1474 necesse
3707 1424 3862 1473 esset

2138 1515 2202 1565 ut
2228 1513 2516 1582 peccaret:
2542 1508 2826 1579 nonenim
2843 1507 3006 1562 aliter
3024 1512 3170 1562 esset
3193 1508 3729 1578 praescientiamea,
3746 1509 3859 1562 nisi

2139 1606 2290 1654 certa
2319 1599 2664 1670 praescirem.
2696 1599 2768 1653 A.
2802 1599 2928 1652 Non
2961 1598 3138 1672 igitur
3166 1599 3301 1669 quia
3349 1599 3449 1653 Dei
3484 1599 3860 1669 prtescientia

2139 1693 2243 1755 est,
2276 1703 2500 1742 necesse
2543 1692 2629 1740 est
2683 1685 2806 1740 ﬁeri
2867 1702 2995 1757 qua:
3044 1685 3379 1757 praescierit,
3431 1687 3527 1741 sed
3590 1692 3857 1741 tantum-

2139 1778 2308 1832 modo
2338 1777 2474 1848 quia
2501 1775 2862 1847 prazscientia
2891 1779 2976 1829 est
3001 1792 3014 1842 ;
3043 1792 3171 1846 quae
3215 1776 3261 1828 si
3294 1791 3411 1830 non
3439 1781 3594 1830 certa
3625 1793 3863 1846 praeno-

2141 1867 2262 1932 scit,
2289 1866 2485 1937 utique
2503 1866 2659 1918 nulla
2689 1869 2774 1917 est
2789 1865 2861 1918 E.
2890 1863 3190 1917 Consentio
3220 1865 3356 1918 :sed
3386 1880 3668 1935 quorsum
3698 1865 3862 1919 ista?

2141 1957 2211 2010 A.
2245 1954 2407 2021 Quia,
2440 1953 2550 2008 nisi
2571 1954 2757 2020 fallor,
2788 1969 2904 2007 non
2929 1951 3202 2006 continuo
3232 1957 3297 2007 tu
3324 1969 3558 2023 peccare
3589 1947 3859 2024 cogeres,

2143 2061 2314 2117 quem
2353 2048 2720 2115 peccaturum
2773 2059 2894 2096 esse
2952 2030 3245 2112 praascires
3275 2058 3289 2108 ;
3321 2058 3507 2113 neque
3538 2041 3666 2113 ipsa
3704 2060 3860 2113 prae-

2143 2135 2378 2189 scientia
2409 2139 2507 2187 tua
2535 2147 2769 2204 peccare
2799 2147 2933 2185 eum
2954 2136 3197 2202 cogeret,
3229 2130 3488 2202 quamvis
3515 2130 3641 2184 sine
3671 2132 3859 2185 dubio

2142 2229 2479 2296 peccaturus
2513 2227 2660 2276 esset
2693 2236 2846 2275 :non
2876 2220 3032 2274 enim
3091 2219 3259 2274 aliter
3302 2220 3360 2274 id
3413 2220 3678 2274 futurum
3733 2237 3860 2273 esse

2143 2312 2458 2386 praescires.
2491 2310 2647 2367 Sicut
2675 2310 2867 2382 itaque
2897 2325 3010 2363 non
3045 2308 3153 2364 sibi
3171 2309 3540 2363 adversantur
3559 2309 3688 2362 ha-c
3720 2309 3858 2375 duo,

2145 2407 2209 2457 ut
2240 2407 2302 2456 tu
2331 2399 2692 2473 praescientia
2718 2405 2816 2453 tua
2841 2398 3066 2453 noveris
3087 2398 3242 2468 quod
3273 2397 3416 2452 alius
3434 2413 3536 2451 sua
3557 2398 3861 2452 voluntate

2144 2491 2396 2547 facturus
2427 2495 2513 2544 est
2533 2509 2548 2558 ς
2581 2488 2659 2542 ita
2675 2490 2824 2542 Deus
2847 2487 3139 2542 neminem
3154 2486 3221 2540 ad
3237 2487 3590 2556 peccandum
3614 2503 3857 2556 cogens,

2147 2580 2420 2652 prwvidet
2447 2583 2642 2633 tamen
2669 2594 2764 2631 eos
2793 2577 2893 2648 qui
2921 2575 3157 2647 propria
3185 2575 3474 2629 voluntate
3505 2576 3854 2645 peccabunt.

2224 2673 2306 2723 lt.
2344 2669 2455 2724 Cur
2484 2683 2618 2738 ergo
2649 2683 2763 2721 non
2790 2665 3036 2720 vindicet
3059 2665 3268 2735 justus,
3311 2680 3439 2736 qua
3460 2664 3590 2719 ﬁeri
3621 2682 3746 2719 non
3772 2683 3861 2720 co-

2149 2758 2232 2830 git
2259 2756 2529 2829 praescius
2548 2759 2578 2811 ?
2604 2755 2760 2810 Sicut
2789 2755 2950 2810 enim
2983 2759 3045 2809 tu
3073 2753 3350 2808 memoria
3378 2758 3477 2808 tua
3515 2770 3638 2808 non
3697 2756 3859 2824 cogis

2148 2849 2296 2903 facta
2344 2862 2462 2902 esse
2513 2862 2641 2916 quas
2689 2843 3123 2916 prazterierunt;
3156 2843 3237 2897 sic
3294 2844 3440 2897 Deus
3485 2843 3860 2913 praescientia

2149 2953 2252 2991 sua
2285 2952 2400 2990 non
2431 2935 2582 3006 cogit
2622 2933 2879 2988 facienda
2910 2949 3039 3004 quae
3067 2932 3259 2986 futura
3309 2936 3458 2985 sunt.
3507 2933 3572 2986 Et
3613 2932 3770 2986 sicut
3798 2937 3858 2986 tu

2150 3023 2414 3094 quaedam
2445 3038 2574 3094 quae
2603 3021 2785 3076 fecisti
2814 3019 3149 3090 meministi,
3181 3034 3286 3072 nec
3317 3023 3510 3072 tamen
3534 3034 3673 3089 qua:
3729 3035 3857 3073 me-

2149 3110 2368 3165 ministi
2391 3109 2585 3164 omnia
2621 3108 2832 3164 fecisti:
2889 3107 2970 3161 ita
2999 3108 3148 3161 Deus
3189 3105 3385 3160 omnia
3435 3122 3692 3177 quorum
3736 3108 3858 3177 ipse

2149 3205 2346 3256 auctor
2377 3204 2461 3254 est
2487 3199 2734 3268 praescit,
2762 3213 2867 3252 nec
2895 3201 3089 3250 tamen
3115 3195 3373 3249 omnium
3418 3211 3547 3266 quae
3601 3196 3853 3266 prescit,

2148 3291 2270 3362 ipse
2298 3293 2494 3344 auctor
2523 3292 2623 3342 est.
2656 3287 2912 3350 Quorum
2937 3289 3130 3338 autem
3159 3299 3276 3337 non
3298 3287 3379 3337 est
3401 3284 3591 3337 malus
3605 3286 3858 3349 auctor',

2141 3380 2331 3452 justus
2365 3385 2449 3432 est
2471 3377 2642 3430 ultor.
2677 3375 2820 3429 Hinc
2870 3390 3007 3445 ergo
3032 3373 3157 3444 jam
3187 3371 3440 3442 intellige
3487 3387 3607 3443 qua
3627 3373 3860 3441 justitia

2151 3469 2300 3523 Deus
2330 3471 2560 3537 peccata
2590 3465 2814 3537 puniat,
2847 3463 2984 3534 quia
3013 3479 3142 3534 qua:
3174 3460 3330 3516 novit
3364 3460 3583 3529 futura,
3619 3477 3748 3514 non
3778 3461 3859 3514 fa-

2151 3558 2261 3612 cit:
2294 3573 2429 3611 nam
2457 3555 2504 3609 si
2534 3558 2835 3626 propterea
2865 3568 2984 3607 non
3037 3551 3206 3606 debet
3259 3549 3580 3604 retribuere
3645 3551 3864 3620 suppli-

2153 3647 2305 3701 cium
2335 3643 2722 3715 peccantibus,
2758 3641 2891 3713 quia
2919 3639 3191 3712 praavidet
3215 3644 3565 3709 peccaturos,
3588 3655 3698 3691 nec
3712 3643 3863 3692 recte

2151 3733 2490 3790 facientibus
2510 3731 2678 3787 debet
2709 3729 2946 3802 praemia
2975 3727 3309 3794 retribuere,
3337 3726 3472 3797 quia
3502 3732 3559 3780 et
3599 3732 3761 3780 recte
3792 3727 3865 3780 fa.

2154 3829 2343 3879 cturos
2372 3820 2748 3875 nihilominus
2769 3817 3064 3889 praevidet.
3095 3817 3215 3870 Imo
3232 3831 3364 3870 vero
3390 3814 3683 3868 fateamur
3710 3821 3770 3869 et
3801 3815 3865 3867 ad

2153 3911 2572 3985 praescientiam
2599 3910 2722 3981 ejus
2750 3907 3037 3978 pertinere
3068 3922 3138 3960 ne
3171 3904 3310 3978 quid
3361 3919 3495 3959 eum
3559 3905 3750 3958 lateat
3779 3904 3866 3958 fu-

2155 4008 2440 4070 turorum,
2471 4004 2529 4054 et
2557 3999 2628 4053 ad
2677 3997 2984 4069 justitiam,
3015 3999 3081 4050 ut
3101 3998 3416 4066 peccatum,
3455 3992 3600 4064 quia
3656 3995 3863 4047 volun-

2155 4096 2272 4147 tate
2319 4088 2718 4152 committitur,
2757 4086 2836 4140 ita
2871 4084 3088 4156 judicio
3121 4084 3245 4154 ejus
3299 4082 3538 4154 impune
3589 4098 3710 4136 non
3746 4081 3868 4146 ﬁat,

2157 4181 2304 4235 sicut
2330 4175 2690 4249 prtescientia
2716 4190 2837 4228 non
2865 4172 3092 4244 cogitur
3121 4171 3269 4227 ﬁeri.

2159 4267 2385 4324 CAPUT
2413 4265 2522 4319 XV.
2573 4294 2642 4303 -—
2695 4266 2834 4318 Deus
2877 4261 2942 4317 de
2980 4265 3240 4316 creatura
3283 4260 3444 4314 etiam
3500 4273 3627 4327 quae
3679 4265 3872 4329 peccat

2300 4356 2635 4424 miserizque
2660 4353 2894 4408 obnoxia
2922 4356 2972 4406 et
2995 4350 3348 4420 productione
3376 4347 3725 4403 laudandus.

2239 4449 2325 4501 l2.
2359 4445 2481 4499 Jam
2515 4442 2657 4497 illud
2681 4441 2838 4512 quod
2866 4439 3037 4495 tertio
3068 4439 3193 4492 loco
3246 4437 3508 4508 posuisti,
3565 4438 3877 4508 quomodo

2159 4551 2277 4591 non
2305 4533 2559 4589 Creatori
2587 4529 2986 4602 deputandum
3015 4527 3089 4582 sit
3121 4526 3403 4598 quidquid
3453 4525 3519 4580 in
3549 4527 3686 4595 ejus
3713 4542 3876 4580 crea-

2160 4631 2291 4680 tura
2313 4623 2440 4678 ﬁeri
2471 4636 2696 4676 necesse
2726 4623 2845 4685 est;
2876 4617 3078 4688 regula
3105 4615 3205 4670 illa
3233 4614 3457 4686 pietatis
3487 4613 3662 4668 facile
3720 4631 3878 4668 com-

2121 4751 2128 4756 ι
2161 4712 2462 4779 monebit',
2491 4725 2664 4782 quam
2694 4706 3025 4762 meminisse
3056 4721 3160 4758 nos
3211 4702 3496 4771 convenit,
3545 4702 3880 4773 gratiarum

2161 4801 2443 4856 actionem
2473 4815 2574 4853 nos
2601 4797 2806 4853 debere
2838 4793 3092 4851 Creatori
3129 4797 3346 4847 nostro.
3405 4791 3582 4861 Cujus
3615 4793 3879 4862 profecto

2163 4889 2484 4962 largissime
2512 4887 2738 4942 bonitas
2765 4882 3078 4956 justissime
3104 4881 3454 4948 laudaretur,
3501 4879 3741 4933 etiamsi
3771 4881 3876 4932 ali-

2165 4996 2278 5050 quo
2307 4976 2578 5033 inferiore
2608 4978 2883 5029 creaturas
2915 4971 3097 5042 gradu
3122 4985 3229 5024 nos
3257 4966 3633 5023 condidisset.
3661 4968 3876 5031 Quam-

2166 5069 2247 5123 vis
2274 5068 2427 5122 enim
2457 5065 2650 5120 anima
2677 5067 2872 5118 nostra
2926 5058 3172 5132 peccatis
3222 5056 3502 5112 tabefacta
3559 5055 3663 5124 sit,
3697 5056 3878 5110 subli-

2166 5158 2317 5212 mior
2345 5161 2431 5210 est
2451 5160 2643 5209 tamen
2672 5157 2728 5207 et
2757 5149 2980 5216 melior,
3010 5163 3184 5219 quam
3222 5145 3269 5199 si
3298 5146 3359 5199 in
3387 5144 3534 5198 hanc
3564 5145 3764 5198 lucem
3800 5147 3880 5195 vi-

2233 5248 2246 5279 τ
2278 5245 2432 5293 Deest
2455 5242 2632 5292 malus
2662 5240 2716 5288 in
2746 5237 2976 5288 editione
3007 5237 3153 5292 Lov.;
3204 5233 3294 5300 sed
3317 5233 3464 5300 adest
3505 5232 3581 5300 in,
3607 5231 3880 5300 antiquio-

2169 5309 2312 5357 ribus
2325 5305 2645 5354 editionibus
2667 5301 2770 5350 Bad
2785 5336 2797 5348 .
2831 5303 2884 5362 et
2902 5300 3008 5362 Er._.
3032 5310 3240 5362 necnon
3254 5296 3304 5342 in
3319 5296 3456 5362 _Mss._
3471 5295 3881 5362 septemdecim.

2231 5354 2250 5405 ἐ
2282 5370 2365 5418 Sic
2376 5369 2458 5416 Er.
2475 5371 2526 5416 et
2543 5367 2666 5415 Lov.
2681 5366 2746 5413 At
2756 5361 2881 5412 Bad.
2900 5362 2975 5410 sic
2985 5359 3366 5421 habet2chula
3381 5359 3457 5406 est
3468 5354 3886 5421 pietatm/hdie

2167 5416 2586 5482 nobismonebit.
2616 5429 2737 5476 Mss.
2763 5421 3222 5489 quinquezltegula
3241 5416 3653 5489 pietatis—[actia
3674 5416 3884 5489 monre

2170 5479 2484 5550 movebitur;
2501 5491 2589 5538 alii
2615 5479 2839 5544 tresmon
2854 5479 3192 5550 ali'oyebt'lur;
3211 5479 3408 5550 septem
3429 5479 3540 5536 alii,
3561 5481 3758 5550 regula
3784 5479 3884 5527 illa

2168 5542 2556 5619 pietatis/adite
2571 5566 2685 5619 nou.
2695 5542 2936 5619 move-aii;
2957 5542 3285 5619 Corbeiensis
3304 5544 3517 5592 demum
3531 5542 3885 5602 codex,regu~

2175 5607 2290 5670 lam
2319 5617 2471 5669 illam
2497 5614 2712 5679 pietatis
2738 5611 2898 5676 facile
2922 5622 3030 5660 non
3051 5607 3293 5658 movebit.
