  <div class='ocr_page' id='page_1' title='image "/cluster/home/n/w/nwhite01/storage/ocr_20150623/32/hvd.32044096580550/658.png"; bbox 0 0 4036 6182; ppageno 0'>
   <div class='ocr_carea' id='block_1_1' title="bbox 215 324 343 376">
    <p class='ocr_par' dir='ltr' id='par_1_1' title="bbox 215 324 343 376">
     <span class='ocr_line' id='line_1_1' title="bbox 215 324 343 376; baseline -0.016 0"><span class='ocrx_word' id='word_1_1' title='bbox 215 324 343 376; x_wconf 72' lang='grc'><strong>1277</strong></span> 
     </span>
    </p>
   </div>
   <div class='ocr_carea' id='block_1_2' title="bbox 205 442 1912 518">
    <p class='ocr_par' dir='ltr' id='par_1_2' title="bbox 205 442 1912 518">
     <span class='ocr_line' id='line_1_2' title="bbox 205 442 1912 518; baseline 0.003 -21"><span class='ocrx_word' id='word_1_2' title='bbox 205 443 432 498; x_wconf 89' lang='lat' dir='ltr'><strong>sibilem</strong></span> <span class='ocrx_word' id='word_1_3' title='bbox 476 446 813 496; x_wconf 81' lang='lat' dir='ltr'><strong>verteretur.</strong></span> <span class='ocrx_word' id='word_1_4' title='bbox 860 443 926 496; x_wconf 91' lang='lat' dir='ltr'><strong>Et</strong></span> <span class='ocrx_word' id='word_1_5' title='bbox 972 442 1131 497; x_wconf 87' lang='lat' dir='ltr'><strong>vides</strong></span> <span class='ocrx_word' id='word_1_6' title='bbox 1178 445 1433 515; x_wconf 87' lang='lat' dir='ltr'><strong>profecto</strong></span> <span class='ocrx_word' id='word_1_7' title='bbox 1469 446 1537 501; x_wconf 90' lang='lat' dir='ltr'><strong>de</strong></span> <span class='ocrx_word' id='word_1_8' title='bbox 1567 446 1738 518; x_wconf 87' lang='lat' dir='ltr'><strong>hujus</strong></span> <span class='ocrx_word' id='word_1_9' title='bbox 1768 447 1912 503; x_wconf 87' lang='lat' dir='ltr'><strong>lucis</strong></span> 
     </span>
    </p>
   </div>
   <div class='ocr_carea' id='block_1_3' title="bbox 206 531 1914 602">
    <p class='ocr_par' dir='ltr' id='par_1_3' title="bbox 206 531 1914 602">
     <span class='ocr_line' id='line_1_3' title="bbox 206 531 1914 602; baseline 0.002 -14"><span class='ocrx_word' id='word_1_10' title='bbox 206 531 541 597; x_wconf 81' lang='lat' dir='ltr'><strong>eminentia,</strong></span> <span class='ocrx_word' id='word_1_11' title='bbox 572 536 854 602; x_wconf 90' lang='lat' dir='ltr'><strong>quantum</strong></span> <span class='ocrx_word' id='word_1_12' title='bbox 882 532 1117 587; x_wconf 83' lang='lat' dir='ltr'><strong>laudent</strong></span> <span class='ocrx_word' id='word_1_13' title='bbox 1142 533 1349 587; x_wconf 68' lang='lat' dir='ltr'><strong>animas</strong></span> <span class='ocrx_word' id='word_1_14' title='bbox 1381 537 1563 589; x_wconf 90' lang='lat' dir='ltr'><strong>Deum</strong></span> <span class='ocrx_word' id='word_1_15' title='bbox 1589 536 1763 591; x_wconf 90' lang='lat' dir='ltr'><strong>etiam</strong></span> <span class='ocrx_word' id='word_1_16' title='bbox 1793 554 1914 591; x_wconf 89' lang='lat' dir='ltr'><strong>cor-</strong></span> 
     </span>
    </p>
   </div>
   <div class='ocr_carea' id='block_1_4' title="bbox 200 619 1907 695">
    <p class='ocr_par' dir='ltr' id='par_1_4' title="bbox 200 619 1907 695">
     <span class='ocr_line' id='line_1_4' title="bbox 200 619 1907 695; baseline 0.003 -20"><span class='ocrx_word' id='word_1_17' title='bbox 200 622 358 693; x_wconf 84' lang='lat' dir='ltr'><strong>poris</strong></span> <span class='ocrx_word' id='word_1_18' title='bbox 380 619 641 674; x_wconf 84' lang='lat' dir='ltr'><strong>sensibus</strong></span> <span class='ocrx_word' id='word_1_19' title='bbox 664 619 892 674; x_wconf 63' lang='lat' dir='ltr'><strong>deditaa.</strong></span> <span class='ocrx_word' id='word_1_20' title='bbox 922 620 1281 692; x_wconf 83' lang='lat' dir='ltr'><strong>Quapropter</strong></span> <span class='ocrx_word' id='word_1_21' title='bbox 1304 639 1421 677; x_wconf 92' lang='lat' dir='ltr'><strong>non</strong></span> <span class='ocrx_word' id='word_1_22' title='bbox 1442 629 1496 678; x_wconf 88' lang='lat' dir='ltr'><strong>te</strong></span> <span class='ocrx_word' id='word_1_23' title='bbox 1512 625 1634 695; x_wconf 85' lang='lat' dir='ltr'><strong>jam</strong></span> <span class='ocrx_word' id='word_1_24' title='bbox 1661 631 1907 691; x_wconf 85' lang='lat' dir='ltr'><strong>moveat,</strong></span> 
     </span>
    </p>
   </div>
   <div class='ocr_carea' id='block_1_5' title="bbox 204 708 1913 783">
    <p class='ocr_par' dir='ltr' id='par_1_5' title="bbox 204 708 1913 783">
     <span class='ocr_line' id='line_1_5' title="bbox 204 708 1913 783; baseline 0.002 -18"><span class='ocrx_word' id='word_1_25' title='bbox 204 712 362 783; x_wconf 86' lang='lat' dir='ltr'><strong>quod</strong></span> <span class='ocrx_word' id='word_1_26' title='bbox 413 708 809 779; x_wconf 81' lang='lat' dir='ltr'><strong>vituperantur</strong></span> <span class='ocrx_word' id='word_1_27' title='bbox 856 709 1065 764; x_wconf 68' lang='lat' dir='ltr'><strong>anima:</strong></span> <span class='ocrx_word' id='word_1_28' title='bbox 1123 711 1485 781; x_wconf 90' lang='lat' dir='ltr'><strong>peccatrices,</strong></span> <span class='ocrx_word' id='word_1_29' title='bbox 1544 717 1606 766; x_wconf 92' lang='lat' dir='ltr'><strong>ut</strong></span> <span class='ocrx_word' id='word_1_30' title='bbox 1653 714 1805 768; x_wconf 90' lang='lat' dir='ltr'><strong>dicas</strong></span> <span class='ocrx_word' id='word_1_31' title='bbox 1851 715 1913 769; x_wconf 88' lang='lat' dir='ltr'><strong>in</strong></span> 
     </span>
    </p>
   </div>
   <div class='ocr_carea' id='block_1_6' title="bbox 205 796 1914 858">
    <p class='ocr_par' dir='ltr' id='par_1_6' title="bbox 205 796 1914 858">
     <span class='ocr_line' id='line_1_6' title="bbox 205 796 1914 858; baseline 0.003 -5"><span class='ocrx_word' id='word_1_32' title='bbox 205 799 378 853; x_wconf 89' lang='lat' dir='ltr'><strong>corde</strong></span> <span class='ocrx_word' id='word_1_33' title='bbox 403 803 498 851; x_wconf 91' lang='lat' dir='ltr'><strong>tuo</strong></span> <span class='ocrx_word' id='word_1_34' title='bbox 528 797 733 851; x_wconf 89' lang='lat' dir='ltr'><strong>melius</strong></span> <span class='ocrx_word' id='word_1_35' title='bbox 751 796 926 851; x_wconf 83' lang='lat' dir='ltr'><strong>fuisse</strong></span> <span class='ocrx_word' id='word_1_36' title='bbox 948 798 995 851; x_wconf 88' lang='lat' dir='ltr'><strong>si</strong></span> <span class='ocrx_word' id='word_1_37' title='bbox 1019 815 1133 852; x_wconf 91' lang='lat' dir='ltr'><strong>non</strong></span> <span class='ocrx_word' id='word_1_38' title='bbox 1158 806 1365 854; x_wconf 89' lang='lat' dir='ltr'><strong>essent.</strong></span> <span class='ocrx_word' id='word_1_39' title='bbox 1396 802 1458 854; x_wconf 91' lang='lat' dir='ltr'><strong>In</strong></span> <span class='ocrx_word' id='word_1_40' title='bbox 1481 802 1569 855; x_wconf 91' lang='lat' dir='ltr'><strong>sui</strong></span> <span class='ocrx_word' id='word_1_41' title='bbox 1590 802 1743 857; x_wconf 90' lang='lat' dir='ltr'><strong>enim</strong></span> <span class='ocrx_word' id='word_1_42' title='bbox 1766 819 1914 858; x_wconf 91' lang='lat' dir='ltr'><strong>com-</strong></span> 
     </span>
    </p>
   </div>
   <div class='ocr_carea' id='block_1_7' title="bbox 202 885 1909 961">
    <p class='ocr_par' dir='ltr' id='par_1_7' title="bbox 202 885 1909 961">
     <span class='ocr_line' id='line_1_7' title="bbox 202 885 1909 961; baseline 0.002 -20"><span class='ocrx_word' id='word_1_43' title='bbox 202 887 504 959; x_wconf 78' lang='lat' dir='ltr'><strong>paratione</strong></span> <span class='ocrx_word' id='word_1_44' title='bbox 539 885 956 956; x_wconf 83' lang='lat' dir='ltr'><strong>vituperantur,</strong></span> <span class='ocrx_word' id='word_1_45' title='bbox 989 887 1128 941; x_wconf 90' lang='lat' dir='ltr'><strong>dum</strong></span> <span class='ocrx_word' id='word_1_46' title='bbox 1158 887 1441 959; x_wconf 79' lang='lat' dir='ltr'><strong>cogitatur</strong></span> <span class='ocrx_word' id='word_1_47' title='bbox 1471 891 1669 961; x_wconf 85' lang='lat' dir='ltr'><strong>quales</strong></span> <span class='ocrx_word' id='word_1_48' title='bbox 1700 896 1909 959; x_wconf 89' lang='lat' dir='ltr'><strong>essent,</strong></span> 
     </span>
    </p>
   </div>
   <div class='ocr_carea' id='block_1_8' title="bbox 206 975 1907 1047">
    <p class='ocr_par' dir='ltr' id='par_1_8' title="bbox 206 975 1907 1047">
     <span class='ocr_line' id='line_1_8' title="bbox 206 975 1907 1047; baseline 0.002 -17"><span class='ocrx_word' id='word_1_49' title='bbox 206 976 254 1030; x_wconf 91' lang='lat' dir='ltr'><strong>si</strong></span> <span class='ocrx_word' id='word_1_50' title='bbox 296 991 532 1047; x_wconf 90' lang='lat' dir='ltr'><strong>peccare</strong></span> <span class='ocrx_word' id='word_1_51' title='bbox 581 975 917 1029; x_wconf 85' lang='lat' dir='ltr'><strong>noluissent.</strong></span> <span class='ocrx_word' id='word_1_52' title='bbox 967 976 1268 1031; x_wconf 91' lang='lat' dir='ltr'><strong>Institutor</strong></span> <span class='ocrx_word' id='word_1_53' title='bbox 1307 981 1500 1031; x_wconf 87' lang='lat' dir='ltr'><strong>tamen</strong></span> <span class='ocrx_word' id='word_1_54' title='bbox 1530 996 1727 1033; x_wconf 88' lang='lat' dir='ltr'><strong>earum</strong></span> <span class='ocrx_word' id='word_1_55' title='bbox 1760 982 1907 1034; x_wconf 90' lang='lat' dir='ltr'><strong>Deus</strong></span> 
     </span>
    </p>
   </div>
   <div class='ocr_carea' id='block_1_9' title="bbox 202 1062 1906 1136">
    <p class='ocr_par' dir='ltr' id='par_1_9' title="bbox 202 1062 1906 1136">
     <span class='ocr_line' id='line_1_9' title="bbox 202 1062 1906 1136; baseline 0.003 -18"><span class='ocrx_word' id='word_1_56' title='bbox 202 1062 642 1136; x_wconf 70' lang='lat' dir='ltr'><strong>praeclarissime</strong></span> <span class='ocrx_word' id='word_1_57' title='bbox 688 1079 794 1134; x_wconf 93' lang='lat' dir='ltr'><strong>pro</strong></span> <span class='ocrx_word' id='word_1_58' title='bbox 842 1064 1096 1118; x_wconf 88' lang='lat' dir='ltr'><strong>humana</strong></span> <span class='ocrx_word' id='word_1_59' title='bbox 1141 1065 1408 1120; x_wconf 87' lang='lat' dir='ltr'><strong>facultate</strong></span> <span class='ocrx_word' id='word_1_60' title='bbox 1452 1067 1773 1123; x_wconf 86' lang='lat' dir='ltr'><strong>laudandus</strong></span> <span class='ocrx_word' id='word_1_61' title='bbox 1804 1075 1906 1134; x_wconf 88' lang='lat' dir='ltr'><strong>est,</strong></span> 
     </span>
    </p>
   </div>
   <div class='ocr_carea' id='block_1_10' title="bbox 203 1152 1912 1225">
    <p class='ocr_par' dir='ltr' id='par_1_10' title="bbox 203 1152 1912 1225">
     <span class='ocr_line' id='line_1_10' title="bbox 203 1152 1912 1225; baseline 0.001 -16"><span class='ocrx_word' id='word_1_62' title='bbox 203 1170 323 1209; x_wconf 90' lang='lat' dir='ltr'><strong>non</strong></span> <span class='ocrx_word' id='word_1_63' title='bbox 353 1153 543 1206; x_wconf 90' lang='lat' dir='ltr'><strong>solum</strong></span> <span class='ocrx_word' id='word_1_64' title='bbox 590 1152 862 1217; x_wconf 87' lang='lat' dir='ltr'><strong>quoniam</strong></span> <span class='ocrx_word' id='word_1_65' title='bbox 912 1159 1212 1223; x_wconf 88' lang='lat' dir='ltr'><strong>peccantes</strong></span> <span class='ocrx_word' id='word_1_66' title='bbox 1240 1171 1332 1209; x_wconf 90' lang='lat' dir='ltr'><strong>eas</strong></span> <span class='ocrx_word' id='word_1_67' title='bbox 1356 1155 1505 1225; x_wconf 91' lang='lat' dir='ltr'><strong>juste</strong></span> <span class='ocrx_word' id='word_1_68' title='bbox 1532 1156 1780 1223; x_wconf 87' lang='lat' dir='ltr'><strong>ordinat,</strong></span> <span class='ocrx_word' id='word_1_69' title='bbox 1814 1158 1912 1211; x_wconf 94' lang='lat' dir='ltr'><strong>sed</strong></span> 
     </span>
    </p>
   </div>
   <div class='ocr_carea' id='block_1_11' title="bbox 203 1240 1907 1314">
    <p class='ocr_par' dir='ltr' id='par_1_11' title="bbox 203 1240 1907 1314">
     <span class='ocr_line' id='line_1_11' title="bbox 203 1240 1907 1314; baseline 0.002 -18"><span class='ocrx_word' id='word_1_70' title='bbox 203 1243 377 1297; x_wconf 87' lang='lat' dir='ltr'><strong>etiam</strong></span> <span class='ocrx_word' id='word_1_71' title='bbox 405 1240 542 1312; x_wconf 90' lang='lat' dir='ltr'><strong>quia</strong></span> <span class='ocrx_word' id='word_1_72' title='bbox 564 1242 707 1295; x_wconf 88' lang='lat' dir='ltr'><strong>tales</strong></span> <span class='ocrx_word' id='word_1_73' title='bbox 731 1240 998 1309; x_wconf 88' lang='lat' dir='ltr'><strong>instituit,</strong></span> <span class='ocrx_word' id='word_1_74' title='bbox 1026 1247 1089 1296; x_wconf 93' lang='lat' dir='ltr'><strong>ut</strong></span> <span class='ocrx_word' id='word_1_75' title='bbox 1114 1243 1286 1296; x_wconf 91' lang='lat' dir='ltr'><strong>etiam</strong></span> <span class='ocrx_word' id='word_1_76' title='bbox 1314 1243 1559 1314; x_wconf 88' lang='lat' dir='ltr'><strong>peccatis</strong></span> <span class='ocrx_word' id='word_1_77' title='bbox 1583 1244 1907 1313; x_wconf 60' lang='lat' dir='ltr'><strong>sordidatus,</strong></span> 
     </span>
    </p>
   </div>
   <div class='ocr_carea' id='block_1_12' title="bbox 203 1328 1910 1403">
    <p class='ocr_par' dir='ltr' id='par_1_12' title="bbox 203 1328 1910 1403">
     <span class='ocr_line' id='line_1_12' title="bbox 203 1328 1910 1403; baseline 0.001 -17"><span class='ocrx_word' id='word_1_78' title='bbox 203 1331 360 1386; x_wconf 88' lang='lat' dir='ltr'><strong>nullo</strong></span> <span class='ocrx_word' id='word_1_79' title='bbox 389 1329 564 1384; x_wconf 93' lang='lat' dir='ltr'><strong>modo</strong></span> <span class='ocrx_word' id='word_1_80' title='bbox 614 1328 756 1382; x_wconf 89' lang='lat' dir='ltr'><strong>lucis</strong></span> <span class='ocrx_word' id='word_1_81' title='bbox 800 1330 1110 1399; x_wconf 89' lang='lat' dir='ltr'><strong>corporalis</strong></span> <span class='ocrx_word' id='word_1_82' title='bbox 1138 1330 1416 1402; x_wconf 82' lang='lat' dir='ltr'><strong>dignitate</strong></span> <span class='ocrx_word' id='word_1_83' title='bbox 1442 1339 1803 1403; x_wconf 88' lang='lat' dir='ltr'><strong>superentur,</strong></span> <span class='ocrx_word' id='word_1_84' title='bbox 1841 1334 1910 1388; x_wconf 89' lang='lat' dir='ltr'><strong>de</strong></span> 
     </span>
    </p>
   </div>
   <div class='ocr_carea' id='block_1_13' title="bbox 202 1416 1026 1491">
    <p class='ocr_par' dir='ltr' id='par_1_13' title="bbox 202 1416 1026 1491">
     <span class='ocr_line' id='line_1_13' title="bbox 202 1416 1026 1491; baseline -0.004 -17"><span class='ocrx_word' id='word_1_85' title='bbox 202 1435 317 1491; x_wconf 89' lang='lat' dir='ltr'><strong>qua</strong></span> <span class='ocrx_word' id='word_1_86' title='bbox 345 1422 542 1473; x_wconf 89' lang='lat' dir='ltr'><strong>tamen</strong></span> <span class='ocrx_word' id='word_1_87' title='bbox 566 1417 707 1487; x_wconf 90' lang='lat' dir='ltr'><strong>jure</strong></span> <span class='ocrx_word' id='word_1_88' title='bbox 740 1416 1026 1472; x_wconf 86' lang='lat' dir='ltr'><strong>laudatur.</strong></span> 
     </span>
    </p>
   </div>
   <div class='ocr_carea' id='block_1_14' title="bbox 284 1506 1911 1577">
    <p class='ocr_par' dir='ltr' id='par_1_14' title="bbox 284 1506 1911 1577">
     <span class='ocr_line' id='line_1_14' title="bbox 284 1506 1911 1577; baseline 0.001 -16"><span class='ocrx_word' id='word_1_89' title='bbox 284 1510 365 1562; x_wconf 86' lang='lat' dir='ltr'><strong>t3.</strong></span> <span class='ocrx_word' id='word_1_90' title='bbox 400 1506 548 1563; x_wconf 91' lang='lat' dir='ltr'><strong>lllud</strong></span> <span class='ocrx_word' id='word_1_91' title='bbox 582 1521 811 1577; x_wconf 91' lang='lat' dir='ltr'><strong>quoque</strong></span> <span class='ocrx_word' id='word_1_92' title='bbox 840 1521 1047 1560; x_wconf 88' lang='lat' dir='ltr'><strong>moneo</strong></span> <span class='ocrx_word' id='word_1_93' title='bbox 1078 1521 1295 1574; x_wconf 90' lang='lat' dir='ltr'><strong>caveas,</strong></span> <span class='ocrx_word' id='word_1_94' title='bbox 1326 1523 1398 1561; x_wconf 90' lang='lat' dir='ltr'><strong>ne</strong></span> <span class='ocrx_word' id='word_1_95' title='bbox 1426 1507 1575 1562; x_wconf 86' lang='lat' dir='ltr'><strong>forte</strong></span> <span class='ocrx_word' id='word_1_96' title='bbox 1618 1524 1736 1563; x_wconf 91' lang='lat' dir='ltr'><strong>non</strong></span> <span class='ocrx_word' id='word_1_97' title='bbox 1758 1509 1911 1563; x_wconf 89' lang='lat' dir='ltr'><strong>dicas</strong></span> 
     </span>
    </p>
   </div>
   <div class='ocr_carea' id='block_1_15' title="bbox 204 1593 1911 1669">
    <p class='ocr_par' dir='ltr' id='par_1_15' title="bbox 204 1593 1911 1669">
     <span class='ocr_line' id='line_1_15' title="bbox 204 1593 1911 1669; baseline 0.001 -18"><span class='ocrx_word' id='word_1_98' title='bbox 204 1596 441 1669; x_wconf 88' lang='lat' dir='ltr'><strong>quidem</strong></span> <span class='ocrx_word' id='word_1_99' title='bbox 491 1594 699 1649; x_wconf 90' lang='lat' dir='ltr'><strong>melius</strong></span> <span class='ocrx_word' id='word_1_100' title='bbox 725 1593 897 1648; x_wconf 88' lang='lat' dir='ltr'><strong>fuisse</strong></span> <span class='ocrx_word' id='word_1_101' title='bbox 943 1599 1007 1648; x_wconf 91' lang='lat' dir='ltr'><strong>ut</strong></span> <span class='ocrx_word' id='word_1_102' title='bbox 1037 1610 1148 1647; x_wconf 92' lang='lat' dir='ltr'><strong>non</strong></span> <span class='ocrx_word' id='word_1_103' title='bbox 1190 1600 1395 1663; x_wconf 86' lang='lat' dir='ltr'><strong>essent,</strong></span> <span class='ocrx_word' id='word_1_104' title='bbox 1432 1596 1531 1650; x_wconf 90' lang='lat' dir='ltr'><strong>sed</strong></span> <span class='ocrx_word' id='word_1_105' title='bbox 1561 1596 1713 1650; x_wconf 82' lang='lat' dir='ltr'><strong>dicas</strong></span> <span class='ocrx_word' id='word_1_106' title='bbox 1745 1597 1911 1652; x_wconf 84' lang='lat' dir='ltr'><strong>aliter</strong></span> 
     </span>
    </p>
   </div>
   <div class='ocr_carea' id='block_1_16' title="bbox 204 1682 1911 1753">
    <p class='ocr_par' dir='ltr' id='par_1_16' title="bbox 204 1682 1911 1753">
     <span class='ocr_line' id='line_1_16' title="bbox 204 1682 1911 1753; baseline 0 -12"><span class='ocrx_word' id='word_1_107' title='bbox 204 1686 330 1741; x_wconf 86' lang='lat' dir='ltr'><strong>ﬁeri</strong></span> <span class='ocrx_word' id='word_1_108' title='bbox 353 1700 450 1739; x_wconf 89' lang='lat' dir='ltr'><strong>eas</strong></span> <span class='ocrx_word' id='word_1_109' title='bbox 472 1682 755 1738; x_wconf 89' lang='lat' dir='ltr'><strong>debuisse.</strong></span> <span class='ocrx_word' id='word_1_110' title='bbox 783 1683 1074 1753; x_wconf 85' lang='lat' dir='ltr'><strong>Quidquid</strong></span> <span class='ocrx_word' id='word_1_111' title='bbox 1097 1683 1251 1737; x_wconf 89' lang='lat' dir='ltr'><strong>enim</strong></span> <span class='ocrx_word' id='word_1_112' title='bbox 1273 1684 1377 1738; x_wconf 87' lang='lat' dir='ltr'><strong>tibi</strong></span> <span class='ocrx_word' id='word_1_113' title='bbox 1402 1701 1534 1739; x_wconf 88' lang='lat' dir='ltr'><strong>vera</strong></span> <span class='ocrx_word' id='word_1_114' title='bbox 1552 1685 1773 1740; x_wconf 85' lang='lat' dir='ltr'><strong>ratione</strong></span> <span class='ocrx_word' id='word_1_115' title='bbox 1796 1703 1911 1741; x_wconf 90' lang='lat' dir='ltr'><strong>me-</strong></span> 
     </span>
    </p>
   </div>
   <div class='ocr_carea' id='block_1_17' title="bbox 203 1770 1910 1845">
    <p class='ocr_par' dir='ltr' id='par_1_17' title="bbox 203 1770 1910 1845">
     <span class='ocr_line' id='line_1_17' title="bbox 203 1770 1910 1845; baseline 0 -17"><span class='ocrx_word' id='word_1_116' title='bbox 203 1774 315 1828; x_wconf 91' lang='lat' dir='ltr'><strong>lius</strong></span> <span class='ocrx_word' id='word_1_117' title='bbox 346 1772 677 1839; x_wconf 87' lang='lat' dir='ltr'><strong>occurrerit,</strong></span> <span class='ocrx_word' id='word_1_118' title='bbox 712 1770 852 1823; x_wconf 91' lang='lat' dir='ltr'><strong>scias</strong></span> <span class='ocrx_word' id='word_1_119' title='bbox 881 1771 1079 1825; x_wconf 87' lang='lat' dir='ltr'><strong>fecisse</strong></span> <span class='ocrx_word' id='word_1_120' title='bbox 1112 1773 1292 1826; x_wconf 89' lang='lat' dir='ltr'><strong>Deum</strong></span> <span class='ocrx_word' id='word_1_121' title='bbox 1322 1777 1596 1845; x_wconf 87' lang='lat' dir='ltr'><strong>tanquam</strong></span> <span class='ocrx_word' id='word_1_122' title='bbox 1625 1774 1910 1829; x_wconf 87' lang='lat' dir='ltr'><strong>bonorum</strong></span> 
     </span>
    </p>
   </div>
   <div class='ocr_carea' id='block_1_18' title="bbox 203 1859 1910 1933">
    <p class='ocr_par' dir='ltr' id='par_1_18' title="bbox 203 1859 1910 1933">
     <span class='ocr_line' id='line_1_18' title="bbox 203 1859 1910 1933; baseline 0.002 -18"><span class='ocrx_word' id='word_1_123' title='bbox 203 1860 469 1915; x_wconf 90' lang='lat' dir='ltr'><strong>omnium</strong></span> <span class='ocrx_word' id='word_1_124' title='bbox 516 1859 889 1914; x_wconf 87' lang='lat' dir='ltr'><strong>conditorem.</strong></span> <span class='ocrx_word' id='word_1_125' title='bbox 938 1861 1061 1913; x_wconf 88' lang='lat' dir='ltr'><strong>Non</strong></span> <span class='ocrx_word' id='word_1_126' title='bbox 1094 1864 1177 1913; x_wconf 91' lang='lat' dir='ltr'><strong>est</strong></span> <span class='ocrx_word' id='word_1_127' title='bbox 1210 1866 1403 1915; x_wconf 91' lang='lat' dir='ltr'><strong>autem</strong></span> <span class='ocrx_word' id='word_1_128' title='bbox 1451 1878 1585 1916; x_wconf 92' lang='lat' dir='ltr'><strong>vera</strong></span> <span class='ocrx_word' id='word_1_129' title='bbox 1613 1864 1781 1933; x_wconf 87' lang='lat' dir='ltr'><strong>ratio,</strong></span> <span class='ocrx_word' id='word_1_130' title='bbox 1814 1865 1910 1919; x_wconf 91' lang='lat' dir='ltr'><strong>sed</strong></span> 
     </span>
    </p>
   </div>
   <div class='ocr_carea' id='block_1_19' title="bbox 202 1948 1909 2019">
    <p class='ocr_par' dir='ltr' id='par_1_19' title="bbox 202 1948 1909 2019">
     <span class='ocr_line' id='line_1_19' title="bbox 202 1948 1909 2019; baseline 0.001 -14"><span class='ocrx_word' id='word_1_131' title='bbox 202 1950 399 2005; x_wconf 88' lang='lat' dir='ltr'><strong>invida</strong></span> <span class='ocrx_word' id='word_1_132' title='bbox 417 1948 743 2015; x_wconf 84' lang='lat' dir='ltr'><strong>inﬁrmitas,</strong></span> <span class='ocrx_word' id='word_1_133' title='bbox 768 1966 896 2003; x_wconf 90' lang='lat' dir='ltr'><strong>cum</strong></span> <span class='ocrx_word' id='word_1_134' title='bbox 923 1948 1134 2019; x_wconf 89' lang='lat' dir='ltr'><strong>aliquid</strong></span> <span class='ocrx_word' id='word_1_135' title='bbox 1164 1949 1367 2003; x_wconf 91' lang='lat' dir='ltr'><strong>melius</strong></span> <span class='ocrx_word' id='word_1_136' title='bbox 1392 1951 1717 2005; x_wconf 82' lang='lat' dir='ltr'><strong>faciendum</strong></span> <span class='ocrx_word' id='word_1_137' title='bbox 1736 1952 1909 2007; x_wconf 88' lang='lat' dir='ltr'><strong>fuisse</strong></span> 
     </span>
    </p>
   </div>
   <div class='ocr_carea' id='block_1_20' title="bbox 202 2037 1907 2110">
    <p class='ocr_par' dir='ltr' id='par_1_20' title="bbox 202 2037 1907 2110">
     <span class='ocr_line' id='line_1_20' title="bbox 202 2037 1907 2110; baseline 0.001 -16"><span class='ocrx_word' id='word_1_138' title='bbox 202 2038 567 2110; x_wconf 84' lang='lat' dir='ltr'><strong>cogitaveris,</strong></span> <span class='ocrx_word' id='word_1_139' title='bbox 599 2037 723 2108; x_wconf 90' lang='lat' dir='ltr'><strong>jam</strong></span> <span class='ocrx_word' id='word_1_140' title='bbox 770 2037 913 2091; x_wconf 88' lang='lat' dir='ltr'><strong>nihil</strong></span> <span class='ocrx_word' id='word_1_141' title='bbox 960 2038 1114 2092; x_wconf 88' lang='lat' dir='ltr'><strong>aliud</strong></span> <span class='ocrx_word' id='word_1_142' title='bbox 1160 2038 1399 2093; x_wconf 86' lang='lat' dir='ltr'><strong>inferius</strong></span> <span class='ocrx_word' id='word_1_143' title='bbox 1432 2040 1571 2094; x_wconf 83' lang='lat' dir='ltr'><strong>velle</strong></span> <span class='ocrx_word' id='word_1_144' title='bbox 1602 2041 1747 2108; x_wconf 83' lang='lat' dir='ltr'><strong>ﬁeri,</strong></span> <span class='ocrx_word' id='word_1_145' title='bbox 1780 2046 1907 2095; x_wconf 91' lang='lat' dir='ltr'><strong>tan-</strong></span> 
     </span>
    </p>
   </div>
   <div class='ocr_carea' id='block_1_21' title="bbox 204 2125 1907 2198">
    <p class='ocr_par' dir='ltr' id='par_1_21' title="bbox 204 2125 1907 2198">
     <span class='ocr_line' id='line_1_21' title="bbox 204 2125 1907 2198; baseline 0.003 -19"><span class='ocrx_word' id='word_1_146' title='bbox 204 2141 378 2197; x_wconf 88' lang='lat' dir='ltr'><strong>quam</strong></span> <span class='ocrx_word' id='word_1_147' title='bbox 411 2125 455 2178; x_wconf 88' lang='lat' dir='ltr'><strong>si</strong></span> <span class='ocrx_word' id='word_1_148' title='bbox 498 2130 796 2197; x_wconf 88' lang='lat' dir='ltr'><strong>perspecto</strong></span> <span class='ocrx_word' id='word_1_149' title='bbox 828 2126 989 2193; x_wconf 89' lang='lat' dir='ltr'><strong>coelo,</strong></span> <span class='ocrx_word' id='word_1_150' title='bbox 1025 2127 1203 2180; x_wconf 90' lang='lat' dir='ltr'><strong>nolles</strong></span> <span class='ocrx_word' id='word_1_151' title='bbox 1242 2132 1453 2181; x_wconf 89' lang='lat' dir='ltr'><strong>terram</strong></span> <span class='ocrx_word' id='word_1_152' title='bbox 1500 2130 1706 2183; x_wconf 87' lang='lat' dir='ltr'><strong>factam</strong></span> <span class='ocrx_word' id='word_1_153' title='bbox 1755 2146 1907 2198; x_wconf 86' lang='lat' dir='ltr'><strong>esse;</strong></span> 
     </span>
    </p>
   </div>
   <div class='ocr_carea' id='block_1_22' title="bbox 204 2213 1910 2288">
    <p class='ocr_par' dir='ltr' id='par_1_22' title="bbox 204 2213 1910 2288">
     <span class='ocr_line' id='line_1_22' title="bbox 204 2213 1910 2288; baseline 0.003 -21"><span class='ocrx_word' id='word_1_154' title='bbox 204 2214 404 2285; x_wconf 91' lang='lat' dir='ltr'><strong>inique</strong></span> <span class='ocrx_word' id='word_1_155' title='bbox 434 2214 690 2268; x_wconf 90' lang='lat' dir='ltr'><strong>omnino.</strong></span> <span class='ocrx_word' id='word_1_156' title='bbox 728 2215 900 2269; x_wconf 84' lang='lat' dir='ltr'><strong>Recte</strong></span> <span class='ocrx_word' id='word_1_157' title='bbox 923 2213 1076 2268; x_wconf 91' lang='lat' dir='ltr'><strong>enim</strong></span> <span class='ocrx_word' id='word_1_158' title='bbox 1098 2215 1566 2285; x_wconf 88' lang='lat' dir='ltr'><strong>reprehenderes,</strong></span> <span class='ocrx_word' id='word_1_159' title='bbox 1600 2217 1648 2270; x_wconf 91' lang='lat' dir='ltr'><strong>si</strong></span> <span class='ocrx_word' id='word_1_160' title='bbox 1676 2224 1910 2288; x_wconf 79' lang='lat' dir='ltr'><strong>praeter-</strong></span> 
     </span>
    </p>
   </div>
   <div class='ocr_carea' id='block_1_23' title="bbox 206 2303 1909 2375">
    <p class='ocr_par' dir='ltr' id='par_1_23' title="bbox 206 2303 1909 2375">
     <span class='ocr_line' id='line_1_23' title="bbox 206 2303 1909 2375; baseline 0.002 -18"><span class='ocrx_word' id='word_1_161' title='bbox 206 2303 379 2357; x_wconf 89' lang='lat' dir='ltr'><strong>misso</strong></span> <span class='ocrx_word' id='word_1_162' title='bbox 423 2304 564 2357; x_wconf 85' lang='lat' dir='ltr'><strong>coelo</strong></span> <span class='ocrx_word' id='word_1_163' title='bbox 610 2307 823 2356; x_wconf 89' lang='lat' dir='ltr'><strong>terram</strong></span> <span class='ocrx_word' id='word_1_164' title='bbox 873 2303 1079 2357; x_wconf 88' lang='lat' dir='ltr'><strong>factam</strong></span> <span class='ocrx_word' id='word_1_165' title='bbox 1117 2304 1358 2373; x_wconf 89' lang='lat' dir='ltr'><strong>videres,</strong></span> <span class='ocrx_word' id='word_1_166' title='bbox 1390 2306 1665 2375; x_wconf 88' lang='lat' dir='ltr'><strong>quoniam</strong></span> <span class='ocrx_word' id='word_1_167' title='bbox 1695 2306 1909 2361; x_wconf 88' lang='lat' dir='ltr'><strong>diceres</strong></span> 
     </span>
    </p>
   </div>
   <div class='ocr_carea' id='block_1_24' title="bbox 206 2390 1904 2465">
    <p class='ocr_par' dir='ltr' id='par_1_24' title="bbox 206 2390 1904 2465">
     <span class='ocr_line' id='line_1_24' title="bbox 206 2390 1904 2465; baseline 0.004 -21"><span class='ocrx_word' id='word_1_168' title='bbox 206 2390 286 2444; x_wconf 90' lang='lat' dir='ltr'><strong>ita</strong></span> <span class='ocrx_word' id='word_1_169' title='bbox 333 2407 459 2445; x_wconf 83' lang='lat' dir='ltr'><strong>eam</strong></span> <span class='ocrx_word' id='word_1_170' title='bbox 510 2390 633 2445; x_wconf 77' lang='lat' dir='ltr'><strong>fieri</strong></span> <span class='ocrx_word' id='word_1_171' title='bbox 672 2390 954 2458; x_wconf 83' lang='lat' dir='ltr'><strong>debuisse,</strong></span> <span class='ocrx_word' id='word_1_172' title='bbox 986 2391 1151 2445; x_wconf 87' lang='lat' dir='ltr'><strong>sicuti</strong></span> <span class='ocrx_word' id='word_1_173' title='bbox 1178 2409 1372 2464; x_wconf 90' lang='lat' dir='ltr'><strong>posses</strong></span> <span class='ocrx_word' id='word_1_174' title='bbox 1402 2395 1649 2465; x_wconf 83' lang='lat' dir='ltr'><strong>cogitare</strong></span> <span class='ocrx_word' id='word_1_175' title='bbox 1679 2396 1904 2450; x_wconf 63' lang='lat' dir='ltr'><strong>malum.</strong></span> 
     </span>
    </p>
   </div>
   <div class='ocr_carea' id='block_1_25' title="bbox 209 2479 1906 2552">
    <p class='ocr_par' dir='ltr' id='par_1_25' title="bbox 209 2479 1906 2552">
     <span class='ocr_line' id='line_1_25' title="bbox 209 2479 1906 2552; baseline 0.002 -18"><span class='ocrx_word' id='word_1_176' title='bbox 209 2482 351 2534; x_wconf 88' lang='lat' dir='ltr'><strong>Cum</strong></span> <span class='ocrx_word' id='word_1_177' title='bbox 401 2496 535 2552; x_wconf 88' lang='lat' dir='ltr'><strong>ergo</strong></span> <span class='ocrx_word' id='word_1_178' title='bbox 584 2479 755 2535; x_wconf 91' lang='lat' dir='ltr'><strong>etiam</strong></span> <span class='ocrx_word' id='word_1_179' title='bbox 782 2480 922 2535; x_wconf 91' lang='lat' dir='ltr'><strong>illud</strong></span> <span class='ocrx_word' id='word_1_180' title='bbox 956 2481 1027 2535; x_wconf 90' lang='lat' dir='ltr'><strong>ad</strong></span> <span class='ocrx_word' id='word_1_181' title='bbox 1056 2482 1216 2551; x_wconf 83' lang='lat' dir='ltr'><strong>cujus</strong></span> <span class='ocrx_word' id='word_1_182' title='bbox 1246 2483 1492 2552; x_wconf 84' lang='lat' dir='ltr'><strong>speciem</strong></span> <span class='ocrx_word' id='word_1_183' title='bbox 1535 2484 1762 2537; x_wconf 91' lang='lat' dir='ltr'><strong>volebas</strong></span> <span class='ocrx_word' id='word_1_184' title='bbox 1792 2489 1906 2538; x_wconf 89' lang='lat' dir='ltr'><strong>ter-</strong></span> 
     </span>
    </p>
   </div>
   <div class='ocr_carea' id='block_1_26' title="bbox 207 2568 1906 2642">
    <p class='ocr_par' dir='ltr' id='par_1_26' title="bbox 207 2568 1906 2642">
     <span class='ocr_line' id='line_1_26' title="bbox 207 2568 1906 2642; baseline 0.003 -20"><span class='ocrx_word' id='word_1_185' title='bbox 207 2585 333 2623; x_wconf 89' lang='lat' dir='ltr'><strong>ram</strong></span> <span class='ocrx_word' id='word_1_186' title='bbox 377 2569 711 2640; x_wconf 86' lang='lat' dir='ltr'><strong>perducere,</strong></span> <span class='ocrx_word' id='word_1_187' title='bbox 762 2568 975 2623; x_wconf 86' lang='lat' dir='ltr'><strong>factum</strong></span> <span class='ocrx_word' id='word_1_188' title='bbox 1019 2586 1139 2623; x_wconf 92' lang='lat' dir='ltr'><strong>esse</strong></span> <span class='ocrx_word' id='word_1_189' title='bbox 1169 2571 1541 2642; x_wconf 88' lang='lat' dir='ltr'><strong>perspiceres,</strong></span> <span class='ocrx_word' id='word_1_190' title='bbox 1570 2588 1683 2626; x_wconf 90' lang='lat' dir='ltr'><strong>non</strong></span> <span class='ocrx_word' id='word_1_191' title='bbox 1715 2577 1906 2627; x_wconf 89' lang='lat' dir='ltr'><strong>autem</strong></span> 
     </span>
    </p>
   </div>
   <div class='ocr_carea' id='block_1_27' title="bbox 207 2659 1905 2731">
    <p class='ocr_par' dir='ltr' id='par_1_27' title="bbox 207 2659 1905 2731">
     <span class='ocr_line' id='line_1_27' title="bbox 207 2659 1905 2731; baseline 0.002 -18"><span class='ocrx_word' id='word_1_192' title='bbox 207 2659 315 2713; x_wconf 91' lang='lat' dir='ltr'><strong>hoc</strong></span> <span class='ocrx_word' id='word_1_193' title='bbox 362 2663 591 2721; x_wconf 88' lang='lat' dir='ltr'><strong>terram,</strong></span> <span class='ocrx_word' id='word_1_194' title='bbox 635 2660 731 2713; x_wconf 89' lang='lat' dir='ltr'><strong>sed</strong></span> <span class='ocrx_word' id='word_1_195' title='bbox 780 2660 986 2713; x_wconf 74' lang='lat' dir='ltr'><strong>coelum</strong></span> <span class='ocrx_word' id='word_1_196' title='bbox 1025 2660 1241 2726; x_wconf 86' lang='lat' dir='ltr'><strong>vocari;</strong></span> <span class='ocrx_word' id='word_1_197' title='bbox 1290 2661 1458 2715; x_wconf 88' lang='lat' dir='ltr'><strong>credo</strong></span> <span class='ocrx_word' id='word_1_198' title='bbox 1499 2661 1652 2731; x_wconf 90' lang='lat' dir='ltr'><strong>quod</strong></span> <span class='ocrx_word' id='word_1_199' title='bbox 1697 2678 1757 2715; x_wconf 92' lang='lat' dir='ltr'><strong>re</strong></span> <span class='ocrx_word' id='word_1_200' title='bbox 1786 2678 1905 2716; x_wconf 89' lang='lat' dir='ltr'><strong>me-</strong></span> 
     </span>
    </p>
   </div>
   <div class='ocr_carea' id='block_1_28' title="bbox 209 2747 1908 2821">
    <p class='ocr_par' dir='ltr' id='par_1_28' title="bbox 209 2747 1908 2821">
     <span class='ocr_line' id='line_1_28' title="bbox 209 2747 1908 2821; baseline 0.002 -20"><span class='ocrx_word' id='word_1_201' title='bbox 209 2747 347 2801; x_wconf 85' lang='lat' dir='ltr'><strong>liore</strong></span> <span class='ocrx_word' id='word_1_202' title='bbox 391 2764 509 2801; x_wconf 90' lang='lat' dir='ltr'><strong>non</strong></span> <span class='ocrx_word' id='word_1_203' title='bbox 556 2748 871 2814; x_wconf 87' lang='lat' dir='ltr'><strong>fraudatus,</strong></span> <span class='ocrx_word' id='word_1_204' title='bbox 904 2753 965 2802; x_wconf 90' lang='lat' dir='ltr'><strong>ut</strong></span> <span class='ocrx_word' id='word_1_205' title='bbox 995 2748 1229 2805; x_wconf 84' lang='lat' dir='ltr'><strong>inferior</strong></span> <span class='ocrx_word' id='word_1_206' title='bbox 1254 2766 1485 2820; x_wconf 91' lang='lat' dir='ltr'><strong>quoque</strong></span> <span class='ocrx_word' id='word_1_207' title='bbox 1526 2750 1717 2821; x_wconf 88' lang='lat' dir='ltr'><strong>aliqua</strong></span> <span class='ocrx_word' id='word_1_208' title='bbox 1746 2751 1908 2805; x_wconf 86' lang='lat' dir='ltr'><strong>ﬁeret</strong></span> 
     </span>
    </p>
   </div>
   <div class='ocr_carea' id='block_1_29' title="bbox 207 2836 1907 2909">
    <p class='ocr_par' dir='ltr' id='par_1_29' title="bbox 207 2836 1907 2909">
     <span class='ocr_line' id='line_1_29' title="bbox 207 2836 1907 2909; baseline 0.002 -19"><span class='ocrx_word' id='word_1_209' title='bbox 207 2842 265 2891; x_wconf 91' lang='lat' dir='ltr'><strong>et</strong></span> <span class='ocrx_word' id='word_1_210' title='bbox 292 2842 447 2890; x_wconf 88' lang='lat' dir='ltr'><strong>terra</strong></span> <span class='ocrx_word' id='word_1_211' title='bbox 490 2841 654 2903; x_wconf 89' lang='lat' dir='ltr'><strong>esset,</strong></span> <span class='ocrx_word' id='word_1_212' title='bbox 701 2851 1068 2906; x_wconf 88' lang='lat' dir='ltr'><strong>nequaquam</strong></span> <span class='ocrx_word' id='word_1_213' title='bbox 1114 2836 1369 2890; x_wconf 92' lang='lat' dir='ltr'><strong>invidere</strong></span> <span class='ocrx_word' id='word_1_214' title='bbox 1399 2837 1652 2891; x_wconf 89' lang='lat' dir='ltr'><strong>deberes.</strong></span> <span class='ocrx_word' id='word_1_215' title='bbox 1701 2838 1763 2891; x_wconf 91' lang='lat' dir='ltr'><strong>In</strong></span> <span class='ocrx_word' id='word_1_216' title='bbox 1792 2855 1907 2909; x_wconf 91' lang='lat' dir='ltr'><strong>qua</strong></span> 
     </span>
    </p>
   </div>
   <div class='ocr_carea' id='block_1_30' title="bbox 204 2924 1901 2995">
    <p class='ocr_par' dir='ltr' id='par_1_30' title="bbox 204 2924 1901 2995">
     <span class='ocr_line' id='line_1_30' title="bbox 204 2924 1901 2995; baseline 0 -15"><span class='ocrx_word' id='word_1_217' title='bbox 204 2930 354 2981; x_wconf 83' lang='lat' dir='ltr'><strong>terra</strong></span> <span class='ocrx_word' id='word_1_218' title='bbox 382 2941 581 2979; x_wconf 90' lang='lat' dir='ltr'><strong>rursus</strong></span> <span class='ocrx_word' id='word_1_219' title='bbox 618 2925 933 2979; x_wconf 88' lang='lat' dir='ltr'><strong>secundum</strong></span> <span class='ocrx_word' id='word_1_220' title='bbox 968 2928 1161 2994; x_wconf 89' lang='lat' dir='ltr'><strong>partes</strong></span> <span class='ocrx_word' id='word_1_221' title='bbox 1190 2924 1311 2995; x_wconf 84' lang='lat' dir='ltr'><strong>ejus</strong></span> <span class='ocrx_word' id='word_1_222' title='bbox 1342 2929 1500 2979; x_wconf 89' lang='lat' dir='ltr'><strong>tanta</strong></span> <span class='ocrx_word' id='word_1_223' title='bbox 1528 2931 1613 2979; x_wconf 92' lang='lat' dir='ltr'><strong>est</strong></span> <span class='ocrx_word' id='word_1_224' title='bbox 1641 2926 1901 2995; x_wconf 84' lang='lat' dir='ltr'><strong>varietas,</strong></span> 
     </span>
    </p>
   </div>
   <div class='ocr_carea' id='block_1_31' title="bbox 203 3012 1901 3085">
    <p class='ocr_par' dir='ltr' id='par_1_31' title="bbox 203 3012 1901 3085">
     <span class='ocr_line' id='line_1_31' title="bbox 203 3012 1901 3085; baseline 0 -16"><span class='ocrx_word' id='word_1_225' title='bbox 203 3021 267 3069; x_wconf 92' lang='lat' dir='ltr'><strong>ut</strong></span> <span class='ocrx_word' id='word_1_226' title='bbox 296 3015 439 3069; x_wconf 89' lang='lat' dir='ltr'><strong>nihil</strong></span> <span class='ocrx_word' id='word_1_227' title='bbox 470 3014 622 3084; x_wconf 90' lang='lat' dir='ltr'><strong>quod</strong></span> <span class='ocrx_word' id='word_1_228' title='bbox 654 3014 725 3069; x_wconf 92' lang='lat' dir='ltr'><strong>ad</strong></span> <span class='ocrx_word' id='word_1_229' title='bbox 759 3018 922 3067; x_wconf 60' lang='lat' dir='ltr'><strong>terra?</strong></span> <span class='ocrx_word' id='word_1_230' title='bbox 956 3012 1206 3083; x_wconf 89' lang='lat' dir='ltr'><strong>pertinet</strong></span> <span class='ocrx_word' id='word_1_231' title='bbox 1235 3014 1480 3083; x_wconf 88' lang='lat' dir='ltr'><strong>speciem</strong></span> <span class='ocrx_word' id='word_1_232' title='bbox 1508 3014 1779 3085; x_wconf 83' lang='lat' dir='ltr'><strong>cogitanti</strong></span> <span class='ocrx_word' id='word_1_233' title='bbox 1809 3032 1901 3070; x_wconf 93' lang='lat' dir='ltr'><strong>oc-</strong></span> 
     </span>
    </p>
   </div>
   <div class='ocr_carea' id='block_1_32' title="bbox 201 3103 1904 3174">
    <p class='ocr_par' dir='ltr' id='par_1_32' title="bbox 201 3103 1904 3174">
     <span class='ocr_line' id='line_1_32' title="bbox 201 3103 1904 3174; baseline 0.001 -16"><span class='ocrx_word' id='word_1_234' title='bbox 201 3109 412 3169; x_wconf 89' lang='lat' dir='ltr'><strong>currat,</strong></span> <span class='ocrx_word' id='word_1_235' title='bbox 446 3104 601 3174; x_wconf 88' lang='lat' dir='ltr'><strong>quod</strong></span> <span class='ocrx_word' id='word_1_236' title='bbox 630 3120 744 3157; x_wconf 90' lang='lat' dir='ltr'><strong>non</strong></span> <span class='ocrx_word' id='word_1_237' title='bbox 766 3103 828 3156; x_wconf 91' lang='lat' dir='ltr'><strong>in</strong></span> <span class='ocrx_word' id='word_1_238' title='bbox 848 3106 971 3157; x_wconf 89' lang='lat' dir='ltr'><strong>tota</strong></span> <span class='ocrx_word' id='word_1_239' title='bbox 996 3103 1118 3173; x_wconf 89' lang='lat' dir='ltr'><strong>ejus</strong></span> <span class='ocrx_word' id='word_1_240' title='bbox 1142 3103 1293 3156; x_wconf 92' lang='lat' dir='ltr'><strong>mole</strong></span> <span class='ocrx_word' id='word_1_241' title='bbox 1316 3104 1463 3157; x_wconf 92' lang='lat' dir='ltr'><strong>Deus</strong></span> <span class='ocrx_word' id='word_1_242' title='bbox 1490 3104 1746 3159; x_wconf 90' lang='lat' dir='ltr'><strong>omnium</strong></span> <span class='ocrx_word' id='word_1_243' title='bbox 1769 3121 1904 3159; x_wconf 90' lang='lat' dir='ltr'><strong>con-</strong></span> 
     </span>
    </p>
   </div>
   <div class='ocr_carea' id='block_1_33' title="bbox 199 3191 1899 3263">
    <p class='ocr_par' dir='ltr' id='par_1_33' title="bbox 199 3191 1899 3263">
     <span class='ocr_line' id='line_1_33' title="bbox 199 3191 1899 3263; baseline 0.001 -16"><span class='ocrx_word' id='word_1_244' title='bbox 199 3192 350 3248; x_wconf 91' lang='lat' dir='ltr'><strong>ditor</strong></span> <span class='ocrx_word' id='word_1_245' title='bbox 375 3191 590 3246; x_wconf 78' lang='lat' dir='ltr'><strong>fecerit.</strong></span> <span class='ocrx_word' id='word_1_246' title='bbox 627 3194 883 3263; x_wconf 84' lang='lat' dir='ltr'><strong>Namque</strong></span> <span class='ocrx_word' id='word_1_247' title='bbox 924 3208 957 3245; x_wconf 90' lang='lat' dir='ltr'><strong>a</strong></span> <span class='ocrx_word' id='word_1_248' title='bbox 987 3195 1139 3246; x_wconf 90' lang='lat' dir='ltr'><strong>terra</strong></span> <span class='ocrx_word' id='word_1_249' title='bbox 1167 3191 1515 3247; x_wconf 88' lang='lat' dir='ltr'><strong>feracissima</strong></span> <span class='ocrx_word' id='word_1_250' title='bbox 1545 3198 1602 3247; x_wconf 91' lang='lat' dir='ltr'><strong>et</strong></span> <span class='ocrx_word' id='word_1_251' title='bbox 1628 3194 1899 3249; x_wconf 70' lang='lat' dir='ltr'><strong>ammnis-</strong></span> 
     </span>
    </p>
   </div>
   <div class='ocr_carea' id='block_1_34' title="bbox 199 3280 1901 3353">
    <p class='ocr_par' dir='ltr' id='par_1_34' title="bbox 199 3280 1901 3353">
     <span class='ocr_line' id='line_1_34' title="bbox 199 3280 1901 3353; baseline 0.001 -19"><span class='ocrx_word' id='word_1_252' title='bbox 199 3283 343 3335; x_wconf 85' lang='lat' dir='ltr'><strong>sima</strong></span> <span class='ocrx_word' id='word_1_253' title='bbox 386 3296 564 3353; x_wconf 86' lang='lat' dir='ltr'><strong>usque</strong></span> <span class='ocrx_word' id='word_1_254' title='bbox 605 3281 675 3335; x_wconf 91' lang='lat' dir='ltr'><strong>ad</strong></span> <span class='ocrx_word' id='word_1_255' title='bbox 721 3280 1087 3335; x_wconf 88' lang='lat' dir='ltr'><strong>salsissimam</strong></span> <span class='ocrx_word' id='word_1_256' title='bbox 1137 3285 1193 3335; x_wconf 88' lang='lat' dir='ltr'><strong>et</strong></span> <span class='ocrx_word' id='word_1_257' title='bbox 1239 3280 1789 3351; x_wconf 77' lang='lat' dir='ltr'><strong>infecundissimam,</strong></span> <span class='ocrx_word' id='word_1_258' title='bbox 1820 3282 1901 3337; x_wconf 88' lang='lat' dir='ltr'><strong>ita</strong></span> 
     </span>
    </p>
   </div>
   <div class='ocr_carea' id='block_1_35' title="bbox 198 3368 1898 3442">
    <p class='ocr_par' dir='ltr' id='par_1_35' title="bbox 198 3368 1898 3442">
     <span class='ocr_line' id='line_1_35' title="bbox 198 3368 1898 3442; baseline 0.001 -20"><span class='ocrx_word' id='word_1_259' title='bbox 198 3368 477 3440; x_wconf 88' lang='lat' dir='ltr'><strong>gradatim</strong></span> <span class='ocrx_word' id='word_1_260' title='bbox 494 3385 597 3441; x_wconf 90' lang='lat' dir='ltr'><strong>per</strong></span> <span class='ocrx_word' id='word_1_261' title='bbox 620 3369 834 3424; x_wconf 83' lang='lat' dir='ltr'><strong>medias</strong></span> <span class='ocrx_word' id='word_1_262' title='bbox 864 3369 1216 3439; x_wconf 90' lang='lat' dir='ltr'><strong>pervenitur,</strong></span> <span class='ocrx_word' id='word_1_263' title='bbox 1250 3373 1313 3423; x_wconf 91' lang='lat' dir='ltr'><strong>ut</strong></span> <span class='ocrx_word' id='word_1_264' title='bbox 1338 3370 1554 3423; x_wconf 89' lang='lat' dir='ltr'><strong>nullam</strong></span> <span class='ocrx_word' id='word_1_265' title='bbox 1588 3371 1898 3442; x_wconf 89' lang='lat' dir='ltr'><strong>reprehen-</strong></span> 
     </span>
    </p>
   </div>
   <div class='ocr_carea' id='block_1_36' title="bbox 198 3457 1900 3529">
    <p class='ocr_par' dir='ltr' id='par_1_36' title="bbox 198 3457 1900 3529">
     <span class='ocr_line' id='line_1_36' title="bbox 198 3457 1900 3529; baseline 0.001 -18"><span class='ocrx_word' id='word_1_266' title='bbox 198 3458 333 3512; x_wconf 91' lang='lat' dir='ltr'><strong>dere</strong></span> <span class='ocrx_word' id='word_1_267' title='bbox 362 3458 589 3527; x_wconf 89' lang='lat' dir='ltr'><strong>audeas,</strong></span> <span class='ocrx_word' id='word_1_268' title='bbox 620 3458 729 3511; x_wconf 91' lang='lat' dir='ltr'><strong>nisi</strong></span> <span class='ocrx_word' id='word_1_269' title='bbox 763 3458 824 3512; x_wconf 89' lang='lat' dir='ltr'><strong>in</strong></span> <span class='ocrx_word' id='word_1_270' title='bbox 854 3457 1283 3529; x_wconf 85' lang='lat' dir='ltr'><strong>comparatione</strong></span> <span class='ocrx_word' id='word_1_271' title='bbox 1315 3457 1599 3524; x_wconf 86' lang='lat' dir='ltr'><strong>melioris;</strong></span> <span class='ocrx_word' id='word_1_272' title='bbox 1630 3463 1799 3529; x_wconf 90' lang='lat' dir='ltr'><strong>atque</strong></span> <span class='ocrx_word' id='word_1_273' title='bbox 1818 3459 1900 3513; x_wconf 89' lang='lat' dir='ltr'><strong>ita</strong></span> 
     </span>
    </p>
   </div>
   <div class='ocr_carea' id='block_1_37' title="bbox 196 3547 1898 3618">
    <p class='ocr_par' dir='ltr' id='par_1_37' title="bbox 196 3547 1898 3618">
     <span class='ocr_line' id='line_1_37' title="bbox 196 3547 1898 3618; baseline 0.001 -17"><span class='ocrx_word' id='word_1_274' title='bbox 196 3564 301 3618; x_wconf 90' lang='lat' dir='ltr'><strong>per</strong></span> <span class='ocrx_word' id='word_1_275' title='bbox 329 3564 525 3602; x_wconf 91' lang='lat' dir='ltr'><strong>omnes</strong></span> <span class='ocrx_word' id='word_1_276' title='bbox 554 3548 765 3618; x_wconf 84' lang='lat' dir='ltr'><strong>gradus</strong></span> <span class='ocrx_word' id='word_1_277' title='bbox 797 3548 979 3602; x_wconf 87' lang='lat' dir='ltr'><strong>laudis</strong></span> <span class='ocrx_word' id='word_1_278' title='bbox 1006 3548 1295 3611; x_wconf 85' lang='lat' dir='ltr'><strong>ascendas,</strong></span> <span class='ocrx_word' id='word_1_279' title='bbox 1331 3553 1395 3601; x_wconf 88' lang='lat' dir='ltr'><strong>ut</strong></span> <span class='ocrx_word' id='word_1_280' title='bbox 1421 3547 1575 3618; x_wconf 90' lang='lat' dir='ltr'><strong>quod</strong></span> <span class='ocrx_word' id='word_1_281' title='bbox 1607 3563 1898 3602; x_wconf 92' lang='lat' dir='ltr'><strong>summum</strong></span> 
     </span>
    </p>
   </div>
   <div class='ocr_carea' id='block_1_38' title="bbox 197 3636 1897 3707">
    <p class='ocr_par' dir='ltr' id='par_1_38' title="bbox 197 3636 1897 3707">
     <span class='ocr_line' id='line_1_38' title="bbox 197 3636 1897 3707; baseline -0.001 -16"><span class='ocrx_word' id='word_1_282' title='bbox 197 3653 379 3707; x_wconf 87' lang='lat' dir='ltr'><strong>genus</strong></span> <span class='ocrx_word' id='word_1_283' title='bbox 409 3642 577 3691; x_wconf 73' lang='lat' dir='ltr'><strong>terrm</strong></span> <span class='ocrx_word' id='word_1_284' title='bbox 611 3636 911 3700; x_wconf 88' lang='lat' dir='ltr'><strong>inveneris,</strong></span> <span class='ocrx_word' id='word_1_285' title='bbox 946 3637 1133 3690; x_wconf 94' lang='lat' dir='ltr'><strong>solum</strong></span> <span class='ocrx_word' id='word_1_286' title='bbox 1170 3641 1362 3690; x_wconf 87' lang='lat' dir='ltr'><strong>tamen</strong></span> <span class='ocrx_word' id='word_1_287' title='bbox 1384 3653 1504 3702; x_wconf 80' lang='lat' dir='ltr'><strong>esse</strong></span> <span class='ocrx_word' id='word_1_288' title='bbox 1536 3636 1679 3690; x_wconf 84' lang='lat' dir='ltr'><strong>nolis</strong></span> <span class='ocrx_word' id='word_1_289' title='bbox 1702 3638 1741 3689; x_wconf 74' lang='grc' dir='ltr'><strong>ί,</strong></span> <span class='ocrx_word' id='word_1_290' title='bbox 1772 3637 1897 3690; x_wconf 90' lang='lat' dir='ltr'><strong>Jam</strong></span> 
     </span>
    </p>
   </div>
   <div class='ocr_carea' id='block_1_39' title="bbox 196 3723 1897 3795">
    <p class='ocr_par' dir='ltr' id='par_1_39' title="bbox 196 3723 1897 3795">
     <span class='ocr_line' id='line_1_39' title="bbox 196 3723 1897 3795; baseline -0.001 -15"><span class='ocrx_word' id='word_1_291' title='bbox 196 3742 331 3780; x_wconf 90' lang='lat' dir='ltr'><strong>vero</strong></span> <span class='ocrx_word' id='word_1_292' title='bbox 360 3726 508 3780; x_wconf 90' lang='lat' dir='ltr'><strong>inter</strong></span> <span class='ocrx_word' id='word_1_293' title='bbox 525 3730 705 3780; x_wconf 90' lang='lat' dir='ltr'><strong>totam</strong></span> <span class='ocrx_word' id='word_1_294' title='bbox 728 3730 937 3779; x_wconf 88' lang='lat' dir='ltr'><strong>terram</strong></span> <span class='ocrx_word' id='word_1_295' title='bbox 962 3731 1016 3779; x_wconf 90' lang='lat' dir='ltr'><strong>et</strong></span> <span class='ocrx_word' id='word_1_296' title='bbox 1037 3726 1241 3779; x_wconf 70' lang='lat' dir='ltr'><strong>cmlum</strong></span> <span class='ocrx_word' id='word_1_297' title='bbox 1262 3729 1477 3795; x_wconf 90' lang='lat' dir='ltr'><strong>quanta</strong></span> <span class='ocrx_word' id='word_1_298' title='bbox 1494 3723 1761 3779; x_wconf 87' lang='lat' dir='ltr'><strong>distantia</strong></span> <span class='ocrx_word' id='word_1_299' title='bbox 1775 3725 1897 3779; x_wconf 81' lang='lat' dir='ltr'><strong>est?</strong></span> 
     </span>
    </p>
   </div>
   <div class='ocr_carea' id='block_1_40' title="bbox 195 3814 1895 3886">
    <p class='ocr_par' dir='ltr' id='par_1_40' title="bbox 195 3814 1895 3886">
     <span class='ocr_line' id='line_1_40' title="bbox 195 3814 1895 3886; baseline 0.001 -19"><span class='ocrx_word' id='word_1_300' title='bbox 195 3814 647 3884; x_wconf 87' lang='lat' dir='ltr'><strong>Interponuntur</strong></span> <span class='ocrx_word' id='word_1_301' title='bbox 667 3814 821 3868; x_wconf 91' lang='lat' dir='ltr'><strong>enim</strong></span> <span class='ocrx_word' id='word_1_302' title='bbox 843 3814 1077 3869; x_wconf 87' lang='lat' dir='ltr'><strong>humida</strong></span> <span class='ocrx_word' id='word_1_303' title='bbox 1098 3814 1418 3884; x_wconf 87' lang='lat' dir='ltr'><strong>ﬂabilisque</strong></span> <span class='ocrx_word' id='word_1_304' title='bbox 1440 3820 1644 3869; x_wconf 91' lang='lat' dir='ltr'><strong>natura</strong></span> <span class='ocrx_word' id='word_1_305' title='bbox 1679 3831 1691 3869; x_wconf 93' lang='lat'><strong>:</strong></span> <span class='ocrx_word' id='word_1_306' title='bbox 1723 3819 1895 3886; x_wconf 91' lang='lat' dir='ltr'><strong>atque</strong></span> 
     </span>
    </p>
   </div>
   <div class='ocr_carea' id='block_1_41' title="bbox 194 3902 1891 3973">
    <p class='ocr_par' dir='ltr' id='par_1_41' title="bbox 194 3902 1891 3973">
     <span class='ocr_line' id='line_1_41' title="bbox 194 3902 1891 3973; baseline 0.001 -17"><span class='ocrx_word' id='word_1_307' title='bbox 194 3917 264 3956; x_wconf 81' lang='lat' dir='ltr'><strong>ex</strong></span> <span class='ocrx_word' id='word_1_308' title='bbox 315 3902 403 3955; x_wconf 87' lang='lat' dir='ltr'><strong>his</strong></span> <span class='ocrx_word' id='word_1_309' title='bbox 434 3907 680 3973; x_wconf 89' lang='lat' dir='ltr'><strong>quatuor</strong></span> <span class='ocrx_word' id='word_1_310' title='bbox 727 3902 1021 3957; x_wconf 89' lang='lat' dir='ltr'><strong>elementis</strong></span> <span class='ocrx_word' id='word_1_311' title='bbox 1061 3902 1187 3957; x_wconf 70' lang='lat' dir='ltr'><strong>aliae</strong></span> <span class='ocrx_word' id='word_1_312' title='bbox 1225 3902 1675 3958; x_wconf 89' lang='lat' dir='ltr'><strong>innumerabiles</strong></span> <span class='ocrx_word' id='word_1_313' title='bbox 1706 3904 1891 3971; x_wconf 90' lang='lat' dir='ltr'><strong>nobis,</strong></span> 
     </span>
    </p>
   </div>
   <div class='ocr_carea' id='block_1_42' title="bbox 190 3978 1893 4064">
    <p class='ocr_par' dir='ltr' id='par_1_42' title="bbox 190 3978 1893 4064">
     <span class='ocr_line' id='line_1_42' title="bbox 190 3978 1893 4064; baseline 0.002 -19"><span class='ocrx_word' id='word_1_314' title='bbox 190 3996 510 4045; x_wconf 55' lang='lat' dir='ltr'><strong>numerata</strong></span> <span class='ocrx_word' id='word_1_315' title='bbox 558 3996 751 4045; x_wconf 90' lang='lat' dir='ltr'><strong>autem</strong></span> <span class='ocrx_word' id='word_1_316' title='bbox 791 3993 902 4045; x_wconf 91' lang='lat' dir='ltr'><strong>Deo</strong></span> <span class='ocrx_word' id='word_1_317' title='bbox 950 4008 1140 4045; x_wconf 91' lang='lat' dir='ltr'><strong>rerum</strong></span> <span class='ocrx_word' id='word_1_318' title='bbox 1190 3991 1408 4061; x_wconf 88' lang='lat' dir='ltr'><strong>species</strong></span> <span class='ocrx_word' id='word_1_319' title='bbox 1437 3978 1754 4064; x_wconf 57' lang='lat' dir='ltr'><strong>formaeque</strong></span> <span class='ocrx_word' id='word_1_320' title='bbox 1795 4009 1893 4047; x_wconf 90' lang='lat' dir='ltr'><strong>va-</strong></span> 
     </span>
    </p>
   </div>
   <div class='ocr_carea' id='block_1_43' title="bbox 188 4081 1893 4152">
    <p class='ocr_par' dir='ltr' id='par_1_43' title="bbox 188 4081 1893 4152">
     <span class='ocr_line' id='line_1_43' title="bbox 188 4081 1893 4152; baseline 0.002 -19"><span class='ocrx_word' id='word_1_321' title='bbox 188 4081 431 4134; x_wconf 89' lang='lat' dir='ltr'><strong>riantur.</strong></span> <span class='ocrx_word' id='word_1_322' title='bbox 484 4081 675 4133; x_wconf 88' lang='lat' dir='ltr'><strong>Potest</strong></span> <span class='ocrx_word' id='word_1_323' title='bbox 722 4096 856 4149; x_wconf 88' lang='lat' dir='ltr'><strong>ergo</strong></span> <span class='ocrx_word' id='word_1_324' title='bbox 898 4096 1016 4133; x_wconf 91' lang='lat' dir='ltr'><strong>esse</strong></span> <span class='ocrx_word' id='word_1_325' title='bbox 1065 4081 1279 4151; x_wconf 88' lang='lat' dir='ltr'><strong>aliquid</strong></span> <span class='ocrx_word' id='word_1_326' title='bbox 1333 4081 1390 4134; x_wconf 91' lang='lat' dir='ltr'><strong>in</strong></span> <span class='ocrx_word' id='word_1_327' title='bbox 1439 4098 1635 4136; x_wconf 88' lang='lat' dir='ltr'><strong>rerum</strong></span> <span class='ocrx_word' id='word_1_328' title='bbox 1664 4088 1893 4152; x_wconf 90' lang='lat' dir='ltr'><strong>natura,</strong></span> 
     </span>
    </p>
   </div>
   <div class='ocr_carea' id='block_1_44' title="bbox 188 4169 1893 4242">
    <p class='ocr_par' dir='ltr' id='par_1_44' title="bbox 188 4169 1893 4242">
     <span class='ocr_line' id='line_1_44' title="bbox 188 4169 1893 4242; baseline 0.002 -20"><span class='ocrx_word' id='word_1_329' title='bbox 188 4169 343 4240; x_wconf 90' lang='lat' dir='ltr'><strong>quod</strong></span> <span class='ocrx_word' id='word_1_330' title='bbox 383 4174 483 4223; x_wconf 91' lang='lat' dir='ltr'><strong>tua</strong></span> <span class='ocrx_word' id='word_1_331' title='bbox 524 4169 745 4223; x_wconf 87' lang='lat' dir='ltr'><strong>ratione</strong></span> <span class='ocrx_word' id='word_1_332' title='bbox 774 4184 890 4223; x_wconf 93' lang='lat' dir='ltr'><strong>non</strong></span> <span class='ocrx_word' id='word_1_333' title='bbox 914 4169 1146 4239; x_wconf 88' lang='lat' dir='ltr'><strong>cogitas.</strong></span> <span class='ocrx_word' id='word_1_334' title='bbox 1193 4170 1317 4223; x_wconf 88' lang='lat' dir='ltr'><strong>Non</strong></span> <span class='ocrx_word' id='word_1_335' title='bbox 1349 4185 1468 4224; x_wconf 89' lang='lat' dir='ltr'><strong>esse</strong></span> <span class='ocrx_word' id='word_1_336' title='bbox 1496 4176 1689 4225; x_wconf 88' lang='lat' dir='ltr'><strong>autem</strong></span> <span class='ocrx_word' id='word_1_337' title='bbox 1738 4173 1893 4242; x_wconf 88' lang='lat' dir='ltr'><strong>quod</strong></span> 
     </span>
    </p>
   </div>
   <div class='ocr_carea' id='block_1_45' title="bbox 185 4256 1889 4329">
    <p class='ocr_par' dir='ltr' id='par_1_45' title="bbox 185 4256 1889 4329">
     <span class='ocr_line' id='line_1_45' title="bbox 185 4256 1889 4329; baseline 0.001 -17"><span class='ocrx_word' id='word_1_338' title='bbox 185 4274 321 4313; x_wconf 87' lang='lat' dir='ltr'><strong>vera</strong></span> <span class='ocrx_word' id='word_1_339' title='bbox 350 4256 571 4312; x_wconf 88' lang='lat' dir='ltr'><strong>ratione</strong></span> <span class='ocrx_word' id='word_1_340' title='bbox 592 4257 826 4327; x_wconf 86' lang='lat' dir='ltr'><strong>cogitas.</strong></span> <span class='ocrx_word' id='word_1_341' title='bbox 853 4273 971 4311; x_wconf 86' lang='lat' dir='ltr'><strong>non</strong></span> <span class='ocrx_word' id='word_1_342' title='bbox 998 4262 1205 4327; x_wconf 90' lang='lat' dir='ltr'><strong>potest.</strong></span> <span class='ocrx_word' id='word_1_343' title='bbox 1236 4259 1430 4329; x_wconf 85' lang='lat' dir='ltr'><strong>Neque</strong></span> <span class='ocrx_word' id='word_1_344' title='bbox 1455 4258 1609 4312; x_wconf 89' lang='lat' dir='ltr'><strong>enim</strong></span> <span class='ocrx_word' id='word_1_345' title='bbox 1632 4264 1696 4313; x_wconf 91' lang='lat' dir='ltr'><strong>tu</strong></span> <span class='ocrx_word' id='word_1_346' title='bbox 1723 4266 1889 4329; x_wconf 88' lang='lat' dir='ltr'><strong>potes</strong></span> 
     </span>
    </p>
   </div>
   <div class='ocr_carea' id='block_1_46' title="bbox 187 4344 1893 4417">
    <p class='ocr_par' dir='ltr' id='par_1_46' title="bbox 187 4344 1893 4417">
     <span class='ocr_line' id='line_1_46' title="bbox 187 4344 1893 4417; baseline 0.001 -17"><span class='ocrx_word' id='word_1_347' title='bbox 187 4344 406 4416; x_wconf 88' lang='lat' dir='ltr'><strong>aliquid</strong></span> <span class='ocrx_word' id='word_1_348' title='bbox 435 4346 641 4400; x_wconf 90' lang='lat' dir='ltr'><strong>melius</strong></span> <span class='ocrx_word' id='word_1_349' title='bbox 670 4345 729 4398; x_wconf 91' lang='lat' dir='ltr'><strong>in</strong></span> <span class='ocrx_word' id='word_1_350' title='bbox 760 4350 1018 4399; x_wconf 86' lang='lat' dir='ltr'><strong>creatura</strong></span> <span class='ocrx_word' id='word_1_351' title='bbox 1043 4345 1477 4417; x_wconf 89' lang='lat' dir='ltr'><strong>cogitare,quod</strong></span> <span class='ocrx_word' id='word_1_352' title='bbox 1506 4352 1695 4401; x_wconf 89' lang='lat' dir='ltr'><strong>creatu</strong></span> <span class='ocrx_word' id='word_1_353' title='bbox 1707 4363 1781 4400; x_wconf 71' lang='lat' dir='ltr'><strong>rae</strong></span> <span class='ocrx_word' id='word_1_354' title='bbox 1806 4364 1893 4401; x_wconf 88' lang='lat' dir='ltr'><strong>ar-</strong></span> 
     </span>
    </p>
   </div>
   <div class='ocr_carea' id='block_1_47' title="bbox 188 4434 1891 4504">
    <p class='ocr_par' dir='ltr' id='par_1_47' title="bbox 188 4434 1891 4504">
     <span class='ocr_line' id='line_1_47' title="bbox 188 4434 1891 4504; baseline 0.001 -16"><span class='ocrx_word' id='word_1_355' title='bbox 188 4434 400 4488; x_wconf 78' lang='lat' dir='ltr'><strong>tificem</strong></span> <span class='ocrx_word' id='word_1_356' title='bbox 430 4434 655 4504; x_wconf 88' lang='lat' dir='ltr'><strong>fugerit.</strong></span> <span class='ocrx_word' id='word_1_357' title='bbox 682 4436 943 4488; x_wconf 87' lang='lat' dir='ltr'><strong>Humana</strong></span> <span class='ocrx_word' id='word_1_358' title='bbox 966 4434 1181 4504; x_wconf 91' lang='lat' dir='ltr'><strong>quippe</strong></span> <span class='ocrx_word' id='word_1_359' title='bbox 1215 4434 1406 4487; x_wconf 89' lang='lat' dir='ltr'><strong>anima</strong></span> <span class='ocrx_word' id='word_1_360' title='bbox 1435 4435 1771 4489; x_wconf 87' lang='lat' dir='ltr'><strong>naturaliter</strong></span> <span class='ocrx_word' id='word_1_361' title='bbox 1799 4436 1891 4489; x_wconf 91' lang='lat' dir='ltr'><strong>di-</strong></span> 
     </span>
    </p>
   </div>
   <div class='ocr_carea' id='block_1_48' title="bbox 185 4522 1889 4594">
    <p class='ocr_par' dir='ltr' id='par_1_48' title="bbox 185 4522 1889 4594">
     <span class='ocr_line' id='line_1_48' title="bbox 185 4522 1889 4594; baseline 0.001 -19"><span class='ocrx_word' id='word_1_362' title='bbox 185 4523 333 4576; x_wconf 90' lang='lat' dir='ltr'><strong>vinis</strong></span> <span class='ocrx_word' id='word_1_363' title='bbox 382 4539 447 4576; x_wconf 88' lang='lat' dir='ltr'><strong>ex</strong></span> <span class='ocrx_word' id='word_1_364' title='bbox 490 4523 700 4594; x_wconf 90' lang='lat' dir='ltr'><strong>quibus</strong></span> <span class='ocrx_word' id='word_1_365' title='bbox 730 4523 941 4593; x_wconf 91' lang='lat' dir='ltr'><strong>pendet</strong></span> <span class='ocrx_word' id='word_1_366' title='bbox 986 4538 1241 4576; x_wconf 85' lang='lat' dir='ltr'><strong>connexa</strong></span> <span class='ocrx_word' id='word_1_367' title='bbox 1270 4522 1609 4588; x_wconf 89' lang='lat' dir='ltr'><strong>rationibus,</strong></span> <span class='ocrx_word' id='word_1_368' title='bbox 1642 4539 1773 4577; x_wconf 90' lang='lat' dir='ltr'><strong>cum</strong></span> <span class='ocrx_word' id='word_1_369' title='bbox 1804 4524 1889 4577; x_wconf 91' lang='lat' dir='ltr'><strong>di-</strong></span> 
     </span>
    </p>
   </div>
   <div class='ocr_carea' id='block_1_49' title="bbox 187 4609 1892 4681">
    <p class='ocr_par' dir='ltr' id='par_1_49' title="bbox 187 4609 1892 4681">
     <span class='ocr_line' id='line_1_49' title="bbox 187 4609 1892 4681; baseline 0.001 -17"><span class='ocrx_word' id='word_1_370' title='bbox 187 4612 286 4676; x_wconf 91' lang='lat' dir='ltr'><strong>cit,</strong></span> <span class='ocrx_word' id='word_1_371' title='bbox 320 4612 516 4666; x_wconf 86' lang='lat' dir='ltr'><strong>Melius</strong></span> <span class='ocrx_word' id='word_1_372' title='bbox 562 4611 671 4665; x_wconf 91' lang='lat' dir='ltr'><strong>hoc</strong></span> <span class='ocrx_word' id='word_1_373' title='bbox 709 4611 873 4665; x_wconf 81' lang='lat' dir='ltr'><strong>ﬁeret</strong></span> <span class='ocrx_word' id='word_1_374' title='bbox 913 4627 1087 4681; x_wconf 90' lang='lat' dir='ltr'><strong>quam</strong></span> <span class='ocrx_word' id='word_1_375' title='bbox 1130 4610 1303 4675; x_wconf 88' lang='lat' dir='ltr'><strong>illud;</strong></span> <span class='ocrx_word' id='word_1_376' title='bbox 1345 4609 1392 4663; x_wconf 93' lang='lat' dir='ltr'><strong>si</strong></span> <span class='ocrx_word' id='word_1_377' title='bbox 1423 4626 1620 4664; x_wconf 87' lang='lat' dir='ltr'><strong>verum</strong></span> <span class='ocrx_word' id='word_1_378' title='bbox 1648 4611 1801 4677; x_wconf 86' lang='lat' dir='ltr'><strong>dicit,</strong></span> <span class='ocrx_word' id='word_1_379' title='bbox 1835 4616 1892 4666; x_wconf 91' lang='lat' dir='ltr'><strong>et</strong></span> 
     </span>
    </p>
   </div>
   <div class='ocr_carea' id='block_1_50' title="bbox 184 4699 1890 4770">
    <p class='ocr_par' dir='ltr' id='par_1_50' title="bbox 184 4699 1890 4770">
     <span class='ocr_line' id='line_1_50' title="bbox 184 4699 1890 4770; baseline 0.001 -17"><span class='ocrx_word' id='word_1_380' title='bbox 184 4699 339 4753; x_wconf 88' lang='lat' dir='ltr'><strong>videt</strong></span> <span class='ocrx_word' id='word_1_381' title='bbox 367 4701 520 4770; x_wconf 89' lang='lat' dir='ltr'><strong>quod</strong></span> <span class='ocrx_word' id='word_1_382' title='bbox 548 4700 702 4765; x_wconf 89' lang='lat' dir='ltr'><strong>dicit,</strong></span> <span class='ocrx_word' id='word_1_383' title='bbox 726 4699 787 4752; x_wconf 92' lang='lat' dir='ltr'><strong>in</strong></span> <span class='ocrx_word' id='word_1_384' title='bbox 816 4699 928 4752; x_wconf 88' lang='lat' dir='ltr'><strong>illis</strong></span> <span class='ocrx_word' id='word_1_385' title='bbox 955 4699 1160 4769; x_wconf 89' lang='lat' dir='ltr'><strong>quibus</strong></span> <span class='ocrx_word' id='word_1_386' title='bbox 1183 4714 1443 4753; x_wconf 86' lang='lat' dir='ltr'><strong>connexa</strong></span> <span class='ocrx_word' id='word_1_387' title='bbox 1466 4704 1552 4753; x_wconf 92' lang='lat' dir='ltr'><strong>est</strong></span> <span class='ocrx_word' id='word_1_388' title='bbox 1573 4699 1890 4754; x_wconf 87' lang='lat' dir='ltr'><strong>rationibus</strong></span> 
     </span>
    </p>
   </div>
   <div class='ocr_carea' id='block_1_51' title="bbox 183 4787 1888 4858">
    <p class='ocr_par' dir='ltr' id='par_1_51' title="bbox 183 4787 1888 4858">
     <span class='ocr_line' id='line_1_51' title="bbox 183 4787 1888 4858; baseline 0.002 -18"><span class='ocrx_word' id='word_1_389' title='bbox 183 4787 356 4842; x_wconf 87' lang='lat' dir='ltr'><strong>videt.</strong></span> <span class='ocrx_word' id='word_1_390' title='bbox 390 4789 591 4843; x_wconf 87' lang='lat' dir='ltr'><strong>Credat</strong></span> <span class='ocrx_word' id='word_1_391' title='bbox 619 4804 755 4858; x_wconf 84' lang='lat' dir='ltr'><strong>ergo</strong></span> <span class='ocrx_word' id='word_1_392' title='bbox 785 4789 966 4842; x_wconf 90' lang='lat' dir='ltr'><strong>Deum</strong></span> <span class='ocrx_word' id='word_1_393' title='bbox 994 4787 1193 4841; x_wconf 86' lang='lat' dir='ltr'><strong>fecisse</strong></span> <span class='ocrx_word' id='word_1_394' title='bbox 1224 4788 1378 4858; x_wconf 92' lang='lat' dir='ltr'><strong>quod</strong></span> <span class='ocrx_word' id='word_1_395' title='bbox 1406 4804 1540 4841; x_wconf 84' lang='lat' dir='ltr'><strong>vera</strong></span> <span class='ocrx_word' id='word_1_396' title='bbox 1569 4788 1789 4842; x_wconf 89' lang='lat' dir='ltr'><strong>ratione</strong></span> <span class='ocrx_word' id='word_1_397' title='bbox 1818 4790 1888 4844; x_wconf 91' lang='lat' dir='ltr'><strong>ab</strong></span> 
     </span>
    </p>
   </div>
   <div class='ocr_carea' id='block_1_52' title="bbox 182 4876 1891 4946">
    <p class='ocr_par' dir='ltr' id='par_1_52' title="bbox 182 4876 1891 4946">
     <span class='ocr_line' id='line_1_52' title="bbox 182 4876 1891 4946; baseline 0.001 -16"><span class='ocrx_word' id='word_1_398' title='bbox 182 4892 253 4930; x_wconf 91' lang='lat' dir='ltr'><strong>eo</strong></span> <span class='ocrx_word' id='word_1_399' title='bbox 298 4877 625 4931; x_wconf 90' lang='lat' dir='ltr'><strong>faciendum</strong></span> <span class='ocrx_word' id='word_1_400' title='bbox 668 4877 843 4930; x_wconf 88' lang='lat' dir='ltr'><strong>fuisse</strong></span> <span class='ocrx_word' id='word_1_401' title='bbox 875 4876 1161 4946; x_wconf 86' lang='lat' dir='ltr'><strong>cognovit,</strong></span> <span class='ocrx_word' id='word_1_402' title='bbox 1196 4877 1420 4930; x_wconf 90' lang='lat' dir='ltr'><strong>etiamsi</strong></span> <span class='ocrx_word' id='word_1_403' title='bbox 1469 4878 1574 4930; x_wconf 88' lang='lat' dir='ltr'><strong>hoc</strong></span> <span class='ocrx_word' id='word_1_404' title='bbox 1622 4877 1681 4932; x_wconf 82' lang='lat' dir='ltr'><strong>in</strong></span> <span class='ocrx_word' id='word_1_405' title='bbox 1722 4878 1891 4932; x_wconf 89' lang='lat' dir='ltr'><strong>rebus</strong></span> 
     </span>
    </p>
   </div>
   <div class='ocr_carea' id='block_1_53' title="bbox 176 4964 1888 5028">
    <p class='ocr_par' dir='ltr' id='par_1_53' title="bbox 176 4964 1888 5028">
     <span class='ocr_line' id='line_1_53' title="bbox 176 4964 1888 5028; baseline 0.001 -9"><span class='ocrx_word' id='word_1_406' title='bbox 176 4964 340 5019; x_wconf 88' lang='lat' dir='ltr'><strong>factis</strong></span> <span class='ocrx_word' id='word_1_407' title='bbox 385 4981 501 5018; x_wconf 90' lang='lat' dir='ltr'><strong>non</strong></span> <span class='ocrx_word' id='word_1_408' title='bbox 550 4966 720 5019; x_wconf 89' lang='lat' dir='ltr'><strong>videt.</strong></span> <span class='ocrx_word' id='word_1_409' title='bbox 765 4965 909 5028; x_wconf 87' lang='lat' dir='ltr'><strong>Quia</strong></span> <span class='ocrx_word' id='word_1_410' title='bbox 950 4964 1177 5019; x_wconf 90' lang='lat' dir='ltr'><strong>etiamsi</strong></span> <span class='ocrx_word' id='word_1_411' title='bbox 1223 4966 1429 5019; x_wconf 67' lang='lat' dir='ltr'><strong>cmlum</strong></span> <span class='ocrx_word' id='word_1_412' title='bbox 1469 4966 1651 5019; x_wconf 89' lang='lat' dir='ltr'><strong>oculis</strong></span> <span class='ocrx_word' id='word_1_413' title='bbox 1698 4966 1888 5021; x_wconf 82' lang='lat' dir='ltr'><strong>videre</strong></span> 
     </span>
    </p>
   </div>
   <div class='ocr_carea' id='block_1_54' title="bbox 175 5052 1885 5124">
    <p class='ocr_par' dir='ltr' id='par_1_54' title="bbox 175 5052 1885 5124">
     <span class='ocr_line' id='line_1_54' title="bbox 175 5052 1885 5124; baseline 0.001 -18"><span class='ocrx_word' id='word_1_414' title='bbox 175 5069 296 5106; x_wconf 92' lang='lat' dir='ltr'><strong>non</strong></span> <span class='ocrx_word' id='word_1_415' title='bbox 321 5056 531 5121; x_wconf 91' lang='lat' dir='ltr'><strong>posset,</strong></span> <span class='ocrx_word' id='word_1_416' title='bbox 565 5056 623 5107; x_wconf 88' lang='lat' dir='ltr'><strong>et</strong></span> <span class='ocrx_word' id='word_1_417' title='bbox 650 5057 844 5105; x_wconf 90' lang='lat' dir='ltr'><strong>tamen</strong></span> <span class='ocrx_word' id='word_1_418' title='bbox 875 5053 1093 5107; x_wconf 89' lang='lat' dir='ltr'><strong>ratione</strong></span> <span class='ocrx_word' id='word_1_419' title='bbox 1122 5069 1255 5106; x_wconf 89' lang='lat' dir='ltr'><strong>vera</strong></span> <span class='ocrx_word' id='word_1_420' title='bbox 1284 5054 1396 5106; x_wconf 88' lang='lat' dir='ltr'><strong>tale</strong></span> <span class='ocrx_word' id='word_1_421' title='bbox 1428 5052 1640 5124; x_wconf 91' lang='lat' dir='ltr'><strong>aliquid</strong></span> <span class='ocrx_word' id='word_1_422' title='bbox 1672 5054 1885 5108; x_wconf 87' lang='lat' dir='ltr'><strong>facien-</strong></span> 
     </span>
    </p>
   </div>
   <div class='ocr_carea' id='block_1_55' title="bbox 171 5140 1883 5210">
    <p class='ocr_par' dir='ltr' id='par_1_55' title="bbox 171 5140 1883 5210">
     <span class='ocr_line' id='line_1_55' title="bbox 171 5140 1883 5210; baseline 0.001 -14"><span class='ocrx_word' id='word_1_423' title='bbox 171 5142 313 5196; x_wconf 89' lang='lat' dir='ltr'><strong>dum</strong></span> <span class='ocrx_word' id='word_1_424' title='bbox 368 5140 545 5193; x_wconf 81' lang='lat' dir='ltr'><strong>fuisse</strong></span> <span class='ocrx_word' id='word_1_425' title='bbox 600 5140 917 5210; x_wconf 88' lang='lat' dir='ltr'><strong>colligeret,</strong></span> <span class='ocrx_word' id='word_1_426' title='bbox 976 5142 1203 5195; x_wconf 88' lang='lat' dir='ltr'><strong>credere</strong></span> <span class='ocrx_word' id='word_1_427' title='bbox 1246 5142 1441 5195; x_wconf 89' lang='lat' dir='ltr'><strong>debuit</strong></span> <span class='ocrx_word' id='word_1_428' title='bbox 1484 5142 1693 5196; x_wconf 87' lang='lat' dir='ltr'><strong>factum</strong></span> <span class='ocrx_word' id='word_1_429' title='bbox 1741 5159 1883 5210; x_wconf 85' lang='lat' dir='ltr'><strong>esse,</strong></span> 
     </span>
    </p>
   </div>
   <div class='ocr_carea' id='block_1_56' title="bbox 172 5227 1886 5302">
    <p class='ocr_par' dir='ltr' id='par_1_56' title="bbox 172 5227 1886 5302">
     <span class='ocr_line' id='line_1_56' title="bbox 172 5227 1886 5302; baseline 0.001 -18"><span class='ocrx_word' id='word_1_430' title='bbox 172 5227 442 5302; x_wconf 89' lang='lat' dir='ltr'><strong>quamvis</strong></span> <span class='ocrx_word' id='word_1_431' title='bbox 474 5228 533 5282; x_wconf 91' lang='lat' dir='ltr'><strong>id</strong></span> <span class='ocrx_word' id='word_1_432' title='bbox 562 5228 740 5282; x_wconf 91' lang='lat' dir='ltr'><strong>oculis</strong></span> <span class='ocrx_word' id='word_1_433' title='bbox 770 5245 890 5281; x_wconf 92' lang='lat' dir='ltr'><strong>non</strong></span> <span class='ocrx_word' id='word_1_434' title='bbox 928 5230 1170 5284; x_wconf 89' lang='lat' dir='ltr'><strong>videret.</strong></span> <span class='ocrx_word' id='word_1_435' title='bbox 1204 5232 1327 5285; x_wconf 85' lang='lat' dir='ltr'><strong>Non</strong></span> <span class='ocrx_word' id='word_1_436' title='bbox 1360 5231 1512 5284; x_wconf 87' lang='lat' dir='ltr'><strong>enim</strong></span> <span class='ocrx_word' id='word_1_437' title='bbox 1546 5231 1886 5301; x_wconf 88' lang='lat' dir='ltr'><strong>cogitatione</strong></span> 
     </span>
    </p>
   </div>
   <div class='ocr_carea' id='block_1_57' title="bbox 168 5316 1886 5395">
    <p class='ocr_par' dir='ltr' id='par_1_57' title="bbox 168 5316 1886 5395">
     <span class='ocr_line' id='line_1_57' title="bbox 168 5316 1886 5395; baseline 0.002 -23"><span class='ocrx_word' id='word_1_438' title='bbox 168 5318 391 5395; x_wconf 79' lang='lat' dir='ltr'><strong>videret</strong></span> <span class='ocrx_word' id='word_1_439' title='bbox 422 5317 599 5371; x_wconf 90' lang='lat' dir='ltr'><strong>fuisse</strong></span> <span class='ocrx_word' id='word_1_440' title='bbox 630 5316 977 5384; x_wconf 89' lang='lat' dir='ltr'><strong>faciendum,</strong></span> <span class='ocrx_word' id='word_1_441' title='bbox 1012 5318 1121 5372; x_wconf 90' lang='lat' dir='ltr'><strong>nisi</strong></span> <span class='ocrx_word' id='word_1_442' title='bbox 1149 5319 1207 5372; x_wconf 92' lang='lat' dir='ltr'><strong>in</strong></span> <span class='ocrx_word' id='word_1_443' title='bbox 1240 5320 1308 5374; x_wconf 90' lang='lat' dir='ltr'><strong>iis</strong></span> <span class='ocrx_word' id='word_1_444' title='bbox 1337 5320 1655 5375; x_wconf 89' lang='lat' dir='ltr'><strong>rationibus</strong></span> <span class='ocrx_word' id='word_1_445' title='bbox 1681 5320 1886 5391; x_wconf 89' lang='lat' dir='ltr'><strong>quibus</strong></span> 
     </span>
    </p>
   </div>
   <div class='ocr_carea' id='block_1_58' title="bbox 174 5406 1883 5475">
    <p class='ocr_par' dir='ltr' id='par_1_58' title="bbox 174 5406 1883 5475">
     <span class='ocr_line' id='line_1_58' title="bbox 174 5406 1883 5475; baseline 0 -12"><span class='ocrx_word' id='word_1_446' title='bbox 174 5410 327 5463; x_wconf 91' lang='lat' dir='ltr'><strong>facta</strong></span> <span class='ocrx_word' id='word_1_447' title='bbox 366 5412 500 5462; x_wconf 91' lang='lat' dir='ltr'><strong>sunt</strong></span> <span class='ocrx_word' id='word_1_448' title='bbox 523 5406 735 5461; x_wconf 88' lang='lat' dir='ltr'><strong>omnia.</strong></span> <span class='ocrx_word' id='word_1_449' title='bbox 767 5407 930 5471; x_wconf 91' lang='lat' dir='ltr'><strong>Quod</strong></span> <span class='ocrx_word' id='word_1_450' title='bbox 961 5412 1154 5462; x_wconf 90' lang='lat' dir='ltr'><strong>autem</strong></span> <span class='ocrx_word' id='word_1_451' title='bbox 1186 5408 1264 5462; x_wconf 91' lang='lat' dir='ltr'><strong>ibi</strong></span> <span class='ocrx_word' id='word_1_452' title='bbox 1304 5425 1423 5463; x_wconf 91' lang='lat' dir='ltr'><strong>non</strong></span> <span class='ocrx_word' id='word_1_453' title='bbox 1451 5413 1553 5475; x_wconf 84' lang='lat' dir='ltr'><strong>est,</strong></span> <span class='ocrx_word' id='word_1_454' title='bbox 1574 5413 1691 5463; x_wconf 87' lang='lat' dir='ltr'><strong>tam</strong></span> <span class='ocrx_word' id='word_1_455' title='bbox 1712 5426 1883 5463; x_wconf 88' lang='lat' dir='ltr'><strong>nemo</strong></span> 
     </span>
    </p>
   </div>
   <div class='ocr_carea' id='block_1_59' title="bbox 172 5494 1879 5568">
    <p class='ocr_par' dir='ltr' id='par_1_59' title="bbox 172 5494 1879 5568">
     <span class='ocr_line' id='line_1_59' title="bbox 172 5494 1879 5568; baseline 0.002 -19"><span class='ocrx_word' id='word_1_456' title='bbox 172 5499 363 5568; x_wconf 89' lang='lat' dir='ltr'><strong>potest</strong></span> <span class='ocrx_word' id='word_1_457' title='bbox 384 5495 566 5549; x_wconf 89' lang='lat' dir='ltr'><strong>veraci</strong></span> <span class='ocrx_word' id='word_1_458' title='bbox 587 5494 933 5567; x_wconf 87' lang='lat' dir='ltr'><strong>cogitatione</strong></span> <span class='ocrx_word' id='word_1_459' title='bbox 962 5496 1176 5563; x_wconf 89' lang='lat' dir='ltr'><strong>videre,</strong></span> <span class='ocrx_word' id='word_1_460' title='bbox 1208 5513 1381 5567; x_wconf 90' lang='lat' dir='ltr'><strong>quam</strong></span> <span class='ocrx_word' id='word_1_461' title='bbox 1406 5513 1523 5551; x_wconf 91' lang='lat' dir='ltr'><strong>non</strong></span> <span class='ocrx_word' id='word_1_462' title='bbox 1549 5502 1633 5551; x_wconf 88' lang='lat' dir='ltr'><strong>est</strong></span> <span class='ocrx_word' id='word_1_463' title='bbox 1662 5514 1879 5553; x_wconf 88' lang='lat' dir='ltr'><strong>verum.</strong></span> 
     </span>
    </p>
   </div>
   <div class='ocr_carea' id='block_1_60' title="bbox 244 5591 1172 5654">
    <p class='ocr_par' dir='ltr' id='par_1_60' title="bbox 244 5591 1172 5654">
     <span class='ocr_line' id='line_1_60' title="bbox 244 5591 1172 5654; baseline 0.003 -15"><span class='ocrx_word' id='word_1_464' title='bbox 244 5595 255 5627; x_wconf 78' lang='grc' dir='ltr'>ι</span> <span class='ocrx_word' id='word_1_465' title='bbox 289 5591 415 5640; x_wconf 85' lang='lat' dir='ltr'><strong>Bad.</strong></span> <span class='ocrx_word' id='word_1_466' title='bbox 441 5596 493 5642; x_wconf 90' lang='lat' dir='ltr'><strong>et</strong></span> <span class='ocrx_word' id='word_1_467' title='bbox 522 5593 627 5654; x_wconf 89' lang='lat' dir='ltr'><strong>Er.,</strong></span> <span class='ocrx_word' id='word_1_468' title='bbox 657 5593 847 5643; x_wconf 64' lang='lat' dir='ltr'><strong>caelum</strong></span> <span class='ocrx_word' id='word_1_469' title='bbox 874 5605 985 5644; x_wconf 77' lang='lat' dir='ltr'><strong>esse</strong></span> <span class='ocrx_word' id='word_1_470' title='bbox 1014 5594 1172 5645; x_wconf 73' lang='lat' dir='ltr'><strong>notis.</strong></span> 
     </span>
    </p>
   </div>
   <div class='ocr_carea' id='block_1_61' title="bbox 1677 324 2253 380">
    <p class='ocr_par' dir='ltr' id='par_1_61' title="bbox 1677 324 2253 380">
     <span class='ocr_line' id='line_1_61' title="bbox 1677 324 2253 380; baseline -0.002 -2"><span class='ocrx_word' id='word_1_471' title='bbox 1677 325 1891 379; x_wconf 78' lang='lat' dir='ltr'><strong>LIBER</strong></span> <span class='ocrx_word' id='word_1_472' title='bbox 1930 324 2253 380; x_wconf 81' lang='lat' dir='ltr'><strong>TERTIUS.</strong></span> 
     </span>
    </p>
   </div>
   <div class='ocr_carea' id='block_1_62' title="bbox 3591 330 3722 382">
    <p class='ocr_par' dir='ltr' id='par_1_62' title="bbox 3591 330 3722 382">
     <span class='ocr_line' id='line_1_62' title="bbox 3591 330 3722 382; baseline 0.023 -3"><span class='ocrx_word' id='word_1_473' title='bbox 3591 330 3722 382; x_wconf 78' lang='lat' dir='ltr'><strong>l2&#39;78</strong></span> 
     </span>
    </p>
   </div>
   <div class='ocr_carea' id='block_1_63' title="bbox 2097 448 3723 520">
    <p class='ocr_par' dir='ltr' id='par_1_63' title="bbox 2097 448 3723 520">
     <span class='ocr_line' id='line_1_63' title="bbox 2097 448 3723 520; baseline 0.001 -17"><span class='ocrx_word' id='word_1_474' title='bbox 2097 449 2180 503; x_wconf 77' lang='grc'><strong>14.</strong></span> <span class='ocrx_word' id='word_1_475' title='bbox 2228 449 2291 502; x_wconf 91' lang='lat' dir='ltr'><strong>In</strong></span> <span class='ocrx_word' id='word_1_476' title='bbox 2332 464 2400 503; x_wconf 94' lang='lat' dir='ltr'><strong>eo</strong></span> <span class='ocrx_word' id='word_1_477' title='bbox 2448 448 2712 520; x_wconf 89' lang='lat' dir='ltr'><strong>plerique</strong></span> <span class='ocrx_word' id='word_1_478' title='bbox 2741 448 3006 503; x_wconf 89' lang='lat' dir='ltr'><strong>homines</strong></span> <span class='ocrx_word' id='word_1_479' title='bbox 3053 453 3268 517; x_wconf 90' lang='lat' dir='ltr'><strong>errant,</strong></span> <span class='ocrx_word' id='word_1_480' title='bbox 3300 449 3436 520; x_wconf 87' lang='lat' dir='ltr'><strong>quia</strong></span> <span class='ocrx_word' id='word_1_481' title='bbox 3481 449 3723 505; x_wconf 86' lang='lat' dir='ltr'><strong>meliora</strong></span> 
     </span>
    </p>
   </div>
   <div class='ocr_carea' id='block_1_64' title="bbox 2021 536 3722 610">
    <p class='ocr_par' dir='ltr' id='par_1_64' title="bbox 2021 536 3722 610">
     <span class='ocr_line' id='line_1_64' title="bbox 2021 536 3722 610; baseline 0.001 -19"><span class='ocrx_word' id='word_1_482' title='bbox 2021 552 2153 591; x_wconf 89' lang='lat' dir='ltr'><strong>cum</strong></span> <span class='ocrx_word' id='word_1_483' title='bbox 2182 540 2371 591; x_wconf 90' lang='lat' dir='ltr'><strong>mente</strong></span> <span class='ocrx_word' id='word_1_484' title='bbox 2405 536 2820 606; x_wconf 86' lang='lat' dir='ltr'><strong>conspexerint,</strong></span> <span class='ocrx_word' id='word_1_485' title='bbox 2858 553 2974 591; x_wconf 89' lang='lat' dir='ltr'><strong>non</strong></span> <span class='ocrx_word' id='word_1_486' title='bbox 3012 537 3071 591; x_wconf 93' lang='lat' dir='ltr'><strong>in</strong></span> <span class='ocrx_word' id='word_1_487' title='bbox 3100 537 3328 592; x_wconf 88' lang='lat' dir='ltr'><strong>sedibus</strong></span> <span class='ocrx_word' id='word_1_488' title='bbox 3364 539 3629 610; x_wconf 90' lang='lat' dir='ltr'><strong>congruis</strong></span> <span class='ocrx_word' id='word_1_489' title='bbox 3655 555 3722 593; x_wconf 92' lang='lat' dir='ltr'><strong>ea</strong></span> 
     </span>
    </p>
   </div>
   <div class='ocr_carea' id='block_1_65' title="bbox 2022 625 3721 697">
    <p class='ocr_par' dir='ltr' id='par_1_65' title="bbox 2022 625 3721 697">
     <span class='ocr_line' id='line_1_65' title="bbox 2022 625 3721 697; baseline 0.002 -19"><span class='ocrx_word' id='word_1_490' title='bbox 2022 625 2199 679; x_wconf 90' lang='lat' dir='ltr'><strong>oculis</strong></span> <span class='ocrx_word' id='word_1_491' title='bbox 2224 631 2511 696; x_wconf 77' lang='lat' dir='ltr'><strong>quaerunt.</strong></span> <span class='ocrx_word' id='word_1_492' title='bbox 2544 626 2707 679; x_wconf 89' lang='lat' dir='ltr'><strong>Velut</strong></span> <span class='ocrx_word' id='word_1_493' title='bbox 2733 625 2780 678; x_wconf 92' lang='lat' dir='ltr'><strong>si</strong></span> <span class='ocrx_word' id='word_1_494' title='bbox 2809 626 3114 697; x_wconf 89' lang='lat' dir='ltr'><strong>quisquam</strong></span> <span class='ocrx_word' id='word_1_495' title='bbox 3137 627 3445 695; x_wconf 84' lang='lat' dir='ltr'><strong>perfectam</strong></span> <span class='ocrx_word' id='word_1_496' title='bbox 3468 628 3721 683; x_wconf 88' lang='lat' dir='ltr'><strong>rotundi-</strong></span> 
     </span>
    </p>
   </div>
   <div class='ocr_carea' id='block_1_66' title="bbox 2021 714 3717 787">
    <p class='ocr_par' dir='ltr' id='par_1_66' title="bbox 2021 714 3717 787">
     <span class='ocr_line' id='line_1_66' title="bbox 2021 714 3717 787; baseline 0.001 -18"><span class='ocrx_word' id='word_1_497' title='bbox 2021 719 2197 769; x_wconf 86' lang='lat' dir='ltr'><strong>tatem</strong></span> <span class='ocrx_word' id='word_1_498' title='bbox 2228 715 2453 769; x_wconf 91' lang='lat' dir='ltr'><strong>ratione</strong></span> <span class='ocrx_word' id='word_1_499' title='bbox 2490 714 2998 784; x_wconf 87' lang='lat' dir='ltr'><strong>comprehendens,</strong></span> <span class='ocrx_word' id='word_1_500' title='bbox 3034 716 3418 770; x_wconf 89' lang='lat' dir='ltr'><strong>stomachetur</strong></span> <span class='ocrx_word' id='word_1_501' title='bbox 3447 717 3599 787; x_wconf 89' lang='lat' dir='ltr'><strong>quod</strong></span> <span class='ocrx_word' id='word_1_502' title='bbox 3630 721 3717 771; x_wconf 91' lang='lat' dir='ltr'><strong>ta-</strong></span> 
     </span>
    </p>
   </div>
   <div class='ocr_carea' id='block_1_67' title="bbox 2021 802 3717 876">
    <p class='ocr_par' dir='ltr' id='par_1_67' title="bbox 2021 802 3717 876">
     <span class='ocr_line' id='line_1_67' title="bbox 2021 802 3717 876; baseline 0.002 -19"><span class='ocrx_word' id='word_1_503' title='bbox 2021 803 2136 858; x_wconf 91' lang='lat' dir='ltr'><strong>lem</strong></span> <span class='ocrx_word' id='word_1_504' title='bbox 2177 803 2234 857; x_wconf 91' lang='lat' dir='ltr'><strong>in</strong></span> <span class='ocrx_word' id='word_1_505' title='bbox 2276 820 2418 858; x_wconf 89' lang='lat' dir='ltr'><strong>nuce</strong></span> <span class='ocrx_word' id='word_1_506' title='bbox 2452 820 2562 857; x_wconf 94' lang='lat' dir='ltr'><strong>non</strong></span> <span class='ocrx_word' id='word_1_507' title='bbox 2594 802 2830 866; x_wconf 87' lang='lat' dir='ltr'><strong>invenit,</strong></span> <span class='ocrx_word' id='word_1_508' title='bbox 2863 803 2909 857; x_wconf 88' lang='lat' dir='ltr'><strong>si</strong></span> <span class='ocrx_word' id='word_1_509' title='bbox 2942 803 3161 857; x_wconf 91' lang='lat' dir='ltr'><strong>nullum</strong></span> <span class='ocrx_word' id='word_1_510' title='bbox 3205 820 3456 875; x_wconf 90' lang='lat' dir='ltr'><strong>unquam</strong></span> <span class='ocrx_word' id='word_1_511' title='bbox 3512 822 3717 876; x_wconf 87' lang='lat' dir='ltr'><strong>corpus</strong></span> 
     </span>
    </p>
   </div>
   <div class='ocr_carea' id='block_1_68' title="bbox 2021 891 3715 963">
    <p class='ocr_par' dir='ltr' id='par_1_68' title="bbox 2021 891 3715 963">
     <span class='ocr_line' id='line_1_68' title="bbox 2021 891 3715 963; baseline 0.001 -18"><span class='ocrx_word' id='word_1_512' title='bbox 2021 892 2335 946; x_wconf 91' lang='lat' dir='ltr'><strong>rotundum</strong></span> <span class='ocrx_word' id='word_1_513' title='bbox 2362 897 2574 963; x_wconf 66' lang='lat' dir='ltr'><strong>praater</strong></span> <span class='ocrx_word' id='word_1_514' title='bbox 2600 891 2998 962; x_wconf 88' lang='lat' dir='ltr'><strong>hujuscemodi</strong></span> <span class='ocrx_word' id='word_1_515' title='bbox 3026 907 3199 961; x_wconf 89' lang='lat' dir='ltr'><strong>poma</strong></span> <span class='ocrx_word' id='word_1_516' title='bbox 3229 893 3541 962; x_wconf 80' lang='lat' dir='ltr'><strong>conspexit.</strong></span> <span class='ocrx_word' id='word_1_517' title='bbox 3577 894 3715 947; x_wconf 90' lang='lat' dir='ltr'><strong>Nam</strong></span> 
     </span>
    </p>
   </div>
   <div class='ocr_carea' id='block_1_69' title="bbox 2022 980 3717 1051">
    <p class='ocr_par' dir='ltr' id='par_1_69' title="bbox 2022 980 3717 1051">
     <span class='ocr_line' id='line_1_69' title="bbox 2022 980 3717 1051; baseline 0.001 -18"><span class='ocrx_word' id='word_1_518' title='bbox 2022 980 2102 1034; x_wconf 90' lang='lat' dir='ltr'><strong>ita</strong></span> <span class='ocrx_word' id='word_1_519' title='bbox 2131 981 2367 1051; x_wconf 90' lang='lat' dir='ltr'><strong>quidam</strong></span> <span class='ocrx_word' id='word_1_520' title='bbox 2420 998 2550 1035; x_wconf 92' lang='lat' dir='ltr'><strong>cum</strong></span> <span class='ocrx_word' id='word_1_521' title='bbox 2584 981 2805 1035; x_wconf 90' lang='lat' dir='ltr'><strong>ratione</strong></span> <span class='ocrx_word' id='word_1_522' title='bbox 2836 980 3130 1034; x_wconf 89' lang='lat' dir='ltr'><strong>verissima</strong></span> <span class='ocrx_word' id='word_1_523' title='bbox 3157 980 3385 1034; x_wconf 87' lang='lat' dir='ltr'><strong>videant</strong></span> <span class='ocrx_word' id='word_1_524' title='bbox 3424 981 3717 1035; x_wconf 89' lang='lat' dir='ltr'><strong>meliorem</strong></span> 
     </span>
    </p>
   </div>
   <div class='ocr_carea' id='block_1_70' title="bbox 2021 1067 3717 1139">
    <p class='ocr_par' dir='ltr' id='par_1_70' title="bbox 2021 1067 3717 1139">
     <span class='ocr_line' id='line_1_70' title="bbox 2021 1067 3717 1139; baseline 0.001 -19"><span class='ocrx_word' id='word_1_525' title='bbox 2021 1083 2141 1121; x_wconf 90' lang='lat' dir='ltr'><strong>esse</strong></span> <span class='ocrx_word' id='word_1_526' title='bbox 2172 1072 2516 1136; x_wconf 88' lang='lat' dir='ltr'><strong>creaturam,</strong></span> <span class='ocrx_word' id='word_1_527' title='bbox 2560 1084 2689 1139; x_wconf 71' lang='lat' dir='ltr'><strong>quae</strong></span> <span class='ocrx_word' id='word_1_528' title='bbox 2721 1067 2980 1139; x_wconf 89' lang='lat' dir='ltr'><strong>quamvis</strong></span> <span class='ocrx_word' id='word_1_529' title='bbox 3010 1068 3219 1121; x_wconf 87' lang='lat' dir='ltr'><strong>habeat</strong></span> <span class='ocrx_word' id='word_1_530' title='bbox 3248 1067 3485 1122; x_wconf 90' lang='lat' dir='ltr'><strong>liberam</strong></span> <span class='ocrx_word' id='word_1_531' title='bbox 3518 1068 3717 1122; x_wconf 87' lang='lat' dir='ltr'><strong>volun-</strong></span> 
     </span>
    </p>
   </div>
   <div class='ocr_carea' id='block_1_71' title="bbox 2020 1154 3717 1225">
    <p class='ocr_par' dir='ltr' id='par_1_71' title="bbox 2020 1154 3717 1225">
     <span class='ocr_line' id='line_1_71' title="bbox 2020 1154 3717 1225; baseline 0.001 -17"><span class='ocrx_word' id='word_1_532' title='bbox 2020 1158 2218 1221; x_wconf 76' lang='lat' dir='ltr'><strong>tatem,</strong></span> <span class='ocrx_word' id='word_1_533' title='bbox 2246 1156 2361 1209; x_wconf 93' lang='lat' dir='ltr'><strong>Deo</strong></span> <span class='ocrx_word' id='word_1_534' title='bbox 2383 1160 2575 1208; x_wconf 89' lang='lat' dir='ltr'><strong>tamen</strong></span> <span class='ocrx_word' id='word_1_535' title='bbox 2596 1170 2820 1225; x_wconf 90' lang='lat' dir='ltr'><strong>semper</strong></span> <span class='ocrx_word' id='word_1_536' title='bbox 2837 1154 3028 1221; x_wconf 73' lang='lat' dir='ltr'><strong>infixa,</strong></span> <span class='ocrx_word' id='word_1_537' title='bbox 3048 1170 3347 1225; x_wconf 90' lang='lat' dir='ltr'><strong>nunquam</strong></span> <span class='ocrx_word' id='word_1_538' title='bbox 3368 1154 3717 1225; x_wconf 83' lang='lat' dir='ltr'><strong>peccaverit;</strong></span> 
     </span>
    </p>
   </div>
   <div class='ocr_carea' id='block_1_72' title="bbox 2019 1242 3714 1314">
    <p class='ocr_par' dir='ltr' id='par_1_72' title="bbox 2019 1242 3714 1314">
     <span class='ocr_line' id='line_1_72' title="bbox 2019 1242 3714 1314; baseline 0.001 -18"><span class='ocrx_word' id='word_1_539' title='bbox 2019 1242 2305 1296; x_wconf 89' lang='lat' dir='ltr'><strong>intuentes</strong></span> <span class='ocrx_word' id='word_1_540' title='bbox 2334 1249 2566 1313; x_wconf 87' lang='lat' dir='ltr'><strong>peccata</strong></span> <span class='ocrx_word' id='word_1_541' title='bbox 2595 1242 2915 1309; x_wconf 88' lang='lat' dir='ltr'><strong>hominum,</strong></span> <span class='ocrx_word' id='word_1_542' title='bbox 2944 1259 3056 1296; x_wconf 89' lang='lat' dir='ltr'><strong>non</strong></span> <span class='ocrx_word' id='word_1_543' title='bbox 3082 1247 3141 1297; x_wconf 92' lang='lat' dir='ltr'><strong>ut</strong></span> <span class='ocrx_word' id='word_1_544' title='bbox 3167 1259 3399 1314; x_wconf 90' lang='lat' dir='ltr'><strong>peccare</strong></span> <span class='ocrx_word' id='word_1_545' title='bbox 3432 1242 3714 1309; x_wconf 84' lang='lat' dir='ltr'><strong>desinant,</strong></span> 
     </span>
    </p>
   </div>
   <div class='ocr_carea' id='block_1_73' title="bbox 2019 1331 3717 1402">
    <p class='ocr_par' dir='ltr' id='par_1_73' title="bbox 2019 1331 3717 1402">
     <span class='ocr_line' id='line_1_73' title="bbox 2019 1331 3717 1402; baseline 0 -17"><span class='ocrx_word' id='word_1_546' title='bbox 2019 1332 2113 1385; x_wconf 90' lang='lat' dir='ltr'><strong>sed</strong></span> <span class='ocrx_word' id='word_1_547' title='bbox 2148 1331 2281 1402; x_wconf 91' lang='lat' dir='ltr'><strong>quia</strong></span> <span class='ocrx_word' id='word_1_548' title='bbox 2308 1331 2442 1385; x_wconf 90' lang='lat' dir='ltr'><strong>facti</strong></span> <span class='ocrx_word' id='word_1_549' title='bbox 2472 1336 2604 1385; x_wconf 88' lang='lat' dir='ltr'><strong>sunt</strong></span> <span class='ocrx_word' id='word_1_550' title='bbox 2652 1332 2866 1397; x_wconf 91' lang='lat' dir='ltr'><strong>dolent,</strong></span> <span class='ocrx_word' id='word_1_551' title='bbox 2909 1331 3158 1385; x_wconf 89' lang='lat' dir='ltr'><strong>dicentes</strong></span> <span class='ocrx_word' id='word_1_552' title='bbox 3190 1348 3202 1385; x_wconf 87' lang='lat'><strong>:</strong></span> <span class='ocrx_word' id='word_1_553' title='bbox 3236 1332 3395 1385; x_wconf 90' lang='lat' dir='ltr'><strong>Tales</strong></span> <span class='ocrx_word' id='word_1_554' title='bbox 3432 1348 3535 1385; x_wconf 92' lang='lat' dir='ltr'><strong>nos</strong></span> <span class='ocrx_word' id='word_1_555' title='bbox 3568 1333 3717 1385; x_wconf 85' lang='lat' dir='ltr'><strong>face-</strong></span> 
     </span>
    </p>
   </div>
   <div class='ocr_carea' id='block_1_74' title="bbox 2020 1419 3714 1490">
    <p class='ocr_par' dir='ltr' id='par_1_74' title="bbox 2020 1419 3714 1490">
     <span class='ocr_line' id='line_1_74' title="bbox 2020 1419 3714 1490; baseline 0.001 -17"><span class='ocrx_word' id='word_1_556' title='bbox 2020 1424 2126 1487; x_wconf 91' lang='lat' dir='ltr'><strong>ret,</strong></span> <span class='ocrx_word' id='word_1_557' title='bbox 2177 1423 2243 1473; x_wconf 91' lang='lat' dir='ltr'><strong>ut</strong></span> <span class='ocrx_word' id='word_1_558' title='bbox 2285 1435 2511 1490; x_wconf 90' lang='lat' dir='ltr'><strong>semper</strong></span> <span class='ocrx_word' id='word_1_559' title='bbox 2551 1419 3011 1473; x_wconf 86' lang='lat' dir='ltr'><strong>incommutabili</strong></span> <span class='ocrx_word' id='word_1_560' title='bbox 3048 1421 3171 1490; x_wconf 89' lang='lat' dir='ltr'><strong>ejus</strong></span> <span class='ocrx_word' id='word_1_561' title='bbox 3208 1420 3443 1473; x_wconf 85' lang='lat' dir='ltr'><strong>veritate</strong></span> <span class='ocrx_word' id='word_1_562' title='bbox 3472 1420 3714 1490; x_wconf 85' lang='lat' dir='ltr'><strong>perfrui,</strong></span> 
     </span>
    </p>
   </div>
   <div class='ocr_carea' id='block_1_75' title="bbox 2018 1508 3716 1579">
    <p class='ocr_par' dir='ltr' id='par_1_75' title="bbox 2018 1508 3716 1579">
     <span class='ocr_line' id='line_1_75' title="bbox 2018 1508 3716 1579; baseline 0.001 -18"><span class='ocrx_word' id='word_1_563' title='bbox 2018 1524 2317 1579; x_wconf 90' lang='lat' dir='ltr'><strong>nunquam</strong></span> <span class='ocrx_word' id='word_1_564' title='bbox 2346 1514 2536 1563; x_wconf 89' lang='lat' dir='ltr'><strong>autem</strong></span> <span class='ocrx_word' id='word_1_565' title='bbox 2567 1524 2797 1579; x_wconf 91' lang='lat' dir='ltr'><strong>peccare</strong></span> <span class='ocrx_word' id='word_1_566' title='bbox 2823 1508 3117 1561; x_wconf 89' lang='lat' dir='ltr'><strong>vellemus.</strong></span> <span class='ocrx_word' id='word_1_567' title='bbox 3152 1509 3277 1561; x_wconf 86' lang='lat' dir='ltr'><strong>Non</strong></span> <span class='ocrx_word' id='word_1_568' title='bbox 3303 1509 3569 1577; x_wconf 89' lang='lat' dir='ltr'><strong>clament,</strong></span> <span class='ocrx_word' id='word_1_569' title='bbox 3599 1525 3716 1563; x_wconf 90' lang='lat' dir='ltr'><strong>non</strong></span> 
     </span>
    </p>
   </div>
   <div class='ocr_carea' id='block_1_76' title="bbox 2019 1596 3716 1669">
    <p class='ocr_par' dir='ltr' id='par_1_76' title="bbox 2019 1596 3716 1669">
     <span class='ocr_line' id='line_1_76' title="bbox 2019 1596 3716 1669; baseline -0.001 -18"><span class='ocrx_word' id='word_1_570' title='bbox 2019 1603 2389 1652; x_wconf 89' lang='lat' dir='ltr'><strong>succenseant</strong></span> <span class='ocrx_word' id='word_1_571' title='bbox 2434 1616 2447 1652; x_wconf 87' lang='lat'><strong>:</strong></span> <span class='ocrx_word' id='word_1_572' title='bbox 2502 1598 2638 1669; x_wconf 90' lang='lat' dir='ltr'><strong>quia</strong></span> <span class='ocrx_word' id='word_1_573' title='bbox 2678 1614 2865 1668; x_wconf 89' lang='lat' dir='ltr'><strong>neque</strong></span> <span class='ocrx_word' id='word_1_574' title='bbox 2909 1597 3063 1667; x_wconf 89' lang='lat' dir='ltr'><strong>ipsos</strong></span> <span class='ocrx_word' id='word_1_575' title='bbox 3090 1596 3216 1650; x_wconf 93' lang='lat' dir='ltr'><strong>ideo</strong></span> <span class='ocrx_word' id='word_1_576' title='bbox 3245 1596 3432 1667; x_wconf 89' lang='lat' dir='ltr'><strong>c0egit</strong></span> <span class='ocrx_word' id='word_1_577' title='bbox 3460 1612 3716 1666; x_wconf 83' lang='lat' dir='ltr'><strong>peccare,</strong></span> 
     </span>
    </p>
   </div>
   <div class='ocr_carea' id='block_1_77' title="bbox 2019 1685 3720 1758">
    <p class='ocr_par' dir='ltr' id='par_1_77' title="bbox 2019 1685 3720 1758">
     <span class='ocr_line' id='line_1_77' title="bbox 2019 1685 3720 1758; baseline 0 -18"><span class='ocrx_word' id='word_1_578' title='bbox 2019 1685 2157 1757; x_wconf 89' lang='lat' dir='ltr'><strong>quia</strong></span> <span class='ocrx_word' id='word_1_579' title='bbox 2183 1687 2337 1755; x_wconf 88' lang='lat' dir='ltr'><strong>fecit,</strong></span> <span class='ocrx_word' id='word_1_580' title='bbox 2371 1686 2579 1758; x_wconf 91' lang='lat' dir='ltr'><strong>quibus</strong></span> <span class='ocrx_word' id='word_1_581' title='bbox 2607 1690 2945 1756; x_wconf 89' lang='lat' dir='ltr'><strong>potestatem</strong></span> <span class='ocrx_word' id='word_1_582' title='bbox 2977 1690 3170 1739; x_wconf 89' lang='lat' dir='ltr'><strong>utrum</strong></span> <span class='ocrx_word' id='word_1_583' title='bbox 3203 1685 3411 1739; x_wconf 89' lang='lat' dir='ltr'><strong>vellent</strong></span> <span class='ocrx_word' id='word_1_584' title='bbox 3440 1685 3623 1752; x_wconf 89' lang='lat' dir='ltr'><strong>dedit;</strong></span> <span class='ocrx_word' id='word_1_585' title='bbox 3662 1691 3720 1740; x_wconf 92' lang='lat' dir='ltr'><strong>et</strong></span> 
     </span>
    </p>
   </div>
   <div class='ocr_carea' id='block_1_78' title="bbox 2018 1774 3716 1845">
    <p class='ocr_par' dir='ltr' id='par_1_78' title="bbox 2018 1774 3716 1845">
     <span class='ocr_line' id='line_1_78' title="bbox 2018 1774 3716 1845; baseline 0 -18"><span class='ocrx_word' id='word_1_586' title='bbox 2018 1778 2151 1828; x_wconf 91' lang='lat' dir='ltr'><strong>sunt</strong></span> <span class='ocrx_word' id='word_1_587' title='bbox 2179 1776 2319 1828; x_wconf 87' lang='lat' dir='ltr'><strong>tales</strong></span> <span class='ocrx_word' id='word_1_588' title='bbox 2349 1775 2583 1845; x_wconf 89' lang='lat' dir='ltr'><strong>quidam</strong></span> <span class='ocrx_word' id='word_1_589' title='bbox 2615 1775 2839 1845; x_wconf 87' lang='lat' dir='ltr'><strong>Angeli,</strong></span> <span class='ocrx_word' id='word_1_590' title='bbox 2863 1774 2963 1844; x_wconf 89' lang='lat' dir='ltr'><strong>qui</strong></span> <span class='ocrx_word' id='word_1_591' title='bbox 2988 1790 3174 1843; x_wconf 90' lang='lat' dir='ltr'><strong>neque</strong></span> <span class='ocrx_word' id='word_1_592' title='bbox 3202 1777 3580 1842; x_wconf 84' lang='lat' dir='ltr'><strong>peccaverunt</strong></span> <span class='ocrx_word' id='word_1_593' title='bbox 3609 1790 3716 1827; x_wconf 91' lang='lat' dir='ltr'><strong>un-</strong></span> 
     </span>
    </p>
   </div>
   <div class='ocr_carea' id='block_1_79' title="bbox 2020 1860 3717 1934">
    <p class='ocr_par' dir='ltr' id='par_1_79' title="bbox 2020 1860 3717 1934">
     <span class='ocr_line' id='line_1_79' title="bbox 2020 1860 3717 1934; baseline 0 -19"><span class='ocrx_word' id='word_1_594' title='bbox 2020 1878 2216 1933; x_wconf 85' lang='lat' dir='ltr'><strong>quam,</strong></span> <span class='ocrx_word' id='word_1_595' title='bbox 2250 1880 2437 1934; x_wconf 89' lang='lat' dir='ltr'><strong>neque</strong></span> <span class='ocrx_word' id='word_1_596' title='bbox 2477 1863 2762 1934; x_wconf 90' lang='lat' dir='ltr'><strong>peccaturi</strong></span> <span class='ocrx_word' id='word_1_597' title='bbox 2792 1868 2944 1916; x_wconf 86' lang='lat' dir='ltr'><strong>sunt.</strong></span> <span class='ocrx_word' id='word_1_598' title='bbox 2976 1861 3363 1926; x_wconf 90' lang='lat' dir='ltr'><strong>Quamobrem</strong></span> <span class='ocrx_word' id='word_1_599' title='bbox 3408 1860 3453 1913; x_wconf 91' lang='lat' dir='ltr'><strong>si</strong></span> <span class='ocrx_word' id='word_1_600' title='bbox 3480 1865 3535 1914; x_wconf 92' lang='lat' dir='ltr'><strong>te</strong></span> <span class='ocrx_word' id='word_1_601' title='bbox 3565 1860 3717 1915; x_wconf 87' lang='lat' dir='ltr'><strong>dele-</strong></span> 
     </span>
    </p>
   </div>
   <div class='ocr_carea' id='block_1_80' title="bbox 2018 1950 3715 2024">
    <p class='ocr_par' dir='ltr' id='par_1_80' title="bbox 2018 1950 3715 2024">
     <span class='ocr_line' id='line_1_80' title="bbox 2018 1950 3715 2024; baseline -0.002 -19"><span class='ocrx_word' id='word_1_602' title='bbox 2018 1956 2131 2005; x_wconf 88' lang='lat' dir='ltr'><strong>ctat</strong></span> <span class='ocrx_word' id='word_1_603' title='bbox 2183 1957 2441 2006; x_wconf 87' lang='lat' dir='ltr'><strong>creatura</strong></span> <span class='ocrx_word' id='word_1_604' title='bbox 2482 1969 2611 2024; x_wconf 62' lang='lat' dir='ltr'><strong>qua:</strong></span> <span class='ocrx_word' id='word_1_605' title='bbox 2657 1950 3222 2022; x_wconf 86' lang='lat' dir='ltr'><strong>perseverantissima</strong></span> <span class='ocrx_word' id='word_1_606' title='bbox 3267 1950 3560 2003; x_wconf 86' lang='lat' dir='ltr'><strong>voluntate</strong></span> <span class='ocrx_word' id='word_1_607' title='bbox 3598 1965 3715 2003; x_wconf 89' lang='lat' dir='ltr'><strong>non</strong></span> 
     </span>
    </p>
   </div>
   <div class='ocr_carea' id='block_1_81' title="bbox 2016 2037 3718 2110">
    <p class='ocr_par' dir='ltr' id='par_1_81' title="bbox 2016 2037 3718 2110">
     <span class='ocr_line' id='line_1_81' title="bbox 2016 2037 3718 2110; baseline -0.001 -17"><span class='ocrx_word' id='word_1_608' title='bbox 2016 2044 2234 2110; x_wconf 87' lang='lat' dir='ltr'><strong>peccat,</strong></span> <span class='ocrx_word' id='word_1_609' title='bbox 2269 2056 2382 2093; x_wconf 89' lang='lat' dir='ltr'><strong>non</strong></span> <span class='ocrx_word' id='word_1_610' title='bbox 2413 2045 2499 2094; x_wconf 90' lang='lat' dir='ltr'><strong>est</strong></span> <span class='ocrx_word' id='word_1_611' title='bbox 2529 2039 2911 2094; x_wconf 90' lang='lat' dir='ltr'><strong>dubitandum</strong></span> <span class='ocrx_word' id='word_1_612' title='bbox 2941 2037 3093 2110; x_wconf 89' lang='lat' dir='ltr'><strong>quod</strong></span> <span class='ocrx_word' id='word_1_613' title='bbox 3126 2053 3251 2091; x_wconf 87' lang='lat' dir='ltr'><strong>eam</strong></span> <span class='ocrx_word' id='word_1_614' title='bbox 3283 2037 3539 2108; x_wconf 89' lang='lat' dir='ltr'><strong>pcccanti</strong></span> <span class='ocrx_word' id='word_1_615' title='bbox 3565 2042 3718 2092; x_wconf 88' lang='lat' dir='ltr'><strong>recta</strong></span> 
     </span>
    </p>
   </div>
   <div class='ocr_carea' id='block_1_82' title="bbox 2017 2126 3717 2200">
    <p class='ocr_par' dir='ltr' id='par_1_82' title="bbox 2017 2126 3717 2200">
     <span class='ocr_line' id='line_1_82' title="bbox 2017 2126 3717 2200; baseline 0 -19"><span class='ocrx_word' id='word_1_616' title='bbox 2017 2128 2236 2183; x_wconf 87' lang='lat' dir='ltr'><strong>ratione</strong></span> <span class='ocrx_word' id='word_1_617' title='bbox 2267 2145 2569 2200; x_wconf 68' lang='lat' dir='ltr'><strong>prazponas</strong></span> <span class='ocrx_word' id='word_1_618' title='bbox 2601 2145 2614 2183; x_wconf 89' lang='lat'><strong>:</strong></span> <span class='ocrx_word' id='word_1_619' title='bbox 2648 2129 2748 2183; x_wconf 90' lang='lat' dir='ltr'><strong>sed</strong></span> <span class='ocrx_word' id='word_1_620' title='bbox 2782 2127 2927 2182; x_wconf 89' lang='lat' dir='ltr'><strong>sicut</strong></span> <span class='ocrx_word' id='word_1_621' title='bbox 2953 2143 3078 2181; x_wconf 91' lang='lat' dir='ltr'><strong>eam</strong></span> <span class='ocrx_word' id='word_1_622' title='bbox 3109 2132 3173 2181; x_wconf 85' lang='lat' dir='ltr'><strong>tu</strong></span> <span class='ocrx_word' id='word_1_623' title='bbox 3199 2126 3545 2197; x_wconf 89' lang='lat' dir='ltr'><strong>cogitatione</strong></span> <span class='ocrx_word' id='word_1_624' title='bbox 3576 2143 3717 2197; x_wconf 66' lang='lat' dir='ltr'><strong>pra:-</strong></span> 
     </span>
    </p>
   </div>
   <div class='ocr_carea' id='block_1_83' title="bbox 2015 2215 3712 2288">
    <p class='ocr_par' dir='ltr' id='par_1_83' title="bbox 2015 2215 3712 2288">
     <span class='ocr_line' id='line_1_83' title="bbox 2015 2215 3712 2288; baseline -0.001 -17"><span class='ocrx_word' id='word_1_625' title='bbox 2015 2218 2211 2288; x_wconf 91' lang='lat' dir='ltr'><strong>ponis;</strong></span> <span class='ocrx_word' id='word_1_626' title='bbox 2248 2218 2326 2272; x_wconf 94' lang='lat' dir='ltr'><strong>sic</strong></span> <span class='ocrx_word' id='word_1_627' title='bbox 2355 2234 2481 2271; x_wconf 89' lang='lat' dir='ltr'><strong>eam</strong></span> <span class='ocrx_word' id='word_1_628' title='bbox 2527 2221 2743 2271; x_wconf 85' lang='lat' dir='ltr'><strong>creator</strong></span> <span class='ocrx_word' id='word_1_629' title='bbox 2790 2218 2938 2271; x_wconf 87' lang='lat' dir='ltr'><strong>Deus</strong></span> <span class='ocrx_word' id='word_1_630' title='bbox 2985 2216 3344 2270; x_wconf 89' lang='lat' dir='ltr'><strong>ordinatione</strong></span> <span class='ocrx_word' id='word_1_631' title='bbox 3381 2215 3712 2286; x_wconf 69' lang='lat' dir='ltr'><strong>prmposuit.</strong></span> 
     </span>
    </p>
   </div>
   <div class='ocr_carea' id='block_1_84' title="bbox 2018 2304 3715 2376">
    <p class='ocr_par' dir='ltr' id='par_1_84' title="bbox 2018 2304 3715 2376">
     <span class='ocr_line' id='line_1_84' title="bbox 2018 2304 3715 2376; baseline -0.002 -15"><span class='ocrx_word' id='word_1_632' title='bbox 2018 2307 2195 2361; x_wconf 88' lang='lat' dir='ltr'><strong>Crede</strong></span> <span class='ocrx_word' id='word_1_633' title='bbox 2222 2322 2342 2361; x_wconf 91' lang='lat' dir='ltr'><strong>esse</strong></span> <span class='ocrx_word' id='word_1_634' title='bbox 2370 2308 2540 2361; x_wconf 75' lang='lat' dir='ltr'><strong>talem</strong></span> <span class='ocrx_word' id='word_1_635' title='bbox 2571 2307 2629 2361; x_wconf 85' lang='lat' dir='ltr'><strong>in</strong></span> <span class='ocrx_word' id='word_1_636' title='bbox 2655 2306 3045 2376; x_wconf 89' lang='lat' dir='ltr'><strong>superioribus</strong></span> <span class='ocrx_word' id='word_1_637' title='bbox 3075 2304 3320 2367; x_wconf 86' lang='lat' dir='ltr'><strong>sedibus,</strong></span> <span class='ocrx_word' id='word_1_638' title='bbox 3356 2308 3409 2357; x_wconf 93' lang='lat' dir='ltr'><strong>et</strong></span> <span class='ocrx_word' id='word_1_639' title='bbox 3439 2304 3499 2357; x_wconf 91' lang='lat' dir='ltr'><strong>in</strong></span> <span class='ocrx_word' id='word_1_640' title='bbox 3530 2304 3715 2357; x_wconf 85' lang='lat' dir='ltr'><strong>subli-</strong></span> 
     </span>
    </p>
   </div>
   <div class='ocr_carea' id='block_1_85' title="bbox 2017 2392 3718 2466">
    <p class='ocr_par' dir='ltr' id='par_1_85' title="bbox 2017 2392 3718 2466">
     <span class='ocr_line' id='line_1_85' title="bbox 2017 2392 3718 2466; baseline -0.001 -17"><span class='ocrx_word' id='word_1_641' title='bbox 2017 2396 2215 2450; x_wconf 87' lang='lat' dir='ltr'><strong>mitate</strong></span> <span class='ocrx_word' id='word_1_642' title='bbox 2241 2396 2517 2449; x_wconf 62' lang='lat' dir='ltr'><strong>caelorum</strong></span> <span class='ocrx_word' id='word_1_643' title='bbox 2551 2412 2564 2449; x_wconf 93' lang='lat'>:</span> <span class='ocrx_word' id='word_1_644' title='bbox 2597 2396 2729 2466; x_wconf 90' lang='lat' dir='ltr'><strong>quia</strong></span> <span class='ocrx_word' id='word_1_645' title='bbox 2756 2394 2803 2447; x_wconf 89' lang='lat' dir='ltr'><strong>si</strong></span> <span class='ocrx_word' id='word_1_646' title='bbox 2831 2394 3148 2448; x_wconf 88' lang='lat' dir='ltr'><strong>bonitatem</strong></span> <span class='ocrx_word' id='word_1_647' title='bbox 3171 2392 3439 2447; x_wconf 90' lang='lat' dir='ltr'><strong>Conditor</strong></span> <span class='ocrx_word' id='word_1_648' title='bbox 3466 2392 3718 2462; x_wconf 74' lang='lat' dir='ltr'><strong>praebuit</strong></span> 
     </span>
    </p>
   </div>
   <div class='ocr_carea' id='block_1_86' title="bbox 2016 2480 3708 2553">
    <p class='ocr_par' dir='ltr' id='par_1_86' title="bbox 2016 2480 3708 2553">
     <span class='ocr_line' id='line_1_86' title="bbox 2016 2480 3708 2553; baseline -0.002 -15"><span class='ocrx_word' id='word_1_649' title='bbox 2016 2484 2087 2538; x_wconf 90' lang='lat' dir='ltr'><strong>ad</strong></span> <span class='ocrx_word' id='word_1_650' title='bbox 2146 2499 2272 2537; x_wconf 87' lang='lat' dir='ltr'><strong>eam</strong></span> <span class='ocrx_word' id='word_1_651' title='bbox 2325 2484 2681 2538; x_wconf 91' lang='lat' dir='ltr'><strong>condendam</strong></span> <span class='ocrx_word' id='word_1_652' title='bbox 2720 2484 2883 2553; x_wconf 89' lang='lat' dir='ltr'><strong>cujus</strong></span> <span class='ocrx_word' id='word_1_653' title='bbox 2926 2480 3191 2553; x_wconf 62' lang='lat' dir='ltr'><strong>praevidit</strong></span> <span class='ocrx_word' id='word_1_654' title='bbox 3226 2481 3421 2534; x_wconf 88' lang='lat' dir='ltr'><strong>futura</strong></span> <span class='ocrx_word' id='word_1_655' title='bbox 3456 2485 3708 2551; x_wconf 90' lang='lat' dir='ltr'><strong>peccata,</strong></span> 
     </span>
    </p>
   </div>
   <div class='ocr_carea' id='block_1_87' title="bbox 2016 2571 3711 2644">
    <p class='ocr_par' dir='ltr' id='par_1_87' title="bbox 2016 2571 3711 2644">
     <span class='ocr_line' id='line_1_87' title="bbox 2016 2571 3711 2644; baseline -0.002 -16"><span class='ocrx_word' id='word_1_656' title='bbox 2016 2574 2175 2628; x_wconf 91' lang='lat' dir='ltr'><strong>nullo</strong></span> <span class='ocrx_word' id='word_1_657' title='bbox 2206 2574 2376 2628; x_wconf 81' lang='lat' dir='ltr'><strong>modo</strong></span> <span class='ocrx_word' id='word_1_658' title='bbox 2408 2590 2523 2628; x_wconf 90' lang='lat' dir='ltr'><strong>non</strong></span> <span class='ocrx_word' id='word_1_659' title='bbox 2552 2574 2837 2644; x_wconf 61' lang='lat' dir='ltr'><strong>prmberet</strong></span> <span class='ocrx_word' id='word_1_660' title='bbox 2868 2589 2994 2627; x_wconf 85' lang='lat' dir='ltr'><strong>eam</strong></span> <span class='ocrx_word' id='word_1_661' title='bbox 3024 2571 3359 2639; x_wconf 89' lang='lat' dir='ltr'><strong>bonitatem,</strong></span> <span class='ocrx_word' id='word_1_662' title='bbox 3394 2577 3459 2625; x_wconf 92' lang='lat' dir='ltr'><strong>ut</strong></span> <span class='ocrx_word' id='word_1_663' title='bbox 3487 2577 3711 2626; x_wconf 91' lang='lat' dir='ltr'><strong>creatu-</strong></span> 
     </span>
    </p>
   </div>
   <div class='ocr_carea' id='block_1_88' title="bbox 2013 2659 3707 2732">
    <p class='ocr_par' dir='ltr' id='par_1_88' title="bbox 2013 2659 3707 2732">
     <span class='ocr_line' id='line_1_88' title="bbox 2013 2659 3707 2732; baseline -0.002 -15"><span class='ocrx_word' id='word_1_664' title='bbox 2013 2679 2137 2717; x_wconf 87' lang='lat' dir='ltr'><strong>ram</strong></span> <span class='ocrx_word' id='word_1_665' title='bbox 2174 2663 2444 2716; x_wconf 89' lang='lat' dir='ltr'><strong>conderet</strong></span> <span class='ocrx_word' id='word_1_666' title='bbox 2475 2678 2648 2732; x_wconf 88' lang='lat' dir='ltr'><strong>quam</strong></span> <span class='ocrx_word' id='word_1_667' title='bbox 2695 2666 3059 2732; x_wconf 88' lang='lat' dir='ltr'><strong>peccaturam</strong></span> <span class='ocrx_word' id='word_1_668' title='bbox 3108 2676 3221 2714; x_wconf 92' lang='lat' dir='ltr'><strong>non</strong></span> <span class='ocrx_word' id='word_1_669' title='bbox 3254 2676 3374 2713; x_wconf 89' lang='lat' dir='ltr'><strong>esse</strong></span> <span class='ocrx_word' id='word_1_670' title='bbox 3402 2659 3707 2729; x_wconf 63' lang='lat' dir='ltr'><strong>praescivit.</strong></span> 
     </span>
    </p>
   </div>
   <div class='ocr_carea' id='block_1_89' title="bbox 2092 2747 3711 2819">
    <p class='ocr_par' dir='ltr' id='par_1_89' title="bbox 2092 2747 3711 2819">
     <span class='ocr_line' id='line_1_89' title="bbox 2092 2747 3711 2819; baseline -0.002 -15"><span class='ocrx_word' id='word_1_671' title='bbox 2092 2754 2175 2804; x_wconf 81' lang='grc'><strong>15.</strong></span> <span class='ocrx_word' id='word_1_672' title='bbox 2218 2750 2397 2804; x_wconf 86' lang='lat' dir='ltr'><strong>Habet</strong></span> <span class='ocrx_word' id='word_1_673' title='bbox 2426 2751 2581 2804; x_wconf 90' lang='lat' dir='ltr'><strong>enim</strong></span> <span class='ocrx_word' id='word_1_674' title='bbox 2610 2751 2707 2803; x_wconf 91' lang='lat' dir='ltr'><strong>illa</strong></span> <span class='ocrx_word' id='word_1_675' title='bbox 2745 2749 3006 2804; x_wconf 84' lang='lat' dir='ltr'><strong>sublimis</strong></span> <span class='ocrx_word' id='word_1_676' title='bbox 3035 2754 3374 2819; x_wconf 87' lang='lat' dir='ltr'><strong>perpetuam</strong></span> <span class='ocrx_word' id='word_1_677' title='bbox 3406 2747 3711 2801; x_wconf 88' lang='lat' dir='ltr'><strong>beatitudi-</strong></span> 
     </span>
    </p>
   </div>
   <div class='ocr_carea' id='block_1_90' title="bbox 2017 2834 3711 2909">
    <p class='ocr_par' dir='ltr' id='par_1_90' title="bbox 2017 2834 3711 2909">
     <span class='ocr_line' id='line_1_90' title="bbox 2017 2834 3711 2909; baseline -0.002 -18"><span class='ocrx_word' id='word_1_678' title='bbox 2017 2854 2152 2891; x_wconf 92' lang='lat' dir='ltr'><strong>nem</strong></span> <span class='ocrx_word' id='word_1_679' title='bbox 2182 2854 2364 2905; x_wconf 88' lang='lat' dir='ltr'><strong>suam,</strong></span> <span class='ocrx_word' id='word_1_680' title='bbox 2399 2838 2458 2891; x_wconf 92' lang='lat' dir='ltr'><strong>in</strong></span> <span class='ocrx_word' id='word_1_681' title='bbox 2486 2834 2833 2909; x_wconf 86' lang='lat' dir='ltr'><strong>perpetuum</strong></span> <span class='ocrx_word' id='word_1_682' title='bbox 2863 2837 3056 2890; x_wconf 87' lang='lat' dir='ltr'><strong>fruens</strong></span> <span class='ocrx_word' id='word_1_683' title='bbox 3088 2837 3351 2890; x_wconf 91' lang='lat' dir='ltr'><strong>Creatore</strong></span> <span class='ocrx_word' id='word_1_684' title='bbox 3380 2851 3503 2901; x_wconf 90' lang='lat' dir='ltr'><strong>suo,</strong></span> <span class='ocrx_word' id='word_1_685' title='bbox 3537 2851 3711 2906; x_wconf 89' lang='lat' dir='ltr'><strong>quam</strong></span> 
     </span>
    </p>
   </div>
   <div class='ocr_carea' id='block_1_91' title="bbox 2012 2925 3711 2996">
    <p class='ocr_par' dir='ltr' id='par_1_91' title="bbox 2012 2925 3711 2996">
     <span class='ocr_line' id='line_1_91' title="bbox 2012 2925 3711 2996; baseline -0.001 -17"><span class='ocrx_word' id='word_1_686' title='bbox 2012 2929 2288 2996; x_wconf 88' lang='lat' dir='ltr'><strong>perpetua</strong></span> <span class='ocrx_word' id='word_1_687' title='bbox 2316 2926 2579 2980; x_wconf 64' lang='lat' dir='ltr'><strong>tenendae</strong></span> <span class='ocrx_word' id='word_1_688' title='bbox 2603 2925 2841 2996; x_wconf 80' lang='lat' dir='ltr'><strong>justitiae</strong></span> <span class='ocrx_word' id='word_1_689' title='bbox 2870 2926 3154 2978; x_wconf 88' lang='lat' dir='ltr'><strong>voluntate</strong></span> <span class='ocrx_word' id='word_1_690' title='bbox 3184 2928 3562 2995; x_wconf 88' lang='lat' dir='ltr'><strong>promeretur.</strong></span> <span class='ocrx_word' id='word_1_691' title='bbox 3602 2925 3711 2977; x_wconf 79' lang='lat' dir='ltr'><strong>Ila-</strong></span> 
     </span>
    </p>
   </div>
   <div class='ocr_carea' id='block_1_92' title="bbox 2011 3010 3711 3083">
    <p class='ocr_par' dir='ltr' id='par_1_92' title="bbox 2011 3010 3711 3083">
     <span class='ocr_line' id='line_1_92' title="bbox 2011 3010 3711 3083; baseline -0.001 -16"><span class='ocrx_word' id='word_1_692' title='bbox 2011 3013 2109 3067; x_wconf 87' lang='lat' dir='ltr'><strong>bet</strong></span> <span class='ocrx_word' id='word_1_693' title='bbox 2137 3013 2341 3068; x_wconf 89' lang='lat' dir='ltr'><strong>deinde</strong></span> <span class='ocrx_word' id='word_1_694' title='bbox 2373 3014 2635 3069; x_wconf 91' lang='lat' dir='ltr'><strong>ordinem</strong></span> <span class='ocrx_word' id='word_1_695' title='bbox 2663 3029 2831 3067; x_wconf 91' lang='lat' dir='ltr'><strong>suum</strong></span> <span class='ocrx_word' id='word_1_696' title='bbox 2863 3013 3032 3067; x_wconf 88' lang='lat' dir='ltr'><strong>etiam</strong></span> <span class='ocrx_word' id='word_1_697' title='bbox 3056 3012 3164 3067; x_wconf 90' lang='lat' dir='ltr'><strong>ista</strong></span> <span class='ocrx_word' id='word_1_698' title='bbox 3192 3010 3711 3083; x_wconf 82' lang='lat' dir='ltr'><strong>peccatrix,amissa</strong></span> 
     </span>
    </p>
   </div>
   <div class='ocr_carea' id='block_1_93' title="bbox 2010 3100 3711 3174">
    <p class='ocr_par' dir='ltr' id='par_1_93' title="bbox 2010 3100 3711 3174">
     <span class='ocr_line' id='line_1_93' title="bbox 2010 3100 3711 3174; baseline -0.001 -17"><span class='ocrx_word' id='word_1_699' title='bbox 2010 3103 2071 3157; x_wconf 88' lang='lat' dir='ltr'><strong>in</strong></span> <span class='ocrx_word' id='word_1_700' title='bbox 2101 3103 2343 3174; x_wconf 87' lang='lat' dir='ltr'><strong>peccatis</strong></span> <span class='ocrx_word' id='word_1_701' title='bbox 2372 3103 2747 3171; x_wconf 87' lang='lat' dir='ltr'><strong>beatitudine,</strong></span> <span class='ocrx_word' id='word_1_702' title='bbox 2780 3104 2878 3157; x_wconf 83' lang='lat' dir='ltr'><strong>sed</strong></span> <span class='ocrx_word' id='word_1_703' title='bbox 2909 3118 3023 3156; x_wconf 92' lang='lat' dir='ltr'><strong>non</strong></span> <span class='ocrx_word' id='word_1_704' title='bbox 3054 3100 3285 3157; x_wconf 89' lang='lat' dir='ltr'><strong>dimissa</strong></span> <span class='ocrx_word' id='word_1_705' title='bbox 3306 3100 3711 3170; x_wconf 61' lang='lat' dir='ltr'><strong>recuperanda:</strong></span> 
     </span>
    </p>
   </div>
   <div class='ocr_carea' id='block_1_94' title="bbox 2010 3191 3708 3263">
    <p class='ocr_par' dir='ltr' id='par_1_94' title="bbox 2010 3191 3708 3263">
     <span class='ocr_line' id='line_1_94' title="bbox 2010 3191 3708 3263; baseline -0.001 -18"><span class='ocrx_word' id='word_1_706' title='bbox 2010 3191 2382 3246; x_wconf 88' lang='lat' dir='ltr'><strong>beatitudinis</strong></span> <span class='ocrx_word' id='word_1_707' title='bbox 2403 3192 2686 3247; x_wconf 90' lang='lat' dir='ltr'><strong>facultate.</strong></span> <span class='ocrx_word' id='word_1_708' title='bbox 2708 3193 2842 3256; x_wconf 76' lang='lat' dir='ltr'><strong>Quae</strong></span> <span class='ocrx_word' id='word_1_709' title='bbox 2863 3192 3118 3263; x_wconf 88' lang='lat' dir='ltr'><strong>profecto</strong></span> <span class='ocrx_word' id='word_1_710' title='bbox 3140 3194 3371 3261; x_wconf 89' lang='lat' dir='ltr'><strong>superat</strong></span> <span class='ocrx_word' id='word_1_711' title='bbox 3389 3206 3514 3244; x_wconf 89' lang='lat' dir='ltr'><strong>eam</strong></span> <span class='ocrx_word' id='word_1_712' title='bbox 3534 3206 3708 3261; x_wconf 89' lang='lat' dir='ltr'><strong>quam</strong></span> 
     </span>
    </p>
   </div>
   <div class='ocr_carea' id='block_1_95' title="bbox 2008 3279 3708 3353">
    <p class='ocr_par' dir='ltr' id='par_1_95' title="bbox 2008 3279 3708 3353">
     <span class='ocr_line' id='line_1_95' title="bbox 2008 3279 3708 3353; baseline -0.002 -17"><span class='ocrx_word' id='word_1_713' title='bbox 2008 3282 2281 3353; x_wconf 91' lang='lat' dir='ltr'><strong>peccandi</strong></span> <span class='ocrx_word' id='word_1_714' title='bbox 2310 3286 2588 3352; x_wconf 91' lang='lat' dir='ltr'><strong>perpetua</strong></span> <span class='ocrx_word' id='word_1_715' title='bbox 2616 3282 2880 3335; x_wconf 87' lang='lat' dir='ltr'><strong>voluntas</strong></span> <span class='ocrx_word' id='word_1_716' title='bbox 2912 3286 3068 3336; x_wconf 91' lang='lat' dir='ltr'><strong>tenet</strong></span> <span class='ocrx_word' id='word_1_717' title='bbox 3088 3279 3105 3313; x_wconf 72' lang='grc' dir='ltr'>ί</span> <span class='ocrx_word' id='word_1_718' title='bbox 3140 3297 3153 3335; x_wconf 88' lang='lat'><strong>:</strong></span> <span class='ocrx_word' id='word_1_719' title='bbox 3185 3280 3335 3334; x_wconf 89' lang='lat' dir='ltr'><strong>inter</strong></span> <span class='ocrx_word' id='word_1_720' title='bbox 3363 3295 3539 3351; x_wconf 90' lang='lat' dir='ltr'><strong>quam</strong></span> <span class='ocrx_word' id='word_1_721' title='bbox 3567 3283 3624 3333; x_wconf 89' lang='lat' dir='ltr'><strong>et</strong></span> <span class='ocrx_word' id='word_1_722' title='bbox 3643 3279 3708 3332; x_wconf 91' lang='lat' dir='ltr'><strong>il-</strong></span> 
     </span>
    </p>
   </div>
   <div class='ocr_carea' id='block_1_96' title="bbox 2008 3368 3706 3442">
    <p class='ocr_par' dir='ltr' id='par_1_96' title="bbox 2008 3368 3706 3442">
     <span class='ocr_line' id='line_1_96' title="bbox 2008 3368 3706 3442; baseline -0.002 -18"><span class='ocrx_word' id='word_1_723' title='bbox 2008 3370 2125 3425; x_wconf 86' lang='lat' dir='ltr'><strong>lam</strong></span> <span class='ocrx_word' id='word_1_724' title='bbox 2157 3372 2409 3442; x_wconf 89' lang='lat' dir='ltr'><strong>priorem</strong></span> <span class='ocrx_word' id='word_1_725' title='bbox 2440 3375 2871 3442; x_wconf 86' lang='lat' dir='ltr'><strong>permanentem</strong></span> <span class='ocrx_word' id='word_1_726' title='bbox 2902 3370 2962 3423; x_wconf 87' lang='lat' dir='ltr'><strong>in</strong></span> <span class='ocrx_word' id='word_1_727' title='bbox 2990 3370 3284 3426; x_wconf 88' lang='lat' dir='ltr'><strong>voluntate</strong></span> <span class='ocrx_word' id='word_1_728' title='bbox 3307 3368 3706 3440; x_wconf 67' lang='lat' dir='ltr'><strong>justitize,ha3c</strong></span> 
     </span>
    </p>
   </div>
   <div class='ocr_carea' id='block_1_97' title="bbox 2008 3456 3708 3531">
    <p class='ocr_par' dir='ltr' id='par_1_97' title="bbox 2008 3456 3708 3531">
     <span class='ocr_line' id='line_1_97' title="bbox 2008 3456 3708 3531; baseline -0.002 -18"><span class='ocrx_word' id='word_1_729' title='bbox 2008 3460 2370 3515; x_wconf 89' lang='lat' dir='ltr'><strong>medietatem</strong></span> <span class='ocrx_word' id='word_1_730' title='bbox 2389 3461 2698 3531; x_wconf 87' lang='lat' dir='ltr'><strong>quamdam</strong></span> <span class='ocrx_word' id='word_1_731' title='bbox 2724 3460 3232 3529; x_wconf 72' lang='lat' dir='ltr'><strong>demonstrat,quze</strong></span> <span class='ocrx_word' id='word_1_732' title='bbox 3257 3456 3575 3527; x_wconf 83' lang='lat' dir='ltr'><strong>paenitendi</strong></span> <span class='ocrx_word' id='word_1_733' title='bbox 3603 3457 3708 3510; x_wconf 88' lang='lat' dir='ltr'><strong>hu-</strong></span> 
     </span>
    </p>
   </div>
   <div class='ocr_carea' id='block_1_98' title="bbox 2008 3543 3700 3616">
    <p class='ocr_par' dir='ltr' id='par_1_98' title="bbox 2008 3543 3700 3616">
     <span class='ocr_line' id='line_1_98' title="bbox 2008 3543 3700 3616; baseline -0.004 -14"><span class='ocrx_word' id='word_1_734' title='bbox 2008 3549 2247 3603; x_wconf 90' lang='lat' dir='ltr'><strong>militate</strong></span> <span class='ocrx_word' id='word_1_735' title='bbox 2272 3549 2635 3603; x_wconf 87' lang='lat' dir='ltr'><strong>altitudinem</strong></span> <span class='ocrx_word' id='word_1_736' title='bbox 2666 3565 2829 3601; x_wconf 90' lang='lat' dir='ltr'><strong>suam</strong></span> <span class='ocrx_word' id='word_1_737' title='bbox 2860 3547 3079 3616; x_wconf 90' lang='lat' dir='ltr'><strong>recipit.</strong></span> <span class='ocrx_word' id='word_1_738' title='bbox 3116 3548 3260 3600; x_wconf 88' lang='lat' dir='ltr'><strong>Nam</strong></span> <span class='ocrx_word' id='word_1_739' title='bbox 3289 3559 3475 3614; x_wconf 90' lang='lat' dir='ltr'><strong>neque</strong></span> <span class='ocrx_word' id='word_1_740' title='bbox 3502 3543 3570 3596; x_wconf 92' lang='lat' dir='ltr'><strong>ab</strong></span> <span class='ocrx_word' id='word_1_741' title='bbox 3602 3544 3700 3597; x_wconf 90' lang='lat' dir='ltr'><strong>illa</strong></span> 
     </span>
    </p>
   </div>
   <div class='ocr_carea' id='block_1_99' title="bbox 2007 3634 3704 3708">
    <p class='ocr_par' dir='ltr' id='par_1_99' title="bbox 2007 3634 3704 3708">
     <span class='ocr_line' id='line_1_99' title="bbox 2007 3634 3704 3708; baseline -0.003 -18"><span class='ocrx_word' id='word_1_742' title='bbox 2007 3644 2286 3702; x_wconf 89' lang='lat' dir='ltr'><strong>creatura,</strong></span> <span class='ocrx_word' id='word_1_743' title='bbox 2328 3654 2501 3708; x_wconf 90' lang='lat' dir='ltr'><strong>quam</strong></span> <span class='ocrx_word' id='word_1_744' title='bbox 2550 3637 2834 3707; x_wconf 75' lang='lat' dir='ltr'><strong>praescivit</strong></span> <span class='ocrx_word' id='word_1_745' title='bbox 2876 3637 3025 3690; x_wconf 89' lang='lat' dir='ltr'><strong>Deus</strong></span> <span class='ocrx_word' id='word_1_746' title='bbox 3070 3650 3187 3687; x_wconf 89' lang='lat' dir='ltr'><strong>non</strong></span> <span class='ocrx_word' id='word_1_747' title='bbox 3230 3634 3413 3686; x_wconf 89' lang='lat' dir='ltr'><strong>solum</strong></span> <span class='ocrx_word' id='word_1_748' title='bbox 3444 3636 3704 3703; x_wconf 87' lang='lat' dir='ltr'><strong>peccatu-</strong></span> 
     </span>
    </p>
   </div>
   <div class='ocr_carea' id='block_1_100' title="bbox 2006 3720 3709 3794">
    <p class='ocr_par' dir='ltr' id='par_1_100' title="bbox 2006 3720 3709 3794">
     <span class='ocr_line' id='line_1_100' title="bbox 2006 3720 3709 3794; baseline -0.003 -15"><span class='ocrx_word' id='word_1_749' title='bbox 2006 3741 2149 3791; x_wconf 89' lang='lat' dir='ltr'><strong>ram,</strong></span> <span class='ocrx_word' id='word_1_750' title='bbox 2181 3726 2277 3779; x_wconf 89' lang='lat' dir='ltr'><strong>sed</strong></span> <span class='ocrx_word' id='word_1_751' title='bbox 2313 3725 2483 3778; x_wconf 88' lang='lat' dir='ltr'><strong>etiam</strong></span> <span class='ocrx_word' id='word_1_752' title='bbox 2508 3724 2568 3777; x_wconf 92' lang='lat' dir='ltr'><strong>in</strong></span> <span class='ocrx_word' id='word_1_753' title='bbox 2597 3723 2872 3794; x_wconf 91' lang='lat' dir='ltr'><strong>peccandi</strong></span> <span class='ocrx_word' id='word_1_754' title='bbox 2897 3723 3186 3776; x_wconf 91' lang='lat' dir='ltr'><strong>voluntate</strong></span> <span class='ocrx_word' id='word_1_755' title='bbox 3215 3720 3709 3785; x_wconf 89' lang='lat' dir='ltr'><strong>mansuram,abs-</strong></span> 
     </span>
    </p>
   </div>
   <div class='ocr_carea' id='block_1_101' title="bbox 2006 3809 3702 3883">
    <p class='ocr_par' dir='ltr' id='par_1_101' title="bbox 2006 3809 3702 3883">
     <span class='ocr_line' id='line_1_101' title="bbox 2006 3809 3702 3883; baseline -0.002 -16"><span class='ocrx_word' id='word_1_756' title='bbox 2006 3813 2183 3868; x_wconf 89' lang='lat' dir='ltr'><strong>tinuit</strong></span> <span class='ocrx_word' id='word_1_757' title='bbox 2213 3813 2538 3883; x_wconf 89' lang='lat' dir='ltr'><strong>largitatem</strong></span> <span class='ocrx_word' id='word_1_758' title='bbox 2568 3811 2839 3867; x_wconf 88' lang='lat' dir='ltr'><strong>bonitatis</strong></span> <span class='ocrx_word' id='word_1_759' title='bbox 2859 3827 2997 3877; x_wconf 61' lang='lat' dir='ltr'><strong>suae,</strong></span> <span class='ocrx_word' id='word_1_760' title='bbox 3033 3814 3095 3863; x_wconf 91' lang='lat' dir='ltr'><strong>ut</strong></span> <span class='ocrx_word' id='word_1_761' title='bbox 3116 3826 3241 3863; x_wconf 92' lang='lat' dir='ltr'><strong>eam</strong></span> <span class='ocrx_word' id='word_1_762' title='bbox 3270 3825 3387 3863; x_wconf 92' lang='lat' dir='ltr'><strong>non</strong></span> <span class='ocrx_word' id='word_1_763' title='bbox 3413 3809 3702 3864; x_wconf 90' lang='lat' dir='ltr'><strong>conderet.</strong></span> 
     </span>
    </p>
   </div>
   <div class='ocr_carea' id='block_1_102' title="bbox 2005 3898 3704 3970">
    <p class='ocr_par' dir='ltr' id='par_1_102' title="bbox 2005 3898 3704 3970">
     <span class='ocr_line' id='line_1_102' title="bbox 2005 3898 3704 3970; baseline -0.004 -13"><span class='ocrx_word' id='word_1_764' title='bbox 2005 3902 2159 3957; x_wconf 89' lang='lat' dir='ltr'><strong>Sicut</strong></span> <span class='ocrx_word' id='word_1_765' title='bbox 2190 3902 2345 3956; x_wconf 91' lang='lat' dir='ltr'><strong>enim</strong></span> <span class='ocrx_word' id='word_1_766' title='bbox 2367 3901 2572 3955; x_wconf 89' lang='lat' dir='ltr'><strong>melior</strong></span> <span class='ocrx_word' id='word_1_767' title='bbox 2598 3904 2682 3954; x_wconf 89' lang='lat' dir='ltr'><strong>est</strong></span> <span class='ocrx_word' id='word_1_768' title='bbox 2712 3900 2797 3954; x_wconf 88' lang='lat' dir='ltr'><strong>vel</strong></span> <span class='ocrx_word' id='word_1_769' title='bbox 2829 3901 3099 3955; x_wconf 89' lang='lat' dir='ltr'><strong>aberrans</strong></span> <span class='ocrx_word' id='word_1_770' title='bbox 3126 3914 3331 3970; x_wconf 84' lang='lat' dir='ltr'><strong>equus,</strong></span> <span class='ocrx_word' id='word_1_771' title='bbox 3363 3914 3535 3969; x_wconf 89' lang='lat' dir='ltr'><strong>quam</strong></span> <span class='ocrx_word' id='word_1_772' title='bbox 3557 3898 3704 3968; x_wconf 88' lang='lat' dir='ltr'><strong>lapis</strong></span> 
     </span>
    </p>
   </div>
   <div class='ocr_carea' id='block_1_103' title="bbox 2001 3988 3701 4062">
    <p class='ocr_par' dir='ltr' id='par_1_103' title="bbox 2001 3988 3701 4062">
     <span class='ocr_line' id='line_1_103' title="bbox 2001 3988 3701 4062; baseline -0.002 -17"><span class='ocrx_word' id='word_1_773' title='bbox 2001 3996 2306 4062; x_wconf 91' lang='lat' dir='ltr'><strong>propterea</strong></span> <span class='ocrx_word' id='word_1_774' title='bbox 2335 4006 2452 4044; x_wconf 89' lang='lat' dir='ltr'><strong>non</strong></span> <span class='ocrx_word' id='word_1_775' title='bbox 2488 3990 2775 4056; x_wconf 87' lang='lat' dir='ltr'><strong>aberrans,</strong></span> <span class='ocrx_word' id='word_1_776' title='bbox 2813 3988 2948 4060; x_wconf 91' lang='lat' dir='ltr'><strong>quia</strong></span> <span class='ocrx_word' id='word_1_777' title='bbox 2977 3988 3214 4059; x_wconf 90' lang='lat' dir='ltr'><strong>proprio</strong></span> <span class='ocrx_word' id='word_1_778' title='bbox 3257 3991 3415 4042; x_wconf 92' lang='lat' dir='ltr'><strong>motu</strong></span> <span class='ocrx_word' id='word_1_779' title='bbox 3447 3992 3503 4041; x_wconf 90' lang='lat' dir='ltr'><strong>et</strong></span> <span class='ocrx_word' id='word_1_780' title='bbox 3533 4003 3701 4041; x_wconf 90' lang='lat' dir='ltr'><strong>sensu</strong></span> 
     </span>
    </p>
   </div>
   <div class='ocr_carea' id='block_1_104' title="bbox 2003 4076 3703 4147">
    <p class='ocr_par' dir='ltr' id='par_1_104' title="bbox 2003 4076 3703 4147">
     <span class='ocr_line' id='line_1_104' title="bbox 2003 4076 3703 4147; baseline -0.002 -14"><span class='ocrx_word' id='word_1_781' title='bbox 2003 4084 2183 4146; x_wconf 88' lang='lat' dir='ltr'><strong>caret;</strong></span> <span class='ocrx_word' id='word_1_782' title='bbox 2223 4080 2302 4133; x_wconf 90' lang='lat' dir='ltr'><strong>ita</strong></span> <span class='ocrx_word' id='word_1_783' title='bbox 2331 4084 2417 4133; x_wconf 91' lang='lat' dir='ltr'><strong>est</strong></span> <span class='ocrx_word' id='word_1_784' title='bbox 2446 4078 2810 4133; x_wconf 83' lang='lat' dir='ltr'><strong>excellentior</strong></span> <span class='ocrx_word' id='word_1_785' title='bbox 2847 4082 3105 4132; x_wconf 88' lang='lat' dir='ltr'><strong>creatura</strong></span> <span class='ocrx_word' id='word_1_786' title='bbox 3136 4093 3266 4147; x_wconf 64' lang='lat' dir='ltr'><strong>quae</strong></span> <span class='ocrx_word' id='word_1_787' title='bbox 3295 4076 3473 4129; x_wconf 88' lang='lat' dir='ltr'><strong>libera</strong></span> <span class='ocrx_word' id='word_1_788' title='bbox 3501 4077 3703 4130; x_wconf 89' lang='lat' dir='ltr'><strong>volun-</strong></span> 
     </span>
    </p>
   </div>
   <div class='ocr_carea' id='block_1_105' title="bbox 2002 4163 3703 4238">
    <p class='ocr_par' dir='ltr' id='par_1_105' title="bbox 2002 4163 3703 4238">
     <span class='ocr_line' id='line_1_105' title="bbox 2002 4163 3703 4238; baseline -0.004 -15"><span class='ocrx_word' id='word_1_789' title='bbox 2002 4173 2117 4224; x_wconf 90' lang='lat' dir='ltr'><strong>tate</strong></span> <span class='ocrx_word' id='word_1_790' title='bbox 2168 4172 2382 4238; x_wconf 88' lang='lat' dir='ltr'><strong>peccat,</strong></span> <span class='ocrx_word' id='word_1_791' title='bbox 2432 4184 2607 4238; x_wconf 89' lang='lat' dir='ltr'><strong>quam</strong></span> <span class='ocrx_word' id='word_1_792' title='bbox 2660 4183 2788 4238; x_wconf 65' lang='lat' dir='ltr'><strong>quae</strong></span> <span class='ocrx_word' id='word_1_793' title='bbox 2826 4172 3134 4237; x_wconf 86' lang='lat' dir='ltr'><strong>propterea</strong></span> <span class='ocrx_word' id='word_1_794' title='bbox 3169 4180 3287 4218; x_wconf 92' lang='lat' dir='ltr'><strong>non</strong></span> <span class='ocrx_word' id='word_1_795' title='bbox 3316 4167 3531 4234; x_wconf 89' lang='lat' dir='ltr'><strong>peccat,</strong></span> <span class='ocrx_word' id='word_1_796' title='bbox 3565 4163 3703 4234; x_wconf 87' lang='lat' dir='ltr'><strong>quia</strong></span> 
     </span>
    </p>
   </div>
   <div class='ocr_carea' id='block_1_106' title="bbox 2000 4251 3701 4312">
    <p class='ocr_par' dir='ltr' id='par_1_106' title="bbox 2000 4251 3701 4312">
     <span class='ocr_line' id='line_1_106' title="bbox 2000 4251 3701 4312; baseline -0.004 -1"><span class='ocrx_word' id='word_1_797' title='bbox 2000 4273 2119 4312; x_wconf 90' lang='lat' dir='ltr'><strong>non</strong></span> <span class='ocrx_word' id='word_1_798' title='bbox 2173 4257 2344 4311; x_wconf 91' lang='lat' dir='ltr'><strong>habet</strong></span> <span class='ocrx_word' id='word_1_799' title='bbox 2393 4256 2633 4310; x_wconf 90' lang='lat' dir='ltr'><strong>liberam</strong></span> <span class='ocrx_word' id='word_1_800' title='bbox 2687 4256 3057 4310; x_wconf 90' lang='lat' dir='ltr'><strong>voluntatem.</strong></span> <span class='ocrx_word' id='word_1_801' title='bbox 3112 4255 3179 4308; x_wconf 89' lang='lat' dir='ltr'><strong>Et</strong></span> <span class='ocrx_word' id='word_1_802' title='bbox 3216 4253 3363 4306; x_wconf 90' lang='lat' dir='ltr'><strong>sicut</strong></span> <span class='ocrx_word' id='word_1_803' title='bbox 3404 4251 3701 4305; x_wconf 85' lang='lat' dir='ltr'><strong>laudarem</strong></span> 
     </span>
    </p>
   </div>
   <div class='ocr_carea' id='block_1_107' title="bbox 1998 4338 3700 4416">
    <p class='ocr_par' dir='ltr' id='par_1_107' title="bbox 1998 4338 3700 4416">
     <span class='ocr_line' id='line_1_107' title="bbox 1998 4338 3700 4416; baseline -0.004 -17"><span class='ocrx_word' id='word_1_804' title='bbox 1998 4346 2197 4400; x_wconf 91' lang='lat' dir='ltr'><strong>vinum</strong></span> <span class='ocrx_word' id='word_1_805' title='bbox 2228 4346 2290 4399; x_wconf 92' lang='lat' dir='ltr'><strong>in</strong></span> <span class='ocrx_word' id='word_1_806' title='bbox 2319 4362 2421 4400; x_wconf 89' lang='lat' dir='ltr'><strong>suo</strong></span> <span class='ocrx_word' id='word_1_807' title='bbox 2451 4360 2661 4416; x_wconf 87' lang='lat' dir='ltr'><strong>genere</strong></span> <span class='ocrx_word' id='word_1_808' title='bbox 2684 4344 2921 4413; x_wconf 90' lang='lat' dir='ltr'><strong>bonum,</strong></span> <span class='ocrx_word' id='word_1_809' title='bbox 2956 4344 3025 4399; x_wconf 90' lang='lat' dir='ltr'><strong>de</strong></span> <span class='ocrx_word' id='word_1_810' title='bbox 3048 4358 3161 4414; x_wconf 90' lang='lat' dir='ltr'><strong>quo</strong></span> <span class='ocrx_word' id='word_1_811' title='bbox 3188 4341 3321 4394; x_wconf 91' lang='lat' dir='ltr'><strong>vino</strong></span> <span class='ocrx_word' id='word_1_812' title='bbox 3352 4338 3700 4393; x_wconf 90' lang='lat' dir='ltr'><strong>inebriatum</strong></span> 
     </span>
    </p>
   </div>
   <div class='ocr_carea' id='block_1_108' title="bbox 1998 4428 3699 4505">
    <p class='ocr_par' dir='ltr' id='par_1_108' title="bbox 1998 4428 3699 4505">
     <span class='ocr_line' id='line_1_108' title="bbox 1998 4428 3699 4505; baseline -0.005 -16"><span class='ocrx_word' id='word_1_813' title='bbox 1998 4435 2290 4489; x_wconf 89' lang='lat' dir='ltr'><strong>hominem</strong></span> <span class='ocrx_word' id='word_1_814' title='bbox 2317 4434 2723 4505; x_wconf 90' lang='lat' dir='ltr'><strong>vituperarem,</strong></span> <span class='ocrx_word' id='word_1_815' title='bbox 2768 4437 2825 4487; x_wconf 91' lang='lat' dir='ltr'><strong>et</strong></span> <span class='ocrx_word' id='word_1_816' title='bbox 2870 4440 3062 4488; x_wconf 89' lang='lat' dir='ltr'><strong>tamen</strong></span> <span class='ocrx_word' id='word_1_817' title='bbox 3102 4429 3367 4485; x_wconf 87' lang='lat' dir='ltr'><strong>eumdem</strong></span> <span class='ocrx_word' id='word_1_818' title='bbox 3399 4428 3699 4482; x_wconf 90' lang='lat' dir='ltr'><strong>hominem</strong></span> 
     </span>
    </p>
   </div>
   <div class='ocr_carea' id='block_1_109' title="bbox 1987 4516 3691 4593">
    <p class='ocr_par' dir='ltr' id='par_1_109' title="bbox 1987 4516 3691 4593">
     <span class='ocr_line' id='line_1_109' title="bbox 1987 4516 3691 4593; baseline -0.003 -17"><span class='ocrx_word' id='word_1_819' title='bbox 1987 4523 2109 4593; x_wconf 88' lang='lat' dir='ltr'><strong>jam</strong></span> <span class='ocrx_word' id='word_1_820' title='bbox 2139 4524 2521 4593; x_wconf 82' lang='lat' dir='ltr'><strong>vituperatum</strong></span> <span class='ocrx_word' id='word_1_821' title='bbox 2552 4526 2607 4577; x_wconf 89' lang='lat' dir='ltr'><strong>et</strong></span> <span class='ocrx_word' id='word_1_822' title='bbox 2649 4522 2835 4577; x_wconf 89' lang='lat' dir='ltr'><strong>adhuc</strong></span> <span class='ocrx_word' id='word_1_823' title='bbox 2865 4521 3107 4583; x_wconf 87' lang='lat' dir='ltr'><strong>ebrium,</strong></span> <span class='ocrx_word' id='word_1_824' title='bbox 3142 4519 3368 4573; x_wconf 88' lang='lat' dir='ltr'><strong>laudato</strong></span> <span class='ocrx_word' id='word_1_825' title='bbox 3398 4517 3485 4571; x_wconf 89' lang='lat' dir='ltr'><strong>illi</strong></span> <span class='ocrx_word' id='word_1_826' title='bbox 3536 4516 3691 4584; x_wconf 89' lang='lat' dir='ltr'><strong>vino,</strong></span> 
     </span>
    </p>
   </div>
   <div class='ocr_carea' id='block_1_110' title="bbox 1995 4605 3696 4683">
    <p class='ocr_par' dir='ltr' id='par_1_110' title="bbox 1995 4605 3696 4683">
     <span class='ocr_line' id='line_1_110' title="bbox 1995 4605 3696 4683; baseline -0.003 -18"><span class='ocrx_word' id='word_1_827' title='bbox 1995 4611 2064 4665; x_wconf 92' lang='lat' dir='ltr'><strong>de</strong></span> <span class='ocrx_word' id='word_1_828' title='bbox 2098 4628 2211 4683; x_wconf 92' lang='lat' dir='ltr'><strong>quo</strong></span> <span class='ocrx_word' id='word_1_829' title='bbox 2238 4612 2431 4666; x_wconf 91' lang='lat' dir='ltr'><strong>ebrius</strong></span> <span class='ocrx_word' id='word_1_830' title='bbox 2456 4612 2637 4667; x_wconf 88' lang='lat' dir='ltr'><strong>factus</strong></span> <span class='ocrx_word' id='word_1_831' title='bbox 2663 4617 2767 4679; x_wconf 92' lang='lat' dir='ltr'><strong>est,</strong></span> <span class='ocrx_word' id='word_1_832' title='bbox 2801 4615 3204 4680; x_wconf 90' lang='lat' dir='ltr'><strong>anteponerem</strong></span> <span class='ocrx_word' id='word_1_833' title='bbox 3239 4623 3251 4660; x_wconf 90' lang='lat'><strong>:</strong></span> <span class='ocrx_word' id='word_1_834' title='bbox 3284 4606 3363 4660; x_wconf 89' lang='lat' dir='ltr'><strong>ita</strong></span> <span class='ocrx_word' id='word_1_835' title='bbox 3380 4605 3696 4677; x_wconf 90' lang='lat' dir='ltr'><strong>corporalis</strong></span> 
     </span>
    </p>
   </div>
   <div class='ocr_carea' id='block_1_111' title="bbox 1995 4694 3697 4772">
    <p class='ocr_par' dir='ltr' id='par_1_111' title="bbox 1995 4694 3697 4772">
     <span class='ocr_line' id='line_1_111' title="bbox 1995 4694 3697 4772; baseline -0.003 -19"><span class='ocrx_word' id='word_1_836' title='bbox 1995 4706 2252 4755; x_wconf 90' lang='lat' dir='ltr'><strong>creatura</strong></span> <span class='ocrx_word' id='word_1_837' title='bbox 2279 4701 2340 4755; x_wconf 93' lang='lat' dir='ltr'><strong>in</strong></span> <span class='ocrx_word' id='word_1_838' title='bbox 2367 4717 2469 4755; x_wconf 90' lang='lat' dir='ltr'><strong>suo</strong></span> <span class='ocrx_word' id='word_1_839' title='bbox 2508 4702 2687 4772; x_wconf 90' lang='lat' dir='ltr'><strong>gradu</strong></span> <span class='ocrx_word' id='word_1_840' title='bbox 2710 4702 2841 4770; x_wconf 89' lang='lat' dir='ltr'><strong>jure</strong></span> <span class='ocrx_word' id='word_1_841' title='bbox 2873 4698 3156 4752; x_wconf 85' lang='lat' dir='ltr'><strong>laudanda</strong></span> <span class='ocrx_word' id='word_1_842' title='bbox 3184 4701 3297 4766; x_wconf 84' lang='lat' dir='ltr'><strong>est;</strong></span> <span class='ocrx_word' id='word_1_843' title='bbox 3331 4711 3463 4749; x_wconf 92' lang='lat' dir='ltr'><strong>cum</strong></span> <span class='ocrx_word' id='word_1_844' title='bbox 3494 4695 3578 4749; x_wconf 90' lang='lat' dir='ltr'><strong>illi</strong></span> <span class='ocrx_word' id='word_1_845' title='bbox 3610 4694 3697 4749; x_wconf 89' lang='lat' dir='ltr'><strong>vi-</strong></span> 
     </span>
    </p>
   </div>
   <div class='ocr_carea' id='block_1_112' title="bbox 1996 4783 3697 4860">
    <p class='ocr_par' dir='ltr' id='par_1_112' title="bbox 1996 4783 3697 4860">
     <span class='ocr_line' id='line_1_112' title="bbox 1996 4783 3697 4860; baseline -0.004 -17"><span class='ocrx_word' id='word_1_846' title='bbox 1996 4790 2300 4860; x_wconf 88' lang='lat' dir='ltr'><strong>tuperandi</strong></span> <span class='ocrx_word' id='word_1_847' title='bbox 2347 4790 2478 4856; x_wconf 89' lang='lat' dir='ltr'><strong>sint,</strong></span> <span class='ocrx_word' id='word_1_848' title='bbox 2521 4789 2620 4860; x_wconf 91' lang='lat' dir='ltr'><strong>qui</strong></span> <span class='ocrx_word' id='word_1_849' title='bbox 2671 4789 2793 4859; x_wconf 83' lang='lat' dir='ltr'><strong>ejus</strong></span> <span class='ocrx_word' id='word_1_850' title='bbox 2836 4786 3212 4840; x_wconf 90' lang='lat' dir='ltr'><strong>immoderato</strong></span> <span class='ocrx_word' id='word_1_851' title='bbox 3240 4801 3346 4839; x_wconf 93' lang='lat' dir='ltr'><strong>usu</strong></span> <span class='ocrx_word' id='word_1_852' title='bbox 3381 4801 3414 4838; x_wconf 91' lang='lat' dir='ltr'><strong>a</strong></span> <span class='ocrx_word' id='word_1_853' title='bbox 3444 4783 3697 4838; x_wconf 89' lang='lat' dir='ltr'><strong>veritatis</strong></span> 
     </span>
    </p>
   </div>
   <div class='ocr_carea' id='block_1_113' title="bbox 1993 4872 3693 4950">
    <p class='ocr_par' dir='ltr' id='par_1_113' title="bbox 1993 4872 3693 4950">
     <span class='ocr_line' id='line_1_113' title="bbox 1993 4872 3693 4950; baseline -0.005 -18"><span class='ocrx_word' id='word_1_854' title='bbox 1993 4879 2356 4950; x_wconf 87' lang='lat' dir='ltr'><strong>perceptione</strong></span> <span class='ocrx_word' id='word_1_855' title='bbox 2403 4882 2765 4942; x_wconf 90' lang='lat' dir='ltr'><strong>avertuntur;</strong></span> <span class='ocrx_word' id='word_1_856' title='bbox 2810 4874 3067 4947; x_wconf 90' lang='lat' dir='ltr'><strong>quamvis</strong></span> <span class='ocrx_word' id='word_1_857' title='bbox 3110 4873 3285 4929; x_wconf 89' lang='lat' dir='ltr'><strong>iidem</strong></span> <span class='ocrx_word' id='word_1_858' title='bbox 3332 4889 3530 4927; x_wconf 91' lang='lat' dir='ltr'><strong>rursus</strong></span> <span class='ocrx_word' id='word_1_859' title='bbox 3568 4872 3693 4943; x_wconf 91' lang='lat' dir='ltr'><strong>jam</strong></span> 
     </span>
    </p>
   </div>
   <div class='ocr_carea' id='block_1_114' title="bbox 1993 4963 3694 5037">
    <p class='ocr_par' dir='ltr' id='par_1_114' title="bbox 1993 4963 3694 5037">
     <span class='ocr_line' id='line_1_114' title="bbox 1993 4963 3694 5037; baseline -0.004 -18"><span class='ocrx_word' id='word_1_860' title='bbox 1993 4967 2266 5036; x_wconf 87' lang='lat' dir='ltr'><strong>perversi,</strong></span> <span class='ocrx_word' id='word_1_861' title='bbox 2307 4972 2364 5020; x_wconf 90' lang='lat' dir='ltr'><strong>et</strong></span> <span class='ocrx_word' id='word_1_862' title='bbox 2393 4964 2815 5037; x_wconf 91' lang='lat' dir='ltr'><strong>quodammodo</strong></span> <span class='ocrx_word' id='word_1_863' title='bbox 2851 4963 3171 5030; x_wconf 89' lang='lat' dir='ltr'><strong>temulenti,</strong></span> <span class='ocrx_word' id='word_1_864' title='bbox 3204 4963 3392 5017; x_wconf 90' lang='lat' dir='ltr'><strong>eidem</strong></span> <span class='ocrx_word' id='word_1_865' title='bbox 3418 4968 3694 5015; x_wconf 75' lang='lat' dir='ltr'><strong>creaturae</strong></span> 
     </span>
    </p>
   </div>
   <div class='ocr_carea' id='block_1_115' title="bbox 1994 5052 3690 5123">
    <p class='ocr_par' dir='ltr' id='par_1_115' title="bbox 1994 5052 3690 5123">
     <span class='ocr_line' id='line_1_115' title="bbox 1994 5052 3690 5123; baseline -0.004 -16"><span class='ocrx_word' id='word_1_866' title='bbox 1994 5055 2054 5108; x_wconf 90' lang='lat' dir='ltr'><strong>in</strong></span> <span class='ocrx_word' id='word_1_867' title='bbox 2084 5055 2283 5109; x_wconf 89' lang='lat' dir='ltr'><strong>ordine</strong></span> <span class='ocrx_word' id='word_1_868' title='bbox 2330 5072 2433 5108; x_wconf 88' lang='lat' dir='ltr'><strong>suo</strong></span> <span class='ocrx_word' id='word_1_869' title='bbox 2472 5053 2767 5121; x_wconf 86' lang='lat' dir='ltr'><strong>laudabili,</strong></span> <span class='ocrx_word' id='word_1_870' title='bbox 2818 5054 2981 5123; x_wconf 91' lang='lat' dir='ltr'><strong>cujus</strong></span> <span class='ocrx_word' id='word_1_871' title='bbox 3013 5052 3278 5107; x_wconf 88' lang='lat' dir='ltr'><strong>aviditate</strong></span> <span class='ocrx_word' id='word_1_872' title='bbox 3310 5054 3690 5114; x_wconf 89' lang='lat' dir='ltr'><strong>evanuerunt,</strong></span> 
     </span>
    </p>
   </div>
   <div class='ocr_carea' id='block_1_116' title="bbox 1992 5136 3692 5212">
    <p class='ocr_par' dir='ltr' id='par_1_116' title="bbox 1992 5136 3692 5212">
     <span class='ocr_line' id='line_1_116' title="bbox 1992 5136 3692 5212; baseline -0.004 -15"><span class='ocrx_word' id='word_1_873' title='bbox 1992 5160 2109 5211; x_wconf 89' lang='lat' dir='ltr'><strong>non</strong></span> <span class='ocrx_word' id='word_1_874' title='bbox 2133 5144 2251 5212; x_wconf 86' lang='lat' dir='ltr'><strong>jam</strong></span> <span class='ocrx_word' id='word_1_875' title='bbox 2275 5142 2479 5197; x_wconf 90' lang='lat' dir='ltr'><strong>merito</strong></span> <span class='ocrx_word' id='word_1_876' title='bbox 2506 5142 2794 5208; x_wconf 87' lang='lat' dir='ltr'><strong>vitiorum,</strong></span> <span class='ocrx_word' id='word_1_877' title='bbox 2828 5141 2927 5196; x_wconf 91' lang='lat' dir='ltr'><strong>sed</strong></span> <span class='ocrx_word' id='word_1_878' title='bbox 2956 5141 3139 5196; x_wconf 91' lang='lat' dir='ltr'><strong>adhuc</strong></span> <span class='ocrx_word' id='word_1_879' title='bbox 3170 5144 3388 5194; x_wconf 60' lang='lat' dir='ltr'><strong>natura:</strong></span> <span class='ocrx_word' id='word_1_880' title='bbox 3414 5136 3692 5209; x_wconf 89' lang='lat' dir='ltr'><strong>dignitate</strong></span> 
     </span>
    </p>
   </div>
   <div class='ocr_carea' id='block_1_117' title="bbox 1991 5232 2403 5303">
    <p class='ocr_par' dir='ltr' id='par_1_117' title="bbox 1991 5232 2403 5303">
     <span class='ocr_line' id='line_1_117' title="bbox 1991 5232 2403 5303; baseline -0.002 -18"><span class='ocrx_word' id='word_1_881' title='bbox 1991 5232 2403 5303; x_wconf 68' lang='lat' dir='ltr'><strong>prmferuntur.</strong></span> 
     </span>
    </p>
   </div>
   <div class='ocr_carea' id='block_1_118' title="bbox 2070 5319 3692 5391">
    <p class='ocr_par' dir='ltr' id='par_1_118' title="bbox 2070 5319 3692 5391">
     <span class='ocr_line' id='line_1_118' title="bbox 2070 5319 3692 5391; baseline -0.003 -17"><span class='ocrx_word' id='word_1_882' title='bbox 2070 5326 2147 5375; x_wconf 81' lang='lat'><strong>16.</strong></span> <span class='ocrx_word' id='word_1_883' title='bbox 2179 5322 2323 5385; x_wconf 88' lang='lat' dir='ltr'><strong>Quia</strong></span> <span class='ocrx_word' id='word_1_884' title='bbox 2353 5320 2529 5391; x_wconf 86' lang='lat' dir='ltr'><strong>igitur</strong></span> <span class='ocrx_word' id='word_1_885' title='bbox 2558 5319 2742 5374; x_wconf 90' lang='lat' dir='ltr'><strong>omnis</strong></span> <span class='ocrx_word' id='word_1_886' title='bbox 2770 5322 2961 5374; x_wconf 87' lang='lat' dir='ltr'><strong>anima</strong></span> <span class='ocrx_word' id='word_1_887' title='bbox 2994 5319 3152 5374; x_wconf 91' lang='lat' dir='ltr'><strong>omni</strong></span> <span class='ocrx_word' id='word_1_888' title='bbox 3183 5332 3420 5387; x_wconf 91' lang='lat' dir='ltr'><strong>corpore</strong></span> <span class='ocrx_word' id='word_1_889' title='bbox 3452 5320 3538 5369; x_wconf 90' lang='lat' dir='ltr'><strong>est</strong></span> <span class='ocrx_word' id='word_1_890' title='bbox 3566 5330 3692 5369; x_wconf 87' lang='lat' dir='ltr'><strong>me-</strong></span> 
     </span>
    </p>
   </div>
   <div class='ocr_carea' id='block_1_119' title="bbox 1992 5403 3688 5480">
    <p class='ocr_par' dir='ltr' id='par_1_119' title="bbox 1992 5403 3688 5480">
     <span class='ocr_line' id='line_1_119' title="bbox 1992 5403 3688 5480; baseline -0.003 -17"><span class='ocrx_word' id='word_1_891' title='bbox 1992 5410 2120 5471; x_wconf 89' lang='lat' dir='ltr'><strong>lior,</strong></span> <span class='ocrx_word' id='word_1_892' title='bbox 2151 5410 2453 5480; x_wconf 91' lang='lat' dir='ltr'><strong>omnisque</strong></span> <span class='ocrx_word' id='word_1_893' title='bbox 2477 5410 2757 5479; x_wconf 88' lang='lat' dir='ltr'><strong>peccatrix</strong></span> <span class='ocrx_word' id='word_1_894' title='bbox 2789 5408 2981 5463; x_wconf 89' lang='lat' dir='ltr'><strong>anima</strong></span> <span class='ocrx_word' id='word_1_895' title='bbox 3013 5421 3373 5479; x_wconf 88' lang='lat' dir='ltr'><strong>quocumque</strong></span> <span class='ocrx_word' id='word_1_896' title='bbox 3403 5403 3688 5472; x_wconf 90' lang='lat' dir='ltr'><strong>ceciderit,</strong></span> 
     </span>
    </p>
   </div>
   <div class='ocr_carea' id='block_1_120' title="bbox 2056 5528 3689 5597">
    <p class='ocr_par' dir='ltr' id='par_1_120' title="bbox 2056 5528 3689 5597">
     <span class='ocr_line' id='line_1_120' title="bbox 2056 5528 3689 5597; baseline -0.002 -16"><span class='ocrx_word' id='word_1_897' title='bbox 2056 5536 2109 5589; x_wconf 63' lang='grc' dir='ltr'><strong>ι..</strong></span> <span class='ocrx_word' id='word_1_898' title='bbox 2136 5533 2280 5593; x_wconf 90' lang='lat' dir='ltr'><strong>Lov.,</strong></span> <span class='ocrx_word' id='word_1_899' title='bbox 2324 5536 2574 5595; x_wconf 72' lang='lat' dir='ltr'><strong>perpetua</strong></span> <span class='ocrx_word' id='word_1_900' title='bbox 2612 5533 2858 5597; x_wconf 77' lang='lat' dir='ltr'><strong>voluptas</strong></span> <span class='ocrx_word' id='word_1_901' title='bbox 2890 5530 3182 5597; x_wconf 76' lang='lat' dir='ltr'><strong>tenet,_Sed</strong></span> <span class='ocrx_word' id='word_1_902' title='bbox 3218 5529 3540 5592; x_wconf 85' lang='lat' dir='ltr'><strong>antiquiores</strong></span> <span class='ocrx_word' id='word_1_903' title='bbox 3570 5528 3689 5577; x_wconf 89' lang='lat' dir='ltr'><strong>edi-</strong></span> 
     </span>
    </p>
   </div>
   <div class='ocr_carea' id='block_1_121' title="bbox 1996 5592 3254 5653">
    <p class='ocr_par' dir='ltr' id='par_1_121' title="bbox 1996 5592 3254 5653">
     <span class='ocr_line' id='line_1_121' title="bbox 1996 5592 3254 5653; baseline -0.003 -10"><span class='ocrx_word' id='word_1_904' title='bbox 1996 5596 2164 5643; x_wconf 83' lang='lat' dir='ltr'><strong>tiones</strong></span> <span class='ocrx_word' id='word_1_905' title='bbox 2195 5600 2246 5644; x_wconf 91' lang='lat' dir='ltr'><strong>et</strong></span> <span class='ocrx_word' id='word_1_906' title='bbox 2268 5592 2399 5644; x_wconf 79' lang='lat' dir='ltr'><strong>Mss.</strong></span> <span class='ocrx_word' id='word_1_907' title='bbox 2416 5592 2964 5653; x_wconf 56' lang='lat' dir='ltr'><strong>&#39;constanter&#39;habent,</strong></span> <span class='ocrx_word' id='word_1_908' title='bbox 2986 5592 3254 5644; x_wconf 65' lang='lat' dir='ltr'><strong>voluntas.</strong></span> 
     </span>
    </p>
   </div>
  </div>
