4036 6182
336 333 470 386 1279

330 453 488 508 nulla
519 444 969 504 commutatione
1008 456 1214 512 corpus
1243 437 1506 503 efﬁcitur,
1539 450 1645 490 nec
1673 432 1905 488 omnino
1933 428 2018 484 illi

332 541 586 596 aufertur
614 535 768 608 quod
799 532 988 589 anima
1025 535 1126 598 est,
1170 535 1227 584 et
1267 528 1393 582 ideo
1420 525 1579 580 nullo
1620 526 1781 594 pacto
1811 518 2024 576 amittit

334 629 490 702 quod
519 641 752 698 corpore
783 628 869 679 est
897 621 1118 687 melior,
1148 618 1210 673 in
1242 614 1576 688 corporibus
1597 617 1790 667 autem
1818 611 1913 664 lux
1940 612 2024 662 te-

334 723 432 772 net
461 696 715 787 primum
744 714 968 777 locum;
1001 721 1352 778 consequens
1382 708 1467 759 est
1499 708 1564 756 ut
1587 702 1773 772 primo
1803 696 2026 768 corpori

336 786 528 860 anima
556 807 808 858 extrema
827 800 1216 871 praeponatur,
1238 793 1478 864 ﬁerique
1502 790 1682 862 possit
1709 792 1773 843 ut
1803 786 2028 858 corpori

335 895 577 963 alicujus
606 891 814 945 animae
862 886 1089 958 aliquod
1129 883 1282 938 aliud
1332 896 1536 952 corpus
1567 876 1933 943 anteferatur,
1965 880 2028 929 ut

334 988 526 1038 autem
550 979 662 1052 ipsi
683 978 890 1032 anima:
919 975 1079 1029 nullo
1109 971 1297 1026 modo.
1331 970 1443 1025 Cur
1467 983 1602 1037 ergo
1623 982 1740 1020 non
1761 964 2028 1020 laudetur

336 1074 504 1136 Deus,
539 1050 597 1123 et
620 1065 897 1122 ineffabili
921 1060 1324 1135 praedicatione
1357 1057 1638 1122 laudetur,
1672 1053 1770 1125 qui
1801 1068 1932 1106 cum
1952 1050 2029 1104 fe-

333 1159 475 1215 cerit
503 1174 597 1212 eas
627 1172 755 1227 quas
783 1153 844 1207 in
873 1153 1096 1223 legibus
1128 1153 1315 1203 essent
1336 1145 1572 1218 justitia:
1614 1156 2026 1215 permansurae,

334 1249 471 1305 fecit
504 1246 678 1302 etiam
705 1244 844 1298 alias
882 1241 1121 1306 animas,
1168 1254 1308 1310 quas
1345 1237 1434 1290 vel
1461 1238 1810 1305 peccaturas,
1849 1230 1938 1283 vel
1969 1228 2031 1282 in

338 1337 585 1410 peccatis
616 1335 787 1389 etiam
816 1333 1275 1403 perseveraturas
1306 1342 1428 1380 esse
1469 1321 1821 1395 prmvidebat
1852 1336 1865 1373 :
1901 1333 2031 1372 cum

339 1408 396 1482 et
413 1427 552 1480 tales
584 1423 767 1478 adhuc
787 1420 1054 1475 meliores
1084 1417 1196 1471 sint
1224 1415 1325 1481 eis,
1352 1429 1480 1485 qua:
1506 1410 1779 1483 quoniam
1808 1408 2033 1462 nullum

338 1513 554 1568 habent
580 1510 857 1586 rationale
879 1523 944 1560 ac
974 1505 1217 1559 liberum
1245 1499 1554 1557 voluntatis
1581 1496 2035 1565 arbitrium,pec-

339 1617 469 1655 care
500 1615 615 1653 non
637 1595 916 1669 possunt?
943 1595 1078 1658 Quae
1111 1597 1304 1646 tamen
1333 1590 1519 1644 adhuc
1545 1587 1717 1642 etiam
1747 1586 1885 1655 ipsae
1914 1599 2034 1637 me-

338 1689 509 1743 liores
541 1691 692 1753 sunt,
725 1700 900 1755 quam
947 1696 1254 1750 corporum
1295 1676 1684 1749 quorumlibet
1721 1673 2038 1744 quamlibet

342 1774 838 1849 splendidissimus
879 1771 1090 1842 fulgor,
1141 1783 1315 1839 quem
1342 1781 1448 1836 pro
1483 1763 1664 1835 ipsius
1695 1761 1905 1816 summi
1936 1760 2038 1814 Dei

341 1864 662 1920 substantia
692 1861 946 1933 quidam,
971 1857 1230 1929 quamvis
1259 1871 1389 1910 cum
1421 1870 1629 1924 magno
1658 1864 2039 1916 errore,vene—

341 1959 562 2011 rantur.
597 1952 761 2018 Quod
799 1951 846 2004 si
877 1950 938 2003 in
974 1948 1173 2002 ordine
1205 1959 1609 2016 corporearum
1647 1945 2038 1995 creaturarum

343 2045 413 2099 ab
439 2043 579 2114 ipsis
601 2043 852 2096 siderum
872 2037 1056 2093 choris
1072 2051 1254 2107 usque
1275 2035 1345 2088 ad
1365 2048 1668 2087 numerum
1699 2030 2039 2100 capillorum

344 2137 693 2196 nostrorum,
724 2129 805 2183 ita
835 2125 1116 2199 gradatim
1145 2125 1426 2178 bonarum
1450 2136 1644 2175 rerum
1671 2117 2038 2190 pulchritudo

346 2220 686 2284 contexitur,
745 2222 810 2271 ut
855 2212 1284 2285 imperitissime
1323 2211 1564 2276 dicatur,
1605 2207 1750 2273 Quid
1781 2211 1864 2261 est
1895 2206 2040 2259 hoc?

347 2307 552 2380 utquid
595 2307 739 2361 hoc?
789 2303 983 2359 omnia
1020 2301 1174 2356 enim
1221 2299 1420 2353 ordine
1453 2313 1555 2351 suo
1589 2299 1778 2350 creata
1807 2297 1941 2348 sunt
1968 2295 1988 2330 ί
2021 2306 2036 2348 :

350 2400 565 2469 quanto
592 2392 916 2464 imperitius
943 2392 1012 2445 de
1042 2403 1402 2460 quacumque
1433 2385 1626 2440 anima
1653 2384 1879 2449 dicitur,
1912 2398 2042 2454 qua:

349 2487 421 2541 ad
453 2482 870 2556 quantamlibet
901 2480 987 2534 sui
1013 2477 1230 2533 decoris
1261 2475 1700 2532 diminutionem
1732 2473 2042 2527 defectum-

353 2591 465 2648 que
518 2571 862 2645 pervenerit,
905 2568 1165 2624 omnium
1207 2580 1514 2636 corporum
1554 2562 1891 2634 dignitatem
1923 2560 2043 2615 sine

352 2665 474 2719 ulla
505 2661 860 2717 dubitatione
894 2673 1119 2728 semper
1144 2655 1436 2726 superabit
1459 2652 1523 2707 3?

429 2757 513 2807 17.
544 2751 723 2806 Aliter
763 2749 918 2804 enim
954 2745 1197 2802 azstimat
1238 2743 1403 2805 ratio,
1458 2742 1620 2796 aliter
1661 2756 1825 2796 usus.
1883 2737 2047 2794 Ratio

355 2840 600 2898 aestimat
626 2841 752 2895 luce
780 2835 1059 2905 veritatis,
1093 2838 1154 2889 ut
1175 2837 1328 2887 recto
1353 2831 1561 2904 judicio
1593 2829 1800 2884 subdat
1823 2827 2049 2882 minora

354 2929 671 3002 majoribus
705 2944 719 2983 :
770 2943 907 2980 usus
951 2928 1145 2979 autem
1186 2919 1600 2976 consuetudine
1630 2915 2048 2973 commoditatis

352 3021 694 3092 plerumque
724 3015 1052 3080 inclinatur,
1083 3017 1147 3066 ut
1175 3029 1249 3066 ea
1271 3009 1451 3082 pluris
1480 3008 1721 3063 azstimet
1750 3023 1880 3078 quas
1909 3005 2051 3060 veri-

354 3091 440 3162 tas
473 3106 700 3160 minora
729 3117 849 3156 esse
872 3099 1174 3154 convincit.
1209 3098 1350 3162 Cum
1374 3095 1527 3150 enim
1547 3109 1784 3165 corpora
1803 3091 2052 3148 coelestia

356 3192 690 3265 corporibus
726 3188 1089 3244 terrestribus
1126 3202 1336 3257 magna
1374 3183 1695 3250 differentia
1721 3181 1868 3237 ratio
1896 3197 2050 3251 prae-

356 3287 552 3356 ponat,
596 3280 726 3352 quis
758 3283 948 3333 tamen
981 3277 1294 3331 carnalium
1335 3274 1640 3329 hominum
1685 3288 1804 3326 non
1833 3271 2048 3336 mallet,

355 3373 446 3429 vel
475 3372 641 3444 plura
667 3369 860 3423 deesse
893 3367 954 3420 in
985 3366 1125 3420 coelo
1147 3365 1351 3430 sidera,
1378 3379 1552 3434 quam
1581 3377 1757 3415 unam
1789 3361 2053 3414 arbuscu-

356 3464 475 3518 lam
508 3460 568 3514 in
597 3473 734 3530 agro
765 3472 891 3525 suo,
934 3458 1032 3510 aut
1077 3469 1302 3508 vaccam
1349 3452 1406 3505 in
1439 3451 1736 3505 armento?
1770 3449 1881 3504 Sed
1911 3449 2056 3502 sicut

358 3555 524 3606 aetate
571 3549 817 3619 majores
856 3543 1120 3600 homines
1148 3543 1236 3596 vel
1265 3541 1503 3596 omnino
1536 3543 1933 3606 contemnunt,
1965 3537 2055 3590 vel

357 3644 509 3695 certe
533 3637 821 3710 patienter
843 3632 1181 3704 corrigenda
1197 3625 1538 3702 exspectant
1550 3628 1766 3700 judicia
1794 3628 2058 3698 parvulo-

358 3725 619 3798 rum,qui
640 3723 890 3795 exceptis
912 3721 1256 3794 quibusdam
1277 3735 1526 3791 quorum
1543 3733 1739 3772 amore
1766 3717 2056 3780 laetantur,

363 3815 678 3888 quemlibet
717 3813 1021 3869 hominum
1055 3814 1392 3864 caeterorum
1433 3807 1582 3861 mori
1611 3807 1850 3871 malunt,
1886 3819 2059 3874 quam

361 3919 651 3976 passerem
679 3917 878 3967 suum;
913 3904 970 3953 et
996 3899 1178 3952 multo
1199 3897 1382 3966 magis
1411 3895 1458 3948 si
1479 3896 1652 3949 homo
1682 3894 1756 3948 sit
1783 3893 1878 3946 ille
1899 3892 2061 3946 terri-

363 3993 517 4059 bilis,
549 4005 742 4062 passer
763 3991 955 4043 autem
974 4001 1214 4041 canorus
1243 3989 1297 4039 et
1317 3984 1555 4054 pulcher
1587 4003 1598 4038 :
1631 3983 1713 4036 ita
1732 3980 1775 4034 ii
1804 3981 1905 4051 qui
1933 3996 2065 4050 pro-

364 4086 529 4136 vectu
561 4079 738 4134 animi
773 4078 840 4132 ad
869 4075 1207 4147 sapientiam
1245 4073 1630 4145 profecerunt,
1656 4070 1952 4141 imperitos
1979 4085 2063 4122 re-

366 4187 498 4227 rum
528 4169 900 4224 aestimatores
949 4181 1079 4219 cum
1108 4161 1431 4218 invenerint
1462 4163 1642 4215 Deum
1671 4159 1969 4214 laudantes
2001 4159 2062 4212 in

371 4259 646 4316 creaturis
675 4255 1013 4317 minoribus,
1047 4253 1148 4325 qui
1178 4269 1272 4307 eas
1297 4249 1621 4306 carnalibus
1663 4248 1778 4303 suis
1807 4247 2065 4302 sensibus

371 4346 851 4405 accommodatius
878 4343 1170 4411 adhibent,
1215 4342 1275 4396 in
1314 4339 1701 4411 superioribus
1729 4354 1861 4392 vero
1893 4342 2065 4408 atque

371 4437 708 4495 melioribus
746 4435 954 4506 partim
993 4448 1126 4488 eum
1154 4447 1273 4485 non
1303 4429 1620 4496 laudantes,
1652 4427 1912 4481 minusve
1939 4427 2065 4480 lau-

373 4527 594 4591 dantes,
626 4524 838 4596 partim
863 4522 1035 4577 etiam
1057 4520 1381 4591 vituperare
1409 4522 1509 4571 aut
1530 4517 1834 4571 emendare
1854 4532 2066 4570 conan-

372 4618 478 4681 tes,
494 4613 706 4683 partim
726 4629 845 4667 non
867 4612 1158 4666 credentes
1185 4608 1338 4680 quod
1359 4622 1555 4660 earum
1572 4605 1668 4659 ille
1684 4605 1757 4658 sit
1779 4605 2065 4671 conditor;

375 4701 581 4755 talium
621 4700 836 4770 judicia
878 4700 962 4754 vel
1010 4698 1245 4753 omnino
1279 4700 1666 4758 contemnere,
1708 4693 1755 4745 si
1784 4692 2070 4763 corrigere

378 4795 694 4860 nequeunt,
732 4788 821 4842 vel
851 4788 1032 4843 donec
1070 4785 1377 4857 corrigunt,
1411 4798 1575 4854 usque
1605 4779 1797 4835 animo
1827 4782 2069 4835 tolerare

379 4896 445 4936 ac
475 4879 752 4934 sustinere
778 4883 1162 4933 consuescant.

379 4987 607 5047 CAPUT
650 4985 739 5039 VI.
799 5013 868 5024 ——
923 4987 1086 5040 Nemo
1133 4999 1253 5038 vere
1295 4981 1502 5035 dixerit
1547 4993 1602 5034 se
1632 4978 1792 5032 malle
1830 4992 1935 5031 non
1965 4992 2073 5031 esse

927 5087 1090 5141 quam
1118 5086 1372 5124 maserum
1403 5084 1531 5123 0550.

457 5184 542 5238 18.
575 5181 713 5246 Qua:
741 5194 870 5232 cum
914 5177 992 5231 ita
1023 5193 1082 5230 se
1112 5176 1609 5241 habeant,tantum
1647 5172 1805 5226 abest
1841 5189 1874 5225 a
1919 5187 2072 5238 vero,

387 5271 540 5344 quod
570 5268 821 5327 Creatori
862 5265 1187 5338 deputanda
1231 5263 1628 5319 existimantur
1662 5265 1892 5333 peccata
1921 5276 2074 5314 crea-

449 5415 466 5448 1
501 5412 803 5478 Legendum
833 5415 912 5462 est
935 5409 1084 5474 juxta
1124 5408 1268 5466 Mss”
1309 5405 1500 5456 omnia
1526 5405 1666 5454 enim
1690 5405 1749 5453 i-n
1781 5402 1968 5454 ordine
1989 5414 2079 5451 suo

386 5480 805 5663 :Eiglgignstﬁw
826 5537 946 5588 ulla
973 5534 1295 5586 dubitatione
1315 5531 1598 5596 superavit.
1627 5529 1692 5578 At
1711 5530 1854 5588 Mss.,
1874 5539 2080 5589 semper

547 5615 578 5649 (ι
614 5615 628 5649 ι
659 5637 669 5648 .

547 5615 669 5649 ίιωι.

1436 313 1529 368 DE
1569 311 1830 367 LIBERO
1869 303 2230 371 ARBITBIO,
2273 301 2326 357 S.
2369 293 2753 355 AUGUSTINI

3697 291 3713 338 i
3726 287 3835 338 “280

2133 447 2300 510 turae,
2332 438 2593 513 quamvis
2615 451 2847 492 necesse
2891 438 2975 488 est
3002 435 3145 488 ﬁant
3167 447 3297 504 quae
3325 431 3446 502 ipse
3471 429 3668 483 futura
3695 444 3838 498 prae-

2136 533 2316 598 scivit,
2348 534 2414 584 ut
2441 545 2572 583 cum
2597 531 2662 581 tu
2682 524 2893 581 dixeris
2914 539 3029 577 non
3045 526 3100 576 te
3121 521 3379 575 invenire
3406 517 3700 590 quomodo
3718 533 3842 570 non

2138 621 2192 677 ei
2234 622 2541 691 deputetur
2584 614 2862 687 quidquid
2912 612 2972 666 in
3014 612 3134 682 ejus
3163 613 3421 664 creatura
3452 607 3578 661 ﬁeri
3605 622 3846 660 necesse

2138 715 2249 776 est;
2283 725 2389 779 ego
2419 711 2615 761 contra
2630 719 2748 758 non
2769 701 3057 756 inveniam
3088 699 3346 762 modum,
3376 713 3563 767 neque
3592 693 3849 748 inveniri

2135 813 2300 870 posse
2332 801 2502 867 atque
2529 792 2765 847 omnino
2799 805 2918 844 non
2948 805 3070 843 esse
3119 788 3476 853 conﬁrmem,
3509 800 3624 855 quo
3655 785 3711 836 ei
3742 783 3848 836 de-

2135 890 2370 958 putetur
2397 881 2675 956 quidquid
2701 881 2762 934 in
2792 880 2914 950 ejus
2939 880 3199 932 creatura
3229 877 3308 929 ita
3330 874 3458 929 ﬁeri
3481 887 3714 927 necesse
3739 876 3850 933 est,

2137 980 2204 1031 ut
2237 976 2526 1030 voluntate
2569 969 2932 1043 peccantium
2981 967 3100 1022 ﬁat.
3149 965 3208 1020 Si
3247 964 3404 1018 enim
3448 962 3578 1034 quis
3611 960 3849 1023 dixerit,

2140 1066 2264 1119 Non
2286 1077 2607 1132 esse,quam
2631 1059 2904 1113 miserum
2925 1072 3015 1110 me
3035 1070 3157 1109 esse
3182 1054 3413 1107 mallem
3430 1068 3443 1104 :
3460 1048 3852 1119 respondebo,

2142 1151 2410 1208 Mentiris.
2449 1152 2590 1204 Nam
2620 1153 2677 1202 et
2707 1163 2859 1201 nunc
2888 1146 3060 1198 miser
3108 1159 3188 1210 es,
3239 1157 3343 1195 nec
3387 1141 3460 1194 ob
3491 1138 3645 1193 aliud
3699 1139 3857 1190 mori

2139 1257 2256 1296 non
2286 1240 2389 1303 vis,
2422 1238 2530 1292 nisi
2555 1240 2618 1292 ut
2646 1236 2720 1290 sis
2750 1235 2866 1289 :ita
2893 1249 3023 1287 cum
3052 1231 3227 1286 miser
3254 1229 3403 1284 nolis
3434 1245 3574 1294 esse,
3609 1242 3739 1280 esse
3768 1227 3857 1278 vis

2142 1336 2358 1384 tamen.
2390 1331 2509 1397 Age
2550 1325 2727 1396 igitur
2771 1323 2981 1393 gratias
3013 1337 3083 1375 ex
3132 1336 3198 1374 eo
3242 1319 3391 1390 quod
3425 1334 3485 1371 es
3514 1317 3743 1381 volens,
3797 1318 3860 1368 ut

2145 1417 2302 1490 quod
2330 1415 2540 1470 invitus
2581 1431 2638 1468 es
2678 1412 2994 1466 auferatur.
3036 1409 3245 1464 Volens
3276 1407 3431 1460 enim
3459 1421 3538 1469 es,
3588 1409 3650 1457 et
3679 1403 3862 1457 miser

2143 1507 2357 1563 invitus
2401 1521 2478 1560 es.
2512 1503 2675 1568 Quod
2708 1501 2754 1556 si
2785 1501 3042 1571 ingratus
3087 1515 3146 1553 es
3191 1497 3253 1551 in
3285 1513 3351 1550 eo
3395 1495 3553 1566 quod
3582 1509 3714 1547 esse
3747 1492 3856 1558 vis,

2139 1598 2268 1669 jure
2299 1593 2516 1666 cogeris
2546 1608 2666 1647 esse
2697 1591 2847 1662 quod
2896 1605 3013 1642 non
3055 1587 3160 1642 vis.
3212 1587 3290 1640 Ex
3330 1585 3429 1638 illo
3480 1581 3666 1653 igitur
3697 1583 3860 1652 quod

2147 1685 2322 1741 etiam
2350 1683 2609 1753 ingratus
2639 1680 2811 1734 habes
2841 1678 2993 1749 quod
3023 1676 3126 1743 vis,
3161 1672 3445 1731 Creatoris
3470 1671 3647 1725 laudo
3679 1671 3862 1724 boni-

2146 1779 2323 1830 tatem
2355 1789 2367 1827 :
2399 1788 2462 1826 ex
2492 1772 2591 1825 illo
2613 1774 2804 1824 autem
2836 1767 2992 1838 quod
3020 1764 3233 1836 pateris
3262 1764 3519 1834 ingratus
3542 1760 3710 1831 quod
3742 1775 3864 1813 non

2147 1864 2250 1930 vis,
2287 1859 2621 1916 ordinatoris
2650 1858 2822 1912 laudo
2843 1856 3147 1927 justitiam.

2224 1956 2306 2006 19.
2341 1950 2398 2005 Si
2429 1949 2788 2016 dixerit,Non
2817 1945 2946 1999 ideo
2986 1941 3135 1997 mori
3164 1938 3478 2010 nolo,quod
3503 1936 3716 1991 malim
3749 1936 3866 1990 mi-

2150 2057 2240 2094 ser
2270 2056 2387 2094 esse
2417 2053 2590 2110 quam
2621 2035 2858 2090 omnino
2888 2049 3005 2087 non
3035 2047 3178 2098 esse,
3208 2029 3307 2084 sed
3337 2044 3408 2081 ne
3445 2031 3577 2097 post
3604 2030 3868 2079 mortem

2149 2129 2414 2185 miserior
2443 2127 2550 2180 sim
2586 2143 2598 2180 :
2633 2122 3013 2194 respondebo,
3055 2119 3112 2174 Si
3141 2120 3252 2174 hoc
3281 2117 3567 2187 injustum
3596 2119 3713 2179 est,
3746 2129 3869 2166 non

2151 2219 2228 2272 sic
2253 2218 2391 2283 eris;
2440 2217 2487 2270 si
2514 2218 2705 2269 autem
2735 2213 2844 2266 hoc
2870 2213 3090 2281 justum
3121 2218 3220 2270 est,
3261 2206 3559 2260 laudemus
3586 2219 3731 2257 eum
3760 2219 3868 2256 cu-

2145 2308 2241 2378 jus
2266 2307 2488 2377 legibus
2519 2304 2598 2358 sic
2627 2302 2757 2356 eris.
2790 2301 2847 2355 Si
2878 2298 3097 2363 dixerit,
3134 2296 3294 2351 Unde
3318 2309 3675 2364 praesumam
3710 2292 3869 2362 quod

2153 2396 2200 2449 si
2225 2397 2332 2450 hoc
2357 2395 2636 2464 injustum
2667 2394 2772 2457 est,
2807 2405 2920 2442 non
2951 2388 3030 2441 sic
3058 2385 3194 2440 ero?
3226 2383 3604 2455 respondebo,
3637 2383 3795 2446 Quia
3826 2381 3873 2434 si

2155 2485 2266 2539 eris
2293 2485 2353 2538 in
2382 2489 2481 2538 tua
2506 2484 2910 2554 potestate,aut
2929 2477 3104 2531 miser
3130 2491 3246 2529 non
3275 2473 3407 2542 eris,
3439 2477 3536 2526 aut
3567 2477 3629 2524 tu
3665 2471 3797 2541 ipse
3819 2477 3873 2524 te

2155 2574 2365 2643 injuste
2391 2571 2663 2641 regendo,
2690 2570 2844 2640 juste
2879 2567 2990 2621 eris
3020 2565 3221 2630 miser;
3255 2568 3356 2616 aut
3387 2560 3635 2615 volendo
3669 2565 3734 2613 et
3753 2576 3874 2612 non

2159 2661 2398 2717 valendo
2429 2665 2482 2715 te
2507 2660 2658 2731 juste
2688 2673 2907 2727 regere,
2953 2671 3072 2708 non
3111 2653 3223 2707 eris
3251 2651 3312 2705 in
3342 2654 3443 2704 tua
3472 2653 3791 2720 potestate,
3824 2655 3878 2702 et

2159 2756 2256 2806 aut
2276 2751 2337 2804 in
2366 2749 2580 2804 nullius
2603 2747 2732 2814 eris,
2758 2750 2856 2800 aut
2873 2744 2933 2798 in
2954 2741 3187 2796 alterius
3219 2757 3231 2795 :
3267 2739 3314 2793 si
3332 2739 3392 2792 in
3413 2738 3770 2804 nullius,aut
3789 2737 3880 2790 in-

2159 2841 2436 2906 vitus,aut
2463 2838 2661 2892 volens
2693 2852 2705 2889 :
2742 2835 2837 2889 sed
2867 2831 3079 2887 invitus
3109 2846 3228 2883 esse
3269 2828 3414 2882 nihil
3451 2832 3646 2896 potes,
3677 2827 3801 2880 nisi
3825 2831 3880 2880 te

2159 2930 2243 2984 vis
2267 2929 2460 2999 aliqua
2482 2923 2870 2997 superaverit;
2898 2936 3066 2992 porro
3092 2919 3254 2973 nulla
3283 2917 3339 2970 vi
3364 2915 3629 2986 superari
3659 2920 3878 2984 potest,

2161 3017 2260 3088 qui
2282 3022 2368 3071 est
2393 3017 2451 3070 in
2475 3014 2688 3069 nullius
2717 3015 2995 3083 potestate
3021 3025 3033 3063 :
3059 3009 3106 3062 si
3131 3011 3324 3060 autem
3347 3005 3546 3078 volens
3574 3004 3636 3057 in
3657 3004 3883 3057 nullius

2162 3107 2276 3161 eris
2308 3109 2603 3176 potestate,
2639 3102 2709 3156 ad
2737 3101 2847 3155 hoc
2882 3098 3027 3152 ratio
3059 3094 3322 3160 recurrit,
3354 3097 3419 3147 ut
3448 3091 3524 3145 sis
3557 3091 3620 3144 in
3654 3096 3792 3154 tua;
3830 3099 3882 3144 et

2163 3200 2261 3250 aut
2301 3198 2356 3248 te
2402 3193 2612 3262 injuste
2643 3188 2893 3259 regendo
2918 3187 3076 3256 juste
3110 3183 3285 3237 miser
3313 3181 3416 3246 sis;
3452 3184 3555 3234 aut
3596 3182 3881 3250 quoniam

2159 3280 2456 3352 quodlibet
2484 3277 2680 3330 volens
2721 3274 2854 3342 eris,
2886 3273 3062 3326 habes
3092 3271 3277 3325 adhuc
3309 3268 3467 3322 unde
3498 3267 3726 3337 gratias
3752 3283 3883 3336 agas

2164 3367 2406 3423 bonitati
2437 3363 2754 3420 Conditoris
2784 3362 2890 3416 tui.
2933 3360 3097 3424 Quod
3127 3359 3174 3412 si
3204 3358 3263 3411 in
3291 3364 3394 3412 tua
3424 3361 3725 3426 potestate
3771 3372 3882 3408 non

2165 3457 2298 3524 eris,
2340 3459 2438 3508 aut
2478 3452 2767 3524 potentior
2794 3449 3072 3521 profecto,
3103 3452 3203 3501 aut
3233 3445 3520 3500 inﬁrmior
3551 3450 3615 3498 te
3642 3443 3882 3498 habebit

2166 3545 2229 3599 in
2269 3547 2566 3614 potestate.
2612 3540 2774 3605 Quod
2812 3538 2860 3592 si
2905 3536 3206 3602 inﬁrmior,
3255 3540 3355 3588 tua
3399 3534 3592 3603 culpa,
3642 3540 3707 3586 et
3729 3534 3882 3603 justa

2167 3631 2398 3688 miseria
2429 3647 2442 3686 :
2469 3628 2686 3702 poteris
2715 3628 2869 3682 enim
2899 3625 3277 3680 inﬁrmiorem
3309 3637 3586 3692 superare
3619 3622 3668 3674 si
3709 3623 3880 3675 voles.

2169 3721 2229 3776 Si
2258 3725 2449 3774 autem
2498 3716 2786 3789 potentior
2835 3721 2891 3770 te
2923 3713 3300 3768 inﬁrmiorem
3340 3711 3578 3764 habebit
3607 3710 3672 3763 in
3725 3715 3880 3781 pote-

2171 3813 2337 3869 state,
2369 3806 2528 3860 nullo
2559 3805 2727 3859 modo
2756 3808 2874 3857 tam
2903 3805 3118 3856 rectam
3148 3798 3578 3855 ordinationem
3608 3803 3774 3851 recte
3801 3798 3883 3850 in-

2165 3897 2382 3967 justam
2412 3893 2666 3964 putabis.
2720 3891 3022 3946 Verissime
3060 3889 3237 3961 igitur
3275 3887 3491 3942 dictum
3521 3891 3656 3940 est:
3691 3886 3758 3940 Si
3790 3887 3888 3939 hoc

2172 3984 2453 4055 injustum
2499 3987 2608 4044 est,
2660 3997 2779 4035 non
2824 3979 2904 4034 sic
2933 3979 3072 4046 eris;
3102 3977 3372 4032 siautem
3405 3977 3654 4047 justum,
3691 3975 3886 4029 laude-

2173 4090 2301 4128 mus
2329 4089 2460 4127 eum
2495 4072 2657 4142 cujus
2682 4068 2907 4140 legibus
2939 4067 3017 4121 sic
3039 4067 3172 4120 eris.

2176 4163 2398 4218 CAPUT
2428 4162 2546 4215 VII.
2579 4190 2648 4200 —
2676 4161 2818 4214 Ecce
2837 4158 3096 4226 diligitur
3115 4167 3165 4210 et
3195 4171 3228 4208 a
3256 4155 3494 4219 miseris,
3524 4153 3664 4220 quia
3696 4152 3772 4205 ab
3805 4153 3888 4205 ille

2723 4253 2851 4302 sunt
2880 4249 2978 4316 qui
2998 4259 3202 4300 summe
3219 4248 3316 4297 est.

2250 4343 2337 4396 20.
2373 4339 2431 4395 Si
2454 4337 2664 4393 dixerit
2688 4353 2700 4391 :
2726 4337 2859 4392 Ideo
2883 4334 3070 4404 magis
3088 4333 3219 4386 volo
3241 4330 3330 4385 vel
3345 4328 3520 4383 miser
3538 4344 3693 4398 esse,
3717 4345 3888 4400 quam

2179 4429 2414 4485 omnino
2438 4442 2558 4483 non
2585 4443 2727 4493 esse,
2759 4425 2894 4497 quia
2917 4425 3039 4494 jam
3069 4437 3196 4476 sum
3221 4440 3236 4487 ;
3258 4420 3306 4473 si
3330 4423 3521 4472 autem
3541 4418 3886 4488 priusquam

2180 4535 2360 4573 essem
2381 4532 2607 4588 possem
2631 4515 2868 4578 consuli,
2897 4513 3167 4583 eligerem
3197 4525 3312 4564 non
3341 4524 3460 4562 esse
3490 4507 3689 4578 potius
3716 4523 3886 4577 quam

2179 4613 2242 4662 ut
2269 4623 2452 4662 essem
2483 4607 2676 4660 miser.
2712 4606 2873 4658 Nunc
2903 4602 3055 4656 enim
3077 4599 3231 4672 quod
3251 4598 3424 4652 timeo
3450 4612 3569 4650 non
3601 4612 3732 4649 esse
3765 4612 3886 4650 cum

2181 4697 2358 4752 miser
2387 4696 2516 4763 sim,
2561 4696 2630 4750 ad
2673 4694 2859 4765 ipsam
2903 4691 3192 4746 miseriam
3235 4688 3504 4760 pertinet,
3535 4703 3654 4757 qua
3686 4702 3811 4740 non
3839 4683 3886 4737 id

2180 4785 2498 4856 volo,quod
2518 4784 2661 4838 velle
2693 4783 2994 4847 deberem;
3019 4779 3204 4848 magis
3232 4776 3386 4831 enim
3411 4791 3530 4830 non
3556 4790 3887 4845 esse,quam

2183 4874 2358 4930 miser
2387 4890 2508 4927 esse
2539 4872 2683 4926 velle
2715 4870 3005 4924 deberem.
3054 4868 3213 4920 Nunc
3241 4880 3374 4918 vero
3401 4863 3589 4916 fateor
3637 4879 3739 4916 me
3771 4864 3891 4933 qui-

2183 4965 2314 5019 dem
2356 4963 2527 5017 malle
2573 4961 2662 5014 vel
2709 4959 2984 5013 miserum
3016 4971 3138 5009 esse
3181 4968 3354 5025 quam
3387 4951 3563 5015 nihil;
3601 4950 3702 5004 sed
3742 4957 3890 5004 tanto

2187 5052 2419 5109 stultius
2451 5050 2510 5104 id
2536 5049 2686 5116 volo,
2719 5051 2934 5119 quanto
2961 5043 3226 5098 miserius
3259 5058 3271 5096 :
3302 5045 3461 5095 tanto
3490 5044 3691 5092 autem
3725 5041 3888 5092 mise«

2186 5135 2328 5199 rius,
2361 5134 2577 5203 quanto
2609 5127 2796 5183 verius
2821 5126 2987 5181 video
3021 5140 3140 5179 non
3167 5124 3276 5177 hoc
3306 5136 3400 5175 me
3427 5120 3571 5173 velle
3604 5120 3889 5174 debuisse.

2193 5220 2571 5292 Respondebo
2606 5235 2618 5274 :
2653 5220 2795 5273 Cave
2827 5215 3019 5287 potius
3059 5230 3129 5268 ne
3158 5211 3251 5266 hic
3287 5225 3459 5271 erres,
3489 5208 3592 5262 ubi
3616 5213 3674 5262 te
3707 5209 3894 5263 videre

2188 5326 2389 5367 verum
2419 5314 2608 5380 putas.
2645 5309 2786 5362 Nam
2818 5305 2864 5359 si
2894 5306 3096 5360 beatus
3139 5317 3308 5361 esses,
3341 5298 3538 5368 utique
3568 5313 3695 5351 esse
3725 5313 3897 5369 quam

2193 5416 2314 5454 non
2346 5415 2466 5453 esse
2499 5397 2726 5464 malles;
2761 5400 2818 5448 et
2845 5410 2997 5448 nunc
3025 5393 3199 5446 miser
3226 5405 3355 5444 cum
3389 5387 3678 5456 sis,mavis
3705 5394 3902 5441 tamen

2197 5504 2316 5542 esse
2345 5489 2434 5542 vel
2462 5486 2636 5540 miser
2657 5500 2828 5555 quam
2859 5481 3094 5536 omnino
3115 5496 3233 5535 non
3262 5493 3402 5544 esse,
3432 5492 3566 5530 cum
3596 5492 3728 5530 esse
3765 5477 3903 5530 nolis

2199 5576 2389 5630 miser.
2417 5573 2719 5631 Considera
2736 5571 3218 5644 igitur,quantum
3240 5574 3604 5640 potes,quam
3630 5582 3902 5638 magnum
