4036 6182
232 328 357 378 1281

224 448 439 501 bonum
471 447 540 501 sit
564 447 752 518 ipsum
780 465 921 514 esse,
956 449 1110 519 quod
1137 453 1191 503 et
1220 449 1370 503 beati
1401 453 1455 503 et
1482 450 1676 503 miseri
1696 449 1914 504 volunt.

226 536 368 589 Nam
402 535 449 588 si
474 535 580 589 hoc
608 536 751 592 bene
776 537 1241 605 consideraveris,
1273 537 1488 592 videbis
1520 543 1573 593 te
1606 539 1665 592 in
1693 543 1919 593 tantum

223 641 343 678 esse
375 624 673 691 miserum,
724 626 783 679 in
824 632 1102 698 quantum
1142 644 1256 680 non
1295 627 1646 698 propinquas
1686 628 1737 681 ei
1769 629 1918 698 quod

224 728 446 765 summe
481 718 601 779 est;
635 713 693 766 in
725 718 950 768 tantum
990 719 1180 769 autem
1210 720 1410 785 putare
1450 716 1655 769 melius
1686 732 1826 781 esse,
1861 720 1921 769 ut

223 801 464 871 quisque
489 818 603 855 non
625 801 698 855 sit
722 820 895 873 quam
916 808 979 857 ut
1005 804 1178 857 miser
1200 804 1291 870 sit,
1317 804 1377 857 in
1406 809 1684 874 quantum
1705 820 1823 858 non
1845 804 1922 857 vi-

223 889 321 943 des
343 890 494 960 quod
521 907 741 945 summe
768 896 849 945 est
878 910 890 946 :
916 892 1119 959 etideo
1153 896 1345 945 tamen
1369 896 1423 946 te
1448 908 1568 946 esse
1595 893 1759 961 velle,
1791 909 1921 964 quo-

221 977 376 1032 niam
403 979 472 1032 ab
501 978 599 1032 illo
635 996 693 1033 es
725 980 824 1050 qui
855 997 1076 1034 summe
1108 984 1209 1035 est.

292 1069 381 1120 2L
415 1067 472 1121 Si
520 1067 603 1121 vis
652 1068 841 1139 itaque
885 1070 1175 1123 miseriam
1214 1070 1433 1141 fugere,
1466 1086 1595 1123 ama
1624 1070 1684 1123 in
1712 1073 1767 1125 te
1811 1071 1920 1125 hoc

223 1157 432 1225 ipsum,
456 1158 592 1228 quia
618 1175 737 1212 esse
766 1159 867 1214 vis.
901 1160 956 1215 Si
981 1160 1135 1214 enim
1163 1162 1343 1231 magis
1374 1162 1668 1233 magisque
1690 1178 1808 1215 esse
1825 1178 1918 1215 vo—

222 1245 415 1312 lueris,
441 1246 493 1299 ei
513 1246 664 1317 quod
688 1264 909 1302 summe
934 1253 1017 1303 est
1036 1249 1481 1319 propinquabis:
1506 1254 1559 1303 et
1580 1250 1791 1320 gratias
1812 1266 1918 1320 age

221 1349 373 1387 nunc
402 1335 539 1404 quia
564 1352 642 1389 es.
678 1336 944 1399 Quamvis
970 1337 1124 1390 enim
1155 1338 1334 1391 beatis
1364 1338 1439 1391 sis
1462 1337 1716 1405 inferior,
1753 1356 1919 1409 supe-

222 1422 338 1475 rior
368 1428 559 1476 tamen
592 1440 649 1477 es
682 1441 855 1494 quam
877 1442 941 1478 ea
968 1442 1093 1495 quze
1124 1442 1240 1478 non
1262 1427 1476 1480 habent
1502 1428 1587 1479 vel
1620 1427 1919 1481 beatitudi-

220 1511 307 1563 nis
329 1512 678 1566 voluntatem
704 1530 716 1579 ;
742 1530 986 1583 quorum
1008 1518 1200 1567 tamen
1224 1514 1405 1567 multa
1431 1514 1603 1567 etiam
1636 1532 1665 1568 a
1691 1515 1915 1569 miseris

220 1599 540 1655 laudantur.
575 1600 777 1656 Omnia
806 1605 999 1655 tamen
1038 1618 1102 1654 eo
1132 1601 1256 1671 ipso
1290 1619 1403 1673 quo
1436 1607 1588 1669 sunt,
1629 1604 1757 1673 jure
1800 1604 1917 1658 lau-

218 1688 405 1743 danda
426 1693 557 1742 sunt
582 1706 595 1755 ;
620 1690 755 1760 quia
781 1705 847 1744 eo
868 1690 991 1760 ipso
1028 1707 1141 1761 quo
1161 1694 1310 1756 sunt,
1342 1693 1495 1745 bona
1524 1696 1675 1744 sunt.
1693 1691 1913 1754 Quanto

217 1776 371 1829 enim
428 1778 674 1847 amplius
732 1794 851 1832 esse
907 1781 1181 1833 amaveris
1230 1784 1390 1833 tanto
1439 1781 1683 1850 amplius
1740 1780 1915 1833 vitam

216 1869 488 1918 mternam
521 1866 885 1929 desiderabis,
919 1872 1087 1938 teque
1118 1868 1195 1921 ita
1224 1868 1460 1921 formari
1503 1869 1817 1939 exoptabis,
1852 1875 1917 1923 ut

216 1953 542 2007 affectiones
574 1958 686 2007 tuae
717 1970 831 2008 non
864 1954 975 2008 sint
1006 1958 1371 2026 temporales,
1412 1957 1480 2010 de
1510 1958 1915 2027 temporalium

215 2057 409 2095 rerum
439 2044 731 2097 amoribus
752 2043 957 2097 inusta:
982 2048 1035 2098 et
1056 2044 1347 2113 impressae
1374 2062 1385 2099 :
1414 2062 1542 2117 qum
1574 2046 1915 2116 temporalia

216 2134 587 2202 etantequam
610 2132 723 2186 sint
744 2150 856 2187 non
879 2138 1031 2199 sunt,
1056 2139 1261 2188 etcum
1283 2139 1414 2187 sunt
1435 2134 1683 2205 fugiunt,
1709 2138 1911 2188 etcum

214 2220 468 2289 fugerint
496 2236 612 2275 non
643 2226 829 2275 erunt.
856 2224 1052 2292 Itaque
1086 2240 1213 2275 cum
1244 2223 1437 2276 futura
1466 2228 1618 2289 sunt,
1652 2225 1912 2278 nondum

214 2312 382 2373 sunt;
420 2325 549 2363 cum
583 2314 772 2363 autem
802 2310 1092 2379 prmterita
1124 2314 1272 2376 sunt,
1298 2311 1417 2379 jam
1443 2326 1558 2363 non
1586 2316 1735 2365 sunt.
1769 2312 1912 2375 Quo-

216 2398 383 2451 modo
418 2398 593 2467 igitur
622 2399 971 2452 tenebuntur
1009 2402 1072 2453 ut
1110 2404 1400 2465 maneant,
1451 2400 1659 2470 quibus
1690 2400 1798 2455 hoc
1829 2404 1912 2454 est

212 2484 463 2555 incipere
490 2490 554 2540 ut
576 2487 708 2553 sint,
733 2487 885 2557 quod
910 2492 991 2541 est
1018 2504 1255 2557 pergere
1276 2491 1338 2541 ut
1361 2504 1475 2541 non
1500 2487 1614 2541 sint
1636 2488 1664 2540 ‘P
1691 2488 1799 2552 Qui
1816 2504 1913 2543 au-

214 2578 327 2626 tem
358 2578 513 2629 amat
541 2592 681 2641 esse,
716 2576 922 2645 probat
951 2576 1057 2629 ista
1086 2576 1145 2629 in
1173 2580 1450 2647 quantum
1482 2580 1634 2638 sunt,
1674 2581 1729 2629 et
1758 2580 1912 2629 amat

212 2662 365 2731 quod
396 2679 621 2734 semper
651 2669 753 2718 est.
788 2666 853 2717 Et
893 2666 937 2717 si
967 2664 1294 2719 variabatur
1322 2665 1383 2717 in
1412 2681 1606 2719 amore
1648 2665 1907 2730 istorum,

210 2750 501 2804 munictur
530 2752 591 2805 in
637 2752 789 2805 illius
820 2755 837 2788 ί
863 2770 876 2819 ;
911 2757 966 2806 et
1002 2753 1048 2806 si
1081 2753 1374 2807 diffluebat
1404 2753 1463 2806 in
1493 2770 1690 2807 amore
1724 2758 1908 2807 trans-

209 2839 488 2905 euntium,
521 2841 580 2894 in
602 2841 993 2911 permanentis
1023 2858 1213 2895 amare
1244 2842 1596 2908 solidabitur,
1630 2846 1685 2897 et
1717 2843 1905 2908 stabit,

209 2933 264 2981 et
284 2929 560 2983 obtinebit
580 2930 769 2999 ipsum
790 2947 931 2998 esse,
954 2930 1107 3001 quod
1134 2930 1357 2983 volebat
1378 2947 1507 2983 cum
1529 2929 1767 2984 timebat
1789 2947 1907 2984 non

209 3020 429 3088 esse,‘_et
457 3021 604 3073 stare
626 3035 740 3073 non
772 3022 996 3089 poterat
1021 3018 1275 3072 irretitus
1306 3034 1500 3072 amore
1532 3019 1902 3089 fugientium.

212 3107 335 3159 Non
366 3106 547 3177 igitur
571 3108 677 3162 tibi
707 3108 1019 3178 displiceat,
1054 3108 1167 3162 imo
1199 3108 1449 3161 maxime
1480 3110 1719 3178 placeat,
1753 3110 1906 3179 quod

207 3196 385 3249 mavis
418 3212 537 3249 esse
567 3197 653 3250 vel
678 3197 871 3263 miser,
898 3213 1068 3268 quam
1093 3202 1395 3267 propterea
1416 3196 1589 3251 miser
1619 3214 1735 3251 non
1761 3214 1901 3265 esse,

208 3284 343 3355 quia
369 3284 512 3339 nihil
534 3286 665 3341 eris.
702 3286 843 3340 Huic
873 3286 1026 3339 enim
1051 3286 1280 3340 exordio
1304 3303 1417 3356 quo
1443 3302 1562 3340 esse
1591 3287 1693 3352 vis,
1729 3286 1775 3340 si
1807 3287 1904 3341 ad-

199 3372 363 3442 jicias
395 3374 574 3444 magis
611 3375 909 3445 magisque
948 3391 1090 3441 esse,
1125 3375 1421 3445 consurgis
1454 3379 1625 3446 atque
1657 3380 1903 3429 exstrue-

205 3461 281 3514 ris
312 3462 371 3515 in
404 3462 460 3515 id
492 3464 639 3533 quod
674 3480 895 3517 summe
927 3469 1046 3530 est;
1092 3468 1261 3535 atque
1294 3464 1369 3517 ita
1401 3469 1455 3517 te
1484 3465 1554 3517 ab
1588 3464 1745 3517 omni
1777 3465 1902 3519 labe

204 3551 512 3617 cohibebis,
555 3569 667 3622 qua
697 3553 901 3607 transit
939 3558 1000 3605 ut
1039 3570 1150 3606 non
1185 3553 1255 3606 sit
1281 3554 1435 3624 quod
1466 3554 1662 3607 intime
1702 3560 1804 3617 est,
1848 3560 1905 3609 et

203 3656 397 3691 secum
429 3641 671 3693 amantis
701 3641 848 3694 vires
880 3642 1128 3695 subruit.
1172 3642 1309 3695 Hinc
1340 3642 1437 3695 fiet
1462 3648 1525 3696 ut
1556 3642 1653 3713 qui
1684 3645 1903 3698 mavult

202 3743 319 3780 non
344 3744 486 3796 esse,
510 3744 580 3781 ne
601 3728 777 3782 miser
805 3729 898 3797 sit,
923 3730 1057 3801 quia
1080 3747 1195 3783 non
1213 3747 1333 3784 esse
1356 3748 1472 3784 non
1494 3736 1697 3801 potest,
1726 3736 1901 3785 restet

202 3820 267 3869 ut
286 3816 459 3869 miser
480 3816 570 3871 sit.
588 3817 694 3881 Qui
715 3823 904 3872 autem
928 3820 1056 3888 plus
1081 3825 1367 3873 amatesse
1392 3837 1565 3891 quam
1589 3821 1710 3875 odit
1730 3821 1903 3875 miser

202 3920 345 3967 esse,
376 3905 690 3973 adjiciendo
722 3908 792 3961 ad
823 3907 880 3961 id
911 3908 1061 3978 quod
1092 3913 1265 3977 amat,
1292 3910 1442 3980 quod
1463 3909 1582 3963 odit
1603 3910 1896 3965 excludat:

198 4009 331 4047 cum
362 3994 515 4048 enim
552 3995 614 4049 in
642 4012 742 4050 suo
777 4014 984 4068 genere
1011 3998 1259 4069 perfecte
1304 4016 1423 4053 esse
1453 4000 1690 4070 coeperit
1726 4000 1901 4055 miser

199 4097 313 4134 non
346 4082 468 4136 erit.

199 4169 424 4224 CAPUT
457 4172 595 4225 VIII.
629 4202 697 4213 —
730 4174 847 4227 Non
876 4189 985 4228 esse
1012 4190 1047 4227 a
1082 4175 1289 4228 nemine
1318 4175 1557 4242 eligitur,
1585 4191 1650 4229 ne
1680 4176 1898 4245 quidem

516 4260 583 4313 ab
614 4261 726 4314 illis
760 4264 857 4329 qui
886 4263 994 4315 sibi
1020 4279 1195 4315 necem
1226 4266 1576 4317 consciscunt.

268 4349 358 4401 22.
384 4348 525 4402 Nam
555 4349 698 4403 illud
721 4350 847 4404 vide
874 4367 1046 4421 quam
1074 4352 1313 4405 absurde
1346 4356 1401 4405 et
1428 4352 1899 4407 inconvenienter

197 4435 454 4491 dicatur:
487 4439 707 4492 Mallem
738 4456 852 4493 non
876 4457 995 4494 esse
1027 4457 1197 4512 quam
1226 4441 1400 4494 miser
1430 4457 1569 4495 esse.
1602 4441 1709 4506 Qui
1742 4442 1897 4495 enim

196 4524 351 4590 dicit,
386 4527 608 4581 Mallem
636 4527 743 4581 hoc
771 4544 941 4598 quam
971 4528 1134 4595 illud,
1168 4528 1327 4599 eligit
1357 4528 1592 4600 aliquid.
1622 4531 1743 4583 Non
1775 4546 1894 4584 esse

196 4618 388 4667 autem
416 4631 529 4669 non
562 4620 647 4669 est
671 4616 907 4687 aliquid,
942 4618 1035 4671 sed
1069 4617 1208 4671 nihil
1236 4634 1249 4684 ;
1286 4622 1341 4671 et
1370 4618 1497 4671 ideo
1538 4618 1695 4672 nullo
1728 4622 1893 4688 pacto

192 4707 355 4771 potes
385 4708 535 4758 recte
584 4704 816 4776 eligere,
850 4707 1077 4776 quando
1121 4707 1274 4777 quod
1309 4706 1484 4777 eligas
1520 4724 1638 4761 non
1668 4712 1771 4763 est.
1808 4707 1895 4761 Di-

193 4790 273 4843 cis
302 4793 445 4846 velle
474 4796 529 4847 te
560 4794 793 4865 quidem
824 4812 967 4863 esse,
999 4812 1129 4849 cum
1166 4796 1239 4848 sis
1287 4796 1481 4861 miser,
1514 4797 1611 4850 sed
1643 4812 1757 4850 non
1786 4797 1895 4850 hoc

190 4881 335 4933 velle
376 4882 659 4936 debuisse.
695 4883 842 4947 Quid
872 4884 1049 4954 igitur
1080 4885 1220 4937 velle
1265 4884 1557 4939 debuisti?
1596 4886 1718 4939 Non
1748 4902 1889 4961 esse,

190 4968 402 5039 inquis,
439 4971 646 5040 potius.
692 4973 749 5025 Si
778 4973 886 5026 hoc
916 4973 1058 5026 velle
1089 4973 1352 5037 debuisti,
1399 4974 1505 5027 hoc
1538 4977 1620 5026 est
1647 4974 1888 5040 melius;

189 5059 344 5129 quod
371 5063 560 5112 autem
591 5076 707 5114 non
731 5065 833 5127 est,
858 5061 1063 5115 melius
1091 5078 1209 5115 esse
1232 5078 1345 5115 non
1371 5066 1587 5131 potest:
1620 5078 1737 5116 non
1754 5078 1890 5132 ergo

186 5146 247 5200 id
280 5146 423 5199 velle
464 5147 749 5215 debuisti;
800 5149 1167 5220 veraciorque
1200 5167 1398 5203 sensus
1431 5155 1513 5205 est
1542 5168 1653 5221 quo
1684 5150 1744 5204 id
1774 5168 1891 5205 non

184 5234 289 5301 vis,
325 5250 497 5305 quam
530 5236 784 5306 opinatio
814 5253 919 5306 per
948 5254 1121 5308 quam
1161 5244 1217 5293 te
1252 5240 1311 5293 id
1340 5240 1483 5293 velle
1514 5238 1774 5293 debuisse
1808 5256 1893 5293 ar-

186 5324 435 5379 bitraris.
464 5324 679 5379 Deinde
702 5326 851 5396 quod
875 5325 1114 5398 quisque
1130 5332 1279 5382 recte
1298 5328 1458 5398 eligit
1479 5328 1887 5399 appetendum,

186 5430 315 5467 cum
345 5414 411 5467 ad
444 5413 503 5468 id
533 5414 876 5486 pervenerit,
906 5431 1135 5470 necesse
1167 5421 1251 5471 est
1285 5418 1488 5471 melior
1516 5416 1615 5470 ﬁat
1640 5433 1653 5471 :
1686 5416 1892 5471 melior

252 5539 263 5571 ¹
290 5539 716 5589 Gemmeticensis
738 5539 926 5600 Codex,
953 5542 1023 5591 Et
1043 5543 1087 5589 si
1103 5540 1355 5592 variatur
1374 5544 1429 5590 in
1443 5554 1624 5592 amore
1639 5542 1886 5602 istorum;

188 5612 414 5663 moxque
440 5615 560 5651 cum
581 5602 695 5652 aliis
712 5602 957 5652 undecim
982 5603 1105 5653 Mss.
1136 5601 1311 5661 habet,
1340 5605 1585 5655 munitur
1609 5607 1668 5655 in
1687 5605 1851 5656 illius.

1684 327 1895 382 LIBER
1946 325 2271 381 TERTIUS.

3598 338 3734 390 1282

2032 452 2223 502 autem
2246 464 2365 502 esse
2386 464 2503 502 non
2517 449 2749 519 poterit,
2766 450 2865 521 qui
2880 467 3002 506 non
3022 453 3131 508 erit
3152 470 3166 507 :
3185 470 3357 509 nemo
3379 454 3560 526 igitur
3579 463 3730 513 recte

2034 541 2223 607 potest
2243 536 2452 607 eligere
2471 540 2534 591 ut
2558 554 2673 591 non
2696 539 2783 592 sit.
2812 540 3004 610 Neque
3026 541 3182 596 enim
3200 544 3416 597 moveri
3439 561 3543 599 nos
3566 562 3733 616 opor-

2032 630 2111 679 tet
2131 642 2331 679 eorum
2355 624 2595 695 judicio,
2628 627 2727 696 qui
2762 633 2996 697 urgente
3026 631 3255 685 miseria
3278 649 3398 686 sese
3429 634 3731 689 intereme-

2030 718 2187 767 runt.
2219 717 2330 767 Aut
2354 715 2506 767 enim
2534 730 2600 768 eo
2650 714 3048 784 confugerunt,
3084 718 3184 772 ubi
3216 721 3437 775 melius
3468 723 3589 776 fore
3621 723 3731 777 sibi

2030 807 2338 872 putarunt;
2372 808 2428 857 et
2456 820 2572 856 non
2598 808 2681 857 est
2710 804 3061 858 contrarium
3096 806 3299 860 rationi
3331 814 3564 874 nostras,
3591 828 3730 881 quo-

2032 907 2143 959 quo
2171 892 2339 945 modo
2371 892 2720 961 putaverint:
2743 898 2841 947 aut
2861 893 2907 945 si
2927 894 3113 947 nullos
3143 911 3200 948 se
3244 896 3460 950 futuros
3491 900 3727 954 omnino

2030 979 2414 1049 crediderunt,
2436 982 2618 1035 multo
2639 982 2829 1035 minus
2851 982 2987 1035 falsa
3008 982 3205 1037 electio
3227 984 3370 1037 nihil
3393 985 3727 1055 eligentium

2030 1070 2426 1124 commovebit.
2455 1070 2748 1133 Quomodo
2774 1070 2929 1125 enim
2962 1088 3169 1142 sequar
3197 1072 3524 1141 eligentem,
3557 1091 3589 1128 a
3612 1092 3726 1145 quo

2031 1158 2077 1211 si
2106 1174 2359 1228 quaeram
2395 1159 2531 1229 quid
2562 1160 2757 1229 eligat,
2787 1160 3175 1230 respondebit,
3208 1162 3408 1216 Nihil?
3451 1164 3594 1216 Nam
3627 1164 3726 1233 qui

2030 1246 2189 1315 eligit
2211 1263 2328 1300 non
2358 1263 2497 1313 esse,
2526 1248 2778 1317 profecto
2812 1264 2868 1300 se
2913 1248 3057 1301 nihil
3101 1248 3335 1319 eligere,
3368 1249 3591 1304 etiamsi
3618 1252 3726 1305 hoc

2029 1336 2170 1389 nolit
2198 1336 2561 1405 respondere,
2603 1335 2977 1389 convincitur.

2098 1428 2186 1478 23.
2221 1427 2637 1479 Verumtamem
2674 1429 2736 1477 ut
2766 1426 2834 1479 de
2864 1426 2972 1479 hac
3007 1430 3124 1479 tota
3172 1443 3255 1493 re,
3291 1427 3337 1480 si
3376 1432 3597 1498 potero,
3632 1430 3719 1483 di-

2027 1529 2150 1567 cam
2181 1514 2333 1584 quod
2365 1513 2584 1567 sentio:
2631 1529 2801 1567 nemo
2848 1514 2992 1566 mihi
3031 1514 3258 1568 videtur
3286 1531 3415 1569 cum
3467 1517 3718 1587 seipsum

2025 1609 2209 1670 necat,
2239 1609 2337 1657 aut
2366 1604 2620 1674 quolibet
2648 1604 2819 1657 modo
2842 1603 3213 1675 emoricupit,
3235 1605 3446 1659 habere
3472 1606 3532 1659 in
3554 1623 3720 1661 sensu

2026 1693 2181 1763 quod
2207 1697 2333 1763 post
2371 1697 2613 1746 mortem
2644 1708 2763 1745 non
2792 1692 2864 1745 sit
2890 1692 3116 1747 futurus
3146 1712 3158 1760 ;
3195 1694 3423 1747 tametsi
3456 1695 3719 1765 aliquan-

2024 1784 2146 1833 tum
2177 1781 2285 1834 hoc
2313 1780 2370 1833 in
2404 1781 2670 1851 opinione
2701 1781 2925 1834 habeat.
2944 1782 3082 1834 Nam
3098 1782 3289 1851 opinio
3319 1783 3490 1835 autin
3504 1800 3719 1851 errore,

2028 1874 2126 1922 aut
2153 1868 2213 1921 in
2239 1868 2475 1923 veritate
2496 1868 2889 1923 ratiocinantis
2919 1874 3022 1937 est,
3055 1870 3139 1922 vel
3172 1870 3482 1925 credentis:
3517 1888 3715 1925 sensus

2028 1961 2216 2011 autem
2229 1962 2327 2011 aut
2349 1957 2896 2022 consuetudine,aut
2914 1961 3117 2011 natura
3139 1959 3305 2011 valet.
3339 1960 3505 2011 Posse
3523 1965 3715 2014 autem

2024 2045 2148 2099 ﬁeri
2178 2050 2239 2099 ut
2258 2046 2410 2099 aliud
2442 2046 2513 2098 sit
2542 2045 2600 2097 in
2622 2044 2915 2114 opinione,
2948 2044 3102 2098 aliud
3123 2044 3183 2097 in
3203 2061 3391 2109 sensu,
3412 2048 3499 2099 vel
3522 2063 3586 2101 ex
3611 2048 3719 2101 hoc

2024 2150 2363 2203 cognoscere
2385 2134 2547 2187 facile
2577 2139 2679 2199 est,
2710 2134 2861 2203 quod
2874 2133 3213 2203 plerumque
3231 2134 3383 2187 aliud
3397 2134 3719 2190 faciendum

2026 2237 2146 2276 esse
2175 2221 2479 2289 credimus,
2515 2224 2570 2275 et
2598 2220 2751 2273 aliud
2784 2220 2965 2273 facere
3000 2220 3256 2276 delectat.
3304 2222 3368 2274 Et
3406 2222 3715 2292 aliquando

2023 2310 2277 2364 veracior
2307 2314 2393 2364 est
2425 2326 2622 2363 sensus
2644 2325 2817 2379 quam
2844 2309 3060 2378 opinio,
3094 2308 3141 2361 si
3170 2309 3267 2362 illa
3290 2310 3358 2363 de
3376 2326 3589 2377 errore,
3622 2312 3716 2365 ille

2024 2399 2093 2453 de
2123 2404 2327 2452 natura
2357 2404 2471 2453 est:
2503 2399 2660 2452 velut
2678 2414 2807 2451 cum
2826 2413 2976 2467 {eger
2997 2399 3335 2468 plerumque
3351 2399 3718 2469 aquafrigida

2023 2488 2454 2542 conducibiliter
2483 2488 2794 2542 delectatur
2824 2485 2864 2553 ‘,
2894 2502 3067 2557 quam
3097 2490 3291 2540 tamen
3320 2487 3518 2553 credit,
3552 2488 3595 2541 si
3628 2488 3713 2542 bi-

2022 2576 2187 2642 berit,
2205 2594 2324 2631 esse
2351 2576 2687 2630 nocituram.
2704 2575 3028 2646 Aliquando
3043 2575 3295 2628 veracior
3320 2576 3515 2645 opinio
3541 2593 3713 2647 quam

2022 2682 2240 2730 sensus,
2270 2666 2317 2717 si
2345 2664 2524 2718 credit
2554 2664 2658 2717 arti
2690 2664 3009 2729 medicinae,
3043 2664 3237 2717 obesse
3266 2664 3555 2733 frigidam,
3583 2682 3714 2719 cum

2020 2767 2215 2805 revera
2243 2752 2443 2817 oberit,
2497 2756 2551 2805 et
2592 2756 2785 2805 tamen
2833 2751 3029 2805 bibere
3080 2752 3346 2805 delectet:
3407 2753 3715 2823 aliquando

2019 2842 2327 2910 utrumque
2358 2840 2416 2892 in
2446 2840 2681 2893 veritate
2712 2844 2816 2905 est,
2848 2855 2978 2892 cum
3010 2838 3068 2891 id
3108 2840 3263 2908 quod
3292 2840 3543 2908 prodest,
3596 2857 3714 2895 non

2020 2928 2205 2980 solum
2236 2928 2317 2981 ita
2345 2928 2616 2993 creditur,
2650 2927 2747 2980 sed
2775 2927 2944 2980 etiam
2966 2926 3105 2980 libet
3130 2943 3143 2993 ;
3167 2927 3473 2997 aliquando
3500 2934 3713 2982 utrum-

2019 3031 2132 3085 que
2162 3016 2221 3069 in
2252 3033 2464 3086 errore,
2495 3033 2621 3071 cum
2655 3016 2708 3070 id
2740 3016 2891 3086 quod
2921 3019 3110 3084 nocet,
3142 3020 3200 3069 et
3233 3016 3502 3086 prodesse
3531 3018 3715 3072 credi-

2015 3110 2129 3175 tur,
2162 3113 2217 3161 et
2247 3108 2423 3163 libere
2454 3126 2570 3163 non
2600 3108 2826 3163 desinit.
2859 3108 3011 3163 Solet
3042 3112 3232 3162 autem
3256 3113 3311 3163 et
3336 3116 3488 3163 recta
3518 3110 3714 3181 opinio

2014 3213 2250 3267 pravam
2280 3198 2564 3269 corrigere
2594 3197 3087 3265 consuetudinem,
3121 3202 3175 3252 et
3203 3215 3379 3268 prava
3408 3199 3604 3269 opinio
3632 3215 3713 3254 re-

2016 3291 2161 3339 ctam
2197 3286 2507 3356 depravarc
2537 3292 2833 3341 naturam:
2884 3291 3042 3340 tanta
3084 3287 3165 3340 vis
3198 3292 3282 3340 est
3324 3287 3383 3340 in
3414 3288 3710 3342 dominatu

2016 3380 2071 3428 et
2100 3376 2419 3446 principatu
2478 3376 2733 3430 rationis.
2793 3377 2935 3431 Cum
2993 3392 3128 3446 ergo
3178 3376 3421 3446 quisque
3476 3377 3712 3431 credens

2017 3466 2164 3536 quod
2191 3470 2321 3536 post
2349 3468 2593 3519 mortem
2617 3481 2731 3517 non
2756 3463 3349 3529 crit,intolerabilibus
3373 3467 3564 3515 tamen
3586 3480 3715 3517 mo-

2013 3553 2191 3607 lestiis
2222 3554 2291 3607 ad
2316 3557 2493 3607 totam
2519 3553 2889 3624 cupiditatem
2918 3552 3119 3605 mortis
3152 3552 3485 3621 impellitur,
3520 3556 3575 3604 et
3614 3553 3712 3606 de-

2013 3642 2195 3695 cernit
2228 3646 2395 3711 atque
2421 3642 2622 3711 arripit
2652 3645 2895 3694 mortem
2920 3658 2932 3707 ;
2960 3640 3019 3692 in
3052 3640 3324 3710 Opinione
3355 3641 3526 3694 habet
3551 3657 3709 3695 erro-

2012 3747 2136 3783 rem
2163 3730 2510 3784 omnimoda}
2539 3729 2890 3791 defectionis,
2925 3728 2984 3781 in
3018 3745 3185 3781 sensu
3218 3733 3411 3783 autem
3449 3732 3710 3784 naturale

2015 3820 2360 3873 desiderium
2385 3818 2611 3889 quietis.
2646 3818 2807 3881 Quod
2838 3822 3031 3871 autem
3063 3817 3319 3887 quietum
3346 3821 3449 3883 est,
3484 3833 3596 3871 non
3627 3822 3711 3871 est

2011 3909 2191 3973 nihil;
2224 3908 2338 3961 imo
2370 3908 2541 3962 etiam
2566 3907 2749 3977 magis
2780 3912 2864 3961 est
2887 3923 3059 3976 quam
3092 3906 3147 3960 id
3181 3906 3335 3977 quod
3381 3906 3709 3977 inquietum

2011 4002 2120 4052 est.
2154 3996 2493 4067 Inquietudo
2524 3996 2679 4049 enim
2722 3985 2908 4049 variat
2946 3995 3289 4061 affectiones,
3332 3999 3394 4048 ut
3418 3996 3597 4049 altera
3627 3997 3711 4049 al-

2010 4090 2190 4140 teram
2202 4087 2477 4156 perimat:
2503 4086 2664 4156 quies
2689 4090 2879 4137 autem
2892 4084 3065 4137 habet
3088 4084 3490 4149 constantiam,
3514 4084 3571 4138 in
3594 4100 3709 4154 qua

2008 4174 2257 4229 maxime
2290 4173 2630 4243 intelligitur
2669 4173 2822 4243 quod
2854 4172 3082 4240 dicitur,
3115 4176 3196 4224 est
3222 4170 3261 4225 ³.
3295 4172 3491 4225 Omnis
3514 4173 3707 4243 itaque

2008 4264 2102 4317 lile
2133 4262 2417 4334 appetitus
2448 4262 2507 4315 in
2534 4262 2824 4315 voluntate
2854 4262 3075 4324 mortis,
3109 4276 3222 4313 non
3252 4266 3316 4313 ut
3342 4260 3440 4330 qui
3460 4261 3708 4314 moritur

2008 4368 2123 4406 non
2155 4353 2246 4418 sit,
2287 4352 2383 4405 sed
2408 4355 2471 4405 ut
2498 4350 2815 4421 requiescat
2838 4350 3169 4404 intenditur.
3217 4350 3302 4402 Ita
3348 4364 3479 4401 cum
3511 4365 3705 4404 errore

2007 4442 2201 4495 credat
2229 4457 2345 4494 non
2376 4455 2432 4494 se
2458 4440 2737 4505 futurum,
2760 4444 2964 4493 natura
2982 4443 3171 4492 tamen
3195 4436 3423 4507 quietus
3446 4438 3706 4503 esse,hoc

2008 4535 2091 4585 est
2120 4531 2301 4601 magis
2322 4546 2443 4583 esse
2461 4528 2763 4595 desiderat,
2786 4530 3165 4598 Quapropter,
3188 4526 3334 4579 sicut
3351 4528 3509 4581 nullo
3537 4532 3702 4597 pacto

2005 4619 2129 4673 fieri
2156 4623 2347 4689 potest
2376 4622 2435 4672 ut
2463 4634 2580 4672 non
2599 4634 2716 4672 esse
2746 4618 2997 4686 aliquem
3029 4615 3235 4681 libeat;
3257 4615 3339 4669 ita
3364 4616 3523 4670 nullo
3536 4620 3701 4686 pacto

2004 4705 2129 4760 ﬁeri
2159 4710 2382 4777 oportet
2409 4711 2474 4761 ut
2495 4723 2563 4760 ex
2592 4722 2657 4760 eo
2688 4705 2840 4776 quod
2868 4710 2953 4759 est
2973 4704 3235 4776 quisque,
3264 4705 3505 4759 bonitati
3530 4706 3703 4760 Crea-

2005 4796 2145 4849 toris
2175 4795 2435 4866 ingratus
2462 4794 2552 4848 sit.

2004 4902 2227 4957 CAPUT
2248 4903 2335 4956 IX.
2359 4932 2427 4941 —
2447 4903 2787 4955 Peccantium
2817 4901 3126 4955 animarum
3151 4902 3373 4956 miseria
3399 4904 3609 4969 confert
3626 4902 3701 4956 ad

2502 4991 2887 5059 perfectionem
2918 4992 3178 5045 universi.

2071 5083 2159 5133 24.
2192 5078 2250 5134 Si
2280 5078 2516 5133 dixerit:
2552 5079 2675 5132 Non
2704 5082 2824 5132 erat
2844 5084 3040 5133 tamen
3069 5079 3301 5135 difficile
3316 5083 3415 5133 aut
3446 5076 3695 5135 laborio—

2002 5184 2125 5221 sum
2168 5166 2548 5238 omnipotenti
2579 5168 2714 5233 Deo,
2746 5170 2809 5220 ut
2838 5168 3032 5222 omnia
3062 5184 3440 5239 quaecumque
3464 5167 3595 5221 fecit
3617 5166 3696 5221 sic

2069 5294 2083 5326 ¹
2114 5293 2218 5350 Er.,
2244 5291 2396 5357 uelut
2420 5304 2536 5357 cum
2564 5304 2699 5355 wger
2719 5291 3029 5357 plerumque
3051 5306 3195 5357 aqua
3220 5290 3420 5355 frigida
3450 5304 3573 5341 cum
3593 5303 3697 5342 non

2072 5307 2083 5326 ι
2116 5307 2218 5350 an,
2244 5307 2396 5363 vetat
2420 5307 2536 5342 cum
2564 5307 2699 5355 {eger
2719 5307 2960 5403 plerum?

2000 5354 2157 5410 obest,
2183 5354 2420 5404 (lutetter
2443 5354 2766 5403 delectatur.
2896 5357 2925 5404 ll
2953 5394 2963 5404 .

2062 5418 2082 5450 2
2112 5417 2195 5463 Er.
2227 5417 2447 5480 etHLov.,
2478 5416 2797 5477 intelligitur
2821 5430 2927 5467 esse
2951 5416 3084 5480 quod
3118 5416 3313 5465 dictum
3343 5419 3439 5465 est.
3462 5416 3527 5465 At
3552 5416 3698 5464 abest

2002 5491 2105 5526 esse
2131 5480 2203 5541 ab
2232 5479 2461 5527 editione
2486 5480 2607 5527 Bad.
2635 5484 2686 5528 et
2713 5494 2743 5527 a
2768 5481 2909 5538 Mss.,
2932 5479 2971 5528 e7
2989 5480 3178 5541 quibus
3222 5482 3398 5526 tamen
3419 5479 3571 5541 pauci
3602 5492 3695 5540 pro

1999 5540 2144 5651 qudodL
2162 5541 2363 5591 dictum
2381 5546 2471 5599 est,
2494 5540 2703 5599 habent,
2720 5541 2863 5605 quod
2878 5540 3095 5597 dicitur,
3125 5540 3232 5601 est;
3254 5554 3371 5603 quae
3397 5540 3522 5590 vera
3542 5541 3695 5590 lectio

2001 5617 2052 5650 v1
2094 5616 2120 5651 e
2147 5616 2225 5651 ur.

2001 5616 2225 5651 vmetur.
