4036 6182
429 302 565 355 i283
1307 331 1334 343 ..

423 420 704 477 haberent
732 418 992 475 ordinem
1021 433 1210 483 suum,
1259 417 1321 469 ut
1355 414 1513 468 nulla
1550 415 1809 466 creatura
1838 426 2016 481 usque
2050 409 2121 464 ad

422 508 715 562 miseriam
744 505 1104 577 perveniret;
1145 519 1261 558 non
1291 501 1444 555 enim
1490 499 1596 553 hoc
1625 503 1724 553 aut
1753 498 2116 568 omnipotens

420 612 533 650 non
563 594 770 666 potuit,
801 599 902 649 aut
928 594 1113 648 bonus
1163 589 1383 644 invidit.
1419 587 1816 658 Respondebo,
1853 585 2115 639 ordinem

421 688 812 738 creaturarum
842 699 874 736 a
922 696 1146 736 summa
1175 693 1369 749 usque
1422 677 1494 731 ad
1533 676 1792 730 infimam
1847 673 2117 745 gradibus

415 771 582 842 justis
602 772 682 825 ita
704 771 1026 835 decurrere,
1049 767 1218 822 utille
1239 764 1490 820 invideat
1509 763 1608 836 qui
1625 763 1848 827 dixerit,
1875 765 1985 816 Ista
2003 779 2114 816 non

419 865 600 926 esset;
634 858 886 913 invideat
914 857 1086 911 etiam
1116 855 1211 910 ille
1242 853 1343 925 qui
1373 853 1600 921 dixerit,
1633 854 1742 907 Ista
1773 851 1901 905 talis
1947 857 2153 906 esset.‘

414 949 471 1004 Si
495 948 648 1003 enim
679 948 852 1000 talem
883 947 1003 1000 vult
1030 961 1151 999 esse
1196 943 1380 1015 qualis
1427 946 1511 996 est
1556 939 1839 1011 superior,
1867 939 1988 1010 jam
2019 939 2118 993 illa

417 1041 522 1104 est,
553 1040 611 1090 et
637 1039 795 1089 tanta
824 1039 909 1089 est
926 1038 988 1088 ut
1006 1032 1175 1104 adjici
1195 1033 1250 1086 ei
1278 1047 1395 1086 non
1422 1033 1705 1102 Oporteat,
1722 1028 2118 1100 quiaperfecta

415 1130 519 1179 est.
557 1123 818 1194 Quiergo
839 1122 996 1190 dicit,
1030 1121 1332 1176 Etiamista
1362 1119 1491 1174 talis
1519 1122 1684 1183 esset,
1721 1121 1819 1172 aut
1847 1117 2116 1188 perfectas

415 1211 700 1284 superiori
723 1212 844 1266 vult
861 1211 1090 1275 addere,
1111 1214 1166 1264 et
1187 1209 1296 1262 erit
1320 1207 1733 1262 immoderatus
1763 1210 1820 1260 et
1847 1206 1926 1276 inj
1937 1210 2117 1272 ustus;

417 1306 517 1356 aut
546 1301 714 1354 istam
743 1300 864 1354 vult
888 1297 1237 1361 interimere,
1264 1301 1321 1350 et
1349 1296 1460 1350 erit
1479 1296 1662 1349 malus
1679 1299 1850 1365 atque
1868 1294 2114 1349 invidus.

413 1390 521 1455 Qui
551 1393 743 1443 autem
794 1386 1024 1447 dixerit,
1080 1387 1188 1440 Ista
1229 1401 1347 1438 non
1387 1389 1552 1447 esset,
1603 1383 1978 1437 nihilominus
2011 1384 2119 1438 erit

418 1479 602 1532 malus
629 1481 799 1547 atque
828 1474 1074 1536 invidus,
1111 1488 1240 1526 cum
1267 1487 1395 1525 eam
1427 1486 1539 1524 non
1558 1471 1679 1524 vult
1711 1485 1854 1535 esse,
1885 1485 1999 1539 qua
2022 1467 2113 1520 in-

417 1565 682 1620 feriorem
712 1564 960 1617 -laudare
992 1561 1175 1616 adhuc
1203 1560 1442 1630 cogitur.
1486 1559 1649 1612 Velut
1688 1557 1734 1611 si
1775 1557 1943 1623 dicat,
1992 1558 2116 1610 Non

421 1658 566 1708 esset
597 1654 752 1717 luna,
794 1667 925 1704 cum
947 1650 1119 1704 etiam
1151 1649 1399 1702 lucernae
1430 1647 1746 1700 claritatem
1771 1647 1944 1715 longe
1971 1645 2115 1698 infe-

420 1742 650 1805 riorem,
686 1741 744 1794 in
776 1756 877 1794 suo
911 1744 1100 1792 tamen
1131 1751 1340 1808 genere
1364 1735 1684 1805 pulchram,
1707 1733 2019 1788 etterrenis
2044 1738 2117 1787 te-

416 1829 608 1884 nebris
637 1832 783 1882 esset
811 1829 1076 1882 decoram
1104 1827 1122 1862 ί
1155 1830 1328 1895 atque
1357 1827 1547 1894 aptam
1571 1822 1867 1877 nocturnis
1899 1822 2113 1888 usibus,

418 1922 589 1988 atque
619 1917 679 1970 in
708 1916 793 1970 his
815 1915 1084 1971 omnibus
1113 1930 1218 1984 pro
1244 1930 1344 1967 suo
1377 1913 1608 1967 modulo
1634 1913 1831 1982 utique
1863 1911 2115 1965 laudabi-

419 2007 532 2061 lem
546 2011 646 2059 aut
664 2006 928 2073 fateatur,
948 2008 1046 2058 aut
1071 2002 1404 2057 stultissime
1432 2002 1520 2055 vel
1546 2000 1898 2055 contentiosa
1921 2004 2109 2069 neget.

418 2094 713 2160 Quomodo
744 2109 880 2164 ergo
903 2096 1054 2146 recte
1081 2091 1266 2145 dicere
1296 2089 1547 2154 audebit,
1579 2090 1735 2142 Luna
1757 2104 1874 2142 non
1889 2093 2035 2142 esset
2055 2088 2114 2140 in

417 2184 608 2250 rebus,
640 2182 739 2254 qui
769 2182 816 2236 si
846 2181 1075 2245 diceret,
1110 2181 1362 2233 Lucerna
1391 2194 1508 2231 non
1537 2182 1700 2244 esset,
1734 2177 2114 2232 deridendum

417 2289 476 2326 se
509 2288 628 2326 esse
658 2269 937 2325 sentiret?
953 2268 1111 2332 Quod
1139 2267 1185 2320 si
1200 2283 1318 2320 non
1346 2265 1499 2329 dicit,
1522 2265 1677 2319 Luna
1696 2281 1816 2320 non
1831 2270 1995 2328 esset,
2015 2265 2114 2319 sed

419 2361 648 2431 qualem
679 2360 853 2413 solem
885 2357 1055 2423 videt,
1087 2355 1261 2410 talem
1294 2354 1428 2408 dicit
1457 2354 1654 2408 lunam
1675 2369 1796 2407 esse
1824 2353 2110 2420 debuisse,

418 2463 536 2501 non
565 2444 840 2515 intelligit
867 2443 1013 2498 nihil
1043 2442 1199 2497 aliud
1245 2459 1303 2495 se
1335 2441 1522 2496 dicere
1570 2457 1765 2512 quam,
1799 2443 1921 2495 Non
1967 2447 2114 2497 esset

417 2537 575 2601 luna,
608 2534 707 2588 sed
752 2536 941 2586 essent
986 2531 1134 2586 soles
1169 2531 1302 2585 duo.
1357 2531 1420 2584 In
1467 2545 1581 2600 quo
1612 2529 1913 2600 dupliciter
1939 2536 2110 2592 errat,

418 2624 572 2695 quod
603 2638 796 2676 rerum
821 2620 1165 2691 perfectioni
1202 2623 1260 2674 et
1287 2618 1497 2672 addere
1528 2617 1746 2689 aliquid
1776 2618 1948 2690 cupit,
1982 2634 2112 2674 cum

417 2712 699 2768 desiderat
717 2712 960 2765 alterum
989 2709 1163 2763 solem
1189 2725 1203 2774 ;
1227 2712 1283 2762 et
1302 2706 1586 2773 minuere,
1618 2723 1748 2762 cum
1779 2708 1975 2762 lunam
1993 2708 2114 2762 vult

416 2800 660 2856 detrahi.

483 2893 572 2945 25.
608 2888 707 2943 Hic
734 2887 970 2942 fortasse
1029 2885 1197 2955 dicat,
1227 2885 1358 2940 ideo
1412 2884 1556 2938 nihil
1610 2901 1668 2939 se
1707 2884 1776 2939 de
1819 2885 1956 2940 luna
1983 2901 2113 2940 con-

414 2977 601 3051 queri,
634 2977 770 3049 quia
796 2976 1064 3046 splendor
1092 2975 1215 3045 ejus
1237 2973 1314 3028 ita
1352 2973 1544 3028 minor
1572 2977 1676 3040 est,
1707 2979 1772 3028 ut
1797 2974 1969 3029 miser
1997 2991 2112 3029 non

413 3069 523 3134 sit;
554 3067 622 3121 de
653 3064 977 3120 animarum
1007 3067 1196 3118 autem
1225 3079 1340 3117 non
1365 3061 1721 3129 obscuritate,
1757 3063 1857 3118 sed
1886 3063 2116 3118 miseria

413 3171 473 3209 se
504 3155 716 3208 dolere.
770 3152 978 3206 Sedulo
1032 3151 1260 3220 cogitet,
1303 3149 1383 3203 ita
1412 3150 1565 3204 lunae
1607 3151 1968 3221 splendorem
1995 3168 2114 3206 non

409 3258 532 3297 esse
561 3242 856 3304 miserum,
890 3244 1068 3293 utnec
1088 3237 1358 3309 splendor
1391 3238 1525 3292 solis
1555 3239 1628 3292 sit
1658 3240 1876 3294 beatus.
1898 3240 2108 3304 Quam-

412 3331 496 3385 vis
526 3330 680 3384 enim
709 3344 950 3398 corpora
977 3326 1228 3381 coelestia
1269 3325 1402 3392 sint,
1452 3342 1694 3396 corpora
1735 3331 1868 3381 sunt
1918 3332 2113 3383 tamen

413 3423 692 3490 quantum
722 3416 791 3470 ad
825 3417 1008 3470 lucem
1039 3415 1206 3468 istam
1235 3414 1502 3483 pertinet,
1523 3430 1652 3485 quae
1675 3431 1780 3486 per
1807 3431 2112 3486 corporeos

416 3506 616 3561 oculos
647 3503 848 3559 sentiri
872 3507 1077 3575 potest.
1108 3501 1275 3556 Nulla
1314 3506 1504 3556 autem
1542 3519 1800 3574 corpora,
1833 3509 2114 3574 quantum

411 3595 482 3649 ad
511 3611 633 3649 sese
663 3592 888 3658 attinet,
942 3593 1031 3646 vel
1083 3590 1250 3646 beata
1287 3594 1526 3662 possunt
1569 3607 1710 3659 esse,
1743 3593 1831 3646 vel
1861 3592 2112 3661 misera;

411 3698 742 3755 quanquam
784 3682 1087 3736 beatorum
1117 3683 1217 3733 aut
1251 3680 1595 3734 miserorum
1626 3697 1862 3750 corpora
1891 3682 2113 3752 possint

413 3788 557 3827 esse.
589 3772 697 3826 Sed
729 3772 800 3825 de
833 3769 945 3823 illis
974 3768 1293 3823 luminibus
1319 3768 1631 3822 similitudo
1654 3769 1911 3824 adhibita
1934 3769 1992 3824 id
2014 3770 2106 3824 do-

411 3864 519 3925 cet,
546 3864 612 3914 ut
638 3857 1123 3929 quemadmodum
1149 3872 1454 3926 corporum
1486 3857 1832 3912 differentias
1854 3862 2109 3912 contem-

407 3947 643 4017 plaudo,
677 3945 872 4000 videns
901 3945 1014 3998 alia
1042 3943 1304 4010 clariora,
1321 3944 1531 4014 injuste
1558 3945 1710 4014 petis
1734 3945 1947 4000 auferri
1979 3963 2108 4017 quae

411 4034 741 4091 obscuriora
760 4031 1142 4104 conspexeris,
1181 4037 1282 4086 aut
1322 4032 1656 4087 clarioribus
1675 4034 2110 4106 adaequari;sed

414 4126 485 4180 ad
515 4122 922 4195 perfectionem
955 4119 1338 4175 universitatis
1367 4122 1616 4176 referens
1650 4123 1862 4186 omnia,
1898 4129 2111 4196 quanto

410 4213 593 4283 magis
617 4211 874 4266 minusve
903 4209 1055 4264 inter
1084 4225 1142 4263 se
1171 4210 1323 4263 clara
1353 4213 1506 4276 sunt,
1522 4215 1684 4265 tanto
1715 4212 1899 4283 magis
1925 4213 2109 4267 cernis

413 4317 534 4357 esse
565 4300 760 4355 omnia
783 4316 797 4366 ;
825 4295 929 4354 nec
947 4298 1053 4353 tibi
1073 4297 1318 4352 occurrit
1340 4299 1590 4370 perfecta
1608 4300 1970 4370 universitas,
1999 4303 2110 4357 nisi

410 4389 511 4445 ubi
544 4389 764 4460 majora
783 4388 862 4442 sic
889 4390 1097 4459 praesto
1126 4391 1276 4442 sunt.
1307 4391 1370 4442 ut
1397 4387 1622 4443 minora
1641 4405 1759 4444 non
1784 4390 1974 4445 desint
1997 4407 2010 4445 :
2031 4393 2110 4446 sic

412 4476 585 4532 etiam
639 4475 985 4532 differentias
1033 4473 1355 4530 animarum
1403 4475 1636 4546 cogites,
1667 4477 1729 4532 in
1768 4478 1976 4549 quibus
2005 4480 2111 4534 hoc

411 4581 642 4637 quoque
673 4563 951 4628 invenies,
986 4569 1052 4618 ut
1077 4562 1372 4618 miseriam
1397 4579 1572 4634 quam
1600 4564 1776 4633 doles,
1808 4567 1876 4621 ad
1898 4567 1957 4622 id
1974 4584 2112 4639 quo-

415 4670 528 4726 que
557 4654 743 4707 valere
773 4668 1096 4722 cognoscas,
1127 4656 1193 4706 ut
1219 4651 1605 4706 universitatis
1635 4654 1970 4724 perfectioni
2005 4673 2111 4712 nec

414 4743 530 4797 illae
561 4741 748 4796 desint
774 4741 1002 4806 animae,
1032 4757 1160 4812 quae
1189 4739 1414 4794 misera:
1441 4740 1568 4794 fieri
1601 4740 1946 4810 debuerunt,
1975 4745 2110 4816 quia

411 4829 752 4904 peccatrices
791 4846 913 4884 esse
942 4829 1267 4884 voluerunt.
1299 4830 1658 4900 Tantumque
1685 4831 1842 4886 abest
1869 4837 1933 4887 ut
1961 4835 2110 4889 Deus

409 4921 552 4974 tales
579 4918 764 4972 facere
795 4933 910 4972 non
941 4915 1222 4983 debuerit,
1255 4915 1517 4972 utetiam
1547 4922 1780 4972 crateras
1823 4924 2109 4976 creaturas

411 5006 771 5063 laudabiliter
819 5005 1016 5060 fecerit
1052 5007 1223 5076 longe
1271 5005 1568 5061 inferiores
1614 5007 1821 5062 animis
1861 5009 2104 5067 miseris.

481 5097 570 5152 26.
604 5095 712 5150 Sed
731 5093 917 5149 adhuc
929 5093 1153 5148 videtur
1167 5094 1360 5148 minus
1381 5094 1707 5167 intelligens
1719 5097 1875 5168 quod
1893 5098 2132 5160 dictum.

413 5185 518 5253 est,
548 5182 760 5239 habere
792 5183 947 5255 quod
979 5181 1344 5237 contradicat.
1385 5183 1530 5238 Dicit
1565 5184 1750 5239 enim:
1793 5186 1848 5241 Si
1877 5187 2106 5243 univer-

413 5273 595 5328 sitatis
647 5271 1059 5343 perfectionem
1104 5272 1354 5342 complet
1384 5272 1554 5327 etiam
1607 5277 1802 5329 nostra
1851 5275 2102 5345 miseria,

413 5362 689 5417 defuisset
742 5359 959 5432 aliquid
1012 5359 1146 5414 huic
1193 5359 1543 5430 perfectioni,
1592 5361 1640 5416 si
1686 5362 1838 5418 beati
1880 5378 2106 5435 semper

475 5548 492 5582 ¹
523 5548 768 5611 Quinque
796 5547 942 5607 Mss.,
970 5545 1391 5600 accommodam.

1521 292 1615 346 DE
1655 288 1915 346 LIBERO
1956 286 2314 352 ARBITBIO,
2359 285 2413 340 S.
2454 283 2836 341 AUGUSTINI

3752 292 3845 343 1284

2229 425 2502 464 essemus.
2544 409 2919 478 Quapropter,
2963 405 3011 459 si
3057 405 3127 460 ad
3170 405 3460 460 miseriam
3500 407 3600 462 nisi
3625 413 3845 479 peccando

2230 513 2346 552 non
2388 495 2646 566 pervenit
2667 496 2877 560 anima,
2911 493 3083 547 etiam
3122 497 3352 564 peccata
3387 500 3572 548 nostra
3602 502 3877 554 necessaria‘

2231 592 2365 642 sunt
2404 585 2741 657 perfectioni
2792 584 3180 639 universitatis
3217 601 3389 655 quam
3439 585 3680 640 condidit
3726 589 3846 643 Deus.

2230 675 2527 740 Quomodo
2558 691 2692 745 ergo
2709 675 2859 744 juste
2887 677 3118 744 peccata
3142 673 3328 744 punit,
3363 689 3489 745 quae
3517 673 3560 727 si
3588 674 3848 744 defuissent,

2227 769 2486 818 creatura
2508 763 2629 834 ejus
2648 764 2818 834 plena
2839 767 2896 817 et
2923 762 3173 832 perfecta
3195 778 3311 816 non
3343 763 3535 817 esset?
3565 762 3654 817 Hic
3678 780 3850 835 respon-

2227 853 2414 921 detur,
2436 868 2551 906 non
2570 851 2695 922 ipsa
2716 855 2946 922 peccata
2966 851 3054 904 vel
3081 851 3264 922 ipsam
3285 850 3849 922 miseriam‘perfectioni

2225 939 2612 994 universitatis
2643 956 2762 994 esse
2809 938 3147 1004 necessaria,
3183 939 3281 994 sed
3308 939 3527 993 animas
3558 939 3612 992 in
3638 947 3847 1011 quantum

2225 1028 2433 1084 animae
2461 1033 2629 1096 sunt;
2671 1045 2801 1100 quae
2845 1029 2894 1082 si
2932 1027 3129 1094 velint,
3161 1031 3434 1098 peccant;
3473 1027 3520 1081 si
3548 1032 3848 1100 peccaverint,

2225 1119 2450 1173 misera:
2481 1118 2646 1172 ﬁunt.
2669 1117 2727 1172 Si
2747 1117 2902 1172 enim
2923 1117 3166 1190 peccatis
3190 1133 3388 1172 earum
3411 1117 3665 1172 detractis
3682 1119 3848 1174 miseria

2223 1211 2566 1278 perseverat,
2609 1210 2708 1260 aut
2751 1205 2924 1260 etiam
2968 1210 3199 1276 peccata
3234 1206 3521 1277 praecedit,
3563 1212 3697 1261 recte
3721 1208 3847 1262 defor-

2226 1295 2372 1350 mari
2401 1295 2608 1349 dicitur
2656 1295 2795 1349 ordo
2837 1298 3009 1366 atque
3052 1294 3473 1349 administratio
3516 1295 3844 1350 universitatis.

2229 1386 2462 1449 Rursus,
2499 1383 2544 1437 si
2575 1388 2802 1454 peccata
2823 1384 2984 1448 fiant,
3019 1388 3075 1438 et
3101 1383 3246 1437 desit
3272 1383 3522 1453 miseria,
3553 1383 3845 1438 nihilominus

2228 1472 2568 1527 dehonestat
2598 1471 2861 1526 ordinem
2905 1471 3196 1542 iniquitas.
3246 1472 3387 1526 Cum
3425 1475 3610 1525 autem
3638 1487 3734 1525 non
3764 1489 3845 1542 pec-

2224 1560 2483 1615 cantibus
2507 1561 2663 1616 adest
2685 1561 2997 1627 beatitudo,
3019 1560 3268 1631 perfecta
3293 1565 3377 1614 est
3405 1560 3730 1614 universitas.
3751 1562 3842 1616 Cum

2225 1665 2356 1702 vero
2403 1649 2770 1719 peccantibus
2799 1649 2957 1703 adest
2988 1647 3240 1717 miseria,
3272 1647 3640 1702 nihilominus
3666 1649 3843 1719 perfecta

2224 1741 2309 1792 est
2339 1737 2693 1792 universitas.
2729 1737 2891 1802 Quod
2930 1741 3120 1792 autem
3151 1737 3293 1808 ipsa:
3317 1754 3433 1792 non
3459 1737 3652 1791 desunt
3677 1737 3840 1800 anima,

2225 1843 2366 1898 quas
2393 1827 2480 1880 vel
2512 1832 2812 1898 peccantes
2835 1825 3098 1898 sequitur
3128 1826 3383 1893 miseria,
3415 1827 3501 1881 vel
3536 1831 3675 1881 recte
3699 1827 3844 1880 facien-

2223 1920 2308 1970 tes
2356 1916 2664 1981 beatitudo,
2717 1932 2942 1986 semper
2995 1915 3215 1969 naturis
3272 1916 3540 1968 omnibus
3585 1915 3841 1968 universitas

2222 2005 2394 2075 plena
2423 2008 2594 2074 atque
2622 2004 2870 2074 perfecta
2905 2009 3010 2058 est.
3041 2004 3166 2057 Non
3195 2003 3350 2056 enim
3380 2008 3664 2073 peccatum
3689 2008 3732 2056 et
3754 2020 3840 2072 sup-

2223 2092 2457 2163 plicium
2486 2092 2704 2161 peccati
2735 2097 2956 2146 natura:
2987 2096 3120 2145 sunt
3156 2091 3446 2162 quandam,
3479 2091 3569 2144 sed
3596 2090 3840 2143 affectiones

2224 2184 2580 2245 naturarum,
2602 2179 2700 2234 illa
2719 2179 3058 2242 voluntaria.
3078 2179 3185 2232 ista
3202 2179 3458 2250 poenalis.
3485 2179 3584 2232 Sed
3602 2177 3841 2232 voluntaria

2225 2284 2352 2338 quae
2382 2267 2443 2322 in
2473 2272 2702 2339 peccato
2733 2268 2818 2334 fit,
2861 2267 3046 2338 turpis
3077 2267 3298 2322 affectio
3329 2271 3435 2320 est.
3487 2265 3584 2320 Cui
3617 2272 3839 2337 propterea

2221 2359 2465 2428 poenalis
2482 2358 2804 2425 adhibetur,
2830 2361 2892 2411 ut
2913 2357 3139 2412 ordinet
3167 2374 3314 2424 eam,
3347 2357 3449 2411 ubi
3469 2357 3630 2412 talem
3650 2373 3746 2411 esse
3763 2373 3838 2410 non

2222 2450 2389 2517 turpe
2421 2447 2514 2515 sit,
2549 2451 2604 2501 et
2643 2447 2834 2501 decori
2873 2447 3260 2502 universitatis
3289 2464 3600 2519 congruere
3629 2458 3775 2517 cogat,
3803 2450 3840 2497 ut

2222 2535 2438 2606 peccati
2467 2535 2714 2590 dedecus
2743 2536 3011 2590 emendet
3040 2552 3209 2606 poena
3241 2536 3482 2606 peccati.

2295 2626 2386 2677 27.
2423 2622 2563 2677 Hinc
2610 2623 2676 2677 fit
2721 2628 2784 2677 ut
2821 2629 3062 2694 peccant
3095 2628 3356 2679 creatura
3396 2624 3660 2696 superior,
3687 2638 3836 2677 acrea-

2224 2711 2368 2764 turis
2390 2711 2756 2766 inferioribus
2774 2713 3072 2783 puniatur,
3099 2713 3235 2785 quia
3254 2714 3367 2767 illa:
3399 2718 3514 2768 tam
3539 2711 3834 2770 suutinfimzr,

2197 2803 2288 2862 ,ut
2318 2800 2511 2854 ornari
2545 2799 2720 2854 etiam
2753 2817 2782 2854 a
2825 2801 3092 2872 turpibus
3123 2801 3328 2855 animis
3368 2802 3601 2873 possint,
3635 2805 3769 2870 atque
3789 2798 3836 2849 ita

2225 2886 2413 2941 decori
2429 2887 2811 2942 universitatis
2831 2905 3166 2960 congruere.
3185 2889 3331 2954 Quid
3353 2889 3508 2944 enim
3522 2893 3626 2943 tam
3639 2899 3833 2956 magnum

2223 2975 2282 3028 in
2311 2975 2480 3030 domo
2527 2978 2610 3029 est
2658 2991 2829 3047 quam
2881 2977 3100 3031 homo?
3131 2981 3188 3031 et
3227 2977 3368 3048 quid
3408 2982 3524 3032 tam
3555 2977 3782 3047 abjectum
3803 2976 3834 3022 et

2223 3062 2488 3117 inﬁmum
2538 3079 2713 3134 quam
2751 3063 2942 3118 cloaca
2979 3064 3182 3119 domus
3207 3064 3234 3119 ‘?
3275 3066 3484 3120 Servus
3512 3071 3684 3120 tamen
3708 3062 3751 3115 iu
3774 3061 3833 3111 tali

2222 3153 2453 3221 peccato
2475 3150 2746 3220 detectus,
2768 3161 2830 3204 ut
2849 3151 3197 3206 mundandae
3223 3153 3435 3208 cloacae
3468 3153 3658 3224 dignus
3696 3147 3832 3202 habe;-

2223 3243 2337 3304 tur,
2366 3241 2529 3292 ornat
2558 3255 2683 3292 eam
2731 3239 2902 3294 etiam
2950 3239 3306 3310 turpitudine
3338 3258 3482 3308 sua;
3523 3243 3576 3294 et
3609 3242 3829 3303 utrumque

2223 3323 2449 3392 horum,
2497 3325 2553 3379 id
2602 3330 2687 3380 est
2729 3327 3024 3398 turpitudo
3049 3309 3234 3396 servi,
3277 3332 3333 3382 et
3370 3326 3651 3382 mundatio
3677 3324 3828 3382 cloaca,

2217 3411 2338 3482 jam
2365 3412 2737 3483 conjunctum
2758 3417 2814 3467 et
2842 3413 3131 3468 redactum
3157 3414 3217 3468 in
3247 3417 3558 3485 quamdam
3585 3413 3660 3467 sui
3682 3409 3829 3482 generis

2222 3500 2527 3568 unitatem,
2568 3501 2647 3555 ita
2694 3501 2982 3571 dispositm
3014 3503 3208 3556 domui
3245 3509 3542 3574 coaptatur
3575 3507 3721 3573 atque
3745 3495 3828 3549 sub-

2225 3587 2455 3659 texitur,
2483 3591 2549 3642 ut
2572 3589 2694 3659 ejus
2721 3589 3076 3644 universitati
3098 3590 3526 3645 ordinatissimo
3557 3591 3726 3645 decore
3744 3600 3826 3637 cono

2224 3676 2429 3731 veniat.
2470 3677 2578 3741 Qui
2619 3681 2814 3732 tamen
2857 3695 3050 3732 servus
3091 3678 3136 3732 si
3186 3695 3425 3750 peccare
3470 3679 3727 3742 noluisset,
3756 3685 3825 3725 non

2225 3765 2495 3820 defuisset
2553 3766 2883 3821 domesticae
2941 3767 3256 3837 disciplima
3313 3769 3429 3823 alia
3483 3767 3720 3840 provisio,
3759 3774 3827 3831 qua

2221 3854 2540 3909 necessaria
2558 3856 2994 3910 mundarentur.
3024 3855 3168 3920 Quid
3195 3855 3394 3928 itaque
3424 3862 3539 3912 tam
3564 3855 3772 3910 intimum
3793 3849 3825 3900 in

2221 3943 2390 3997 rebus
2419 3959 2593 4014 quam
2623 3960 2829 4015 corpus
2855 3961 3022 4000 omne
3049 3949 3342 4000 terrenum
3362 3948 3391 4002 ‘I
3416 3949 3565 4001 Hanc
3591 3950 3745 3999 tamen
3761 3952 3826 3990 cor

2221 4030 2554 4102 ruptibilem
2601 4048 2828 4086 carnem
2875 4032 3048 4086 etiam
3088 4033 3371 4104 peccatrix
3405 4035 3590 4088 anima
3616 4032 3680 4085 sic
3704 4029 3823 4082 ornat

2224 4123 2286 4173 ut
2305 4118 2354 4173 ei
2377 4119 2624 4188 speciem
2645 4120 3105 4174 decentissimam
3123 4121 3399 4191 praebeat,
3424 4126 3723 4191 motumque
3736 4114 3824 4167 vita.

2221 4208 2354 4262 lem.
2387 4208 2740 4263 Habitationi
2771 4225 2906 4280 ergo
2927 4208 3140 4262 caelesti
3167 4209 3297 4263 talis
3311 4211 3504 4264 anima
3521 4225 3628 4264 non
3645 4199 3825 4273 congnlil

2218 4312 2324 4366 per
2342 4301 2658 4368 peccatum,
2679 4297 2930 4352 terrestri
2944 4301 3134 4352 autem
3155 4300 3419 4370 congruit
3434 4316 3534 4371 per
3544 4283 3823 4369 supplicium:

2219 4389 2285 4440 ut
2315 4385 2611 4456 quodlibet
2640 4385 2897 4456 elegerit,
2945 4402 3168 4458 semper
3199 4387 3272 4441 sit
3312 4388 3553 4458 pulchra
3577 4378 3825 4439 universitu

2222 4473 2636 4529 decentissimis
2679 4475 2938 4546 partibus
2974 4475 3258 4544 ordinata,
3322 4477 3486 4547 cujus
3527 4478 3608 4529 est
3644 4466 3825 4526 conditor

2220 4571 2279 4623 et
2325 4566 2754 4622 administrator
2784 4569 2950 4623 Deus.
2988 4569 3247 4640 Namque
3286 4569 3519 4640 Optimae
3548 4565 3722 4621 animm
3743 4569 3823 4612 cum

2219 4654 2281 4710 in
2318 4654 2534 4710 infimis
2565 4656 2839 4711 creaturis
2881 4655 3158 4725 habitant,
3193 4674 3310 4712 non
3337 4674 3432 4712 eas
3456 4658 3645 4712 ornant
3670 4643 3825 4705 miseria

2221 4759 2342 4810 sua,
2370 4760 2544 4816 quam
2571 4761 2688 4798 non
2712 4744 2946 4812 habent,
2971 4745 3068 4800 sed
3091 4762 3196 4800 usu
3219 4762 3416 4800 earum
3442 4745 3607 4800 bono.
3632 4741 3681 4795 Si
3699 4742 3822 4792 autem

2218 4833 2560 4904 peccatrices
2591 4834 2799 4888 animas
2838 4833 3248 4905 permittantur
3276 4834 3535 4889 habitare
3564 4833 3618 4886 in
3642 4819 3822 4883 sublimio

2219 4921 2326 4976 bus
2350 4921 2509 4988 locis,
2546 4922 2918 4976 inhonestum
2947 4925 3065 4990 est;
3103 4923 3238 4993 quia
3271 4939 3385 4978 non
3411 4918 3722 4976 conveniunt
3741 4910 3822 4968 illis

2221 5011 2430 5082 quibus
2459 5026 2564 5066 nec
2593 5011 2738 5066 bene
2772 5010 2857 5065 uti
2902 5015 3166 5082 possunt,
3200 5028 3306 5066 nec
3349 5006 3653 5066 ornamenti
3678 4993 3821 5069 aliquid

2219 5099 2538 5154 conferunt.

2292 5191 2381 5244 28.
2415 5188 2546 5243 Ideo
2582 5204 2913 5260 quanquam
2969 5188 3123 5244 orbis
3157 5189 3264 5244 iste
3295 5193 3552 5243 terrenus
3575 5183 3715 5238 rebus
3745 5186 3822 5228 cor-

2219 5276 2594 5348 ruptibilibus
2641 5278 2947 5346 deputatus
2992 5277 3085 5348 sit,
3137 5281 3331 5333 tamen
3367 5291 3586 5332 servans
3621 5269 3822 5354 quantuli!

2219 5370 2409 5440 potest
2433 5365 2746 5437 imaginem
2767 5366 3152 5437 superiorum,
3177 5367 3430 5438 exempla
3450 5362 3601 5418 nobis
3617 5364 3664 5413 et
3680 5351 3823 5408 iudice1

2222 5441 2480 5525 quaedam
2523 5455 2914 5510 demonstrare
2957 5473 3075 5512 non
3110 5461 3308 5512 cessat.
3343 5454 3400 5510 Si
3427 5453 3574 5507 enim
3603 5439 3823 5503 bonumel

2225 5561 2502 5617 πιθειιαω
2542 5547 2795 5618 aliquem
2835 5547 3045 5616 virum,
3073 5548 3332 5604 hortante
3362 5539 3652 5600 honestatis
3675 5528 3820 5588 oflicio.
