4036 6182
200 272 331 324 1285

193 391 486 445 videamus
517 390 764 461 ignibus,
788 396 1069 461 quantum
1099 393 1171 447 ad
1214 408 1422 463 corpus
1480 394 1702 463 attinet,
1760 412 1895 450 con-

196 481 474 546 cremari;
505 496 618 533 non
655 481 760 534 hoc
812 497 1077 535 vocamus
1112 498 1341 552 poenam
1371 484 1606 553 peccati,
1637 485 1731 538 sed
1783 485 1896 539 for-

195 568 455 622 titudinis
484 573 539 622 et
589 568 883 639 patientia:
939 570 1369 636 documentum,
1422 588 1669 644 eumque
1718 574 1903 645 magis

198 658 510 727 diligimus,
527 674 657 711 cum
686 657 997 712 fcedissima
1019 658 1307 729 corruptio
1338 676 1611 729 corporea
1643 663 1903 715 membra

198 747 320 817 ejus
354 747 632 810 absumat,
671 762 844 816 quam
894 746 941 800 si
986 746 1132 800 nihil
1160 804 1163 807 ,
1193 747 1525 816 hujusmodi
1571 753 1902 818 pateretur;

200 835 480 889 miramur
506 834 717 905 quippe
750 834 926 887 animi
957 840 1220 888 naturam
1245 836 1622 891 mutabilitate
1654 836 1909 907 corporis

201 940 319 978 non
370 922 596 977 mutari.
652 924 724 976 At
752 939 886 976 vero
931 923 1310 977 crudelissimi
1361 924 1597 978 latronis
1654 926 1912 979 membra

205 1028 334 1067 cum
364 1012 465 1065 tali
496 1011 777 1082 supplicio
804 1011 1005 1065 conﬁci
1039 1012 1367 1082 aspicimus,
1402 1014 1784 1084 approbemus
1814 1030 1909 1068 or-

206 1102 399 1156 dinem
431 1102 645 1170 legum.
678 1100 895 1153 Ornant
925 1116 1063 1169 ergo
1098 1100 1266 1154 ambo
1324 1101 1421 1154 illa
1450 1107 1738 1156 tormenta
1767 1120 1779 1169 ;
1815 1103 1913 1157 sed

208 1184 305 1244 ille
334 1190 539 1243 merito
578 1188 824 1253 virtutis,
854 1189 958 1242 iste
992 1190 1226 1259 peccati.
1260 1193 1331 1242 At
1361 1189 1408 1243 si
1440 1191 1708 1260 postillos
1728 1190 1914 1262 ignes,

207 1281 292 1333 vel
319 1278 490 1332 etiam
524 1282 655 1331 ante
686 1276 834 1342 illos,
870 1276 1153 1346 optimum
1188 1277 1375 1330 virum
1408 1278 1573 1331 illum
1603 1284 1917 1332 commuta-

210 1372 329 1422 tum
356 1366 427 1419 ad
456 1364 890 1435 congruentiam
923 1364 1162 1419 caelestis
1194 1365 1563 1419 habitationis
1612 1367 1681 1420 ad
1729 1366 1917 1420 sidera

212 1456 529 1509 videremus
558 1452 757 1519 attolli,
795 1452 992 1523 utique
1042 1453 1385 1506 laetaremur.
1419 1453 1477 1508 Si
1518 1458 1708 1507 autem
1742 1454 1914 1507 scele-

215 1549 397 1597 ratum
426 1543 725 1606 latronem,
759 1540 872 1593 sive
899 1545 1028 1593 ante
1061 1540 1427 1610 supplicium,
1462 1540 1578 1594 sive
1619 1546 1754 1611 post
1788 1557 1918 1611 sup-

214 1632 609 1704 plicium,cum
631 1629 831 1682 eadem
858 1628 1075 1681 malitia
1096 1629 1403 1682 voluntatis
1427 1630 1495 1682 ad
1513 1630 1704 1683 sedem
1734 1631 1915 1683 hono-

214 1719 288 1772 ris
317 1715 915 1787 sempiternamlevari
941 1715 1260 1769 videremus
1291 1717 1350 1769 in
1374 1718 1604 1784 coelum,
1634 1718 1765 1789 quis
1796 1734 1917 1771 non

212 1805 636 1862 offenderetur?
692 1805 775 1858 Ita
826 1805 890 1858 tit
938 1806 1001 1858 ut
1056 1805 1353 1858 inferiores
1405 1811 1695 1860 creaturas
1750 1807 1917 1861 ambo

214 1913 415 1952 ornare
448 1894 759 1966 potuerint,
787 1894 1109 1963 superiores
1140 1898 1334 1947 autem
1374 1910 1521 1948 unus
1552 1893 1801 1948 illorum.
1842 1895 1918 1949 Ex

216 2000 329 2053 quo
363 1983 733 2036 admonemus
761 1980 1068 2044 advertere,
1102 1982 1515 2036 mortalitatem
1532 1983 1715 2036 carnis
1744 1982 1917 2052 hujus

217 2076 273 2125 et
301 2071 550 2141 primum
577 2068 873 2122 hominem
904 2084 1153 2136 ornasse,
1196 2076 1263 2123 ut
1292 2076 1523 2141 peccato
1555 2087 1724 2140 poena
1779 2086 1919 2124 con-

220 2165 471 2231 grueret,
503 2162 559 2211 et
587 2157 897 2211 Dominum
912 2162 1271 2227 nostrum,ut
1297 2176 1329 2212 a
1352 2164 1579 2230 peccato
1593 2159 1919 2214 misericor-

222 2249 314 2304 dia
344 2246 630 2302 liberaret.
664 2248 789 2299 Non
820 2252 1010 2299 autem
1041 2236 1187 2300 sicut
1235 2249 1423 2317 justus
1453 2248 1643 2318 potuit
1682 2248 1743 2301 in
1799 2248 1922 2318 ipsa

216 2337 439 2408 justitia
467 2351 811 2406 permanens
832 2351 1036 2405 corpus
1049 2336 1260 2390 habere
1277 2336 1519 2389 mortale
1543 2354 1556 2403 ;
1591 2336 1669 2389 ita
1690 2336 1921 2407 iniquus

220 2429 426 2495 potest,
447 2422 831 2493 duminiquus
861 2427 965 2488 est,
997 2422 1064 2475 ad
1088 2421 1581 2476 immortalitatem
1611 2422 1912 2493 peraenire

223 2516 571 2579 sanctorum,
586 2510 800 2563 scilicet
812 2509 1115 2563 sublimem
1131 2516 1187 2563 et
1209 2511 1556 2580 angelicam;
1582 2528 1697 2564 non
1723 2526 1921 2565 eorum

225 2602 585 2671 angelorum,
642 2599 710 2652 de
767 2598 973 2669 quibus
1025 2601 1328 2670 Apostolus
1377 2600 1477 2663 ait,
1530 2601 1761 2656 Nescitis
1793 2601 1924 2668 quia

225 2691 439 2757 angelos
481 2702 663 2742 sumus
695 2686 1003 2755 iudicaturi
1033 2687 1077 2755 (l
1112 2689 1232 2743 Cor.
1261 2706 1335 2753 v1,
1371 2689 1460 2756 3);
1494 2688 1589 2742 sed
1622 2703 1823 2741 eorum
1854 2688 1923 2741 de

226 2778 435 2849 quibus
484 2775 759 2829 Dominus
811 2774 912 2844 ait,
950 2778 1018 2828 Et
1052 2781 1209 2830 erunt
1270 2777 1501 2842 aequales
1560 2776 1784 2843 Angelis
1828 2778 1928 2829 Dei

226 2868 373 2935 (Luc.
407 2881 499 2933 xx,
524 2866 635 2934 36).
660 2863 769 2927 Qui
787 2863 941 2915 enim
973 2863 1360 2933 aequalitatem
1382 2863 1738 2932 Angelorum
1771 2862 1926 2916 desi-

225 2955 429 3007 derant
458 2959 687 3023 proptas
718 2951 947 3005 inanem
980 2950 1219 3019 gloriam
1238 2967 1417 3017 suam,
1436 2966 1552 3003 non
1578 2950 1705 3004 ideo
1726 2952 1929 3004 volunt

226 3044 474 3113 mquales
512 3056 633 3095 esse
657 3039 910 3111 Angelis,
944 3039 1041 3092 sed
1072 3041 1318 3109 Angelos
1346 3039 1471 3093 sibi.
1510 3041 1708 3110 Itaque
1741 3039 1801 3093 in
1828 3040 1927 3093 tali

227 3133 513 3185 voluntate
541 3133 987 3200 perseverantes,
1040 3129 1424 3198 requabuntur
1456 3128 1740 3198 supplicio
1784 3144 1929 3198 prte-

228 3218 633 3274 varicatoribus
664 3217 900 3288 angelis,
948 3221 1288 3287 potestatem
1322 3232 1484 3270 suam
1514 3217 1703 3287 potius
1754 3233 1929 3288 quam

230 3310 331 3365 Dei
361 3308 766 3379 omnipotentis
818 3305 1211 3377 diligentibus.
1242 3306 1471 3359 Talibus
1519 3306 1655 3360 enin
1688 3307 1760 3359 ad
1792 3306 1929 3359 sini-

228 3404 404 3452 stram
444 3395 781 3461 constitutis,
838 3396 974 3465 quia
1030 3411 1143 3449 non
1200 3393 1553 3465 quzesierunt
1592 3396 1772 3449 Deum
1829 3412 1933 3466 per

227 3486 568 3542 humilitatis
590 3485 844 3555 jannam,
880 3499 1056 3553 quam
1086 3482 1145 3536 in
1198 3484 1384 3552 seipse
1450 3483 1722 3537 Dominus
1769 3485 1932 3538 Jesus

228 3576 484 3632 Christus
541 3571 806 3637 ostendit,
868 3575 923 3624 et
974 3570 1510 3624 immisericorditer
1574 3572 1933 3643 superbeque

225 3665 512 3728 vixerunt,
544 3661 783 3729 dicetur,
814 3662 895 3714 Ite
917 3663 974 3713 in
998 3662 1175 3727 ignem
1199 3663 1479 3728 aeternum,
1530 3662 1627 3727 qui
1653 3676 1935 3729 praepara-

229 3760 316 3808 tus
347 3751 654 3808 estdiabolo
674 3755 726 3805 et
746 3750 954 3816 angelis
977 3749 1095 3817 ejus
1125 3750 1338 3816 (Matth.
1373 3764 1503 3814 xxx,
1535 3748 1648 3819 41).

229 3842 457 3897 CAPUT
483 3841 545 3894 Χ.
570 3867 639 3879 -
669 3838 781 3904 Quo
817 3836 945 3906 jure
989 3836 1238 3890 diabolus
1294 3836 1595 3905 possederit
1647 3837 1933 3901 hominem,

602 3932 653 3981 et
683 3941 785 3994 quo
808 3926 935 3995 jure
960 3928 1100 3979 Deus
1130 3927 1268 3978 hunc
1298 3925 1567 3981 liberarii.

302 4021 391 4074 29.
426 4018 567 4072 Cum
598 4015 752 4069 enim
786 4015 916 4069 duae
956 4014 1073 4067 sint
1126 4012 1378 4083 origines
1404 4019 1791 4083 peccatorum,
1825 4031 1939 4069 una

234 4110 547 4177 spontanea
575 4102 934 4173 cogitatione,
991 4101 1100 4154 alia
1128 4100 1500 4170 persuasione
1550 4101 1786 4154 alterius
1824 4117 1938 4172 quo

235 4194 525 4267 pertinere
577 4192 820 4246 arbitror
850 4190 1005 4261 quod
1064 4190 1348 4259 Propheta
1398 4189 1534 4242 dicit
1565 4206 1577 4243 :
1608 4190 1694 4244 Ab
1720 4192 1938 4244 occultis

236 4286 371 4340 meis
399 4282 602 4337 munda
629 4296 727 4334 me.
764 4281 1004 4337 Domine,
1042 4282 1090 4330 et
1130 4278 1197 4330 ab
1230 4278 1427 4333 alienis
1449 4292 1615 4345 parce
1666 4292 1815 4331 servo
1852 4282 1940 4331 tuo

238 4369 406 4436 (Psal.
440 4384 591 4434 xvm,
618 4370 701 4434 l3,
738 4369 855 4437 14):
889 4371 1200 4436 utrumque
1254 4364 1644 4419 voluntarium
1701 4370 1785 4419 est
1812 4365 1939 4435 qui-

236 4459 386 4513 dem.
404 4459 543 4512 Nam
566 4456 710 4512 sicut
732 4456 967 4527 propria
997 4455 1343 4525 cogitatione
1358 4470 1474 4508 non
1494 4459 1689 4525 peccat
1705 4454 1941 4524 invitus,

238 4548 321 4601 ita
357 4547 492 4602 dum
519 4545 805 4601 consentit
828 4545 979 4599 male
1010 4543 1291 4609 suadenti,
1323 4560 1439 4597 non
1466 4543 1667 4614 utique
1707 4543 1821 4597 nisi
1844 4560 1945 4597 vo-

240 4638 460 4691 luntate
491 4635 774 4689 consentit
805 4650 817 4687 :
848 4634 946 4687 sed
976 4637 1169 4687 tamen
1200 4632 1428 4704 gravius
1460 4636 1565 4697 est,
1606 4648 1721 4686 non
1757 4632 1944 4686 solum

242 4725 403 4779 nullo
425 4724 695 4778 suadente
727 4722 960 4793 propria
990 4721 1332 4792 cogitatione
1363 4736 1616 4791 peccare,
1650 4720 1744 4774 sed
1772 4720 1945 4774 etiam

243 4813 594 4883 peccandum
627 4812 792 4866 alteri
812 4828 915 4882 per
944 4811 1315 4864 invidentiam
1343 4811 1654 4881 dolumque
1685 4810 1943 4877 suadere,

246 4915 420 4970 quam
447 4899 518 4953 ad
547 4899 899 4969 peccandum
914 4897 1147 4951 alterius
1172 4898 1435 4952 suasione
1461 4897 1700 4951 traduci.
1719 4898 1947 4951 Servata

246 4992 331 5041 est
351 5004 486 5058 ergo
516 4988 577 5040 in
605 4993 849 5058 utroque
878 4992 1107 5057 peccato
1122 4986 1346 5056 justitia
1376 4985 1607 5039 Domini
1632 4984 1941 5056 punientis.

247 5079 392 5132 Nam
415 5075 632 5141 etﬁillud
664 5091 982 5146 appensum
1013 5079 1096 5128 est
1126 5073 1412 5144 aequitatis
1440 5073 1722 5140 examine,
1757 5078 1818 5128 ut
1844 5089 1949 5128 nec

246 5165 428 5236 ipsius
466 5163 680 5217 diaboli
738 5164 1004 5234 potestati
1054 5167 1361 5233 negaretur
1390 5163 1584 5229 homo,
1622 5178 1794 5233 quem
1841 5162 1947 5216 sibi

247 5254 397 5310 male
427 5252 714 5307 suadendo
747 5250 1082 5320 subjecerat.
1145 5251 1408 5321 Iniquum
1441 5251 1595 5305 enim
1653 5254 1774 5305 erat
1801 5255 1863 5304 ut
1894 5250 1947 5305 ei

248 5358 421 5415 quem
452 5345 700 5413 ceperat,
732 5356 847 5394 non
878 5339 1287 5394 dominaretur.
1332 5340 1445 5393 Nec
1473 5339 1598 5393 ﬁeri
1627 5340 1743 5392 ullo
1774 5338 1947 5394 modo

249 5437 437 5505 potest
461 5436 524 5485 ut
552 5430 653 5484 Dei
683 5427 892 5483 summi
946 5432 1003 5482 et
1050 5427 1170 5481 veri
1219 5427 1470 5498 perfecta
1518 5427 1760 5498 justitia,
1818 5443 1947 5499 qua:

250 5535 664 5592 usquequaque
698 5515 1076 5588 pertenditur,
1135 5516 1359 5570 deserat
1380 5515 1553 5570 etiam
1605 5515 1948 5571 ordinandas

1696 272 1907 329 LIBER
1955 272 2282 329 TERTIUS.

3574 275 3710 327 1286

2015 396 2213 451 ruinas
2234 394 2616 467 peccantium.
2645 394 2710 447 Et
2735 397 2928 448 tamen
2980 393 3117 465 quia
3154 393 3345 448 minus
3382 401 3713 466 peccaverat

2015 484 2191 539 homo
2212 500 2384 555 quam
2413 483 2692 548 diabolus,
2712 481 3300 551 idipsumeivaluitad
3332 485 3709 554 reparandam

2017 575 2280 638 salutem,
2332 572 2483 643 quod
2539 570 2783 641 principi
2830 571 2999 639 hujus
3039 572 3259 638 mundi,
3303 572 3480 643 partis
3520 588 3710 626 rerum

2018 661 2233 714 scilicet
2262 660 2434 730 hujus
2464 658 2720 711 mortalis
2741 662 2911 727 atque
2943 658 3176 724 intimae,
3211 658 3316 712 hoc
3355 664 3437 713 est
3462 658 3715 731 principi

2019 750 2273 802 omnium
2304 752 2668 817 peccatorum
2700 743 2741 810 ‘,
2776 750 2831 799 et
2852 746 3159 816 praeposito
3192 747 3412 815 mortis,
3436 766 3617 819 usque
3643 750 3712 804 ad

2019 837 2423 892 mortalitatem
2448 836 2631 889 carnis
2664 834 2922 889 addictus
2953 838 3055 888 est.
3085 836 3165 888 lta
3194 835 3347 889 enim
3366 838 3715 893 conscientia

2021 924 2383 981 mortalitatis
2430 924 2683 991 timidus,
2729 928 2784 977 et
2829 939 2861 977 a
2909 922 3195 976 vilissimis
3234 928 3289 977 et
3322 925 3717 995 abjectissimis

2022 1013 2217 1067 bestiis
2247 1014 2330 1067 vel
2367 1013 2539 1066 etiam
2572 1011 2988 1077 minutissimis,
3024 1010 3314 1064 molestias
3345 1016 3513 1081 atque
3545 1012 3723 1067 inter-

2020 1102 2166 1156 itum
2198 1100 2593 1167 reformidans,
2624 1100 2989 1169 incertusque
3018 1099 3364 1166 futurorum,
3410 1103 3465 1153 et
3493 1100 3721 1155 illicitas

2024 1188 2289 1243 cohibere
2323 1188 2549 1259 laetitias
2586 1191 2627 1254 ³,
2661 1192 2718 1241 et
2746 1188 2992 1242 maxime
3023 1187 3373 1257 superbiam,
3406 1188 3566 1258 cujus
3585 1205 3720 1258 per-

2026 1276 2287 1331 suasione
2318 1276 2570 1347 dejectus
2600 1280 2703 1343 est,
2738 1280 2795 1330 et
2824 1293 2938 1346 quo
2972 1293 3086 1330 uno
3118 1276 3257 1330 vitio
3311 1276 3718 1333 misericordiae

2025 1366 2308 1419 medicina
2347 1365 2658 1434 respuitur,
2696 1365 2957 1434 frangere
2990 1364 3299 1418 consuevit.
3358 1366 3504 1429 Quid
3560 1368 3717 1420 enim

2024 1458 2140 1508 tam
2169 1470 2311 1525 Opus
2340 1454 2555 1507 habens
2602 1452 2988 1506 misericordia
3028 1468 3200 1522 quam
3234 1452 3452 1506 miser?
3486 1456 3549 1507 Et
3580 1455 3718 1525 quid

2024 1546 2142 1597 tam
2173 1542 2474 1613 indignum
2506 1541 2891 1596 misericordia
2918 1557 3091 1612 quam
3121 1541 3397 1610 superbus
3420 1541 3628 1597 miser?

2102 1634 2188 1687 30.
2232 1634 2305 1686 Ex
2337 1648 2450 1703 quo
2504 1632 2709 1685 factum
2748 1636 2833 1685 est
2886 1636 2951 1684 ut
3002 1629 3142 1683 illud
3177 1630 3274 1683 Dei
3318 1632 3564 1686 Verbum
3619 1649 3725 1703 per

2027 1720 2180 1791 quod
2211 1721 2355 1774 facta
2382 1726 2514 1773 sunt
2544 1718 2755 1781 omnia,
2789 1722 2844 1772 et
2874 1735 2986 1789 quo
3012 1717 3221 1771 fruitur
3250 1718 3437 1772 omnis
3467 1721 3725 1791 angelica

2028 1808 2338 1873 beatitudo,
2372 1823 2551 1878 usque
2596 1808 2667 1860 ad
2708 1806 2996 1860 miseriam
3057 1810 3311 1859 nostram
3360 1808 3723 1862 clementiam

2029 1911 2190 1949 suam
2229 1896 2571 1966 porrigeret,
2603 1899 2659 1948 et
2698 1894 2946 1949 Verbum
2975 1911 3104 1947 caro
3141 1894 3324 1963 ﬁeret,
3357 1899 3412 1948 et
3442 1896 3727 1951 habitaret

2030 1983 2091 2037 in
2120 1983 2282 2037 nobis
2316 1985 2329 2053 (
2357 1988 2512 2040 Joan.
2547 2001 2584 2051 1,
2614 1986 2666 2049 3,
2696 1982 2807 2052 14).
2842 1981 2931 2037 Sic
2967 1982 3119 2035 enim
3150 1986 3341 2053 posset
3369 1999 3580 2053 panem
3610 1987 3729 2038 An-

2029 2072 2291 2143 gelorum
2312 2073 2484 2126 homo
2516 2072 2883 2137 manducare,
2915 2071 3175 2124 nondum
3205 2071 3436 2142 Angelis
3467 2073 3729 2143 aquua-

2028 2164 2141 2228 tus,
2174 2160 2219 2213 si
2269 2160 2436 2231 panis
2478 2160 2597 2230 ipse
2629 2160 2980 2230 Angelorum
3031 2159 3362 2212 hominibus
3394 2160 3730 2231 dignaretur

2032 2249 2267 2320 aquari.
2299 2251 2408 2303 Nec
2439 2250 2518 2303 sic
2570 2248 2863 2303 descendit
2893 2248 2962 2302 ad
2996 2266 3119 2316 nos,
3160 2253 3226 2302 ut
3254 2249 3384 2302 illos
3406 2250 3725 2317 desereret;

2031 2339 2130 2392 sed
2160 2338 2328 2392 simul
2361 2338 2585 2410 integer
2610 2338 2739 2404 illis,
2766 2339 2992 2409 integer
3023 2337 3207 2404 nobis,
3236 2336 3363 2391 illos
3391 2338 3732 2393 intrinsecus

2030 2442 2264 2498 pascens
2294 2443 2398 2496 per
2426 2427 2485 2480 id
2522 2427 2673 2498 quod
2730 2428 2877 2480 Deus
2908 2431 3009 2494 est,
3048 2425 3502 2493 nosiforinsecus
3534 2428 3730 2481 admo-

2030 2532 2174 2569 nens
2203 2532 2305 2586 per
2334 2515 2393 2570 id
2424 2516 2579 2587 quod
2625 2532 2727 2569 nos
2759 2531 2979 2583 sumus,
3012 2515 3245 2569 idoneos
3278 2515 3411 2569 facit
3440 2516 3731 2587 pertidem

2033 2620 2175 2675 quos
2204 2621 2308 2675 per
2336 2604 2584 2674 speciem
2604 2608 2797 2674 pascat
2811 2603 3125 2673 (equaliter.
3156 2603 3300 2666 Quia
3316 2603 3469 2656 enim
3494 2603 3733 2657 rationa-

2033 2693 2104 2746 lis
2133 2697 2390 2746 creatura
2410 2693 2593 2745 Verbo
2624 2692 2720 2745 illo
2742 2696 3017 2761 tanquam
3046 2692 3264 2760 optimo
3286 2692 3410 2746 cibo
3432 2708 3532 2745 suo
3559 2692 3738 2761 pasci-

2033 2784 2165 2847 tur;
2197 2782 2448 2835 humana
2480 2785 2671 2835 autem
2701 2780 2894 2833 anima
2913 2780 3207 2833 rationalis
3239 2784 3341 2845 est,
3372 2797 3500 2850 quae
3528 2785 3738 2833 morta-

2035 2869 2187 2923 libus
2218 2869 2457 2922 vinculis
2487 2868 2703 2939 peccati
2730 2884 2899 2938 pcena
2918 2867 3240 2936 tenebatur,
3266 2868 3335 2920 ad
3355 2869 3462 2921 hoc
3484 2868 3735 2921 diminu-

2036 2957 2209 3011 tionis
2251 2957 2501 3024 redacta,
2549 2961 2613 3010 ut
2658 2972 2761 3026 per
2791 2956 3147 3027 conjecturas
3176 2972 3371 3010 rerum
3418 2955 3733 3010 visibilium

2039 3042 2109 3098 ad
2136 3043 2513 3115 intelligenda
2548 3044 2855 3098 invisibilia
2881 3044 3199 3098 niteretur:
3236 3044 3395 3123 cibus
3440 3044 3737 3099 rationalis

2040 3134 2315 3185 creaturae
2358 3131 2536 3186 factus
2567 3136 2650 3185 est
2678 3131 2935 3198 visibilis,
2991 3148 3104 3185 non
3151 3132 3599 3187 commutatione
3632 3149 3737 3186 na-

2039 3222 2184 3273 turm
2212 3236 2349 3285 suae,
2384 3220 2483 3274 sed
2538 3219 2737 3273 habitu
2769 3225 2998 3289 nostras,
3056 3226 3117 3274 ut
3158 3220 3405 3275 visibilia
3461 3226 3740 3276 sectantes

2042 3309 2113 3363 ad
2138 3325 2195 3362 se
2226 3308 2572 3363 invisibilem
2618 3314 2924 3363 revocaret.
2967 3308 3056 3363 Sic
3106 3326 3240 3363 eum
3297 3310 3510 3375 anima,
3564 3326 3738 3381 quem

2041 3397 2381 3468 superbiens
2407 3398 2559 3451 intus
2592 3398 2922 3468 reliquerat,
2983 3397 3121 3451 foris
3161 3399 3440 3452 humilem
3498 3398 3739 3465 invenit,

2040 3486 2335 3540 imitatura
2355 3486 2477 3556 ejus
2496 3486 2879 3541 humilitatem
2903 3486 3203 3553 visibilem,
3226 3491 3283 3541 et
3304 3487 3370 3541 ad
3389 3486 3735 3541 invisibilem

2041 3572 2406 3627 altitudinem
2440 3572 2718 3627 reditura.

2116 3664 2201 3715 31.
2235 3663 2419 3731 Atque
2454 3661 2697 3714 Verbum
2731 3658 2831 3713 Dei
2858 3660 3063 3713 unicus
3094 3660 3195 3714 Dei
3223 3660 3418 3731 Filius,
3452 3661 3744 3717 diabolum

2044 3765 2217 3819 quem
2266 3764 2493 3818 semper
2537 3747 2640 3801 sub
2694 3746 2915 3815 legibus
2957 3747 3072 3800 suis
3117 3747 3319 3802 habuit
3377 3754 3435 3803 et
3482 3750 3744 3821 habebit,

2043 3837 2279 3892 homine
2328 3837 2560 3891 indutus
2590 3835 2762 3889 etiam
2813 3836 3034 3890 homini
3085 3837 3441 3908 subjugavit:
3501 3839 3647 3893 nihil
3695 3840 3749 3894 ei

2045 3930 2388 3996 extorquetis
2420 3924 2668 3979 violento
2697 3924 3015 3991 dominatu,
3041 3926 3137 3979 sed
3160 3943 3435 3995 superans
3464 3943 3597 3981 eum
3619 3929 3748 3999 lege

2040 4015 2278 4087 justitia:
2306 4035 2320 4080 ;
2346 4018 2409 4068 ut
2439 4014 2737 4085 quoniam,
2778 4013 2991 4067 femina
3018 4014 3272 4085 decepta,
3308 4021 3363 4069 et
3397 4016 3614 4087 dejecto
3643 4034 3749 4086 per

2046 4103 2321 4158 feminam
2342 4102 2481 4169 viro,
2509 4118 2736 4156 omnem
2760 4103 2979 4173 prolem
3000 4102 3175 4172 primi
3196 4104 3447 4157 hominis
3469 4110 3745 4176 tanquam

2047 4192 2415 4263 peccatricem
2447 4191 2667 4262 legibus
2696 4191 2915 4245 mortis.
2942 4192 3225 4245 malitiosa
3246 4192 3478 4263 quidem
3501 4194 3747 4247 nocendi

2048 4280 2377 4351 cupiditate,
2407 4280 2504 4333 sed
2541 4284 2737 4333 tamen
2756 4278 2881 4349 jure
2903 4278 3583 4349 tequissimovindicabat,
3610 4285 3752 4335 tam-

2050 4369 2150 4423 diu
2178 4372 2423 4438 potestas
2461 4367 2584 4438 ejus
2621 4367 2854 4435 valeret,
2897 4367 3075 4421 donec
3107 4366 3458 4421 interﬁceret
3501 4368 3749 4437 justum,

2051 4458 2112 4511 in
2142 4473 2255 4528 quo
2286 4456 2431 4510 nihil
2453 4456 2692 4527 dignum
2723 4460 2907 4510 morte
2944 4460 3137 4526 posset
3164 4455 3485 4523 ostendere,
3514 4472 3629 4511 non
3658 4474 3750 4513 so-

2050 4546 2173 4600 lum
2203 4545 2340 4616 quia
2364 4544 2486 4599 sine
2526 4544 2762 4599 crimine
2811 4543 3029 4598 occisus
3069 4547 3173 4608 est,
3231 4542 3329 4597 sed
3385 4544 3557 4599 etiam
3614 4547 3753 4617 quia

2054 4634 2175 4688 sine
2190 4633 2425 4687 libidine
2455 4637 2623 4687 natus
2646 4632 2769 4686 :cni
2791 4631 3195 4701 subjugaverat
3224 4629 3323 4685 ille
3359 4648 3503 4703 quos
3524 4639 3755 4705 ceperat

2057 4726 2120 4776 ut
2148 4721 2427 4793 quidquid
2478 4720 2611 4774 inde
2653 4724 3000 4783 nasceretur,
3062 4724 3338 4791 tanquam
3367 4737 3482 4776 sua:
3533 4723 3755 4779 arboris

2054 4809 2286 4872 fructus,
2322 4825 2495 4881 prava
2519 4807 2752 4879 quidem
2780 4807 3029 4862 habendi
3059 4808 3391 4879 cupiditate,
3434 4811 3533 4865 sed
3558 4816 3753 4867 tamen

2057 4915 2173 4953 non
2202 4898 2401 4968 iniquo
2440 4895 2773 4967 possidendi
2808 4896 2941 4966 jure
2972 4896 3265 4952 retineret.
3296 4899 3616 4954 Justissime
3646 4902 3755 4955 ita-

2057 5003 2170 5058 que
2196 4986 2480 5041 dimittere
2501 4984 2724 5055 cogitur
2747 4985 3042 5039 credentes
3064 4985 3124 5040 in
3149 5002 3282 5040 eum
3299 5004 3471 5058 quem
3502 4988 3559 5042 in
3562 4989 3758 5058 justis-

2058 5076 2199 5129 sime
2231 5073 2456 5140 occidit,
2486 5081 2550 5129 ut
2582 5077 2637 5126 et
2675 5073 2825 5142 quod
2858 5074 3254 5142 temporaliter
3285 5075 3633 5142 moriuntur,
3669 5076 3759 5131 de-

2057 5163 2243 5218 bitum
2269 5162 2579 5228 exsolvant,
2607 5166 2665 5215 et
2692 5162 2845 5232 quod
2858 5178 3085 5232 semper
3111 5163 3326 5227 vivunt,
3343 5164 3403 5217 in
3423 5164 3522 5217 illo
3544 5164 3755 5235 vivant,

2061 5250 2161 5323 qui
2188 5267 2290 5320 pro
2321 5250 2402 5303 eis
2426 5249 2578 5321 quod
2609 5266 2727 5304 non
2758 5251 2996 5305 debebat
3024 5252 3282 5306 exsolvit.
3314 5251 3532 5315 Quibus
3560 5259 3756 5308 autem

2125 5341 2141 5373 ι
2174 5340 2233 5387 In
2253 5338 2397 5401 prius
2422 5337 2611 5411 ‘Eddn‘
2632 5341 2902 5411 principio
2938 5344 3172 5411 omnium
3196 5342 3565 5411 peccatorum.
3615 5341 3682 5391 At
3702 5342 3757 5391 in

2062 5400 2189 5464 Mss.
2214 5400 2575 5464 novemdecim
2599 5400 2822 5450 habetur
2842 5402 2945 5461 hic,
2974 5400 3226 5464 principi.

2123 5464 2145 5497 9
2172 5463 2251 5527 Ita
2279 5463 2400 5511 Bad.
2434 5468 2488 5512 et
2510 5464 2631 5511 Mss.
2662 5464 2914 5527 plerique.
2936 5462 3003 5513 At
3024 5464 3113 5512 Er.
3139 5462 3192 5512 et
3218 5464 3342 5512 Lov.
3371 5462 3589 5524 habent,
3608 5464 3749 5517 cohi-

2066 5524 2186 5574 bere
2205 5524 2440 5574 delicias.
