4036 6182
413 361 544 413 1287

404 481 760 537 inﬁdelitatis
788 479 1272 552 perseverantiam
1301 476 1691 548 persuasisset,
1727 476 1880 546 juste
1911 491 2102 529 secum

405 573 644 627 haberet
673 571 733 625 in
753 573 1028 641 perpetua
1050 567 1417 622 damnatione
1446 567 1755 619 consortes.
1786 565 1869 618 Ita
1883 564 2094 618 factum

407 664 492 714 est
519 664 585 714 ut
612 675 800 730 neque
832 657 1055 712 diabolo
1084 673 1186 727 per
1223 655 1338 709 vim
1386 653 1704 726 eriperetur
1730 655 1902 707 homo
1926 669 2098 725 quem

406 765 511 804 nec
532 749 652 819 ipse
682 748 758 815 vi,
783 747 879 802 sed
903 745 1271 817 persuasione
1292 749 1515 815 ceperat
1543 760 1554 797 :
1576 749 1631 798 et
1650 743 1744 814 qui
1760 744 1910 813 juste
1926 743 2056 813 plus
2074 741 2093 776 ί

407 837 741 890 humiliatus
779 839 880 901 est,
929 838 994 888 ut
1045 833 1278 887 serviret
1314 833 1404 887 cui
1447 833 1515 888 ad
1548 833 1766 886 malum
1796 849 2096 886 consense-

407 931 516 991 rat,
537 927 687 996 juste
711 941 814 995 per
833 939 966 978 eum
989 923 1080 977 cui
1101 923 1169 977 ad
1191 923 1408 977 bonum
1427 921 2095 988 consensitliberaretur;

410 1015 544 1086 quia
571 1014 762 1068 minus
791 1013 899 1067 iste
930 1012 991 1067 in
1022 1011 1449 1078 consentiendo,
1491 1001 1666 1082 quam
1711 1009 1807 1064 ille
1861 1010 1920 1064 in
1949 1011 2099 1064 male

406 1103 697 1159 suadendo
723 1105 1068 1174 peccaverat.

407 1248 630 1304 CAPUT
654 1247 742 1301 ΧΙ.
775 1276 845 1286 —
874 1247 1138 1302 Creatura
1187 1245 1301 1298 sive
1341 1244 1400 1297 in
1439 1243 1664 1311 justitia
1710 1257 2096 1312 permansura,

543 1338 655 1392 sive
678 1337 922 1405 lapsura,
954 1334 1028 1387 ad
1047 1335 1426 1404 ornamentum
1454 1333 1698 1385 universi
1725 1333 1950 1398 confert.

471 1481 557 1534 32.
585 1480 824 1533 Naturas
854 1475 1031 1546 igitur
1062 1489 1260 1530 omnes
1289 1474 1437 1526 Deus
1467 1472 1614 1533 fecit,
1668 1487 1783 1524 non
1810 1471 1996 1524 solum
2034 1469 2096 1524 in

400 1569 610 1622 virtute
641 1570 812 1636 atque
837 1563 1060 1634 justitia
1101 1577 1526 1632 permansuras,
1561 1560 1657 1615 sed
1695 1559 1867 1613 etiam
1896 1574 2093 1628 pecca-

401 1656 559 1705 turas
585 1667 598 1717 ;
631 1667 748 1705 non
777 1656 841 1705 ut
864 1654 1182 1721 peccarent,
1226 1650 1324 1704 sed
1354 1654 1415 1703 ut
1435 1655 1623 1702 essent
1653 1652 1935 1702 ornatura:
1963 1647 2093 1701 uni-

399 1755 627 1793 versum
661 1739 704 1806 ²,
751 1738 866 1792 sive
912 1754 1168 1809 peccare,
1204 1737 1319 1792 sive
1349 1754 1466 1791 non
1496 1753 1730 1808 peccare
1760 1736 2090 1790 voluissent.

401 1827 457 1881 Si
487 1827 641 1881 enim
677 1827 847 1881 rebus
884 1827 1145 1881 deessent
1173 1827 1380 1880 animae
1411 1843 1538 1896 quae
1578 1826 1769 1896 ipsum
1799 1824 2094 1895 fastigium

400 1917 616 1971 ordinis
644 1916 703 1971 in
732 1917 996 1971 universa
1020 1921 1279 1972 creatura
1301 1917 1379 1970 sic
1410 1916 1756 1983 obtinerent,
1789 1920 1854 1969 ut
1883 1915 1929 1968 si
1958 1931 2093 1985 pec-

398 2022 524 2060 care
553 2005 884 2073 voluissent,
916 2005 1307 2061 inﬁrmaretur
1335 2010 1391 2060 et
1419 2005 1854 2060 labefactaretur
1873 2004 2095 2057 univer-

399 2095 556 2161 sitas,
582 2111 860 2166 magnum
883 2095 1157 2166 quiddam
1178 2095 1398 2150 deesset
1421 2098 1706 2151 creaturae
1729 2111 1742 2148 :
1764 2093 1906 2148 illud
1938 2092 2093 2147 enim

397 2184 638 2252 deesset,
673 2200 788 2255 quo
819 2189 1042 2239 remoto
1071 2184 1349 2239 stabilitas
1378 2200 1574 2238 rerum
1607 2187 1778 2254 atque
1814 2181 2092 2237 connexio

397 2272 742 2326 turbaretur.
777 2274 938 2327 Tales
959 2277 1094 2327 sunt
1126 2273 1381 2344 optima},
1403 2277 1459 2326 et
1484 2276 1712 2341 sancta),
1744 2276 1800 2326 et
1819 2271 2092 2326 sublimes

398 2366 673 2416 creaturae
725 2361 1042 2416 caelestium
1071 2363 1158 2416 vel
1187 2362 1672 2433 supercoelestium
1723 2365 2088 2432 potestatum,

398 2449 606 2520 quibus
627 2451 779 2505 solus
808 2451 957 2504 Deus
986 2450 1231 2520 imperat
1255 2467 1269 2517 ;
1302 2450 1603 2504 universus
1625 2455 1815 2504 autem
1842 2451 2092 2505 mundus

396 2537 682 2608 subjectus
709 2542 816 2592 est.
850 2539 982 2593 Sine
1012 2537 1251 2592 istarum
1288 2538 1490 2592 ofﬁciis
1513 2540 1681 2609 justis
1703 2544 1875 2609 atque
1903 2540 2092 2609 perfe-

395 2626 502 2680 ctis
527 2643 650 2681 essa
673 2627 1011 2682 universitas
1031 2643 1149 2680 non
1173 2631 1378 2698 potest.
1404 2628 1566 2695 Item,
1599 2627 1645 2681 si
1672 2628 1930 2682 deessent
1959 2644 2090 2698 qua:

394 2716 507 2769 sive
537 2719 854 2787 peccarent,
885 2714 1002 2769 sive
1032 2732 1152 2769 non
1179 2719 1498 2786 peccarent,
1533 2715 1674 2770 nihil
1704 2715 2090 2769 universitatis

395 2803 585 2857 ordini
607 2804 985 2869 minueretur,
1006 2803 1176 2857 etiam
1190 2803 1268 2857 sic
1279 2803 1592 2873 plurimum
1613 2803 1849 2857 deesset.
1864 2803 2088 2858 Animae

392 2896 526 2946 sunt
555 2893 710 2947 enim
737 2892 1068 2955 rationales,
1106 2897 1163 2946 et
1190 2891 1304 2946 illis
1329 2891 1720 2962 superioribus
1743 2892 1928 2945 ofﬁcio
1959 2892 2086 2964 qui-

391 2981 521 3036 dem
551 2981 819 3053 impares,
868 2982 968 3036 sed
995 2985 1200 3035 natura
1239 2997 1438 3053 pares:
1475 2982 1682 3052 quibus
1724 2980 1909 3035 adhuc
1942 2981 2086 3036 infe-

388 3072 569 3126 riores
598 3074 730 3124 sunt
758 3070 945 3138 multi,
978 3073 1034 3124 et
1062 3075 1254 3124 tamen
1282 3070 1596 3126 laudabiles
1635 3087 1668 3126 a
1706 3087 1932 3125 summo
1972 3072 2086 3125 Deo

389 3159 828 3215 constitutarum
853 3167 1047 3213 rerum
1069 3159 1296 3229 gradus.

461 3251 548 3302 33.
585 3248 687 3302 Illa
717 3263 854 3318 ergo
880 3251 1088 3302 natura
1110 3247 1462 3302 sublimioris
1482 3247 1652 3302 officii
1678 3251 1779 3315 est,
1810 3264 1940 3319 qum
1966 3265 2086 3303 non

387 3337 573 3392 solum
605 3336 652 3390 si
680 3353 797 3390 non
837 3339 1003 3403 esset,
1059 3337 1158 3391 sed
1201 3337 1422 3391 etiamsi
1460 3342 1740 3408 peccaret,
1799 3337 2086 3392 minueret

389 3426 647 3481 ordinem
679 3425 1090 3481 universitatis.
1147 3426 1438 3480 Inferioris
1479 3426 1650 3480 ofﬁcii
1682 3431 1766 3480 est
1792 3426 1921 3492 ista,
1953 3444 2083 3498 quae

385 3516 785 3571 tantummodo
811 3515 857 3569 si
886 3531 1002 3570 non
1034 3520 1200 3583 esset,
1225 3533 1338 3570 non
1371 3520 1562 3570 autem
1594 3516 1640 3570 si
1679 3520 1955 3588 peccaret,
1985 3517 2082 3571 ali-

382 3604 519 3676 quid
547 3604 736 3658 minus
766 3604 1005 3659 haberet
1030 3605 1386 3660 universitas.
1421 3604 1507 3658 Illi
1525 3605 1668 3675 .data
1711 3609 1794 3659 est
1826 3605 2082 3676 potentia

380 3693 573 3747 omnia
619 3693 946 3748 continendi
994 3693 1182 3747 ofﬁcio
1235 3694 1492 3764 proprio,
1543 3695 1699 3766 quod
1746 3711 1938 3749 rerum
1988 3712 2078 3749 or-

382 3779 504 3834 dini
534 3781 728 3835 deesse
759 3797 875 3835 non
923 3781 1141 3851 possit:
1192 3798 1297 3836 nec
1326 3781 1452 3836 ideo
1500 3783 1560 3838 in
1590 3784 1744 3837 bona
1787 3784 2078 3838 voluntate

379 3873 698 3938 permanet,
733 3869 869 3939 quia
896 3869 1006 3922 hoc
1036 3870 1252 3940 accepit
1281 3871 1531 3926 ofﬁcium
1557 3888 1570 3937 ;
1625 3872 1724 3926 sed
1761 3872 1890 3926 ideo
1921 3889 2076 3926 acce-

377 3955 483 4024 pit,
509 3955 785 4026 quoniam
802 3955 873 4008 ab
897 3955 994 4008 illo
1017 3956 1115 4026 qui
1137 3957 1291 4011 dedit
1315 3973 1688 4026 permansura
1706 3961 1949 4030 praevisa
1970 3966 2075 4015 est.

377 4043 490 4096 Nec
529 4046 723 4097 tamen
772 4059 875 4098 sua
913 4045 1206 4114 majestate
1239 4047 1495 4101 continet
1523 4047 1735 4111 omnia,
1773 4049 1870 4103 sed
1895 4049 2077 4103 inhae-

375 4131 552 4186 rendo
584 4130 739 4186 illius
777 4131 1086 4203 majestati,
1140 4137 1196 4187 et
1243 4134 1366 4205 ejus
1405 4133 1664 4206 imperiis
1709 4137 2074 4193 devotissime

373 4220 846 4292 obtemperando,
869 4237 902 4274 a
921 4237 1036 4292 quo
1058 4225 1114 4275 et
1132 4238 1238 4292 per
1266 4239 1439 4294 quem
1466 4225 1596 4278 etin
1622 4241 1734 4296 quo
1766 4226 1912 4281 facta
1941 4231 2077 4281 sunt

372 4311 587 4365 omnia.
609 4310 750 4364 Huic
768 4313 961 4364 autem
981 4311 1178 4366 datum
1207 4318 1292 4367 est
1311 4313 1545 4384 quidem
1567 4330 1682 4369 non
1703 4316 1960 4387 peccanti
1979 4333 2076 4386 po-

370 4399 758 4455 tentissimum
790 4400 1044 4456 ofﬁcium
1087 4402 1418 4459 continendi
1448 4405 1679 4460 omnia:
1711 4422 1830 4461 non
1881 4410 2073 4461 tamen

368 4489 694 4559 proprium,
728 4490 826 4545 sed
855 4506 987 4544 cum
1021 4491 1142 4561 illa,
1189 4496 1468 4564 tanquam
1519 4495 1571 4548 ei
1613 4511 1741 4566 quae
1770 4499 2073 4567 peccatura

369 4577 727 4648 praecognita
747 4583 852 4634 est.
883 4580 1105 4635 Habent
1135 4597 1270 4636 sane
1304 4581 1622 4652 spiritualia
1648 4601 1891 4656 quasque
1920 4585 2072 4639 inter

372 4679 429 4717 se
483 4669 539 4718 et
575 4666 1040 4736 conjunctionem
1083 4668 1206 4723 sine
1254 4671 1506 4738 cumulo,
1539 4675 1596 4726 et
1651 4673 2070 4744 sejunctionem

371 4751 495 4806 sine
521 4752 935 4811 diminutione:
958 4762 1022 4812 ut
1037 4775 1224 4830 neque
1247 4759 1612 4830 adjuvaretur
1630 4759 1726 4815 illa
1746 4761 1808 4816 in
1829 4763 2068 4817 actionis

370 4857 490 4895 sua:
536 4840 827 4911 facilitate,
863 4861 994 4900 cum
1030 4847 1151 4902 haec
1187 4848 1296 4904 sibi
1340 4849 1822 4920 conjungeretur:
1878 4868 2064 4922 neque

369 4929 660 4986 difﬁcilior
685 4930 768 4984 illi
800 4932 946 4987 actio
976 4934 1158 5004 fieret,
1191 4937 1240 4990 si
1277 4937 1398 4992 haec
1425 4937 1689 5009 ;ofﬁcium
1727 4955 1895 4994 suum
1925 4957 2064 5011 pec-

362 5019 549 5075 cando
593 5019 896 5076 desereret.
941 5023 1066 5076 Non
1105 5025 1258 5079 enim
1289 5026 1426 5080 locis
1470 5031 1524 5081 et
1554 5029 1703 5082 mole
1735 5045 2064 5100 corporum,

362 5110 462 5164 sed
486 5109 771 5181 parilitate
803 5110 1109 5166 affectuum
1124 5112 1317 5184 jungi,
1342 5118 1398 5168 et
1423 5115 1797 5187 disparilitate
1821 5119 2066 5191 segungi

360 5202 603 5267 possunt
654 5197 980 5268 spirituales
1027 5205 1324 5270 creaturae,
1366 5205 1626 5275 quamvis
1674 5224 1916 5279 corpora
1961 5225 2064 5264 sua

365 5302 609 5357 quaeque
637 5286 992 5358 possideant.

431 5377 516 5431 34.
552 5377 617 5430 In
659 5376 996 5448 corporibus
1039 5382 1232 5434 autem
1262 5379 1626 5438 inferioribus
1648 5387 1818 5456 atque
1849 5390 2062 5442 morta-

427 5504 629 5580 tliditi.
645 5505 797 5580 justo
831 5507 977 5580 plus,
1016 5509 1214 5580 quibus
1235 5510 1502 5580 Trari_Mss.
1525 5514 1910 5580 suffragantur;
1935 5532 2057 5568 nam

362 5563 910 5638 duodecim'melioris
938 5563 1323 5638 notiehabeut,
1343 5575 1490 5634 juste
1515 5577 1652 5638 plus.

422 5628 444 5661 ²
474 5627 685 5690 Aliquot
703 5631 826 5680 Mss.
857 5647 885 5682 e
914 5634 1223 5696 potioribus,
1243 5627 1930 5693 ornaturw'unlversitatls.

1505 352 1599 406 DE
1639 349 1897 406 LIBERO
1936 349 2293 416 ARBITRIO,
2338 349 2391 404 S.
2433 347 2815 405 AUGUSTINI
3325 432 3333 436 _
3707 365 3795 416 1‘288

2212 474 2361 528 libus
2393 478 2521 546 post
2567 477 2867 546 peccatum
2923 472 3119 527 anima
3176 473 3446 543 ordinata,
3496 480 3618 549 regit
3654 499 3799 555 corpus

2209 580 2399 629 suum,
2433 580 2548 617 non
2599 562 2934 617 omnimodo
2987 579 3092 632 pro
3145 563 3400 630 arbitrio,
3451 568 3534 621 sed
3558 569 3674 624 sicut
3694 573 3800 640 leges

2207 651 2600 705 universitatis
2627 651 2840 704 sinunt.
2877 651 2988 704 Nec
3021 649 3150 704 ideo
3179 654 3373 704 tamen
3416 653 3531 706 talis
3574 657 3724 710 anima
3745 660 3802 714 in-

2207 741 2381 795 ferior
2402 745 2486 795 est
2517 756 2756 812 corpore
2783 739 3018 808 coelesti,
3049 740 3141 793 cui
3194 741 3414 810 corpori
3442 742 3590 797 etiam
3630 762 3803 817 corpora

2205 833 2434 884 terrena
2461 830 2715 900 subjecta
2744 833 2894 883 sunt.
2931 831 3195 884 Pannosa
3220 829 3427 900 quippe
3448 831 3597 885 vestis
3619 833 3805 890 damnati

2207 917 2353 971 servi
2383 918 2562 971 multo
2594 923 2677 972 est
2705 917 2944 972 inferior
2967 921 3122 972 veste
3170 919 3316 971 bene
3358 918 3550 986 meriti,
3597 927 3644 975 et
3667 923 3714 974 in
3735 924 3803 977 ho-

2208 1021 2346 1060 nore
2375 1022 2586 1077 magno
2617 1006 2771 1077 apud
2803 1005 3104 1060 dominum
3135 1006 3421 1060 constituti
3447 1023 3460 1072 ;
3490 1008 3575 1062 sed
3600 1009 3696 1078 ipse
3726 1029 3803 1064 ser-

2207 1111 2310 1149 vus
2341 1095 2544 1149 melior
2573 1100 2658 1148 est
2679 1095 2934 1165 qualibet
2962 1099 3116 1149 veste
3141 1094 3406 1168 pretiosa,
3437 1096 3557 1166 quia
3581 1097 3717 1152 homo
3738 1106 3801 1153 cst

2208 1184 2308 1237 Illa
2339 1199 2474 1254 ergo
2495 1183 2738 1238 inhaeret
2764 1184 2900 1250 Deo,
2934 1187 2991 1237 et
3019 1183 3080 1236 in
3109 1183 3322 1237 caelesti
3350 1199 3585 1253 corpore,
3619 1186 3804 1255 angelica

2205 1277 2508 1342 potestate,
2551 1273 2725 1326 etiam
2756 1274 3021 1326 terrestre
3052 1288 3255 1342 corpus
3287 1275 3446 1325 ornat
3472 1275 3523 1324 et
3556 1273 3693 1342 regit,
3731 1275 3803 1325 sic-

2203 1365 2266 1415 ut
2294 1361 2458 1432 jubet
2485 1361 2580 1416 ille
2616 1362 2776 1431 cujus
2808 1365 3012 1415 nutum
3071 1360 3329 1414 intuetur
3359 1359 3698 1414 ineffabiliter.
3735 1363 3804 1414 Ista

2203 1466 2336 1503 vero
2368 1451 2704 1504 mortalibus
2728 1449 3000 1503 membris
3033 1453 3287 1515 onerata,
3319 1449 3408 1502 vix
3432 1449 3528 1502 hoc
3555 1448 3711 1518 ipsum
3733 1466 3806 1520 quo

2202 1539 2504 1608 premitur,
2521 1537 3255 1604 administratintrinsecus,
3273 1541 3521 1592 ettamen
3537 1544 3806 1608 ornatquan-

2203 1631 2326 1680 tum
2351 1630 2536 1696 potest
2559 1643 2570 1680 :
2603 1630 2806 1680 caetera
2830 1642 2962 1680 vero
2984 1625 3336 1680 extrinsecus
3359 1625 3667 1695 adjacentia,
3692 1627 3806 1694 longe

2202 1715 2520 1771 inﬁrmiore
2577 1715 2909 1787 operatione
2964 1714 3313 1769 extrinsecus
3369 1714 3535 1768 afﬁcit
3581 1714 3701 1768 sicut
3746 1729 3806 1783 p0-

2203 1807 2331 1858 test.

2204 1946 2428 2002 CAPUT
2480 1946 2594 2000 ΧΙΙ.
2652 1974 2721 1985 -
2758 1946 3088 2002 Gubernatio
3147 1946 3390 2000 universi
3437 1959 3536 1999 non
3577 1942 3808 1997 turbaretur

2415 2036 2629 2090 etiamsi
2673 2036 2917 2103 angelica
2948 2037 3120 2088 omnis
3149 2039 3402 2090 creatura
3419 2037 3660 2104 peccaret.

2276 2163 2361 2215 35.
2402 2161 2559 2217 Unde
2589 2159 2878 2230 colligitur
2903 2177 3020 2214 non
3047 2159 3384 2215 defuturum
3409 2158 3572 2213 fuisse
3616 2157 3808 2210 ornatum

2203 2249 2778 2319 congruentissimum
2798 2248 3013 2303 inﬁma),
3042 2265 3332 2320 corporea:
3347 2252 3626 2312 creatura),
3651 2243 3810 2298 etiamsi

2203 2335 2312 2389 ista
2339 2351 2574 2406 peccare
2622 2336 2920 2390 noluisset.
2983 2337 3265 2402 Quoniam
3315 2354 3443 2409 quae
3476 2341 3638 2390 totum
3683 2334 3808 2404 potest

2202 2441 2424 2495 regere,
2459 2424 2632 2478 etiam
2665 2429 2889 2495 partem
2917 2425 3104 2495 regit;
3137 2425 3807 2496 qumautemminuspotrst.

2204 2530 2320 2567 non
2352 2513 2626 2568 continuo
2659 2517 2846 2584 potest
2875 2514 3171 2585 ampliora.
3207 2515 3494 2570 Perfectus
3521 2512 3652 2567 enim
3686 2507 3806 2562 medi-

2203 2618 2298 2656 cus
2321 2601 2495 2656 etiam
2526 2602 2771 2655 scabiem
2805 2607 2969 2656 sanat
2998 2602 3341 2669 efficaciter;
3376 2607 3432 2657 at
3471 2618 3577 2656 non
3617 2597 3812 2652 continuo

2202 2689 2301 2761 qui
2330 2689 2586 2743 scabioso
2614 2689 2835 2743 utiliter
2864 2690 3128 2756 consulit,
3152 2691 3438 2745 universae
3453 2691 3688 2744 humana:
3708 2684 3810 2736 valc-

2201 2777 2388 2832 tudini
2415 2777 2636 2832 mederi
2665 2782 2874 2848 potest.
2904 2780 2970 2833 Et
3023 2779 3166 2832 ratio
3222 2779 3460 2850 quidem
3489 2778 3533 2832 si
3558 2781 3689 2830 certa
3711 2789 3809 2825 con-

2200 2867 2458 2938 spicitur,
2494 2884 2606 2938 qua
2637 2867 3005 2921 manifestum
3034 2868 3134 2922 ﬁat
3163 2883 3283 2922 esse
3317 2866 3621 2940 oportuisse
3655 2867 3810 2916 creatu-

2199 2973 2320 3011 ram
2355 2973 2483 3027 quze
2513 2972 2813 3027 nunquam
2861 2957 3196 3028 peccaverit,
3247 2972 3544 3028 nunquam
3590 2956 3813 3024 peccatum

2199 3045 2290 3111 sit,
2326 3045 2498 3098 etiam
2528 3045 2668 3098 illud
2700 3045 2897 3099 eadem
2928 3045 3071 3100 ratio
3096 3046 3452 3101 renuntiata
3478 3047 3682 3116 peccato
3707 3039 3809 3092 illam

2196 3134 2375 3188 libera
2401 3135 2689 3188 voluntate
2720 3134 3025 3200 abstinere,
3057 3152 3244 3206 neque
3299 3140 3550 3190 coactam
3591 3146 3690 3185 non
3725 3142 3809 3197 per

2196 3238 2344 3288 care,
2374 3222 2470 3275 sed
2502 3224 2722 3292 sponte.
2747 3223 3152 3277 Verumtamen
3165 3225 3393 3279 etiamsi
3425 3225 3660 3294 peccaret
3677 3218 3809 3287 (quan-

2197 3325 2370 3380 quam
2401 3326 2519 3363 non
2549 3310 2822 3380 peccavit,
2851 3311 2996 3366 sicut
3027 3329 3155 3367 eam
3184 3329 3301 3367 non
3337 3316 3676 3384 peccaturam
3709 3318 3807 3374 pra?-

2196 3397 2356 3452 scivit
2384 3400 2551 3469 Deus)
2592 3416 2604 3453 :
2637 3404 2830 3453 tamen
2853 3400 2899 3454 si
2929 3400 3103 3455 etiam
3131 3401 3254 3472 ipsa
3280 3405 3562 3472 peccaret,
3608 3393 3810 3450 sufficeret

2195 3487 2299 3542 Dei
2320 3492 2575 3558 potestas
2606 3488 2907 3542 ineffabilis
2936 3490 3210 3559 potentiae
3261 3492 3336 3546 ad
3368 3488 3657 3561 regendam
3700 3483 3807 3534 istam

2193 3576 2642 3643 universitatem,
2675 3583 2739 3631 ut
2771 3578 3036 3632 omnibus
3089 3595 3348 3650 congrua
3403 3584 3458 3633 et
3487 3575 3730 3643 condigna
3755 3583 3807 3619 re-

2191 3665 2469 3729 tribuens,
2505 3665 2651 3719 nihil
2680 3665 2742 3719 in
2771 3670 2887 3720 toto
2918 3666 3162 3737 imperio
3193 3685 3294 3722 suo
3331 3673 3496 3738 turpe
3523 3669 3672 3734 atque
3707 3655 3806 3711 inde-

2191 3771 2390 3808 corum
2422 3770 2542 3808 esse
2573 3755 2958 3824 permitteret.
2998 3756 3141 3819 Quia
3170 3757 3286 3810 sive
3320 3773 3428 3828 per
3480 3753 3649 3809 nullas
3669 3748 3723 3802 ad
3742 3747 3809 3798 hoc

2188 3843 2378 3914 ipsum
2407 3843 2660 3898 conditas
2689 3848 3017 3914 potestates,
3073 3844 3120 3898 si
3161 3845 3352 3899 omnis
3409 3841 3648 3914 angelica
3671 3840 3808 3891 natura

2190 3932 2258 3986 ab
2291 3933 2412 4004 ejus
2441 3932 2741 4003 praeceptis
2768 3934 3056 4003 peccando
3088 3934 3415 4004 defecisset,
3469 3930 3724 4001 majestate
3748 3934 3811 3974 sua

2189 4022 2205 4056 ¹
2239 4019 2635 4074 decentissime
2682 4024 2850 4092 atque
2896 4022 3111 4093 optime
3155 4028 3387 4092 regeret
3409 4021 3598 4077 omnia
3625 4035 3637 4072 :
3664 4029 3742 4069 nec
3762 4009 3809 4060 sic

2186 4107 2443 4162 invidens
2472 4115 2747 4164 creatura:
2778 4111 3059 4181 spirituali
3086 4115 3152 4165 ut
3179 4117 3361 4179 esset;
3397 4111 3497 4182 qui
3525 4114 3657 4163 etam
3676 4114 3812 4169 εοῖρο·

2186 4199 2366 4253 ralem
2394 4199 2761 4270 peccantibus
2790 4216 3018 4271 quoque
3039 4200 3444 4270 spiritualibus
3472 4201 3630 4268 longe
3650 4189 3809 4248 inferte

2186 4303 2330 4351 rem,
2365 4292 2524 4342 tanta
2553 4288 2812 4358 largitate
2838 4289 3113 4342 bonitatis
3168 4289 3440 4351 instituit,
3472 4294 3536 4343 ut
3579 4284 3735 4340 nullus
3767 4275 3810 4328 si‘.

2185 4377 2392 4430 coelum
2436 4381 2763 4445 terramque
2795 4377 3214 4432 rationabiliter
3270 4379 3526 4442 intuens,
3577 4378 3809 4435 emneatu“

2183 4469 2420 4520 naturas
2450 4464 2702 4520 visibiles
2732 4465 2793 4519 in
2824 4465 2940 4520 suis
2969 4467 3277 4536 generibus
3308 4467 3646 4528 moderatas,
3665 4459 3809 4514 formi-

2181 4559 2290 4622 tas,
2323 4553 2635 4620 ordinatas,
2667 4554 2766 4625 qui
2794 4554 2883 4608 vel
2910 4555 3087 4608 alium
3109 4556 3304 4610 credat
3330 4555 3605 4609 artiﬁcem
3625 4544 3811 4605 omnium

2183 4659 2306 4697 esse
2340 4659 2512 4714 quam
2547 4644 2746 4710 Deum,
2775 4644 2863 4697 vel
2891 4660 3008 4697 non
3038 4661 3169 4698 eum
3219 4643 3591 4699 ineffabiliter
3640 4634 3811 4693 laudan-

2182 4731 2321 4786 dum
2352 4748 2471 4786 esse
2502 4730 2770 4785 fateatur.
2811 4731 2936 4786 Sive
2963 4733 3121 4786 nulla
3151 4732 3269 4786 est’
3301 4733 3515 4788 melior
3566 4741 3728 4784 rerum
3751 4736 3812 4773 ῡτο

2185 4820 2424 4888 dinatio,
2457 4819 2567 4874 nisi
2625 4824 2876 4891 potestas
2925 4822 3183 4892 angelica
3213 4825 3443 4876 natura:
3473 4812 3764 4876 excellentia
3782 4811 3814 4858 εἴ

2179 4910 2433 4965 bonitate
2482 4909 2789 4964 voluntatis
2837 4909 2897 4964 in
2957 4909 3328 4980 dispositione
3378 4903 3815 4965 universitatissu-

2179 4998 2554 5069 peremineat,
2585 4998 2809 5052 etiamsi
2838 5015 3034 5052 omnes
3056 5004 3389 5070 peccassent
3415 4996 3631 5069 Angeli,
3659 4988 3814 5046 nulla!Il

2177 5085 2436 5156 inopiam
2464 5086 2713 5141 facerent
2734 5087 2805 5141 ad
2836 5087 3152 5157 regendum
3181 5087 3497 5158 imperium
3524 5099 3676 5139 suum
3703 5080 3815 5133 Crea-

2177 5174 2292 5228 tori
2321 5175 2694 5244 Angelorum.
2729 5175 2853 5228 Non
2882 5175 3037 5229 enim
3060 5177 3148 5230 vel
3178 5176 3412 5230 bonitas
3443 5177 3563 5245 ejus
3593 5167 3732 5242 quasi
3754 5162 3816 5214 ali-

2177 5278 2291 5333 quo
2325 5262 2518 5327 taedio,
2560 5263 2648 5317 vel
2679 5263 3096 5335 omnipotentia
3151 5264 3494 5318 difficultate
3524 5259 3754 5316 deﬁceret
3778 5246 3819 5302 ad

2178 5352 2454 5406 creandos
2479 5351 2642 5421 alios,
2677 5368 2819 5423 quos
2875 5353 2936 5406 in
2983 5353 3065 5406 eis
3121 5353 3354 5407 sedibus
3386 5353 3688 5406 collocaret,
3723 5351 3817 5412 (103*

2173 5441 2459 5512 peccando
2518 5441 2616 5494 alii
2661 5441 3083 5509 deseruissent;
3137 5446 3233 5496 aut
3283 5447 3551 5496 creatura
3576 5426 3820 5509 spiritualis

2236 5568 2254 5600 ι
2287 5565 2525 5622 Quatuor
2554 5565 2675 5614 Mss.
2701 5563 2999 5629 defecisset,
3022 5565 3110 5615 sed
3126 5565 3424 5628 maiestate
3445 5576 3560 5614 sua.
3580 5563 3684 5610 Non
3707 5550 3817 5603 male-

2233 5645 2254 5678 2
2281 5644 2404 5693 Lov.
2438 5643 2493 5692 in
2514 5647 2680 5704 textu,
2711 5647 2831 5696 Sive
2860 5645 2974 5696 ulla
3000 5648 3089 5696 est.
3121 5647 3188 5696 At
3212 5645 3338 5696 Bad.
3371 5647 3459 5695 Er.
3481 5637 3777 5695 etMss.Sirr.
