4008 6184
136 249 162 298 1
182 248 287 298 289

128 366 495 440 quantilibet
521 366 746 422 numeri
776 368 817 434 1,
848 368 893 421 si
921 384 1026 439 pro
1052 369 1169 423 suis
1199 370 1415 425 meritis
1456 371 1847 441 damnaretur,

129 460 452 527 angustare
480 455 979 525 possetjordiuem,
1013 457 1110 528 qui
1141 459 1547 513 convenienter
1570 464 1625 513 et
1650 460 1847 514 decen-

130 550 235 600 ter
264 544 475 615 excipit
502 560 893 615 quoscumque
933 545 1284 599 damnandos
1314 545 1356 601 ².
1391 548 1758 619 Quacumque
1789 563 1846 601 se

128 634 322 706 igitur
391 634 766 688 consideratio
818 638 1009 688 nostra
1064 635 1425 702 converterit,
1486 636 1848 690 inetiabiliter

134 723 499 777 laudandum
532 722 751 777 invenit
782 724 962 777 Deum
993 728 1325 777 naturarum
1359 724 1619 778 omnium
1648 725 1844 779 condi-

140 819 336 867 torem
368 810 674 881 optimum,
698 815 755 865 et
786 811 1304 866 administratorem
1327 812 1728 883 justissimum.

220 904 306 955 36.
368 902 687 966 Postremo,
739 904 802 954 ut
847 900 1242 971 relinquamus
1300 902 1847 971 contemplationem

137 987 595 1060 pulchritudinis
642 1004 832 1041 rerum
865 987 933 1041 iis
976 988 1075 1059 qui
1116 1005 1239 1042 eam
1272 988 1463 1043 divino
1494 1006 1731 1043 munere
1762 990 1845 1043 vi-

138 1078 285 1131 dere
314 1081 576 1147 possunt,
607 1092 712 1130 nec
743 1092 837 1129 eos
866 1076 963 1147 qui
996 1094 1110 1131 non
1131 1083 1372 1147 possunt
1394 1083 1413 1112 ³
1440 1079 1507 1133 ad
1535 1078 1842 1134 ineffabilia

130 1165 472 1219 contuenda
505 1164 688 1217 verbis
736 1180 1012 1219 conemur
1055 1166 1356 1233 adducere,
1390 1171 1445 1221 et
1488 1172 1683 1221 tamen
1714 1184 1845 1238 pro-

128 1258 274 1323 pter
322 1254 590 1324 loquaces
638 1258 736 1307 aut
781 1252 1040 1308 inﬁrmos
1085 1259 1184 1309 aut
1233 1254 1536 1308 insidiosos
1585 1256 1845 1309 homines

128 1347 361 1396 tantam
427 1342 803 1412 quaastionem
867 1342 1199 1398 brevissima
1262 1345 1651 1414 complexione
1710 1360 1840 1414 per-

132 1447 402 1501 agamus.
578 1432 581 1435 ’

134 1520 373 1574 CAPUT
395 1520 535 1573 XIII.
565 1548 633 1559 —
662 1522 749 1573 Ea:
770 1524 1032 1574 creatura
1056 1522 1397 1589 corruptione
1421 1524 1471 1574 et
1490 1536 1556 1573 ex
1580 1522 1702 1573 vitii
1728 1520 1845 1589 ejus

393 1609 790 1676 vituperatione
821 1607 1030 1662 bonitas
1072 1610 1246 1677 ipsius
1275 1608 1595 1663 ostenditur.

218 1695 417 1750 Omnis
463 1699 668 1749 natura
706 1712 833 1767 quas
879 1695 1067 1749 minus
1108 1696 1257 1749 bona
1305 1695 1427 1750 ﬁeri
1458 1699 1664 1766 potest,
1699 1695 1847 1749 bona

132 1790 233 1837 est
256 1802 269 1851 ;
300 1789 356 1837 et
382 1784 570 1838 omnis
592 1788 796 1837 natura
815 1785 951 1838 dum
971 1784 1575 1854 corrumpitur,minus
1592 1786 1743 1838 bona
1761 1785 1841 1838 tit.

134 1875 261 1927 Aut
283 1872 437 1926 enim
460 1889 573 1927 non
597 1873 650 1926 ei
679 1876 843 1927 nocet
863 1873 1177 1942 corruptio,
1212 1878 1267 1927 et
1290 1890 1400 1927 non
1430 1873 1841 1944 corrumpitur;

132 1966 246 2015 aut
277 1961 324 2013 si
352 1961 762 2032 corrumpitur,
811 1966 979 2015 nocet
1026 1960 1080 2014 ei
1126 1962 1416 2031 corruptio
1450 1978 1463 2015 :
1498 1966 1557 2016 et
1584 1962 1630 2015 si
1660 1966 1845 2030 nocet,

132 2049 360 2104 minuit
391 2050 608 2119 aliquid
638 2050 707 2103 de
738 2051 888 2103 bono
913 2050 1055 2119 ejus,
1088 2053 1142 2103 et
1164 2066 1288 2103 eam
1321 2051 1509 2103 minus
1539 2050 1745 2103 bonam
1772 2051 1848 2103 fa-

131 2138 240 2193 cit.
270 2140 413 2191 Nam
451 2138 497 2191 si
528 2138 759 2208 penitus
788 2155 911 2192 eam
948 2138 1132 2209 privat
1169 2138 1325 2192 omni
1370 2139 1544 2205 bono,
1569 2138 1845 2210 quidquid

132 2227 272 2297 ejus
300 2227 638 2295 remanebit,
665 2228 785 2299 jam
814 2228 1105 2297 corrumpi
1135 2244 1251 2281 non
1282 2228 1520 2297 poterit;
1555 2228 1689 2293 quia
1718 2229 1847 2282 nul-

134 2317 270 2370 lum
301 2316 410 2369 erit
451 2316 667 2370 bonum
708 2316 870 2386 cujus
901 2316 1260 2387 ademptione
1292 2315 1467 2387 possit
1496 2332 1697 2370 nocere
1727 2332 1848 2370 cor-

141 2402 347 2473 ruptio
381 2421 393 2457 :
429 2402 521 2457 cui
551 2407 742 2457 autem
774 2420 889 2456 non
920 2407 1104 2473 potest
1136 2419 1340 2457 nocere
1380 2404 1687 2474 corruptio,
1732 2420 1849 2457 non

142 2492 560 2562 corrumpitur.
613 2493 789 2546 Porro
846 2496 1049 2545 natura
1101 2508 1229 2563 quae
1277 2508 1394 2545 non
1446 2492 1847 2563 corrumpitur,

143 2579 603 2651 incorruptibilis
659 2584 744 2634 est
791 2596 803 2633 :
854 2580 961 2634 erit
1004 2597 1140 2651 ergo
1191 2585 1412 2645 natura,
1466 2581 1614 2651 quod
1657 2581 1848 2634 absur-

146 2669 452 2724 dissimum
502 2672 586 2723 est
633 2669 839 2735 dicere,
895 2668 1261 2739 corruptione
1320 2667 1463 2722 facta
1506 2668 1847 2739 incorrupti-

142 2758 302 2812 bilis.
349 2758 710 2828 Quapropter
753 2758 900 2827 quod
943 2757 1233 2812 verissime
1273 2756 1497 2823 dicitur,
1531 2757 1717 2810 omnis
1749 2774 1850 2811 na—

142 2851 279 2900 tura
310 2847 368 2900 in
391 2850 669 2917 quantum
695 2850 896 2899 natura
918 2849 1021 2910 est,
1046 2846 1196 2898 bona
1216 2848 1299 2898 est
1328 2861 1339 2898 :
1366 2844 1500 2915 quia
1528 2844 1573 2897 si
1598 2844 1850 2897 incorru-

142 2936 369 3007 ptibilis
401 2940 504 3001 est,
558 2934 762 2988 melior
800 2938 885 2987 est
916 2948 1091 3004 quam
1132 2931 1544 3002 corruptibilis;
1581 2932 1627 2985 si
1659 2936 1847 2985 autem

147 3023 546 3094 corruptibilis
591 3028 696 3091 est,
742 3021 1017 3093 quoniam
1059 3022 1195 3075 dum
1244 3020 1630 3091 corrumpitur
1661 3020 1851 3074 minus

144 3114 298 3168 bona
353 3112 438 3177 ﬁt,
498 3111 619 3165 sine
670 3110 1028 3165 dubitatione
1066 3110 1215 3164 bona
1264 3113 1363 3163 est.
1417 3108 1613 3163 Omnis
1660 3113 1847 3163 autem

146 3205 354 3255 natura
385 3204 485 3254 aut
516 3199 903 3269 corruptibilis
937 3203 1041 3265 est,
1083 3203 1181 3252 aut
1209 3197 1677 3268 incorruptibilis.
1710 3198 1847 3252 Om-

144 3292 241 3345 nis
268 3306 402 3359 ergo
438 3294 642 3343 natura
672 3290 823 3342 bona
855 3292 936 3341 est
969 3305 981 3342 :
1016 3291 1277 3341 naturam
1310 3304 1445 3340 voco
1478 3302 1605 3357 qua:
1635 3290 1691 3341 et
1717 3287 1849 3341 sub-

150 3377 361 3431 stantia
377 3377 487 3432 dici
518 3376 883 3432 solet.0mnis
902 3375 1078 3447 igitur
1099 3374 1413 3430 substantia
1441 3378 1541 3427 aut
1563 3376 1730 3439 Deus,
1756 3377 1851 3427 aut

147 3485 219 3521 ex
254 3469 402 3533 Deo;
437 3468 573 3537 quia
604 3483 773 3521 omne
800 3466 1019 3519 bonum
1046 3470 1145 3519 aut
1174 3467 1340 3530 Deus,
1368 3468 1467 3517 aut
1486 3480 1553 3516 ex
1581 3463 1715 3516 Deo.

224 3558 311 3609 37.
364 3555 580 3619 Quibus
628 3553 951 3607 constitutis
981 3557 1151 3624 atque
1198 3551 1439 3606 ﬁrmatis
1488 3556 1758 3621 tanquam
1790 3548 1849 3602 in

148 3642 338 3713 capite
396 3641 845 3697 ratiocinationis
902 3646 1135 3709 nostrae,
1185 3640 1411 3694 attende
1460 3638 1597 3709 quid
1643 3637 1845 3691 dicam.

150 3732 352 3785 Omnis
382 3735 587 3785 natura
606 3729 1056 3793 rationalis,cum
1084 3729 1264 3783 libero
1284 3726 1593 3781 voluntatis
1615 3723 1850 3779 arbitrio

149 3819 404 3885 condita,
429 3819 473 3872 si
503 3823 697 3873 manet
725 3818 782 3872 in
814 3818 1053 3872 fruendo
1084 3834 1308 3871 summo
1339 3820 1509 3887 atque
1530 3814 1850 3868 incommu-

148 3908 313 3964 tabili
344 3908 519 3974 bono,
553 3908 749 3978 procul
772 3906 945 3961 dubio
967 3907 1248 3961 laudanda
1279 3909 1390 3971 est;
1424 3908 1476 3959 et
1506 3903 1691 3958 omnis
1722 3918 1851 3973 quae

150 3996 337 4052 tendit
371 4001 435 4049 ut
460 3995 887 4064 maneat,etiam
922 3996 1042 4065 ipsa
1072 3995 1355 4050 laudanda
1386 3998 1471 4047 est
1498 4010 1510 4048 :
1540 3992 1725 4047 omnis
1757 4007 1852 4046 au-

148 4090 267 4140 tem
303 4101 431 4156 quae
468 4100 586 4139 non
616 4084 675 4137 in
708 4100 775 4137 eo
806 4088 1019 4152 manet,
1049 4088 1108 4137 et
1140 4100 1253 4136 non
1286 4082 1405 4135 vult
1433 4097 1601 4151 agere
1635 4084 1697 4133 ut
1726 4096 1851 4133 ma-

148 4173 369 4239 neat,in
389 4176 670 4244 quantum
692 4171 769 4226 ibi
793 4188 908 4225 non
931 4176 1095 4239 est,et
1123 4172 1181 4224 in
1212 4174 1490 4242 quantum
1520 4186 1633 4223 non
1661 4168 1717 4221 id
1733 4169 1854 4238 agit

152 4266 218 4315 ut
247 4260 324 4314 ibi
354 4261 442 4326 sit,
476 4260 853 4331 vituperanda
883 4264 981 4313 est.
1009 4260 1065 4313 Si
1098 4275 1233 4329 ergo
1262 4258 1530 4312 laudatur
1561 4255 1852 4310 rationalis

154 4353 361 4402 natura
409 4364 537 4418 quas
586 4352 670 4401 est
698 4347 863 4415 facta,
895 4363 1066 4400 nemo
1100 4346 1323 4409 dubitat
1351 4342 1700 4397 laudandum
1732 4357 1851 4395 esse

154 4436 258 4507 qui
287 4436 446 4503 fecit;
476 4440 533 4490 et
556 4436 603 4489 si
633 4436 1005 4506 vituperatur,
1044 4449 1210 4487 nemo
1241 4430 1463 4487 dubitat
1491 4430 1613 4501 ejus
1650 4426 1851 4481 Condi-

155 4529 341 4577 torem
372 4523 430 4576 in
470 4524 591 4593 ipsa
620 4523 742 4594 ejus
781 4521 1198 4593 vituperatione
1237 4517 1477 4573 laudari.
1510 4519 1650 4571 Cum
1699 4514 1852 4569 enim

156 4616 463 4684 propterea
492 4612 882 4683 vituperamus
923 4611 1093 4679 hanc,
1124 4608 1397 4681 quoniam
1426 4620 1649 4659 summo
1681 4607 1738 4657 et
1764 4604 1852 4657 in-

155 4700 559 4755 commutabili
588 4701 759 4767 bono,
791 4700 849 4755 id
879 4704 962 4754 est
993 4702 1259 4755 Creatore
1291 4713 1392 4751 suo
1423 4694 1537 4749 frui
1568 4708 1685 4747 non
1711 4692 1848 4751 vult.

155 4823 313 4876 nulla
342 4827 446 4883 est;
476 4838 594 4885 quas
634 4823 788 4873 lectio
816 4824 869 4871 in
899 4823 1128 4872 editione
1154 4823 1278 4871 Lov.
1308 4821 1373 4885 ad
1400 4820 1689 4885 marginem
1714 4813 1854 4885 haud

158 4890 297 4936 recte
317 4878 509 4948 rejecta
534 4890 629 4945 est,
653 4900 773 4935 cum
799 4883 1387 4948 disjunctivaparticula
1411 4878 1738 4948 siveﬁudicet
1756 4878 1856 4925 hoc

156 4962 270 4998 esse
326 4944 626 4996 membrum
675 4944 897 4996 alterum
951 4944 1249 5009 oppositum
1292 4945 1564 5008 superiori,
1608 4944 1723 4992 sive
1760 4953 1857 5003 per

153 5010 337 5061 nullas
362 5010 433 5058 ad
464 5009 560 5058 hoc
586 5010 782 5071 ipsum.

227 5075 242 5106 ¹
269 5073 327 5119 In
363 5063 633 5119 codicibus
663 5072 897 5132 quinque
934 5070 1153 5119 vetustis
1180 5082 1275 5118 nec
1305 5066 1577 5118 deterioris
1602 5067 1740 5114 notas
1771 5063 1857 5112 ha-

157 5137 330 5196 betur,
362 5132 675 5196 quaphtibet
699 5132 963 5181 muneris.
1025 5192 1036 5196 _
1266 5190 1280 5196 _
1460 5190 1492 5196 ,Α
1594 5189 1631 5196 _
1825 5187 1834 5196 ,

223 5197 244 5230 ²
272 5189 445 5263 Erfet
469 5193 612 5249 Lov.,
633 5206 978 5263 quoscumque
1002 5190 1338 5263 damnandos
1363 5190 1571 5263 m'yll‘os.
1591 5189 1861 5263 Expugn-

159 5272 279 5329 mus
310 5254 525 5329 inultos,
557 5250 680 5316 quia
724 5250 1003 5313 redundat,
1044 5254 1294 5316 abestque
1327 5267 1358 5301 a
1401 5251 1525 5300 Bad.
1556 5256 1609 5300 et
1648 5250 1687 5299 a7
1725 5250 1851 5297 Mss.

160 5318 495 5429 ᾳυδῃὲἰιῗὶῗξῃέἰ
527 5378 648 5427 Mss.
681 5377 915 5441 plerique
942 5380 1122 5441 carent
1146 5376 1257 5425 istis
1286 5376 1476 5441 verbis,
1505 5377 1595 5441 qui
1623 5386 1729 5423 non
1742 5385 1862 5441 pos-

161 5447 300 5500 sunt,
324 5457 443 5505 quae
473 5437 901 5505 liucirev'ocandu
931 5438 1231 5503 putavimus
1261 5453 1288 5486 e
1324 5438 1503 5485 codice
1528 5437 1690 5483 altero
1739 5437 1860 5482 Sor-

163 5502 358 5555 bouieci
381 5509 433 5553 et
464 5518 528 5553 ex
554 5504 670 5553 aliis
696 5502 922 5552 duobus.

474 5602 751 5667 PATROL.
803 5600 1046 5666 XXXII.

1613 244 1820 302 LIBER
1863 232 2186 303 TERTIUS.

3520 259 3655 312 1290

1960 371 2124 426 illum
2152 372 2273 428 sine
2299 376 2417 430 ulla
2447 375 2800 431 dubitatione
2834 377 3151 434 laudamus.
3190 380 3476 445 Quantum
3521 399 3656 454 ergo

1958 460 2194 528 bonum,
2228 467 2282 517 et
2311 480 2483 535 quam
2511 466 2593 519 vel
2624 464 2991 520 ineffabiliter
3020 468 3231 538 linguis
3261 470 3547 537 omnibus,
3569 474 3656 527 vel

1959 548 2326 605 ineffabiliter
2372 554 2814 624 cogitationibus
2858 555 3123 610 omnibus
3172 558 3572 628 przedicandus
3602 565 3659 614 et

1958 638 2329 694 honorandus
2382 646 2467 695 est
2520 646 2743 695 creator
2798 643 3053 697 omnium
3103 645 3269 711 Deus,
3324 646 3446 699 sine
3496 647 3657 715 cujus

1958 727 2126 782 laude
2168 745 2272 782 nec
2318 730 2539 783 laudari
2582 747 2906 801 possumus,
2972 748 3071 786 nec
3122 734 3464 803 vituperari!
3531 737 3656 789 Non

1958 815 2112 869 enim
2142 817 2450 888 vituperari
2478 836 2779 890 possumus
2812 819 2947 889 quia
2984 819 3042 874 in
3069 837 3136 875 eo
3176 838 3292 875 non
3331 839 3652 889 manemus,

1959 903 2068 957 nisi
2110 905 2243 975 quia
2284 922 2559 976 magnum
2606 912 2662 960 et
2692 923 2979 960 summum
3014 912 3069 960 et
3096 908 3350 977 primum
3393 915 3653 963 nostrum

1957 991 2172 1047 bonum
2207 997 2288 1047 est
2320 1011 2551 1049 manere
2580 994 2637 1048 in
2664 994 2759 1048 illo
2796 1012 2807 1048 :
2842 996 2991 1049 unde
3024 1000 3212 1049 autem
3245 997 3487 1063 hoc,nisi
3522 998 3656 1068 quia

1960 1079 2054 1134 ille
2085 1080 2369 1135 ineffabile
2400 1082 2614 1136 bonum
2640 1082 2766 1136 est?
2786 1084 2923 1147 Quid
2960 1100 3093 1155 ergo
3127 1084 3369 1139 inveniri
3396 1090 3581 1157 potest
3600 1086 3657 1140 in

1958 1169 2168 1223 nostris
2189 1170 2435 1240 peccatis
2457 1170 2716 1225 undeille
2740 1172 3354 1244 vituperetur,quando
3375 1174 3657 1244 vitupera-

1958 1257 2035 1311 tio
2067 1263 2427 1327 pecc-atorum
2464 1263 2785 1312 nostrorum
2807 1261 2965 1313 nulla
2988 1261 3206 1327 est,nisi
3237 1263 3330 1315 ille
3357 1263 3659 1317 laudetur?

2029 1349 2115 1400 38.
2140 1346 2306 1409 Quid,
2343 1347 2493 1417 quod
2526 1347 2697 1400 etiam
2729 1347 2785 1400 in
2810 1348 2946 1416 ipsis
2973 1350 3141 1402 rebus
3170 1367 3297 1420 quas
3327 1350 3656 1421 vituperan-

1957 1438 2066 1499 tur,
2100 1435 2312 1488 nullius
2341 1435 2700 1505 vituperatur
2747 1436 2859 1489 nisi
2903 1436 3150 1491 vitium?
3198 1439 3419 1491 Nullius
3464 1444 3654 1494 autem

1957 1521 2315 1592 vituperatur
2354 1521 2580 1588 vitium,
2632 1522 2738 1574 nisi
2778 1522 2939 1592 cujus
2980 1527 3184 1577 natura
3216 1525 3496 1579 laudatur.
3548 1530 3660 1579 Aut

1959 1609 2108 1663 enim
2157 1609 2468 1663 secundum
2502 1615 2764 1664 naturam
2805 1615 2889 1664 est
2922 1612 3075 1681 quod
3107 1613 3428 1682 vituperas;
3458 1617 3514 1666 et
3542 1630 3657 1667 non

1957 1701 2043 1751 est
2066 1696 2292 1766 vitium,
2324 1702 2501 1768 tuque
2543 1698 2726 1767 magis
2766 1699 3152 1753 emendandus
3180 1717 3257 1760 es,
3291 1706 3356 1754 ut
3387 1706 3536 1755 recte
3578 1702 3659 1755 vi-

1960 1790 2225 1855 tuperare
2246 1785 2490 1852 noveris,
2508 1802 2677 1856 quam
2698 1786 2838 1839 illud
2860 1788 3011 1857 quod
3036 1804 3151 1841 non
3165 1793 3315 1843 recte
3336 1789 3653 1860 vituperas;

1960 1878 2057 1928 aut
2110 1874 2156 1926 si
2203 1873 2406 1927 vitium
2464 1878 2565 1939 est,
2614 1878 2678 1927 ut
2724 1878 2870 1927 recte
2916 1875 3228 1945 vituperari
3258 1876 3452 1946 possit,
3486 1878 3653 1929 etiam

1958 1966 2149 2017 contra
2182 1966 2445 2016 naturam
2476 1964 2547 2016 sit
2581 1979 2805 2016 necesse
2840 1967 2941 2017 est.
2977 1965 3155 2018 Omne
3187 1963 3400 2035 quippe
3432 1964 3653 2029 vitium,

1960 2068 2027 2104 eo
2060 2050 2181 2120 ipso
2214 2068 2326 2121 quo
2357 2050 2559 2103 vitium
2604 2054 2708 2115 est,
2742 2059 2939 2103 contra
2982 2054 3246 2104 naturam
3278 2055 3380 2104 est.
3412 2051 3469 2105 Si
3500 2052 3653 2105 enim

1960 2144 2177 2193 natura:
2205 2156 2321 2193 non
2351 2144 2537 2205 nocet,
2565 2154 2670 2192 nec
2702 2139 2900 2192 vitium
2926 2144 3035 2205 est;
3062 2140 3109 2193 si
3128 2144 3318 2194 autem
3336 2140 3471 2211 quia
3489 2144 3659 2195 nocet

1960 2225 2090 2279 ideo
2122 2226 2324 2280 vitium
2358 2229 2461 2292 est,
2494 2226 2621 2279 ideo
2652 2226 2851 2279 vitium
2885 2231 2971 2280 est
3000 2226 3136 2297 quia
3164 2232 3361 2282 contra
3390 2232 3655 2282 naturam

1961 2319 2061 2368 est.
2096 2314 2252 2378 Quod
2286 2314 2331 2367 si
2374 2331 2487 2368 non
2521 2331 2644 2380 suo,
2696 2314 2792 2367 sed
2826 2315 3012 2368 alieno
3056 2315 3194 2369 vitio
3237 2316 3427 2387 aliqua
3456 2321 3658 2371 natura

1961 2404 2368 2471 corrumpitur,
2418 2403 2628 2473 injuste
2676 2403 3053 2473 vituperatur,
3089 2408 3145 2457 et
3170 2406 3543 2474 quaerendum
3575 2411 3662 2459 est

1962 2496 2155 2545 utrum
2202 2491 2299 2544 illa
2352 2496 2556 2545 natura
2604 2507 2719 2545 non
2747 2496 3147 2562 corrumpatur
3174 2493 3311 2546 vitio
3343 2510 3463 2557 suo,
3500 2494 3660 2563 cujus

1960 2578 2096 2633 vitio
2152 2578 2339 2649 potuit
2388 2579 2575 2633 aliena
2627 2584 2828 2633 natura
2875 2580 3185 2650 corrumpi.
3238 2582 3346 2636 Sed
3391 2582 3527 2652 quid
3577 2586 3661 2636 est

1961 2668 2116 2723 aliud
2162 2668 2367 2735 vitiari,
2416 2668 2527 2721 nisi
2556 2667 2693 2721 vitio
2726 2667 3053 2737 corrumpi?
3093 2670 3269 2721 Porro
3296 2672 3500 2721 natura
3532 2685 3659 2738 quze

1961 2772 2076 2809 non
2120 2755 2373 2822 vitiatur,
2418 2760 2571 2808 caret
2614 2754 2754 2808 vitio
2799 2769 2811 2810 :
2863 2755 3024 2824 cujus
3069 2759 3261 2809 autem
3306 2755 3443 2809 vitio
3474 2755 3661 2809 aliena

1962 2848 2164 2896 natura
2197 2842 2605 2912 corrumpitur,
2658 2842 2827 2895 habet
2860 2843 3055 2912 utique
3082 2842 3301 2896 vitium.
3338 2844 3498 2896 Prior
3524 2859 3659 2912 ergo

1924 2970 1931 2977 .
1963 2928 2159 2982 vitiosa
2189 2933 2295 2995 est,
2345 2933 2399 2981 et
2444 2929 2606 2999 prior
2635 2928 3024 2999 corrumpitur
3052 2929 3187 2982 vitio
3217 2945 3340 2995 suo,
3382 2930 3543 2999 cujus
3571 2931 3653 2983 vi-

1960 3017 2041 3071 tio
2082 3017 2191 3071 alia
2238 3033 2469 3088 quoque
2512 3016 2799 3087 corrumpi
2845 3021 3051 3087 potest.
3090 3019 3161 3071 Ex
3193 3034 3306 3088 quo
3347 3018 3657 3087 colligitur,

1960 3109 2159 3160 contra
2188 3108 2451 3158 naturam
2484 3119 2603 3157 esse
2632 3119 2803 3157 omne
2833 3103 3058 3169 vitium,
3091 3103 3264 3158 etiam
3295 3104 3417 3174 ejus
3447 3104 3530 3157 rei
3560 3119 3657 3157 cu-

1956 3195 2051 3266 jus
2092 3199 2176 3247 est
2221 3192 2443 3247 vitium.
2489 3193 2865 3263 Quapropter,
2899 3192 3174 3263 quoniam
3205 3192 3262 3247 in
3294 3208 3656 3264 quacumque

1963 3300 2021 3337 re
2050 3299 2167 3337 non
2196 3282 2552 3352 vituperatur
2580 3280 2691 3334 nisi
2721 3279 3077 3349 vitium,ideo
3107 3285 3295 3335 autem
3321 3282 3528 3335 vitium‘
3552 3285 3656 3348 est,

1963 3372 2098 3443 quia
2144 3374 2341 3425 contra
2386 3373 2651 3423 naturam
2692 3368 2812 3439 ejus
2857 3368 2941 3422 rei
2979 3374 3064 3423 est
3110 3370 3271 3440 cujus
3319 3372 3403 3423 est
3431 3369 3655 3434 vitium,

1964 3459 2175 3514 nullius
2228 3458 2304 3511 rei
2353 3462 2503 3512 recte
2551 3458 2909 3527 vituperatur
2945 3456 3170 3524 vitium,
3203 3457 3315 3510 nisi
3362 3457 3523 3526 cujus
3554 3473 3656 3509 na-

1962 3552 2089 3601 tura
2118 3548 2397 3601 laudatur.
2433 3547 2558 3599 Non
2611 3545 2764 3598 enim
2796 3544 2899 3598 tibi
2940 3548 3089 3599 recte
3120 3545 3181 3597 in
3208 3544 3345 3598 vitio
3375 3543 3655 3614 displicet,

1963 3635 2072 3689 nisi
2101 3634 2234 3706 quia
2262 3633 2422 3688 vitiat
2451 3633 2603 3703 quod
2629 3632 2687 3685 in
2718 3635 2923 3685 natura
2951 3633 3155 3701 placet.

2037 3725 2261 3780 CAPUT
2288 3724 2421 3777 XIV.
2449 3754 2513 3761 -—
2545 3724 2660 3779 Non
2689 3720 2864 3776 omnis
2895 3724 3167 3791 corruptio
3195 3722 3586 3791 vituperatimic

2659 3809 2828 3879 digna
2857 3813 2953 3865 est.

2035 3905 2121 3956 39.
2155 3899 2473 3955 Videndum
2514 3902 2597 3953 est
2628 3897 2798 3953 etiam
2831 3898 2992 3961 illud,
3040 3902 3236 3952 utrum
3275 3912 3405 3952 vere
3438 3897 3660 3952 dicatur

1965 3990 2215 4061 aliquam
2237 3992 2500 4042 naturam
2521 3991 2745 4041 naturae
2771 3986 3002 4040 alterius
3022 3986 3157 4041 vitio
3183 3984 3658 4056 corrumpi,nullo

1964 4078 2233 4148 adjuncto
2264 4076 2402 4129 vitio
2453 4091 2575 4129 suo.
2623 4074 2681 4129 Si
2712 4074 2864 4127 enim
2895 4078 3097 4127 natura
3124 4091 3253 4144 quas
3280 4073 3498 4128 accedit
3528 4087 3660 4126 cum

1964 4162 2100 4215 vitio
2129 4176 2231 4214 suo
2262 4160 2334 4214 ad
2364 4158 2535 4212 aliam
2558 4158 3176 4228 corrumpendam,non
3202 4157 3262 4209 in
3292 4173 3358 4210 ea
3378 4154 3657 4223 corrupti-

1964 4248 2076 4303 bile
2105 4247 2320 4317 aliquid
2348 4245 2587 4311 invenit,
2610 4261 2727 4298 non
2750 4260 2874 4299 eam
2906 4244 3238 4314 corrumpit.
3265 4243 3324 4297 Si
3357 4246 3546 4296 autem
3570 4241 3657 4295 in-

1963 4336 2135 4400 venit,
2170 4335 2432 4404 adjuncto
2454 4333 2575 4402 ejus
2603 4333 2739 4386 vitio
2762 4332 3191 4403 corruptionem
3222 4330 3344 4399 ejus
3373 4332 3654 4399 operatur.

1926 4456 1927 4459 η
1964 4423 2259 4479 Potentior
2286 4422 2438 4476 enim
2482 4421 2551 4475 ab
2593 4420 2909 4475 infirmiore
2955 4420 3001 4474 si
3032 4417 3318 4488 corrumpi
3348 4417 3509 4483 nolit,
3542 4432 3659 4470 non

1964 4510 2353 4581 corrumpitur
2406 4527 2417 4563 :
2466 4508 2511 4563 si
2542 4513 2731 4563 autem
2776 4509 2929 4573 velit,
2962 4507 3121 4577 prius
3150 4505 3350 4575 incipit
3391 4520 3492 4558 suo
3520 4504 3657 4558 vitio

1965 4599 2254 4671 corrumpi
2308 4614 2481 4669 quam
2537 4597 2740 4652 alieno.
2802 4594 3051 4665 Aiqualis
3101 4597 3291 4647 autem
3332 4592 3401 4646 ab
3453 4591 3659 4663 aequali

1967 4687 2341 4743 nihilominus
2370 4686 2417 4740 si
2448 4685 2740 4756 corrumpi
2761 4683 2922 4748 nolit,
2956 4697 3074 4735 non
3102 4684 3301 4752 potest.
3341 4682 3481 4735 Nam
3513 4697 3663 4751 quaa-

1968 4793 2214 4848 cumque
2244 4780 2449 4830 natura
2479 4790 2607 4828 eum
2640 4772 2774 4826 vitio
2807 4771 2877 4825 ad
2908 4785 3033 4823 eam
3078 4785 3206 4840 qua:
3239 4770 3359 4823 sine
3388 4769 3525 4823 vitio
3555 4772 3658 4829 est,

1968 4870 2032 4920 ut
2061 4867 2393 4935 corrumpat
2428 4861 2662 4928 accedit,
2709 4875 2776 4913 eo
2825 4858 2948 4929 ipso
2996 4873 3116 4911 non
3157 4857 3375 4912 accedit
3404 4856 3658 4928 (aqualis,

1970 4954 2064 5007 sed
2094 4952 2378 5007 inﬁrmior
2398 4949 2538 5003 vitio
2568 4964 2691 5001 suo.
2712 4946 2769 5001 Si
2798 4962 2931 5000 vero
2961 4945 3252 5016 potentior
3272 4944 3662 4999 invalidiorem

1970 5041 2307 5111 corrumpit,
2336 5043 2435 5093 aut
2462 5037 2764 5107 utriusque
2793 5034 2931 5088 vitio
2962 5034 3045 5101 fit,
3078 5034 3125 5087 si
3156 5034 3450 5103 utriusque
3491 5045 3665 5101 prava

1971 5130 2280 5201 cupiditate
2311 5128 2404 5193 fit;
2451 5129 2547 5180 aut
2588 5125 2725 5179 vitio
2768 5122 3123 5194 potentioris,
3171 5122 3233 5201 si
3260 5126 3477 5175 natura;
3510 5121 3667 5173 tanta

1971 5200 2297 5291 priestantia
2327 5220 2427 5282 est,
2480 5219 2544 5269 ut
2574 5206 2899 5268 inferiorem
2930 5228 3100 5284 quam
3130 5200 3465 5278 corrumpit,
3495 5208 3666 5261 etiam

1973 5308 2171 5361 vitiosa
2194 5304 2498 5377 praecedat.
2527 5303 2664 5367 Quis
2688 5303 2840 5357 enim
2860 5306 3010 5355 recte
3030 5296 3438 5370 vituperaverit
3456 5296 3669 5349 fructus

1950 5401 2160 5462 ‘terrze,
2190 5394 2339 5465 quod
2368 5392 2635 5447 homines
2666 5392 2747 5445 eis
2776 5407 2893 5445 non
2925 5394 3159 5443 utantur
3185 5387 3351 5451 bene,
3391 5383 3669 5452 corrupti-

1981 5501 2091 5554 que
2123 5483 2255 5535 vitio
2284 5498 2408 5541 suo,
2436 5485 2808 5549 corrumpant
2828 5495 2926 5532 eos
2946 5475 3230 5531 abutendo
3260 5474 3329 5527 ad
3355 5472 3667 5539 luxuriam;

2782 5584 3364 5667 (Charonte-une.)
