4008 6184
362 226 489 279 1291

357 363 489 402 cum
519 351 710 400 tamen
749 341 1009 397 dubitare
1051 336 1330 393 dementis
1355 336 1428 392 sit
1456 338 1907 408 praestantiorem
1941 353 2049 408 po-

357 435 774 502 tentioremque
821 445 940 483 esse
978 427 1226 481 hominis
1268 429 1530 480 naturam
1565 425 1736 480 etiam
1765 421 2048 491 vitiosam,

359 541 532 596 quam
564 538 679 575 non
707 519 940 572 vitiosas
966 531 1219 587 quasque
1249 514 1486 584 fruges?

427 615 515 667 40.
550 611 742 663 Potest
767 605 936 661 etiam
965 605 1088 661 ﬁeri
1117 609 1180 658 ut
1207 603 1458 674 aliquam
1491 602 1819 656 inferiorem
1849 604 2048 672 poten-

360 703 472 754 tior
485 702 686 751 natura
710 696 1051 762 corrumpat,
1091 696 1147 745 et
1167 691 1276 745 hoc
1302 691 1517 744 nullius
1538 707 1733 744 earum
1757 690 1892 744 vitio
1913 689 2046 743 ﬁat:

359 786 642 858 siquidem
673 783 871 837 vitium
890 781 1148 845 dicimus,
1181 779 1332 850 quod
1365 779 1780 849 vituperatione
1811 777 2050 848 dignum

359 883 460 930 est.
492 875 626 938 Quis
656 877 846 926 autem
877 870 964 923 vel
991 869 1268 939 frugalem
1299 868 1591 922 hominem
1626 867 1766 920 nihil
1797 867 1952 920 aliud
1980 865 2051 919 de

357 964 636 1035 frugibus,
662 977 835 1032 quam
857 958 1252 1029 supplementa
1273 961 1491 1011 natura
1517 959 1531 992 ί
1555 956 1954 1027 quaaritantem
1975 954 2053 1007 vi-

354 1058 620 1124 tuperare
653 1049 984 1117 audeat,aut
1008 1046 1237 1100 easdem
1259 1045 1451 1116 fruges
1472 1046 1623 1116 quod
1655 1061 1762 1098 usu
1793 1044 2050 1098 ciborum

356 1143 475 1212 ejus
503 1137 987 1208 corrumpantur?
1023 1135 1172 1189 Talis
1203 1134 1357 1189 enim
1389 1151 1492 1188 nec
1523 1133 1728 1188 usitate
1761 1132 2050 1203 corruptio

353 1228 578 1294 dicitur,
603 1225 734 1297 quia
759 1224 1004 1278 maxime
1036 1222 1155 1276 vitii
1179 1238 1388 1276 nomen
1417 1222 1561 1276 solet
1591 1237 1711 1276 esse
1737 1220 2046 1291 corruptio.

357 1318 496 1370 Nam
531 1321 585 1369 et
612 1315 753 1368 illud
775 1313 835 1366 in
867 1313 1036 1365 rebus
1057 1309 1218 1364 facile
1249 1309 1625 1364 animadverti
1656 1313 1861 1380 potest,
1893 1307 2048 1379 quod

301 1422 322 1427 ο
353 1406 694 1474 plerumque
725 1401 782 1454 in
816 1401 1003 1454 nullos
1023 1414 1160 1452 usus
1188 1402 1209 1432 ²
1241 1397 1534 1468 explendze
1565 1397 1901 1468 indigentize
1932 1412 2051 1449 sum

355 1497 558 1545 natura
606 1489 896 1561 potentior
941 1485 1270 1540 inferiorem
1324 1485 1660 1555 corrumpit,
1702 1484 2050 1554 veljustitia:

355 1582 556 1635 ordine
588 1579 723 1632 dum
754 1577 1002 1630 vindicat
1041 1575 1296 1644 culpam;
1332 1591 1394 1627 ex
1427 1590 1541 1644 qua
1572 1574 1769 1643 regula
1795 1573 1934 1626 illud
1963 1573 2047 1626 di-

354 1676 507 1724 ctum
540 1672 623 1722 est
651 1667 718 1721 ab
744 1665 1038 1735 Apostolo,
1071 1665 1133 1717 Si
1165 1665 1285 1731 quis
1317 1663 1573 1731 templum
1602 1664 1699 1715 Dei
1724 1663 2047 1730 corruperit,

352 1761 653 1826 corrumpet
698 1756 850 1808 illum
880 1756 1017 1806 Deus
1050 1753 1092 1820 (ι
1123 1753 1244 1806 Cor.
1282 1768 1362 1818 ιιι,
1400 1751 1478 1818 l7)
1515 1766 1526 1802 :
1563 1750 1648 1802 vel
1682 1749 1882 1802 ordine
1922 1763 2048 1801 mu-

350 1846 615 1900 tabilium
647 1859 837 1898 rerum
879 1841 986 1894 sibi
1029 1839 1352 1893 cedentium
1385 1837 1695 1897 secundum
1729 1838 1884 1907 leges
1913 1852 2046 1890 con-

350 1933 779 2006 gruentissimas
807 1947 911 2001 pro
935 1927 1179 1982 valentia
1199 1927 1472 1996 cujusque
1493 1926 1670 1996 partis
1694 1924 2048 1979 universitati

349 2023 526 2076 datas.
568 2022 757 2090 Neque
801 2017 953 2071 enim
999 2015 1046 2068 si
1100 2015 1437 2085 cujusquam
1477 2013 1672 2067 oculos
1703 2028 1803 2083 pro
1829 2016 2047 2066 natura;

351 2126 466 2164 sua:
496 2108 730 2162 modulo
775 2104 1024 2159 ferenda:
1056 2103 1198 2156 lucis
1227 2101 1508 2158 invalidos
1555 2100 1634 2154 sol
1667 2100 1889 2169 fulgore
1920 2115 2043 2152 cor-

348 2199 704 2268 rumpat,aut
731 2195 802 2248 ad
832 2191 1165 2264 explendam
1187 2189 1563 2260 indigentiam
1587 2189 1674 2242 sui
1692 2187 1925 2241 luminis
1949 2203 2043 2241 eos

348 2289 699 2339 commutare
726 2281 1014 2352 putandus
1046 2283 1150 2346 est,
1180 2281 1277 2330 aut
1301 2276 1356 2330 id
1384 2275 1567 2330 facere
1592 2276 1710 2329 ullo
1732 2275 1870 2329 vitio
1908 2291 2040 2342 suo;

349 2377 447 2427 aut
468 2373 666 2425 saltem
689 2369 798 2440 ipsi
830 2367 978 2421 oculi
998 2363 1360 2434 vituperandi
1387 2368 1540 2430 sunt,
1573 2363 1706 2434 quia
1729 2366 1786 2417 et
1807 2362 2042 2417 domino

350 2476 452 2515 suo
481 2461 772 2514 cesserunt
800 2460 865 2510 ut
891 2457 1088 2509 contra
1114 2453 1296 2506 lucem
1325 2450 1704 2521 aperirentur,
1727 2455 1784 2504 et
1801 2450 1909 2520 ipsi
1930 2450 2043 2504 luci

348 2553 414 2603 ut
432 2549 956 2617 corrumperentur.
983 2540 1251 2597 Omnium
1274 2539 1450 2610 igitur
1469 2538 1901 2609 corruptionum
1925 2539 2043 2592 sola

349 2653 478 2708 qua:
510 2635 709 2689 vitiosa
741 2635 826 2687 est
861 2627 1149 2698 corruptio
1198 2631 1349 2680 recte
1381 2626 1736 2696 vituperatur
1770 2641 1782 2682 :
1817 2631 2038 2682 caeteras

348 2729 564 2790 autem,
593 2727 690 2777 aut
715 2737 788 2775 ne
811 2717 1200 2788 corruptiones
1231 2714 1459 2784 quidem
1494 2713 1750 2768 dicendm
1783 2719 2041 2780 sunt,aut

345 2817 494 2867 certe
525 2812 661 2883 quia
688 2809 905 2863 vitiosa:
934 2823 1046 2860 non
1071 2808 1220 2868 sunt,
1255 2803 1442 2872 dignae
1472 2802 1891 2873 vituperatione
1917 2819 2038 2858 esse

345 2918 460 2956 non
489 2903 748 2973 possunt.
779 2899 918 2951 Nam
950 2899 1005 2948 et
1033 2893 1152 2963 ipsa
1183 2891 1548 2961 vituperatio,
1582 2891 1735 2962 quod
1768 2892 1871 2946 soli
1901 2892 2036 2947 vitio

343 2995 560 3060 parata,
587 2988 644 3043 id
664 2990 747 3040 est
779 2990 910 3056 apta
936 2987 991 3036 ct
1020 2981 1207 3035 debita
1248 2979 1341 3046 sit,
1372 2979 1506 3033 inde
1537 2980 1765 3034 traxisse
1801 2981 2034 3035 vocabu-

344 3080 463 3133 lum
494 3077 764 3143 creditur,
792 3079 856 3128 ut
883 3068 1224 3140 vituperatio
1249 3067 1556 3122 diceretur.

410 3167 502 3219 41.
558 3161 771 3217 Vitium
818 3162 1030 3225 autem,
1077 3155 1262 3209 dicere
1297 3169 1603 3222 coeperam,
1645 3169 1759 3208 non
1799 3153 2034 3209 aliunde

344 3254 558 3306 malum
597 3254 700 3317 est,
751 3247 859 3302 nisi
905 3247 1041 3318 quia
1070 3248 1287 3299 natura:
1317 3243 1646 3296 adversatur
1691 3244 1813 3313 ejus
1857 3243 2033 3313 ipsius

343 3344 427 3395 rei
450 3340 610 3410 cujus
640 3341 725 3392 est
752 3335 974 3389 vitium.
1010 3332 1166 3385 Unde
1196 3330 1560 3384 manifestum
1587 3333 1672 3383 est
1700 3329 1845 3384 lianc
1883 3347 2032 3384 eam-

343 3430 474 3484 dem
504 3444 625 3483 rem
658 3425 818 3496 cujus
844 3423 1043 3477 vitium
1065 3421 1436 3491 vituperatur,
1468 3423 1672 3472 natura
1702 3434 1821 3472 esse
1843 3419 2032 3473 lauda-

341 3517 544 3583 bilem;
578 3515 656 3570 ita
688 3519 748 3568 ut
779 3511 1011 3567 omnino
1048 3510 1194 3564 hanc
1231 3507 1414 3578 ipsam
1443 3505 1919 3576 vituperationem
1947 3507 2030 3560 vi-

339 3606 571 3671 tiorum,
600 3607 936 3658 naturarum
966 3597 1193 3653 laudem
1225 3612 1344 3650 esse
1370 3596 1670 3657 fateamur,
1702 3610 1901 3648 earum
1931 3594 2032 3648 sci-

338 3693 471 3747 licet
499 3707 744 3764 quarum
765 3689 902 3744 vitia
920 3687 1332 3758 vituperantur.
1357 3683 1498 3748 Quia
1521 3683 1676 3737 enim
1702 3682 1904 3736 vitium
1935 3699 2032 3736 na-

338 3787 483 3836 tura:
533 3780 882 3842 adversatur,
928 3781 1149 3829 tantum
1197 3773 1423 3827 additur
1451 3771 1686 3825 malitia:
1735 3771 2026 3838 vitiorum,

339 3873 619 3940 quantum
659 3871 993 3921 naturarum
1045 3861 1357 3930 integritati
1389 3861 1686 3914 minuitur.
1721 3861 1858 3915 Cum
1891 3876 2028 3930 ergo

337 3958 624 4027 vituperas
653 3954 880 4021 vitium,
927 3951 985 4006 id
1014 3950 1266 4020 profecto
1315 3948 1514 4002 laudas
1541 3949 1702 4018 cujus
1728 3947 2028 4018 integrita-

338 4052 452 4101 tem
473 4043 757 4100 desideras
782 4058 795 4094 :
817 4040 980 4111 cujus
1003 4035 1334 4104 autem,nisi
1354 4040 1573 4089 natura:
1601 4035 2029 4105 integritatem?

338 4137 550 4190 Natura
578 4132 731 4188 enim
760 4129 1149 4200 perfecta,non
1179 4125 1364 4179 solum
1403 4125 1563 4179 nulla
1591 4124 2024 4194 vituperatione,

336 4225 434 4280 sed
465 4225 635 4278 etiam
683 4219 850 4275 laude
894 4219 954 4272 in
990 4233 1091 4270 suo
1119 4230 1327 4286 genere
1359 4213 1530 4285 digna
1561 4217 1666 4268 est.
1699 4213 1858 4277 Quod
1890 4229 2025 4284 ergo

334 4310 670 4386 perfectioni
710 4314 930 4364 natura:
983 4305 1177 4360 deesse
1216 4301 1590 4374 perspexeris,
1641 4301 1698 4356 id
1750 4317 1915 4355 vocas
1944 4302 2023 4356 vi-

331 4404 499 4466 tium,
531 4401 667 4456 satis
696 4399 800 4454 tibi
830 4412 955 4452 eam
981 4395 1202 4466 placere
1232 4395 1573 4458 contestans,
1607 4406 1777 4460 quam
1809 4389 2026 4462 vitupe-

333 4492 552 4546 ratione
581 4484 1032 4559 imperfectionis
1061 4483 1182 4553 ejus
1211 4481 1534 4535 velles~esse
1566 4479 1894 4548 perfectam.

333 4579 557 4634 CAPUT
609 4578 716 4633 XV.
773 4607 842 4616 --
907 4575 1154 4640 Defectus
1202 4573 1460 4624 creatura:
1507 4567 1656 4622 haud
1705 4583 1911 4636 semper
1947 4572 2024 4622 est

1018 4659 1326 4730 culpabilis.

398 4757 490 4810 42.
523 4753 583 4807 Si
627 4752 802 4823 igitur
849 4747 1191 4820 vituperatio
1236 4745 1505 4800 vitiorum
1536 4744 1790 4815 ipsarum
1823 4744 2016 4812 etiam,

330 4855 576 4915 quarum
621 4843 755 4893 sunt
794 4837 953 4905 vitia,
992 4840 1326 4890 naturarum
1361 4832 1532 4886 decus
1566 4830 2017 4901 dignitatemque

327 4928 708 4994 commendat,
739 4928 951 4996 quanto
979 4923 1161 4995 magis
1188 4924 1333 4976 Deus
1359 4920 1616 4974 conditor
1640 4919 1901 4973 omnium
1922 4935 2019 4974 na-

324 5025 585 5076 turarum
616 5015 790 5071 etiam
816 5014 874 5067 in
904 5028 1100 5066 earum
1131 5010 1282 5064 vitiis
1312 5009 1630 5064 laudandus
1659 5012 1772 5075 est;
1803 5023 1932 5061 cum
1963 5013 2018 5062 et

323 5111 430 5165 hoc
456 5109 525 5163 ab
552 5106 651 5161 illo
676 5103 923 5159 habeant
943 5100 1091 5172 quod
1113 5102 1331 5153 natura:
1353 5101 1504 5166 sunt,
1539 5102 1595 5152 et
1620 5097 1678 5150 in
1700 5101 1922 5151 tantum
1939 5097 2016 5151 vi-

323 5200 481 5255 tiosa:
511 5197 644 5263 sint,
680 5195 740 5249 in
769 5191 1048 5264 quantum
1078 5188 1147 5242 ab
1180 5189 1302 5258 ejus
1331 5204 1444 5259 qua
1487 5187 1647 5241 facta:
1687 5191 1819 5241 sunt
1847 5191 1866 5222 ³
1894 5191 2012 5241 arte

384 5291 398 5323 ¹
426 5287 550 5336 Bad.
575 5285 659 5333 Er.
687 5290 738 5332 et
759 5284 879 5332 Mss.
912 5278 1035 5336 duo,
1062 5275 1458 5326 sublevamenia
1483 5279 1706 5325 naturae.

381 5353 402 5384 ²
425 5335 648 5412 Vulgati
672 5346 885 5412 habent,
926 5346 983 5391 in
1006 5335 1294 5390 nonnullos
1323 5349 1453 5387 usus
1481 5339 1546 5387 At
1575 5338 1717 5397 Mss,
1747 5340 1803 5386 in
1828 5335 2011 5387 nullos

317 5409 897 5472 usuua'mplectimur.
1024 5465 1043 5472 _
1112 5467 1122 5472 _
1305 5465 1318 5472 _
1383 5461 1426 5472 η
1463 5463 1506 5472 __
1684 5461 1698 5472 _
1777 5463 1786 5472 ,

379 5478 398 5506 τι
422 5473 578 5531 Editi,
603 5461 666 5520 ab
688 5473 848 5533 ejusa
870 5479 980 5531 quo
1009 5465 1162 5530 facim
1189 5465 1338 5514 sunt.
1369 5461 1434 5513 At
1463 5463 1604 5521 Mss.,
1641 5461 1708 5510 ab
1733 5463 1853 5523 ejus
1881 5474 2006 5525 qua°

1444 213 1535 266 DE
1576 211 1833 268 LIBERO
1874 210 2231 275 ARBITRIO,
2275 211 2328 265 S.
2373 210 2756 267 AUGUSTINI

3751 214 3883 265 1'29?

2160 336 2542 404 discedunt,et
2562 337 2623 391 in
2645 341 2867 392 tantum
2893 342 3044 392 recte
3072 338 3570 409 vituperentur,in
3593 342 3887 408 quantum

2159 442 2354 480 earum
2388 426 2735 496 vituperator
2764 429 2943 480 artem
2963 443 3078 498 qua
3109 427 3270 482 facta:
3298 433 3432 481 sunt
3458 427 3652 494 videt,
3689 432 3760 480 ut
3786 426 3891 480 hoc

2158 514 2218 568 in
2257 514 2338 568 eis
2388 515 2691 586 vituperet,
2743 516 2900 586 quod
2947 516 3026 569 ibi
3053 531 3169 569 non
3199 516 3382 570 videt!
3418 517 3485 569 Et
3518 515 3567 568 si
3622 530 3724 568 ars
3771 515 3892 584 ipsa

2158 619 2263 673 per
2284 619 2454 674 quam
2481 603 2625 658 facta
2651 608 2784 657 sunt
2809 604 3025 670 omnia,
3058 605 3164 658 hoc
3192 608 3275 658 est
3304 620 3542 658 summa
3570 609 3639 658 et
3671 604 3890 657 incom-

2159 692 2448 746 mutabilis
2475 693 2766 762 Sapientia
2798 693 2916 759 Dei,
2939 709 3069 747 vere
3096 709 3434 763 summeque
3463 692 3778 754 est,sicuti
3793 696 3889 754 est,

2160 781 2374 851 respice
2406 797 2520 851 quo
2552 781 2751 835 tendat
2785 781 3065 853 quidquid
3097 782 3168 835 ab
3198 781 3298 836 illa
3324 781 3605 836 discedit.
3656 781 3778 844 Qui
3807 786 3886 833 ta~

2159 885 2291 922 men
2321 869 2570 923 defectus
2599 885 2716 923 non
2747 873 2893 923 esset
2922 869 3338 940 vituperatione
3369 869 3624 939 dignus,
3661 867 3787 920 nisi
3817 885 3887 920 e5~

2159 961 2246 1010 sct
2292 957 2663 1012 voluntarius.
2712 957 2956 1011 Attende
3002 958 3178 1026 enim,
3220 973 3438 1028 quaeso,
3493 962 3716 1014 utrum
3747 964 3888 1010 recte

2156 1045 2445 1115 vituperes
2465 1045 2614 1115 quod
2647 1045 2726 1100 ita
2756 1050 2841 1100 est
2861 1045 3025 1100 sicuti
3049 1061 3170 1100 esse
3191 1046 3389 1100 debuit
3420 1062 3433 1100 :
3474 1061 3610 1099 non
3645 1047 3887 1115 opinor;

2157 1133 2254 1187 sed
2290 1134 2488 1204 utique
2531 1133 2685 1204 quod
2729 1150 2843 1188 non
2872 1134 2952 1188 ita
2981 1139 3066 1189 est
3092 1139 3157 1188 ut
3185 1134 3404 1190 debuit.
3451 1135 3660 1188 Nemo
3697 1139 3884 1188 autem

2157 1221 2342 1287 debet,
2375 1221 2527 1292 quod
2557 1238 2674 1276 non
2705 1223 2922 1294 accepit
2967 1239 2980 1277 :
3033 1226 3089 1277 et
3117 1223 3376 1294 quisquis
3410 1222 3623 1291 debet,
3662 1221 3760 1275 cui
3795 1222 3884 1275 de-

2156 1310 2272 1378 bet,
2304 1310 2411 1364 nisi
2449 1327 2483 1363 a
2531 1326 2646 1380 quo
2687 1311 2903 1381 accepit
2945 1315 3011 1365 ut
3039 1310 3280 1365 debeat?
3311 1312 3455 1364 Nam
3493 1315 3554 1364 et
3582 1327 3736 1380 quze
3770 1311 3883 1364 red-

2159 1397 2373 1451 duntur
2392 1399 2816 1468 translegando,
2849 1400 2901 1452 ei
2927 1399 3244 1454 redduntur
3261 1399 3362 1470 qui
3388 1400 3879 1469 translegaverat.

2159 1487 2225 1541 Et
2279 1487 2431 1557 quod
2489 1486 2836 1540 creditorum
2878 1487 3044 1556 justis
3099 1487 3528 1541 successoribus
3588 1487 3880 1548 redditur.

2157 1574 2294 1646 ipsis
2322 1575 2522 1646 utique
2546 1576 2802 1631 redditur
2832 1575 3038 1645 quibus
3067 1575 3157 1630 isti
3181 1577 3312 1647 jure
3335 1576 3880 1631 succedunt.Aliter

2156 1680 2274 1718 non
2297 1664 2564 1729 redditio,
2583 1665 2679 1718 sed
2709 1664 2887 1718 cessio
2908 1666 2995 1718 vel
3023 1665 3314 1728 admissio,
3337 1665 3428 1718 vel
3461 1664 3515 1718 si
3544 1664 3706 1735 quid
3736 1666 3878 1718 aliud

2156 1751 2489 1822 liujusmodi
2505 1751 2852 1806 nominanda
2873 1752 3345 1822 est.Quapropter
3357 1753 3566 1806 omnia
3588 1756 3881 1822 tempora-

2156 1837 2252 1903 lia,
2294 1854 2422 1909 qute
2450 1839 2508 1892 in
2537 1839 2645 1892 hoc
2671 1856 2864 1893 rerum
2894 1840 3094 1894 ordine
3136 1840 3212 1894 ita
3245 1840 3431 1894 locata
3466 1845 3644 1907 sunt,
3683 1845 3754 1894 ut
3783 1843 3877 1894 nisi

2156 1926 2441 1988 deficiant,
2491 1943 2607 1980 non
2656 1927 2873 1996 possint
2933 1928 3237 1998 praeteritis
3280 1928 3478 1982 futura
3540 1930 3875 1993 succedere,

2154 2019 2219 2069 ut
2244 2019 2365 2068 tota
2393 2020 2720 2086 temporum
2751 2015 2809 2069 in
2841 2032 2944 2070 suo
2975 2033 3184 2086 genere
3213 2016 3598 2088 pulchritudo
3636 2034 3876 2088 peraga-

2153 2107 2267 2169 tur,
2301 2103 2706 2158 absurdissime
2725 2105 2966 2159 dicimus
2987 2121 3101 2158 non
3132 2105 3340 2160 debere
3370 2105 3662 2160 deﬁcere.
3702 2107 3877 2170 Quan-

2153 2195 2274 2245 tum
2311 2191 2466 2246 enim
2495 2197 2854 2262 acceperunt,
2885 2197 3111 2246 tantum
3140 2196 3340 2263 agunt,
3373 2198 3433 2247 et
3461 2198 3718 2248 tantum
3752 2195 3876 2249 red-

2154 2279 2299 2334 dunt
2319 2279 2371 2333 ei
2393 2279 2486 2334 cui
2503 2281 2715 2334 debent
2734 2281 2884 2350 quod
2907 2286 3040 2335 sunt
3061 2281 3120 2334 in
3141 2285 3707 2354 quantumcumque
3730 2288 3874 2337 sunt.

2152 2367 2257 2432 Qui
2291 2368 2446 2422 enim
2475 2368 2627 2423 dolet
2671 2385 2737 2422 ea
2776 2368 3038 2435 deficere,
3067 2385 3393 2424 sermonem
3426 2386 3612 2425 suum
3651 2377 3878 2441 oportet

2151 2456 2424 2516 attendat.
2458 2472 2590 2509 eum
2631 2461 2780 2510 certe
2824 2456 3016 2526 ipsum
3046 2457 3198 2527 quod
3223 2457 3333 2512 ista
3362 2459 3793 2528 conqueritur,
3838 2461 3876 2512 si

2143 2543 2364 2613 justum
2391 2549 2449 2598 et
2477 2561 2510 2598 a
2539 2544 2841 2615 prudentia
2877 2544 3195 2614 profectum
3228 2561 3350 2599 esse
3381 2545 3758 2614 arbitratur;
3787 2565 3873 2601 cn-

2141 2632 2238 2702 jus
2268 2631 2546 2686 sermonis
2569 2632 2720 2702 quod
2749 2633 2820 2687 ad
2850 2649 3056 2688 sonum
3077 2634 3200 2704 ejus
3231 2635 3513 2697 attinet,si
3536 2635 3682 2706 quis
3705 2653 3873 2690 unam

2147 2721 2482 2791 particulam
2528 2721 2746 2791 diligat,
2799 2738 2902 2775 nec
2947 2738 3070 2776 eam
3100 2723 3239 2777 velit
3275 2723 3501 2777 caeteris
3544 2725 3874 2780 deiicienda

2148 2809 2335 2862 locum
2367 2808 2523 2878 dare,
2556 2809 2765 2878 quibus
2791 2809 3197 2864 decedentibus
3227 2814 3284 2864 et
3313 2811 3785 2868 succedentibus
3805 2819 3874 2866 to

2113 2900 2236 2954 .tus
2286 2897 2383 2950 ille
2433 2913 2618 2951 sermo
2664 2897 3002 2963 contexitur,
3044 2897 3323 2954 mirabilis
3355 2899 3690 2955 dementiae
3715 2901 3871 2973 judi-

2147 2984 2386 3040 cabitur.

2213 3075 2302 3127 43.
2334 3074 2398 3126 In
2427 3072 2496 3126 iis
2525 3073 2703 3144 igitur
2723 3073 2896 3128 rebus
2925 3091 3054 3145 quae
3083 3074 3214 3130 ideo
3245 3074 3542 3137 deficiunt,
3577 3078 3730 3148 quia
3760 3095 3866 3132 non

2143 3161 2290 3214 ultra
2318 3176 2438 3214 esse
2469 3167 2832 3231 acceperunt,
2863 3166 2928 3216 ut
2955 3162 3072 3216 suis
3103 3162 3462 3234 temporibus
3493 3166 3710 3219 omnia
3736 3183 3864 3236 per~

2141 3252 2406 3318 agantur,
2435 3265 2604 3302 nemo
2648 3249 2933 3304 defectum
2969 3255 3123 3306 recte
3151 3252 3470 3321 vituperat;
3503 3253 3659 3323 quia
3691 3270 3861 3308 nemo

2141 3340 2329 3407 potest
2356 3337 2563 3402 dicere,
2600 3337 2808 3392 Debuit
2834 3353 3195 3408 permanere,
3218 3355 3349 3393 cum
3369 3344 3653 3409 acceptas
3682 3348 3862 3395 metas

2138 3424 2379 3479 transire
2399 3441 2516 3479 non
2536 3431 2743 3495 posset.
2767 3428 2835 3479 In
2857 3425 3132 3480 creaturis
3156 3430 3349 3481 autem
3375 3427 3859 3494 rationabilibns,

2140 3513 2348 3583 quibus
2367 3513 2482 3568 sive
2503 3514 2869 3583 peccantibus
2890 3514 3003 3568 sive
3026 3531 3140 3568 non
3162 3514 3860 3585 peccantibus,universa—

2142 3600 2208 3655 lis
2225 3601 2588 3670 pulchritudo
2608 3601 2792 3656 modis
2810 3602 3341 3672 congruentissimis
3359 3604 3754 3671 terminatur,
3768 3613 3861 3660 aut

2138 3689 2294 3743 nulla
2310 3693 2541 3759 peccata
2551 3689 2858 3760 sunt,quod
2883 3689 3353 3744 absurdissimum
3371 3696 3459 3744 est
3469 3691 3681 3747 dicere
3699 3712 3713 3760 ;
3734 3711 3857 3765 pec-

2138 3783 2227 3831 cat
2257 3778 2409 3832 enim
2450 3778 2671 3844 saltem,
2718 3778 2818 3848 qui
2864 3779 2951 3832 vel
2996 3779 3232 3833 damnat
3261 3779 3422 3849 quasi
3448 3786 3704 3850 peccata
3734 3800 3857 3854 qua:

2137 3866 2295 3920 nulla
2321 3871 2453 3920 sunt
2499 3883 2511 3919 :
2561 3871 2659 3921 aut
2687 3883 2801 3920 non
2839 3871 2971 3921 sunt
2999 3866 3374 3938 vituperanda
3398 3875 3672 3938 peccata,
3709 3874 3856 3942 quod

2138 3953 2510 4008 nihilominus
2530 3954 2843 4008 absurdum
2863 3960 2948 4008 est
2972 3972 2984 4021 ;
3010 3955 3285 4026 incipient
3307 3957 3529 4027 quippe
3563 3975 3678 4013 nec
3709 3967 3858 4014 recte

2134 4041 2280 4096 facta
2304 4041 2542 4108 laudari,
2557 4045 2615 4096 et
2637 4047 2755 4097 tota
2775 4043 3100 4098 turbabitur
3123 4045 3389 4099 humana:
3420 4047 3641 4100 mentis
3663 4048 3856 4102 inten-

2135 4129 2531 4200 tio,vitamque
2553 4131 2843 4186 subvertet
2865 4148 2877 4186 :
2901 4137 2999 4186 aut
3018 4133 3437 4204 vituperabitur
3452 4134 3684 4191 factum
3705 4139 3854 4208 quod

2133 4217 2212 4271 ita
2234 4219 2446 4272 factum
2477 4223 2562 4272 est
2589 4223 2653 4273 ut
2681 4219 2901 4289 debuit,
2935 4225 2988 4274 et
3017 4221 3377 4276 exsecrabilis
3409 4221 3857 4290 insania,vel,ut

2131 4304 2329 4359 mitius
2354 4306 2573 4377 loquar,
2604 4322 2763 4361 error
2806 4308 3158 4363 miserrimus
3190 4309 3408 4363 orietur
3436 4326 3449 4363 :
3489 4316 3596 4364 aut
3622 4313 3676 4365 si
3706 4316 3858 4384 cogit

2131 4393 2423 4448 verissima
2467 4394 2827 4461 ratio,’sieuti
2858 4395 3026 4466 cogit,
3078 4401 3141 4450 ut
3178 4402 3235 4450 et
3274 4397 3694 4468 vituperentur
3724 4417 3854 4472 pec-

2131 4486 2273 4550 cata,
2320 4488 2376 4537 et
2417 4483 2699 4554 quidquid
2725 4489 2877 4538 recte
2906 4484 3260 4554 vituperatur
3289 4484 3419 4538 ideo
3450 4484 3855 4557 vituperetur,

2129 4570 2264 4641 quia
2310 4587 2425 4626 non
2474 4576 2559 4625 est
2607 4571 2684 4626 ita
2712 4577 2777 4626 ut
2805 4589 2927 4627 esse
2959 4572 3185 4640 debuit;
3232 4589 3425 4643 quaere
3457 4573 3606 4644 quid
3637 4577 3855 4631 debeat

2128 4661 2334 4712 natura
2389 4657 2685 4727 peccatrix,
2745 4663 2802 4713 et
2844 4657 3100 4713 invenies
3145 4663 3293 4713 recte
3342 4659 3596 4727 factum;
3648 4679 3856 4733 quaere

2127 4746 2217 4800 cui
2245 4747 2468 4813 debeat,
2513 4751 2571 4800 et
2603 4746 2856 4801 invenies
2905 4749 3106 4802 Deum.
3155 4750 3202 4801 A
3251 4764 3364 4816 quo
3409 4748 3572 4804 enim
3624 4754 3856 4824 accepit

2125 4851 2291 4906 posse
2351 4840 2501 4890 recte
2557 4835 2740 4890 facere
2786 4852 2915 4890 cum
2963 4836 3119 4903 velit,
3168 4835 3240 4890 ab
3291 4852 3357 4890 eo
3387 4838 3615 4908 accepit
3669 4845 3740 4894 ut
3783 4843 3853 4895 sit

2126 4922 2298 4976 etiam
2327 4922 2535 4976 misera
2563 4923 2609 4976 si
2632 4939 2748 4977 non
2774 4922 2991 4989 fecerit,
3023 4928 3080 4978 et
3109 4923 3276 4978 beata
3306 4924 3351 4977 si
3378 4924 3606 4982 fecerit.

2193 5013 2287 5066 44.
2339 5011 2481 5075 Quia
2524 5011 2679 5065 enim
2723 5027 2890 5066 nemo
2933 5016 3167 5082 superat
3212 5013 3367 5084 leges
3412 5015 3854 5086 omnipotentis

2125 5098 2420 5164 Creatoris,
2468 5116 2584 5154 non
2629 5100 2837 5154 sinitur
2884 5101 3073 5154 anima
3105 5118 3220 5156 non
3256 5103 3498 5157 reddere
3545 5105 3843 5161 debitum.

2121 5190 2232 5242 Aut
2264 5188 2417 5243 enim
2452 5188 2638 5242 reddit
2683 5189 2828 5243 bene
2875 5190 3085 5243 utendo
3114 5191 3267 5262 quod
3297 5191 3533 5262 accepit,
3572 5200 3681 5248 aut
3715 5196 3846 5250 red-

2120 5276 2203 5330 dit
2229 5277 2542 5332 amittendo
2559 5295 2672 5349 quo
2705 5278 2849 5332 bene
2880 5279 2964 5332 uti
2999 5279 3200 5333 noluit.
3237 5281 3432 5351 Itaque
3465 5281 3511 5334 si
3545 5299 3670 5337 non
3709 5286 3845 5339 red-

2119 5365 2202 5420 dit
2232 5366 2490 5420 faciendo
2514 5365 3028 5437 justitiam,reddet
3047 5368 3319 5438 patiendo
3348 5369 3652 5426 miseriam
3675 5374 3844 5444 ;quia

2120 5453 2178 5508 in
2206 5459 2447 5525 utroque
2473 5454 2708 5509 verbum
2743 5455 2878 5509 illud
2911 5455 3088 5509 debiti
3119 5458 3424 5511 sonat.Hoc
3455 5460 3617 5514 enim
3651 5463 3839 5517 etiam
