4036 6182
158 334 266 385 1293

151 452 294 507 modo
316 451 423 506 dici
469 452 657 522 potuit
698 453 849 524 quod
883 454 1097 509 dictum
1129 460 1232 511 est.
1272 456 1329 511 Si
1356 472 1475 511 non
1505 456 1693 512 reddit
1725 456 1809 510 fa-

148 541 317 596 ciendo
341 541 494 611 quod
520 541 708 609 debet,
740 543 940 598 reddet
962 544 1226 613 patiendo
1246 546 1393 615 quod
1417 545 1604 600 debet.
1640 546 1807 599 Nullo

148 634 309 683 autem
346 628 621 699 temporis
664 629 960 686 intervallo
1020 632 1126 686 ista
1156 633 1508 691 dividuntur.
1542 638 1603 688 ut
1644 632 1805 703 quasi

147 717 241 771 alio
267 722 512 788 tempore
552 734 669 772 non
710 718 877 773 faciat
917 721 1071 790 quod
1102 721 1289 787 debet,
1322 726 1378 776 et
1404 722 1516 775 alio
1560 722 1809 792 patiatur

146 806 277 877 quod
312 807 497 876 debet,
535 823 610 861 ne
639 808 727 862 vel
757 814 970 879 puncto
1002 810 1274 879 temporis
1304 810 1640 864 universalis
1670 811 1808 880 pul-

144 895 372 949 cbritudo
401 900 686 965 turpetur,
712 902 775 951 ut
801 896 876 951 sit
897 897 952 951 in
979 914 1045 951 ea
1064 898 1277 967 peccati
1301 898 1545 953 dedecus
1567 899 1687 952 sine
1710 899 1808 953 de-

143 999 254 1037 core
280 982 554 1038 vindictaa.
597 984 706 1038 Sed
752 984 811 1038 in
851 985 1107 1039 futurum
1130 985 1411 1056 judicium
1445 990 1700 1040 servatur
1737 986 1807 1039 ad

146 1070 641 1125 manifestationem
679 1075 848 1143 atque
888 1073 957 1126 ad
990 1073 1333 1128 acerrimum
1376 1090 1608 1128 sensum
1642 1073 1808 1127 mise-

144 1159 252 1225 rim,
288 1158 561 1229 quidquid
613 1176 767 1213 nunc
820 1160 1197 1215 occultissime
1252 1162 1592 1217 vindicatur.
1658 1162 1812 1216 Sicut

146 1248 283 1301 enim
317 1246 414 1317 qui
452 1263 569 1301 non
601 1246 820 1318 vigilat,
854 1249 1096 1315 dormit;
1131 1249 1209 1303 sic
1240 1250 1497 1321 quisquis
1533 1266 1650 1304 non
1678 1250 1810 1303 facit

143 1335 281 1406 quod
309 1336 489 1401 debet,
532 1336 652 1389 sine
692 1337 990 1391 intervallo
1022 1337 1235 1408 patitur
1265 1339 1417 1409 quod
1448 1338 1634 1404 debet,
1667 1353 1809 1407 quo-

140 1424 277 1478 niam
317 1427 475 1477 tanta
522 1428 607 1477 est
658 1424 951 1479 beatitudo
999 1425 1253 1494 justitim,
1306 1430 1368 1479 ut
1404 1442 1575 1479 nemo
1621 1426 1692 1479 ab
1745 1442 1812 1478 ea

141 1512 237 1566 nisi
266 1512 329 1566 ad
370 1511 661 1566 miseriam
700 1514 882 1582 possit
910 1513 1234 1567 abscedere.
1278 1516 1341 1567 In
1373 1514 1643 1568 omnibus
1674 1531 1809 1584 ergo

140 1600 448 1659 defectibus,
482 1606 581 1654 aut
610 1617 726 1654 non
774 1606 1112 1670 acceperunt
1151 1602 1301 1655 ultra
1330 1618 1449 1655 esse
1498 1619 1627 1672 quas
1667 1603 1812 1655 deli-

137 1690 299 1758 ciunt,
327 1694 381 1743 et
406 1691 565 1744 nulla
593 1691 761 1761 culpa
788 1696 904 1756 est;
947 1692 1088 1744 sicut
1116 1691 1289 1745 etiam
1321 1707 1451 1745 cum
1492 1696 1646 1755 sunt,
1678 1691 1814 1761 quia

136 1796 241 1832 non
282 1784 617 1850 acceperunt
664 1780 911 1850 amplius
955 1797 1075 1834 esse
1114 1797 1286 1851 quam
1326 1786 1479 1849 sunt,
1524 1781 1813 1834 nihilomi-

134 1883 235 1921 nus
262 1869 414 1921 nulla
451 1869 620 1938 culpa
656 1872 776 1935 est;
827 1872 924 1922 aut
977 1869 1183 1923 nolunt
1235 1885 1376 1935 esse,
1411 1869 1565 1938 quod
1608 1869 1653 1921 si
1702 1869 1815 1921 vel-

134 1958 264 2024 lent,
286 1973 400 2010 esse
431 1956 809 2027 acceperunt‘
836 1974 851 2023 ;
883 1961 941 2011 et
968 1957 1102 2028 quia
1131 1958 1348 2012 bonum
1380 1963 1483 2025 est,
1512 1960 1703 2011 reatus
1729 1960 1815 2011 est

132 2044 178 2097 si
206 2044 395 2098 nolint.

199 2133 414 2188 CAPUT
451 2134 586 2188 XVI.
628 2163 696 2173 --
740 2136 961 2187 Peccata
1000 2138 1186 2188 nostra
1230 2134 1289 2188 in
1326 2136 1491 2187 Deum
1519 2132 1746 2200 refundz'

646 2210 656 2218 “
818 2226 1105 2289 nequeunt.

196 2312 282 2364 45.
313 2311 457 2364 Deus
477 2314 669 2365 autem
691 2310 836 2363 nulli
858 2310 1026 2364 debet
1045 2310 1283 2380 aliquid,
1310 2309 1447 2381 quia
1472 2309 1665 2363 omnia
1686 2324 1814 2379 gra-

131 2398 268 2453 tuito
297 2403 548 2469 praestat.
575 2400 640 2453 Et
669 2399 715 2452 si
745 2399 1050 2470 quisquam
1074 2398 1222 2452 dicet
1248 2398 1318 2452 ab
1348 2399 1446 2452 illo
1477 2397 1691 2467 aliquid
1717 2397 1814 2450 de-

130 2486 245 2541 beri
276 2486 493 2541 meritis
534 2486 672 2553 suis,
716 2491 868 2540 certe
912 2490 972 2540 ut
1002 2491 1169 2551 esset,
1216 2503 1333 2540 non
1380 2486 1434 2540 ei
1481 2486 1813 2541 debebatur.

130 2576 250 2629 Non
279 2574 429 2629 enim
473 2579 591 2628 erat
628 2575 719 2628 cui
762 2575 1080 2630 deberetur.
1118 2577 1181 2629 Et
1214 2580 1426 2640 tamen,
1460 2574 1613 2645 quod
1644 2574 1815 2627 meri-

130 2670 249 2718 tum
275 2668 356 2717 est
376 2663 627 2717 converti
649 2664 718 2717 ad
745 2680 877 2718 eum
905 2681 971 2718 ex
997 2680 1111 2735 quo
1141 2680 1199 2717 es
1228 2667 1269 2730 ²,
1301 2667 1363 2717 ut
1394 2680 1457 2717 ex
1488 2662 1611 2733 ipso
1642 2662 1812 2716 etiam

127 2752 325 2806 melior
354 2752 451 2820 sis,
483 2769 552 2805 ex
584 2768 698 2822 quo
726 2752 899 2805 habes
928 2756 989 2806 ut
1030 2752 1151 2806 sis?
1179 2751 1322 2815 Quid
1355 2767 1490 2821 ergo
1521 2751 1572 2803 ei
1602 2766 1816 2820 pl‘tPl‘O-

127 2857 243 2912 gas,
272 2845 338 2895 ut
360 2844 635 2911 tanquam
659 2840 915 2895 debitum
945 2856 1180 2909 poscas;
1210 2839 1438 2910 quando
1464 2838 1511 2891 si
1535 2839 1715 2891 nolles
1743 2836 1815 2890 ad

126 2945 257 2983 eum
288 2929 558 2995 converti,
592 2928 737 2982 nihil
768 2929 821 2982 ei
866 2928 1105 2993 deesset,
1138 2927 1244 2981 tibi
1282 2930 1477 2981 autem
1512 2926 1652 2997 ipse,
1694 2926 1815 2980 sine

124 3035 236 3090 quo
269 3018 411 3072 nihil
440 3034 612 3087 esses,
644 3022 702 3072 et
727 3035 795 3073 ex
835 3034 948 3089 quo
978 3017 1057 3071 ita
1087 3034 1146 3071 es
1175 3016 1412 3087 aliquid,
1450 3019 1514 3069 ut
1542 3014 1652 3068 nisi
1682 3031 1815 3068 con-

122 3108 389 3163 vertendo
420 3111 474 3161 te
520 3108 589 3162 ad
635 3107 820 3174 illum,
852 3105 1167 3161 reddideris
1196 3105 1247 3159 ei
1280 3105 1430 3176 quod
1466 3104 1537 3157 ab
1576 3103 1698 3173 ipso
1730 3120 1814 3172 es,

122 3213 237 3251 non
269 3196 499 3267 quidem
526 3196 691 3264 nihil,
724 3197 823 3251 sed
854 3195 1028 3249 miser
1048 3199 1238 3249 tamen
1261 3193 1419 3248 eris?
1443 3192 1648 3248 Omnia
1677 3208 1814 3262 ergo

122 3286 205 3339 illi
237 3286 466 3351 debent,
488 3285 676 3354 primo
704 3283 980 3355 quidquid
1012 3286 1163 3348 sunt,
1194 3282 1255 3336 in
1285 3285 1566 3351 quantum
1594 3284 1815 3334 naturae

119 3378 257 3427 sunt
283 3389 296 3426 ε
331 3373 537 3427 deinde
565 3371 846 3443 quidquid
874 3370 1079 3425 melius
1109 3374 1348 3441 possunt
1382 3385 1501 3423 esse
1542 3369 1589 3422 si
1616 3368 1812 3437 velint,

119 3476 503 3532 quaecumque
534 3463 876 3529 acceperunt
902 3462 967 3512 ut
994 3458 1204 3525 velint;
1238 3461 1293 3511 et
1332 3456 1608 3527 quidquid
1641 3473 1815 3526 opor-

116 3554 201 3604 tet
252 3565 350 3602 eas
399 3564 540 3602 esse.
589 3549 664 3601 Ex
702 3562 768 3599 eo
797 3546 972 3615 igitur
1001 3546 1155 3616 quod
1196 3561 1311 3599 non
1346 3545 1585 3615 accepit,
1624 3545 1816 3597 nullus

115 3654 253 3693 reus
293 3641 416 3691 est:
469 3651 537 3689 ex
578 3651 644 3688 eo
701 3650 833 3687 vero
884 3634 1039 3703 quod
1094 3650 1213 3688 non
1258 3632 1390 3687 facit
1427 3634 1574 3704 quod
1625 3632 1815 3702 debet,

107 3728 265 3797 juste
296 3740 431 3778 reus
460 3727 559 3777 est.
596 3722 773 3776 Debet
804 3726 1015 3787 autem,
1062 3721 1109 3775 si
1152 3722 1365 3792 accepit
1384 3726 1440 3776 et
1466 3723 1817 3777 voluntatem

114 3814 387 3877 liberam,
420 3816 477 3865 et
506 3809 1048 3865 sufﬁcientissimam
1077 3809 1424 3865 facultatem.

188 3904 281 3955 46.
317 3901 504 3970 Usque
534 3899 673 3953 adeo
702 3901 894 3953 autem
925 3898 1063 3952 dum
1089 3914 1205 3952 non
1234 3897 1367 3953 facit
1396 3897 1637 3969 quisque
1667 3897 1819 3968 quod

107 3991 310 4057 debet,
347 3989 506 4043 nulla
535 3990 702 4059 culpa
732 3991 815 4042 est
844 3987 1188 4056 Conditoris,
1222 3992 1287 4042 ut
1314 3992 1371 4042 et
1401 3988 1524 4041 laus
1553 3988 1644 4056 sit,
1675 4004 1818 4058 quo—

109 4079 280 4133 niam
312 4078 471 4149 quod
511 4078 678 4131 debet
712 4075 951 4146 patitur,
981 4079 1037 4129 et
1064 4076 1124 4129 in
1154 4092 1219 4129 eo
1250 4076 1375 4145 ipso
1411 4076 1565 4145 quod
1595 4075 1819 4146 vitupe-

106 4172 285 4221 ratur
317 4183 436 4220 non
464 4166 721 4220 faciendo
752 4164 905 4235 quod
933 4163 1121 4230 debet,
1153 4180 1269 4217 non
1297 4163 1409 4217 nisi
1436 4164 1701 4218 laudatur
1725 4164 1821 4217 ille

106 4256 209 4309 cui
242 4254 433 4309 debet.
477 4254 535 4309 Si
582 4254 734 4308 enim
763 4259 827 4307 tu
857 4252 1105 4313 laudaris
1152 4252 1398 4306 videndo
1451 4251 1589 4322 quid
1639 4252 1822 4306 facere

100 4343 350 4408 debeas,
385 4359 514 4396 cum
552 4342 610 4397 id
639 4358 758 4396 non
781 4340 994 4409 videas,
1025 4340 1135 4394 nisi
1160 4340 1220 4394 iu
1248 4341 1346 4394 illo
1377 4340 1477 4411 qui
1498 4345 1581 4394 est
1609 4339 1828 4394 incom-

98 4431 418 4486 mutabilis
450 4430 698 4498 Veritas;
720 4433 934 4501 quanto
961 4429 1143 4500 magis
1169 4429 1265 4483 ille
1297 4428 1396 4500 qui
1426 4434 1484 4483 et
1507 4430 1649 4483 velle
1687 4446 1828 4500 pras-

98 4520 295 4591 cepit,
330 4524 389 4574 et
416 4536 582 4590 posse
621 4519 887 4591 praebuit,
934 4522 991 4573 et
1019 4534 1137 4573 non
1163 4517 1401 4589 impune
1432 4518 1585 4572 nolle
1615 4518 1826 4588 permi-

98 4610 185 4664 sit
215 4611 246 4662 ‘?
276 4608 336 4663 Si
388 4608 544 4663 enim
578 4609 687 4663 hoc
733 4608 904 4663 debet
942 4607 1183 4678 quisque
1215 4606 1367 4677 quod
1395 4606 1632 4677 accepit,
1666 4611 1722 4661 et
1748 4606 1828 4661 sic

95 4698 301 4753 homo
351 4695 535 4749 factus
565 4699 667 4762 est,
711 4699 776 4749 ut
822 4693 1140 4749 necessario
1169 4696 1383 4764 peccet,
1414 4694 1525 4748 hoc
1553 4693 1719 4749 debet
1763 4698 1830 4748 ut

1576 334 1789 391 LIBER
1827 332 2151 389 TERTIUS.

3476 342 3612 395 1294

1916 461 2029 524 tur,
2065 471 2181 510 non
2208 456 2269 510 in
2299 472 2366 510 eo
2399 462 2594 527 peccat
2622 458 2774 527 quod
2804 458 3019 528 patitur
3046 459 3279 528 invitus,
3322 464 3417 517 sed
3442 464 3503 518 in
3547 481 3613 519 eo

1916 544 2169 615 peccavit
2198 545 2352 615 quod
2382 545 2463 598 ita
2483 544 2613 599 fecit
2641 545 2859 614 volens,
2890 551 2955 600 ut
2982 549 3134 618 quod
3165 551 3345 605 nollet
3360 553 3489 623 jure
3512 571 3615 624 pa-

1916 636 2151 686 teretur.
2208 632 2265 687 Si
2304 637 2495 687 autem
2540 633 2747 704 injuste
2788 634 3021 704 patitur,
3057 640 3340 705 quomodo
3372 644 3613 710 peccat?

1919 720 2041 773 Non
2072 720 2227 773 enim
2258 719 2464 791 injuste
2495 721 2709 792 aliquid
2739 722 2879 791 pati,
2920 724 3014 777 sed
3049 724 3256 794 injuste
3286 728 3499 798 aliquid
3531 732 3612 785 fa-

1919 823 2063 870 cere,
2111 813 2405 878 peccatum
2435 814 2537 864 est.
2573 810 2733 873 Quod
2762 810 2809 863 si
2841 827 3027 881 neque
3059 829 3160 866 sua
3199 830 3384 884 neque
3428 818 3613 872 aliena

1919 900 2121 950 natura
2150 897 2277 967 quis
2305 914 2535 969 peccare
2568 898 2811 968 cogitur,
2845 904 3022 954 restat
3058 905 3119 955 ut
3148 902 3381 972 propria
3409 907 3613 960 volun-

1919 988 2033 1039 tate
2076 991 2357 1056 peccetur.
2409 986 2558 1051 Quid
2602 987 2648 1040 si
2704 988 2952 1042 tribuere
3000 990 3246 1043 volueris
3300 992 3612 1062 Conditori,

1920 1079 2244 1144 peccantem
2264 1076 2559 1146 purgabis,
2580 1076 2681 1146 qui
2703 1076 2843 1130 nihil
2868 1083 3076 1148 praeter
3092 1079 3179 1132 sui
3198 1080 3614 1136 Conditorisin-

1920 1165 2116 1217 stituta
2158 1164 2469 1234 commisit,
2522 1165 2621 1235 qui
2660 1169 2812 1219 recte
2863 1167 3208 1232 defenditur,
3260 1185 3371 1222 non
3419 1188 3614 1240 pecca-

1920 1251 2035 1305 vit:
2071 1267 2188 1305 non
2218 1257 2304 1306 est
2340 1268 2477 1322 ergo
2509 1253 2667 1323 quod
2696 1254 2911 1308 tribuas
2944 1255 3255 1311 Conditori.
3296 1258 3616 1313 Laudemus

1922 1354 2058 1408 ergo
2090 1339 2478 1408 Conditorem,
2517 1341 2563 1392 si
2604 1346 2791 1411 potest
2818 1342 3045 1395 defendi
3076 1349 3369 1413 peccator;
3414 1348 3615 1402 laude-

1922 1442 2068 1491 mus,
2103 1426 2150 1479 si
2177 1443 2292 1480 non
2324 1431 2532 1497 potest.
2570 1428 2626 1481 Si
2656 1428 2808 1482 enim
2835 1429 2985 1499 juste
3013 1431 3356 1501 defenditur,
3385 1451 3502 1488 non
3534 1442 3619 1489 est

1922 1517 2215 1583 peccator:
2252 1513 2424 1567 lauda
2469 1529 2603 1583 ergo
2661 1515 3005 1570 Creatorem.
3050 1516 3107 1571 Si
3150 1524 3345 1572 autem
3385 1520 3616 1576 defendi

1922 1617 2038 1654 non
2080 1606 2290 1670 potest,
2320 1602 2381 1655 in
2427 1605 2648 1656 tantum
2688 1609 2950 1673 peccator
2980 1598 3147 1658 estin
3188 1612 3467 1676 quantum
3498 1628 3555 1663 se
3588 1629 3620 1663 a

1924 1688 2187 1742 Creatore
2220 1690 2455 1743 avertit:
2491 1691 2659 1744 lauda
2690 1707 2823 1762 ergo
2852 1693 3201 1749 Creatorem.
3241 1696 3485 1750 Omnino
3510 1699 3617 1768 igi-

1925 1780 2017 1830 tur
2046 1793 2163 1830 non
2194 1776 2439 1843 invenio,
2493 1794 2599 1832 nec
2626 1778 2872 1832 inveniri
2915 1796 3101 1849 posse,
3146 1785 3201 1834 et
3241 1798 3472 1852 prorsus
3502 1801 3617 1837 nou

1924 1881 2044 1919 esse
2084 1866 2380 1929 confirmo,
2433 1866 2715 1936 quomodo
2769 1868 3096 1921 tribuantur
3152 1875 3379 1938 peccata
3430 1876 3619 1925 nostra

1924 1953 2166 2007 creatori
2196 1960 2393 2009 nostro
2426 1956 2539 2008 Deo
2565 1971 2577 2008 :
2609 1955 2838 2025 quando
2869 1959 2924 2009 et
2951 1955 3013 2009 in
3043 1956 3180 2026 ipsis
3211 1974 3341 2012 eum
3370 1960 3620 2013 laudabi-

1924 2043 2038 2097 lem
2058 2043 2306 2109 invenio,
2332 2060 2446 2097 non
2472 2044 2658 2097 solum
2682 2044 2833 2115 quod
2861 2046 3128 2114 eapunit,
3152 2046 3249 2100 sed
3271 2046 3441 2101 etiam
3465 2049 3620 2119 quod

1924 2133 2059 2184 tunc
2087 2130 2253 2196 ﬁunt,
2286 2147 2416 2184 cum
2454 2131 2522 2185 ab
2552 2131 2673 2201 ejus
2702 2130 2937 2186 veritate
2965 2133 3267 2190 receditur.
3295 2139 3359 2190 E.
3393 2136 3633 2223 Accipiq

1924 2218 2033 2272 ista
2080 2218 2455 2273 libentissime
2488 2236 2551 2273 ac
2590 2220 2809 2289 probo;
2863 2224 2917 2275 et
2970 2222 3206 2276 omnino
3251 2240 3451 2278 verum
3500 2218 3620 2278 esse

1925 2307 2239 2372 consentio,
2286 2307 2443 2361 nullo
2482 2308 2653 2362 modo
2683 2308 2809 2362 fieri
2839 2325 3003 2379 posse
3035 2315 3100 2365 ut
3138 2311 3392 2367 Creatori
3426 2318 3621 2367 nostro

1926 2398 2075 2449 recte
2101 2400 2332 2464 peccata
2360 2400 2555 2449 nostra
2583 2397 2929 2453 tribuantur.

1927 2484 2151 2538 CAPUT
2187 2486 2346 2538 XVII.
2383 2514 2453 2524 —
2504 2487 2765 2541 Voluntas
2806 2492 2885 2541 est
2925 2490 3108 2558 prima
3138 2504 3303 2543 causa
3338 2493 3617 2559 peccandi.

1997 2575 2083 2627 47.
2116 2573 2223 2627 Sed
2261 2577 2453 2627 tamen
2494 2574 2637 2628 scire
2669 2576 2890 2641 vellem,
2937 2576 2984 2628 si
3026 2576 3172 2641 ﬁeri,
3204 2583 3413 2647 posset,
3446 2597 3623 2650 quare

1926 2660 2025 2714 illa
2055 2665 2258 2715 natura
2301 2677 2418 2713 non
2464 2666 2673 2730 peccet,
2723 2680 2895 2733 quam
2936 2680 3053 2717 non
3090 2669 3447 2733 peccaturam
3479 2684 3622 2737 prue-

1927 2749 2089 2803 scivit
2120 2751 2283 2814 Deus,
2329 2752 2384 2802 et
2422 2765 2599 2819 quare
2632 2749 2740 2803 ista
2767 2756 2980 2821 peccet,
3016 2768 3145 2822 qua:
3185 2753 3254 2806 ab
3297 2754 3395 2807 illo
3426 2772 3621 2825 pecca-

1927 2842 2056 2891 tura
2081 2836 2326 2906 praevisa
2364 2841 2473 2891 est.
2515 2838 2639 2890 Non
2671 2837 2826 2892 enim
2853 2839 2977 2910 jam
3004 2843 3165 2909 puto,
3194 2840 3319 2911 ipsa
3346 2843 3445 2895 Dei
3473 2860 3621 2913 prm-

1926 2925 2162 2979 scientia
2186 2924 2273 2978 vel
2303 2924 2470 2978 istam
2494 2941 2751 2995 peccare,
2775 2927 2862 2980 vel
2889 2928 3045 2981 illam
3075 2945 3188 2982 non
3216 2945 3449 3000 peccare
3474 2932 3618 3002 cogi.

1925 3014 2030 3069 Sed
2063 3017 2255 3067 tamen
2287 3012 2335 3066 si
2372 3014 2531 3068 nulla
2563 3030 2732 3068 causa
2762 3021 2927 3083 esset,
2961 3034 3075 3071 non
3120 3017 3196 3072 ita
3229 3018 3624 3090 dispertirctur

1926 3104 2183 3155 creatura
2212 3100 2523 3165 rationalis,
2557 3104 2622 3156 ut
2651 3102 2762 3156 alia
2806 3120 3104 3175 nunquam
3146 3113 3363 3176 peccet,
3405 3107 3518 3162 alia
3560 3109 3620 3163 in

1928 3188 2211 3260 peccando
2240 3192 2580 3259 perseveret,
2611 3191 2722 3243 alia
2751 3192 2913 3262 quasi
2943 3193 3130 3247 media
3152 3193 3300 3249 inter
3315 3199 3619 3267 utramque

1927 3277 2234 3348 aliquando
2262 3282 2475 3347 peccet,
2507 3278 2812 3349 aliquando
2853 3281 2923 3334 ad
2956 3286 3105 3335 recte
3136 3282 3455 3339 faciendum
3487 3302 3621 3339 con-

1924 3372 2196 3421 vertatur.
2232 3368 2369 3432 Quas
2416 3384 2584 3422 causa
2612 3368 2671 3422 in
2717 3370 2820 3423 has
2860 3374 2973 3424 tres
3020 3376 3207 3441 partes
3257 3389 3385 3427 eam
3427 3374 3618 3428 distri-

1924 3455 2096 3509 buit?
2136 3456 2242 3509 Sed
2294 3457 2426 3509 nolo
2470 3456 2613 3510 mihi
2665 3458 3092 3528 respondeatur,
3148 3461 3459 3515 Voluntas:
3511 3478 3618 3531 ego

1926 3544 2079 3598 enim
2111 3560 2338 3597 causam
2361 3560 2557 3614 quaero
2588 3544 2768 3614 ipsius
2799 3546 3126 3602 voluntatis.
3161 3548 3286 3602 Non
3315 3549 3468 3603 enim
3498 3550 3620 3603 sine

1927 3646 2096 3684 causa
2122 3646 2419 3701 nunquam
2447 3631 2571 3684 vult
2605 3631 2703 3685 illa
2737 3648 2987 3702 peccare,
3024 3649 3324 3705 nunquam
3361 3636 3467 3690 ista
3504 3653 3622 3691 non

1927 3720 2066 3785 vult,
2118 3719 2381 3789 quaedam
2428 3734 2562 3773 vero
2611 3718 2916 3791 aliquando
2962 3722 3102 3786 vult,
3154 3722 3463 3794 aliquando
3503 3740 3623 3779 non

1929 3807 2071 3875 vult,
2118 3822 2248 3859 cum
2288 3805 2543 3875 ejusdem
2584 3807 2811 3877 generis
2855 3823 3052 3862 omnes
3093 3809 3225 3867 sint.
3270 3812 3384 3865 Hoc
3414 3812 3619 3868 solum.

1930 3895 2085 3950 enim
2116 3893 2258 3948 mihi
2304 3894 2494 3949 videre
2543 3894 2759 3962 videor,
2807 3912 2919 3950 non
2958 3896 3080 3951 sine
3106 3914 3272 3953 causa
3305 3916 3423 3953 esse
3454 3899 3623 3955 istam

1929 3984 2275 4054 tripartitam
2302 3984 2655 4039 voluntatem
2685 3984 2980 4039 rationalis
3013 3991 3324 4053 creaturae;
3355 3989 3454 4043 sed
3493 4005 3622 4060 quac

1930 4089 2100 4127 causa
2129 4072 2221 4139 sit,
2252 4072 2462 4126 nescio.

2003 4163 2091 4216 48.
2123 4162 2189 4215 Α.
2223 4160 2504 4224 Quoniam
2540 4160 2803 4216 voluntas
2836 4167 2920 4218 est
2947 4179 3125 4218 causa
3159 4164 3397 4234 peccati,
3430 4168 3494 4218 tu
3529 4180 3626 4219 au—

1932 4253 2051 4303 tem
2099 4264 2327 4302 causam
2366 4248 2544 4319 ipsius
2583 4250 2891 4304 voluntatis
2921 4250 3184 4322 inquiris,
3221 4250 3269 4304 si
3297 4252 3444 4306 hanc
3474 4251 3627 4306 inve-

1934 4337 2058 4391 nire
2086 4340 2351 4407 potuero,
2375 4353 2565 4391 nonne
2586 4353 2813 4393 causam
2834 4339 3007 4393 etiam
3039 4339 3161 4409 ejus
3190 4356 3369 4394 causas
3398 4357 3526 4411 quas
3544 4341 3628 4395 in-

1932 4430 2101 4480 venta
2142 4426 2316 4480 fuerit
2366 4418 2710 4496 quaesiturus
2757 4430 2855 4483 es?
2896 4430 2960 4482 Et
3002 4427 3128 4498 quis
3177 4428 3287 4483 erit
3331 4429 3627 4500 quaerendi

1936 4514 2159 4582 modus,
2184 4514 2313 4586 quis
2350 4514 2480 4569 ﬁnis
2504 4516 2911 4587 percunctandi
2938 4533 3001 4570 ac
3031 4516 3365 4586 disserendi,
3416 4534 3547 4573 cum
3572 4523 3628 4573 te
3694 4552 3697 4557 ν

1934 4604 2087 4659 ultra
2114 4602 2359 4657 radicem
2387 4619 2642 4679 quaerere
2674 4603 2817 4657 nihil
2845 4606 3145 4674 oporteat?
3169 4606 3312 4659 Cave
3340 4606 3493 4661 enim
3521 4624 3628 4679 pu-

1936 4695 2022 4747 tes
2052 4690 2367 4763 quidquam
2395 4692 2650 4762 potuisse
2689 4691 2799 4746 dici
2838 4691 3026 4745 verius
3058 4708 3232 4762 quam
3269 4694 3326 4748 id
3357 4696 3508 4765 quod
3536 4696 3629 4750 di-

90 4788 341 4857 peccet.
377 4785 518 4839 Cum
558 4800 694 4855 ergo
743 4786 956 4854 peccat,
1003 4782 1157 4853 quod
1205 4781 1372 4840 debet
1407 4781 1558 4836 facit.
1592 4781 1754 4846 Quod
1782 4782 1829 4836 si

92 4873 309 4928 scelus
341 4877 429 4927 est
474 4872 680 4939 dicere,
713 4871 1005 4927 neminem
1037 4875 1245 4925 natura
1274 4886 1376 4925 sua
1404 4870 1558 4941 cogit
1595 4874 1657 4925 ut
1695 4887 1828 4941 pec-

87 4966 197 5017 cet
233 4960 343 5032 (a).
391 4961 500 5016 Sed
557 4976 662 5015 nec
712 4960 922 5014 aliena.
982 4960 1107 5014 Non
1164 4957 1319 5012 enim
1374 4956 1634 5029 quisquis
1690 4957 1829 5012 dum

87 5051 163 5105 id
208 5049 385 5121 quod
424 5065 541 5101 non
568 5049 689 5102 vult
715 5047 951 5119 patitur,
993 5051 1211 5117 peccat.
1247 5047 1391 5101 Nam
1429 5047 1478 5100 si
1502 5047 1654 5118 juste
1681 5045 1828 5117 pati-

164 5142 181 5173 ¹
216 5138 316 5186 Er.
348 5138 401 5184 et
428 5136 574 5195 Lov.,
597 5147 711 5185 esse
739 5136 1052 5198 acciperent.
1085 5135 1153 5198 At
1170 5135 1292 5198 Mss.
1312 5148 1515 5198 magno
1536 5147 1829 5198 consensu,

85 5212 225 5252 esse
249 5200 594 5261 acceperunt,
613 5202 679 5261 ret
705 5197 923 5255 melius;
952 5197 1052 5245 hoc
1072 5197 1350 5261 enimristis
1372 5197 1655 5261 superioris
1676 5210 1829 5261 argu-

79 5262 310 5331 menti,
336 5259 479 5331 quod
504 5260 589 5308 hic
609 5260 664 5331 in
682 5262 967 5331 angustum
990 5260 1320 5331 cpntrahitur
1342 5260 1626 5331 respondet
1643 5259 1794 5331 verbi
1816 5273 1830 5308 ε

80 5330 133 5375 Α
167 5320 658 5387 ςιιιοεήἱτηαοσςρῐι
674 5320 821 5383 posse
840 5323 985 5370 recte
1001 5320 1182 5383 facere
1200 5334 1323 5373 cum
1334 5320 1481 5373 velit.
1506 5323 1661 5371 Favet
1673 5320 1832 5371 editio

83 5384 267 5441 Ball"
294 5399 419 5447 qua;
440 5384 667 5447 praefert,
694 5396 798 5432 esse
824 5387 1101 5447 ceperunt.

165 5449 191 5482 2
216 5444 396 5497 Erfet
415 5444 558 5505 Lov.,
580 5444 891 5497 convertere
904 5444 974 5508 ad
991 5458 1113 5495 eum
1133 5458 1202 5495 ea:
1221 5458 1327 5508 quo
1341 5457 1408 5494 es.
1430 5445 1552 5493 Mss.
1576 5458 1685 5505 sex,
1707 5456 1834 5495 con-

84 5512 313 5569 verte;
346 5509 439 5558 sed
468 5509 784 5558 concinnius
816 5507 1061 5557 undecim
1089 5508 1178 5557 alii
1206 5507 1385 5559 ferunt
1410 5510 1665 5558 converti.

176 5589 268 5650 (α)
300 5588 424 5637 V'id.
448 5590 672 5639 Retract.
705 5588 794 5638 lib.
823 5591 869 5647 l,
895 5602 1007 5651 cap.
1031 5590 1078 5645 9,
1105 5601 1158 5637 n.
1191 5591 1238 5637 3.

1939 4785 2093 4835 ctum
2141 4785 2245 4848 est,
2290 4780 2542 4835 radicem
2575 4780 2834 4834 omnium
2864 4781 3147 4836 malorum
3176 4798 3297 4836 esse
3335 4783 3631 4838 avaritiam

1940 4870 1980 4939 (Ι
2031 4871 2148 4923 Tim
2202 4885 2279 4937 v1,
2332 4868 2442 4937 10),
2494 4867 2601 4922 hoc
2646 4872 2748 4934 est,
2799 4869 2927 4939 plus
2973 4869 3115 4925 velle
3169 4887 3341 4941 quam
3389 4876 3473 4927 sat
3524 4877 3629 4940 est,

1940 4959 2184 5013 Tantum
2207 4960 2399 5010 autem
2427 4960 2513 5010 sat
2540 4959 2644 5020 est,
2678 4960 2955 5027 quantum
2982 4958 3090 5012 sibi
3119 4960 3295 5031 exigit
3321 4966 3543 5015 natura:
3573 4961 3633 5015 in

1940 5061 2043 5099 suo
2077 5060 2289 5116 genere
2321 5043 2725 5099 conservanda:
2763 5045 2985 5099 modus.
3017 5047 3269 5101 Avaritia
3298 5046 3473 5115 enim,
3502 5063 3631 5117 qua:

1941 5149 2123 5204 graece
2168 5138 2458 5204 φιλαργυρία
2487 5131 2715 5201 dicitur,
2769 5148 2883 5186 non
2924 5133 2986 5187 in
3026 5135 3144 5188 solo
3174 5139 3411 5204 argento
3450 5136 3538 5189 vel
3574 5141 3633 5189 in

1942 5221 2215 5287 nummis,
2240 5221 2393 5275 unde
2416 5220 2599 5291 magis
2617 5236 2828 5275 nomen
2851 5221 3073 5276 duxisse
3103 5227 3330 5276 resonat
3353 5239 3366 5289 ;
3395 5227 3632 5293 argento

1943 5308 2096 5365 enim
2126 5308 2352 5363 nummi
2382 5308 2469 5362 vel
2499 5308 2675 5362 mixto
2716 5313 2949 5381 argento
2978 5310 3332 5380 frequentius
3363 5312 3513 5381 apud
3541 5328 3633 5367 ve-

1942 5403 2090 5453 teres
2120 5397 2336 5451 ﬁebant
2360 5413 2372 5453 :
2410 5398 2509 5452 sed
2538 5396 2598 5451 in
2624 5398 2889 5452 omnibus
2918 5398 3088 5451 rebus
3110 5414 3238 5468 quas
3260 5398 3636 5454 immoderate

1944 5486 2255 5557 cupiuutur
2301 5484 2680 5557 intelligenda
2710 5491 2812 5553 est,
2858 5485 3208 5555 ubicumque
3245 5487 3479 5542 omnino
3507 5489 3635 5560 plus

1947 5577 2067 5631 vult
2092 5574 2335 5644 quisque
2367 5590 2537 5644 quam
2582 5580 2668 5628 sat
2698 5580 2798 5627 est.
2834 5575 2964 5625 Haec
2993 5577 3184 5627 autem
3214 5574 3447 5630 avaritia
3475 5578 3635 5647 cupi-
