4036 6182
489 262 620 317 I295

483 383 629 439 ditas
678 384 797 449 est;
857 377 1139 450 cupiditas
1192 391 1363 448 porro
1428 373 1691 446 improba
1740 373 2006 427 voluntas
2069 377 2172 428 est.

486 472 632 542 Ergo
687 468 951 541 improba
1013 466 1296 535 voluntas,
1353 463 1634 517 malorum
1692 460 1952 516 omnium
2011 477 2181 516 causa

416 560 421 563 ’
487 564 591 615 est.
639 559 778 624 Quae
829 557 875 611 si
927 555 1238 610 secundum
1290 556 1558 607 naturam
1613 554 1778 618 esset,
1823 554 2181 605 conservaret

485 648 686 719 utique
734 650 1021 712 naturam,
1078 658 1183 696 nec
1234 640 1288 696 ei
1348 638 1666 711 perniciosa
1723 642 1889 706 esset,
1942 644 2000 694 et
2052 638 2180 694 ideo

487 753 604 791 non
630 740 776 790 esset
810 733 1093 805 improba.
1128 730 1282 786 Unde
1309 728 1600 801 colligitur
1626 727 1876 783 radicem
1918 727 2180 783 omnium

485 827 769 881 malorum
815 838 933 878 non
975 837 1096 876 esse
1145 819 1460 875 secundum
1505 822 1807 886 naturam;
1864 817 2020 889 quod
2068 817 2182 871 suf-

485 914 602 969 Iicit
646 913 913 967 adversus
958 925 1159 964 omnes
1210 908 1311 980 qui
1367 908 1568 963 volunt
1619 923 1884 962 accusare
1924 911 2178 962 naturas.

484 1003 569 1056 Tu
597 1005 790 1055 autem
819 999 866 1052 si
896 999 1070 1069 hujus
1101 997 1304 1053 radicis
1324 1013 1553 1052 causam
1585 996 1855 1068 requiris,
1890 995 2179 1067 quomodo

484 1091 592 1145 erit
618 1089 723 1144 ista
752 1088 909 1143 radix
944 1086 1205 1141 omnium
1236 1086 1521 1140 malorum
1542 1087 1569 1138 ?
1597 1085 1700 1138 Illa
1728 1084 1884 1139 enim
1913 1084 2022 1138 erit
2052 1098 2182 1154 quae

483 1195 654 1233 causa
680 1177 853 1247 hujus
882 1181 981 1241 est,
1018 1192 1191 1246 quam
1230 1190 1360 1229 cum
1397 1172 1701 1240 inveneris,
1736 1176 1799 1226 ut
1827 1172 1964 1237 dixi,
2006 1171 2182 1226 etiam

482 1267 664 1337 ipsius
690 1282 919 1320 causam
949 1264 1290 1337 quaesiturus
1312 1279 1394 1333 es,
1423 1265 1479 1318 et
1507 1261 1801 1333 quaerendi
1830 1261 2058 1316 nullum
2083 1260 2182 1315 ha-

481 1352 644 1407 bebis
670 1352 925 1406 modum.

552 1442 640 1495 49.
687 1440 795 1497 Sed
832 1456 961 1511 qua:
1004 1438 1232 1494 tandem
1264 1454 1384 1493 esse
1427 1437 1639 1509 poterit
1666 1442 1799 1492 ante
1828 1439 2180 1493 voluntatem

481 1545 650 1583 causa
680 1528 1027 1582 voluntatis?
1056 1530 1170 1581 ,λιιι
1195 1526 1350 1580 enim
1383 1530 1440 1581 et
1467 1526 1590 1595 ipsa
1615 1526 1879 1580 voluntas
1909 1531 2029 1594 est;
2064 1531 2120 1582 et
2149 1545 2181 1582 a

483 1617 672 1672 radice
708 1616 816 1670 ista
850 1614 1158 1671 voluntatis
1192 1630 1306 1668 non
1338 1614 1654 1669 reccditur:
1686 1618 1785 1668 aut
1816 1630 1932 1668 non
1958 1631 2045 1669 ess
2073 1632 2178 1670 vo-

481 1705 713 1771 luntas;
751 1707 806 1758 et
849 1706 1145 1774 peccatum
1192 1703 1418 1756 nullum
1452 1702 1652 1781 habet.
1688 1704 1801 1756 Aut
1838 1702 2014 1773 igitur
2056 1704 2181 1774 ipsa

479 1792 739 1846 voluntas
768 1797 852 1845 est
896 1790 1083 1861 prima
1113 1807 1281 1845 causa
1321 1790 1612 1861 peccandi,
1653 1794 1752 1846 aut
1779 1792 2004 1846 nullum
2043 1808 2178 1863 pec-

479 1883 668 1933 catum
717 1882 800 1933 est
846 1878 1034 1949 prima
1064 1895 1232 1933 causa
1272 1878 1569 1948 peccandi.
1612 1879 1725 1933 Nec
1769 1883 1854 1932 est
1897 1879 1988 1934 cui
2026 1884 2178 1935 recte

478 1967 798 2038 imputetur
830 1970 1122 2036 peccatum
1155 1965 1267 2019 nisi
1314 1965 1588 2037 peccanti.
1632 1966 1756 2020 Non
1797 1969 1882 2020 est
1919 1981 2055 2037 ergo
2086 1965 2181 2020 cui

478 2060 629 2110 recte
658 2056 976 2127 imputetur
1011 2055 1121 2108 nisi
1155 2054 1371 2108 volenti
1404 2053 1474 2125 (a)
1502 2070 1515 2108 :
1548 2054 1647 2108 sed
1674 2053 1863 2108 nescio
1892 2069 1992 2108 cur
2021 2053 2179 2108 aliud

478 2148 533 2197 te
566 2160 824 2215 quaerere
872 2143 1066 2197 libeat.
1107 2143 1320 2196 Deinde
1350 2157 1731 2213 quaecumque
1768 2140 1869 2196 illa
1899 2158 2070 2196 causa
2094 2146 2180 2197 est

477 2231 802 2298 voluntatis,
830 2234 931 2284 aut
946 2230 1102 2301 justa
1125 2230 1379 2300 profecto
1411 2234 1513 2295 est,
1544 2234 1644 2284 aut
1664 2229 1895 2301 injusta.
1926 2230 1983 2285 Si
2000 2230 2175 2302 justa,

476 2320 737 2390 quisquis
779 2318 833 2372 ei
861 2318 1342 2389 obtemperaverit
1382 2333 1497 2372 non
1536 2317 1827 2389 peccabit:
1861 2319 1908 2372 si
1938 2318 2172 2390 injuste,

478 2424 591 2461 non
623 2406 676 2461 ei
704 2406 1078 2477 obtemperet,
1114 2409 1169 2459 et
1197 2421 1313 2459 non
1340 2404 1615 2476 peccabit.

476 2496 702 2549 CAPUT
730 2494 915 2547 XVIII.
939 2523 1009 2533 —
1040 2494 1127 2548 An
1158 2494 1363 2562 aliquis
1392 2497 1570 2563 peccet
1616 2495 1675 2547 in
1720 2508 1776 2548 co
1819 2493 1965 2562 quod
1999 2497 2178 2549 caveri

1166 2598 1271 2637 non
1298 2586 1493 2652 potest.

545 2673 632 2727 50.
664 2672 750 2726 An
784 2671 923 2726 forte
972 2670 1219 2725 violenta
1253 2674 1338 2725 est
1383 2676 1440 2725 et
1481 2669 1633 2742 cogit
1680 2670 1923 2725 invitum
1951 2673 1980 2726 ‘?
2026 2672 2174 2726 Num

475 2760 675 2815 eadem
704 2759 874 2814 toties
922 2759 1250 2830 replicaturi
1286 2759 1527 2813 sumus?
1574 2759 1954 2815 Reminiscere
1999 2777 2172 2832 supe-

474 2847 712 2916 riorum,
745 2864 874 2919 quae
905 2864 938 2902 a
963 2846 1128 2901 nobis
1158 2852 1274 2902 tam
1313 2848 1493 2901 multa
1520 2847 1589 2901 de
1621 2852 1850 2917 peccato
1881 2852 1939 2903 et
1968 2848 2173 2904 volun-

473 2938 607 3003 tate,
640 2935 823 2989 libera
850 2934 999 2990 dicta
1041 2938 1198 2989 sunt.
1256 2934 1365 2990 Sed
1397 2935 1442 2988 si
1485 2934 1831 2990 laboriosum
1861 2940 1947 2991 est
1977 2938 2175 2992 omnia

476 3024 744 3078 mandare
770 3024 1088 3092 memorias,
1118 3024 1226 3078 hoc
1256 3023 1651 3079 brevissimum
1681 3030 1830 3079 tene.
1867 3026 2175 3091 Quaecum-

474 3128 585 3181 que
620 3110 729 3165 ista
765 3127 932 3165 causa
963 3116 1047 3167 est
1075 3111 1403 3180 voluntatis,
1435 3112 1482 3165 si
1511 3128 1628 3167 non
1657 3112 1710 3166 ei
1744 3119 1931 3185 potest
1959 3116 2172 3185 resisti,

474 3198 596 3252 sine
626 3203 857 3268 peccato
886 3199 937 3253 ei
965 3199 1221 3254 ceditur:
1253 3199 1299 3253 si
1329 3203 1521 3253 autem
1552 3203 1758 3270 potest,
1784 3218 1901 3256 non
1931 3204 1983 3257 ei
2006 3205 2171 3259 ceda-

474 3289 587 3353 tur,
612 3292 805 3341 etnon
831 3287 1175 3357 peccabitur.
1199 3290 1285 3341 An
1314 3286 1458 3342 forte
1484 3288 1630 3341 fallit
1656 3288 1953 3345 incautum
1975 3292 2001 3346 τ
2029 3294 2172 3364 Ergo

474 3379 668 3428 caveat
710 3391 779 3428 ne
829 3374 1080 3429 fallatur.
1126 3377 1212 3429 An
1259 3379 1420 3430 tanta
1472 3375 1696 3431 fallacia
1741 3382 1845 3445 est,
1881 3383 1943 3433 ut
1987 3382 2174 3436 caveri

474 3464 710 3518 omnino
739 3480 854 3518 non
886 3464 1102 3534 possit?
1126 3464 1183 3517 Si
1203 3463 1283 3518 ita
1304 3468 1408 3531 est,
1438 3465 1596 3519 nulla
1619 3470 1849 3537 peccata
1867 3474 2015 3524 sunt.
2037 3470 2172 3535 Quis

472 3553 626 3607 enim
657 3559 852 3624 peccat
878 3553 941 3607 in
967 3569 1035 3607 eo
1056 3552 1210 3624 quod
1236 3553 1393 3607 nullo
1425 3553 1597 3607 modo
1624 3555 1807 3609 caveri
1832 3562 2020 3628 potest
2050 3558 2173 3630 (b)?

474 3642 739 3695 Peccatur
767 3645 957 3695 autem
981 3658 993 3694 :
1028 3640 1213 3695 caveri
1242 3640 1421 3711 igitur
1451 3647 1636 3712 potest
1661 3644 1752 3713 (ο).

541 3732 629 3782 5|.
670 3731 733 3783 Et
763 3734 955 3783 tamen
986 3729 1159 3783 etiam
1190 3746 1292 3800 per
1322 3730 1707 3801 ignorantiam
1737 3733 1883 3787 facta
1906 3735 2170 3805 quaedam

472 3816 891 3884 improbantur,
935 3819 990 3870 et
1020 3816 1356 3887 corrigenda
1380 3817 1729 3888 judicantur,
1763 3820 1908 3875 sicut
1938 3822 1997 3877 in
2026 3823 2169 3878 divi-

472 3902 559 3955 nis
601 3902 1034 3957 auctoritatibus
1078 3904 1358 3974 legimus:
1389 3905 1468 3959 ait
1498 3906 1652 3960 enim
1689 3898 2018 3979 Apostolus,
2061 3916 2167 3969 Mi-

469 3990 817 4044 sericordiam
847 3996 1153 4046 consecutus
1183 4007 1321 4059 sum,
1365 3994 1497 4063 quia
1528 3995 1785 4060 ignorans
1811 3999 1922 4064 feci
1951 4000 1994 4069 (Ι
2029 4003 2166 4057 Tim.

469 4096 507 4144 ι,
546 4078 630 4149 t3)
654 4094 670 4146 ;
696 4079 775 4133 ait
802 4083 859 4133 et
881 4079 1186 4150 propheta,
1219 4081 1423 4134 Delicta
1441 4081 1743 4149 juventutis
1772 4090 1821 4139 et
1848 4087 2168 4153 ignorantia:

468 4182 594 4220 mea:
635 4182 701 4220 ne
738 4170 1042 4222 memineris
1085 4170 1233 4223 Psal.
1279 4171 1533 4241 xx1v,7).
1578 4172 1718 4227 Sunt
1766 4174 1937 4230 etiam
1976 4193 2165 4233 neces-

467 4253 630 4308 sitate
661 4253 802 4310 facta
840 4255 1239 4326 improbanda,
1272 4257 1368 4312 ubi
1414 4259 1534 4314 vult
1571 4260 1747 4315 homo
1778 4269 1926 4319 recte
1955 4266 2161 4336 facere,

465 4347 667 4396 etnon
695 4347 917 4413 potest:
953 4360 1088 4399 nam
1132 4347 1285 4401 unde
1332 4351 1467 4401 sunt
1510 4347 1624 4403 illa
1663 4366 1846 4419 voces,
1877 4356 1995 4412 Non
2023 4359 2164 4412 enim

465 4431 611 4497 quod
638 4432 754 4486 volo
781 4434 928 4499 facio
960 4433 1173 4500 bonum,
1204 4434 1299 4489 sed
1329 4436 1473 4504 quod
1497 4438 1617 4491 nolo
1646 4442 1869 4509 malum,
1900 4443 1996 4498 hoc
2019 4461 2160 4513 ago;

466 4522 520 4570 et
552 4518 712 4584 illud,
753 4521 896 4576 Velle
925 4521 1142 4591 adjacct
1179 4524 1320 4577 mihi
1341 4527 1596 4592 perﬁcere
1626 4530 1804 4582 autem
1837 4529 2032 4585 bonum
2054 4548 2163 4588 non

464 4607 677 4657 invenio
727 4606 905 4676 (Itoni.
972 4626 1067 4677 vn,
1124 4613 1249 4680 19);
1311 4615 1369 4665 et
1423 4612 1587 4679 illud,
1646 4615 1781 4670 Caro
1836 4623 2162 4689 concupiscit

463 4690 722 4746 adversus
736 4696 1011 4765 spiritum,
1035 4699 1286 4767 spiritus,
1307 4704 1485 4755 autem
1505 4701 1768 4757 adversus
1788 4720 2028 4762 carnem:
2052 4711 2160 4765 haec

462 4782 604 4833 enim
626 4781 852 4837 invicem
878 4784 1242 4843 adversantur
1266 4804 1280 4856 ;
1303 4794 1365 4843 ut
1388 4805 1495 4845 non
1511 4805 1573 4845 ea
1602 4806 1719 4860 qua:
1744 4794 1909 4850 vultis
1932 4797 2158 4862 faciatis

544 4919 599 5043 αἶ
628 4920 1000 4995 Vid.-Betract.
1033 4927 1124 4977 lib.
1158 4931 1205 4989 I,
1234 4943 1350 4993 cap.
1378 4933 1423 4981 9.
1450 4945 1506 4982 n.
1532 4935 1579 4982 3.

547 4982 576 5031 ὸ
629 4983 747 5033 Vid.
777 4986 911 5033 ibid.

547 4982 595 5033 bl
629 4983 747 5033 Vid.
777 4984 885 5033 ibid
899 5021 911 5033 .

541 5045 728 5121 clI‘Ioc
766 5045 1187 5121 locouperperani
1216 5056 1367 5121 utens
1393 5056 1634 5121 Pelagius
1669 5057 1743 5108 sic
1771 5061 2062 5113 revincitur
2090 5067 2155 5116 ab

456 5104 834 5185 Augustinum
861 5104 1102 5181 libro'de
1131 5115 1327 5164 Natura
1359 5122 1411 5167 et
1446 5104 1641 5185 uitiati,
1670 5104 1827 5185 ἱεὶιὶῗ

461 5186 485 5252 ﬁ
512 5167 957 5252 K‘Zleftfigﬁfi
976 5186 1167 5252 ςεὲυιεφν
1209 5167 1676 5252 (πρωρυειιιιυέίίὶίβ
1694 5167 1800 5252 Eii;
1830 5167 2039 5252 ἔθ’ἑίβῆς
2059 5167 2154 5252 ἶ)ᾏέ

456 5244 484 5274 ‹‹
512 5233 615 5306 test
634 5225 815 5306 plane:
834 5234 961 5306 Nam
984 5235 1041 5306 in_
1069 5225 2148 5306 hqd9211animi;iiéé'tufifiilds'aiiiéiiiéé':

456 5259 484 5274 ιι
515 5259 613 5279 ιω..
636 5259 806 5294 μιαυυ.
834 5259 961 5283 nam
984 5259 1040 5283 ιιι
1069 5259 1169 5285 nuc
1192 5259 1513 5302 uUJuwrluu]
1574 5259 1868 5295 osiummus
1888 5259 2148 5301 dicentes:

455 5306 483 5376 fi
509 5291 925 5376 {elige-inferas
1009 5299 1365 5376 Atenla‘tioncni
1387 5319 1399 5363 ;
1422 5259 1572 5366 quoi?
1587 5307 1669 5369 adj
1680 5309 1909 5376 utoriuin
1933 5325 2043 5361 non
2063 5328 2151 5376 po-

454 5366 483 5399 «
510 5366 792 5428 sceremus,
814 5360 858 5407 si
872 5360 1044 5428 resisti
1069 5360 1219 5428 nullo
1239 5360 1398 5428 modo
1418 5360 1569 5428 posse
1595 5360 1943 5421 crederemus.
1973 5360 2150 5425 Potest

454 5420 783 5527 :p‘eltliiizatum
837 5421 1028 5483 caveri,
1075 5422 1168 5472 sed
1209 5420 1502 5487 opitulante
1541 5429 1632 5479 illo
1679 5432 1769 5493 qui
1821 5420 1928 5483 non
1973 5420 2150 5499 potest

1570 252 1664 307 DE
1702 249 1962 307 LIBERO
2002 249 2361 317 ARBITRIO,
2405 249 2459 305 S.
2503 249 2888 306 AUGUSTINI
3758 268 3841 319 {296
3900 324 3901 355 ἦ

2293 372 2494 443 (Galat.
2525 389 2579 440 v,
2614 372 2697 443 I7)
2718 372 2747 427 ?
2774 370 2885 427 Sed
2908 371 3032 426 haec
3061 371 3256 426 omnia
3286 371 3563 430 hominum
3583 383 3703 448 sunt,
3722 386 3844 440 exilii
3900 366 3901 449 ἶ

2292 461 2491 516 mortis
2528 460 2896 516 damnatione
2944 459 3340 516 venientium:
3377 478 3499 518 nam
3526 465 3565 519 si
3592 483 3683 523 non
3703 476 3763 526 est
3784 474 3844 528 ista
3900 460 3901 533 l

2290 566 2460 620 poena
2488 549 2759 617 hominis,
2795 550 2892 605 sed
2919 556 3144 620 natura,
3173 550 3331 606 nulla
3360 550 3460 607 ista
3483 562 3673 624 peccata
3693 565 3797 615 sunt.
3813 563 3846 616 Si

2292 638 2446 693 enim
2476 655 2592 694 non
2619 639 2909 695 receditur
2927 639 2998 693 ab
3019 654 3085 692 eo
3110 639 3284 693 modo
3304 656 3417 711 quo
3447 644 3722 699 naturaliter
3738 647 3846 702 factus

2292 730 2395 795 est,
2426 727 2508 782 ita
2536 734 2600 782 ut
2627 728 2831 782 melius
2859 743 2983 781 esse
3009 742 3125 781 non
3156 726 3353 798 possit,
3385 744 3447 782 ea
3469 745 3582 800 qua:
3607 732 3736 788 debet
3754 735 3845 799 facit,

2292 833 2423 872 cum
2450 816 2572 872 haec
2616 816 2764 872 facit.
2802 816 2860 872 Si
2896 821 3090 871 autem
3117 816 3304 871 bonus
3333 817 3497 873 homo
3524 825 3663 887 esset,
3687 822 3845 878 sialiter

2292 911 2441 962 esset
2469 907 2486 941 ¹
2513 924 2527 975 ;
2560 923 2713 962 nunc
2742 910 2937 961 autem
2966 905 3102 978 quia
3128 904 3210 960 ita
3242 910 3345 973 est,
3377 923 3486 962 non
3512 913 3587 963 est
3609 909 3766 976 bonus,
3787 928 3843 965 nec

2291 994 2462 1050 habet
2487 995 2548 1050 in
2576 998 2855 1067 potestate
2877 998 2939 1049 ut
2968 994 3153 1049 bonus
3178 993 3270 1061 sit,
3299 995 3414 1049 sive
3439 1012 3543 1051 non
3563 996 3752 1053 videndo
3770 1016 3847 1069 qua-

2291 1083 2362 1137 lis
2408 1099 2529 1137 esse
2571 1082 2796 1149 debeat,
2845 1081 2959 1136 sive
3002 1081 3246 1138 videndo
3291 1087 3349 1138 et
3401 1100 3506 1139 non
3541 1086 3738 1140 valendo
3765 1103 3845 1152 esse,

2292 1172 2523 1244 qualem
2555 1172 2760 1227 debere
2787 1187 2907 1225 esse
2938 1186 2999 1226 se
3030 1170 3215 1227 videt:
3248 1188 3473 1243 poenam
3504 1172 3759 1228 istam‘esse
3779 1176 3849 1246 quis

2291 1259 2560 1315 dubitet?
2582 1259 2778 1315 Omnis
2806 1262 2998 1315 autem
3025 1275 3199 1331 paena
3220 1259 3267 1314 si
3285 1260 3439 1332 justa
3456 1265 3552 1329 est,
3566 1260 3737 1331 peccati
3752 1277 3850 1331 peni

2292 1351 2398 1415 est,
2430 1352 2487 1403 et
2521 1348 2867 1419 supplicium
2910 1347 3278 1403 nominatur:
3324 1349 3371 1402 si
3415 1352 3589 1402 autem
3630 1347 3852 1418 injustacst

2290 1452 2480 1508 paena,
2514 1437 2787 1508 quoniam
2834 1452 3067 1508 poenam
3118 1452 3241 1491 esse
3275 1452 3443 1491 nemo
3478 1435 3701 1506 ambigit,
3725 1436 3850 1506 injusto

2290 1525 2485 1596 aliquo
2516 1524 2847 1579 dominante
2878 1524 3098 1579 homini
3128 1524 3396 1596 imposita
3421 1529 3517 1579 est.
3546 1526 3690 1579 Porro
3710 1526 3801 1595 quia
3815 1523 3851 1576 de

2292 1600 2708 1685 omnipotentia
2758 1612 2861 1668 Dei
2903 1616 2961 1668 et
2998 1612 3222 1684 justitia
3264 1612 3516 1668 dubitare
3554 1612 3774 1667 dementis
3795 1616 3852 1675 est,

2284 1702 2441 1773 justa
2466 1701 2589 1756 huic
2625 1717 2798 1773 poena
2825 1705 2930 1769 est,
2971 1705 3026 1756 et
3065 1717 3167 1772 pro
3199 1705 3426 1772 peccato
3456 1696 3849 1771 aliquo‘peuditur.

2295 1789 2420 1843 Non
2444 1789 2597 1843 enim
2620 1790 2747 1860 quis
2772 1805 2923 1860 {nam
2944 1789 3193 1861 injustus
3213 1790 3532 1845 dominator
3558 1794 3643 1844 aut
3670 1788 3853 1857 surripere

2290 1876 2585 1931 hominem
2606 1878 2815 1949 potuit,
2843 1879 2997 1933 velut
3020 1877 3312 1950 ignoranti
3342 1880 3456 1935 Deo
3482 1899 3496 1946 ;
3519 1881 3606 1933 aut
3629 1881 3852 1945 extorquere

2290 1964 2491 2032 invito,
2532 1969 2809 2038 tanquam
2850 1966 3198 2033 invalidiori,
3239 1967 3326 2021 vel
3367 1966 3616 2022 terrendo
3648 1960 3855 2018 vel-conﬂi-

2290 2055 2495 2125 gendo,
2522 2058 2587 2109 ut
2610 2055 2905 2114 hominem
2932 2054 3144 2127 injuste
3170 2072 3341 2126 pmna
3366 2055 3639 2110 cruciaret.
3668 2048 3854 2119 Relinqui-

2290 2143 2385 2194 tur
2410 2155 2545 2211 ergo
2588 2146 2651 2197 ut
2688 2142 2811 2197 haec
2841 2142 2995 2214 justa
3032 2159 3204 2214 poena
3231 2144 3300 2199 de
3330 2142 3672 2199 damnatione
3700 2134 3857 2194 hominis

2289 2229 2482 2284 veniat
2515 2230 2607 2302 (a).

2360 2320 2455 2373 52.
2496 2318 2610 2372 Nec
2641 2318 2965 2375 mirandum
2995 2323 3080 2375 est
3104 2321 3261 2391 quod
3287 2321 3375 2376 vel
3405 2317 3695 2392 ignorando
3717 2312 3859 2370 nouli:-

2288 2404 2419 2460 beat
2445 2405 2747 2462 arbitrium
2778 2407 3022 2463 liberum
3051 2409 3357 2464 voluntatis
3386 2409 3459 2464 ad
3488 2406 3763 2479 eligendum
3784 2399 3857 2471 quid

2290 2497 2439 2549 recte
2465 2494 2667 2551 faciat:
2702 2495 2788 2550 vel
2819 2496 3118 2552 resistente
3149 2498 3371 2553 carnali
3400 2493 3859 2559 consuetudinum

2290 2581 2560 2638 violentia
2586 2584 2846 2639 mortalis
2867 2585 3237 2641 successionis
3256 2583 3664 2662 quodammodo
3683 2574 3858 2635 naturali-

2286 2672 2375 2725 ter
2410 2670 2662 2740 inolevit,
2705 2673 2897 2728 videat
2924 2673 3061 2745 quid
3093 2679 3247 2730 recte
3275 2674 3595 2731 faciendum
3619 2671 3696 2739 sit,
3725 2673 3767 2722 et
3785 2663 3859 2715 velit

2288 2775 2390 2814 nec
2417 2760 2595 2831 possit
2622 2761 2882 2832 implere.
2915 2763 3018 2817 Illa
3046 2766 3130 2818 est
3160 2762 3319 2819 enim
3351 2762 3563 2836 peccati
3588 2753 3859 2833 pienajustié-

2287 2847 2448 2913 sima,
2478 2852 2546 2902 ut
2593 2847 2817 2904 amittat
2861 2850 3106 2922 quisque
3147 2868 3263 2924 quo
3294 2852 3444 2908 bene
3489 2850 3569 2906 uti
3609 2844 3766 2909 noluit,
3785 2853 3857 2893 cum

2287 2934 2409 2989 sine
2439 2935 2555 2990 ulla
2584 2941 2775 3008 posset
2802 2937 3159 3006 difﬁcultate,
3191 2938 3240 2994 si
3265 2940 3457 2995 vellet.
3489 2937 3547 2992 Id
3570 2940 3646 2991 est
3663 2934 3858 2995 autem

2286 3022 2413 3095 quis
2443 3022 2624 3078 sciens
2652 3030 2803 3081 recte
2832 3042 2953 3082 non
2981 3026 3135 3094 facit,
3171 3027 3401 3083 amittat
3426 3026 3561 3082 scire
3587 3021 3705 3095 quid
3724 3020 3853 3072 factum

2284 3112 2388 3179 sit;
2432 3116 2488 3167 et
2518 3113 2619 3184 qui
2664 3118 2815 3169 recte
2858 3114 3062 3182 facere,
3094 3132 3225 3170 cuin
3266 3123 3480 3188 posset,
3513 3112 3695 3181 noluit,
3724 3105 3857 3162 amittat

2284 3216 2446 3271 posse
2478 3217 2607 3256 cum
2637 3202 2790 3257 velit.
2831 3204 2976 3257 Nam
3002 3208 3134 3258 sunt
3162 3220 3363 3259 revera
3392 3204 3544 3260 omni
3572 3195 3770 3273 peccanti
3787 3191 3853 3244 ιηὶ·

2284 3304 2394 3343 ma:
2437 3289 2550 3344 duo
2596 3289 2704 3344 ista
2741 3292 3007 3361 pcenalia.
3057 3292 3394 3364 ignorantia
3439 3297 3497 3348 et
3538 3286 3792 3347 difﬁcultas.
3817 3278 3856 3332 Ει

2282 3375 2609 3447 ignorantia
2652 3379 2988 3436 dehonestat
3017 3397 3197 3450 error,
3230 3398 3296 3436 ex
3341 3379 3659 3437 difﬁcultate
3682 3369 3856 3460 emuniit!

2281 3464 2506 3537 afﬂigit.
2548 3465 2657 3521 Sed
2687 3468 3003 3539 approbare
3028 3460 3173 3525 falsa
3217 3486 3326 3541 pro
3361 3469 3527 3537 veris,
3556 3472 3617 3523 ut
3639 3465 3756 3520 erret
3777 3457 3854 3510 intr

2282 3556 2397 3622 tus,
2427 3556 2484 3608 et
2511 3554 2805 3612 resistente
2835 3562 3006 3628 atque
3033 3563 3346 3630 torquente
3378 3559 3566 3614 dolore
3593 3547 3778 3610 camelis
3796 3542 3856 3593 τὶῠ·

2282 3641 2416 3709 culi,
2445 3658 2559 3696 non
2589 3659 2754 3713 posse
2780 3660 2811 3697 a
2839 3632 3165 3701 libidinbsis
3195 3648 3472 3718 operibus
3502 3650 3778 3715 temperaret
3797 3641 3857 3684 90”

2281 3732 2367 3784 est
2393 3734 2597 3784 natura
2627 3731 2871 3787 instituti
2901 3733 3172 3804 hominis,
3203 3736 3304 3791 sed
3332 3752 3506 3808 poena
3540 3726 3761 3789 damnati.
3781 3722 3855 3808 Clit11

2282 3821 2471 3872 autem
2501 3819 2570 3873 de
2602 3819 2778 3874 libera
2799 3822 3088 3877 voluntate
3118 3827 3271 3880 recte
3300 3804 3551 3880 faciendi
3572 3804 3854 3891 loquimurﬂ

2279 3902 2377 3959 illa
2407 3905 2617 3960 scilicet
2644 3906 2705 3961 in
2733 3923 2848 3979 qua
2886 3908 3059 3963 homo
3083 3910 3263 3966 factus
3291 3917 3385 3967 est
3414 3909 3684 3982 loquimur
3706 3902 3770 3973 (δ).

2280 4010 2505 4066 CAPUT
2533 4014 2666 4068 XIX.
2697 4044 2764 4054 —
2794 4017 3075 4072 Peccantes
3104 4020 3488 4085 ignorantiam
3516 4022 3563 4071 et
3597 4004 3853 4082 dimidim

2348 4104 2639 4169 trans/usa
2664 4104 2723 4157 in
2751 4119 2807 4158 se
2841 4120 2908 4158 ea:
2940 4105 3075 4160 Adae
3115 4113 3335 4176 peccato
3366 4111 3508 4163 vitia
3542 4121 3604 4160 ne
3631 4094 3821 4156 excuset"

2346 4208 2436 4263 53.
2481 4208 2596 4262 Hoc
2624 4209 2873 4264 occurrit
2897 4209 2994 4265 illa
3023 4213 3286 4282 quaistio,
3321 4229 3502 4285 quam
3549 4211 3680 4265 inter
3715 4204 3855 4285 senili?

2274 4299 2570 4350 murantes
2585 4296 2848 4352 homines
2870 4300 3074 4353 rodere
3112 4282 3649 4370 consueverunt,qui
3675 4282 3857 4371 ([ιιοάίίξέί

2274 4381 2431 4437 aliud
2468 4384 2528 4437 in
2554 4386 2840 4456 peccando
2873 4403 3047 4458 quam
3090 4406 3149 4443 se
3183 4406 3454 4445 accusare
3483 4384 3657 4461 parati
3681 4380 3787 4434 sunt
3809 4369 3855 4422 Di“

2272 4476 2410 4525 cunt
2439 4472 2625 4527 enim:
2676 4473 2732 4528 Si
2768 4475 2949 4529 Adam
2997 4481 3054 4531 et
3101 4478 3211 4532 Eva
3239 4481 3632 4549 peccaverunt,
3668 4463 3771 4541 quid
3802 4468 3858 4549 E05

2273 4558 2467 4612 miseri
2499 4559 2756 4628 fecimus,
2795 4570 2861 4617 ut
2890 4580 3020 4618 cum
3058 4564 3407 4636 ignorantiae
3437 4564 3687 4625 caecitate,
3712 4544 3854 4608 etdim-

2271 4647 2498 4702 cultatis
2533 4650 2872 4705 cruciatibus
2917 4669 3304 4720 nasceremur,
3350 4658 3412 4708 et
3440 4653 3624 4724 primo
3646 4646 3856 4724 errarem?

2270 4736 2586 4792 nescientes
2632 4738 2771 4809 quid
2814 4739 2979 4795 nobis
3024 4747 3174 4797 esset
3210 4719 3580 4807 faciendum;
3619 4728 3781 4792 deinde
3807 4719 3855 4774 “id

2269 4825 2435 4880 nobis
2475 4826 2796 4897 inciperent
2834 4829 3047 4901 aperiri
3087 4836 3380 4902 praecepta
3402 4828 3652 4902 justitia,
3688 4820 3857 4899 vellant=

2268 4930 2338 4969 ea
2364 4914 2570 4984 facere,
2595 4920 2649 4970 et
2670 4917 2977 4974 renittente
3007 4921 3251 4974 carnalis
3276 4912 3731 4990 concupiscentia:
3747 4908 3855 4959 nam”
3900 4912 3901 4967 ἒ

2267 5018 2382 5074 qua
2418 5004 2750 5060 necessitate
2799 5022 2917 5060 non
2953 5006 3312 5063 valeremus?
3351 5006 3570 5073 Quibus
3599 4996 3857 5059 brevin
3900 5060 3901 5069 χ

2264 5091 2579 5161 spondetur
2596 5097 2659 5146 ut
2679 5093 2997 5165 quiescant,
3018 5099 3075 5150 et
3100 5095 3375 5151 adversus
3401 5098 3579 5151 Deum
3607 5086 3856 5146 murmurari
3900 5076 3901 5143 Ῐ

2263 5179 2550 5235 desistant.
2587 5181 2757 5237 Recte
2789 5183 2942 5238 enim
2969 5184 3207 5240 fortasse
3238 5188 3640 5256 quererentur,
3671 5177 3711 5232 si
3732 5178 3857 5226 errore

2325 5303 2345 5335 ³
2364 5301 2510 5369 ﬁdi."
2534 5316 2546 5350 τ
2568 5302 2626 5353 Si
2649 5305 2831 5355 autem
2858 5305 3030 5356 bonus
3053 5304 3213 5357 homo
3239 5309 3395 5369 esset,
3418 5307 3576 5358 aliter
3593 5306 3702 5353 esset
3720 5312 3731 5353 ς
3748 5287 3859 5341 011³⁵³³

2262 5363 2521 5426 particula
2546 5369 2607 5424 si,
2644 5379 2803 5429 quam
2833 5381 2895 5417 ex
2923 5370 3042 5419 Mss.
3078 5363 3439 5434 reposuimus.

2323 5442 2394 5567 Ea;
2421 5443 2541 5515 Vid.
2568 5445 2801 5517 ﬁetract.
2826 5446 2916 5496 lib.
2953 5452 2998 5510 1,
3025 5462 3140 5513 cap.
3166 5452 3214 5509 9,
3241 5464 3292 5499 ιι.
3326 5453 3375 5497 5.

2345 5503 2373 5551 ὁ
2418 5505 2534 5554 Vid.
2566 5508 2692 5557 ibid.

2345 5503 2391 5557 bl
2418 5505 2534 5554 Vid.
2566 5507 2692 5557 ibid.
