4036 6182
214 357 342 418 1297

211 479 268 529 et
317 472 570 527 libidinis
616 475 811 528 nullus
859 476 1158 530 hominum
1216 478 1391 532 \ictor
1435 478 1730 547 existeret;
1777 496 1905 534 cum

209 579 343 617 vero
365 562 579 633 ubique
599 562 670 616 sit
693 579 969 634 praesens,
1002 565 1100 636 qui
1125 566 1321 620 multis
1354 568 1536 622 modis
1563 585 1665 640 per
1685 576 1905 624 creatu-

212 668 334 706 ram
367 651 475 705 sibi
510 651 752 706 Domino
807 653 1144 707 servientem
1199 671 1455 709 aversum
1489 661 1668 723 vocet,
1712 658 1908 713 doceat

211 740 560 806 credentem,
595 741 919 795 consoletur
945 746 1289 812 sperantem,
1317 743 1649 814 diligentem
1697 745 1902 798 adhor-

211 832 382 896 tetur,
419 833 722 883 conantem
761 830 1007 899 adjuvet,
1040 832 1302 885 exaudiat
1330 832 1757 901 deprecantem;
1792 849 1906 886 non

209 917 314 972 tibi
360 917 669 988 deputatur
700 918 771 971 ad
816 919 1040 989 culpam
1074 920 1228 990 quod
1274 920 1485 973 invitus
1511 920 1763 991 ignoras,
1811 922 1906 975 sed

213 1006 366 1076 quod
396 1005 909 1077 negligisquzerere
933 1008 1082 1078 quod
1107 1007 1367 1078 ignoras;
1392 1025 1575 1080 neque
1601 1010 1736 1063 illud
1752 1010 1903 1081 quod

213 1095 514 1148 vulnerata
563 1095 822 1148 membra
853 1112 967 1149 non
1016 1096 1251 1168 colligis,
1293 1098 1390 1152 sed
1431 1098 1580 1168 quod
1626 1099 1904 1152 volentem

211 1199 414 1238 sanare
462 1185 819 1238 contemnis:
883 1185 989 1238 ista
1019 1190 1118 1239 tua
1173 1185 1405 1256 propria
1461 1191 1691 1257 peccata
1754 1191 1904 1252 sunt,

212 1271 363 1325 Nulli
397 1272 549 1325 enim
594 1272 816 1326 homini
847 1274 1096 1327 ablatum
1146 1279 1230 1328 est
1274 1274 1416 1328 scire
1462 1276 1681 1329 utiliter
1726 1275 1907 1346 qumri

212 1359 365 1430 quod
393 1359 673 1413 inutiliter
702 1360 1001 1431 ignoratur
1029 1359 1070 1427 ‘,
1105 1366 1157 1415 et
1192 1361 1486 1416 humiliter
1517 1363 1906 1416 confitendum

209 1463 329 1500 esse
356 1447 825 1515 imbecillitatem,
860 1453 926 1504 ut
948 1451 1229 1521 quaarenti
1253 1455 1306 1504 et
1336 1450 1628 1505 confitenti
1657 1451 1750 1504 ille
1781 1451 1906 1505 sub-

208 1535 416 1602 veniat,
450 1537 550 1608 qui
581 1553 684 1591 nec
713 1542 864 1592 errat
892 1538 1026 1592 dum
1059 1537 1340 1606 subvenit,
1373 1554 1474 1591 nec
1507 1538 1748 1592 laborat.

399 1626 541 1679 Nam
567 1625 709 1680 illud
743 1626 892 1698 quod
918 1626 1187 1697 ignorans
1218 1626 1460 1697 quisque
1503 1643 1616 1680 non
1650 1629 1798 1679 recte
1829 1624 1905 1678 fa-

204 1713 298 1779 cit,
333 1719 389 1768 et
419 1715 574 1785 quod
607 1719 757 1768 recte
787 1716 980 1769 volens
1019 1716 1203 1769 facere
1233 1731 1348 1768 non
1379 1719 1592 1784 potest,
1641 1714 1768 1767 ideo
1818 1713 1904 1767 di-

203 1805 414 1855 cuntur
441 1806 690 1872 peccata,
725 1801 861 1873 quia
885 1803 953 1857 de
984 1807 1212 1874 peccato
1241 1803 1338 1856 illo
1372 1803 1562 1856 liberte
1595 1801 1904 1855 voluntatis

210 1889 494 1960 originem
523 1891 737 1944 ducunt
769 1907 782 1943 :
818 1891 958 1945 illud
1002 1890 1153 1945 enim
1187 1891 1516 1962 pra-cedens
1561 1889 1769 1944 meruit
1797 1889 1906 1944 ista

206 1979 522 2049 sequentia.
571 1981 712 2034 Nam
760 1980 903 2034 sicut
956 1979 1211 2051 linguam
1270 1979 1512 2035 dicimus
1559 1997 1677 2033 non
1718 1981 1903 2034 solum

207 2068 530 2121 membrum
564 2069 714 2139 quod
747 2084 1038 2123 movemus
1068 2069 1128 2122 in
1161 2085 1257 2121 ore
1293 2069 1426 2123 dum
1463 2067 1772 2139 loquimur,
1805 2067 1901 2122 sed

206 2156 376 2210 etiam
411 2156 544 2212 illud
577 2157 728 2227 quod
768 2156 940 2226 hujus
987 2157 1230 2210 membri
1261 2161 1482 2210 motum
1515 2156 1901 2227 consequitur,

205 2244 266 2298 id
278 2248 360 2297 est
379 2243 621 2298 formam
651 2249 1026 2316 tenoremque
1048 2245 1371 2311 verborum,
1396 2245 1708 2298 secundum
1731 2261 1903 2315 quem

204 2332 441 2386 modum
471 2333 677 2387 dicitur
707 2333 816 2386 alia
841 2333 1040 2403 lingua
1066 2350 1267 2404 graeca,
1304 2333 1416 2387 alia
1444 2333 1620 2387 latina
1644 2350 1656 2386 :
1684 2332 1762 2386 sic
1787 2350 1903 2387 non

204 2420 389 2474 solum
420 2426 715 2490 peccatum
749 2421 890 2475 illud
921 2421 1183 2487 dicimus,
1212 2422 1364 2492 quod
1397 2421 1632 2492 proprie
1673 2425 1904 2475 vocatur

205 2512 524 2578 peccatum,
562 2509 742 2563 libera
769 2509 921 2563 enim
955 2510 1241 2563 voluntate
1286 2515 1341 2563 et
1383 2510 1454 2563 ab
1497 2509 1708 2563 sciente
1755 2525 1903 2563 com-

204 2595 482 2662 mittitur;
517 2596 612 2649 sed
634 2595 804 2650 etiam
828 2596 967 2650 illud
1002 2597 1152 2667 quod
1175 2596 1297 2666 jam
1320 2597 1389 2651 de
1417 2595 1588 2666 hujus
1619 2595 1900 2666 supplicio

203 2689 586 2755 consequatur
613 2701 840 2739 necesse
901 2689 1000 2738 est.
1034 2685 1124 2739 Sic
1180 2685 1352 2739 etiam
1400 2684 1581 2755 ipsam
1636 2688 1898 2738 naturam

204 2772 371 2827 aliter
390 2773 650 2838 dicimus,
681 2789 810 2826 cum
833 2772 1062 2844 preprie
1082 2773 1392 2843 loquimur,
1425 2776 1688 2825 naturam
1719 2772 1902 2826 homi-

205 2861 320 2930 nis,
355 2861 412 2914 in
443 2878 556 2933 qua
586 2861 839 2933 primum
871 2862 930 2915 in
960 2878 1061 2914 suo
1092 2877 1302 2932 genere
1334 2858 1695 2929 inculpabilis
1723 2858 1902 2912 factus

202 2953 314 3003 est:
345 2949 739 3012 aliter.istam,
778 2950 838 3003 in
879 2964 990 3020 qua
1021 2965 1088 3003 ex
1117 2949 1271 3002 illius
1313 2947 1565 3001 damnati
1610 2963 1799 3017 poena,
1847 2951 1902 3001 et

202 3038 475 3092 mortales
503 3043 561 3092 et
585 3038 785 3109 .ignari
826 3043 881 3092 et
930 3037 1086 3091 carni
1133 3035 1345 3091 subditi
1396 3035 1709 3103 nascimur;
1738 3036 1900 3105 juxta

202 3142 376 3198 quem
406 3127 640 3180 modum
672 3126 809 3181 dicit
828 3126 1151 3197 Apostolus,
1180 3127 1396 3178 Fuimus
1427 3126 1572 3178 enim
1601 3127 1651 3177 et
1677 3138 1772 3178 nos
1791 3139 1895 3178 na-

203 3215 460 3270 turaliter
486 3217 590 3284 ﬁlii
617 3217 732 3282 irae,
761 3217 901 3269 sicut
930 3219 980 3268 et
1008 3215 1187 3269 caeteri
1219 3212 1434 3282 (Ephes.
1464 3229 1520 3278 ιι,
1551 3209 1620 3281 3).

204 3304 431 3357 CAPUT
459 3305 564 3358 XX.
588 3333 655 3342 -—-
685 3303 920 3356 Pamales
950 3301 1190 3367 defectus
1228 3302 1288 3353 in
1319 3299 1458 3353 Adae
1482 3304 1720 3368 posteros
1753 3299 1901 3352 haud

276 3391 476 3460 injuste
501 3391 810 3456 damnasse,
839 3404 1184 3458 quaecumque
1213 3388 1424 3442 demum
1440 3403 1568 3441 vera
1591 3389 1663 3442 sit
1687 3387 1753 3441 de
1778 3390 1897 3441 anf-

276 3494 487 3532 marum
506 3479 715 3545 origine
743 3480 1026 3530 sententia.

277 3571 361 3621 55.
391 3567 465 3622 Ut
494 3571 687 3619 autem
718 3565 788 3618 de
819 3564 918 3617 illo
947 3564 1134 3635 primo
1175 3563 1466 3634 conjugio,
1500 3567 1554 3616 et
1583 3579 1712 3617 cum
1742 3562 1900 3633 igno-

197 3655 414 3720 rantia,
449 3659 502 3707 et
535 3669 665 3706 cum
696 3653 1051 3719 difficultate,
1086 3657 1296 3707 etcum
1328 3651 1672 3706 mortalitate
1702 3667 1895 3705 nasca-

197 3759 356 3808 mur,
385 3741 665 3812 quoniam
695 3740 775 3794 illi
809 3756 938 3794 cum
969 3740 1374 3811 peccavissent,
1398 3740 1528 3794 etin
1546 3755 1820 3808 errorem,
1845 3743 1900 3794 et

197 3834 265 3888 in
303 3846 639 3895 arumnam,
673 3833 728 3883 et
755 3828 814 3882 in
847 3834 1092 3884 mortem
1140 3828 1481 3900 praecipitati
1507 3832 1660 3895 sunt,
1707 3843 1897 3882 rerum

195 3920 550 3977 moderatori
593 3936 818 3974 summo
859 3922 989 3990 Deo_
1012 3919 1325 3991 justissima
1372 3918 1618 3990 placuit;
1667 3921 1731 3971 ut
1759 3921 1815 3971 et
1840 3917 1898 3971 in

196 4014 333 4066 ortu
355 4008 607 4064 hominis
641 4008 999 4079 originaliter
1029 4007 1563 4079 appareretjustitia
1587 4006 1893 4078 punientis,

195 4103 257 4153 et
286 4098 344 4152 in
376 4102 646 4170 provectu
676 4097 1067 4151 misericordia
1094 4097 1408 4150 liherantis.
1445 4098 1582 4150 Nam
1615 4095 1766 4150 enim
1799 4096 1897 4149 da-

196 4189 396 4240 mnato
444 4185 634 4256 primo
674 4184 895 4238 homini
935 4185 1010 4238 sic
1045 4185 1313 4256 adempta
1360 4189 1444 4238 est
1483 4185 1794 4248 beatitudo,
1830 4187 1900 4238 ,ut

197 4273 372 4328 etiam
406 4273 724 4328 fecunditas
750 4273 1119 4328 adimeretur.
1146 4275 1372 4328 Poterat
1393 4271 1545 4326 enim
1576 4277 1630 4326 et
1649 4273 1718 4326 dc
1742 4272 1899 4343 prole

196 4362 344 4433 ejus,
390 4362 649 4433 quamvis
679 4361 893 4416 carnali
926 4367 980 4416 et
1013 4362 1259 4429 mortali,
1303 4361 1532 4432 aliquod
1567 4360 1626 4415 in
1657 4377 1758 4414 suo
1788 4376 1895 4431 ge-

199 4467 339 4505 nere
372 4451 498 4505 ﬁeri
530 4452 702 4506 decus
752 4455 1266 4522 ornamentumque
1312 4454 1610 4505 terrarum.
1641 4450 1899 4503 Jamvero

201 4544 267 4593 ut
293 4540 558 4595 meliores
596 4540 858 4612 gigneret
879 4556 1051 4611 quam
1077 4539 1195 4611 ipse
1226 4543 1388 4601 esset,
1423 4555 1537 4592 non
1573 4541 1693 4591 erat
1726 4536 1902 4608 tequi-

199 4627 369 4683 tatis:
406 4630 501 4684 sed
533 4646 597 4684 ex
629 4629 996 4683 conversione
1029 4629 1098 4684 ad
1133 4631 1328 4693 Deum,
1365 4631 1427 4681 ut
1454 4627 1701 4681 vinceret
1742 4625 1897 4696 quis-

201 4733 318 4788 que
333 4717 675 4790 supplicium
706 4718 856 4789 quod
887 4717 1048 4788 origo
1067 4719 1189 4790 ejus
1208 4734 1270 4772 ex
1287 4716 1578 4770 aversione
1591 4718 1896 4782 meruerat,

199 4822 317 4860 non
345 4808 525 4861 solum
555 4808 840 4874 volentem
863 4823 976 4862 non
997 4805 1309 4878 prohiberi,
1334 4805 1425 4859 sed
1452 4805 1622 4860 etiam
1645 4802 1900 4874 adjuvari

202 4897 540 4965 oportebat;
603 4895 775 4950 etiam
835 4896 913 4950 sic
943 4896 1098 4950 enim
1150 4912 1342 4949 rerum
1395 4895 1626 4949 Creator
1654 4891 1901 4947 ostendit

197 4989 417 5056 quanta
442 4984 710 5038 facilitate
739 4985 1015 5055 potuisset
1035 4985 1228 5044 homo,
1261 4984 1309 5037 si
1338 4984 1628 5049 voluisset,
1653 4981 1898 5036 retinere

201 5073 360 5144 quod
392 5073 570 5126 factus
591 5077 693 5140 est,
727 5089 850 5126 cum
873 5074 1061 5144 proles
1093 5071 1410 5143 ejuspotuit
1437 5071 1606 5125 etiam
1633 5085 1897 5142 superare

196 5159 351 5232 quod
379 5164 514 5214 nata
552 5164 653 5215 est.

265 5305 277 5337 ι
309 5301 454 5360 Lov.,
478 5304 612 5351 scire
626 5300 834 5351 utiliter
854 5314 1101 5364 querere,
1115 5301 1252 5364 quod
1268 5301 1535 5352 inutiliter
1547 5299 1783 5364 igne-rat.
1799 5299 1899 5364 An:

202 5365 460 5428 tiquiores
487 5364 617 5413 Edd.
642 5360 1080 5428 Ba«l.Er.‘_etMss.
1099 5360 1492 5428 quatuor,scire
1510 5360 1734 5419 utiliter,
1765 5360 1900 5422 quod

197 5425 470 5491 inutiliter
495 5425 923 5491 igniorolurLAlii
951 5427 1073 5491 Mss.
1100 5425 1348 5491 undecim
1367 5441 1396 5491 e_
1429 5439 1651 5491 quorum
1680 5438 1898 5472 numero

199 5494 327 5538 sunt
347 5488 538 5550 Regius
561 5489 751 5548 Codex,
785 5488 1102 5544 Victorinus,
1129 5489 1399 5537 Sorboniei
1433 5488 1556 5545 duo,
1582 5489 1896 5550 Germanen:

200 5552 292 5609 sis,
329 5548 772 5608 Gemmeticensis,
803 5555 924 5610 etc.,
954 5551 1306 5602 habentscire
1335 5550 1552 5600 utiliter
1570 5552 1732 5612 quaeri
1755 5548 1898 5612 quod

201 5614 461 5664 inutiliter
494 5618 792 5677 ignoratur:
825 5629 982 5677 quam
1011 5614 1291 5663 lectionem
1323 5613 1582 5675 eligimus.

1665 358 1876 416 LIBER
1915 360 2238 416 TERTIUS.

3583 365 3715 416 l'298

2087 485 2173 537 56.
2219 482 2455 548 Deinde,
2491 483 2536 535 si
2564 499 2678 536 una
2699 484 2889 537 anima
2915 485 3062 539 facta
3091 490 3193 551 est,
3221 503 3284 539 ex
3309 502 3421 557 qua
3451 485 3712 541 omnium

2017 570 2315 624 hominum
2366 570 2572 624 animus
2604 571 2911 625 trahuntur
2944 574 3323 640 nascentium,
3364 575 3490 646 quis
3527 579 3712 645 potest

2017 659 2203 713 dicere
2232 675 2343 713 non
2384 677 2441 713 se
2469 675 2750 729 peccasse,
2784 677 2913 714 cum
2945 661 3164 730 primus
3197 663 3290 717 ille
3323 664 3621 734 peccavit?
3652 663 3708 718 Si

2017 753 2206 802 autem
2225 748 2557 818 singillatim
2581 749 2728 802 ﬁunt
2743 750 2802 803 in
2827 766 3171 820 unoquoque
3189 752 3565 818 nascentium,
3589 768 3707 805 non

2016 837 2102 888 est
2129 851 2480 904 perversum,
2499 837 2615 890 imo
2646 838 3244 892 convenientissimum
3273 844 3324 893 ct
3355 840 3704 894 ordinatissi-

2017 938 2174 976 mum
2199 928 2457 995 apparet,
2482 927 2543 978 ut
2570 926 2785 979 malum
2826 927 3094 980 meritum
3126 927 3353 997 prioris,
3387 933 3592 982 natura
3620 946 3704 980 se-

2017 1012 2242 1081 quentis
2297 1013 2398 1080 sit;
2460 1018 2514 1067 et
2565 1015 2782 1068 bonum
2828 1015 3096 1068 meritum
3144 1015 3452 1085 sequentis,
3505 1021 3708 1069 natura

2015 1099 2226 1169 prioris
2250 1101 2340 1155 sit.
2372 1101 2516 1166 Quid
2545 1102 2699 1156 enim
2730 1103 3054 1174 indignum,
3101 1102 3147 1156 si
3202 1103 3372 1157 etiam
3423 1104 3501 1156 sic
3532 1104 3710 1157 voluit

2018 1189 2246 1241 Creator
2303 1190 2620 1255 ostendere,
2671 1207 2853 1260 usque
2911 1191 3053 1244 adeo
3115 1191 3387 1245 excellere
3441 1191 3710 1244 creaturis

2015 1277 2300 1346 corporeis
2330 1277 2536 1330 animm
2588 1277 2947 1348 dignitatem,
2991 1284 3053 1332 ut
3101 1280 3170 1332 ab
3210 1296 3273 1332 eo
3325 1280 3501 1349 gradu
3535 1279 3712 1348 possit

2017 1379 2137 1416 esse
2187 1369 2344 1418 ortus
2373 1365 2626 1431 alterius,
2675 1366 2744 1419 ad
2793 1383 2965 1436 quem
3013 1367 3246 1421 alterius
3279 1367 3585 1436 perductus
3626 1371 3712 1420 est

2017 1453 2295 1505 occasus?
2333 1453 2474 1505 Nam
2505 1468 2632 1506 cum
2667 1453 2734 1505 ad
2768 1453 3154 1523 ignorantiam
3198 1447 3710 1523 difﬁcultatemque

2013 1539 2342 1609 pervenerit
2365 1540 2462 1594 illa
2475 1540 2778 1611 peccatrix,
2807 1541 2934 1594 ideo
2953 1557 3124 1610 poena
3152 1544 3298 1593 recte
3323 1541 3548 1605 dicitur,
3575 1541 3712 1611 quia

2017 1627 2223 1682 melior
2252 1633 2382 1683 ante
2410 1629 2555 1683 hanc
2579 1646 2808 1700 poenam
2839 1629 2964 1683 fuit.
2991 1629 3047 1683 Si
3081 1646 3215 1699 ergo
3241 1631 3417 1682 altera
3443 1628 3563 1682 talis
3590 1645 3710 1682 esse

2014 1716 2333 1786 cmpitnon
2360 1717 2544 1771 solum
2597 1722 2726 1772 ante
2773 1722 3088 1788 peccatum,
3147 1718 3244 1770 sed
3295 1721 3424 1770 ante
3478 1733 3710 1770 omnem

2013 1805 2188 1858 vitam
2219 1821 2400 1872 suam,
2436 1806 2621 1876 qualis
2672 1805 2783 1859 alia
2819 1810 2945 1875 post
2991 1805 3162 1858 vitam
3194 1805 3539 1874 culpabilem
3567 1805 3709 1858 facta

2015 1896 2120 1958 est,
2165 1909 2280 1946 non
2331 1909 2572 1964 parvum
2618 1893 2832 1948 bonum
2862 1893 3052 1954 habet,
3102 1893 3250 1947 unde
3282 1892 3573 1947 Conditori
3606 1909 3707 1945 suo

2013 1981 2226 2052 gratias
2258 1985 2418 2053 agat;
2452 1982 2587 2053 quia
2616 1981 2735 2054 ipse
2763 1987 2919 2036 ortus
2949 1981 3070 2051 ejus
3101 1986 3158 2034 et
3187 1980 3475 2034 inchoatio
3511 1979 3709 2050 quovis

2014 2071 2267 2140 perfecto
2317 2086 2553 2142 corpore
2601 2076 2684 2124 est
2726 2069 2950 2125 melior.
3010 2071 3134 2124 Non
3191 2069 3343 2123 enim
3399 2069 3710 2123 mediocria

2014 2157 2163 2212 bona
2192 2167 2343 2226 sunt,
2398 2175 2512 2213 non
2544 2160 2725 2212 solum
2777 2159 2928 2230 quod
2971 2158 3161 2212 anima
3211 2162 3313 2224 est,
3355 2175 3468 2228 qua
3505 2161 3709 2210 natura

2006 2246 2126 2317 jam
2175 2264 2343 2302 omne
2382 2264 2588 2319 corpus
2618 2247 2923 2318 praecedit;
2957 2247 3050 2300 sed
3087 2246 3255 2300 etiam
3287 2247 3438 2316 quod
3472 2246 3703 2299 faculta-

2012 2339 2126 2389 tem
2158 2336 2350 2406 habet,
2380 2341 2446 2391 ut
2471 2337 2777 2407 adjuvante
2804 2336 3068 2390 Creatore
3100 2335 3346 2406 seipsam
3379 2335 3618 2400 excolat,
3652 2339 3710 2388 et

2011 2420 2106 2490 pio
2135 2421 2322 2475 studio
2361 2422 2538 2493 possit
2557 2439 2754 2476 omnes
2789 2421 3082 2492 acquirere
3115 2425 3169 2475 et
3202 2437 3404 2490 capere
3445 2421 3704 2485 virtutes,

2011 2525 2116 2580 per
2149 2525 2289 2580 quas
2336 2514 2390 2565 et
2422 2528 2454 2564 a
2484 2510 2816 2565 difficultate
2847 2510 3155 2574 cruciante,
3188 2513 3244 2561 et
3274 2508 3345 2561 ab
3383 2507 3708 2577 ignorantia

2011 2602 2256 2652 caecante
2283 2599 2576 2654 liberetur.
2611 2599 2768 2662 Quod
2808 2599 2852 2650 si
2888 2598 2966 2652 ita
2999 2603 3107 2666 est,
3143 2613 3260 2651 non
3283 2597 3390 2650 erit
3423 2595 3704 2649 nascenti-

2010 2685 2116 2740 bus
2137 2687 2344 2741 animis
2361 2687 2685 2757 ignorantia
2709 2693 2765 2740 et
2785 2686 3087 2740 difﬁcultas
3104 2685 3450 2754 supplicium
3467 2684 3703 2753 peccati,

2010 2775 2108 2828 sed
2151 2775 2490 2843 proficiendi
2520 2775 2856 2839 admonitio,
2890 2780 2946 2828 et
2975 2773 3341 2844 perfectionis
3385 2772 3700 2824 exordium.

2014 2863 2139 2916 Non
2170 2862 2322 2916 enim
2352 2866 2480 2916 ante
2512 2878 2681 2916 omne
2709 2861 2980 2915 meritum
3010 2861 3146 2913 boni
3177 2859 3365 2929 operis
3395 2874 3600 2927 parum
3623 2862 3706 2910 est

2013 2950 2292 3020 accepisse
2318 2951 2577 3003 naturale
2616 2949 2920 3020 judicium,
2953 2965 3067 3019 quo
3110 2947 3446 3018 sapientiam
3479 2963 3705 3014 priapo-

2010 3043 2108 3092 nat
2156 3038 2356 3104 errori,
2390 3043 2446 3092 et
2498 3038 2748 3109 quietem
2805 3037 3146 3094 difﬁcultati.
3192 3042 3256 3090 ut
3302 3036 3373 3089 ad
3419 3035 3542 3088 haec
3586 3050 3702 3086 non

2009 3127 2312 3192 nascendo,
2347 3127 2441 3180 sed
2485 3126 2764 3180 studendo
2795 3125 3108 3196 perveniat.
3142 3125 3303 3190 Quod
3333 3123 3379 3177 si
3409 3139 3576 3192 agere
3603 3138 3704 3175 no-

2010 3215 2199 3281 luerit,
2230 3214 2447 3285 peccati
2477 3231 2573 3268 rea
2598 3215 2728 3285 jure
2774 3213 3080 3278 tenebitur,
3113 3219 3385 3284 tanquam
3431 3228 3559 3282 qua:
3589 3227 3703 3265 non

2009 3300 2155 3354 bene
2185 3316 2289 3353 usa
2335 3299 2407 3353 sit
2455 3317 2521 3353 ea
2551 3300 2814 3354 facultate
2862 3316 3033 3370 quam
3095 3298 3326 3367 accepit.
3363 3299 3703 3367 Quanquam

2009 3387 2165 3441 enim
2194 3387 2254 3441 in
2286 3387 2612 3458 ignorantia
2642 3392 2697 3442 et
2725 3388 3056 3441 difﬁcultate
3087 3395 3220 3440 nata
3250 3386 3339 3450 sit,
3373 3401 3489 3438 non
3509 3389 3703 3438 tamen

2008 3476 2079 3530 ad
2111 3477 2565 3545 permanendum
2599 3476 2658 3530 in
2681 3492 2747 3530 eo
2781 3477 2933 3547 quod
2961 3480 3090 3528 nata
3117 3478 3220 3540 est,
3245 3473 3436 3543 aliqua
3466 3471 3704 3524 necessi-

2008 3568 2122 3617 tate
2179 3563 2607 3632 comprimitur:
2665 3579 2851 3634 neque
2898 3563 3134 3616 omnino
3174 3561 3364 3631 potuit
3405 3558 3515 3612 nisi
3559 3561 3704 3612 Deus

2009 3651 2375 3722 omnipotens
2431 3667 2551 3704 esse
2590 3650 2606 3683 ⁴
2643 3651 2809 3705 etiam
2860 3651 3060 3704 talium
3107 3653 3330 3703 creator
3359 3649 3701 3711 animarum,

2009 3755 2150 3810 quas
2180 3745 2235 3793 et
2257 3755 2374 3793 non
2404 3739 2638 3793 dilectus
2660 3738 2780 3808 ipse
2802 3738 2987 3806 faciat,
3012 3741 3067 3792 et
3085 3737 3327 3808 diligens
3343 3752 3437 3790 eas
3465 3735 3698 3796 reﬁciat.

2009 3833 2065 3881 et
2093 3828 2332 3881 dilectus
2373 3827 2494 3896 ipse
2547 3827 2839 3896 perﬁciat;
2905 3826 3004 3897 qui
3062 3829 3117 3879 et
3169 3841 3283 3878 non
3333 3823 3702 3878 existentibus

2006 3920 2240 3988 praastat
2257 3921 2320 3970 ut
2349 3916 2480 3982 sint,
2512 3920 2568 3970 et
2585 3915 2907 3970 amantibus
2938 3931 3071 3969 eum
3101 3931 3134 3968 a
3164 3930 3277 3985 quo
3309 3916 3444 3967 sunt
3471 3916 3703 3982 praestat

2009 4011 2071 4059 ut
2092 4007 2271 4059 beatm
2299 4005 2431 4059 sint.

2081 4099 2144 4149 57
2203 4094 2262 4150 Si
2287 4111 2420 4148 vero
2440 4094 2500 4148 in
2533 4094 2633 4148 Dei
2663 4093 2855 4165 aliquo
2885 4097 3098 4147 secreto
3125 4093 3245 4163 jam
3269 4090 3569 4146 existentes
3588 4090 3704 4142 ani'

2009 4199 2119 4238 mas
2149 4182 2458 4237 mittuntur
2487 4182 2557 4236 ad
2598 4181 2930 4253 inspiranda
2961 4185 3018 4236 et
3036 4180 3285 4249 regenda
3316 4193 3554 4248 corpora
3585 4177 3699 4229 sin-

2008 4273 2274 4342 gulorum
2323 4286 2689 4342 quorumque
2756 4269 3137 4331 nascentium,
3204 4267 3275 4322 ad
3345 4267 3453 4320 hoc
3503 4265 3705 4335 utique

2008 4362 2316 4416 mittuntur
2359 4359 2632 4425 ofﬁcium,
2665 4363 2728 4413 ut
2756 4375 2962 4429 corpus
2993 4357 3144 4428 quod
3179 4357 3247 4410 de
3273 4371 3439 4426 posna
3468 4352 3702 4424 peccati,

2007 4451 2117 4504 hoc
2157 4454 2239 4503 est
2269 4449 2612 4503 mortalitate
2672 4447 2849 4517 primi
2903 4443 3173 4510 hominis,
3227 4441 3499 4507 nascitur,
3561 4441 3706 4494 bene

2008 4537 2477 4605 administrando,
2520 4536 2579 4591 id
2623 4541 2707 4590 est
2744 4533 3071 4605 castigando
3102 4547 3205 4602 per
3234 4531 3492 4594 virtutes,
3526 4532 3580 4582 et
3612 4544 3703 4581 or-

2008 4625 2376 4680 dinatissimae
2393 4629 2562 4695 atque
2577 4623 2688 4695 legi
2698 4624 2848 4677 lima;
2871 4619 3130 4674 servituti
3146 4617 3517 4689 subjiciendo,
3534 4617 3704 4670 etiam

2007 4714 2116 4785 ipsi
2154 4719 2489 4785 comparent
2519 4713 2721 4768 ordine
2762 4715 2933 4780 atque
2963 4713 3221 4778 tempore
3249 4711 3569 4778 opportuno
3600 4722 3706 4760 cce-

2003 4803 2162 4858 lestis
2210 4800 2652 4871 incorruptionis
2691 4800 2898 4853 locum.
2940 4798 3076 4862 Quas
3127 4812 3254 4850 cum
3309 4795 3600 4849 introeunt
3644 4793 3706 4846 in

2006 4892 2152 4946 hanc
2180 4891 2377 4956 vitam,
2427 4889 2787 4958 subeuntque
2827 4886 3102 4957 gestanda
3133 4885 3391 4938 membra
3419 4881 3702 4944 mortalia,

2005 4980 2245 5035 subeant
2275 4979 2448 5034 etiam
2469 4993 2700 5031 necesse
2740 4981 2826 5029 est
2847 4979 2902 5029 et
2931 4974 3275 5029 oblivionem
3312 4973 3443 5025 vita:
3472 4968 3700 5041 prioris,

2006 5072 2061 5122 et
2089 5067 2386 5138 pressantis
2415 5067 2673 5120 latiorem
2703 5081 2716 5118 :
2739 5064 2891 5118 unde
2913 5063 3010 5117 illa
3029 5061 3355 5133 ignorantia
3383 5064 3440 5113 et
3465 5057 3702 5111 difﬁcul-

2005 5161 2088 5212 tas
2139 5155 2522 5225 consequitur,
2571 5153 2812 5224 quodin
2842 5151 3030 5222 primo
3075 5149 3306 5204 homine
3355 5145 3700 5216 supplicium

2007 5243 2372 5299 mortalitatis
2400 5242 2530 5308 fuit,
2563 5242 2633 5296 ad
2657 5241 2833 5295 animi
2863 5239 3296 5311 expendendam
3331 5232 3617 5288 miseriam
3642 5231 3694 5298 ’ς

2071 5360 2082 5394 ¹
2109 5359 2280 5408 Editio
2297 5359 2788 5420 Lov..omnipotens
2811 5358 2962 5406 esset.
2979 5353 3186 5420 AtBad.
3201 5349 3699 5420 etEr.,_om_nipotens

2006 5434 2120 5472 esse
2139 5437 2150 5480 ;
2169 5421 2358 5483 quibus
2375 5411 2496 5469 mss.
2512 5411 2867 5469 con-sentiunt.
2897 5417 3058 5466 Paulo
3075 5419 3196 5529 post
3215 5427 3333 5475 quae
3363 5412 3417 5459 in
3440 5411 3568 5482 Edd.
3589 5423 3696 5456 om-

2006 5485 2160 5529 nibus
2183 5483 2520 5529 reperiuntur
2533 5483 2696 5529 verba
2715 5481 2933 5529 scilicet.
2951 5478 3068 5529 etdi
3102 5481 3241 5529 "oens
3258 5487 3346 5525 eas
3365 5471 3583 5529 reﬁciat,
3610 5472 3696 5520 ab-

2003 5471 2160 5533 nibus
2183 5471 2520 5544 ieperiuntur
2533 5483 2696 5531 verba
2715 5481 2933 5538 scilicet,
2951 5471 3246 5540 etdiligens'
3258 5487 3346 5525 eas
3365 5471 3583 5535 reﬁciat,
3610 5472 3698 5520 ab-

2004 5546 2521 5670 sugtt‘l‘sgsguatuor,
2550 5607 2618 5656 ad
2647 5608 2816 5655 animi
2846 5599 3171 5666 explendam
3191 5599 3481 5654 miseriam.
