  <div class='ocr_page' id='page_1' title='image "/cluster/home/n/w/nwhite01/storage/ocr_20150623/32/hvd.32044096580550/669.png"; bbox 0 0 4036 6182; ppageno 0'>
   <div class='ocr_carea' id='block_1_1' title="bbox 416 225 544 274">
    <p class='ocr_par' dir='ltr' id='par_1_1' title="bbox 416 225 544 274">
     <span class='ocr_line' id='line_1_1' title="bbox 416 225 544 274; baseline -0.063 0"><span class='ocrx_word' id='word_1_1' title='bbox 416 225 544 274; x_wconf 64' lang='grc'>1299</span> 
     </span>
    </p>
   </div>
   <div class='ocr_carea' id='block_1_2' title="bbox 407 339 2098 412">
    <p class='ocr_par' dir='ltr' id='par_1_2' title="bbox 407 339 2098 412">
     <span class='ocr_line' id='line_1_2' title="bbox 407 339 2098 412; baseline -0.004 -13"><span class='ocrx_word' id='word_1_2' title='bbox 407 345 467 398; x_wconf 92' lang='lat' dir='ltr'>in</span> <span class='ocrx_word' id='word_1_3' title='bbox 493 343 617 399; x_wconf 81' lang='lat' dir='ltr'>istis</span> <span class='ocrx_word' id='word_1_4' title='bbox 645 348 838 398; x_wconf 88' lang='lat' dir='ltr'>autem</span> <span class='ocrx_word' id='word_1_5' title='bbox 857 345 1038 412; x_wconf 89' lang='lat' dir='ltr'>janua</span> <span class='ocrx_word' id='word_1_6' title='bbox 1062 341 1368 396; x_wconf 80' lang='lat' dir='ltr'>ministerii</span> <span class='ocrx_word' id='word_1_7' title='bbox 1390 341 1460 394; x_wconf 91' lang='lat' dir='ltr'>ad</span> <span class='ocrx_word' id='word_1_8' title='bbox 1484 339 1862 409; x_wconf 89' lang='lat' dir='ltr'>reparandam</span> <span class='ocrx_word' id='word_1_9' title='bbox 1893 354 2098 408; x_wconf 89' lang='lat' dir='ltr'>corpo-</span> 
     </span>
    </p>
   </div>
   <div class='ocr_carea' id='block_1_3' title="bbox 373 427 2101 502">
    <p class='ocr_par' dir='ltr' id='par_1_3' title="bbox 373 427 2101 502">
     <span class='ocr_line' id='line_1_3' title="bbox 373 427 2101 502; baseline -0.003 -16"><span class='ocrx_word' id='word_1_10' title='bbox 373 433 482 495; x_wconf 67' lang='lat' dir='ltr'>,ris</span> <span class='ocrx_word' id='word_1_11' title='bbox 511 430 1024 502; x_wconf 80' lang='lat' dir='ltr'>incorruptionem.</span> <span class='ocrx_word' id='word_1_12' title='bbox 1074 431 1215 483; x_wconf 89' lang='lat' dir='ltr'>Nam</span> <span class='ocrx_word' id='word_1_13' title='bbox 1245 428 1350 482; x_wconf 90' lang='lat' dir='ltr'>hoc</span> <span class='ocrx_word' id='word_1_14' title='bbox 1384 443 1614 498; x_wconf 90' lang='lat' dir='ltr'>quoque</span> <span class='ocrx_word' id='word_1_15' title='bbox 1653 427 1822 482; x_wconf 92' lang='lat' dir='ltr'>modo</span> <span class='ocrx_word' id='word_1_16' title='bbox 1865 443 1983 482; x_wconf 92' lang='lat' dir='ltr'>non</span> <span class='ocrx_word' id='word_1_17' title='bbox 2015 427 2101 481; x_wconf 90' lang='lat' dir='ltr'>di-</span> 
     </span>
    </p>
   </div>
   <div class='ocr_carea' id='block_1_4' title="bbox 404 516 2100 588">
    <p class='ocr_par' dir='ltr' id='par_1_4' title="bbox 404 516 2100 588">
     <span class='ocr_line' id='line_1_4' title="bbox 404 516 2100 588; baseline -0.004 -14"><span class='ocrx_word' id='word_1_18' title='bbox 404 526 609 575; x_wconf 90' lang='lat' dir='ltr'>cuntur</span> <span class='ocrx_word' id='word_1_19' title='bbox 637 520 744 573; x_wconf 89' lang='lat' dir='ltr'>ista</span> <span class='ocrx_word' id='word_1_20' title='bbox 772 522 1022 588; x_wconf 87' lang='lat' dir='ltr'>peccata,</span> <span class='ocrx_word' id='word_1_21' title='bbox 1064 517 1173 570; x_wconf 89' lang='lat' dir='ltr'>nisi</span> <span class='ocrx_word' id='word_1_22' title='bbox 1207 516 1346 587; x_wconf 83' lang='lat' dir='ltr'>quia</span> <span class='ocrx_word' id='word_1_23' title='bbox 1384 532 1514 570; x_wconf 90' lang='lat' dir='ltr'>caro</span> <span class='ocrx_word' id='word_1_24' title='bbox 1554 516 1623 570; x_wconf 89' lang='lat' dir='ltr'>de</span> <span class='ocrx_word' id='word_1_25' title='bbox 1650 516 1968 587; x_wconf 81' lang='lat' dir='ltr'>propagine</span> <span class='ocrx_word' id='word_1_26' title='bbox 2009 532 2100 569; x_wconf 91' lang='lat' dir='ltr'>ve-</span> 
     </span>
    </p>
   </div>
   <div class='ocr_carea' id='block_1_5' title="bbox 408 604 2101 679">
    <p class='ocr_par' dir='ltr' id='par_1_5' title="bbox 408 604 2101 679">
     <span class='ocr_line' id='line_1_5' title="bbox 408 604 2101 679; baseline -0.004 -16"><span class='ocrx_word' id='word_1_27' title='bbox 408 610 568 664; x_wconf 90' lang='lat' dir='ltr'>niens</span> <span class='ocrx_word' id='word_1_28' title='bbox 598 607 932 679; x_wconf 83' lang='lat' dir='ltr'>peccatoris,</span> <span class='ocrx_word' id='word_1_29' title='bbox 960 605 1315 659; x_wconf 84' lang='lat' dir='ltr'>venientibus</span> <span class='ocrx_word' id='word_1_30' title='bbox 1345 605 1415 659; x_wconf 90' lang='lat' dir='ltr'>ad</span> <span class='ocrx_word' id='word_1_31' title='bbox 1443 621 1501 659; x_wconf 91' lang='lat' dir='ltr'>se</span> <span class='ocrx_word' id='word_1_32' title='bbox 1530 605 1739 659; x_wconf 90' lang='lat' dir='ltr'>animis</span> <span class='ocrx_word' id='word_1_33' title='bbox 1771 605 1918 658; x_wconf 88' lang='lat' dir='ltr'>hanc</span> <span class='ocrx_word' id='word_1_34' title='bbox 1939 604 2101 674; x_wconf 87' lang='lat' dir='ltr'>igno-</span> 
     </span>
    </p>
   </div>
   <div class='ocr_carea' id='block_1_6' title="bbox 408 693 2102 764">
    <p class='ocr_par' dir='ltr' id='par_1_6' title="bbox 408 693 2102 764">
     <span class='ocr_line' id='line_1_6' title="bbox 408 693 2102 764; baseline -0.004 -11"><span class='ocrx_word' id='word_1_35' title='bbox 408 699 652 754; x_wconf 90' lang='lat' dir='ltr'>rantiam</span> <span class='ocrx_word' id='word_1_36' title='bbox 678 703 734 751; x_wconf 94' lang='lat' dir='ltr'>et</span> <span class='ocrx_word' id='word_1_37' title='bbox 763 696 1157 750; x_wconf 88' lang='lat' dir='ltr'>difﬁcultatem</span> <span class='ocrx_word' id='word_1_38' title='bbox 1186 693 1354 748; x_wconf 83' lang='lat' dir='ltr'>facit:</span> <span class='ocrx_word' id='word_1_39' title='bbox 1388 709 1517 764; x_wconf 69' lang='lat' dir='ltr'>qua:</span> <span class='ocrx_word' id='word_1_40' title='bbox 1547 710 1735 764; x_wconf 89' lang='lat' dir='ltr'>neque</span> <span class='ocrx_word' id='word_1_41' title='bbox 1776 693 1885 760; x_wconf 86' lang='lat' dir='ltr'>his,</span> <span class='ocrx_word' id='word_1_42' title='bbox 1918 709 2102 763; x_wconf 90' lang='lat' dir='ltr'>neque</span> 
     </span>
    </p>
   </div>
   <div class='ocr_carea' id='block_1_7' title="bbox 408 779 2103 853">
    <p class='ocr_par' dir='ltr' id='par_1_7' title="bbox 408 779 2103 853">
     <span class='ocr_line' id='line_1_7' title="bbox 408 779 2103 853; baseline -0.004 -15"><span class='ocrx_word' id='word_1_43' title='bbox 408 784 660 838; x_wconf 84' lang='lat' dir='ltr'>Creatori</span> <span class='ocrx_word' id='word_1_44' title='bbox 680 789 952 853; x_wconf 90' lang='lat' dir='ltr'>tanquam</span> <span class='ocrx_word' id='word_1_45' title='bbox 978 781 1259 851; x_wconf 88' lang='lat' dir='ltr'>culpanda</span> <span class='ocrx_word' id='word_1_46' title='bbox 1289 781 1591 836; x_wconf 82' lang='lat' dir='ltr'>tribuatur.</span> <span class='ocrx_word' id='word_1_47' title='bbox 1629 781 1794 835; x_wconf 86' lang='lat' dir='ltr'>Dedit</span> <span class='ocrx_word' id='word_1_48' title='bbox 1821 780 1977 834; x_wconf 91' lang='lat' dir='ltr'>enim</span> <span class='ocrx_word' id='word_1_49' title='bbox 2007 779 2103 833; x_wconf 93' lang='lat' dir='ltr'>ille</span> 
     </span>
    </p>
   </div>
   <div class='ocr_carea' id='block_1_8' title="bbox 406 867 2106 938">
    <p class='ocr_par' dir='ltr' id='par_1_8' title="bbox 406 867 2106 938">
     <span class='ocr_line' id='line_1_8' title="bbox 406 867 2106 938; baseline -0.004 -12"><span class='ocrx_word' id='word_1_50' title='bbox 406 878 462 926; x_wconf 90' lang='lat' dir='ltr'>et</span> <span class='ocrx_word' id='word_1_51' title='bbox 499 872 825 926; x_wconf 83' lang='lat' dir='ltr'>facultatem</span> <span class='ocrx_word' id='word_1_52' title='bbox 868 870 1013 923; x_wconf 84' lang='lat' dir='ltr'>bene</span> <span class='ocrx_word' id='word_1_53' title='bbox 1063 869 1338 938; x_wconf 91' lang='lat' dir='ltr'>operandi</span> <span class='ocrx_word' id='word_1_54' title='bbox 1369 869 1431 923; x_wconf 91' lang='lat' dir='ltr'>in</span> <span class='ocrx_word' id='word_1_55' title='bbox 1463 868 1763 924; x_wconf 88' lang='lat' dir='ltr'>laboriosis</span> <span class='ocrx_word' id='word_1_56' title='bbox 1793 867 2015 934; x_wconf 89' lang='lat' dir='ltr'>ofﬁciis,</span> <span class='ocrx_word' id='word_1_57' title='bbox 2048 872 2106 921; x_wconf 91' lang='lat' dir='ltr'>et</span> 
     </span>
    </p>
   </div>
   <div class='ocr_carea' id='block_1_9' title="bbox 408 956 2105 1028">
    <p class='ocr_par' dir='ltr' id='par_1_9' title="bbox 408 956 2105 1028">
     <span class='ocr_line' id='line_1_9' title="bbox 408 956 2105 1028; baseline -0.002 -16"><span class='ocrx_word' id='word_1_58' title='bbox 408 959 557 1012; x_wconf 90' lang='lat' dir='ltr'>viam</span> <span class='ocrx_word' id='word_1_59' title='bbox 585 957 718 1012; x_wconf 88' lang='lat' dir='ltr'>ﬁdei</span> <span class='ocrx_word' id='word_1_60' title='bbox 749 957 807 1011; x_wconf 93' lang='lat' dir='ltr'>in</span> <span class='ocrx_word' id='word_1_61' title='bbox 837 957 1138 1011; x_wconf 87' lang='lat' dir='ltr'>oblivionis</span> <span class='ocrx_word' id='word_1_62' title='bbox 1176 957 1426 1012; x_wconf 63' lang='lat' dir='ltr'>caecitate</span> <span class='ocrx_word' id='word_1_63' title='bbox 1454 975 1467 1025; x_wconf 90' lang='lat'><strong>;</strong></span> <span class='ocrx_word' id='word_1_64' title='bbox 1503 957 1782 1028; x_wconf 89' lang='lat' dir='ltr'>judicium</span> <span class='ocrx_word' id='word_1_65' title='bbox 1829 956 1972 1010; x_wconf 92' lang='lat' dir='ltr'>illud</span> <span class='ocrx_word' id='word_1_66' title='bbox 2015 957 2105 1009; x_wconf 87' lang='lat' dir='ltr'>vel</span> 
     </span>
    </p>
   </div>
   <div class='ocr_carea' id='block_1_10' title="bbox 409 1045 2106 1116">
    <p class='ocr_par' dir='ltr' id='par_1_10' title="bbox 409 1045 2106 1116">
     <span class='ocr_line' id='line_1_10' title="bbox 409 1045 2106 1116; baseline -0.001 -16"><span class='ocrx_word' id='word_1_67' title='bbox 409 1047 674 1111; x_wconf 78' lang='lat' dir='ltr'>maxime,</span> <span class='ocrx_word' id='word_1_68' title='bbox 706 1046 856 1116; x_wconf 91' lang='lat' dir='ltr'>quod</span> <span class='ocrx_word' id='word_1_69' title='bbox 880 1046 1074 1099; x_wconf 90' lang='lat' dir='ltr'>anima</span> <span class='ocrx_word' id='word_1_70' title='bbox 1095 1045 1319 1100; x_wconf 71' lang='lat' dir='ltr'>omnis‘</span> <span class='ocrx_word' id='word_1_71' title='bbox 1346 1051 1402 1100; x_wconf 89' lang='lat' dir='ltr'>et</span> <span class='ocrx_word' id='word_1_72' title='bbox 1431 1046 1808 1116; x_wconf 65' lang='lat' dir='ltr'>quaerendum</span> <span class='ocrx_word' id='word_1_73' title='bbox 1837 1061 1957 1100; x_wconf 91' lang='lat' dir='ltr'>esse</span> <span class='ocrx_word' id='word_1_74' title='bbox 1977 1061 2106 1099; x_wconf 88' lang='lat' dir='ltr'>con-</span> 
     </span>
    </p>
   </div>
   <div class='ocr_carea' id='block_1_11' title="bbox 411 1133 2106 1206">
    <p class='ocr_par' dir='ltr' id='par_1_11' title="bbox 411 1133 2106 1206">
     <span class='ocr_line' id='line_1_11' title="bbox 411 1133 2106 1206; baseline -0.001 -17"><span class='ocrx_word' id='word_1_75' title='bbox 411 1136 558 1189; x_wconf 87' lang='lat' dir='ltr'>cedit</span> <span class='ocrx_word' id='word_1_76' title='bbox 587 1135 742 1206; x_wconf 92' lang='lat' dir='ltr'>quod</span> <span class='ocrx_word' id='word_1_77' title='bbox 789 1135 1070 1189; x_wconf 83' lang='lat' dir='ltr'>inutiliter</span> <span class='ocrx_word' id='word_1_78' title='bbox 1101 1133 1301 1202; x_wconf 88' lang='lat' dir='ltr'>nescit,</span> <span class='ocrx_word' id='word_1_79' title='bbox 1331 1139 1388 1188; x_wconf 93' lang='lat' dir='ltr'>et</span> <span class='ocrx_word' id='word_1_80' title='bbox 1417 1138 1842 1205; x_wconf 86' lang='lat' dir='ltr'>perseveranter</span> <span class='ocrx_word' id='word_1_81' title='bbox 1879 1133 1942 1186; x_wconf 90' lang='lat' dir='ltr'>in</span> <span class='ocrx_word' id='word_1_82' title='bbox 1979 1133 2106 1188; x_wconf 89' lang='lat' dir='ltr'>ofﬁ-</span> 
     </span>
    </p>
   </div>
   <div class='ocr_carea' id='block_1_12' title="bbox 409 1221 2105 1278">
    <p class='ocr_par' dir='ltr' id='par_1_12' title="bbox 409 1221 2105 1278">
     <span class='ocr_line' id='line_1_12' title="bbox 409 1221 2105 1278; baseline -0.001 -1"><span class='ocrx_word' id='word_1_83' title='bbox 409 1224 575 1277; x_wconf 90' lang='lat' dir='ltr'>ciosis</span> <span class='ocrx_word' id='word_1_84' title='bbox 611 1222 902 1278; x_wconf 87' lang='lat' dir='ltr'>laboribus</span> <span class='ocrx_word' id='word_1_85' title='bbox 946 1222 1279 1276; x_wconf 86' lang='lat' dir='ltr'>enitendum</span> <span class='ocrx_word' id='word_1_86' title='bbox 1309 1223 1378 1276; x_wconf 88' lang='lat' dir='ltr'>ad</span> <span class='ocrx_word' id='word_1_87' title='bbox 1427 1222 1798 1276; x_wconf 90' lang='lat' dir='ltr'>evincendam</span> <span class='ocrx_word' id='word_1_88' title='bbox 1839 1225 1989 1275; x_wconf 91' lang='lat' dir='ltr'>recte</span> <span class='ocrx_word' id='word_1_89' title='bbox 2024 1221 2105 1275; x_wconf 90' lang='lat' dir='ltr'>fa-</span> 
     </span>
    </p>
   </div>
   <div class='ocr_carea' id='block_1_13' title="bbox 409 1311 2105 1382">
    <p class='ocr_par' dir='ltr' id='par_1_13' title="bbox 409 1311 2105 1382">
     <span class='ocr_line' id='line_1_13' title="bbox 409 1311 2105 1382; baseline -0.002 -15"><span class='ocrx_word' id='word_1_90' title='bbox 409 1313 595 1368; x_wconf 90' lang='lat' dir='ltr'>ciendi</span> <span class='ocrx_word' id='word_1_91' title='bbox 614 1312 1030 1378; x_wconf 88' lang='lat' dir='ltr'>difﬁcultatem,</span> <span class='ocrx_word' id='word_1_92' title='bbox 1058 1316 1115 1365; x_wconf 88' lang='lat' dir='ltr'>et</span> <span class='ocrx_word' id='word_1_93' title='bbox 1136 1327 1304 1382; x_wconf 89' lang='lat' dir='ltr'>opem</span> <span class='ocrx_word' id='word_1_94' title='bbox 1327 1329 1360 1365; x_wconf 90' lang='lat' dir='ltr'>a</span> <span class='ocrx_word' id='word_1_95' title='bbox 1377 1312 1640 1366; x_wconf 90' lang='lat' dir='ltr'>Creatore</span> <span class='ocrx_word' id='word_1_96' title='bbox 1663 1311 2105 1382; x_wconf 90' lang='lat' dir='ltr'>implorandam,</span> 
     </span>
    </p>
   </div>
   <div class='ocr_carea' id='block_1_14' title="bbox 409 1399 2109 1471">
    <p class='ocr_par' dir='ltr' id='par_1_14' title="bbox 409 1399 2109 1471">
     <span class='ocr_line' id='line_1_14' title="bbox 409 1399 2109 1471; baseline -0.002 -14"><span class='ocrx_word' id='word_1_97' title='bbox 409 1408 473 1456; x_wconf 91' lang='lat' dir='ltr'>ut</span> <span class='ocrx_word' id='word_1_98' title='bbox 505 1409 809 1457; x_wconf 85' lang='lat' dir='ltr'>conantem</span> <span class='ocrx_word' id='word_1_99' title='bbox 841 1401 1108 1471; x_wconf 84' lang='lat' dir='ltr'>adjuvet;</span> <span class='ocrx_word' id='word_1_100' title='bbox 1133 1400 1341 1470; x_wconf 85' lang='lat' dir='ltr'>qni.vel</span> <span class='ocrx_word' id='word_1_101' title='bbox 1374 1399 1722 1454; x_wconf 78' lang='lat' dir='ltr'>extrinsecus</span> <span class='ocrx_word' id='word_1_102' title='bbox 1751 1400 1898 1470; x_wconf 84' lang='lat' dir='ltr'>lege,</span> <span class='ocrx_word' id='word_1_103' title='bbox 1931 1400 2018 1453; x_wconf 94' lang='lat' dir='ltr'>vel</span> <span class='ocrx_word' id='word_1_104' title='bbox 2048 1399 2109 1453; x_wconf 91' lang='lat' dir='ltr'>in</span> 
     </span>
    </p>
   </div>
   <div class='ocr_carea' id='block_1_15' title="bbox 410 1488 2110 1560">
    <p class='ocr_par' dir='ltr' id='par_1_15' title="bbox 410 1488 2110 1560">
     <span class='ocr_line' id='line_1_15' title="bbox 410 1488 2110 1560; baseline -0.003 -15"><span class='ocrx_word' id='word_1_105' title='bbox 410 1492 626 1545; x_wconf 82' lang='lat' dir='ltr'>intimis</span> <span class='ocrx_word' id='word_1_106' title='bbox 655 1490 839 1544; x_wconf 88' lang='lat' dir='ltr'>cordis</span> <span class='ocrx_word' id='word_1_107' title='bbox 865 1489 1208 1543; x_wconf 88' lang='lat' dir='ltr'>allocutione</span> <span class='ocrx_word' id='word_1_108' title='bbox 1230 1489 1557 1542; x_wconf 89' lang='lat' dir='ltr'>conandum</span> <span class='ocrx_word' id='word_1_109' title='bbox 1587 1505 1708 1544; x_wconf 90' lang='lat' dir='ltr'>esse</span> <span class='ocrx_word' id='word_1_110' title='bbox 1738 1488 2027 1560; x_wconf 65' lang='lat' dir='ltr'>prmcepit,</span> <span class='ocrx_word' id='word_1_111' title='bbox 2055 1493 2110 1542; x_wconf 92' lang='lat' dir='ltr'>et</span> 
     </span>
    </p>
   </div>
   <div class='ocr_carea' id='block_1_16' title="bbox 412 1576 2110 1650">
    <p class='ocr_par' dir='ltr' id='par_1_16' title="bbox 412 1576 2110 1650">
     <span class='ocr_line' id='line_1_16' title="bbox 412 1576 2110 1650; baseline -0.002 -18"><span class='ocrx_word' id='word_1_112' title='bbox 412 1584 700 1650; x_wconf 82' lang='lat' dir='ltr'>praeparat</span> <span class='ocrx_word' id='word_1_113' title='bbox 725 1577 966 1631; x_wconf 84' lang='lat' dir='ltr'>civitatis</span> <span class='ocrx_word' id='word_1_114' title='bbox 995 1576 1338 1634; x_wconf 85' lang='lat' dir='ltr'>beatissimae</span> <span class='ocrx_word' id='word_1_115' title='bbox 1355 1577 1596 1648; x_wconf 81' lang='lat' dir='ltr'>gloriam</span> <span class='ocrx_word' id='word_1_116' title='bbox 1626 1577 2110 1648; x_wconf 85' lang='lat' dir='ltr'>triumphantibus</span> 
     </span>
    </p>
   </div>
   <div class='ocr_carea' id='block_1_17' title="bbox 411 1665 2107 1736">
    <p class='ocr_par' dir='ltr' id='par_1_17' title="bbox 411 1665 2107 1736">
     <span class='ocr_line' id='line_1_17' title="bbox 411 1665 2107 1736; baseline -0.002 -15"><span class='ocrx_word' id='word_1_117' title='bbox 411 1668 479 1722; x_wconf 91' lang='lat' dir='ltr'>de</span> <span class='ocrx_word' id='word_1_118' title='bbox 511 1667 608 1720; x_wconf 92' lang='lat' dir='ltr'>illo</span> <span class='ocrx_word' id='word_1_119' title='bbox 639 1666 738 1736; x_wconf 87' lang='lat' dir='ltr'>qui</span> <span class='ocrx_word' id='word_1_120' title='bbox 763 1665 1020 1736; x_wconf 91' lang='lat' dir='ltr'>primum</span> <span class='ocrx_word' id='word_1_121' title='bbox 1046 1665 1340 1720; x_wconf 88' lang='lat' dir='ltr'>hominem</span> <span class='ocrx_word' id='word_1_122' title='bbox 1371 1667 1440 1720; x_wconf 90' lang='lat' dir='ltr'>ad</span> <span class='ocrx_word' id='word_1_123' title='bbox 1455 1667 1625 1720; x_wconf 88' lang='lat' dir='ltr'>istam</span> <span class='ocrx_word' id='word_1_124' title='bbox 1656 1665 1949 1720; x_wconf 90' lang='lat' dir='ltr'>miseriam</span> <span class='ocrx_word' id='word_1_125' title='bbox 1975 1681 2107 1736; x_wconf 88' lang='lat' dir='ltr'>per-</span> 
     </span>
    </p>
   </div>
   <div class='ocr_carea' id='block_1_18' title="bbox 413 1753 2112 1825">
    <p class='ocr_par' dir='ltr' id='par_1_18' title="bbox 413 1753 2112 1825">
     <span class='ocr_line' id='line_1_18' title="bbox 413 1753 2112 1825; baseline -0.001 -15"><span class='ocrx_word' id='word_1_126' title='bbox 413 1755 576 1810; x_wconf 87' lang='lat' dir='ltr'>duxit</span> <span class='ocrx_word' id='word_1_127' title='bbox 620 1754 832 1808; x_wconf 90' lang='lat' dir='ltr'>victum</span> <span class='ocrx_word' id='word_1_128' title='bbox 862 1754 1111 1825; x_wconf 89' lang='lat' dir='ltr'>pessima</span> <span class='ocrx_word' id='word_1_129' title='bbox 1153 1753 1446 1822; x_wconf 89' lang='lat' dir='ltr'>suasione;</span> <span class='ocrx_word' id='word_1_130' title='bbox 1483 1770 1657 1825; x_wconf 89' lang='lat' dir='ltr'>quam</span> <span class='ocrx_word' id='word_1_131' title='bbox 1697 1754 1985 1808; x_wconf 86' lang='lat' dir='ltr'>miseriam</span> <span class='ocrx_word' id='word_1_132' title='bbox 2014 1753 2112 1808; x_wconf 90' lang='lat' dir='ltr'>isti</span> 
     </span>
    </p>
   </div>
   <div class='ocr_carea' id='block_1_19' title="bbox 412 1841 2110 1914">
    <p class='ocr_par' dir='ltr' id='par_1_19' title="bbox 412 1841 2110 1914">
     <span class='ocr_line' id='line_1_19' title="bbox 412 1841 2110 1914; baseline 0 -18"><span class='ocrx_word' id='word_1_133' title='bbox 412 1841 730 1913; x_wconf 88' lang='lat' dir='ltr'>suscipiunt</span> <span class='ocrx_word' id='word_1_134' title='bbox 753 1842 825 1896; x_wconf 93' lang='lat' dir='ltr'>ad</span> <span class='ocrx_word' id='word_1_135' title='bbox 855 1858 989 1896; x_wconf 92' lang='lat' dir='ltr'>eum</span> <span class='ocrx_word' id='word_1_136' title='bbox 1025 1842 1364 1897; x_wconf 91' lang='lat' dir='ltr'>vincendum</span> <span class='ocrx_word' id='word_1_137' title='bbox 1395 1842 1616 1914; x_wconf 87' lang='lat' dir='ltr'>optima</span> <span class='ocrx_word' id='word_1_138' title='bbox 1643 1842 1776 1897; x_wconf 93' lang='lat' dir='ltr'>ﬁde.</span> <span class='ocrx_word' id='word_1_139' title='bbox 1803 1843 1926 1896; x_wconf 87' lang='lat' dir='ltr'>Non</span> <span class='ocrx_word' id='word_1_140' title='bbox 1956 1841 2110 1896; x_wconf 91' lang='lat' dir='ltr'>enim</span> 
     </span>
    </p>
   </div>
   <div class='ocr_carea' id='block_1_20' title="bbox 409 1929 2111 2002">
    <p class='ocr_par' dir='ltr' id='par_1_20' title="bbox 409 1929 2111 2002">
     <span class='ocr_line' id='line_1_20' title="bbox 409 1929 2111 2002; baseline 0 -18"><span class='ocrx_word' id='word_1_141' title='bbox 409 1947 601 2002; x_wconf 83' lang='lat' dir='ltr'>parvae</span> <span class='ocrx_word' id='word_1_142' title='bbox 631 1930 830 2000; x_wconf 64' lang='lat' dir='ltr'>gloriae</span> <span class='ocrx_word' id='word_1_143' title='bbox 860 1929 1065 1984; x_wconf 91' lang='lat' dir='ltr'>militia</span> <span class='ocrx_word' id='word_1_144' title='bbox 1085 1935 1171 1984; x_wconf 91' lang='lat' dir='ltr'>est</span> <span class='ocrx_word' id='word_1_145' title='bbox 1192 1930 1484 1986; x_wconf 92' lang='lat' dir='ltr'>diabolum</span> <span class='ocrx_word' id='word_1_146' title='bbox 1512 1931 1737 1985; x_wconf 87' lang='lat' dir='ltr'>vincere</span> <span class='ocrx_word' id='word_1_147' title='bbox 1759 1931 1963 1986; x_wconf 90' lang='lat' dir='ltr'>eodem</span> <span class='ocrx_word' id='word_1_148' title='bbox 1987 1947 2111 1984; x_wconf 89' lang='lat' dir='ltr'>sus—</span> 
     </span>
    </p>
   </div>
   <div class='ocr_carea' id='block_1_21' title="bbox 413 2018 2112 2090">
    <p class='ocr_par' dir='ltr' id='par_1_21' title="bbox 413 2018 2112 2090">
     <span class='ocr_line' id='line_1_21' title="bbox 413 2018 2112 2090; baseline -0.001 -16"><span class='ocrx_word' id='word_1_149' title='bbox 413 2023 576 2090; x_wconf 89' lang='lat' dir='ltr'>cepto</span> <span class='ocrx_word' id='word_1_150' title='bbox 615 2018 914 2090; x_wconf 90' lang='lat' dir='ltr'>supplicio,</span> <span class='ocrx_word' id='word_1_151' title='bbox 970 2035 1084 2088; x_wconf 89' lang='lat' dir='ltr'>quo</span> <span class='ocrx_word' id='word_1_152' title='bbox 1133 2036 1192 2073; x_wconf 91' lang='lat' dir='ltr'>se</span> <span class='ocrx_word' id='word_1_153' title='bbox 1237 2019 1333 2074; x_wconf 91' lang='lat' dir='ltr'>ille</span> <span class='ocrx_word' id='word_1_154' title='bbox 1383 2021 1676 2074; x_wconf 88' lang='lat' dir='ltr'>hominem</span> <span class='ocrx_word' id='word_1_155' title='bbox 1716 2019 1931 2074; x_wconf 89' lang='lat' dir='ltr'>victum</span> <span class='ocrx_word' id='word_1_156' title='bbox 1980 2035 2112 2090; x_wconf 89' lang='lat' dir='ltr'>per-</span> 
     </span>
    </p>
   </div>
   <div class='ocr_carea' id='block_1_22' title="bbox 414 2107 2112 2178">
    <p class='ocr_par' dir='ltr' id='par_1_22' title="bbox 414 2107 2112 2178">
     <span class='ocr_line' id='line_1_22' title="bbox 414 2107 2112 2178; baseline -0.001 -16"><span class='ocrx_word' id='word_1_157' title='bbox 414 2108 642 2162; x_wconf 83' lang='lat' dir='ltr'>duxisse</span> <span class='ocrx_word' id='word_1_158' title='bbox 673 2107 972 2176; x_wconf 81' lang='lat' dir='ltr'>gloriatur.</span> <span class='ocrx_word' id='word_1_159' title='bbox 1039 2108 1305 2178; x_wconf 87' lang='lat' dir='ltr'>Quisquis</span> <span class='ocrx_word' id='word_1_160' title='bbox 1359 2115 1555 2163; x_wconf 88' lang='lat' dir='ltr'>autem</span> <span class='ocrx_word' id='word_1_161' title='bbox 1607 2109 1716 2162; x_wconf 88' lang='lat' dir='ltr'>hoc</span> <span class='ocrx_word' id='word_1_162' title='bbox 1766 2107 1930 2162; x_wconf 88' lang='lat' dir='ltr'>istius</span> <span class='ocrx_word' id='word_1_163' title='bbox 1981 2108 2112 2162; x_wconf 64' lang='lat' dir='ltr'>vitae</span> 
     </span>
    </p>
   </div>
   <div class='ocr_carea' id='block_1_23' title="bbox 415 2195 2114 2267">
    <p class='ocr_par' dir='ltr' id='par_1_23' title="bbox 415 2195 2114 2267">
     <span class='ocr_line' id='line_1_23' title="bbox 415 2195 2114 2267; baseline 0 -17"><span class='ocrx_word' id='word_1_164' title='bbox 415 2200 613 2266; x_wconf 86' lang='lat' dir='ltr'>captus</span> <span class='ocrx_word' id='word_1_165' title='bbox 644 2211 836 2250; x_wconf 89' lang='lat' dir='ltr'>amore</span> <span class='ocrx_word' id='word_1_166' title='bbox 863 2195 1200 2265; x_wconf 81' lang='lat' dir='ltr'>neglexerit,</span> <span class='ocrx_word' id='word_1_167' title='bbox 1235 2195 1392 2250; x_wconf 92' lang='lat' dir='ltr'>nullo</span> <span class='ocrx_word' id='word_1_168' title='bbox 1421 2200 1583 2267; x_wconf 92' lang='lat' dir='ltr'>pacto</span> <span class='ocrx_word' id='word_1_169' title='bbox 1631 2196 1783 2266; x_wconf 90' lang='lat' dir='ltr'>juste</span> <span class='ocrx_word' id='word_1_170' title='bbox 1830 2195 2114 2267; x_wconf 77' lang='lat' dir='ltr'>flagitium</span> 
     </span>
    </p>
   </div>
   <div class='ocr_carea' id='block_1_24' title="bbox 415 2283 2115 2354">
    <p class='ocr_par' dir='ltr' id='par_1_24' title="bbox 415 2283 2115 2354">
     <span class='ocr_line' id='line_1_24' title="bbox 415 2283 2115 2354; baseline 0 -17"><span class='ocrx_word' id='word_1_171' title='bbox 415 2283 753 2338; x_wconf 90' lang='lat' dir='ltr'>desertionis</span> <span class='ocrx_word' id='word_1_172' title='bbox 783 2299 900 2335; x_wconf 76' lang='lat' dir='ltr'>sua:</span> <span class='ocrx_word' id='word_1_173' title='bbox 929 2284 1079 2353; x_wconf 89' lang='lat' dir='ltr'>regis</span> <span class='ocrx_word' id='word_1_174' title='bbox 1117 2283 1360 2354; x_wconf 88' lang='lat' dir='ltr'>imperio</span> <span class='ocrx_word' id='word_1_175' title='bbox 1392 2283 1722 2354; x_wconf 88' lang='lat' dir='ltr'>deputabit:</span> <span class='ocrx_word' id='word_1_176' title='bbox 1749 2283 1849 2337; x_wconf 91' lang='lat' dir='ltr'>sed</span> <span class='ocrx_word' id='word_1_177' title='bbox 1878 2283 1984 2337; x_wconf 90' lang='lat' dir='ltr'>erit</span> <span class='ocrx_word' id='word_1_178' title='bbox 2016 2300 2115 2354; x_wconf 90' lang='lat' dir='ltr'>po-</span> 
     </span>
    </p>
   </div>
   <div class='ocr_carea' id='block_1_25' title="bbox 415 2371 2110 2443">
    <p class='ocr_par' dir='ltr' id='par_1_25' title="bbox 415 2371 2110 2443">
     <span class='ocr_line' id='line_1_25' title="bbox 415 2371 2110 2443; baseline 0 -19"><span class='ocrx_word' id='word_1_179' title='bbox 415 2371 528 2424; x_wconf 86' lang='lat' dir='ltr'>tius</span> <span class='ocrx_word' id='word_1_180' title='bbox 557 2371 661 2424; x_wconf 86' lang='lat' dir='ltr'>sub</span> <span class='ocrx_word' id='word_1_181' title='bbox 700 2371 959 2424; x_wconf 91' lang='lat' dir='ltr'>omnium</span> <span class='ocrx_word' id='word_1_182' title='bbox 991 2371 1232 2425; x_wconf 90' lang='lat' dir='ltr'>Domino</span> <span class='ocrx_word' id='word_1_183' title='bbox 1268 2372 1328 2424; x_wconf 92' lang='lat' dir='ltr'>in</span> <span class='ocrx_word' id='word_1_184' title='bbox 1359 2371 1481 2441; x_wconf 86' lang='lat' dir='ltr'>ejus</span> <span class='ocrx_word' id='word_1_185' title='bbox 1509 2371 1766 2443; x_wconf 89' lang='lat' dir='ltr'>partibus</span> <span class='ocrx_word' id='word_1_186' title='bbox 1795 2371 2110 2438; x_wconf 89' lang='lat' dir='ltr'>ordinatus,</span> 
     </span>
    </p>
   </div>
   <div class='ocr_carea' id='block_1_26' title="bbox 415 2459 2116 2530">
    <p class='ocr_par' dir='ltr' id='par_1_26' title="bbox 415 2459 2116 2530">
     <span class='ocr_line' id='line_1_26' title="bbox 415 2459 2116 2530; baseline 0.002 -18"><span class='ocrx_word' id='word_1_187' title='bbox 415 2459 577 2529; x_wconf 87' lang='lat' dir='ltr'>cujus</span> <span class='ocrx_word' id='word_1_188' title='bbox 607 2465 774 2530; x_wconf 88' lang='lat' dir='ltr'>turpe</span> <span class='ocrx_word' id='word_1_189' title='bbox 815 2459 1159 2529; x_wconf 89' lang='lat' dir='ltr'>stipendium</span> <span class='ocrx_word' id='word_1_190' title='bbox 1217 2465 1280 2514; x_wconf 94' lang='lat' dir='ltr'>ut</span> <span class='ocrx_word' id='word_1_191' title='bbox 1308 2465 1494 2515; x_wconf 89' lang='lat' dir='ltr'>castra</span> <span class='ocrx_word' id='word_1_192' title='bbox 1522 2477 1624 2516; x_wconf 89' lang='lat' dir='ltr'>sua</span> <span class='ocrx_word' id='word_1_193' title='bbox 1663 2461 1967 2528; x_wconf 89' lang='lat' dir='ltr'>desereret,</span> <span class='ocrx_word' id='word_1_194' title='bbox 2022 2462 2116 2516; x_wconf 90' lang='lat' dir='ltr'>ad-</span> 
     </span>
    </p>
   </div>
   <div class='ocr_carea' id='block_1_27' title="bbox 419 2538 646 2591">
    <p class='ocr_par' dir='ltr' id='par_1_27' title="bbox 419 2538 646 2591">
     <span class='ocr_line' id='line_1_27' title="bbox 419 2538 646 2591; baseline 0 -1"><span class='ocrx_word' id='word_1_195' title='bbox 419 2538 646 2591; x_wconf 88' lang='lat' dir='ltr'>amavit.</span> 
     </span>
    </p>
   </div>
   <div class='ocr_carea' id='block_1_28' title="bbox 495 2625 2117 2683">
    <p class='ocr_par' dir='ltr' id='par_1_28' title="bbox 495 2625 2117 2683">
     <span class='ocr_line' id='line_1_28' title="bbox 495 2625 2117 2683; baseline 0.001 -4"><span class='ocrx_word' id='word_1_196' title='bbox 495 2628 583 2679; x_wconf 79' lang='lat'>58.</span> <span class='ocrx_word' id='word_1_197' title='bbox 607 2625 664 2679; x_wconf 91' lang='lat' dir='ltr'>Si</span> <span class='ocrx_word' id='word_1_198' title='bbox 696 2629 886 2679; x_wconf 90' lang='lat' dir='ltr'>autem</span> <span class='ocrx_word' id='word_1_199' title='bbox 906 2625 1044 2680; x_wconf 88' lang='lat' dir='ltr'>alibi</span> <span class='ocrx_word' id='word_1_200' title='bbox 1074 2626 1282 2680; x_wconf 79' lang='lat' dir='ltr'>animae</span> <span class='ocrx_word' id='word_1_201' title='bbox 1304 2626 1636 2682; x_wconf 79' lang='lat' dir='ltr'>constitutae</span> <span class='ocrx_word' id='word_1_202' title='bbox 1667 2643 1785 2683; x_wconf 88' lang='lat' dir='ltr'>non</span> <span class='ocrx_word' id='word_1_203' title='bbox 1810 2628 2117 2682; x_wconf 88' lang='lat' dir='ltr'>mittuntur</span> 
     </span>
    </p>
   </div>
   <div class='ocr_carea' id='block_1_29' title="bbox 423 2713 2116 2786">
    <p class='ocr_par' dir='ltr' id='par_1_29' title="bbox 423 2713 2116 2786">
     <span class='ocr_line' id='line_1_29' title="bbox 423 2713 2116 2786; baseline 0.001 -18"><span class='ocrx_word' id='word_1_204' title='bbox 423 2731 454 2768; x_wconf 90' lang='lat' dir='ltr'>a</span> <span class='ocrx_word' id='word_1_205' title='bbox 486 2713 728 2768; x_wconf 90' lang='lat' dir='ltr'>Domino</span> <span class='ocrx_word' id='word_1_206' title='bbox 761 2715 897 2780; x_wconf 93' lang='lat' dir='ltr'>Deo,</span> <span class='ocrx_word' id='word_1_207' title='bbox 938 2715 1037 2768; x_wconf 93' lang='lat' dir='ltr'>sed</span> <span class='ocrx_word' id='word_1_208' title='bbox 1079 2731 1181 2768; x_wconf 90' lang='lat' dir='ltr'>sua</span> <span class='ocrx_word' id='word_1_209' title='bbox 1211 2719 1413 2785; x_wconf 87' lang='lat' dir='ltr'>sponte</span> <span class='ocrx_word' id='word_1_210' title='bbox 1460 2716 1833 2772; x_wconf 89' lang='lat' dir='ltr'>inhabitanda</span> <span class='ocrx_word' id='word_1_211' title='bbox 1877 2733 2116 2786; x_wconf 90' lang='lat' dir='ltr'>corpora</span> 
     </span>
    </p>
   </div>
   <div class='ocr_carea' id='block_1_30' title="bbox 421 2802 2118 2877">
    <p class='ocr_par' dir='ltr' id='par_1_30' title="bbox 421 2802 2118 2877">
     <span class='ocr_line' id='line_1_30' title="bbox 421 2802 2118 2877; baseline 0.002 -22"><span class='ocrx_word' id='word_1_212' title='bbox 421 2802 691 2870; x_wconf 90' lang='lat' dir='ltr'>veniunt;</span> <span class='ocrx_word' id='word_1_213' title='bbox 726 2803 886 2857; x_wconf 89' lang='lat' dir='ltr'>facile</span> <span class='ocrx_word' id='word_1_214' title='bbox 918 2809 1002 2857; x_wconf 92' lang='lat' dir='ltr'>est</span> <span class='ocrx_word' id='word_1_215' title='bbox 1022 2804 1143 2875; x_wconf 88' lang='lat' dir='ltr'>jam</span> <span class='ocrx_word' id='word_1_216' title='bbox 1174 2804 1281 2858; x_wconf 89' lang='lat' dir='ltr'>hoc</span> <span class='ocrx_word' id='word_1_217' title='bbox 1302 2804 1516 2872; x_wconf 90' lang='lat' dir='ltr'>videre,</span> <span class='ocrx_word' id='word_1_218' title='bbox 1547 2805 1829 2877; x_wconf 92' lang='lat' dir='ltr'>quidquid</span> <span class='ocrx_word' id='word_1_219' title='bbox 1849 2806 2118 2877; x_wconf 87' lang='lat' dir='ltr'>ignoran-</span> 
     </span>
    </p>
   </div>
   <div class='ocr_carea' id='block_1_31' title="bbox 420 2889 2114 2965">
    <p class='ocr_par' dir='ltr' id='par_1_31' title="bbox 420 2889 2114 2965">
     <span class='ocr_line' id='line_1_31' title="bbox 420 2889 2114 2965; baseline 0.003 -22"><span class='ocrx_word' id='word_1_220' title='bbox 420 2889 513 2944; x_wconf 68' lang='lat' dir='ltr'>tia:</span> <span class='ocrx_word' id='word_1_221' title='bbox 544 2890 1008 2962; x_wconf 89' lang='lat' dir='ltr'>difﬁcultatisque</span> <span class='ocrx_word' id='word_1_222' title='bbox 1065 2898 1325 2947; x_wconf 91' lang='lat' dir='ltr'>secutum</span> <span class='ocrx_word' id='word_1_223' title='bbox 1364 2893 1537 2948; x_wconf 87' lang='lat' dir='ltr'>fuerit</span> <span class='ocrx_word' id='word_1_224' title='bbox 1591 2911 1790 2949; x_wconf 91' lang='lat' dir='ltr'>earum</span> <span class='ocrx_word' id='word_1_225' title='bbox 1821 2895 2114 2965; x_wconf 86' lang='lat' dir='ltr'>propriam</span> 
     </span>
    </p>
   </div>
   <div class='ocr_carea' id='block_1_32' title="bbox 420 2979 2118 3054">
    <p class='ocr_par' dir='ltr' id='par_1_32' title="bbox 420 2979 2118 3054">
     <span class='ocr_line' id='line_1_32' title="bbox 420 2979 2118 3054; baseline 0.004 -23"><span class='ocrx_word' id='word_1_226' title='bbox 420 2979 788 3048; x_wconf 83' lang='lat' dir='ltr'>voluntatem,</span> <span class='ocrx_word' id='word_1_227' title='bbox 818 2981 976 3034; x_wconf 91' lang='lat' dir='ltr'>nullo</span> <span class='ocrx_word' id='word_1_228' title='bbox 1008 2981 1179 3035; x_wconf 89' lang='lat' dir='ltr'>modo</span> <span class='ocrx_word' id='word_1_229' title='bbox 1211 2980 1536 3036; x_wconf 87' lang='lat' dir='ltr'>Creatorem</span> <span class='ocrx_word' id='word_1_230' title='bbox 1567 2983 1704 3038; x_wconf 92' lang='lat' dir='ltr'>hinc</span> <span class='ocrx_word' id='word_1_231' title='bbox 1733 3000 1856 3038; x_wconf 90' lang='lat' dir='ltr'>esse</span> <span class='ocrx_word' id='word_1_232' title='bbox 1886 2984 2118 3054; x_wconf 90' lang='lat' dir='ltr'>culpan-</span> 
     </span>
    </p>
   </div>
   <div class='ocr_carea' id='block_1_33' title="bbox 420 3065 2116 3142">
    <p class='ocr_par' dir='ltr' id='par_1_33' title="bbox 420 3065 2116 3142">
     <span class='ocr_line' id='line_1_33' title="bbox 420 3065 2116 3142; baseline 0.003 -22"><span class='ocrx_word' id='word_1_233' title='bbox 420 3065 590 3120; x_wconf 90' lang='lat' dir='ltr'>dum:</span> <span class='ocrx_word' id='word_1_234' title='bbox 621 3068 1092 3138; x_wconf 89' lang='lat' dir='ltr'>quandoquidem</span> <span class='ocrx_word' id='word_1_235' title='bbox 1121 3069 1342 3123; x_wconf 90' lang='lat' dir='ltr'>etiamsi</span> <span class='ocrx_word' id='word_1_236' title='bbox 1362 3087 1454 3124; x_wconf 89' lang='lat' dir='ltr'>eas</span> <span class='ocrx_word' id='word_1_237' title='bbox 1484 3071 1604 3140; x_wconf 89' lang='lat' dir='ltr'>ipse</span> <span class='ocrx_word' id='word_1_238' title='bbox 1626 3071 1890 3138; x_wconf 90' lang='lat' dir='ltr'>misisset,</span> <span class='ocrx_word' id='word_1_239' title='bbox 1907 3072 2116 3142; x_wconf 88' lang='lat' dir='ltr'>quibus</span> 
     </span>
    </p>
   </div>
   <div class='ocr_carea' id='block_1_34' title="bbox 423 3154 2114 3226">
    <p class='ocr_par' dir='ltr' id='par_1_34' title="bbox 423 3154 2114 3226">
     <span class='ocr_line' id='line_1_34' title="bbox 423 3154 2114 3226; baseline 0.004 -18"><span class='ocrx_word' id='word_1_240' title='bbox 423 3154 596 3208; x_wconf 90' lang='lat' dir='ltr'>etiam</span> <span class='ocrx_word' id='word_1_241' title='bbox 623 3155 683 3208; x_wconf 90' lang='lat' dir='ltr'>in</span> <span class='ocrx_word' id='word_1_242' title='bbox 702 3155 825 3224; x_wconf 90' lang='lat' dir='ltr'>ipsa</span> <span class='ocrx_word' id='word_1_243' title='bbox 849 3155 1173 3226; x_wconf 87' lang='lat' dir='ltr'>ignorantia</span> <span class='ocrx_word' id='word_1_244' title='bbox 1195 3162 1250 3211; x_wconf 92' lang='lat' dir='ltr'>et</span> <span class='ocrx_word' id='word_1_245' title='bbox 1277 3158 1610 3213; x_wconf 88' lang='lat' dir='ltr'>difﬁcultate</span> <span class='ocrx_word' id='word_1_246' title='bbox 1641 3160 1880 3214; x_wconf 89' lang='lat' dir='ltr'>liberam</span> <span class='ocrx_word' id='word_1_247' title='bbox 1914 3161 2114 3214; x_wconf 81' lang='lat' dir='ltr'>volun-</span> 
     </span>
    </p>
   </div>
   <div class='ocr_carea' id='block_1_35' title="bbox 423 3243 2114 3315">
    <p class='ocr_par' dir='ltr' id='par_1_35' title="bbox 423 3243 2114 3315">
     <span class='ocr_line' id='line_1_35' title="bbox 423 3243 2114 3315; baseline 0.003 -20"><span class='ocrx_word' id='word_1_248' title='bbox 423 3246 599 3296; x_wconf 89' lang='lat' dir='ltr'>tatem</span> <span class='ocrx_word' id='word_1_249' title='bbox 627 3243 859 3313; x_wconf 88' lang='lat' dir='ltr'>petendi</span> <span class='ocrx_word' id='word_1_250' title='bbox 909 3249 964 3298; x_wconf 87' lang='lat' dir='ltr'>et</span> <span class='ocrx_word' id='word_1_251' title='bbox 995 3245 1287 3315; x_wconf 71' lang='lat' dir='ltr'>qumrendi</span> <span class='ocrx_word' id='word_1_252' title='bbox 1335 3251 1392 3300; x_wconf 92' lang='lat' dir='ltr'>et</span> <span class='ocrx_word' id='word_1_253' title='bbox 1439 3248 1684 3302; x_wconf 87' lang='lat' dir='ltr'>conandi</span> <span class='ocrx_word' id='word_1_254' title='bbox 1715 3264 1832 3302; x_wconf 92' lang='lat' dir='ltr'>non</span> <span class='ocrx_word' id='word_1_255' title='bbox 1863 3247 2114 3314; x_wconf 87' lang='lat' dir='ltr'>abstulit,</span> 
     </span>
    </p>
   </div>
   <div class='ocr_carea' id='block_1_36' title="bbox 422 3331 2116 3407">
    <p class='ocr_par' dir='ltr' id='par_1_36' title="bbox 422 3331 2116 3407">
     <span class='ocr_line' id='line_1_36' title="bbox 422 3331 2116 3407; baseline 0.004 -24"><span class='ocrx_word' id='word_1_256' title='bbox 422 3331 658 3384; x_wconf 90' lang='lat' dir='ltr'>daturus</span> <span class='ocrx_word' id='word_1_257' title='bbox 671 3333 1020 3402; x_wconf 86' lang='lat' dir='ltr'>petentibus,</span> <span class='ocrx_word' id='word_1_258' title='bbox 1043 3333 1534 3390; x_wconf 88' lang='lat' dir='ltr'>demonstraturus</span> <span class='ocrx_word' id='word_1_259' title='bbox 1558 3337 1968 3406; x_wconf 72' lang='lat' dir='ltr'>quaerentibus,</span> <span class='ocrx_word' id='word_1_260' title='bbox 1992 3337 2116 3407; x_wconf 89' lang='lat' dir='ltr'>pul-</span> 
     </span>
    </p>
   </div>
   <div class='ocr_carea' id='block_1_37' title="bbox 425 3419 2118 3494">
    <p class='ocr_par' dir='ltr' id='par_1_37' title="bbox 425 3419 2118 3494">
     <span class='ocr_line' id='line_1_37' title="bbox 425 3419 2118 3494; baseline 0.005 -23"><span class='ocrx_word' id='word_1_261' title='bbox 425 3419 683 3474; x_wconf 89' lang='lat' dir='ltr'>santibus</span> <span class='ocrx_word' id='word_1_262' title='bbox 715 3425 1036 3491; x_wconf 80' lang='lat' dir='ltr'>aperturas,</span> <span class='ocrx_word' id='word_1_263' title='bbox 1070 3421 1308 3476; x_wconf 89' lang='lat' dir='ltr'>omnino</span> <span class='ocrx_word' id='word_1_264' title='bbox 1323 3427 1480 3477; x_wconf 84' lang='lat' dir='ltr'>extra</span> <span class='ocrx_word' id='word_1_265' title='bbox 1509 3425 1736 3494; x_wconf 92' lang='lat' dir='ltr'>culpam</span> <span class='ocrx_word' id='word_1_266' title='bbox 1767 3430 1932 3480; x_wconf 90' lang='lat' dir='ltr'>esset.</span> <span class='ocrx_word' id='word_1_267' title='bbox 1964 3427 2118 3479; x_wconf 82' lang='lat' dir='ltr'>Hanc</span> 
     </span>
    </p>
   </div>
   <div class='ocr_carea' id='block_1_38' title="bbox 424 3507 2120 3578">
    <p class='ocr_par' dir='ltr' id='par_1_38' title="bbox 424 3507 2120 3578">
     <span class='ocr_line' id='line_1_38' title="bbox 424 3507 2120 3578; baseline 0.004 -17"><span class='ocrx_word' id='word_1_268' title='bbox 424 3507 578 3562; x_wconf 89' lang='lat' dir='ltr'>enim</span> <span class='ocrx_word' id='word_1_269' title='bbox 597 3509 983 3578; x_wconf 88' lang='lat' dir='ltr'>ignorantiam</span> <span class='ocrx_word' id='word_1_270' title='bbox 1003 3514 1058 3564; x_wconf 93' lang='lat' dir='ltr'>et</span> <span class='ocrx_word' id='word_1_271' title='bbox 1079 3510 1471 3565; x_wconf 80' lang='lat' dir='ltr'>difficultatem</span> <span class='ocrx_word' id='word_1_272' title='bbox 1502 3512 1770 3566; x_wconf 86' lang='lat' dir='ltr'>studiosis</span> <span class='ocrx_word' id='word_1_273' title='bbox 1797 3517 1854 3568; x_wconf 91' lang='lat' dir='ltr'>et</span> <span class='ocrx_word' id='word_1_274' title='bbox 1876 3513 2120 3568; x_wconf 88' lang='lat' dir='ltr'>benevo-</span> 
     </span>
    </p>
   </div>
   <div class='ocr_carea' id='block_1_39' title="bbox 425 3595 2113 3672">
    <p class='ocr_par' dir='ltr' id='par_1_39' title="bbox 425 3595 2113 3672">
     <span class='ocr_line' id='line_1_39' title="bbox 425 3595 2113 3672; baseline 0.004 -22"><span class='ocrx_word' id='word_1_275' title='bbox 425 3595 494 3651; x_wconf 91' lang='lat' dir='ltr'>lis</span> <span class='ocrx_word' id='word_1_276' title='bbox 515 3596 904 3665; x_wconf 88' lang='lat' dir='ltr'>evincendam,</span> <span class='ocrx_word' id='word_1_277' title='bbox 942 3599 1010 3652; x_wconf 86' lang='lat' dir='ltr'>ad</span> <span class='ocrx_word' id='word_1_278' title='bbox 1039 3614 1309 3652; x_wconf 90' lang='lat' dir='ltr'>coronam</span> <span class='ocrx_word' id='word_1_279' title='bbox 1342 3599 1544 3670; x_wconf 69' lang='lat' dir='ltr'>gloriae</span> <span class='ocrx_word' id='word_1_280' title='bbox 1573 3601 1760 3655; x_wconf 88' lang='lat' dir='ltr'>valere</span> <span class='ocrx_word' id='word_1_281' title='bbox 1785 3606 2113 3672; x_wconf 66' lang='lat' dir='ltr'>praestaret;</span> 
     </span>
    </p>
   </div>
   <div class='ocr_carea' id='block_1_40' title="bbox 423 3683 2118 3756">
    <p class='ocr_par' dir='ltr' id='par_1_40' title="bbox 423 3683 2118 3756">
     <span class='ocr_line' id='line_1_40' title="bbox 423 3683 2118 3756; baseline 0.005 -20"><span class='ocrx_word' id='word_1_282' title='bbox 423 3683 847 3755; x_wconf 89' lang='lat' dir='ltr'>negligentibus</span> <span class='ocrx_word' id='word_1_283' title='bbox 875 3689 1067 3739; x_wconf 89' lang='lat' dir='ltr'>autem</span> <span class='ocrx_word' id='word_1_284' title='bbox 1096 3689 1151 3739; x_wconf 90' lang='lat' dir='ltr'>et</span> <span class='ocrx_word' id='word_1_285' title='bbox 1175 3693 1403 3756; x_wconf 87' lang='lat' dir='ltr'>peccata</span> <span class='ocrx_word' id='word_1_286' title='bbox 1433 3703 1534 3740; x_wconf 92' lang='lat' dir='ltr'>sua</span> <span class='ocrx_word' id='word_1_287' title='bbox 1559 3686 1628 3741; x_wconf 90' lang='lat' dir='ltr'>de</span> <span class='ocrx_word' id='word_1_288' title='bbox 1654 3687 1989 3743; x_wconf 84' lang='lat' dir='ltr'>infirmitate</span> <span class='ocrx_word' id='word_1_289' title='bbox 2020 3689 2118 3744; x_wconf 90' lang='lat' dir='ltr'>de-</span> 
     </span>
    </p>
   </div>
   <div class='ocr_carea' id='block_1_41' title="bbox 425 3773 2118 3845">
    <p class='ocr_par' dir='ltr' id='par_1_41' title="bbox 425 3773 2118 3845">
     <span class='ocr_line' id='line_1_41' title="bbox 425 3773 2118 3845; baseline 0.003 -19"><span class='ocrx_word' id='word_1_290' title='bbox 425 3773 660 3827; x_wconf 88' lang='lat' dir='ltr'>fendere</span> <span class='ocrx_word' id='word_1_291' title='bbox 675 3774 1012 3839; x_wconf 86' lang='lat' dir='ltr'>volentibus,</span> <span class='ocrx_word' id='word_1_292' title='bbox 1047 3790 1161 3828; x_wconf 92' lang='lat' dir='ltr'>non</span> <span class='ocrx_word' id='word_1_293' title='bbox 1189 3774 1374 3844; x_wconf 87' lang='lat' dir='ltr'>ipsam</span> <span class='ocrx_word' id='word_1_294' title='bbox 1402 3775 1787 3845; x_wconf 87' lang='lat' dir='ltr'>ignorantiam</span> <span class='ocrx_word' id='word_1_295' title='bbox 1819 3776 2118 3831; x_wconf 89' lang='lat' dir='ltr'>difﬁculta-</span> 
     </span>
    </p>
   </div>
   <div class='ocr_carea' id='block_1_42' title="bbox 426 3860 2120 3935">
    <p class='ocr_par' dir='ltr' id='par_1_42' title="bbox 426 3860 2120 3935">
     <span class='ocr_line' id='line_1_42' title="bbox 426 3860 2120 3935; baseline 0.004 -23"><span class='ocrx_word' id='word_1_296' title='bbox 426 3863 656 3930; x_wconf 88' lang='lat' dir='ltr'>temque</span> <span class='ocrx_word' id='word_1_297' title='bbox 696 3877 800 3930; x_wconf 90' lang='lat' dir='ltr'>pro</span> <span class='ocrx_word' id='word_1_298' title='bbox 829 3860 1066 3915; x_wconf 90' lang='lat' dir='ltr'>crimine</span> <span class='ocrx_word' id='word_1_299' title='bbox 1095 3861 1391 3931; x_wconf 88' lang='lat' dir='ltr'>objiceret;</span> <span class='ocrx_word' id='word_1_300' title='bbox 1423 3864 1522 3918; x_wconf 89' lang='lat' dir='ltr'>sed</span> <span class='ocrx_word' id='word_1_301' title='bbox 1559 3863 1694 3934; x_wconf 87' lang='lat' dir='ltr'>quia</span> <span class='ocrx_word' id='word_1_302' title='bbox 1731 3865 1792 3918; x_wconf 91' lang='lat' dir='ltr'>in</span> <span class='ocrx_word' id='word_1_303' title='bbox 1822 3864 1902 3918; x_wconf 91' lang='lat' dir='ltr'>eis</span> <span class='ocrx_word' id='word_1_304' title='bbox 1931 3865 2120 3935; x_wconf 89' lang='lat' dir='ltr'>potius</span> 
     </span>
    </p>
   </div>
   <div class='ocr_carea' id='block_1_43' title="bbox 430 3949 2122 4022">
    <p class='ocr_par' dir='ltr' id='par_1_43' title="bbox 430 3949 2122 4022">
     <span class='ocr_line' id='line_1_43' title="bbox 430 3949 2122 4022; baseline 0.004 -22"><span class='ocrx_word' id='word_1_305' title='bbox 430 3963 789 4018; x_wconf 89' lang='lat' dir='ltr'>permanere,</span> <span class='ocrx_word' id='word_1_306' title='bbox 811 3963 986 4018; x_wconf 90' lang='lat' dir='ltr'>quam</span> <span class='ocrx_word' id='word_1_307' title='bbox 1016 3949 1203 4002; x_wconf 91' lang='lat' dir='ltr'>studio</span> <span class='ocrx_word' id='word_1_308' title='bbox 1234 3951 1530 4020; x_wconf 73' lang='lat' dir='ltr'>quaerendi</span> <span class='ocrx_word' id='word_1_309' title='bbox 1561 3956 1732 4022; x_wconf 90' lang='lat' dir='ltr'>atque</span> <span class='ocrx_word' id='word_1_310' title='bbox 1757 3951 2031 4019; x_wconf 87' lang='lat' dir='ltr'>discendi,</span> <span class='ocrx_word' id='word_1_311' title='bbox 2065 3957 2122 4007; x_wconf 91' lang='lat' dir='ltr'>et</span> 
     </span>
    </p>
   </div>
   <div class='ocr_carea' id='block_1_44' title="bbox 429 4035 2120 4109">
    <p class='ocr_par' dir='ltr' id='par_1_44' title="bbox 429 4035 2120 4109">
     <span class='ocr_line' id='line_1_44' title="bbox 429 4035 2120 4109; baseline 0.004 -19"><span class='ocrx_word' id='word_1_312' title='bbox 429 4035 753 4090; x_wconf 88' lang='lat' dir='ltr'>humilitate</span> <span class='ocrx_word' id='word_1_313' title='bbox 783 4035 1094 4091; x_wconf 90' lang='lat' dir='ltr'>conﬁtendi</span> <span class='ocrx_word' id='word_1_314' title='bbox 1123 4041 1294 4109; x_wconf 88' lang='lat' dir='ltr'>atque</span> <span class='ocrx_word' id='word_1_315' title='bbox 1339 4037 1564 4108; x_wconf 89' lang='lat' dir='ltr'>orandi,</span> <span class='ocrx_word' id='word_1_316' title='bbox 1611 4039 1684 4094; x_wconf 92' lang='lat' dir='ltr'>ad</span> <span class='ocrx_word' id='word_1_317' title='bbox 1714 4040 2006 4095; x_wconf 89' lang='lat' dir='ltr'>veritatem</span> <span class='ocrx_word' id='word_1_318' title='bbox 2056 4057 2120 4096; x_wconf 92' lang='lat' dir='ltr'>ac</span> 
     </span>
    </p>
   </div>
   <div class='ocr_carea' id='block_1_45' title="bbox 423 4122 2116 4257">
    <p class='ocr_par' dir='ltr' id='par_1_45' title="bbox 423 4122 2116 4257">
     <span class='ocr_line' id='line_1_45' title="bbox 423 4122 2116 4257; baseline 0.005 -81"><span class='ocrx_word' id='word_1_319' title='bbox 423 4122 756 4257; x_wconf 52' lang='lat' dir='ltr'>gacilitetem</span> <span class='ocrx_word' id='word_1_320' title='bbox 783 4125 1083 4195; x_wconf 89' lang='lat' dir='ltr'>pervenire</span> <span class='ocrx_word' id='word_1_321' title='bbox 1122 4125 1448 4194; x_wconf 91' lang='lat' dir='ltr'>voluerunt,</span> <span class='ocrx_word' id='word_1_322' title='bbox 1491 4126 1646 4197; x_wconf 88' lang='lat' dir='ltr'>justo</span> <span class='ocrx_word' id='word_1_323' title='bbox 1678 4131 1956 4201; x_wconf 90' lang='lat' dir='ltr'>supplicio</span> <span class='ocrx_word' id='word_1_324' title='bbox 1986 4131 2116 4184; x_wconf 90' lang='lat' dir='ltr'>vin-</span> 
     </span>
     <span class='ocr_line' id='line_1_46' title="bbox 464 4219 656 4257; baseline 0 0"><span class='ocrx_word' id='word_1_325' title='bbox 464 4219 611 4257; x_wconf 86' lang='lat' dir='ltr'>icare</span> <span class='ocrx_word' id='word_1_326' title='bbox 643 4243 656 4257; x_wconf 90' lang='lat'>.</span> 
     </span>
    </p>
   </div>
   <div class='ocr_carea' id='block_1_46' title="bbox 464 4219 656 4258">
    <p class='ocr_par' dir='ltr' id='par_1_46' title="bbox 464 4219 656 4258">
     <span class='ocr_line' id='line_1_47' title="bbox 464 4219 656 4258; baseline 0 -2"><span class='ocrx_word' id='word_1_327' title='bbox 464 4219 656 4258; x_wconf 70' lang='grc' dir='ltr'>ιεᾶτθι.</span> 
     </span>
    </p>
   </div>
   <div class='ocr_carea' id='block_1_47' title="bbox 585 4292 1959 4368">
    <p class='ocr_par' dir='ltr' id='par_1_47' title="bbox 585 4292 1959 4368">
     <span class='ocr_line' id='line_1_48' title="bbox 585 4292 1959 4368; baseline 0.007 -21"><span class='ocrx_word' id='word_1_328' title='bbox 585 4292 808 4348; x_wconf 82' lang='lat' dir='ltr'>CAPUT</span> <span class='ocrx_word' id='word_1_329' title='bbox 835 4294 965 4349; x_wconf 83' lang='lat' dir='ltr'>XXI.</span> <span class='ocrx_word' id='word_1_330' title='bbox 997 4324 1064 4336; x_wconf 90' lang='lat'>—</span> <span class='ocrx_word' id='word_1_331' title='bbox 1093 4297 1266 4350; x_wconf 85' lang='lat' dir='ltr'>Error</span> <span class='ocrx_word' id='word_1_332' title='bbox 1294 4311 1403 4365; x_wconf 85' lang='lat' dir='ltr'>qua</span> <span class='ocrx_word' id='word_1_333' title='bbox 1430 4299 1487 4351; x_wconf 77' lang='lat' dir='ltr'>in</span> <span class='ocrx_word' id='word_1_334' title='bbox 1514 4313 1572 4352; x_wconf 79' lang='lat' dir='ltr'>re</span> <span class='ocrx_word' id='word_1_335' title='bbox 1604 4301 1959 4368; x_wconf 78' lang='lat' dir='ltr'>perniciosus.</span> 
     </span>
    </p>
   </div>
   <div class='ocr_carea' id='block_1_48' title="bbox 496 4383 2120 4461">
    <p class='ocr_par' dir='ltr' id='par_1_48' title="bbox 496 4383 2120 4461">
     <span class='ocr_line' id='line_1_49' title="bbox 496 4383 2120 4461; baseline 0.006 -24"><span class='ocrx_word' id='word_1_336' title='bbox 496 4385 586 4439; x_wconf 86' lang='lat'>59.</span> <span class='ocrx_word' id='word_1_337' title='bbox 614 4383 828 4438; x_wconf 88' lang='lat' dir='ltr'>Harum</span> <span class='ocrx_word' id='word_1_338' title='bbox 856 4387 1047 4437; x_wconf 90' lang='lat' dir='ltr'>autem</span> <span class='ocrx_word' id='word_1_339' title='bbox 1078 4388 1323 4454; x_wconf 89' lang='lat' dir='ltr'>quatuor</span> <span class='ocrx_word' id='word_1_340' title='bbox 1366 4385 1434 4440; x_wconf 92' lang='lat' dir='ltr'>de</span> <span class='ocrx_word' id='word_1_341' title='bbox 1467 4385 1660 4441; x_wconf 87' lang='lat' dir='ltr'>anima</span> <span class='ocrx_word' id='word_1_342' title='bbox 1688 4391 2120 4461; x_wconf 87' lang='lat' dir='ltr'>sententiarum,</span> 
     </span>
    </p>
   </div>
   <div class='ocr_carea' id='block_1_49' title="bbox 427 4469 2121 4552">
    <p class='ocr_par' dir='ltr' id='par_1_49' title="bbox 427 4469 2121 4552">
     <span class='ocr_line' id='line_1_50' title="bbox 427 4469 2121 4552; baseline 0.006 -27"><span class='ocrx_word' id='word_1_343' title='bbox 427 4473 621 4525; x_wconf 90' lang='lat' dir='ltr'>utrum</span> <span class='ocrx_word' id='word_1_344' title='bbox 651 4469 721 4525; x_wconf 92' lang='lat' dir='ltr'>de</span> <span class='ocrx_word' id='word_1_345' title='bbox 739 4470 1057 4541; x_wconf 88' lang='lat' dir='ltr'>propagine</span> <span class='ocrx_word' id='word_1_346' title='bbox 1089 4471 1336 4540; x_wconf 79' lang='lat' dir='ltr'>veniant,</span> <span class='ocrx_word' id='word_1_347' title='bbox 1366 4489 1438 4526; x_wconf 88' lang='lat' dir='ltr'>an</span> <span class='ocrx_word' id='word_1_348' title='bbox 1459 4472 1519 4527; x_wconf 92' lang='lat' dir='ltr'>in</span> <span class='ocrx_word' id='word_1_349' title='bbox 1539 4474 1776 4545; x_wconf 88' lang='lat' dir='ltr'>singulis</span> <span class='ocrx_word' id='word_1_350' title='bbox 1797 4477 2121 4552; x_wconf 89' lang='lat' dir='ltr'>quibusque</span> 
     </span>
    </p>
   </div>
   <div class='ocr_carea' id='block_1_50' title="bbox 425 4558 2121 4633">
    <p class='ocr_par' dir='ltr' id='par_1_50' title="bbox 425 4558 2121 4633">
     <span class='ocr_line' id='line_1_51' title="bbox 425 4558 2121 4633; baseline 0.006 -19"><span class='ocrx_word' id='word_1_351' title='bbox 425 4558 786 4614; x_wconf 89' lang='lat' dir='ltr'>nascentibus</span> <span class='ocrx_word' id='word_1_352' title='bbox 838 4575 998 4614; x_wconf 62' lang='lat' dir='ltr'>nova:</span> <span class='ocrx_word' id='word_1_353' title='bbox 1047 4559 1207 4627; x_wconf 87' lang='lat' dir='ltr'>ﬁant,</span> <span class='ocrx_word' id='word_1_354' title='bbox 1267 4577 1341 4614; x_wconf 90' lang='lat' dir='ltr'>an</span> <span class='ocrx_word' id='word_1_355' title='bbox 1383 4561 1443 4615; x_wconf 89' lang='lat' dir='ltr'>in</span> <span class='ocrx_word' id='word_1_356' title='bbox 1473 4578 1708 4633; x_wconf 87' lang='lat' dir='ltr'>corpora</span> <span class='ocrx_word' id='word_1_357' title='bbox 1765 4569 2121 4624; x_wconf 89' lang='lat' dir='ltr'>nascentium</span> 
     </span>
    </p>
   </div>
   <div class='ocr_carea' id='block_1_51' title="bbox 419 4645 2121 4721">
    <p class='ocr_par' dir='ltr' id='par_1_51' title="bbox 419 4645 2121 4721">
     <span class='ocr_line' id='line_1_52' title="bbox 419 4645 2121 4721; baseline 0.006 -19"><span class='ocrx_word' id='word_1_358' title='bbox 419 4648 542 4719; x_wconf 87' lang='lat' dir='ltr'>jam</span> <span class='ocrx_word' id='word_1_359' title='bbox 573 4645 780 4702; x_wconf 90' lang='lat' dir='ltr'>alicubi</span> <span class='ocrx_word' id='word_1_360' title='bbox 811 4647 1115 4703; x_wconf 79' lang='lat' dir='ltr'>existentes</span> <span class='ocrx_word' id='word_1_361' title='bbox 1142 4649 1230 4704; x_wconf 86' lang='lat' dir='ltr'>vel</span> <span class='ocrx_word' id='word_1_362' title='bbox 1248 4648 1554 4704; x_wconf 88' lang='lat' dir='ltr'>mittantur</span> <span class='ocrx_word' id='word_1_363' title='bbox 1575 4651 1866 4721; x_wconf 89' lang='lat' dir='ltr'>divinitus,</span> <span class='ocrx_word' id='word_1_364' title='bbox 1899 4658 1988 4710; x_wconf 92' lang='lat' dir='ltr'>vel</span> <span class='ocrx_word' id='word_1_365' title='bbox 2019 4674 2121 4712; x_wconf 89' lang='lat' dir='ltr'>sua</span> 
     </span>
    </p>
   </div>
   <div class='ocr_carea' id='block_1_52' title="bbox 427 4734 2117 4815">
    <p class='ocr_par' dir='ltr' id='par_1_52' title="bbox 427 4734 2117 4815">
     <span class='ocr_line' id='line_1_53' title="bbox 427 4734 2117 4815; baseline 0.007 -26"><span class='ocrx_word' id='word_1_366' title='bbox 427 4739 630 4807; x_wconf 89' lang='lat' dir='ltr'>sponte</span> <span class='ocrx_word' id='word_1_367' title='bbox 653 4734 935 4805; x_wconf 87' lang='lat' dir='ltr'>labantur,</span> <span class='ocrx_word' id='word_1_368' title='bbox 947 4735 1167 4790; x_wconf 88' lang='lat' dir='ltr'>nullam</span> <span class='ocrx_word' id='word_1_369' title='bbox 1178 4740 1394 4793; x_wconf 90' lang='lat' dir='ltr'>temere</span> <span class='ocrx_word' id='word_1_370' title='bbox 1417 4737 1701 4794; x_wconf 88' lang='lat' dir='ltr'>afﬁrmare</span> <span class='ocrx_word' id='word_1_371' title='bbox 1715 4743 1998 4812; x_wconf 89' lang='lat' dir='ltr'>oportebit</span> <span class='ocrx_word' id='word_1_372' title='bbox 2019 4745 2117 4815; x_wconf 89' lang='lat' dir='ltr'>(a).</span> 
     </span>
    </p>
   </div>
   <div class='ocr_carea' id='block_1_53' title="bbox 483 4825 2119 4903">
    <p class='ocr_par' dir='ltr' id='par_1_53' title="bbox 483 4825 2119 4903">
     <span class='ocr_line' id='line_1_54' title="bbox 483 4825 2119 4903; baseline 0.009 -28"><span class='ocrx_word' id='word_1_373' title='bbox 483 4829 506 4900; x_wconf 63' lang='lat' dir='ltr'><strong><em>f</em></strong></span> <span class='ocrx_word' id='word_1_374' title='bbox 521 4825 667 4903; x_wconf 53' lang='grc' dir='ltr'>Βιιᾲ2</span> <span class='ocrx_word' id='word_1_375' title='bbox 686 4828 941 4903; x_wconf 41' lang='lat' dir='ltr'>i‘n‘dtetum</span> <span class='ocrx_word' id='word_1_376' title='bbox 963 4829 1105 4881; x_wconf 79' lang='lat' dir='ltr'>illud</span> <span class='ocrx_word' id='word_1_377' title='bbox 1118 4831 1986 4903; x_wconf 57' lang='grc' dir='ltr'>υριρηαει-ςνηρῃιιίαςιηὺῃαοηιῃᾷδε</span> <span class='ocrx_word' id='word_1_378' title='bbox 2000 4854 2119 4903; x_wconf 66' lang='lat' dir='ltr'>quas</span> 
     </span>
    </p>
   </div>
   <div class='ocr_carea' id='block_1_54' title="bbox 425 4888 2121 4961">
    <p class='ocr_par' dir='ltr' id='par_1_54' title="bbox 425 4888 2121 4961">
     <span class='ocr_line' id='line_1_55' title="bbox 425 4888 2121 4961; baseline 0.007 -22"><span class='ocrx_word' id='word_1_379' title='bbox 425 4889 586 4961; x_wconf 79' lang='lat' dir='ltr'>etiam</span> <span class='ocrx_word' id='word_1_380' title='bbox 605 4888 887 4961; x_wconf 55' lang='lat' dir='ltr'>eratlectio</span> <span class='ocrx_word' id='word_1_381' title='bbox 908 4893 1257 4961; x_wconf 68' lang='lat' dir='ltr'>I_.p_v._mutato</span> <span class='ocrx_word' id='word_1_382' title='bbox 1277 4888 1636 4961; x_wconf 57' lang='lat' dir='ltr'>quiain&#39;quod.</span> <span class='ocrx_word' id='word_1_383' title='bbox 1652 4898 1717 4948; x_wconf 85' lang='lat' dir='ltr'>At</span> <span class='ocrx_word' id='word_1_384' title='bbox 1728 4899 1813 4948; x_wconf 89' lang='lat' dir='ltr'>Er.</span> <span class='ocrx_word' id='word_1_385' title='bbox 1835 4888 2121 4951; x_wconf 49' lang='lat' dir='ltr'>etMssfha:</span> 
     </span>
    </p>
   </div>
   <div class='ocr_carea' id='block_1_55' title="bbox 422 4950 2119 5024">
    <p class='ocr_par' dir='ltr' id='par_1_55' title="bbox 422 4950 2119 5024">
     <span class='ocr_line' id='line_1_56' title="bbox 422 4950 2119 5024; baseline 0.008 -23"><span class='ocrx_word' id='word_1_386' title='bbox 422 4953 582 5024; x_wconf 43' lang='lat' dir='ltr'>bent...</span> <span class='ocrx_word' id='word_1_387' title='bbox 604 4950 873 5024; x_wconf 65' lang='lat' dir='ltr'>judicium</span> <span class='ocrx_word' id='word_1_388' title='bbox 914 4953 1134 5024; x_wconf 46' lang='lat' dir='ltr'>illud&quot;,</span> <span class='ocrx_word' id='word_1_389' title='bbox 1172 4950 1309 5019; x_wconf 74' lang='lat' dir='ltr'>quod</span> <span class='ocrx_word' id='word_1_390' title='bbox 1335 4950 1552 5024; x_wconf 66' lang='lat' dir='ltr'>animi,</span> <span class='ocrx_word' id='word_1_391' title='bbox 1584 4963 1720 5022; x_wconf 88' lang='lat' dir='ltr'>etc.;</span> <span class='ocrx_word' id='word_1_392' title='bbox 1750 4961 1841 5012; x_wconf 90' lang='lat' dir='ltr'>ubi</span> <span class='ocrx_word' id='word_1_393' title='bbox 1878 4961 2013 5013; x_wconf 86' lang='lat' dir='ltr'>forte</span> <span class='ocrx_word' id='word_1_394' title='bbox 2054 4950 2119 5013; x_wconf 88' lang='lat' dir='ltr'>li-</span> 
     </span>
    </p>
   </div>
   <div class='ocr_carea' id='block_1_56' title="bbox 425 5015 2120 5126">
    <p class='ocr_par' dir='ltr' id='par_1_56' title="bbox 425 5015 2120 5126">
     <span class='ocr_line' id='line_1_57' title="bbox 425 5015 2120 5126; baseline 0.011 -67"><span class='ocrx_word' id='word_1_395' title='bbox 425 5015 934 5126; x_wconf 49' lang='lat' dir='ltr'>:Bgilivrzz‘rilpsserunt</span> <span class='ocrx_word' id='word_1_396' title='bbox 966 5016 1105 5079; x_wconf 82' lang='lat' dir='ltr'>quod</span> <span class='ocrx_word' id='word_1_397' title='bbox 1130 5015 1224 5080; x_wconf 76' lang='lat' dir='ltr'>pro</span> <span class='ocrx_word' id='word_1_398' title='bbox 1252 5033 1378 5084; x_wconf 79' lang='lat' dir='ltr'>quo,</span> <span class='ocrx_word' id='word_1_399' title='bbox 1403 5015 1557 5072; x_wconf 77' lang='lat' dir='ltr'>sicuti</span> <span class='ocrx_word' id='word_1_400' title='bbox 1589 5036 1680 5074; x_wconf 86' lang='lat' dir='ltr'>eos</span> <span class='ocrx_word' id='word_1_401' title='bbox 1709 5015 1907 5088; x_wconf 84' lang='lat' dir='ltr'>passim</span> <span class='ocrx_word' id='word_1_402' title='bbox 1935 5024 2120 5077; x_wconf 80' lang='lat' dir='ltr'>fecisse</span> 
     </span>
    </p>
   </div>
   <div class='ocr_carea' id='block_1_57' title="bbox 487 5145 2120 5259">
    <p class='ocr_par' dir='ltr' id='par_1_57' title="bbox 487 5145 2120 5259">
     <span class='ocr_line' id='line_1_58' title="bbox 487 5145 2120 5220; baseline 0.006 -23"><span class='ocrx_word' id='word_1_403' title='bbox 487 5145 560 5210; x_wconf 82' lang='grc' dir='ltr'>(α)</span> <span class='ocrx_word' id='word_1_404' title='bbox 582 5147 714 5196; x_wconf 89' lang='lat' dir='ltr'>Eum</span> <span class='ocrx_word' id='word_1_405' title='bbox 731 5145 909 5196; x_wconf 92' lang='lat' dir='ltr'>locum</span> <span class='ocrx_word' id='word_1_406' title='bbox 929 5146 1257 5220; x_wconf 75' lang='lat' dir='ltr'>Augustinus</span> <span class='ocrx_word' id='word_1_407' title='bbox 1281 5152 1336 5202; x_wconf 90' lang='lat' dir='ltr'>in</span> <span class='ocrx_word' id='word_1_408' title='bbox 1364 5153 1595 5216; x_wconf 75' lang='lat' dir='ltr'>Epistola</span> <span class='ocrx_word' id='word_1_409' title='bbox 1615 5156 1722 5214; x_wconf 78' lang='grc'>166,</span> <span class='ocrx_word' id='word_1_410' title='bbox 1753 5168 1806 5204; x_wconf 92' lang='lat' dir='ltr'>n.</span> <span class='ocrx_word' id='word_1_411' title='bbox 1831 5159 1880 5217; x_wconf 89' lang='lat'>7,</span> <span class='ocrx_word' id='word_1_412' title='bbox 1909 5157 1974 5206; x_wconf 87' lang='lat' dir='ltr'>ad</span> <span class='ocrx_word' id='word_1_413' title='bbox 1993 5157 2120 5208; x_wconf 86' lang='lat' dir='ltr'>Hie-</span> 
     </span>
     <span class='ocr_line' id='line_1_59' title="bbox 490 5210 2120 5259; baseline 0.001 -1"><span class='ocrx_word' id='word_1_414' title='bbox 490 5222 728 5259; x_wconf 89' lang='lat' dir='ltr'>nvmum.</span> <span class='ocrx_word' id='word_1_415' title='bbox 761 5213 1001 5259; x_wconf 85' lang='lat' dir='ltr'>recenset</span> <span class='ocrx_word' id='word_1_416' title='bbox 1035 5210 1119 5259; x_wconf 83' lang='lat' dir='ltr'>his</span> <span class='ocrx_word' id='word_1_417' title='bbox 1132 5211 1336 5259; x_wconf 82' lang='lat' dir='ltr'>verbis:</span> <span class='ocrx_word' id='word_1_418' title='bbox 1369 5215 1479 5259; x_wconf 71' lang='grc' dir='ltr'>Εαο</span> <span class='ocrx_word' id='word_1_419' title='bbox 1525 5216 1736 5259; x_wconf 77' lang='lat' dir='ltr'>(mide</span> <span class='ocrx_word' id='word_1_420' title='bbox 1768 5222 1890 5259; x_wconf 62' lang='lat' dir='ltr'>unm</span> <span class='ocrx_word' id='word_1_421' title='bbox 1919 5219 2120 5259; x_wconf 74' lang='lat' dir='ltr'>nlimmt</span> 
     </span>
    </p>
   </div>
   <div class='ocr_carea' id='block_1_58' title="bbox 426 5213 2122 5344">
    <p class='ocr_par' dir='ltr' id='par_1_58' title="bbox 426 5213 2122 5344">
     <span class='ocr_line' id='line_1_60' title="bbox 426 5213 2122 5290; baseline 0.008 -33"><span class='ocrx_word' id='word_1_422' title='bbox 426 5221 728 5273; x_wconf 88' lang='lat' dir='ltr'>ronymum,</span> <span class='ocrx_word' id='word_1_423' title='bbox 761 5213 1001 5281; x_wconf 74' lang='lat' dir='ltr'>recenset</span> <span class='ocrx_word' id='word_1_424' title='bbox 1035 5213 1119 5260; x_wconf 89' lang='lat' dir='ltr'>his</span> <span class='ocrx_word' id='word_1_425' title='bbox 1132 5213 1302 5264; x_wconf 87' lang='lat' dir='ltr'>verbis</span> <span class='ocrx_word' id='word_1_426' title='bbox 1324 5213 1479 5285; x_wconf 27' lang='lat' dir='ltr'>{Ego</span> <span class='ocrx_word' id='word_1_427' title='bbox 1525 5213 1739 5290; x_wconf 81' lang='lat' dir='ltr'>quidem</span> <span class='ocrx_word' id='word_1_428' title='bbox 1768 5213 1890 5268; x_wconf 83' lang='lat' dir='ltr'>ante</span> <span class='ocrx_word' id='word_1_429' title='bbox 1919 5219 2122 5282; x_wconf 88' lang='lat' dir='ltr'>aliquot</span> 
     </span>
     <span class='ocr_line' id='line_1_61' title="bbox 427 5271 2116 5344; baseline 0.008 -26"><span class='ocrx_word' id='word_1_430' title='bbox 427 5286 455 5317; x_wconf 73' lang='grc' dir='ltr'><strong>α</strong></span> <span class='ocrx_word' id='word_1_431' title='bbox 481 5285 650 5344; x_wconf 78' lang='lat' dir='ltr'>annos</span> <span class='ocrx_word' id='word_1_432' title='bbox 670 5285 802 5344; x_wconf 40' lang='lat' dir='ltr'>eum.</span> <span class='ocrx_word' id='word_1_433' title='bbox 813 5271 976 5344; x_wconf 81' lang='lat' dir='ltr'>libros</span> <span class='ocrx_word' id='word_1_434' title='bbox 989 5273 1244 5336; x_wconf 88' lang='lat' dir='ltr'>quosdam</span> <span class='ocrx_word' id='word_1_435' title='bbox 1266 5277 1548 5344; x_wconf 78' lang='lat' dir='ltr'>scriberem</span> <span class='ocrx_word' id='word_1_436' title='bbox 1566 5278 1630 5328; x_wconf 92' lang='lat' dir='ltr'>de</span> <span class='ocrx_word' id='word_1_437' title='bbox 1655 5280 1840 5344; x_wconf 81' lang='lat' dir='ltr'>Libero</span> <span class='ocrx_word' id='word_1_438' title='bbox 1869 5281 2116 5344; x_wconf 64' lang='lat' dir='ltr'>Arbitrio,</span> 
     </span>
    </p>
   </div>
   <div class='ocr_carea' id='block_1_59' title="bbox 427 5334 2119 5406">
    <p class='ocr_par' dir='ltr' id='par_1_59' title="bbox 427 5334 2119 5406">
     <span class='ocr_line' id='line_1_62' title="bbox 427 5334 2119 5406; baseline 0.008 -25"><span class='ocrx_word' id='word_1_439' title='bbox 427 5347 456 5378; x_wconf 76' lang='grc' dir='ltr'><strong>α</strong></span> <span class='ocrx_word' id='word_1_440' title='bbox 475 5334 566 5406; x_wconf 73' lang='lat' dir='ltr'>qui</span> <span class='ocrx_word' id='word_1_441' title='bbox 594 5334 650 5406; x_wconf 76' lang='lat' dir='ltr'>in</span> <span class='ocrx_word' id='word_1_442' title='bbox 680 5334 985 5406; x_wconf 68' lang='lat' dir='ltr'>multorum</span> <span class='ocrx_word' id='word_1_443' title='bbox 1004 5334 1220 5406; x_wconf 48' lang='lat' dir='ltr'>‘manus</span> <span class='ocrx_word' id='word_1_444' title='bbox 1260 5338 1516 5406; x_wconf 81' lang='lat' dir='ltr'>exierunt,</span> <span class='ocrx_word' id='word_1_445' title='bbox 1550 5344 1610 5406; x_wconf 90' lang='lat' dir='ltr'>et_</span> <span class='ocrx_word' id='word_1_446' title='bbox 1629 5354 1773 5391; x_wconf 89' lang='lat' dir='ltr'>nunc</span> <span class='ocrx_word' id='word_1_447' title='bbox 1800 5342 2064 5406; x_wconf 85' lang='lat' dir='ltr'>habentur</span> <span class='ocrx_word' id='word_1_448' title='bbox 2087 5334 2119 5394; x_wconf 80' lang='lat' dir='ltr'>a</span> 
     </span>
    </p>
   </div>
   <div class='ocr_carea' id='block_1_60' title="bbox 428 5394 2118 5460">
    <p class='ocr_par' dir='ltr' id='par_1_60' title="bbox 428 5394 2118 5460">
     <span class='ocr_line' id='line_1_63' title="bbox 428 5394 2118 5460; baseline 0.011 -21"><span class='ocrx_word' id='word_1_449' title='bbox 428 5411 456 5439; x_wconf 75' lang='grc' dir='ltr'><strong>α</strong></span> <span class='ocrx_word' id='word_1_450' title='bbox 479 5394 738 5460; x_wconf 76' lang='lat' dir='ltr'>plurimis.</span> <span class='ocrx_word' id='word_1_451' title='bbox 771 5401 998 5460; x_wconf 89' lang='lat' dir='ltr'>quatuor</span> <span class='ocrx_word' id='word_1_452' title='bbox 1011 5397 1288 5460; x_wconf 88' lang='lat' dir='ltr'>opiniones</span> <span class='ocrx_word' id='word_1_453' title='bbox 1308 5400 1373 5449; x_wconf 88' lang='lat' dir='ltr'>de</span> <span class='ocrx_word' id='word_1_454' title='bbox 1387 5394 1578 5452; x_wconf 66' lang='lat' dir='ltr'>animm</span> <span class='ocrx_word' id='word_1_455' title='bbox 1597 5403 2019 5456; x_wconf 87' lang='lat' dir='ltr'>incarnatione...</span> <span class='ocrx_word' id='word_1_456' title='bbox 2042 5407 2118 5457; x_wconf 90' lang='lat' dir='ltr'>ita</span> 
     </span>
    </p>
   </div>
   <div class='ocr_carea' id='block_1_61' title="bbox 425 5458 2116 5528">
    <p class='ocr_par' dir='ltr' id='par_1_61' title="bbox 425 5458 2116 5528">
     <span class='ocr_line' id='line_1_64' title="bbox 425 5458 2116 5528; baseline 0.007 -21"><span class='ocrx_word' id='word_1_457' title='bbox 425 5471 453 5501; x_wconf 75' lang='grc' dir='ltr'>(ί</span> <span class='ocrx_word' id='word_1_458' title='bbox 481 5458 660 5521; x_wconf 84' lang='lat' dir='ltr'>putavi</span> <span class='ocrx_word' id='word_1_459' title='bbox 695 5458 808 5510; x_wconf 79' lang='lat' dir='ltr'>esse</span> <span class='ocrx_word' id='word_1_460' title='bbox 828 5458 1145 5520; x_wconf 81' lang='lat' dir='ltr'>tractandas,</span> <span class='ocrx_word' id='word_1_461' title='bbox 1163 5465 1224 5511; x_wconf 91' lang='lat' dir='ltr'>ut</span> <span class='ocrx_word' id='word_1_462' title='bbox 1233 5461 1481 5528; x_wconf 65' lang='lat' dir='ltr'>quaelibet</span> <span class='ocrx_word' id='word_1_463' title='bbox 1499 5477 1680 5515; x_wconf 88' lang='lat' dir='ltr'>earum</span> <span class='ocrx_word' id='word_1_464' title='bbox 1694 5480 1816 5516; x_wconf 87' lang='lat' dir='ltr'>vera</span> <span class='ocrx_word' id='word_1_465' title='bbox 1836 5472 1992 5528; x_wconf 88' lang='lat' dir='ltr'>esset,</span> <span class='ocrx_word' id='word_1_466' title='bbox 2005 5482 2116 5520; x_wconf 90' lang='lat' dir='ltr'>non</span> 
     </span>
    </p>
   </div>
   <div class='ocr_carea' id='block_1_62' title="bbox 1506 211 3834 277">
    <p class='ocr_par' dir='ltr' id='par_1_62' title="bbox 1506 211 3834 277">
     <span class='ocr_line' id='line_1_65' title="bbox 1506 211 3834 277; baseline -0.002 -8"><span class='ocrx_word' id='word_1_467' title='bbox 1506 216 1596 275; x_wconf 84' lang='lat' dir='ltr'>DE</span> <span class='ocrx_word' id='word_1_468' title='bbox 1635 215 1896 269; x_wconf 83' lang='lat' dir='ltr'>LIBERO</span> <span class='ocrx_word' id='word_1_469' title='bbox 1934 213 2290 277; x_wconf 74' lang='lat' dir='ltr'>ARBITHIO.</span> <span class='ocrx_word' id='word_1_470' title='bbox 2335 212 2388 267; x_wconf 87' lang='lat' dir='ltr'>S.</span> <span class='ocrx_word' id='word_1_471' title='bbox 2432 211 2811 267; x_wconf 80' lang='lat' dir='ltr'>AUGUSTINI</span> <span class='ocrx_word' id='word_1_472' title='bbox 3741 224 3834 272; x_wconf 65' lang='grc' dir='ltr'>ηοω</span> 
     </span>
    </p>
   </div>
   <div class='ocr_carea' id='block_1_63' title="bbox 2210 334 3832 406">
    <p class='ocr_par' dir='ltr' id='par_1_63' title="bbox 2210 334 3832 406">
     <span class='ocr_line' id='line_1_66' title="bbox 2210 334 3832 406; baseline 0.006 -16"><span class='ocrx_word' id='word_1_473' title='bbox 2210 339 2322 391; x_wconf 84' lang='lat' dir='ltr'>Aut</span> <span class='ocrx_word' id='word_1_474' title='bbox 2341 336 2496 390; x_wconf 91' lang='lat' dir='ltr'>enim</span> <span class='ocrx_word' id='word_1_475' title='bbox 2515 335 2774 389; x_wconf 90' lang='lat' dir='ltr'>nondum</span> <span class='ocrx_word' id='word_1_476' title='bbox 2793 334 2900 389; x_wconf 89' lang='lat' dir='ltr'>ista</span> <span class='ocrx_word' id='word_1_477' title='bbox 2925 336 3168 406; x_wconf 63' lang='lat' dir='ltr'>quaestio</span> <span class='ocrx_word' id='word_1_478' title='bbox 3191 351 3222 388; x_wconf 89' lang='lat' dir='ltr'>a</span> <span class='ocrx_word' id='word_1_479' title='bbox 3251 335 3572 392; x_wconf 90' lang='lat' dir='ltr'>divinorum</span> <span class='ocrx_word' id='word_1_480' title='bbox 3598 339 3832 400; x_wconf 90' lang='lat' dir='ltr'>Librorum</span> 
     </span>
    </p>
   </div>
   <div class='ocr_carea' id='block_1_64' title="bbox 2211 423 3837 494">
    <p class='ocr_par' dir='ltr' id='par_1_64' title="bbox 2211 423 3837 494">
     <span class='ocr_line' id='line_1_67' title="bbox 2211 423 3837 494; baseline 0.004 -15"><span class='ocrx_word' id='word_1_481' title='bbox 2211 424 2496 479; x_wconf 89' lang='lat' dir='ltr'>catholicis</span> <span class='ocrx_word' id='word_1_482' title='bbox 2523 423 2921 478; x_wconf 91' lang='lat' dir='ltr'>tractatoribus</span> <span class='ocrx_word' id='word_1_483' title='bbox 2951 439 3056 494; x_wconf 91' lang='lat' dir='ltr'>pro</span> <span class='ocrx_word' id='word_1_484' title='bbox 3087 423 3292 478; x_wconf 89' lang='lat' dir='ltr'>merito</span> <span class='ocrx_word' id='word_1_485' title='bbox 3324 440 3438 478; x_wconf 70' lang='lat' dir='ltr'>sua:</span> <span class='ocrx_word' id='word_1_486' title='bbox 3467 426 3784 484; x_wconf 83' lang='lat' dir='ltr'>obscuritatis</span> <span class='ocrx_word' id='word_1_487' title='bbox 3801 443 3837 486; x_wconf 88' lang='lat' dir='ltr'>et</span> 
     </span>
    </p>
   </div>
   <div class='ocr_carea' id='block_1_65' title="bbox 2212 512 3834 587">
    <p class='ocr_par' dir='ltr' id='par_1_65' title="bbox 2212 512 3834 587">
     <span class='ocr_line' id='line_1_68' title="bbox 2212 512 3834 587; baseline 0.004 -21"><span class='ocrx_word' id='word_1_488' title='bbox 2212 512 2601 584; x_wconf 86' lang='lat' dir='ltr'>perplexitatis</span> <span class='ocrx_word' id='word_1_489' title='bbox 2637 513 2864 566; x_wconf 88' lang='lat' dir='ltr'>evoluta</span> <span class='ocrx_word' id='word_1_490' title='bbox 2893 516 3060 583; x_wconf 89' lang='lat' dir='ltr'>atque</span> <span class='ocrx_word' id='word_1_491' title='bbox 3096 512 3381 566; x_wconf 88' lang='lat' dir='ltr'>illustrata</span> <span class='ocrx_word' id='word_1_492' title='bbox 3420 517 3539 580; x_wconf 90' lang='lat' dir='ltr'>est;</span> <span class='ocrx_word' id='word_1_493' title='bbox 3573 519 3662 568; x_wconf 91' lang='lat' dir='ltr'>aut</span> <span class='ocrx_word' id='word_1_494' title='bbox 3687 517 3727 569; x_wconf 88' lang='lat' dir='ltr'>si</span> <span class='ocrx_word' id='word_1_495' title='bbox 3753 519 3834 587; x_wconf 81' lang='lat' dir='ltr'>jam</span> 
     </span>
    </p>
   </div>
   <div class='ocr_carea' id='block_1_66' title="bbox 2212 599 3835 673">
    <p class='ocr_par' dir='ltr' id='par_1_66' title="bbox 2212 599 3835 673">
     <span class='ocr_line' id='line_1_69' title="bbox 2212 599 3835 673; baseline 0.002 -18"><span class='ocrx_word' id='word_1_496' title='bbox 2212 601 2423 656; x_wconf 89' lang='lat' dir='ltr'>factum</span> <span class='ocrx_word' id='word_1_497' title='bbox 2450 605 2536 654; x_wconf 90' lang='lat' dir='ltr'>est</span> <span class='ocrx_word' id='word_1_498' title='bbox 2572 599 2827 653; x_wconf 78' lang='lat' dir='ltr'>nondum</span> <span class='ocrx_word' id='word_1_499' title='bbox 2872 599 2929 652; x_wconf 88' lang='lat' dir='ltr'>in</span> <span class='ocrx_word' id='word_1_500' title='bbox 2976 615 3181 653; x_wconf 89' lang='lat' dir='ltr'>manus</span> <span class='ocrx_word' id='word_1_501' title='bbox 3237 605 3462 654; x_wconf 84' lang='lat' dir='ltr'>nostras</span> <span class='ocrx_word' id='word_1_502' title='bbox 3510 603 3835 673; x_wconf 82' lang='lat' dir='ltr'>hujuscemodi</span> 
     </span>
    </p>
   </div>
   <div class='ocr_carea' id='block_1_67' title="bbox 2212 687 3834 759">
    <p class='ocr_par' dir='ltr' id='par_1_67' title="bbox 2212 687 3834 759">
     <span class='ocr_line' id='line_1_70' title="bbox 2212 687 3834 759; baseline 0.002 -16"><span class='ocrx_word' id='word_1_503' title='bbox 2212 689 2418 744; x_wconf 74' lang='lat' dir='ltr'>litterae</span> <span class='ocrx_word' id='word_1_504' title='bbox 2445 694 2847 759; x_wconf 88' lang='lat' dir='ltr'>pervenerunt.</span> <span class='ocrx_word' id='word_1_505' title='bbox 2876 691 3122 742; x_wconf 90' lang='lat' dir='ltr'>Tantum</span> <span class='ocrx_word' id='word_1_506' title='bbox 3151 687 3303 742; x_wconf 90' lang='lat' dir='ltr'>adsit</span> <span class='ocrx_word' id='word_1_507' title='bbox 3331 689 3475 744; x_wconf 87' lang='lat' dir='ltr'>ﬁdes</span> <span class='ocrx_word' id='word_1_508' title='bbox 3499 691 3634 744; x_wconf 88' lang='lat' dir='ltr'>nihil</span> <span class='ocrx_word' id='word_1_509' title='bbox 3661 692 3719 745; x_wconf 86' lang='lat' dir='ltr'>de</span> <span class='ocrx_word' id='word_1_510' title='bbox 3747 695 3834 746; x_wconf 88' lang='lat' dir='ltr'>sub-</span> 
     </span>
    </p>
   </div>
   <div class='ocr_carea' id='block_1_68' title="bbox 2214 775 3835 848">
    <p class='ocr_par' dir='ltr' id='par_1_68' title="bbox 2214 775 3835 848">
     <span class='ocr_line' id='line_1_71' title="bbox 2214 775 3835 848; baseline 0.002 -17"><span class='ocrx_word' id='word_1_511' title='bbox 2214 777 2418 831; x_wconf 88' lang='lat' dir='ltr'>stantia</span> <span class='ocrx_word' id='word_1_512' title='bbox 2447 775 2725 832; x_wconf 90' lang='lat' dir='ltr'>Creatoris</span> <span class='ocrx_word' id='word_1_513' title='bbox 2764 776 2973 830; x_wconf 91' lang='lat' dir='ltr'>falsum</span> <span class='ocrx_word' id='word_1_514' title='bbox 3022 775 3441 848; x_wconf 88' lang='lat' dir='ltr'>indignumque</span> <span class='ocrx_word' id='word_1_515' title='bbox 3485 779 3756 834; x_wconf 88' lang='lat' dir='ltr'>sentiendi.</span> <span class='ocrx_word' id='word_1_516' title='bbox 3780 784 3835 835; x_wconf 69' lang='lat' dir='ltr'>Ad</span> 
     </span>
    </p>
   </div>
   <div class='ocr_carea' id='block_1_69' title="bbox 2214 863 3835 936">
    <p class='ocr_par' dir='ltr' id='par_1_69' title="bbox 2214 863 3835 936">
     <span class='ocr_line' id='line_1_72' title="bbox 2214 863 3835 936; baseline 0.001 -17"><span class='ocrx_word' id='word_1_517' title='bbox 2214 865 2378 920; x_wconf 91' lang='lat' dir='ltr'>illum</span> <span class='ocrx_word' id='word_1_518' title='bbox 2408 864 2563 919; x_wconf 89' lang='lat' dir='ltr'>enim</span> <span class='ocrx_word' id='word_1_519' title='bbox 2591 863 2880 918; x_wconf 88' lang='lat' dir='ltr'>tendimus</span> <span class='ocrx_word' id='word_1_520' title='bbox 2908 863 3113 918; x_wconf 90' lang='lat' dir='ltr'>itinere</span> <span class='ocrx_word' id='word_1_521' title='bbox 3143 864 3391 934; x_wconf 89' lang='lat' dir='ltr'>pietatis.</span> <span class='ocrx_word' id='word_1_522' title='bbox 3423 865 3484 919; x_wconf 93' lang='lat' dir='ltr'>Si</span> <span class='ocrx_word' id='word_1_523' title='bbox 3502 882 3633 936; x_wconf 87' lang='lat' dir='ltr'>ergo</span> <span class='ocrx_word' id='word_1_524' title='bbox 3656 868 3778 921; x_wconf 86' lang='lat' dir='ltr'>aliud</span> <span class='ocrx_word' id='word_1_525' title='bbox 3793 870 3835 922; x_wconf 82' lang='lat' dir='ltr'>de</span> 
     </span>
    </p>
   </div>
   <div class='ocr_carea' id='block_1_70' title="bbox 2215 951 3835 1022">
    <p class='ocr_par' dir='ltr' id='par_1_70' title="bbox 2215 951 3835 1022">
     <span class='ocr_line' id='line_1_73' title="bbox 2215 951 3835 1022; baseline 0.002 -15"><span class='ocrx_word' id='word_1_526' title='bbox 2215 953 2313 1008; x_wconf 93' lang='lat' dir='ltr'>illo</span> <span class='ocrx_word' id='word_1_527' title='bbox 2334 951 2678 1007; x_wconf 89' lang='lat' dir='ltr'>senserimus</span> <span class='ocrx_word' id='word_1_528' title='bbox 2708 967 2884 1022; x_wconf 88' lang='lat' dir='ltr'>quam</span> <span class='ocrx_word' id='word_1_529' title='bbox 2905 957 3009 1018; x_wconf 91' lang='lat' dir='ltr'>est,</span> <span class='ocrx_word' id='word_1_530' title='bbox 3032 951 3275 1006; x_wconf 88' lang='lat' dir='ltr'>intentio</span> <span class='ocrx_word' id='word_1_531' title='bbox 3297 957 3485 1006; x_wconf 87' lang='lat' dir='ltr'>nostra</span> <span class='ocrx_word' id='word_1_532' title='bbox 3514 970 3624 1008; x_wconf 93' lang='lat' dir='ltr'>non</span> <span class='ocrx_word' id='word_1_533' title='bbox 3642 955 3694 1008; x_wconf 89' lang='lat' dir='ltr'>in</span> <span class='ocrx_word' id='word_1_534' title='bbox 3712 957 3835 1010; x_wconf 85' lang='lat' dir='ltr'>beati-</span> 
     </span>
    </p>
   </div>
   <div class='ocr_carea' id='block_1_71' title="bbox 2215 1039 3836 1110">
    <p class='ocr_par' dir='ltr' id='par_1_71' title="bbox 2215 1039 3836 1110">
     <span class='ocr_line' id='line_1_74' title="bbox 2215 1039 3836 1110; baseline 0.001 -14"><span class='ocrx_word' id='word_1_535' title='bbox 2215 1047 2391 1096; x_wconf 91' lang='lat' dir='ltr'>tatem</span> <span class='ocrx_word' id='word_1_536' title='bbox 2419 1040 2519 1094; x_wconf 91' lang='lat' dir='ltr'>sed</span> <span class='ocrx_word' id='word_1_537' title='bbox 2546 1039 2607 1094; x_wconf 90' lang='lat' dir='ltr'>in</span> <span class='ocrx_word' id='word_1_538' title='bbox 2628 1040 2936 1094; x_wconf 88' lang='lat' dir='ltr'>vanitatem</span> <span class='ocrx_word' id='word_1_539' title='bbox 2961 1056 3066 1094; x_wconf 92' lang='lat' dir='ltr'>nos</span> <span class='ocrx_word' id='word_1_540' title='bbox 3089 1039 3172 1093; x_wconf 89' lang='lat' dir='ltr'>ire</span> <span class='ocrx_word' id='word_1_541' title='bbox 3193 1041 3517 1110; x_wconf 87' lang='lat' dir='ltr'>compellet.</span> <span class='ocrx_word' id='word_1_542' title='bbox 3545 1043 3618 1095; x_wconf 89' lang='lat' dir='ltr'>De</span> <span class='ocrx_word' id='word_1_543' title='bbox 3646 1049 3836 1097; x_wconf 86' lang='lat' dir='ltr'>creatura</span> 
     </span>
    </p>
   </div>
   <div class='ocr_carea' id='block_1_72' title="bbox 2216 1127 3835 1199">
    <p class='ocr_par' dir='ltr' id='par_1_72' title="bbox 2216 1127 3835 1199">
     <span class='ocr_line' id='line_1_75' title="bbox 2216 1127 3835 1199; baseline 0.002 -17"><span class='ocrx_word' id='word_1_544' title='bbox 2216 1145 2349 1183; x_wconf 90' lang='lat' dir='ltr'>vero</span> <span class='ocrx_word' id='word_1_545' title='bbox 2377 1129 2422 1182; x_wconf 91' lang='lat' dir='ltr'>si</span> <span class='ocrx_word' id='word_1_546' title='bbox 2452 1127 2586 1199; x_wconf 91' lang='lat' dir='ltr'>quid</span> <span class='ocrx_word' id='word_1_547' title='bbox 2611 1127 2776 1182; x_wconf 90' lang='lat' dir='ltr'>aliter</span> <span class='ocrx_word' id='word_1_548' title='bbox 2805 1144 2981 1199; x_wconf 88' lang='lat' dir='ltr'>quam</span> <span class='ocrx_word' id='word_1_549' title='bbox 3011 1144 3133 1182; x_wconf 89' lang='lat' dir='ltr'>sese</span> <span class='ocrx_word' id='word_1_550' title='bbox 3154 1127 3328 1182; x_wconf 87' lang='lat' dir='ltr'>habet</span> <span class='ocrx_word' id='word_1_551' title='bbox 3357 1129 3708 1198; x_wconf 87' lang='lat' dir='ltr'>senserimus,</span> <span class='ocrx_word' id='word_1_552' title='bbox 3727 1131 3835 1186; x_wconf 85' lang='lat' dir='ltr'>dum-</span> 
     </span>
    </p>
   </div>
   <div class='ocr_carea' id='block_1_73' title="bbox 2217 1215 3836 1286">
    <p class='ocr_par' dir='ltr' id='par_1_73' title="bbox 2217 1215 3836 1286">
     <span class='ocr_line' id='line_1_76' title="bbox 2217 1215 3836 1286; baseline 0.002 -16"><span class='ocrx_word' id='word_1_553' title='bbox 2217 1216 2386 1270; x_wconf 90' lang='lat' dir='ltr'>modo</span> <span class='ocrx_word' id='word_1_554' title='bbox 2415 1232 2532 1270; x_wconf 91' lang='lat' dir='ltr'>non</span> <span class='ocrx_word' id='word_1_555' title='bbox 2554 1215 2608 1268; x_wconf 87' lang='lat' dir='ltr'>id</span> <span class='ocrx_word' id='word_1_556' title='bbox 2629 1231 2734 1286; x_wconf 94' lang='lat' dir='ltr'>pro</span> <span class='ocrx_word' id='word_1_557' title='bbox 2764 1215 2996 1285; x_wconf 88' lang='lat' dir='ltr'>cognito</span> <span class='ocrx_word' id='word_1_558' title='bbox 3027 1220 3410 1286; x_wconf 88' lang='lat' dir='ltr'>perceptoque</span> <span class='ocrx_word' id='word_1_559' title='bbox 3443 1222 3734 1284; x_wconf 89' lang='lat' dir='ltr'>teneamus,</span> <span class='ocrx_word' id='word_1_560' title='bbox 3759 1225 3836 1273; x_wconf 89' lang='lat' dir='ltr'>uul-</span> 
     </span>
    </p>
   </div>
   <div class='ocr_carea' id='block_1_74' title="bbox 2217 1303 3836 1376">
    <p class='ocr_par' dir='ltr' id='par_1_74' title="bbox 2217 1303 3836 1376">
     <span class='ocr_line' id='line_1_77' title="bbox 2217 1303 3836 1376; baseline 0.002 -19"><span class='ocrx_word' id='word_1_561' title='bbox 2217 1305 2337 1358; x_wconf 91' lang='lat' dir='ltr'>lum</span> <span class='ocrx_word' id='word_1_562' title='bbox 2358 1303 2680 1374; x_wconf 89' lang='lat' dir='ltr'>perieulum</span> <span class='ocrx_word' id='word_1_563' title='bbox 2711 1307 2820 1357; x_wconf 89' lang='lat' dir='ltr'>est.</span> <span class='ocrx_word' id='word_1_564' title='bbox 2861 1304 2986 1357; x_wconf 76' lang='lat' dir='ltr'>Non</span> <span class='ocrx_word' id='word_1_565' title='bbox 3011 1303 3168 1357; x_wconf 89' lang='lat' dir='ltr'>enim</span> <span class='ocrx_word' id='word_1_566' title='bbox 3197 1303 3267 1358; x_wconf 87' lang='lat' dir='ltr'>ad</span> <span class='ocrx_word' id='word_1_567' title='bbox 3297 1308 3612 1359; x_wconf 86' lang='lat' dir='ltr'>creaturam</span> <span class='ocrx_word' id='word_1_568' title='bbox 3636 1307 3836 1376; x_wconf 79' lang='lat' dir='ltr'>jubeuiur</span> 
     </span>
    </p>
   </div>
   <div class='ocr_carea' id='block_1_75' title="bbox 2217 1389 3835 1461">
    <p class='ocr_par' dir='ltr' id='par_1_75' title="bbox 2217 1389 3835 1461">
     <span class='ocr_line' id='line_1_78' title="bbox 2217 1389 3835 1461; baseline 0 -16"><span class='ocrx_word' id='word_1_569' title='bbox 2217 1392 2451 1446; x_wconf 88' lang='lat' dir='ltr'>tendere</span> <span class='ocrx_word' id='word_1_570' title='bbox 2483 1398 2545 1446; x_wconf 91' lang='lat' dir='ltr'>ut</span> <span class='ocrx_word' id='word_1_571' title='bbox 2575 1390 2893 1445; x_wconf 90' lang='lat' dir='ltr'>efﬁciamur</span> <span class='ocrx_word' id='word_1_572' title='bbox 2918 1390 3093 1460; x_wconf 91' lang='lat' dir='ltr'>beati,</span> <span class='ocrx_word' id='word_1_573' title='bbox 3123 1389 3224 1444; x_wconf 87' lang='lat' dir='ltr'>sed</span> <span class='ocrx_word' id='word_1_574' title='bbox 3256 1390 3326 1444; x_wconf 90' lang='lat' dir='ltr'>ad</span> <span class='ocrx_word' id='word_1_575' title='bbox 3349 1392 3540 1461; x_wconf 89' lang='lat' dir='ltr'>ipsum</span> <span class='ocrx_word' id='word_1_576' title='bbox 3560 1391 3835 1446; x_wconf 83' lang='lat' dir='ltr'>Creatorem:</span> 
     </span>
    </p>
   </div>
   <div class='ocr_carea' id='block_1_76' title="bbox 2219 1479 3836 1551">
    <p class='ocr_par' dir='ltr' id='par_1_76' title="bbox 2219 1479 3836 1551">
     <span class='ocr_line' id='line_1_79' title="bbox 2219 1479 3836 1551; baseline -0.001 -16"><span class='ocrx_word' id='word_1_577' title='bbox 2219 1480 2288 1534; x_wconf 92' lang='lat' dir='ltr'>de</span> <span class='ocrx_word' id='word_1_578' title='bbox 2319 1496 2433 1551; x_wconf 91' lang='lat' dir='ltr'>quo</span> <span class='ocrx_word' id='word_1_579' title='bbox 2460 1479 2508 1532; x_wconf 88' lang='lat' dir='ltr'>si</span> <span class='ocrx_word' id='word_1_580' title='bbox 2536 1479 2689 1533; x_wconf 91' lang='lat' dir='ltr'>aliud</span> <span class='ocrx_word' id='word_1_581' title='bbox 2713 1494 2887 1549; x_wconf 91' lang='lat' dir='ltr'>quam</span> <span class='ocrx_word' id='word_1_582' title='bbox 2918 1482 3141 1549; x_wconf 91' lang='lat' dir='ltr'>oportet</span> <span class='ocrx_word' id='word_1_583' title='bbox 3167 1494 3232 1531; x_wconf 91' lang='lat' dir='ltr'>ac</span> <span class='ocrx_word' id='word_1_584' title='bbox 3259 1495 3380 1533; x_wconf 88' lang='lat' dir='ltr'>sese</span> <span class='ocrx_word' id='word_1_585' title='bbox 3407 1495 3498 1532; x_wconf 90' lang='lat' dir='ltr'>res</span> <span class='ocrx_word' id='word_1_586' title='bbox 3526 1479 3701 1545; x_wconf 89' lang='lat' dir='ltr'>habet,</span> <span class='ocrx_word' id='word_1_587' title='bbox 3727 1482 3836 1534; x_wconf 58' lang='lat' dir='ltr'>nobis</span> 
     </span>
    </p>
   </div>
   <div class='ocr_carea' id='block_1_77' title="bbox 2219 1567 3835 1640">
    <p class='ocr_par' dir='ltr' id='par_1_77' title="bbox 2219 1567 3835 1640">
     <span class='ocr_line' id='line_1_80' title="bbox 2219 1567 3835 1640; baseline 0.001 -18"><span class='ocrx_word' id='word_1_588' title='bbox 2219 1569 2612 1639; x_wconf 85' lang='lat' dir='ltr'>persuadetur,</span> <span class='ocrx_word' id='word_1_589' title='bbox 2667 1567 3146 1638; x_wconf 87' lang='lat' dir='ltr'>perniciosissimo</span> <span class='ocrx_word' id='word_1_590' title='bbox 3187 1584 3379 1637; x_wconf 80' lang='lat' dir='ltr'>errore</span> <span class='ocrx_word' id='word_1_591' title='bbox 3437 1569 3743 1640; x_wconf 88' lang='lat' dir='ltr'>decipimur.</span> <span class='ocrx_word' id='word_1_592' title='bbox 3786 1573 3835 1624; x_wconf 80' lang='lat' dir='ltr'>Ad</span> 
     </span>
    </p>
   </div>
   <div class='ocr_carea' id='block_1_78' title="bbox 2219 1655 3835 1727">
    <p class='ocr_par' dir='ltr' id='par_1_78' title="bbox 2219 1655 3835 1727">
     <span class='ocr_line' id='line_1_81' title="bbox 2219 1655 3835 1727; baseline 0 -16"><span class='ocrx_word' id='word_1_593' title='bbox 2219 1658 2326 1712; x_wconf 90' lang='lat' dir='ltr'>hoc</span> <span class='ocrx_word' id='word_1_594' title='bbox 2372 1657 2526 1711; x_wconf 91' lang='lat' dir='ltr'>enim</span> <span class='ocrx_word' id='word_1_595' title='bbox 2579 1655 2896 1726; x_wconf 83' lang='lat' dir='ltr'>pergendo,</span> <span class='ocrx_word' id='word_1_596' title='bbox 2943 1656 3098 1726; x_wconf 91' lang='lat' dir='ltr'>quod</span> <span class='ocrx_word' id='word_1_597' title='bbox 3152 1661 3250 1710; x_wconf 89' lang='lat' dir='ltr'>aut</span> <span class='ocrx_word' id='word_1_598' title='bbox 3280 1673 3395 1710; x_wconf 92' lang='lat' dir='ltr'>non</span> <span class='ocrx_word' id='word_1_599' title='bbox 3448 1661 3552 1723; x_wconf 89' lang='lat' dir='ltr'>est,</span> <span class='ocrx_word' id='word_1_600' title='bbox 3582 1663 3688 1727; x_wconf 89' lang='lat' dir='ltr'>aut,</span> <span class='ocrx_word' id='word_1_601' title='bbox 3714 1659 3750 1712; x_wconf 89' lang='lat' dir='ltr'>si</span> <span class='ocrx_word' id='word_1_602' title='bbox 3771 1667 3835 1720; x_wconf 82' lang='lat' dir='ltr'>est,</span> 
     </span>
    </p>
   </div>
   <div class='ocr_carea' id='block_1_79' title="bbox 2220 1743 3837 1817">
    <p class='ocr_par' dir='ltr' id='par_1_79' title="bbox 2220 1743 3837 1817">
     <span class='ocr_line' id='line_1_82' title="bbox 2220 1743 3837 1817; baseline 0 -18"><span class='ocrx_word' id='word_1_603' title='bbox 2220 1761 2336 1799; x_wconf 89' lang='lat' dir='ltr'>non</span> <span class='ocrx_word' id='word_1_604' title='bbox 2358 1744 2492 1799; x_wconf 89' lang='lat' dir='ltr'>facit</span> <span class='ocrx_word' id='word_1_605' title='bbox 2531 1744 2744 1808; x_wconf 89' lang='lat' dir='ltr'>beatos,</span> <span class='ocrx_word' id='word_1_606' title='bbox 2779 1743 2849 1798; x_wconf 90' lang='lat' dir='ltr'>ad</span> <span class='ocrx_word' id='word_1_607' title='bbox 2894 1743 3124 1798; x_wconf 89' lang='lat' dir='ltr'>beatam</span> <span class='ocrx_word' id='word_1_608' title='bbox 3166 1745 3343 1800; x_wconf 89' lang='lat' dir='ltr'>vitam</span> <span class='ocrx_word' id='word_1_609' title='bbox 3372 1746 3575 1815; x_wconf 33' lang='lat' dir='ltr'>,nullus</span> <span class='ocrx_word' id='word_1_610' title='bbox 3616 1747 3837 1817; x_wconf 76' lang='lat' dir='ltr'>pervenire</span> 
     </span>
    </p>
   </div>
   <div class='ocr_carea' id='block_1_80' title="bbox 2220 1837 2429 1904">
    <p class='ocr_par' dir='ltr' id='par_1_80' title="bbox 2220 1837 2429 1904">
     <span class='ocr_line' id='line_1_83' title="bbox 2220 1837 2429 1904; baseline 0.01 -18"><span class='ocrx_word' id='word_1_611' title='bbox 2220 1837 2429 1904; x_wconf 90' lang='lat' dir='ltr'>potest.</span> 
     </span>
    </p>
   </div>
   <div class='ocr_carea' id='block_1_81' title="bbox 2293 1917 3836 1988">
    <p class='ocr_par' dir='ltr' id='par_1_81' title="bbox 2293 1917 3836 1988">
     <span class='ocr_line' id='line_1_84' title="bbox 2293 1917 3836 1988; baseline -0.001 -13"><span class='ocrx_word' id='word_1_612' title='bbox 2293 1922 2378 1976; x_wconf 89' lang='lat'>60.</span> <span class='ocrx_word' id='word_1_613' title='bbox 2408 1919 2516 1975; x_wconf 93' lang='lat' dir='ltr'>Sed</span> <span class='ocrx_word' id='word_1_614' title='bbox 2557 1918 2627 1973; x_wconf 88' lang='lat' dir='ltr'>ad</span> <span class='ocrx_word' id='word_1_615' title='bbox 2673 1917 3174 1988; x_wconf 89' lang='lat' dir='ltr'>contemplandam</span> <span class='ocrx_word' id='word_1_616' title='bbox 3220 1919 3477 1974; x_wconf 87' lang='lat' dir='ltr'>veritatis</span> <span class='ocrx_word' id='word_1_617' title='bbox 3518 1921 3836 1987; x_wconf 65' lang='lat' dir='ltr'>aeternitatem,</span> 
     </span>
    </p>
   </div>
   <div class='ocr_carea' id='block_1_82' title="bbox 2223 2005 3837 2078">
    <p class='ocr_par' dir='ltr' id='par_1_82' title="bbox 2223 2005 3837 2078">
     <span class='ocr_line' id='line_1_85' title="bbox 2223 2005 3837 2078; baseline -0.002 -14"><span class='ocrx_word' id='word_1_618' title='bbox 2223 2014 2288 2064; x_wconf 89' lang='lat' dir='ltr'>ut</span> <span class='ocrx_word' id='word_1_619' title='bbox 2334 2025 2401 2062; x_wconf 89' lang='lat' dir='ltr'>ea</span> <span class='ocrx_word' id='word_1_620' title='bbox 2437 2005 2656 2078; x_wconf 86' lang='lat' dir='ltr'>perfrui</span> <span class='ocrx_word' id='word_1_621' title='bbox 2698 2005 2866 2076; x_wconf 88' lang='lat' dir='ltr'>eique</span> <span class='ocrx_word' id='word_1_622' title='bbox 2909 2005 3192 2061; x_wconf 76' lang='lat' dir='ltr'>inhaerere</span> <span class='ocrx_word' id='word_1_623' title='bbox 3245 2007 3558 2077; x_wconf 86' lang='lat' dir='ltr'>valeamus,</span> <span class='ocrx_word' id='word_1_624' title='bbox 3595 2009 3837 2063; x_wconf 78' lang='lat' dir='ltr'>inﬁrmitati</span> 
     </span>
    </p>
   </div>
   <div class='ocr_carea' id='block_1_83' title="bbox 2222 2094 3835 2169">
    <p class='ocr_par' dir='ltr' id='par_1_83' title="bbox 2222 2094 3835 2169">
     <span class='ocr_line' id='line_1_86' title="bbox 2222 2094 3835 2169; baseline -0.002 -17"><span class='ocrx_word' id='word_1_625' title='bbox 2222 2101 2431 2152; x_wconf 68' lang='lat' dir='ltr'>nostra:</span> <span class='ocrx_word' id='word_1_626' title='bbox 2459 2095 2550 2150; x_wconf 90' lang='lat' dir='ltr'>via</span> <span class='ocrx_word' id='word_1_627' title='bbox 2571 2095 2638 2150; x_wconf 92' lang='lat' dir='ltr'>de</span> <span class='ocrx_word' id='word_1_628' title='bbox 2668 2094 3080 2159; x_wconf 88' lang='lat' dir='ltr'>temporalibus</span> <span class='ocrx_word' id='word_1_629' title='bbox 3103 2103 3409 2166; x_wconf 77' lang='lat' dir='ltr'>procurata</span> <span class='ocrx_word' id='word_1_630' title='bbox 3429 2101 3532 2163; x_wconf 90' lang='lat' dir='ltr'>est,</span> <span class='ocrx_word' id='word_1_631' title='bbox 3552 2103 3613 2151; x_wconf 90' lang='lat' dir='ltr'>ut</span> <span class='ocrx_word' id='word_1_632' title='bbox 3631 2103 3835 2169; x_wconf 78' lang='lat' dir='ltr'>quantum</span> 
     </span>
    </p>
   </div>
   <div class='ocr_carea' id='block_1_84' title="bbox 2222 2183 3835 2256">
    <p class='ocr_par' dir='ltr' id='par_1_84' title="bbox 2222 2183 3835 2256">
     <span class='ocr_line' id='line_1_87' title="bbox 2222 2183 3835 2256; baseline -0.002 -17"><span class='ocrx_word' id='word_1_633' title='bbox 2222 2185 2418 2240; x_wconf 91' lang='lat' dir='ltr'>itineri</span> <span class='ocrx_word' id='word_1_634' title='bbox 2448 2183 2746 2252; x_wconf 80' lang='lat' dir='ltr'>sufﬁcitad</span> <span class='ocrx_word' id='word_1_635' title='bbox 2776 2187 2988 2236; x_wconf 64' lang='lat' dir='ltr'>aeterna</span> <span class='ocrx_word' id='word_1_636' title='bbox 3018 2183 3402 2254; x_wconf 90' lang='lat' dir='ltr'>tendentium,</span> <span class='ocrx_word' id='word_1_637' title='bbox 3433 2187 3702 2256; x_wconf 62' lang='lat' dir='ltr'>prasterita</span> <span class='ocrx_word' id='word_1_638' title='bbox 3722 2191 3765 2239; x_wconf 88' lang='lat' dir='ltr'>et</span> <span class='ocrx_word' id='word_1_639' title='bbox 3781 2185 3835 2237; x_wconf 88' lang='lat' dir='ltr'>fu-</span> 
     </span>
    </p>
   </div>
   <div class='ocr_carea' id='block_1_85' title="bbox 2223 2271 3834 2343">
    <p class='ocr_par' dir='ltr' id='par_1_85' title="bbox 2223 2271 3834 2343">
     <span class='ocr_line' id='line_1_88' title="bbox 2223 2271 3834 2343; baseline -0.001 -16"><span class='ocrx_word' id='word_1_640' title='bbox 2223 2277 2353 2328; x_wconf 89' lang='lat' dir='ltr'>tura</span> <span class='ocrx_word' id='word_1_641' title='bbox 2380 2274 2693 2327; x_wconf 89' lang='lat' dir='ltr'>credamus.</span> <span class='ocrx_word' id='word_1_642' title='bbox 2755 2271 2892 2336; x_wconf 59' lang='lat' dir='ltr'>Quae</span> <span class='ocrx_word' id='word_1_643' title='bbox 2942 2271 3078 2326; x_wconf 89' lang='lat' dir='ltr'>ﬁdei</span> <span class='ocrx_word' id='word_1_644' title='bbox 3123 2271 3448 2343; x_wconf 88' lang='lat' dir='ltr'>disciplina,</span> <span class='ocrx_word' id='word_1_645' title='bbox 3479 2280 3540 2330; x_wconf 89' lang='lat' dir='ltr'>ut</span> <span class='ocrx_word' id='word_1_646' title='bbox 3581 2274 3834 2328; x_wconf 72' lang='lat' dir='ltr'>auctoritate</span> 
     </span>
    </p>
   </div>
   <div class='ocr_carea' id='block_1_86' title="bbox 2226 2359 3834 2433">
    <p class='ocr_par' dir='ltr' id='par_1_86' title="bbox 2226 2359 3834 2433">
     <span class='ocr_line' id='line_1_89' title="bbox 2226 2359 3834 2433; baseline -0.001 -18"><span class='ocrx_word' id='word_1_647' title='bbox 2226 2361 2576 2433; x_wconf 73' lang='lat' dir='ltr'>prmpolleat,</span> <span class='ocrx_word' id='word_1_648' title='bbox 2608 2359 2800 2415; x_wconf 90' lang='lat' dir='ltr'>divina</span> <span class='ocrx_word' id='word_1_649' title='bbox 2829 2359 3223 2414; x_wconf 87' lang='lat' dir='ltr'>misericordia</span> <span class='ocrx_word' id='word_1_650' title='bbox 3261 2363 3627 2432; x_wconf 86' lang='lat' dir='ltr'>gubernatur.</span> <span class='ocrx_word' id='word_1_651' title='bbox 3651 2364 3834 2418; x_wconf 64' lang='lat' dir='ltr'>Presco-</span> 
     </span>
    </p>
   </div>
   <div class='ocr_carea' id='block_1_87' title="bbox 2223 2447 3833 2520">
    <p class='ocr_par' dir='ltr' id='par_1_87' title="bbox 2223 2447 3833 2520">
     <span class='ocr_line' id='line_1_90' title="bbox 2223 2447 3833 2520; baseline -0.003 -15"><span class='ocrx_word' id='word_1_652' title='bbox 2223 2452 2306 2505; x_wconf 90' lang='lat' dir='ltr'>tia</span> <span class='ocrx_word' id='word_1_653' title='bbox 2329 2467 2484 2517; x_wconf 90' lang='lat' dir='ltr'>vero,</span> <span class='ocrx_word' id='word_1_654' title='bbox 2517 2453 2794 2520; x_wconf 84' lang='lat' dir='ltr'>quantum</span> <span class='ocrx_word' id='word_1_655' title='bbox 2818 2447 2890 2503; x_wconf 91' lang='lat' dir='ltr'>ad</span> <span class='ocrx_word' id='word_1_656' title='bbox 2921 2453 3242 2503; x_wconf 90' lang='lat' dir='ltr'>creaturam</span> <span class='ocrx_word' id='word_1_657' title='bbox 3281 2451 3549 2520; x_wconf 88' lang='lat' dir='ltr'>pertinet,</span> <span class='ocrx_word' id='word_1_658' title='bbox 3581 2452 3634 2504; x_wconf 94' lang='lat' dir='ltr'>in</span> <span class='ocrx_word' id='word_1_659' title='bbox 3653 2450 3833 2520; x_wconf 74' lang='lat' dir='ltr'>corporis</span> 
     </span>
    </p>
   </div>
   <div class='ocr_carea' id='block_1_88' title="bbox 2225 2537 3828 2610">
    <p class='ocr_par' dir='ltr' id='par_1_88' title="bbox 2225 2537 3828 2610">
     <span class='ocr_line' id='line_1_91' title="bbox 2225 2537 3828 2610; baseline -0.004 -16"><span class='ocrx_word' id='word_1_660' title='bbox 2225 2544 2282 2594; x_wconf 93' lang='lat' dir='ltr'>et</span> <span class='ocrx_word' id='word_1_661' title='bbox 2307 2539 2484 2604; x_wconf 87' lang='lat' dir='ltr'>animi</span> <span class='ocrx_word' id='word_1_662' title='bbox 2507 2537 2826 2592; x_wconf 89' lang='lat' dir='ltr'>mobilitate</span> <span class='ocrx_word' id='word_1_663' title='bbox 2855 2543 2913 2591; x_wconf 92' lang='lat' dir='ltr'>et</span> <span class='ocrx_word' id='word_1_664' title='bbox 2941 2537 3342 2605; x_wconf 90' lang='lat' dir='ltr'>mutabilitate,</span> <span class='ocrx_word' id='word_1_665' title='bbox 3365 2539 3529 2610; x_wconf 89' lang='lat' dir='ltr'>quasi</span> <span class='ocrx_word' id='word_1_666' title='bbox 3554 2538 3828 2593; x_wconf 80' lang='lat' dir='ltr'>trauseuutia</span> 
     </span>
    </p>
   </div>
   <div class='ocr_carea' id='block_1_89' title="bbox 2225 2625 3832 2699">
    <p class='ocr_par' dir='ltr' id='par_1_89' title="bbox 2225 2625 3832 2699">
     <span class='ocr_line' id='line_1_92' title="bbox 2225 2625 3832 2699; baseline -0.001 -18"><span class='ocrx_word' id='word_1_667' title='bbox 2225 2627 2571 2683; x_wconf 89' lang='lat' dir='ltr'>sentiuntur.</span> <span class='ocrx_word' id='word_1_668' title='bbox 2595 2628 2659 2680; x_wconf 90' lang='lat' dir='ltr'>In</span> <span class='ocrx_word' id='word_1_669' title='bbox 2685 2625 2894 2697; x_wconf 90' lang='lat' dir='ltr'>quibus</span> <span class='ocrx_word' id='word_1_670' title='bbox 2917 2625 3201 2698; x_wconf 90' lang='lat' dir='ltr'>quidquid</span> <span class='ocrx_word' id='word_1_671' title='bbox 3221 2643 3339 2681; x_wconf 90' lang='lat' dir='ltr'>non</span> <span class='ocrx_word' id='word_1_672' title='bbox 3362 2629 3690 2699; x_wconf 81' lang='lat' dir='ltr'>experimur,</span> <span class='ocrx_word' id='word_1_673' title='bbox 3706 2626 3832 2696; x_wconf 79' lang='lat' dir='ltr'>cogni-</span> 
     </span>
    </p>
   </div>
   <div class='ocr_carea' id='block_1_90' title="bbox 2226 2715 3832 2787">
    <p class='ocr_par' dir='ltr' id='par_1_90' title="bbox 2226 2715 3832 2787">
     <span class='ocr_line' id='line_1_93' title="bbox 2226 2715 3832 2787; baseline -0.004 -16"><span class='ocrx_word' id='word_1_674' title='bbox 2226 2717 2380 2771; x_wconf 91' lang='lat' dir='ltr'>tione</span> <span class='ocrx_word' id='word_1_675' title='bbox 2399 2715 2804 2787; x_wconf 89' lang='lat' dir='ltr'>qualicumque</span> <span class='ocrx_word' id='word_1_676' title='bbox 2833 2719 3028 2769; x_wconf 89' lang='lat' dir='ltr'>tenere</span> <span class='ocrx_word' id='word_1_677' title='bbox 3049 2731 3166 2768; x_wconf 91' lang='lat' dir='ltr'>non</span> <span class='ocrx_word' id='word_1_678' title='bbox 3192 2732 3514 2786; x_wconf 89' lang='lat' dir='ltr'>possumus.</span> <span class='ocrx_word' id='word_1_679' title='bbox 3539 2718 3832 2784; x_wconf 64' lang='lat' dir='ltr'>Quaecumque</span> 
     </span>
    </p>
   </div>
   <div class='ocr_carea' id='block_1_91' title="bbox 2226 2801 3833 2877">
    <p class='ocr_par' dir='ltr' id='par_1_91' title="bbox 2226 2801 3833 2877">
     <span class='ocr_line' id='line_1_94' title="bbox 2226 2801 3833 2877; baseline -0.002 -20"><span class='ocrx_word' id='word_1_680' title='bbox 2226 2818 2361 2873; x_wconf 89' lang='lat' dir='ltr'>ergo</span> <span class='ocrx_word' id='word_1_681' title='bbox 2391 2802 2556 2857; x_wconf 87' lang='lat' dir='ltr'>nobis</span> <span class='ocrx_word' id='word_1_682' title='bbox 2604 2803 2674 2856; x_wconf 93' lang='lat' dir='ltr'>de</span> <span class='ocrx_word' id='word_1_683' title='bbox 2721 2801 3178 2874; x_wconf 89' lang='lat' dir='ltr'>quibuscumque</span> <span class='ocrx_word' id='word_1_684' title='bbox 3207 2805 3484 2860; x_wconf 88' lang='lat' dir='ltr'>creaturis</span> <span class='ocrx_word' id='word_1_685' title='bbox 3512 2807 3590 2860; x_wconf 92' lang='lat' dir='ltr'>vel</span> <span class='ocrx_word' id='word_1_686' title='bbox 3627 2804 3833 2877; x_wconf 60' lang='lat' dir='ltr'>praeterita</span> 
     </span>
    </p>
   </div>
   <div class='ocr_carea' id='block_1_92' title="bbox 2225 2889 3829 2953">
    <p class='ocr_par' dir='ltr' id='par_1_92' title="bbox 2225 2889 3829 2953">
     <span class='ocr_line' id='line_1_95' title="bbox 2225 2889 3829 2953; baseline -0.002 -8"><span class='ocrx_word' id='word_1_687' title='bbox 2225 2892 2313 2945; x_wconf 91' lang='lat' dir='ltr'>vel</span> <span class='ocrx_word' id='word_1_688' title='bbox 2357 2890 2551 2946; x_wconf 89' lang='lat' dir='ltr'>futura</span> <span class='ocrx_word' id='word_1_689' title='bbox 2605 2889 2798 2946; x_wconf 88' lang='lat' dir='ltr'>divina</span> <span class='ocrx_word' id='word_1_690' title='bbox 2870 2891 3205 2946; x_wconf 88' lang='lat' dir='ltr'>auctoritate</span> <span class='ocrx_word' id='word_1_691' title='bbox 3257 2893 3539 2949; x_wconf 90' lang='lat' dir='ltr'>credenda</span> <span class='ocrx_word' id='word_1_692' title='bbox 3592 2898 3829 2953; x_wconf 82' lang='lat' dir='ltr'>narrantur,</span> 
     </span>
    </p>
   </div>
   <div class='ocr_carea' id='block_1_93' title="bbox 2227 2978 3827 3054">
    <p class='ocr_par' dir='ltr' id='par_1_93' title="bbox 2227 2978 3827 3054">
     <span class='ocr_line' id='line_1_96' title="bbox 2227 2978 3827 3054; baseline -0.001 -22"><span class='ocrx_word' id='word_1_693' title='bbox 2227 2978 2485 3050; x_wconf 89' lang='lat' dir='ltr'>quamvis</span> <span class='ocrx_word' id='word_1_694' title='bbox 2526 2979 2735 3049; x_wconf 87' lang='lat' dir='ltr'>partim</span> <span class='ocrx_word' id='word_1_695' title='bbox 2794 2978 3137 3050; x_wconf 89' lang='lat' dir='ltr'>priusquam</span> <span class='ocrx_word' id='word_1_696' title='bbox 3181 2996 3248 3034; x_wconf 88' lang='lat' dir='ltr'>ea</span> <span class='ocrx_word' id='word_1_697' title='bbox 3293 2983 3508 3038; x_wconf 90' lang='lat' dir='ltr'>sentire</span> <span class='ocrx_word' id='word_1_698' title='bbox 3560 2982 3827 3054; x_wconf 87' lang='lat' dir='ltr'>potuerimus</span> 
     </span>
    </p>
   </div>
   <div class='ocr_carea' id='block_1_94' title="bbox 2226 3066 3828 3140">
    <p class='ocr_par' dir='ltr' id='par_1_94' title="bbox 2226 3066 3828 3140">
     <span class='ocr_line' id='line_1_97' title="bbox 2226 3066 3828 3140; baseline 0.001 -20"><span class='ocrx_word' id='word_1_699' title='bbox 2226 3066 2627 3138; x_wconf 58' lang='lat' dir='ltr'>praeterierint,</span> <span class='ocrx_word' id='word_1_700' title='bbox 2659 3066 2867 3137; x_wconf 91' lang='lat' dir='ltr'>partim</span> <span class='ocrx_word' id='word_1_701' title='bbox 2890 3067 3145 3122; x_wconf 92' lang='lat' dir='ltr'>nondum</span> <span class='ocrx_word' id='word_1_702' title='bbox 3169 3067 3230 3123; x_wconf 91' lang='lat' dir='ltr'>in</span> <span class='ocrx_word' id='word_1_703' title='bbox 3255 3075 3481 3126; x_wconf 83' lang='lat' dir='ltr'>nostros</span> <span class='ocrx_word' id='word_1_704' title='bbox 3508 3087 3681 3126; x_wconf 85' lang='lat' dir='ltr'>sensus</span> <span class='ocrx_word' id='word_1_705' title='bbox 3698 3082 3828 3140; x_wconf 73' lang='lat' dir='ltr'>perre-</span> 
     </span>
    </p>
   </div>
   <div class='ocr_carea' id='block_1_95' title="bbox 2229 3153 3827 3226">
    <p class='ocr_par' dir='ltr' id='par_1_95' title="bbox 2229 3153 3827 3226">
     <span class='ocr_line' id='line_1_98' title="bbox 2229 3153 3827 3226; baseline 0 -19"><span class='ocrx_word' id='word_1_706' title='bbox 2229 3153 2456 3221; x_wconf 89' lang='lat' dir='ltr'>nerint;</span> <span class='ocrx_word' id='word_1_707' title='bbox 2486 3159 2681 3208; x_wconf 88' lang='lat' dir='ltr'>tamen</span> <span class='ocrx_word' id='word_1_708' title='bbox 2716 3154 2851 3226; x_wconf 86' lang='lat' dir='ltr'>quia</span> <span class='ocrx_word' id='word_1_709' title='bbox 2874 3155 3191 3226; x_wconf 89' lang='lat' dir='ltr'>plurimum</span> <span class='ocrx_word' id='word_1_710' title='bbox 3220 3159 3412 3212; x_wconf 90' lang='lat' dir='ltr'>valent</span> <span class='ocrx_word' id='word_1_711' title='bbox 3440 3160 3509 3214; x_wconf 91' lang='lat' dir='ltr'>ad</span> <span class='ocrx_word' id='word_1_712' title='bbox 3539 3156 3827 3214; x_wconf 72' lang='lat' dir='ltr'>roborandam</span> 
     </span>
    </p>
   </div>
   <div class='ocr_carea' id='block_1_96' title="bbox 2227 3244 3824 3314">
    <p class='ocr_par' dir='ltr' id='par_1_96' title="bbox 2227 3244 3824 3314">
     <span class='ocr_line' id='line_1_99' title="bbox 2227 3244 3824 3314; baseline -0.001 -18"><span class='ocrx_word' id='word_1_713' title='bbox 2227 3258 2387 3314; x_wconf 91' lang='lat' dir='ltr'>spem</span> <span class='ocrx_word' id='word_1_714' title='bbox 2416 3247 2690 3307; x_wconf 90' lang='lat' dir='ltr'>nostram,</span> <span class='ocrx_word' id='word_1_715' title='bbox 2717 3247 2773 3297; x_wconf 91' lang='lat' dir='ltr'>et</span> <span class='ocrx_word' id='word_1_716' title='bbox 2801 3244 3217 3298; x_wconf 81' lang='lat' dir='ltr'>exhortandam</span> <span class='ocrx_word' id='word_1_717' title='bbox 3232 3245 3613 3313; x_wconf 84' lang='lat' dir='ltr'>dilectionem,</span> <span class='ocrx_word' id='word_1_718' title='bbox 3639 3247 3745 3301; x_wconf 90' lang='lat' dir='ltr'>dum</span> <span class='ocrx_word' id='word_1_719' title='bbox 3766 3259 3824 3295; x_wconf 68' lang='lat' dir='ltr'>ne</span> 
     </span>
    </p>
   </div>
   <div class='ocr_carea' id='block_1_97' title="bbox 2226 3332 3821 3403">
    <p class='ocr_par' dir='ltr' id='par_1_97' title="bbox 2226 3332 3821 3403">
     <span class='ocr_line' id='line_1_100' title="bbox 2226 3332 3821 3403; baseline 0.001 -17"><span class='ocrx_word' id='word_1_720' title='bbox 2226 3332 2314 3386; x_wconf 91' lang='lat' dir='ltr'>bis</span> <span class='ocrx_word' id='word_1_721' title='bbox 2347 3332 2751 3386; x_wconf 88' lang='lat' dir='ltr'>commendant</span> <span class='ocrx_word' id='word_1_722' title='bbox 2792 3349 2897 3403; x_wconf 90' lang='lat' dir='ltr'>per</span> <span class='ocrx_word' id='word_1_723' title='bbox 2923 3333 3408 3390; x_wconf 90' lang='lat' dir='ltr'>ordinatissimam</span> <span class='ocrx_word' id='word_1_724' title='bbox 3455 3337 3642 3392; x_wconf 88' lang='lat' dir='ltr'>seriem</span> <span class='ocrx_word' id='word_1_725' title='bbox 3674 3341 3821 3401; x_wconf 82' lang='lat' dir='ltr'>tempo-</span> 
     </span>
    </p>
   </div>
   <div class='ocr_carea' id='block_1_98' title="bbox 2226 3421 3822 3492">
    <p class='ocr_par' dir='ltr' id='par_1_98' title="bbox 2226 3421 3822 3492">
     <span class='ocr_line' id='line_1_101' title="bbox 2226 3421 3822 3492; baseline -0.001 -18"><span class='ocrx_word' id='word_1_726' title='bbox 2226 3436 2357 3474; x_wconf 92' lang='lat' dir='ltr'>rum</span> <span class='ocrx_word' id='word_1_727' title='bbox 2387 3436 2560 3491; x_wconf 91' lang='lat' dir='ltr'>quam</span> <span class='ocrx_word' id='word_1_728' title='bbox 2591 3436 2707 3474; x_wconf 91' lang='lat' dir='ltr'>non</span> <span class='ocrx_word' id='word_1_729' title='bbox 2741 3421 2998 3492; x_wconf 90' lang='lat' dir='ltr'>negligat</span> <span class='ocrx_word' id='word_1_730' title='bbox 3025 3422 3431 3479; x_wconf 88' lang='lat' dir='ltr'>liberationem</span> <span class='ocrx_word' id='word_1_731' title='bbox 3471 3431 3695 3480; x_wconf 83' lang='lat' dir='ltr'>nostram</span> <span class='ocrx_word' id='word_1_732' title='bbox 3715 3423 3822 3483; x_wconf 74' lang='lat' dir='ltr'>Deus,</span> 
     </span>
    </p>
   </div>
   <div class='ocr_carea' id='block_1_99' title="bbox 2227 3508 3822 3586">
    <p class='ocr_par' dir='ltr' id='par_1_99' title="bbox 2227 3508 3822 3586">
     <span class='ocr_line' id='line_1_102' title="bbox 2227 3508 3822 3586; baseline 0.002 -24"><span class='ocrx_word' id='word_1_733' title='bbox 2227 3508 2348 3562; x_wconf 84' lang='lat' dir='ltr'>sine</span> <span class='ocrx_word' id='word_1_734' title='bbox 2378 3509 2495 3564; x_wconf 87' lang='lat' dir='ltr'>ulla</span> <span class='ocrx_word' id='word_1_735' title='bbox 2524 3508 2877 3564; x_wconf 89' lang='lat' dir='ltr'>dubitatione</span> <span class='ocrx_word' id='word_1_736' title='bbox 2906 3511 3188 3566; x_wconf 89' lang='lat' dir='ltr'>credenda</span> <span class='ocrx_word' id='word_1_737' title='bbox 3216 3517 3365 3568; x_wconf 89' lang='lat' dir='ltr'>sunt.</span> <span class='ocrx_word' id='word_1_738' title='bbox 3396 3514 3508 3570; x_wconf 89' lang='lat' dir='ltr'>Sed</span> <span class='ocrx_word' id='word_1_739' title='bbox 3536 3511 3747 3586; x_wconf 82' lang='lat' dir='ltr'>quistu</span> <span class='ocrx_word' id='word_1_740' title='bbox 3767 3524 3822 3560; x_wconf 44' lang='lat' dir='ltr'>er.</span> 
     </span>
    </p>
   </div>
   <div class='ocr_carea' id='block_1_100' title="bbox 2227 3597 3822 3668">
    <p class='ocr_par' dir='ltr' id='par_1_100' title="bbox 2227 3597 3822 3668">
     <span class='ocr_line' id='line_1_103' title="bbox 2227 3597 3822 3668; baseline 0.003 -17"><span class='ocrx_word' id='word_1_741' title='bbox 2227 3613 2324 3651; x_wconf 93' lang='lat' dir='ltr'>ror</span> <span class='ocrx_word' id='word_1_742' title='bbox 2378 3612 2682 3668; x_wconf 89' lang='lat' dir='ltr'>personam</span> <span class='ocrx_word' id='word_1_743' title='bbox 2730 3597 2837 3653; x_wconf 92' lang='lat' dir='ltr'>sibi</span> <span class='ocrx_word' id='word_1_744' title='bbox 2881 3598 3086 3654; x_wconf 67' lang='lat' dir='ltr'>divinae</span> <span class='ocrx_word' id='word_1_745' title='bbox 3137 3601 3493 3658; x_wconf 90' lang='lat' dir='ltr'>auctoritatis</span> <span class='ocrx_word' id='word_1_746' title='bbox 3547 3600 3752 3663; x_wconf 80' lang='lat' dir='ltr'>assumit,</span> <span class='ocrx_word' id='word_1_747' title='bbox 3785 3612 3822 3648; x_wconf 70' lang='lat' dir='ltr'>ea</span> 
     </span>
    </p>
   </div>
   <div class='ocr_carea' id='block_1_101' title="bbox 2229 3683 3823 3762">
    <p class='ocr_par' dir='ltr' id='par_1_101' title="bbox 2229 3683 3823 3762">
     <span class='ocr_line' id='line_1_104' title="bbox 2229 3683 3823 3762; baseline -0.001 -22"><span class='ocrx_word' id='word_1_748' title='bbox 2229 3685 2475 3740; x_wconf 84' lang='lat' dir='ltr'>maxime</span> <span class='ocrx_word' id='word_1_749' title='bbox 2493 3685 2716 3740; x_wconf 89' lang='lat' dir='ltr'>ratione</span> <span class='ocrx_word' id='word_1_750' title='bbox 2745 3686 3044 3754; x_wconf 88' lang='lat' dir='ltr'>refellitur,</span> <span class='ocrx_word' id='word_1_751' title='bbox 3076 3687 3123 3742; x_wconf 90' lang='lat' dir='ltr'>si</span> <span class='ocrx_word' id='word_1_752' title='bbox 3154 3694 3252 3745; x_wconf 89' lang='lat' dir='ltr'>aut</span> <span class='ocrx_word' id='word_1_753' title='bbox 3277 3690 3534 3762; x_wconf 86' lang='lat' dir='ltr'>aliquam</span> <span class='ocrx_word' id='word_1_754' title='bbox 3562 3691 3635 3744; x_wconf 84' lang='lat' dir='ltr'>vel</span> <span class='ocrx_word' id='word_1_755' title='bbox 3660 3683 3823 3743; x_wconf 78' lang='lat' dir='ltr'>mutabi-</span> 
     </span>
    </p>
   </div>
   <div class='ocr_carea' id='block_1_102' title="bbox 2227 3773 3821 3850">
    <p class='ocr_par' dir='ltr' id='par_1_102' title="bbox 2227 3773 3821 3850">
     <span class='ocr_line' id='line_1_105' title="bbox 2227 3773 3821 3850; baseline 0 -22"><span class='ocrx_word' id='word_1_756' title='bbox 2227 3775 2344 3829; x_wconf 93' lang='lat' dir='ltr'>lem</span> <span class='ocrx_word' id='word_1_757' title='bbox 2367 3773 2615 3846; x_wconf 88' lang='lat' dir='ltr'>speciem</span> <span class='ocrx_word' id='word_1_758' title='bbox 2639 3779 2848 3845; x_wconf 68' lang='lat' dir='ltr'>praater</span> <span class='ocrx_word' id='word_1_759' title='bbox 2875 3781 3194 3832; x_wconf 88' lang='lat' dir='ltr'>creaturam</span> <span class='ocrx_word' id='word_1_760' title='bbox 3221 3779 3343 3849; x_wconf 89' lang='lat' dir='ltr'>Dei,</span> <span class='ocrx_word' id='word_1_761' title='bbox 3381 3785 3486 3835; x_wconf 88' lang='lat' dir='ltr'>aut</span> <span class='ocrx_word' id='word_1_762' title='bbox 3512 3779 3721 3850; x_wconf 86' lang='lat' dir='ltr'>aliquam</span> <span class='ocrx_word' id='word_1_763' title='bbox 3741 3788 3821 3828; x_wconf 86' lang='lat' dir='ltr'>mu-</span> 
     </span>
    </p>
   </div>
   <div class='ocr_carea' id='block_1_103' title="bbox 2229 3861 3821 3934">
    <p class='ocr_par' dir='ltr' id='par_1_103' title="bbox 2229 3861 3821 3934">
     <span class='ocr_line' id='line_1_106' title="bbox 2229 3861 3821 3934; baseline -0.001 -17"><span class='ocrx_word' id='word_1_764' title='bbox 2229 3863 2464 3918; x_wconf 88' lang='lat' dir='ltr'>tabilem</span> <span class='ocrx_word' id='word_1_765' title='bbox 2494 3863 2742 3934; x_wconf 83' lang='lat' dir='ltr'>Speciem</span> <span class='ocrx_word' id='word_1_766' title='bbox 2769 3863 2831 3918; x_wconf 92' lang='lat' dir='ltr'>in</span> <span class='ocrx_word' id='word_1_767' title='bbox 2877 3864 3196 3921; x_wconf 89' lang='lat' dir='ltr'>substantia</span> <span class='ocrx_word' id='word_1_768' title='bbox 3241 3868 3341 3923; x_wconf 90' lang='lat' dir='ltr'>Dei</span> <span class='ocrx_word' id='word_1_769' title='bbox 3383 3869 3605 3924; x_wconf 88' lang='lat' dir='ltr'>credere</span> <span class='ocrx_word' id='word_1_770' title='bbox 3629 3872 3710 3921; x_wconf 89' lang='lat' dir='ltr'>aut</span> <span class='ocrx_word' id='word_1_771' title='bbox 3728 3861 3821 3916; x_wconf 79' lang='lat' dir='ltr'>affir-</span> 
     </span>
    </p>
   </div>
   <div class='ocr_carea' id='block_1_104' title="bbox 2229 3950 3821 4024">
    <p class='ocr_par' dir='ltr' id='par_1_104' title="bbox 2229 3950 3821 4024">
     <span class='ocr_line' id='line_1_107' title="bbox 2229 3950 3821 4024; baseline 0.002 -20"><span class='ocrx_word' id='word_1_772' title='bbox 2229 3967 2384 4005; x_wconf 89' lang='lat' dir='ltr'>mare</span> <span class='ocrx_word' id='word_1_773' title='bbox 2413 3950 2786 4019; x_wconf 89' lang='lat' dir='ltr'>convincitur,</span> <span class='ocrx_word' id='word_1_774' title='bbox 2832 3969 3074 4024; x_wconf 89' lang='lat' dir='ltr'>eamque</span> <span class='ocrx_word' id='word_1_775' title='bbox 3103 3955 3484 4012; x_wconf 87' lang='lat' dir='ltr'>substantiam</span> <span class='ocrx_word' id='word_1_776' title='bbox 3512 3956 3604 4011; x_wconf 90' lang='lat' dir='ltr'>Dei</span> <span class='ocrx_word' id='word_1_777' title='bbox 3645 3954 3713 4008; x_wconf 85' lang='lat' dir='ltr'>vel</span> <span class='ocrx_word' id='word_1_778' title='bbox 3743 3950 3821 4020; x_wconf 67' lang='lat' dir='ltr'>plus</span> 
     </span>
    </p>
   </div>
   <div class='ocr_carea' id='block_1_105' title="bbox 2229 4037 3818 4112">
    <p class='ocr_par' dir='ltr' id='par_1_105' title="bbox 2229 4037 3818 4112">
     <span class='ocr_line' id='line_1_108' title="bbox 2229 4037 3818 4112; baseline -0.003 -18"><span class='ocrx_word' id='word_1_779' title='bbox 2229 4041 2317 4094; x_wconf 88' lang='lat' dir='ltr'>vel</span> <span class='ocrx_word' id='word_1_780' title='bbox 2347 4039 2536 4094; x_wconf 90' lang='lat' dir='ltr'>minus</span> <span class='ocrx_word' id='word_1_781' title='bbox 2565 4056 2738 4112; x_wconf 90' lang='lat' dir='ltr'>quam</span> <span class='ocrx_word' id='word_1_782' title='bbox 2760 4041 3095 4096; x_wconf 89' lang='lat' dir='ltr'>Trinitatem</span> <span class='ocrx_word' id='word_1_783' title='bbox 3139 4059 3260 4098; x_wconf 88' lang='lat' dir='ltr'>esse</span> <span class='ocrx_word' id='word_1_784' title='bbox 3306 4045 3618 4100; x_wconf 89' lang='lat' dir='ltr'>contendit:</span> <span class='ocrx_word' id='word_1_785' title='bbox 3644 4041 3716 4097; x_wconf 89' lang='lat' dir='ltr'>cui</span> <span class='ocrx_word' id='word_1_786' title='bbox 3742 4037 3818 4093; x_wconf 85' lang='lat' dir='ltr'>Tri-</span> 
     </span>
    </p>
   </div>
   <div class='ocr_carea' id='block_1_106' title="bbox 2229 4126 3818 4201">
    <p class='ocr_par' dir='ltr' id='par_1_106' title="bbox 2229 4126 3818 4201">
     <span class='ocr_line' id='line_1_109' title="bbox 2229 4126 3818 4201; baseline 0.003 -19"><span class='ocrx_word' id='word_1_787' title='bbox 2229 4128 2395 4183; x_wconf 84' lang='lat' dir='ltr'>nitati</span> <span class='ocrx_word' id='word_1_788' title='bbox 2427 4129 2519 4200; x_wconf 90' lang='lat' dir='ltr'>pie</span> <span class='ocrx_word' id='word_1_789' title='bbox 2538 4129 2838 4201; x_wconf 89' lang='lat' dir='ltr'>sobrieque</span> <span class='ocrx_word' id='word_1_790' title='bbox 2868 4130 3254 4201; x_wconf 61' lang='lat' dir='ltr'>intelligendas</span> <span class='ocrx_word' id='word_1_791' title='bbox 3283 4135 3471 4189; x_wconf 88' lang='lat' dir='ltr'>omnis</span> <span class='ocrx_word' id='word_1_792' title='bbox 3499 4133 3703 4190; x_wconf 82' lang='lat' dir='ltr'>excubat</span> <span class='ocrx_word' id='word_1_793' title='bbox 3732 4126 3818 4195; x_wconf 75' lang='lat' dir='ltr'>vigi-</span> 
     </span>
    </p>
   </div>
   <div class='ocr_carea' id='block_1_107' title="bbox 2229 4216 3815 4292">
    <p class='ocr_par' dir='ltr' id='par_1_107' title="bbox 2229 4216 3815 4292">
     <span class='ocr_line' id='line_1_110' title="bbox 2229 4216 3815 4292; baseline -0.001 -20"><span class='ocrx_word' id='word_1_794' title='bbox 2229 4216 2408 4272; x_wconf 89' lang='lat' dir='ltr'>lantia</span> <span class='ocrx_word' id='word_1_795' title='bbox 2434 4217 2763 4286; x_wconf 88' lang='lat' dir='ltr'>christiana,</span> <span class='ocrx_word' id='word_1_796' title='bbox 2795 4222 2852 4272; x_wconf 91' lang='lat' dir='ltr'>et</span> <span class='ocrx_word' id='word_1_797' title='bbox 2876 4219 3062 4274; x_wconf 89' lang='lat' dir='ltr'>omnis</span> <span class='ocrx_word' id='word_1_798' title='bbox 3107 4221 3228 4290; x_wconf 88' lang='lat' dir='ltr'>ejus</span> <span class='ocrx_word' id='word_1_799' title='bbox 3257 4227 3551 4292; x_wconf 86' lang='lat' dir='ltr'>provectus</span> <span class='ocrx_word' id='word_1_800' title='bbox 3573 4216 3815 4276; x_wconf 60' lang='lat' dir='ltr'>intenditur.</span> 
     </span>
    </p>
   </div>
   <div class='ocr_carea' id='block_1_108' title="bbox 2233 4302 3820 4381">
    <p class='ocr_par' dir='ltr' id='par_1_108' title="bbox 2233 4302 3820 4381">
     <span class='ocr_line' id='line_1_111' title="bbox 2233 4302 3820 4381; baseline -0.001 -21"><span class='ocrx_word' id='word_1_801' title='bbox 2233 4307 2313 4360; x_wconf 93' lang='lat' dir='ltr'>De</span> <span class='ocrx_word' id='word_1_802' title='bbox 2341 4307 2502 4378; x_wconf 90' lang='lat' dir='ltr'>cujus</span> <span class='ocrx_word' id='word_1_803' title='bbox 2525 4306 2815 4362; x_wconf 89' lang='lat' dir='ltr'>Trinitatis</span> <span class='ocrx_word' id='word_1_804' title='bbox 2856 4307 3074 4363; x_wconf 85' lang='lat' dir='ltr'>unitate</span> <span class='ocrx_word' id='word_1_805' title='bbox 3113 4315 3170 4364; x_wconf 91' lang='lat' dir='ltr'>et</span> <span class='ocrx_word' id='word_1_806' title='bbox 3207 4312 3550 4381; x_wconf 80' lang='lat' dir='ltr'>aequalitate,</span> <span class='ocrx_word' id='word_1_807' title='bbox 3573 4314 3623 4364; x_wconf 87' lang='lat' dir='ltr'>et</span> <span class='ocrx_word' id='word_1_808' title='bbox 3653 4302 3820 4374; x_wconf 50' lang='lat' dir='ltr'>singula</span> 
     </span>
    </p>
   </div>
   <div class='ocr_carea' id='block_1_109' title="bbox 2230 4383 3815 4470">
    <p class='ocr_par' dir='ltr' id='par_1_109' title="bbox 2230 4383 3815 4470">
     <span class='ocr_line' id='line_1_112' title="bbox 2230 4383 3815 4470; baseline -0.008 -20"><span class='ocrx_word' id='word_1_809' title='bbox 2230 4411 2360 4450; x_wconf 90' lang='lat' dir='ltr'>rum</span> <span class='ocrx_word' id='word_1_810' title='bbox 2389 4395 2450 4450; x_wconf 93' lang='lat' dir='ltr'>in</span> <span class='ocrx_word' id='word_1_811' title='bbox 2479 4411 2546 4450; x_wconf 89' lang='lat' dir='ltr'>ea</span> <span class='ocrx_word' id='word_1_812' title='bbox 2574 4412 2953 4467; x_wconf 90' lang='lat' dir='ltr'>personarum</span> <span class='ocrx_word' id='word_1_813' title='bbox 2984 4398 3233 4469; x_wconf 88' lang='lat' dir='ltr'>quadam</span> <span class='ocrx_word' id='word_1_814' title='bbox 3277 4399 3629 4470; x_wconf 88' lang='lat' dir='ltr'>proprietate,</span> <span class='ocrx_word' id='word_1_815' title='bbox 3656 4404 3743 4446; x_wconf 89' lang='lat' dir='ltr'>non</span> <span class='ocrx_word' id='word_1_816' title='bbox 3762 4383 3815 4438; x_wconf 82' lang='lat' dir='ltr'>hic</span> 
     </span>
    </p>
   </div>
   <div class='ocr_carea' id='block_1_110' title="bbox 2231 4472 3819 4556">
    <p class='ocr_par' dir='ltr' id='par_1_110' title="bbox 2231 4472 3819 4556">
     <span class='ocr_line' id='line_1_113' title="bbox 2231 4472 3819 4556; baseline -0.002 -18"><span class='ocrx_word' id='word_1_817' title='bbox 2231 4485 2386 4538; x_wconf 90' lang='lat' dir='ltr'>locus</span> <span class='ocrx_word' id='word_1_818' title='bbox 2415 4488 2499 4538; x_wconf 89' lang='lat' dir='ltr'>est</span> <span class='ocrx_word' id='word_1_819' title='bbox 2527 4483 2862 4539; x_wconf 90' lang='lat' dir='ltr'>disserendi.</span> <span class='ocrx_word' id='word_1_820' title='bbox 2900 4487 3041 4539; x_wconf 87' lang='lat' dir='ltr'>Nam</span> <span class='ocrx_word' id='word_1_821' title='bbox 3074 4502 3517 4542; x_wconf 88' lang='lat' dir='ltr'>commemorare</span> <span class='ocrx_word' id='word_1_822' title='bbox 3541 4481 3754 4556; x_wconf 68' lang='lat' dir='ltr'>quaedam</span> <span class='ocrx_word' id='word_1_823' title='bbox 3778 4472 3819 4523; x_wconf 64' lang='lat' dir='ltr'>de</span> 
     </span>
    </p>
   </div>
   <div class='ocr_carea' id='block_1_111' title="bbox 2233 4573 3819 4631">
    <p class='ocr_par' dir='ltr' id='par_1_111' title="bbox 2233 4573 3819 4631">
     <span class='ocr_line' id='line_1_114' title="bbox 2233 4573 3819 4631; baseline -0.005 -5"><span class='ocrx_word' id='word_1_824' title='bbox 2233 4573 2474 4627; x_wconf 88' lang='lat' dir='ltr'>Domino</span> <span class='ocrx_word' id='word_1_825' title='bbox 2530 4573 2646 4626; x_wconf 86' lang='lat' dir='ltr'>Deo</span> <span class='ocrx_word' id='word_1_826' title='bbox 2693 4577 2926 4628; x_wconf 88' lang='lat' dir='ltr'>auctore</span> <span class='ocrx_word' id='word_1_827' title='bbox 2955 4579 3012 4628; x_wconf 89' lang='lat' dir='ltr'>et</span> <span class='ocrx_word' id='word_1_828' title='bbox 3039 4573 3350 4630; x_wconf 87' lang='lat' dir='ltr'>formatore</span> <span class='ocrx_word' id='word_1_829' title='bbox 3380 4581 3439 4631; x_wconf 90' lang='lat' dir='ltr'>et</span> <span class='ocrx_word' id='word_1_830' title='bbox 3463 4573 3741 4630; x_wconf 83' lang='lat' dir='ltr'>ordiuatore</span> <span class='ocrx_word' id='word_1_831' title='bbox 3762 4577 3819 4615; x_wconf 77' lang='grc' dir='ltr'><strong><em>η-</em></strong></span> 
     </span>
    </p>
   </div>
   <div class='ocr_carea' id='block_1_112' title="bbox 2230 4653 3820 4733">
    <p class='ocr_par' dir='ltr' id='par_1_112' title="bbox 2230 4653 3820 4733">
     <span class='ocr_line' id='line_1_115' title="bbox 2230 4653 3820 4733; baseline -0.004 -18"><span class='ocrx_word' id='word_1_832' title='bbox 2230 4677 2360 4715; x_wconf 93' lang='lat' dir='ltr'>rum</span> <span class='ocrx_word' id='word_1_833' title='bbox 2385 4660 2667 4727; x_wconf 90' lang='lat' dir='ltr'>omnium,</span> <span class='ocrx_word' id='word_1_834' title='bbox 2691 4677 2819 4733; x_wconf 70' lang='lat' dir='ltr'>quae</span> <span class='ocrx_word' id='word_1_835' title='bbox 2851 4663 2921 4717; x_wconf 89' lang='lat' dir='ltr'>ad</span> <span class='ocrx_word' id='word_1_836' title='bbox 2934 4663 3369 4719; x_wconf 87' lang='lat' dir='ltr'>saluberrimam</span> <span class='ocrx_word' id='word_1_837' title='bbox 3398 4665 3562 4720; x_wconf 89' lang='lat' dir='ltr'>ﬁdem</span> <span class='ocrx_word' id='word_1_838' title='bbox 3587 4653 3820 4732; x_wconf 63' lang='lat' dir='ltr'>pertineatll</span> 
     </span>
    </p>
   </div>
   <div class='ocr_carea' id='block_1_113' title="bbox 2231 4746 3821 4822">
    <p class='ocr_par' dir='ltr' id='par_1_113' title="bbox 2231 4746 3821 4822">
     <span class='ocr_line' id='line_1_116' title="bbox 2231 4746 3821 4822; baseline -0.004 -18"><span class='ocrx_word' id='word_1_839' title='bbox 2231 4756 2286 4804; x_wconf 92' lang='lat' dir='ltr'>et</span> <span class='ocrx_word' id='word_1_840' title='bbox 2333 4750 2542 4821; x_wconf 90' lang='lat' dir='ltr'>quibus</span> <span class='ocrx_word' id='word_1_841' title='bbox 2574 4751 2787 4804; x_wconf 88' lang='lat' dir='ltr'>lactens</span> <span class='ocrx_word' id='word_1_842' title='bbox 2817 4755 2988 4822; x_wconf 90' lang='lat' dir='ltr'>atque</span> <span class='ocrx_word' id='word_1_843' title='bbox 3027 4768 3060 4805; x_wconf 91' lang='lat' dir='ltr'>a</span> <span class='ocrx_word' id='word_1_844' title='bbox 3089 4753 3334 4807; x_wconf 90' lang='lat' dir='ltr'>terrenis</span> <span class='ocrx_word' id='word_1_845' title='bbox 3381 4753 3439 4808; x_wconf 91' lang='lat' dir='ltr'>in</span> <span class='ocrx_word' id='word_1_846' title='bbox 3495 4746 3706 4807; x_wconf 82' lang='lat' dir='ltr'>ccelestia</span> <span class='ocrx_word' id='word_1_847' title='bbox 3747 4752 3821 4792; x_wconf 62' lang='grc' dir='ltr'>βεδε</span> 
     </span>
    </p>
   </div>
   <div class='ocr_carea' id='block_1_114' title="bbox 2230 4831 3822 4909">
    <p class='ocr_par' dir='ltr' id='par_1_114' title="bbox 2230 4831 3822 4909">
     <span class='ocr_line' id='line_1_117' title="bbox 2230 4831 3822 4909; baseline -0.006 -17"><span class='ocrx_word' id='word_1_848' title='bbox 2230 4839 2489 4893; x_wconf 88' lang='lat' dir='ltr'>attollere</span> <span class='ocrx_word' id='word_1_849' title='bbox 2515 4839 2811 4909; x_wconf 89' lang='lat' dir='ltr'>incipiens,</span> <span class='ocrx_word' id='word_1_850' title='bbox 2856 4840 3073 4894; x_wconf 89' lang='lat' dir='ltr'>utiliter</span> <span class='ocrx_word' id='word_1_851' title='bbox 3101 4841 3538 4898; x_wconf 88' lang='lat' dir='ltr'>adminiculetur</span> <span class='ocrx_word' id='word_1_852' title='bbox 3563 4831 3772 4894; x_wconf 86' lang='lat' dir='ltr'>intentio,</span> <span class='ocrx_word' id='word_1_853' title='bbox 3791 4833 3822 4875; x_wconf 75' lang='grc' dir='ltr'>ει</span> 
     </span>
    </p>
   </div>
   <div class='ocr_carea' id='block_1_115' title="bbox 2229 4921 3819 5002">
    <p class='ocr_par' dir='ltr' id='par_1_115' title="bbox 2229 4921 3819 5002">
     <span class='ocr_line' id='line_1_118' title="bbox 2229 4921 3819 5002; baseline -0.01 -21"><span class='ocrx_word' id='word_1_854' title='bbox 2229 4927 2383 4982; x_wconf 90' lang='lat' dir='ltr'>factu</span> <span class='ocrx_word' id='word_1_855' title='bbox 2411 4927 2746 4982; x_wconf 89' lang='lat' dir='ltr'>facillimum</span> <span class='ocrx_word' id='word_1_856' title='bbox 2788 4932 2844 4982; x_wconf 90' lang='lat' dir='ltr'>et</span> <span class='ocrx_word' id='word_1_857' title='bbox 2873 4945 2904 4982; x_wconf 91' lang='lat' dir='ltr'>a</span> <span class='ocrx_word' id='word_1_858' title='bbox 2933 4929 3224 5000; x_wconf 90' lang='lat' dir='ltr'>plerisque</span> <span class='ocrx_word' id='word_1_859' title='bbox 3275 4931 3396 5002; x_wconf 88' lang='lat' dir='ltr'>jam</span> <span class='ocrx_word' id='word_1_860' title='bbox 3426 4927 3704 4984; x_wconf 75' lang='lat' dir='ltr'>factitatum</span> <span class='ocrx_word' id='word_1_861' title='bbox 3742 4921 3819 4969; x_wconf 80' lang='lat' dir='ltr'>est:</span> 
     </span>
    </p>
   </div>
   <div class='ocr_carea' id='block_1_116' title="bbox 2227 5014 3821 5090">
    <p class='ocr_par' dir='ltr' id='par_1_116' title="bbox 2227 5014 3821 5090">
     <span class='ocr_line' id='line_1_119' title="bbox 2227 5014 3821 5090; baseline -0.011 -17"><span class='ocrx_word' id='word_1_862' title='bbox 2227 5021 2573 5087; x_wconf 81' lang='lat' dir='ltr'>pertractare</span> <span class='ocrx_word' id='word_1_863' title='bbox 2623 5020 2816 5072; x_wconf 89' lang='lat' dir='ltr'>autem</span> <span class='ocrx_word' id='word_1_864' title='bbox 2863 5016 3034 5072; x_wconf 87' lang='lat' dir='ltr'>istam</span> <span class='ocrx_word' id='word_1_865' title='bbox 3089 5022 3288 5086; x_wconf 90' lang='lat' dir='ltr'>totam,</span> <span class='ocrx_word' id='word_1_866' title='bbox 3341 5024 3505 5090; x_wconf 90' lang='lat' dir='ltr'>atque</span> <span class='ocrx_word' id='word_1_867' title='bbox 3560 5015 3629 5069; x_wconf 86' lang='lat' dir='ltr'>ita</span> <span class='ocrx_word' id='word_1_868' title='bbox 3668 5014 3821 5061; x_wconf 78' lang='lat' dir='ltr'>versare</span> 
     </span>
    </p>
   </div>
   <div class='ocr_carea' id='block_1_117' title="bbox 2230 5156 3819 5222">
    <p class='ocr_par' dir='ltr' id='par_1_117' title="bbox 2230 5156 3819 5222">
     <span class='ocr_line' id='line_1_120' title="bbox 2230 5156 3819 5222; baseline 0.002 -15"><span class='ocrx_word' id='word_1_869' title='bbox 2230 5158 2545 5222; x_wconf 81' lang='lat' dir='ltr'>«impediret</span> <span class='ocrx_word' id='word_1_870' title='bbox 2575 5158 2921 5222; x_wconf 87' lang='lat' dir='ltr'>intentionem</span> <span class='ocrx_word' id='word_1_871' title='bbox 2934 5172 3106 5208; x_wconf 90' lang='lat' dir='ltr'>meam</span> <span class='ocrx_word' id='word_1_872' title='bbox 3117 5174 3222 5222; x_wconf 85' lang='lat' dir='ltr'>qua</span> <span class='ocrx_word' id='word_1_873' title='bbox 3235 5165 3360 5210; x_wconf 88' lang='lat' dir='ltr'>tunc</span> <span class='ocrx_word' id='word_1_874' title='bbox 3371 5161 3604 5222; x_wconf 80' lang='lat' dir='ltr'>adversus</span> <span class='ocrx_word' id='word_1_875' title='bbox 3628 5166 3700 5202; x_wconf 83' lang='lat' dir='ltr'>eos</span> <span class='ocrx_word' id='word_1_876' title='bbox 3711 5156 3819 5222; x_wconf 45' lang='lat' dir='ltr'>qui}?</span> 
     </span>
    </p>
   </div>
   <div class='ocr_carea' id='block_1_118' title="bbox 2229 5217 3817 5292">
    <p class='ocr_par' dir='ltr' id='par_1_118' title="bbox 2229 5217 3817 5292">
     <span class='ocr_line' id='line_1_121' title="bbox 2229 5217 3817 5292; baseline 0.003 -24"><span class='ocrx_word' id='word_1_877' title='bbox 2229 5238 2256 5268; x_wconf 86' lang='grc'>‹‹</span> <span class='ocrx_word' id='word_1_878' title='bbox 2275 5217 2828 5292; x_wconf 60' lang='lat' dir='ltr'>tis&#39;poteramviribus</span> <span class='ocrx_word' id='word_1_879' title='bbox 2853 5221 3094 5292; x_wconf 70' lang='lat' dir='ltr'>agebam,</span> <span class='ocrx_word' id='word_1_880' title='bbox 3120 5217 3209 5284; x_wconf 81' lang='lat' dir='ltr'>qui</span> <span class='ocrx_word' id='word_1_881' title='bbox 3237 5227 3476 5292; x_wconf 74' lang='lat' dir='ltr'>naturain</span> <span class='ocrx_word' id='word_1_882' title='bbox 3499 5217 3607 5292; x_wconf 71' lang='lat' dir='ltr'>mali</span> <span class='ocrx_word' id='word_1_883' title='bbox 3629 5219 3817 5292; x_wconf 45' lang='grc' dir='ltr'>ξιξοεῌᾞς</span> 
     </span>
    </p>
   </div>
   <div class='ocr_carea' id='block_1_119' title="bbox 2229 5269 3819 5370">
    <p class='ocr_par' dir='ltr' id='par_1_119' title="bbox 2229 5269 3819 5370">
     <span class='ocr_line' id='line_1_122' title="bbox 2229 5269 3819 5346; baseline -0.004 -16"><span class='ocrx_word' id='word_1_884' title='bbox 2229 5299 2256 5330; x_wconf 92' lang='grc'>‹‹</span> <span class='ocrx_word' id='word_1_885' title='bbox 2276 5269 2425 5346; x_wconf 52' lang='grc' dir='ltr'>ὁὶρῖοί</span> <span class='ocrx_word' id='word_1_886' title='bbox 2439 5269 2715 5346; x_wconf 74' lang='lat' dir='ltr'>praeditam</span> <span class='ocrx_word' id='word_1_887' title='bbox 2731 5269 2982 5332; x_wconf 56' lang='lat' dir='ltr'>adversus</span> <span class='ocrx_word' id='word_1_888' title='bbox 3002 5269 3169 5332; x_wconf 72' lang='lat' dir='ltr'>Deum</span> <span class='ocrx_word' id='word_1_889' title='bbox 3187 5269 3692 5334; x_wconf 49' lang='lat' dir='ltr'>eoaadiuTiuaucm,</span> <span class='ocrx_word' id='word_1_890' title='bbox 3717 5269 3819 5337; x_wconf 57' lang='grc' dir='ltr'>ῐάβξι</span> 
     </span>
     <span class='ocr_line' id='line_1_123' title="bbox 2230 5324 3814 5370; baseline 0 0"><span class='ocrx_word' id='word_1_891' title='bbox 2230 5361 2256 5370; x_wconf 81' lang='grc'>..</span> <span class='ocrx_word' id='word_1_892' title='bbox 2285 5349 2462 5370; x_wconf 57' lang='grc' dir='ltr'>,ης-ιι-..</span> <span class='ocrx_word' id='word_1_893' title='bbox 2510 5345 2823 5370; x_wconf 59' lang='grc' dir='ltr'>νηηςηιιωηι.</span> <span class='ocrx_word' id='word_1_894' title='bbox 2874 5346 3001 5370; x_wconf 59' lang='grc' dir='ltr'>νη...</span> <span class='ocrx_word' id='word_1_895' title='bbox 3031 5346 3093 5370; x_wconf 62' lang='grc' dir='ltr'>,ιη</span> <span class='ocrx_word' id='word_1_896' title='bbox 3148 5345 3538 5370; x_wconf 68' lang='grc' dir='ltr'>η-;..,.;ιι;....;ηι;σ</span> <span class='ocrx_word' id='word_1_897' title='bbox 3567 5340 3706 5370; x_wconf 72' lang='grc' dir='ltr'>..ιηιηιι</span> <span class='ocrx_word' id='word_1_898' title='bbox 3730 5324 3814 5370; x_wconf 78' lang='lat' dir='ltr'>nihil</span> 
     </span>
    </p>
   </div>
   <div class='ocr_carea' id='block_1_120' title="bbox 2229 5329 3804 5396">
    <p class='ocr_par' dir='ltr' id='par_1_120' title="bbox 2229 5329 3804 5396">
     <span class='ocr_line' id='line_1_124' title="bbox 2229 5329 3804 5396; baseline -0.009 -3"><span class='ocrx_word' id='word_1_899' title='bbox 2229 5361 2256 5392; x_wconf 75' lang='grc' dir='ltr'>α</span> <span class='ocrx_word' id='word_1_900' title='bbox 2283 5329 2493 5394; x_wconf 59' lang='grc' dir='ltr'>ἷεόἁίνῖ</span> <span class='ocrx_word' id='word_1_901' title='bbox 2508 5329 3539 5396; x_wconf 57' lang='grc' dir='ltr'>ΜῖὦῖἁῆεὲὀέξΜὰ]ᾞῖῖιῖίὲῖιίἶῑίὶιᾘῑὲῐίε</span> <span class='ocrx_word' id='word_1_902' title='bbox 3565 5329 3706 5388; x_wconf 83' lang='lat' dir='ltr'>adhuc</span> <span class='ocrx_word' id='word_1_903' title='bbox 3729 5329 3804 5396; x_wconf 54' lang='lat' dir='ltr'>uitii</span> 
     </span>
    </p>
   </div>
   <div class='ocr_carea' id='block_1_121' title="bbox 2229 5400 3815 5472">
    <p class='ocr_par' dir='ltr' id='par_1_121' title="bbox 2229 5400 3815 5472">
     <span class='ocr_line' id='line_1_125' title="bbox 2229 5400 3815 5472; baseline -0.002 -18"><span class='ocrx_word' id='word_1_904' title='bbox 2229 5423 2256 5454; x_wconf 79' lang='grc' dir='ltr'>α</span> <span class='ocrx_word' id='word_1_905' title='bbox 2283 5405 2612 5472; x_wconf 63' lang='lat' dir='ltr'>audieram...</span> <span class='ocrx_word' id='word_1_906' title='bbox 2634 5407 2756 5472; x_wconf 72' lang='lat' dir='ltr'>ideo</span> <span class='ocrx_word' id='word_1_907' title='bbox 2772 5407 3011 5471; x_wconf 86' lang='lat' dir='ltr'>quintam</span> <span class='ocrx_word' id='word_1_908' title='bbox 3027 5408 3330 5472; x_wconf 89' lang='lat' dir='ltr'>opinionem</span> <span class='ocrx_word' id='word_1_909' title='bbox 3351 5423 3451 5459; x_wconf 90' lang='lat' dir='ltr'>non</span> <span class='ocrx_word' id='word_1_910' title='bbox 3467 5403 3637 5457; x_wconf 83' lang='lat' dir='ltr'>addidi.</span> <span class='ocrx_word' id='word_1_911' title='bbox 3654 5406 3771 5461; x_wconf 69' lang='lat' dir='ltr'>quam</span> <span class='ocrx_word' id='word_1_912' title='bbox 3783 5400 3815 5435; x_wconf 76' lang='grc' dir='ltr'>ω</span> 
     </span>
    </p>
   </div>
   <div class='ocr_carea' id='block_1_122' title="bbox 2233 5468 3522 5533">
    <p class='ocr_par' dir='ltr' id='par_1_122' title="bbox 2233 5468 3522 5533">
     <span class='ocr_line' id='line_1_126' title="bbox 2233 5468 3522 5533; baseline -0.001 -16"><span class='ocrx_word' id='word_1_913' title='bbox 2233 5485 2260 5516; x_wconf 82' lang='grc' dir='ltr'><strong>α</strong></span> <span class='ocrx_word' id='word_1_914' title='bbox 2286 5472 2375 5518; x_wconf 91' lang='lat' dir='ltr'>tua</span> <span class='ocrx_word' id='word_1_915' title='bbox 2395 5468 2616 5533; x_wconf 90' lang='lat' dir='ltr'>epistola</span> <span class='ocrx_word' id='word_1_916' title='bbox 2643 5468 3025 5520; x_wconf 59' lang='lat' dir='ltr'>inter&#39;caateras</span> <span class='ocrx_word' id='word_1_917' title='bbox 3045 5468 3474 5521; x_wconf 74' lang='lat' dir='ltr'>commemorasti.</span> <span class='ocrx_word' id='word_1_918' title='bbox 3501 5488 3522 5510; x_wconf 71' lang='grc' dir='ltr'>ι»</span> 
     </span>
    </p>
   </div>
  </div>
