4008 6184
165 393 290 443 1301

156 510 560 580 quaastionem,
592 515 655 564 ut
686 511 996 582 perspicuae
1052 513 1277 579 rationi,
1312 520 1590 585 quantum
1638 516 1698 568 in
1748 517 1853 571 hac

155 598 275 652 vita
304 599 491 663 datur,
525 599 713 653 omnis
768 600 1021 654 humana
1072 601 1452 672 intelligentia
1493 604 1847 675 subjugetur,

152 703 274 740 non
332 687 506 741 modo
578 688 826 758 eloquio,
896 690 994 743 sed
1060 707 1131 744 ne
1202 691 1541 761 cogitatione
1618 692 1852 762 quidem

151 776 244 829 vel
285 775 555 845 cuiquam
608 776 928 844 hominum,
960 779 1047 832 vel
1094 783 1244 834 certe
1275 780 1439 833 nobis
1490 780 1621 834 satis
1676 797 1849 850 expe—

147 864 341 917 ditum
373 870 430 918 et
472 864 636 918 facile
689 866 1143 936 aggrediendum
1198 868 1377 922 videri
1426 872 1629 939 potest.
1691 870 1850 922 Nunc

149 956 387 1023 ergout
418 954 573 1023 quod
627 953 999 1021 instituimus,
1056 962 1334 1027 quantum
1388 958 1743 1028 adjuvamur,
1795 962 1851 1010 et

147 1045 441 1112 quantum
499 1041 747 1102 sinimur,
799 1060 1191 1114 peragamus:
1235 1061 1610 1115 quaecumque
1662 1044 1845 1111 nobis,

143 1137 433 1200 quantum
470 1130 541 1183 ad
570 1134 889 1185 creaturam
940 1133 1208 1202 pertinet,
1242 1134 1328 1187 vel
1360 1139 1665 1187 narrantur
1693 1149 1848 1203 prae-

146 1218 340 1284 terita,
375 1219 464 1272 vel
511 1220 975 1287 praenuntiantur
1026 1221 1236 1288 futura,
1270 1238 1400 1293 quas
1449 1223 1519 1275 ad
1552 1238 1847 1275 commen—

146 1306 402 1360 dandam
434 1306 663 1360 valeant
687 1306 969 1377 integram
1023 1308 1381 1379 religionem,
1415 1309 1713 1362 excitando
1745 1324 1846 1361 nos

149 1394 219 1448 ad
253 1394 694 1447 sincerissimam
756 1394 1119 1449 dilectionem
1176 1397 1276 1450 Dei
1320 1403 1377 1451 et
1425 1396 1694 1467 proximi,
1726 1396 1847 1449 sine

144 1480 507 1535 dubitatione
536 1482 818 1535 credenda
864 1486 999 1536 sunt
1033 1484 1333 1537 :adversus
1367 1483 1688 1537 incredulos
1744 1499 1845 1536 au-

145 1575 266 1623 tem
297 1570 572 1624 hactenus
627 1570 1006 1638 defendenda,
1057 1576 1118 1625 ut
1145 1572 1232 1625 vel
1282 1573 1433 1626 mole
1491 1572 1846 1629 auctoritatis

135 1658 455 1713 infidelitas
486 1674 685 1712 eorum
718 1658 1034 1725 obteratur,
1064 1660 1153 1714 vel
1186 1659 1267 1713 eis
1290 1661 1642 1723 ostendatur,
1661 1675 1845 1730 quan~

136 1751 275 1801 tum
305 1751 512 1817 potest,
546 1746 737 1817 primo
766 1763 940 1817 quam
980 1764 1095 1801 non
1142 1748 1213 1802 sit
1263 1750 1505 1802 stultum
1554 1748 1691 1802 talia
1721 1764 1845 1801 crc—

136 1836 298 1899 dere,
329 1835 535 1889 deinde
567 1851 740 1906 quam
799 1836 871 1889 sit
935 1837 1174 1889 stultum
1236 1836 1371 1890 talia
1424 1852 1539 1890 non
1592 1837 1837 1890 credere.

136 1926 547 1978 Verumtamen
577 1925 778 1978 falsam
808 1923 1128 1978 doctrinam
1154 1940 1272 1979 non
1302 1930 1420 1979 tam
1452 1925 1520 1979 de
1541 1924 1844 1996 praeteritis

136 2019 201 2067 et
233 2013 453 2078 futuris,
490 2029 665 2083 quam
718 2014 785 2067 de
836 2013 1216 2083 praesentibus
1259 2018 1316 2068 et
1361 2014 1607 2067 maxime
1639 2014 1708 2067 de
1757 2014 1844 2068 in-

136 2101 646 2156 commutabilibus
676 2106 903 2171 oportet
931 2102 1209 2169 refellere,
1242 2107 1299 2157 et
1329 2106 1607 2174 quantum
1652 2104 1838 2169 datur,

134 2189 447 2261 perspicua
470 2190 689 2243 ratione
719 2189 1074 2244 convincere.

214 2280 302 2331 6|.
336 2276 481 2331 Sane
515 2276 573 2331 in
605 2275 748 2329 serie
802 2277 1206 2347 temporalium
1237 2275 1643 2348 ‘inquisitioni
1693 2293 1841 2347 prae.-

133 2364 445 2418 teritorum
504 2364 827 2418 futurorum
886 2364 1235 2435 exspectatio
1294 2365 1651 2436 praeferenda
1716 2370 1837 2419 est:

137 2454 609 2525 quandoquidem
640 2455 810 2508 etiam
840 2454 900 2508 in
923 2454 1132 2509 divinis
1161 2454 1341 2509 Libris
1358 2471 1424 2508 ea
1447 2472 1575 2525 qure
1605 2460 1839 2525 printer-

134 2543 223 2597 ita
251 2548 578 2611 narrantur,
629 2544 716 2596 vel
768 2542 1295 2613 przefigurationem
1345 2544 1692 2607 futurorum,
1753 2546 1839 2600 vcl

135 2630 634 2701 pollicitationem,
668 2632 756 2685 vel
785 2630 1247 2684 testificationem
1272 2647 1392 2701 prec
1426 2646 1485 2684 se
1515 2636 1740 2700 gerunt.
1776 2634 1841 2686 Et

134 2737 340 2774 revera
370 2720 431 2773 in
479 2720 547 2773 iis
580 2720 776 2786 etiam,
807 2737 935 2791 quae
991 2720 1061 2773 ad
1099 2721 1246 2774 hanc
1301 2721 1476 2774 vitam
1525 2723 1835 2790 pertinent,

138 2808 428 2879 prosperis
456 2808 819 2878 adversisque
846 2809 1036 2876 rebus,
1068 2808 1206 2879 quid
1265 2808 1506 2879 quisque
1542 2809 1693 2863 {ierit
1719 2827 1837 2863 non

136 2898 274 2951 satis
303 2901 464 2950 curat
492 2913 503 2950 :
536 2897 598 2949 in
628 2896 687 2951 id
719 2912 851 2950 vero
884 2902 1033 2966 quod
1082 2897 1343 2950 futurum
1374 2903 1654 2966 speratur,
1717 2914 1837 2953 sese

137 2986 328 3039 omnis
357 3000 623 3039 curarum
654 2990 826 3039 (estus
845 2984 1220 3054 agglomerat.
1252 2985 1450 3038 Nescio
1481 3001 1595 3055 quo
1623 2986 1836 3057 quippe

136 3074 345 3128 intimo
384 3074 749 3144 naturalique
779 3088 968 3139 sensu,
1002 3089 1069 3127 ea
1102 3089 1232 3143 quae
1262 3072 1427 3127 nobis
1483 3073 1832 3141 acciderunt,

136 3163 415 3234 quoniam
442 3167 726 3217 transacta
754 3166 906 3228 sunt,
939 3161 1017 3215 sic
1046 3162 1332 3215 habentur
1361 3162 1433 3216 ad
1477 3167 1835 3217 momentum

131 3251 424 3306 felicitatis
480 3256 537 3304 et
578 3249 846 3317 miseriae,
909 3249 1072 3320 quasi
1127 3265 1422 3321 nunquam
1481 3250 1831 3305 accidissent.

131 3338 285 3403 Quid
313 3338 491 3408 igitur
513 3337 654 3391 mihi
687 3337 868 3405 obest,
903 3337 953 3391 si
982 3353 1103 3392 esse
1134 3338 1363 3409 quando
1417 3338 1686 3410 cceperim
1735 3355 1833 3394 ne-

130 3428 245 3489 cio,
276 3442 408 3480 cum
457 3441 579 3480 esse
611 3441 702 3479 me
734 3425 1011 3490 noverim,
1044 3441 1150 3479 nec
1188 3426 1447 3481 futurum
1482 3443 1602 3480 esse
1633 3427 1834 3497 despe-

136 3532 260 3571 rem
280 3518 308 3569 ?
337 3517 460 3571 Non
490 3514 645 3568 enim
674 3514 732 3567 in
755 3513 1047 3584 praeterita
1064 3530 1154 3567 me
1182 3515 1437 3580 attendo,
1469 3520 1535 3569 ut
1561 3519 1832 3586 tanquam

132 3618 391 3657 errorem
419 3601 971 3673 perniciosissimum
998 3618 1213 3670 verear,
1244 3602 1291 3656 si
1322 3602 1493 3656 aliter
1526 3602 1595 3656 de
1619 3602 1689 3655 iis
1711 3619 1833 3656 sen-

129 3706 261 3745 sero
290 3707 463 3761 quam
500 3691 731 3745 fuerunt
763 3706 777 3744 :
811 3690 908 3744 sed
932 3689 994 3743 in
1021 3689 1078 3744 id
1104 3691 1258 3761 quod
1281 3691 1507 3744 futurus
1537 3707 1686 3751 sum,
1710 3708 1833 3745 cur-

128 3795 264 3834 sum
294 3779 478 3850 dirigo
511 3779 652 3834 duce
680 3778 1068 3833 misericordia
1096 3778 1421 3834 Conditoris
1450 3779 1583 3834 mei.
1617 3781 1695 3834 De
1725 3781 1833 3834 hoc

126 3867 312 3938 igitur
340 3868 493 3938 quod
525 3868 750 3921 futurus
774 3883 922 3933 sum,
938 3872 995 3921 et
1016 3867 1084 3921 de
1106 3865 1204 3921 illo
1235 3868 1385 3937 apud
1407 3883 1580 3938 quem
1605 3868 1832 3924 futurus

128 3972 284 4023 sum,
317 3956 364 4009 si
392 3956 556 4010 aliter
581 3971 752 4027 quam
777 3955 983 4009 veritas
1015 3972 1134 4011 esse
1188 3957 1361 4011 habet
1413 3957 1702 4012 credidero
1734 3964 1834 4012 aut

134 4061 391 4111 sensero,
451 4045 819 4099 vehementer
871 4044 1155 4099 cavendus
1194 4050 1280 4099 est
1333 4062 1530 4112 error;
1565 4062 1636 4099 ne
1686 4045 1830 4100 mihi

132 4137 234 4186 aut
262 4132 579 4187 necessaria
632 4149 748 4186 non
801 4148 1140 4202 prteparem,
1197 4136 1294 4187 aut
1343 4134 1415 4187 ad
1449 4149 1581 4187 eum
1641 4133 1831 4204 ipsum

134 4221 310 4275 finem
339 4221 623 4292 propositi
651 4220 788 4287 mei,
821 4220 958 4275 dum
978 4220 1132 4274 aliud
1150 4238 1253 4291 pro
1283 4220 1392 4274 alio
1422 4221 1564 4275 mihi
1585 4222 1827 4290 videtur,

134 4310 440 4381 pervenire
471 4326 587 4363 non
617 4308 850 4380 possim.
882 4309 1428 4373 Quamobrem,sicut
1477 4310 1549 4363 ad
1593 4326 1832 4379 compa-

130 4397 372 4452 randam
403 4402 615 4452 vestem
644 4397 787 4452 nihil
843 4396 983 4451 mihi
1012 4398 1255 4463 obesset,
1302 4397 1349 4451 si
1376 4397 1679 4467 praeteritae
1709 4398 1830 4453 hie-

135 4486 246 4539 mis
276 4486 486 4542 oblitus
519 4502 723 4553 essem,
781 4485 1004 4539 obesset
1046 4490 1234 4540 autem
1265 4485 1310 4539 si
1339 4486 1599 4540 futurum
1652 4486 1831 4557 frigus

132 4574 439 4629 imminere
468 4591 584 4629 non
612 4575 905 4653 crederem
931 4591 944 4629 :
975 4574 1054 4629 ita
1077 4575 1219 4630 nihil
1243 4575 1643 4630 oberitanimre
1664 4592 1827 4641 meae,

132 4662 182 4716 si
213 4663 386 4719 oblita
413 4669 497 4719 est
524 4664 664 4735 quid
694 4664 839 4718 forte
892 4664 1210 4733 pertulerit,
1241 4663 1289 4717 si
1317 4665 1484 4719 modo
1527 4664 1831 4735 diligenter

131 4752 390 4808 advertat
420 4759 478 4808 et
505 4757 698 4808 teneat
725 4769 839 4823 quo
874 4769 932 4806 se
963 4753 1230 4823 deinceps
1277 4769 1477 4824 parare
1506 4757 1830 4819 moneatur,

134 4843 201 4896 Et
229 4842 392 4907 sicut,
427 4842 584 4896 verbi
614 4842 819 4912 gratia,
856 4843 1092 4897 Romam
1130 4842 1422 4912 naviganti
1478 4841 1619 4896 nihil
1663 4857 1830 4895 noce-

132 4935 220 4984 ret
244 4930 289 4984 si
322 4929 620 4984 excidisset
666 4930 881 4995 animo,
916 4948 948 4984 a
977 4946 1089 5000 quo
1144 4930 1334 4985 littore
1392 4946 1592 4984 navem
1650 4931 1831 4983 solve-

128 5019 230 5079 rit,
265 5018 403 5072 dum
432 5021 627 5071 tamen
656 5019 726 5072 ab
752 5035 818 5073 eo
866 5020 986 5073 loco
1040 5018 1140 5073 ubi
1191 5024 1337 5072 esset
1383 5035 1499 5073 non
1544 5018 1835 5089 ignoraret

133 5123 252 5179 quo
282 5121 516 5177 proram
547 5105 856 5176 dirigeret;
894 5107 1037 5161 nihil
1070 5111 1259 5161 autem
1307 5108 1603 5177 prodesset
1633 5106 1833 5160 memi-

134 5196 287 5251 nisse
316 5192 526 5249 littoris
566 5194 720 5247 unde
774 5193 883 5248 iter
937 5211 1171 5249 exorsus
1231 5195 1321 5262 sit,
1378 5196 1425 5249 si
1486 5196 1555 5250 de
1587 5197 1835 5250 Romano

137 5288 304 5356 portu
338 5281 543 5336 falsum
573 5280 793 5353 aliquid
825 5281 1174 5349 existimans,
1196 5282 1255 5336 in
1289 5299 1422 5336 saxa
1446 5281 1837 5336 incidissetzita

137 5388 325 5443 neque
365 5370 413 5424 si
464 5386 580 5425 non
630 5374 870 5425 tenuero
894 5368 1121 5424 initium
1180 5370 1454 5441 temporis
1510 5371 1637 5425 vitae
1669 5387 1833 5439 mete,

142 5462 459 5533 quidquam
510 5459 655 5514 mihi
685 5459 875 5514 oberit
904 5458 1102 5513 scienti
1132 5475 1246 5530 quo
1300 5459 1413 5514 fine
1444 5459 1793 5530 requiescam
1819 5475 1831 5525 ;

138 5566 245 5606 nec
272 5549 564 5620 prodesset
590 5549 809 5621 aliquid
850 5548 948 5603 illa
993 5548 1106 5602 sive
1156 5548 1434 5603 memoria
1483 5548 1595 5602 sive
1652 5548 1834 5618 conje-

208 5649 221 5681 π
254 5646 376 5696 Bad.
414 5647 498 5695 Er.
523 5651 575 5697 et
593 5648 716 5697 Mss.
740 5650 910 5698 :Sane
939 5644 999 5696 in
1018 5647 1234 5697 miseria
1254 5645 1646 5704 temporalium.

1612 394 1823 449 LIBER
1864 394 2169 451 TERTIUS
2182 436 2194 449 .

3520 400 3655 451 1302

1963 520 2119 571 ctura
2150 517 2429 570 inchoata:
2459 515 2609 577 vitae,
2638 516 2684 569 si
2714 516 2920 587 deipso
2954 518 3086 577 Deo,
3108 518 3365 587 quiunus
3396 519 3653 574 laborum

1963 606 2171 660 animae
2210 607 2338 660 ﬁnis
2368 611 2468 667 est,
2504 606 2668 659 aliter
2697 622 2869 675 quam
2896 606 3136 677 dignum
3166 610 3248 660 est
3279 607 3563 678 Opinatus,
3598 610 3652 662 in

1965 696 2229 765 scopulos
2259 694 2468 748 erroris
2496 694 2804 748 irruerem.

2034 786 2127 837 62.
2165 784 2276 837 Nec
2303 783 2410 836 iste
2439 798 2624 836 sermo
2654 782 2720 835 ad
2754 781 2810 834 id
2840 782 3098 848 valuerit,
3123 787 3183 836 ut
3216 783 3519 853 quisquam
3552 802 3653 838 nos

1963 870 2265 941 prohibere
2302 870 2609 924 arbitretur
2640 874 2703 923 ut
2735 876 2995 940 quierant
3024 870 3122 941 qui
3134 871 3426 940 potuerint
3454 889 3651 927 secun~

1962 959 2100 1013 dum
2130 959 2449 1029 Scripturas
2479 958 2750 1012 divinitus
2778 959 3102 1029 inspiratas,
3138 964 3332 1014 utrum
3361 961 3553 1014 anima
3584 962 3651 1015 de

1960 1046 2153 1101 anima
2182 1051 2551 1117 propagetur,
2583 1064 2656 1100 an
2687 1063 2787 1100 suo
2808 1048 3012 1119 cuique
3042 1046 3320 1102 animanti
3340 1047 3651 1119 singulaein

1960 1135 2084 1205 ipso
2117 1136 2274 1201 fiant,
2308 1152 2383 1188 au
2413 1136 2482 1189 ad
2533 1136 2847 1206 regendum
2909 1136 3393 1207 animandumque
3446 1153 3648 1207 corpus

1958 1223 2148 1277 divino
2180 1228 2324 1278 nutu
2350 1224 2610 1277 alicunde
2638 1224 2960 1291 mittantur,
2992 1225 3078 1277 vel
3100 1224 3333 1295 propria
3363 1226 3648 1279 voluntate

1959 1329 2016 1366 se
2049 1312 2374 1379 insinuent;
2407 1312 2449 1364 si
2486 1313 2569 1365 vel
2613 1312 2849 1381 alicujus
2900 1312 3264 1381 expediendae
3318 1312 3647 1366 necessaria:

1958 1400 2291 1472 quaestionis
2321 1400 2466 1454 ratio
2496 1399 2717 1469 flagitat
2746 1401 2854 1453 ista
2880 1399 3239 1454 considerare
3267 1404 3436 1470 atque
3466 1400 3650 1455 discu-

1956 1493 2096 1556 tere,
2128 1489 2280 1542 vela
2322 1488 2491 1542 rebus
2542 1487 2725 1557 magis
2782 1487 3111 1540 necessariis
3171 1487 3351 1541 otium
3410 1488 3478 1541 ad
3529 1488 3650 1541 hzec

1957 1577 2266 1647 quaerenda
2295 1581 2351 1630 et
2373 1576 2701 1631 disserenda
2726 1575 3077 1630 conceditur.
3119 1576 3325 1629 Verum
3351 1576 3421 1629 ad
3451 1576 3510 1629 id
3540 1593 3647 1647 po—

1957 1666 2070 1720 tius
2104 1664 2211 1719 ista
2238 1664 2500 1734 dixerim,
2530 1680 2603 1718 ne
2658 1663 2785 1734 quis
2816 1663 2873 1716 in
2908 1679 2967 1716 re
3016 1663 3115 1717 tali
3166 1665 3251 1717 vel
3280 1666 3494 1718 temere
3525 1680 3648 1717 suc-

1956 1757 2182 1807 censeat
2202 1753 2255 1806 ei
2286 1752 2387 1823 qui
2418 1769 2535 1807 sua:
2561 1751 2821 1823 Opinioni
2849 1752 3190 1806 humaniore
3224 1753 3457 1807 fortasse
3488 1753 3648 1806 dubi-

1955 1840 2170 1895 tatione
2197 1857 2314 1895 non
2340 1840 2486 1895 cedit
2518 1858 2530 1895 :
2565 1845 2665 1894 aut
2689 1840 2860 1894 etiam
2894 1841 2938 1892 si
2969 1840 3108 1910 quid
3136 1839 3269 1893 hinc
3298 1841 3434 1894 certi
3490 1841 3644 1910 quis-

1955 1945 2129 2001 quam
2177 1934 2235 1984 et
2288 1929 2493 2000 liquidi
2536 1929 3065 1999 nomprehenderit,
3124 1928 3251 1982 ideo
3280 1931 3440 1998 putet
3469 1928 3643 1982 alium

1954 2035 2113 2090 spem
2130 2018 2447 2090 perdidisse
2473 2018 2819 2085 futurorum,
2848 2017 2983 2088 quia
3004 2016 3290 2088 praeterita
3303 2033 3501 2070 exorsa
3526 2033 3643 2070 non

1952 2107 2168 2165 recolit.

1951 2215 2176 2271 CAPUT
2221 2215 2376 2268 XXII.
2417 2244 2482 2251 —
2511 2214 2829 2281 Ignorantia
2852 2216 2901 2266 et
2930 2212 3229 2281 difﬁcultas
3279 2213 3328 2266 si
3372 2211 3642 2265 naturalis

2022 2308 2099 2356 est
2164 2303 2388 2369 homini,
2456 2316 2563 2355 non
2622 2305 2909 2370 propterea
2971 2300 3114 2354 deest
3189 2300 3328 2354 unde
3392 2299 3643 2353 laudetur

2023 2392 2259 2447 Greater.

2023 2500 2116 2551 63.
2145 2497 2384 2567 Quoquo
2407 2496 2574 2550 modo
2597 2498 2791 2550 autem
2812 2510 2869 2547 se
2888 2493 3037 2547 istud
3063 2492 3285 2557 habeat,
3315 2493 3429 2547 sive
3460 2492 3643 2546 omni-

1951 2602 2025 2639 no
2050 2586 2452 2651 omittcndum,
2486 2585 2599 2639 sive
2631 2601 2783 2639 nunc
2840 2581 3222 2636 differendum
3252 2585 3308 2634 et
3337 2580 3475 2635 alias
3506 2598 3637 2635 con-

1949 2674 2317 2729 siderandum
2348 2674 2440 2741 sit,
2470 2688 2720 2738 praesens
2753 2676 2942 2725 tamen
2971 2670 3210 2741 quaestio
3240 2686 3358 2723 non
3395 2670 3639 2739 impedi-

1949 2767 2061 2829 tur,
2096 2761 2402 2832 quominus
2453 2764 2723 2830 appareat
2752 2758 3118 2827 integerrima
3149 2762 3205 2811 et
3227 2757 3540 2827 justissima
3587 2761 3642 2811 et

1947 2848 2283 2902 inconcussa
2312 2852 2483 2917 atque
2510 2844 3274 2913 incommutabilimajestate
3288 2847 3343 2896 et
3370 2843 3632 2899 substan-

1949 2939 2027 2993 tia
2055 2937 2356 3005 Creatoris,
2387 2935 2666 3007 supplicia
2707 2939 3067 3005 peccatorum
3126 2949 3359 2986 suorum
3418 2932 3636 2985 animas

1948 3028 2103 3081 luere
2137 3043 2148 3080 :
2184 3042 2310 3097 qum
2343 3029 2595 3095 peccata,
2641 3028 2704 3077 ut
2735 3024 2855 3093 jam
2914 3022 3009 3076 diu
3043 3020 3437 3085 disseruimus,
3488 3036 3632 3073 non-

1946 3115 2058 3170 nisi
2088 3114 2335 3185 propria}
2356 3114 2634 3167 voluntati
2664 3127 2860 3165 earum
2885 3109 3187 3164 tribuenda
3216 3113 3365 3173 sunt,
3392 3122 3495 3162 nec
3520 3108 3635 3160 ulla

1948 3202 2576 3273 ulterior'peccatorum
2607 3216 2777 3253 causa
2808 3199 3134 3269 quaerenda.

2016 3296 2104 3346 64.
2141 3290 2471 3361 Ignorantia
2501 3305 2633 3343 vero
2691 3293 2747 3342 et
2798 3287 3100 3342 difﬁcultas
3131 3286 3180 3339 si
3226 3284 3497 3339 naturalis
3529 3288 3634 3351 est,

1946 3379 2078 3433 inde
2128 3376 2331 3447 incipit
2386 3375 2577 3430 anima
2620 3375 2917 3446 proficere,
2954 3377 3009 3428 et
3040 3374 3109 3427 ad
3162 3371 3548 3442 cognitionem
3581 3376 3638 3424 et

1945 3466 2223 3538 requiem,
2260 3466 2437 3520 donec
2465 3465 2524 3518 in
2556 3480 2622 3517 ea
2650 3462 2977 3534 perficiatur
3022 3461 3136 3514 vita
3165 3461 3349 3525 beata,
3401 3475 3633 3529 promo-

1947 3556 2081 3611 veri.
2112 3557 2294 3619 Quem
2323 3553 2638 3624 profectum
2667 3552 2728 3605 in
2773 3549 2975 3605 studiis
3005 3547 3236 3619 optimis
3290 3551 3459 3618 atque
3511 3548 3633 3617 pie-

1942 3648 2076 3710 tate,
2114 3658 2358 3714 quorum
2381 3641 2615 3695 facultas
2645 3639 2697 3694 ei
2736 3655 2851 3692 non
2886 3642 3088 3707 negata
3140 3641 3245 3704 est,
3300 3636 3347 3690 si
3401 3635 3635 3706 propria

1940 3732 2232 3785 voluntate
2271 3727 2605 3799 neglexerit,
2660 3727 2813 3798 juste
2868 3726 2929 3779 in
2959 3723 3279 3794 graviorem
3334 3741 3462 3795 qua:
3512 3725 3633 3795 jam

1942 3818 2183 3890 pmnalis
2222 3821 2326 3884 est,
2377 3815 2761 3888 ignorantiam
2818 3814 3327 3884 difficultatemque
3376 3812 3636 3884 praecipi-

1941 3910 2113 3972 tatur,
2150 3903 2547 3960 decentissime
2584 3907 2641 3956 et
2695 3900 3154 3956 convientissimo
3204 3917 3399 3955 rerum
3438 3902 3633 3955 mode-

1942 3995 2162 4049 ramine
2193 3993 2253 4048 in
2282 3992 2647 4047 inferioribus
2665 3992 2927 4046 ordinata
2953 3988 2993 4043 ².
3030 3991 3155 4043 Non
3181 3989 3337 4044 enim
3363 3990 3516 4060 quod
3541 4006 3635 4043 na-

1942 4084 2200 4138 turaliter
2229 4082 2407 4137 nescit
2432 4086 2486 4136 ct
2515 4079 2853 4135 naturaliter
2882 4094 2999 4132 non
3025 4083 3229 4149 potest,
3275 4079 3386 4133 hoc
3428 4078 3635 4131 anima:

1943 4172 2249 4243 deputatur
2279 4172 2337 4224 in
2390 4176 2653 4236 reatum;
2686 4168 2785 4222 sed
2841 4167 2997 4238 quod
3053 4166 3194 4221 scire
3249 4182 3366 4219 non
3397 4167 3632 4233 studuit,

1942 4262 1998 4313 et
2027 4260 2179 4330 quod
2208 4259 2439 4329 dignam
2469 4255 2724 4311 facilitati
2745 4255 3143 4325 comparandae
3167 4254 3237 4307 ad
3252 4258 3398 4306 recte
3429 4253 3634 4306 facien-

1940 4347 2077 4401 dum
2104 4361 2335 4416 operam
2366 4361 2481 4398 non
2521 4344 2695 4398 dedit.
2748 4343 2925 4414 Loqui
2959 4342 3110 4395 enim
3171 4357 3286 4394 non
3338 4356 3500 4393 nosse
3559 4346 3636 4394 at-

1942 4450 2052 4504 que
2083 4450 2199 4487 non
2224 4448 2408 4503 posse,
2441 4432 2644 4486 infanti
2694 4433 2952 4485 naturale
3001 4435 3083 4484 est
3113 4448 3124 4484 :
3160 4445 3287 4499 quin
3314 4427 3636 4497 ignorantia

1940 4522 2357 4591 difiicultasque
2396 4521 2676 4575 sermonis
2732 4536 2847 4574 non
2900 4518 3070 4572 modo
3120 4516 3476 4587 inculpabilis
3530 4516 3633 4571 sub

1940 4609 2447 4680 grammaticorum
2496 4609 2737 4680 legibus,
2778 4607 2874 4661 sed
2905 4606 3076 4660 etiam
3130 4604 3397 4659 humanis
3425 4606 3634 4660 affecti-

1938 4699 2045 4753 bus
2074 4698 2285 4753 blanda
2314 4702 2369 4752 et
2398 4703 2562 4769 grata
2579 4701 2700 4763 est;
2731 4711 2849 4749 non
2881 4694 3034 4748 enim
3062 4696 3177 4748 ullo
3207 4693 3342 4747 vitio
3372 4694 3527 4747 illam
3558 4695 3634 4748 fa-

1942 4787 2211 4842 cultatem
2261 4802 2593 4858 comparare
2645 4782 2916 4854 neglexit,
2952 4787 3049 4837 aut
3106 4783 3217 4835 ullo
3272 4781 3409 4835 vitio
3460 4798 3633 4852 quam

1942 4880 2298 4946 compararat
2320 4874 2529 4929 amisit.
2566 4875 2785 4943 Itaque,
2808 4871 2854 4925 si
2875 4871 3107 4925 nobisin
3136 4870 3462 4941 eloquentia
3492 4874 3637 4924 esset

1941 4964 2229 5018 beatitudo
2261 4962 2587 5031 constituta,
2619 4965 2790 5032 atque
2824 4960 2906 5014 ita
2929 4959 3154 5013 crimini
3178 4960 3479 5013 duceretur
3506 4974 3636 5011 cum

1942 5057 2205 5123 peccatur
2236 5052 2293 5105 in
2324 5052 2536 5121 lingua:
2585 5049 2759 5115 sonis,
2808 5048 3296 5120 quemadmodum
3344 5063 3472 5101 cum
3505 5062 3639 5115 pec-

1942 5146 2103 5195 catur
2124 5141 2183 5194 in
2197 5140 2413 5194 actibus
2425 5138 2577 5206 vitae;
2590 5138 2781 5193 nullus
2795 5137 2991 5209 utique
3012 5142 3348 5209 argueretur
3360 5133 3635 5197 infantize,

1944 5230 2099 5302 quod
2126 5229 2195 5283 ab
2225 5245 2292 5282 ea
2320 5232 2469 5282 esset
2496 5243 2730 5281 exorsus
2760 5227 2829 5281 ad
2860 5226 3318 5297 consequendam
3362 5222 3636 5291 eloquen-

1944 5318 2083 5373 tiam
2116 5332 2129 5372 :
2162 5317 2256 5371 sed
2288 5316 2454 5387 plane
2485 5314 2688 5369 merito
2714 5315 3084 5370 damnaretur
3131 5313 3179 5366 si
3210 5328 3327 5365 sua:
3369 5311 3635 5364 volunta-

1990 5463 2022 5531 ,ι
2061 5461 2138 5507 Ita
2161 5459 2282 5507 Mss.
2306 5461 2356 5506 et
2378 5457 2699 5520 antiquiores
2716 5457 2845 5506 Edd.
2868 5457 2933 5505 At
2954 5457 3077 5513 Lov,
3103 5453 3361 5501 habetnec
3376 5450 3491 5501 ulla
3507 5452 3640 5499 inte-

1946 5534 2268 5694 ηἴέίὶὶῐῌη
2281 5582 2633 5632 inferio-ribus
2653 5581 2951 5633 ordinante.
2969 5578 3032 5627 At
3048 5578 3167 5626 Mss.
3187 5576 3488 5638 quindecim
3508 5575 3637 5625 ordi-

1950 5658 2021 5694 πα
2086 5679 2097 5691 .

1950 5658 2097 5694 nam.
