4036 6182
448 338 579 390 1303

439 456 514 511 tis
545 451 911 526 perversitate
933 449 1020 503 vel
1049 447 1119 502 ad
1161 462 1288 500 eam
1317 442 1625 510 recidisset,
1687 443 1773 496 vel
1829 441 1892 496 in
1922 457 1987 496 ea
2041 458 2137 497 re-

442 541 758 596 mansisset.
793 538 883 592 Sic
912 536 1083 591 etiam
1112 550 1282 598 nunc,
1319 531 1365 584 si
1421 529 1746 601 ignorantia
1793 530 1913 584 veri
1942 535 1999 585 et
2029 531 2134 585 dif-

440 630 663 685 ﬁcultas
693 625 830 681 recti
865 623 1137 679 naturalis
1191 625 1276 674 est
1329 619 1572 686 homini,
1629 619 1781 674 unde
1811 618 2048 689 incipiat
2074 619 2136 673 in

443 715 737 788 sapientia;
791 711 1110 783 quietisque
1157 707 1568 762 beatitudinem
1633 723 1886 778 surgere,
1945 707 2137 761 nullus

442 808 588 861 hanc
608 820 674 857 ex
704 801 866 856 initio
899 797 1147 852 naturali
1193 802 1341 850 recte
1372 795 1563 866 arguit
1588 810 1600 848 :
1630 795 1728 849 sed
1786 795 1830 848 si
1859 796 2135 865 proﬁcere

444 891 706 957 noluerit,
749 892 847 942 aut
892 904 924 940 a
977 885 1234 957 profectu
1287 888 1601 938 retrorsum
1645 883 1825 938 relabi
1873 884 2137 953 voluerit,

435 977 566 1046 jure
599 973 917 1044 meritoque
947 987 1143 1042 poenas
1170 970 1309 1022 luet.

512 1067 600 1117 65.
634 1063 868 1115 Creator
899 1075 1029 1112 vero
1084 1058 1207 1129 ejus
1249 1056 1459 1127 ubique
1519 1056 1810 1125 laudatur,
1867 1057 1952 1110 vel
1985 1056 2138 1127 quod

441 1168 568 1206 eam
601 1151 670 1203 ab
703 1149 839 1220 ipsis
869 1146 1114 1201 exordiis
1144 1146 1211 1200 ad
1246 1145 1456 1199 summi
1485 1144 1624 1198 boni
1652 1145 2020 1215 capacitatem
2051 1143 2138 1198 in-

442 1238 749 1305 choaverit,
783 1238 868 1291 vel
900 1236 1052 1308 quod
1083 1235 1205 1305 ejus
1230 1234 1546 1304 profectum
1575 1233 1822 1304 adjuvet,
1867 1234 1951 1286 vel
1986 1232 2140 1304 quod

442 1329 680 1399 impleat
709 1325 1098 1398 proﬁcientem
1147 1328 1318 1393 atque
1376 1321 1652 1392 perﬁciat,
1690 1323 1774 1374 vel
1831 1322 1980 1392 quod
2014 1337 2140 1392 pec-

444 1420 688 1482 cantem,
724 1415 776 1468 id
805 1419 890 1466 est
914 1416 1012 1466 aut
1040 1411 1109 1464 ab
1123 1411 1304 1464 initiis
1323 1409 1440 1463 suis
1470 1426 1590 1462 sese
1627 1409 1698 1463 ad
1730 1409 2142 1480 perfectionem

442 1506 704 1561 attollere
734 1504 1110 1567 recusantem,
1136 1503 1232 1553 aut
1256 1499 1376 1570 jam
1402 1515 1467 1552 ex
1496 1497 1750 1569 profectu
1779 1498 1970 1569 aliquo
1994 1499 2142 1552 rela-

444 1596 697 1661 bentem,
733 1589 1048 1662 justissima
1089 1587 1458 1642 damnatione
1508 1604 1611 1658 pro
1646 1587 1864 1642 meritis
1896 1587 2141 1642 ordinat.

447 1685 572 1738 Non
598 1680 752 1734 enim
794 1683 1093 1750 propterea
1151 1678 1360 1731 malam
1418 1677 1645 1745 creavit,
1698 1676 1834 1747 quia
1886 1677 2146 1732 nondum

448 1776 605 1826 tanta
636 1774 740 1835 est,
776 1771 990 1838 quanta
1021 1771 1083 1820 ut
1114 1764 1467 1837 proﬁciendo
1519 1780 1641 1818 esse
1671 1769 1863 1836 posset
1888 1765 2146 1836 accepit;

445 1875 578 1914 cum
607 1858 728 1929 ejus
759 1855 988 1910 exordio
1018 1853 1392 1925 perfectiones
1423 1869 1622 1906 omnes
1643 1869 1944 1923 corporum
1976 1852 2146 1924 longe

446 1948 746 2003 inferiores
777 1946 906 2011 sint,
941 1961 1081 2015 quas
1123 1949 1316 1998 tamen
1345 1943 1404 1996 in
1433 1961 1536 1997 suo
1577 1959 1788 2014 genere
1828 1943 2145 1997 laudabiles

447 2054 566 2092 esse
588 2036 821 2107 jndicat,
845 2033 1104 2105 quisquis
1133 2033 1201 2086 de
1219 2033 1391 2086 rebus
1409 2032 1706 2086 sanissimo
1730 2031 1960 2102 iudicat.
1985 2032 2148 2098 Quod

446 2142 581 2195 ergo
609 2125 838 2195 ignorat
865 2120 1002 2193 quid
1036 2120 1144 2174 sibi
1191 2120 1481 2191 agendum
1538 2120 1632 2188 sit,
1664 2136 1730 2173 ex
1784 2135 1849 2173 eo
1880 2124 1966 2173 est
1992 2120 2147 2191 quod

448 2215 704 2268 nondum
749 2211 1001 2282 accepit:
1036 2209 1134 2263 sed
1192 2210 1300 2262 hoc
1346 2225 1576 2279 quoque
1633 2208 1892 2279 accipiet,
1944 2207 1991 2261 si
2040 2209 2148 2264 hoc

448 2301 602 2372 quod
637 2299 874 2370 accepit,
907 2298 1051 2352 bene
1081 2313 1182 2350 usa
1211 2295 1402 2349 fuerit.
1437 2295 1654 2366 Accipit
1682 2300 1875 2350 autem
1898 2300 1957 2350 ut
1986 2296 2078 2366 pie
2096 2301 2150 2350 et

451 2389 754 2459 diligenter
784 2390 1024 2458 quaerat,
1077 2383 1122 2436 si
1177 2384 1350 2436 volet.
1392 2384 1457 2437 Et
1486 2384 1638 2454 quod
1669 2399 1979 2454 agnoscens
2010 2385 2148 2454 quid

450 2477 557 2530 sibi
588 2475 873 2545 agendum
921 2473 1010 2538 sit,
1073 2488 1184 2526 non
1229 2471 1502 2525 continuo
1535 2472 1682 2524 valet
1726 2471 1984 2540 implere,
2046 2472 2150 2526 hoc

449 2580 676 2635 quoque
733 2561 985 2617 nondum
1066 2559 1281 2630 accepit
1314 2577 1326 2613 :
1359 2559 1646 2630 praecessit
1701 2559 1855 2614 enim
1887 2560 2148 2630 quaedam

450 2668 579 2722 pars
609 2652 730 2722 ejus
762 2648 1061 2703 sublimior
1107 2648 1180 2701 ad
1210 2647 1572 2701 sentiendum
1607 2648 1761 2718 quod
1800 2651 1952 2702 recte
1981 2648 2152 2703 faciat

450 2742 662 2795 bonum
694 2755 706 2793 :
732 2739 828 2792 sed
861 2737 1124 2808 quaedam
1149 2735 1363 2790 tardior
1393 2741 1562 2807 atque
1592 2736 1833 2790 carnalis
1865 2753 1977 2790 non
2011 2753 2147 2790 con-

450 2831 756 2899 sequenter
782 2827 841 2880 in
894 2823 1235 2879 sententiam
1269 2823 1498 2877 ducitur
1523 2843 1538 2891 ;
1571 2830 1633 2878 ut
1662 2841 1725 2878 ex
1754 2824 1877 2895 ipsa
1907 2825 2148 2879 difiicul-

451 2922 563 2971 tate
593 2917 970 2971 admoneatur
999 2914 1264 2968 eumdem
1289 2912 1595 2983 implorare
1609 2913 1698 2983 adj
1711 2917 1934 2967 utorum
1967 2914 2145 2984 perfe-

446 3005 648 3060 ctionis
680 3021 816 3070 suae,
834 3019 1004 3075 quem
1032 3001 1411 3055 inchoationis
1437 3001 1610 3055 sentit
1635 3007 1925 3056 auctorem
1954 3019 1966 3068 ;
1994 3006 2054 3055 ut
2083 3018 2147 3055 ex

453 3095 555 3148 hoc
583 3093 635 3146 ei
665 3093 765 3146 iiat
792 3092 1036 3157 charior,
1069 3091 1204 3143 dum
1236 3105 1350 3143 non
1404 3090 1518 3142 suis
1567 3089 1802 3158 viribus,
1850 3090 1948 3144 sed
1987 3090 2149 3160 cujus

452 3181 710 3236 bonitate
740 3179 912 3232 habet
942 3183 1004 3232 ut
1030 3177 1122 3245 sit,
1165 3178 1288 3248 ejus
1307 3177 1698 3230 misericordia
1727 3177 2055 3230 sublevatur
2087 3183 2150 3231 ut

455 3270 619 3324 beata
645 3267 734 3322 sit.
769 3267 988 3331 Quanto
1002 3271 1191 3320 autem
1205 3265 1520 3318 chariorilli
1548 3270 1631 3318 est
1657 3282 1689 3318 a
1718 3282 1830 3336 quo
1864 3269 1967 3332 est,
1990 3270 2148 3320 tanto

457 3357 512 3410 in
547 3374 613 3411 eo
639 3355 860 3410 ﬁrmius
890 3353 1214 3425 acquiescit,
1274 3358 1329 3406 et
1383 3357 1540 3407 tanto
1571 3353 1802 3406 uberius
1833 3354 2148 3407 mternitale

455 3446 577 3517 ejus
607 3445 937 3516 perfruitur.
974 3443 1033 3499 Si
1063 3443 1216 3498 enim
1247 3443 1465 3497 arboris
1490 3441 1777 3497 novellum
1805 3448 1862 3498 et
1887 3444 2028 3497 rude
2042 3443 2149 3497 vir-

454 3534 678 3606 gultum
707 3533 863 3587 nullo
894 3532 1060 3586 modo
1110 3536 1258 3584 recte
1317 3531 1508 3585 sterile
1567 3529 1829 3597 dicimus,
1889 3531 2149 3602 quamvis

453 3622 669 3693 aliquot
705 3625 927 3675 aestates
956 3621 1076 3673 sine
1105 3619 1378 3673 fructibus
1410 3617 1676 3690 trajiciat,
1725 3620 1907 3673 donec
1937 3636 2147 3690 oppor-

456 3717 593 3765 tuno
628 3716 884 3779 tempore
932 3713 1228 3779 expromat
1269 3707 1618 3761 feracitatem
1648 3723 1847 3773 suam;
1881 3724 1982 3781 cur
2035 3725 2150 3762 non

455 3803 650 3852 auctor
687 3798 893 3850 animae
953 3797 1143 3851 debita
1172 3796 1381 3867 pietate
1439 3797 1718 3862 laudetur,
1750 3795 1792 3848 si
1827 3796 1877 3849 ei
1908 3797 2020 3850 tale
2048 3797 2147 3850 tri-

456 3885 578 3940 buit
607 3884 928 3949 exordium,
961 3888 1023 3936 ut
1053 3884 1330 3937 studendo
1363 3900 1424 3936 ac
1447 3883 1795 3952 proﬁciendo
1823 3885 1891 3937 ad
1925 3884 2148 3956 frugem

454 3971 750 4043 sapientia:
774 3971 1121 4042 justitiazque
1171 3971 1485 4041 perveniat,
1519 3976 1855 4043 tantumque
1888 3971 1968 4025 illi
1998 3989 2148 4043 prue-

453 4061 595 4116 stitit
620 4059 936 4132 dignitatis,
969 4064 1029 4112 ut
1062 4059 1120 4113 in
1153 4061 1274 4130 ejus
1300 4059 1473 4113 etiam
1499 4063 1776 4130 potestate
1807 4065 2066 4132 poneret,
2102 4062 2149 4116 si

453 4150 619 4204 vellet
647 4149 713 4202 ad
741 4148 1160 4202 beatitudinem
1191 4148 1426 4202 tendere
1449 4150 1478 4202 ?

453 4239 678 4293 CAPUT
707 4239 888 4292 XXIII.
923 4267 988 4276 —
1020 4241 1095 4292 De
1140 4239 1496 4307 parvulorum
1550 4243 1716 4292 morte
1745 4243 1794 4292 ct
1821 4239 2149 4294 cruciatibus

521 4328 759 4397 corporis
816 4326 1011 4396 quibus
1060 4328 1386 4396 amiguntur
1418 4328 1612 4395 iniqua
1662 4331 1740 4382 est
1776 4328 2150 4396 imperitorum

523 4417 759 4486 querela.
794 4417 953 4470 Dolor
982 4417 1117 4484 quid
1145 4418 1235 4470 sit.

522 4506 609 4557 66.
634 4503 774 4558 Huic
805 4509 997 4558 autem
1027 4502 1404 4574 disputationi
1435 4502 1604 4574 objici
1627 4501 1694 4556 ab
1745 4501 2024 4572 imperitis
2050 4519 2148 4557 so-

451 4590 528 4644 let
557 4591 820 4660 quiedam
850 4591 1135 4645 calumnia
1159 4591 1227 4645 de
1251 4589 1530 4644 mortibus
1557 4591 1948 4660 parvulorum,
1981 4595 2037 4644 et
2068 4591 2137 4645 de

452 4677 796 4747 quibusdam
825 4679 1166 4733 cruciatibus
1195 4679 1466 4750 corporis,
1503 4678 1710 4750 quibus
1741 4695 1834 4733 eos
1865 4695 2014 4751 saepe
2059 4679 2146 4734 vi-

453 4765 653 4819 demus
683 4765 878 4837 aftligi.
915 4765 1120 4822 Dicunt
1149 4767 1304 4821 enim
1337 4784 1348 4820 :
1384 4767 1533 4832 Quid
1565 4783 1707 4837 opus
1739 4771 1862 4821 erat
1883 4771 1942 4821 ut
1967 4783 2149 4823 nasce-

451 4859 629 4920 retur,
663 4853 764 4926 qui
793 4861 1100 4926 antequam
1145 4856 1319 4910 iniret
1348 4856 1533 4910 ullum
1563 4856 1695 4910 vitae
1724 4855 2016 4924 meritum,
2049 4872 2145 4911 ex-

450 4943 616 4998 cessit
636 4959 665 4997 e
693 4943 847 4998 vita?
878 4950 974 4998 aut
1005 4945 1189 5015 qualis
1210 4949 1269 4998 in
1299 4944 1490 5000 futuro
1503 4944 1722 5016 judicio
1755 4945 2143 5015 deputabitur,

447 5032 540 5087 cui
569 5049 757 5105 neque
791 5033 941 5087 inter
959 5034 1142 5104 justos
1171 5035 1331 5089 locus
1362 5041 1464 5101 est,
1501 5034 1772 5106 quoniam
1804 5033 1950 5088 nihil
1996 5039 2146 5088 recte

446 5121 617 5189 fecit;
649 5137 837 5192 neque
866 5121 1015 5176 inter
1061 5123 1262 5190 malos,
1324 5124 1598 5195 quoniam
1645 5122 1790 5177 nihil
1846 5122 2146 5194 peccavit?

447 5209 666 5273 Quibus
699 5210 1118 5280 respondetur:
1145 5210 1217 5265 ad
1246 5209 1634 5265 universitatis
1673 5210 2058 5281 complexum,
2085 5213 2143 5263 et

445 5298 618 5352 totius
648 5303 920 5352 creatura:
950 5301 1036 5353 vel
1059 5315 1162 5370 per
1194 5300 1344 5353 locos
1397 5299 1483 5353 vel
1512 5315 1616 5370 per
1672 5305 1934 5370 tempora
1989 5298 2142 5352 ordi-

446 5388 801 5443 natissimam
833 5390 1274 5454 connexionem,
1305 5405 1424 5443 non
1456 5406 1619 5460 posse
1649 5390 1937 5461 superfluo
1961 5388 2143 5443 creari

446 5478 924 5548 qualemcumque
967 5479 1282 5544 hominem,
1315 5478 1415 5532 ubi
1444 5479 1646 5532 folium
1672 5479 1892 5533 arboris
1919 5479 2142 5533 nullum

447 5565 734 5637 superﬂuo
763 5571 1017 5634 creatur;
1053 5568 1149 5622 sed
1177 5583 1312 5622 sane
1341 5567 1632 5637 superfluo
1664 5568 1845 5638 quaeri
1877 5567 1945 5622 de
1968 5567 2140 5623 meri-

1536 328 1629 380 DE
1679 326 1937 381 LIBERO
1977 324 2336 386 ARBITRIO,
2380 324 2432 378 S.
2477 319 2860 377 AUGUSTINI
3026 378 3041 385 _
3561 393 3566 399 .
3748 326 3833 380 1304

2244 443 2317 497 tis
2346 442 2394 512 ej
2405 459 2467 495 us
2494 439 2593 512 qui
2619 439 2762 494 nihil
2793 438 3086 493 meruerit.
3121 438 3245 491 Non
3273 437 3426 492 enim
3448 441 3762 496 metuendum
3784 453 3835 499 est

2245 546 2316 585 ne
2344 529 2455 583 vita
2478 544 2598 583 esse
2633 526 2884 598 potuerit
2938 525 3131 579 media
3180 526 3439 596 quasdam
3493 526 3627 582 inter
3651 532 3834 584 recten-

2245 623 2399 674 ctum
2432 621 2603 688 atque
2631 619 2947 686 peccatum,
2981 617 3039 668 et
3067 614 3351 668 sententia
3359 614 3558 684 judicis
3585 617 3739 672 media
3761 635 3833 673 esse

2247 723 2360 761 non
2389 705 2568 777 possit
2592 704 2740 758 inter
2767 702 3073 773 putt-nium
3103 706 3275 774 atque
3306 702 3649 774 supplicium.

2261 788 2264 790 ’
2316 799 2409 849 67.
2451 794 2573 858 Quo
2605 793 2729 846 loco
2760 791 2933 846 etiam
2991 791 3134 845 illud
3177 791 3511 862 perscrutari
3558 793 3770 847 homines
3789 813 3836 847 so-

2247 886 2363 937 lent
2394 885 2811 936 sacramentum
2841 879 3109 952 baptismi
3136 880 3340 934 Christi
3373 880 3510 950 quid
3531 882 3739 952 parvulis
3761 900 3835 953 pre

2247 973 2338 1037 sit,
2361 988 2491 1026 cum
2522 987 2588 1024 eo
2617 973 2845 1041 accepto
2873 969 3212 1040 plerumque
3236 968 3571 1036 moriuntur,
3596 970 3837 1042 priusquam

2247 1079 2314 1117 ex
2345 1078 2410 1115 eo
2439 1060 2755 1132 quidquam
2785 1073 3124 1129 cognoscere
3154 1058 3461 1128 potuerint.
3493 1058 3667 1122 Quain
3691 1075 3736 1112 re
3757 1061 3837 1113 satis

2249 1151 2338 1222 pie
2374 1155 2637 1220 recteque
2658 1148 2930 1217 creditur,
2963 1147 3229 1218 prodesse
3260 1148 3492 1216 parvulo
3520 1163 3694 1201 eorum
3732 1149 3837 1201 lidrm

2250 1254 2281 1291 a
2315 1237 2523 1308 quibus
2552 1236 2964 1291 consecrandus
2991 1234 3246 1289 offertur.
3277 1236 3340 1289 Et
3368 1235 3473 1288 hoc
3506 1235 3724 1288 Ect-lesim
3746 1252 3838 1288 cum-

2251 1317 2485 1382 mendat
2521 1325 2896 1380 saluberrima
2921 1324 3249 1391 auctoritas,
3284 1328 3345 1378 ut
3373 1339 3436 1377 ex
3465 1339 3528 1376 eo
3549 1324 3838 1394 (ιυίδιμιρευηο

2252 1416 2355 1470 tiat
2382 1414 2522 1486 quid
2552 1413 2658 1468 sibi
2687 1413 2868 1485 prosit
2886 1413 3024 1466 ﬁdes
3056 1412 3422 1483 sua,quando
3445 1411 3503 1464 in
3532 1412 3736 1465 aliorum
3760 1429 3839 1481 quo-

2253 1520 2362 1575 que
2390 1503 2755 1571 beneficium,
2778 1501 2876 1572 qui
2893 1501 3188 1572 propriam
3220 1500 3477 1554 nondum
3501 1500 3702 1565 habent,
3728 1505 3841 1569 potest

2255 1589 2438 1645 aliena
2467 1589 2816 1644 commodari
2847 1587 2992 1653 Quid
3025 1587 3180 1642 enim
3206 1587 3324 1642 filio
3355 1587 3536 1642 vidum
3563 1586 3739 1658 profuit
3761 1587 3840 1638 litus

2255 1695 2376 1746 sua,
2409 1695 2582 1749 quam
2615 1677 2809 1746 utique
2840 1680 3098 1730 mortuus
3149 1692 3267 1729 non
3295 1675 3571 1742 habebat;
3601 1674 3677 1728 cui
3723 1678 3841 1727 tamen

2255 1767 2469 1839 profuit
2490 1766 2688 1822 matris
2709 1769 2771 1819 ut
2791 1767 3154 1836 resurgeret?
3183 1765 3340 1834 (Luc.
3367 1781 3461 1831 vu,
3488 1763 3672 1832 12-15).
3697 1763 3841 1826 Quanto

2257 1873 2394 1927 ergo
2427 1856 2616 1926 potius
2642 1855 2782 1909 ﬁdes
2811 1855 2996 1909 aliena
3025 1857 3216 1924 potest
3247 1853 3536 1907 consulere
3565 1852 3772 1922 parvulo,
3792 1851 3841 1903 cui

2258 1961 2359 1999 sua
2391 1943 2631 2014 perﬁdia
2660 1959 2778 1997 non
2815 1946 3007 2012 potest
3033 1940 3359 2012 imputari?

2328 2035 2416 2087 68.
2450 2034 2528 2086 De
2559 2031 2903 2086 cruciatibus
2937 2034 3128 2084 autem
3158 2028 3435 2100 corporis,
3471 2027 3657 2100 quibus
3674 2027 3844 2097 afﬂigun-

2258 2125 2351 2175 tur
2377 2120 2620 2192 parvuli,
2655 2135 2901 2191 quorum
2933 2135 3036 2189 per
3060 2123 3288 2173 aetatem
3312 2118 3470 2172 nulla
3493 2122 3692 2188 peccata
3707 2117 3843 2178 suntsi

2258 2209 2465 2264 animm
2490 2209 2700 2281 quibus
2729 2209 3078 2272 animantur,
3111 2223 3229 2261 non
3254 2207 3414 2277 prius
3435 2221 3596 2277 quam
3625 2204 3712 2275 ipsi
3730 2201 3841 2257 homi-

2258 2315 2358 2352 nes
2389 2314 2510 2352 esse
2539 2300 2853 2368 cmperunt,
2884 2296 3070 2366 major
3090 2295 3329 2366 querela
3358 2299 3414 2349 et
3443 2294 3591 2366 quasi
3618 2292 3843 2346 misericors

2261 2386 2476 2458 deponi
2506 2387 2665 2451 solet,
2709 2401 2840 2440 cum
2866 2384 3104 2439 dicitur:
3138 2383 3284 2448 Quid
3319 2383 3456 2436 mali
3487 2383 3707 2436 fecerunt
3730 2379 3844 2432 utista

2257 2480 2593 2546 paterentur
2612 2475 2640 2527 ‘?
2668 2472 2841 2537 Quasi
2871 2471 3052 2542 possit
3081 2489 3200 2526 esse
3254 2471 3592 2525 innocentiae
3645 2469 3842 2524 meritum.

2261 2567 2569 2632 antequam
2601 2560 2845 2632 quisque
2877 2559 3092 2630 aliquid
3125 2575 3335 2614 nocere
3364 2560 3557 2630 possit.
3589 2559 3702 2611 Cum
3726 2559 3843 2607 autem

2261 2647 2399 2701 boni
2429 2646 2644 2718 aliquid
2674 2651 2946 2717 operatur
2968 2648 3114 2700 Deus
3139 2645 3198 2699 in
3228 2644 3618 2702 emendatione
3637 2643 3845 2710 majorum.

2261 2753 2390 2790 cum
2421 2737 2790 2807 parvulorum
2819 2751 3056 2789 suorum
3103 2734 3203 2804 qui
3233 2735 3316 2787 eis
3369 2733 3526 2788 chari
3553 2736 3681 2796 sunt,
3713 2727 3844 2782 dolori-

2260 2825 2364 2880 bus
2420 2841 2484 2879 ac
2535 2824 2818 2879 mortibus
2867 2824 3269 2894 ﬂagellautur;
3325 2839 3427 2877 cur
3482 2823 3556 2876 ita
3613 2835 3703 2874 non
3749 2815 3845 2876 fiant,

2259 2913 2487 2984 quando
2516 2928 2646 2967 cum
2676 2911 3027 2978 transierint,
3059 2927 3164 2982 pro
3196 2927 3314 2966 non
3348 2910 3503 2965 factis
3525 2913 3684 2973 erunt,
3711 2907 3752 2959 in
3773 2903 3844 2973 qui-

2258 3002 2367 3056 bus
2395 3002 2540 3055 facta
2565 3005 2697 3055 sunt
2725 3014 2738 3056 :
2772 3004 3007 3071 propter
3062 3015 3206 3071 quos
3263 3005 3461 3054 autem
3487 2999 3619 3053 facta
3643 2998 3756 3058 sunt,
3790 2995 3843 3043 aut

2261 3089 2528 3144 meliores
2559 3093 2746 3157 erunt,
2779 3087 2826 3142 si
2879 3086 3289 3159 temporalibus
3346 3085 3690 3142 incommodis
3725 3095 3841 3135 emcn-

2261 3178 2395 3241 dati,
2432 3177 2642 3233 rectius
2699 3176 2978 3248 elegerint
3034 3177 3240 3244 vivere,
3291 3183 3393 3231 aut
3442 3174 3785 3230 excusationem
3811 3168 3843 3217 in

2259 3266 2438 3320 futuri
2485 3265 2689 3336 judicii
2719 3264 2998 3336 supplicio
3033 3281 3150 3319 non
3181 3265 3495 3330 habebunt,
3541 3263 3584 3317 si
3622 3262 3722 3314 vita:
3743 3259 3841 3324 hut“5

2261 3354 2570 3425 angoribus
2601 3355 2671 3409 ad
2703 3359 2977 3410 reternam
3009 3354 3181 3408 vitam
3229 3353 3572 3408 desiderium
3617 3350 3840 3404 convertere

2262 3442 2594 3497 noluerint?
2619 3442 2756 3507 Quis
2781 3454 2973 3498 autem
2985 3442 3142 3497 novit
3170 3443 3309 3513 quid
3324 3442 3588 3514 parvulis,
3609 3441 3665 3495 de
3683 3446 3838 3509 quorum

2258 3531 2601 3586 cruciatibus
2631 3531 2839 3586 duritia
2869 3533 3151 3602 majorum
3178 3532 3566 3600 conttmditur,
3609 3534 3690 3582 aut
3710 3535 3841 3578 exerce-

2258 3624 2352 3674 tur
2381 3620 2523 3674 ﬁdes
2553 3624 2651 3675 aut
2680 3620 3069 3675 misericordia
3120 3620 3436 3690 probatur;
3468 3620 3587 3692 quis
3615 3632 3722 3685 ergo
3754 3608 3842 3664 nmil

2260 3709 2401 3780 quid
2431 3708 2569 3779 ipsis
2599 3710 2851 3780 parvulis
2880 3710 2942 3763 in
2971 3715 3185 3763 secreto
3215 3709 3562 3780 judiciorum
3588 3717 3767 3760 suorum
3785 3699 3838 3749 bo-

2259 3814 2350 3852 nae
2373 3797 2850 3867 compensationis
2870 3803 3120 3853 reservet
3142 3800 3311 3864 Deus,
3339 3801 3438 3870 qui
3461 3809 3739 3870 quanquam
3762 3784 3841 3842 nihil

2259 3891 2412 3941 recte
2440 3886 2698 3953 fecerint,
2731 3891 2926 3941 tamen
2958 3903 3060 3940 nec
3099 3893 3403 3957 peccantes
3458 3884 3655 3957 aliquid
3682 3883 3755 3935 ista
3775 3889 3842 3962 pet-

2257 3974 2408 4044 pessi
2439 3975 2617 4028 sunt?
2640 3976 2764 4029 Non
2796 3975 2949 4028 enim
2980 3975 3191 4030 frustra
3219 3975 3397 4030 etiam
3424 3970 3839 4031 infantcsillosmﬂi

2260 4081 2391 4118 cum
2420 4064 2695 4119 Dominus
2750 4066 2910 4120 Jesus
2966 4065 3222 4120 Christus
3271 4065 3560 4119 necandus
3611 4061 3668 4114 ad
3711 4049 3842 4110 Hermi?

2258 4157 2630 4224 quaereretur,
2680 4153 2848 4208 occisi
2903 4158 3036 4208 sunt
3086 4155 3300 4222 (Matth.
3341 4171 3401 4219 ιι,
3442 4155 3541 4222 l6),
3592 4150 3641 4204 in
3665 4147 3842 4202 honorem

2260 4247 2578 4314 martyrum
2610 4247 2868 4314 receptos
2897 4242 3264 4296 commendat
3287 4242 3528 4297 Ecclesia
3557 4241 3645 4311 (α).

2331 4335 2418 4387 69.
2450 4332 2788 4403 Quanquam
2821 4331 2913 4386 isti
2938 4331 3303 4398 calumniosi,
3362 4336 3419 4386 et
3447 4330 3633 4384 talium
3666 4316 3841 4405 quaestio;

2259 4435 2400 4473 num
2430 4437 2549 4474 non
2572 4419 2974 4475 studiosissimi
2990 4420 3430 4488 examinatores,
3455 4419 3550 4473 sed
3574 4406 3844 4487 loquacissiml

2253 4508 2631 4570 ventilatores,
2663 4509 2834 4563 etiam
2866 4509 2936 4563 de
2963 4525 3235 4579 pecorum
3256 4509 3548 4564 doloribus
3577 4510 3626 4560 et
3650 4495 3842 4584 Ιεώοτίδξῖέ

2259 4597 2445 4650 solent
2475 4596 2667 4651 minus
2723 4597 3078 4652 eruditorum
3127 4597 3436 4651 sollicitare
3461 4597 3641 4659 ﬁdem,
3689 4579 3844 4643 cwdl'

2258 4689 2394 4738 cunt
2423 4701 2434 4738 :
2468 4684 2616 4748 Quid
2677 4685 2852 4739 etiam
2904 4701 3113 4758 pecora
3164 4686 3251 4740 vel
3293 4687 3619 4740 meruerunt
3664 4674 3776 4733 mali.
3814 4675 3843 4760 F‘

2255 4777 2413 4826 tanta
2441 4773 2738 4843 patiantur
2767 4773 3153 4841 incommoda,
3187 4776 3273 4828 vel
3331 4777 3556 4842 sperant
3606 4766 3734 4829 boni,
3769 4771 3844 4846 quit

2255 4859 2427 4913 tantis
2459 4867 2794 4915 exercentur
2839 4861 3269 4917 incommodis?
3295 4863 3402 4918 Sed
3457 4863 3573 4915 haec
3607 4854 3764 4911 dicunt
3798 4855 3842 4930 σεξ

2256 4947 2532 5015 sentiunt,
2565 4948 2700 5020 quia
2751 4949 3109 5021 iniquissime
3137 4951 3206 5006 de
3260 4951 3429 5006 rebus
3459 4944 3756 5004 existimant,
3790 4943 3844 5001 lll“

2255 5051 2387 5090 cum
2417 5053 2706 5091 summum
2736 5037 2956 5092 bonum
2985 5039 3141 5111 quod
3193 5045 3251 5094 et
3276 5044 3553 5111 quantum
3591 5034 3656 5087 sit
3678 5024 3842 5096 aspict’are

2255 5130 2564 5196 nequeant,
2599 5126 2735 5181 talia
2759 5127 2959 5183 volunt
2992 5144 3112 5182 esse
3139 5128 3350 5192 omnia,
3411 5126 3571 5199 quale
3597 5119 3764 5193 putant
3777 5119 3845 5161 esse

2253 5228 2544 5268 summum
2561 5214 2816 5270 bonum:
2850 5220 3057 5287 praeter
3099 5218 3256 5272 enim
3309 5230 3530 5270 summa
3554 5219 3750 5278 corpol'a
3770 5206 3845 5266 ‘1“?

2253 5301 2501 5356 caelestia
2524 5308 2676 5369 sunt,
2711 5304 3017 5375 minusque
3041 5304 3372 5376 corruptoni
3430 5299 3713 5371 subjacent,
3751 5296 3846 5376 sulll'

2253 5405 2411 5444 mum
2443 5391 2660 5446 bonum
2687 5392 2938 5464 cogitare
2999 5409 3118 5448 non
3156 5397 3423 5470 possunt;
3457 5391 3676 5458 ideoque
3699 5371 3846 5434 inofdl‘

2323 5577 2395 5638 (α)
2419 5576 2535 5626 Vid.
2557 5577 2717 5641 Epist.
2751 5581 2855 5640 166,
2880 5583 2946 5630 ad
2969 5580 3204 5639 Hieron.,
3237 5593 3287 5629 n.
3314 5581 3390 5629 18.
