4008 6184
179 398 316 449 13Οὸ

172 517 470 572 natissime
499 518 779 588 ﬂagitant,
808 524 870 574 ut
925 536 1027 574 nec
1072 526 1312 575 mortem
1343 538 1444 576 nec
1474 522 1646 575 ullam
1679 539 1869 577 corru-

171 608 429 678 ptionem
460 607 752 677 patiantur
782 625 1020 680 corpora
1053 609 1386 679 bestiarum,
1417 611 1578 682 quasi
1613 627 1728 665 non
1759 611 1873 665 sint

171 696 459 762 mortalia,
510 698 639 750 cum
673 695 786 749 sint
824 697 1057 764 intima;
1090 703 1189 751 aut
1218 697 1346 752 ideo
1376 700 1526 753 mala
1571 699 1705 763 sint,
1737 699 1871 769 quia

170 790 306 838 sunt
334 785 581 840 cwlestia
613 785 868 838 meliora.
909 787 1077 840 Dolor
1106 791 1298 840 autem
1328 804 1497 858 quem
1531 787 1725 842 bestia'
1747 803 1871 841 sen-

168 873 342 940 tiunt,
376 873 700 927 animarum
731 874 901 928 etiam
942 874 1268 928 bestialium
1300 875 1412 928 vim
1452 875 1761 946 quamdam
1808 875 1866 928 in

167 980 270 1016 suo
312 978 529 1032 genere
597 962 919 1017 mirabilem
971 964 1436 1036 laudabilemque
1484 964 1864 1018 commendat.

171 1053 284 1105 Hoc
304 1051 424 1122 ipso
447 1051 599 1103 enim
621 1051 752 1104 satis
783 1056 1018 1122 apparet
1048 1052 1105 1105 in
1139 1052 1404 1122 regendis
1435 1051 1868 1121 animandisque

165 1139 281 1192 suis
311 1139 661 1209 corporibus,
696 1155 868 1210 quam
902 1139 1018 1193 sint
1057 1145 1390 1211 appetentes
1438 1141 1686 1195 unitatis.
1723 1139 1863 1204 Quid

165 1231 251 1281 est
292 1227 446 1280 enim
476 1227 631 1281 aliud
682 1228 862 1294 dolor,
916 1228 1025 1282 nisi
1055 1229 1289 1299 quidam
1319 1245 1518 1282 sensus
1575 1229 1866 1283 divisionis

164 1315 252 1368 vel
280 1314 660 1386 corruptionis
693 1315 1040 1386 impatiens?
1088 1317 1246 1370 Unde
1283 1317 1406 1370 luce
1453 1317 1658 1370 clarius
1689 1333 1864 1387 appa-

164 1407 251 1456 ret
276 1419 448 1474 quam
481 1403 554 1456 sit
581 1402 680 1457 illa
710 1404 905 1457 anima
953 1405 1012 1457 in
1064 1403 1152 1457 sui
1199 1403 1454 1474 corporis
1498 1406 1866 1459 universitate

159 1489 330 1544 avida
378 1490 609 1544 unitatis
639 1496 695 1545 et
736 1496 928 1559 tenax,
957 1507 1085 1561 quae
1118 1507 1220 1545 nec
1253 1491 1516 1555 libenter,
1558 1508 1662 1545 nec
1692 1492 1863 1546 indif-

159 1579 431 1645 ferenter,
464 1580 562 1633 sed
591 1579 781 1649 potius
809 1581 1121 1634 renitenter
1145 1585 1202 1634 et
1232 1581 1576 1634 reluctanter
1618 1580 1863 1636 intendi-

159 1671 259 1720 tur
288 1668 343 1722 in
377 1683 502 1720 eam
531 1667 852 1738 passionem
884 1669 1141 1739 corporis
1168 1668 1275 1733 sui,
1309 1670 1557 1739 quaejus
1586 1669 1864 1724 unitatem

158 1760 334 1826 atque
373 1755 761 1826 integritatem
820 1755 1146 1810 labefactari
1179 1757 1418 1811 moleste
1461 1758 1684 1828 accipit.
1740 1759 1863 1811 Non

157 1860 299 1914 ergo
331 1850 636 1914 appareret
663 1849 914 1915 quantus
946 1844 1312 1900 inferioribus
1340 1847 1616 1900 creaturis
1645 1847 1861 1900 anima-

157 1933 308 1986 libus
336 1938 482 1987 esset
533 1933 821 2003 appetitus
861 1933 1118 2002 unitatis,
1162 1935 1269 1988 nisi
1303 1935 1497 1989 dolore
1526 1934 1857 1989 bestiarum.

155 2021 319 2085 Quod
349 2021 394 2073 si
429 2037 542 2074 non
571 2027 892 2092 appareret,
914 2022 1106 2076 minus
1128 2039 1303 2093 quam
1330 2040 1473 2094 opus
1490 2029 1637 2077 esset
1657 2025 1857 2078 admo-

155 2125 430 2164 neremur
459 2111 528 2164 ab
553 2110 650 2164 illa
680 2127 901 2164 summa
922 2115 977 2164 et
998 2111 1230 2165 sublimi
1260 2116 1315 2165 et
1337 2112 1610 2166 ineffabili
1641 2113 1860 2166 unitate

155 2198 442 2252 Creatoris
473 2214 592 2252 esse
627 2198 821 2252 omnia
859 2198 967 2252 ista
997 2199 1324 2254 constituta.

231 2290 319 2342 70.
358 2289 422 2342 Et
447 2303 645 2342 revera
675 2287 719 2340 si
751 2288 843 2357 pie
901 2304 965 2341 ac
1011 2288 1314 2359 diligenter
1357 2291 1636 2356 attendas,
1673 2291 1860 2345 omnis

154 2381 432 2429 creaturae
459 2376 675 2446 species
702 2382 760 2430 et
783 2382 970 2431 motus
1000 2377 1100 2447 qui
1121 2378 1182 2432 in
1207 2377 1385 2432 animi
1415 2379 1654 2434 humani
1681 2380 1859 2434 consi-

155 2465 514 2519 derationem
547 2464 695 2518 cadit
725 2509 738 2532 ,
768 2465 1148 2520 eruditionem
1178 2472 1431 2522 nostram
1458 2468 1736 2538 loquitur,
1771 2469 1857 2523 di-

156 2553 334 2607 versis
381 2554 631 2608 motibus
689 2560 747 2608 ct
793 2554 1208 2621 affectionibus,
1252 2556 1415 2627 quasi
1447 2557 1697 2628 quadam
1757 2574 1856 2612 va-

154 2644 356 2696 rietate
387 2642 735 2712 linguarum,
777 2642 1031 2713 undique
1070 2644 1320 2698 clamans
1349 2651 1520 2718 atque
1559 2646 1858 2717 increpans

153 2731 614 2800 cognoscendum
670 2747 790 2783 esse
835 2732 1177 2787 Creatorem.
1228 2734 1395 2787 Nulla
1438 2734 1592 2788 enim
1647 2750 1734 2788 res
1775 2739 1860 2787 est

155 2836 355 2874 carum
388 2836 516 2891 qua:
557 2835 659 2873 nec
713 2820 966 2874 dolorem
1028 2838 1128 2874 nec
1178 2822 1527 2893 voluptatem
1576 2823 1852 2888 sentiunt,

155 2923 287 2978 qua:
318 2923 433 2960 non
464 2905 658 2977 aliqua
689 2907 905 2961 unitate
959 2910 1128 2962 decus
1171 2909 1392 2979 proprii
1431 2909 1659 2979 generis
1704 2927 1854 2964 asse-

156 3000 385 3065 quatur,
419 2997 504 3048 vel
535 2996 771 3049 omnino
809 3001 1028 3050 natura:
1070 3013 1187 3051 sua:
1226 2999 1703 3070 qualemcumque
1743 3004 1854 3053 sta-

157 3084 462 3140 bilitatem.
505 3085 671 3137 Nulla
701 3085 839 3138 item
869 3101 958 3138 res
989 3091 1073 3139 est
1109 3101 1304 3140 earum
1339 3103 1466 3157 qua:
1513 3089 1599 3141 vel
1648 3088 1856 3142 doloris

157 3173 462 3236 molestias,
497 3173 585 3226 vel
614 3173 916 3227 blanditias
945 3174 1200 3228 sentiunt
1229 3175 1552 3246 voluptatis,
1585 3193 1713 3248 quae
1741 3194 1854 3231 non

155 3277 226 3314 eo
264 3259 386 3330 ipso
417 3277 527 3332 quo
550 3261 805 3315 dolorem
834 3263 1001 3332 fugit,
1028 3265 1493 3336 voluptatemque
1515 3266 1852 3336 appetit,di-

157 3349 535 3419 remptionem
560 3367 618 3402 se
657 3349 877 3419 fugere,
922 3350 1316 3423 unitatemque
1348 3357 1634 3425 appetere,
1675 3355 1850 3410 fatea-

155 3446 265 3493 tur.
303 3441 479 3510 lnque
510 3438 647 3509 ipsis
683 3439 1052 3494 rationalibus
1084 3440 1289 3494 animis
1333 3441 1519 3496 omnis
1566 3443 1850 3513 appetitus

150 3527 491 3599 cognitionis
521 3545 634 3599 qua
659 3527 754 3581 illa
785 3527 1247 3595 naturalaetatur,
1283 3533 1338 3582 et
1359 3529 1428 3584 ad
1461 3531 1739 3585 unitatem
1762 3548 1849 3584 re-

151 3615 259 3670 t‘ert
287 3631 454 3670 omne
477 3615 631 3686 quod
661 3615 924 3686 percipit,
958 3621 1016 3670 et
1047 3616 1106 3669 in
1134 3632 1324 3670 errore
1347 3618 1494 3671 nihil
1520 3620 1666 3689 fugit
1695 3620 1848 3673 aliud

147 3721 322 3774 quam
345 3703 916 3774 incomprehensibili
945 3703 1318 3774 ambiguitate
1351 3705 1642 3761 confundi.
1669 3708 1848 3762 Omne

145 3799 337 3848 autem
355 3794 691 3865 ambiguum
721 3793 876 3848 unde
898 3794 1204 3849 molestum
1222 3800 1324 3861 est,
1354 3795 1463 3850 nisi
1481 3797 1617 3868 quia
1636 3803 1848 3853 certam

144 3899 262 3935 non
279 3881 448 3935 habet
475 3882 756 3935 unitatem
779 3881 807 3935 Ἰ
836 3883 906 3936 Ex
929 3898 1041 3952 quo
1063 3888 1302 3953 apparet
1333 3884 1548 3951 omnia,
1582 3886 1697 3940 sive
1717 3903 1847 3941 cum

143 3971 446 4025 offendunt
475 3971 558 4023 vel
589 3970 978 4036 offenduntur,
1011 3971 1126 4026 sive
1158 3988 1286 4026 cum
1319 3973 1605 4028 delectant
1632 3976 1723 4030 vel
1749 3977 1848 4030 de-

144 4061 442 4125 lectantur,
477 4059 752 4113 unitatem
781 4059 1075 4113 insinuare
1107 4064 1275 4131 atque
1318 4063 1632 4132 praedicare
1675 4066 1844 4120 Crea-

142 4147 304 4202 toris.
335 4148 393 4202 Si
415 4153 604 4203 autem
632 4148 958 4220 ignorantia
977 4153 1034 4202 et
1055 4149 1381 4218 difficultas,
1402 4167 1432 4203 a
1453 4153 1660 4222 quibus
1677 4153 1844 4208 istam

139 4237 316 4290 vitam
346 4253 573 4292 necesse
603 4243 689 4291 est
710 4236 982 4306 incipere,
1016 4253 1134 4290 non
1154 4243 1287 4290 sunt
1304 4239 1510 4291 animis
1530 4243 1839 4307 naturales;

139 4330 319 4380 restat
349 4331 407 4380 ut
441 4333 539 4381 aut
568 4325 754 4380 officio
786 4328 1062 4395 suscepta":
1094 4324 1226 4394 sint,
1269 4329 1366 4378 aut
1395 4325 1661 4396 irrogatae
1709 4345 1844 4399 sup-

137 4413 330 4484 plicio.
389 4416 465 4469 De
519 4415 729 4486 quibus
781 4415 903 4486 jam
964 4413 1099 4468 satis
1166 4428 1288 4468 esse
1346 4414 1591 4469 arbitror
1647 4415 1840 4487 dispu-

137 4507 324 4558 tatum
335 4544 348 4557 .

130 4593 360 4647 CAPUT
389 4593 564 4646 XXIV.
598 4621 666 4632 —
715 4594 930 4647 Primus
962 4593 1116 4646 homo
1144 4607 1251 4647 non
1306 4594 1575 4662 insipiens
1626 4599 1840 4650 creatus

351 4687 447 4749 est,
498 4681 592 4736 sed
635 4684 918 4752 sapientiae
955 4697 1134 4750 capax
1186 4682 1436 4736 Stultitia
1469 4682 1624 4752 quid.

209 4773 297 4823 71.
329 4770 689 4841 Quapropter
715 4769 835 4840 ipse
864 4769 1084 4840 primus
1112 4769 1286 4824 homo
1319 4770 1504 4840 qualis
1536 4770 1714 4824 factus
1746 4770 1836 4835 sit,

131 4857 322 4928 magis
347 4858 722 4928 quaerendum
753 4863 856 4923 est,
886 4873 1058 4928 quam
1087 4859 1519 4926 quomodoejus
1542 4859 1839 4930 posteritas

129 4953 454 5019 propagata
476 4946 549 4998 sit
583 4947 820 5000 Multum
836 4947 989 5000 enim
1017 4946 1124 4999 sibi
1153 4947 1422 5000 videntur
1445 4953 1610 5000 acute
1638 4965 1839 5018 propo-

126 5048 275 5092 nere
309 5033 687 5103 quaestionem
741 5035 840 5104 qui
873 5035 1104 5089 dicunt:
1154 5034 1210 5088 Si
1251 5034 1478 5104 sapiens
1527 5037 1707 5089 factus
1756 5041 1839 5090 est

129 5123 359 5196 primus
383 5121 579 5188 homo,
613 5137 714 5174 cur
741 5123 1009 5176 seductus
1035 5121 1170 5176 est?
1201 5123 1246 5176 si
1277 5128 1470 5177 autem
1502 5125 1710 5178 stultus
1751 5125 1834 5178 fa-

128 5217 260 5268 ctus
291 5217 396 5280 est,
426 5209 716 5281 quomodo
747 5227 862 5264 non
884 5217 967 5265 est
995 5212 1140 5265 Deus
1168 5214 1364 5264 auctor
1394 5211 1682 5278 vitiorum,
1705 5229 1834 5267 cum

127 5303 209 5356 sit
236 5300 478 5355 stultitia
503 5298 817 5353 maximum
845 5299 1045 5354 vitium
1070 5301 1098 5355 ‘l’
1126 5299 1296 5364 Quasi
1327 5317 1458 5354 vero
1491 5303 1695 5356 natura
1734 5301 1836 5356 hu-

130 5406 307 5447 mana
333 5393 540 5462 praeter
561 5388 857 5442 stultitiam
886 5393 942 5442 et
970 5388 1306 5459 sapientiam
1339 5390 1557 5444 nullam
1586 5391 1832 5446 mediam

125 5475 375 5546 recipiat
398 5475 778 5542 affectionem,
820 5491 949 5548 quae
983 5493 1087 5529 nec
1131 5475 1388 5541 stultitia,
1423 5493 1524 5532 nec
1555 5476 1833 5548 sapientia

128 5565 246 5621 dici
272 5566 471 5636 possit.
510 5567 665 5621 Tunc
696 5564 850 5619 enim
905 5565 1076 5619 homo
1110 5564 1309 5636 incipit
1337 5571 1434 5621 aut
1472 5567 1679 5620 stultus
1709 5581 1830 5620 esse

129 5659 237 5710 aut
271 5655 516 5727 sapiens,
545 5659 612 5711 ut
635 5655 878 5711 alterum
908 5655 1116 5710 horum
1146 5656 1462 5714 necessario
1495 5658 1831 5731 appelletur,

1622 398 1833 454 LIBER
1874 398 2199 455 TERTIUS.

3545 403 3676 455 1306

1982 539 2112 576 cum
2139 523 2261 593 jam
2291 527 2502 594 posset,
2535 522 2643 576 nisi
2689 523 3023 592 negligeret,
3077 523 3285 576 habere
3317 521 3674 592 sapientiam,

1980 615 2046 664 ut
2069 611 2284 665 vitiosa:
2313 610 2569 665 stultitiae
2602 610 2676 664 sit
2707 612 2967 664 voluntas
3006 627 3119 665 rea.
3158 613 3276 664 Non
3323 611 3475 664 enim
3521 613 3674 684 quis-

1980 715 2152 768 quam
2179 699 2252 752 ita
2285 698 2510 769 desipit,
2536 703 2599 751 ut
2621 699 2856 751 stultum
2887 699 3452 768 appelletinfantem,
3481 715 3676 769 quam-

1978 787 2060 840 vis
2091 787 2164 842 sit
2194 787 2495 842 absurdior
2514 787 2560 840 si
2594 787 2728 840 velit
2755 788 3043 858 appellare
3073 787 3411 856 sapientem.
3447 788 3517 840 Ut
3540 802 3676 855 ergo

1978 875 2165 930 infans
2222 893 2324 930 nec
2357 878 2560 930 stultus
2606 893 2709 929 nec
2741 875 2965 946 sapiens
3015 876 3122 929 dici
3165 880 3367 944 potest,
3417 875 3676 945 quamvis

1971 965 2092 1036 jam
2120 965 2294 1019 homo
2324 965 2430 1032 sit;
2464 981 2531 1019 ex
2565 981 2677 1036 quo
2707 969 2945 1036 apparet
2974 968 3236 1018 naturam
3267 963 3515 1017 hominis
3536 963 3675 1016 reci-

1976 1069 2112 1123 pere
2143 1053 2359 1123 aliquid
2393 1052 2667 1117 medium,
2699 1053 2852 1122 quod
2892 1067 3076 1122 neque
3121 1051 3440 1117 stultitiam,
3483 1063 3672 1120 neque

1977 1141 2318 1211 sapientiam
2346 1147 2496 1196 recte
2525 1141 2810 1195 vocaveris
2835 1157 2846 1194 :
2869 1142 2946 1194 ita
2970 1140 3139 1194 etiam
3157 1140 3202 1194 si
3235 1140 3537 1211 quisquam
3571 1140 3671 1192 tali

1976 1231 2272 1285 affectione
2302 1231 2588 1284 animatus
2619 1236 2785 1298 esset,
2830 1231 3058 1300 qualem
3088 1229 3300 1283 habent
3323 1229 3409 1282 illi
3433 1229 3530 1299 qui
3569 1243 3670 1297 per

1976 1318 2382 1389 negligentiam
2415 1319 2690 1388 sapientia
2714 1322 2926 1384 carent,
2955 1333 3124 1371 nemo
3155 1334 3285 1371 eum
3317 1319 3556 1371 stultum
3583 1332 3669 1369 re-

1974 1412 2060 1460 cte
2091 1407 2300 1461 diceret
2329 1423 2500 1477 quem
2531 1423 2646 1460 nou
2677 1405 2832 1471 vitio,
2859 1405 2955 1460 sed
2997 1411 3199 1459 natura
3228 1406 3399 1460 talem
3432 1406 3664 1458 videret.

1977 1496 2067 1548 Est
2087 1495 2238 1548 enim
2262 1495 2521 1561 stultitia,
2546 1511 2738 1548 rerum
2763 1494 3207 1564 appetendarum
3233 1499 3288 1547 et
3308 1494 3664 1546 vitandarum

1973 1600 2088 1637 non
2120 1584 2408 1654 qumlibet,
2440 1584 2539 1638 sed
2565 1583 2761 1637 vitiosa
2784 1582 3126 1652 ignorantia.
3152 1582 3308 1636 Unde
3343 1598 3526 1652 neque
3548 1582 3666 1634 aui-

1975 1673 2434 1727 malirrationale
2465 1675 2702 1726 stultum
2737 1671 2996 1738 dicimus,
3021 1670 3157 1741 quia
3203 1687 3321 1724 non
3365 1670 3579 1741 accepit
3611 1675 3671 1724 u‘.

1972 1762 2197 1831 sapiens
2227 1777 2344 1815 esse
2378 1766 2582 1830 posset.
2616 1762 2983 1830 Appellamus
3014 1764 3202 1812 tamen
3231 1760 3569 1830 plerumque
3601 1777 3665 1812 ex

1971 1850 2345 1904 similitudine
2376 1849 2590 1920 aliquid
2621 1866 2732 1902 non
2764 1848 3016 1920 proprie.
3055 1849 3193 1901 Nam
3217 1852 3272 1900 et
3287 1847 3509 1900 caecitas
3539 1863 3664 1900 eum

1973 1940 2285 1994 maximum
2314 1938 2512 1992 vitium
2544 1938 2615 1992 sit
2653 1939 2976 2006 oculorum,
3009 1953 3120 1990 non
3152 1941 3345 1990 tamen
3375 1935 3436 1989 in
3466 1937 3666 1989 catulis

1973 2029 2335 2083 nascentibus
2360 2028 2561 2081 vitium
2575 2032 2674 2088 est,
2700 2043 2800 2080 nec
2829 2026 3058 2096 proprie
3081 2025 3302 2078 cwcitas
3324 2024 3432 2078 dici
3457 2030 3662 2094 potest.

2039 2120 2127 2170 7‘2.
2162 2116 2216 2170 Si
2241 2131 2376 2186 ergo
2406 2117 2483 2169 ita
2505 2117 2682 2169 factus
2713 2121 2800 2169 est
2831 2116 3025 2176 homo,
3052 2120 3113 2168 ut
3151 2114 3408 2184 quamvis
3439 2115 3667 2183 sapiens

1970 2205 2229 2259 nondum
2280 2209 2444 2271 esset,
2505 2210 2854 2275 praeceptum
2917 2207 3109 2257 tamen
3164 2207 3355 2274 posset
3386 2202 3663 2272 accipere,

1969 2293 2061 2346 cui
2093 2293 2288 2364 utique
2319 2294 2713 2363 obtemperare
2746 2293 3010 2352 deberet;
3056 2309 3158 2346 nec
3205 2291 3347 2346 illud
3385 2291 3507 2362 jam
3559 2290 3662 2343 mi-

1968 2397 2099 2435 rum
2159 2381 2429 2451 estquod
2495 2381 2688 2434 seduci
2733 2381 2954 2450 potuit;
3015 2396 3118 2433 nec
3167 2380 3310 2434 illud
3361 2379 3662 2449 injustum,

1969 2470 2121 2539 quod
2153 2474 2438 2539 praecepto
2489 2486 2600 2523 nou
2659 2469 3060 2539 obtemperans
3116 2485 3314 2538 poenas
3365 2467 3504 2532 luit;
3565 2483 3667 2520 nec

1969 2559 2200 2612 Creator
2231 2559 2352 2629 ejus
2381 2563 2579 2612 auctor
2606 2557 2870 2611 vitiorum
2903 2561 3005 2622 est,
3039 2557 3173 2628 quia
3205 2573 3320 2609 non
3351 2556 3559 2610 habere
3587 2571 3666 2607 sa-

1967 2646 2265 2716 pientiam,
2291 2647 2545 2701 nondum
2571 2651 2692 2700 erat
2733 2646 2930 2700 vitium
2951 2645 3221 2706 hominis,
3257 2645 3301 2697 si
3331 2645 3584 2698 nondum
3605 2648 3668 2697 ut

1965 2735 2176 2789 habere
2207 2740 2418 2805 posset,
2455 2741 2768 2806 acceperat.
2805 2735 2912 2789 Sed
2945 2740 3136 2788 tamen
3169 2733 3416 2786 habebat
3446 2733 3662 2801 aliquid

1966 2839 2080 2893 quo
2112 2823 2157 2876 si
2188 2824 2328 2877 bene
2355 2823 2439 2876 uti
2468 2824 2656 2886 vellet,
2690 2824 2756 2877 ad
2793 2823 2849 2877 id
2877 2823 3024 2892 quod
3061 2839 3174 2874 non
3202 2821 3444 2875 habebat
3475 2821 3663 2873 asceti-

1965 2911 2142 2964 deret.
2170 2911 2335 2965 Aliud
2367 2916 2449 2966 est
2479 2911 2632 2964 enim
2664 2927 2781 2964 esse
2833 2911 3190 2973 rationalem,
3227 2908 3380 2962 aliud
3412 2925 3530 2961 esse
3575 2926 3660 2961 sa-

1965 2999 2239 3068 pientem.
2276 2999 2587 3054 Rationetit
2609 2999 2850 3070 quisque
2879 2999 3154 3069 praecepti
3173 3014 3364 3068 capax,
3388 2997 3660 3051 cuifidem

1966 3087 2152 3153 debet,
2183 3092 2244 3141 ut
2273 3089 2422 3158 quod
2459 3087 2808 3159 prsecipitur,
2843 3087 3029 3142 faciat.
3061 3087 3215 3143 Sicut
3246 3091 3436 3140 autem
3459 3091 3660 3140 natura

1965 3177 2204 3230 rationis
2222 3182 2576 3248 praeceptum
2607 3177 2778 3248 capit,
2804 3177 2882 3231 sic
2915 3175 3186 3247 praecepti
3219 3174 3536 3229 observatio
3579 3191 3662 3228 sa-

1963 3265 2261 3334 pientiam.
2291 3265 2452 3329 Quod
2488 3270 2572 3319 est
2601 3269 2791 3318 autem
2819 3271 3019 3318 natura
3051 3265 3122 3319 ad
3152 3264 3491 3334 capiendum
3523 3279 3664 3334 prte-

1961 3357 2210 3424 ceptum,
2244 3355 2350 3409 hoc
2388 3358 2472 3409 est
2521 3354 2784 3409 voluntas
2824 3355 2893 3408 ad
2941 3354 3384 3408 observandum.
3424 3355 3488 3408 Et
3517 3354 3662 3406 sicut

1962 3443 2257 3496 rationalis
2288 3448 2488 3497 natura
2509 3447 2782 3515 tauquam
2816 3442 3083 3498 meritum
3114 3447 3197 3496 est
3219 3441 3485 3513 praecepti
3514 3441 3659 3494 acci-

1960 3531 2272 3602 piendi,sic
2300 3533 2573 3604 praecepti
2587 3532 2905 3586 observatio
2927 3532 3195 3585 meritum
3214 3536 3298 3584 est
3316 3529 3658 3600 accipiendm

1961 3620 2373 3691 sapientiaa’Ex
2387 3638 2500 3691 quo
2535 3629 2710 3674 xulem
2729 3620 2928 3691 incipit
2947 3621 3119 3674 homo
3133 3618 3402 3691 prmcepti
3421 3634 3542 3672 esse
3563 3634 3658 3671 ca-

1959 3725 2088 3779 pax,
2118 3725 2182 3762 ex
2205 3708 2302 3762 illo
2323 3708 2695 3779 incipitposse
2721 3725 2974 3779 peccare.
3012 3709 3241 3762 Duobus
3270 3712 3460 3762 autem
3480 3707 3661 3761 modis

1956 3803 2154 3866 peccat
2182 3802 2492 3868 antequam
2512 3798 2611 3851 fiat
2638 3796 2896 3868 sapiens;
2923 3797 2970 3850 si
2989 3801 3088 3851 aut
3108 3813 3167 3851 se
3196 3813 3313 3851 non
3343 3812 3658 3850 accommo-

1958 3887 2055 3939 det
2072 3885 2145 3939 ad
2177 3884 2573 3955 accipiendum
2586 3891 2873 3956 praecepto
2884 3901 2957 3949 m,
2979 3892 3080 3939 aut
3097 3901 3227 3939 cum
3245 3883 3528 3955 acceperit
3543 3901 3659 3938 non

1958 3974 2484 4045 observi-t.Sapiens
2506 3979 2699 4028 autem
2728 3972 3074 4044 peccat,sise
3105 3972 3657 4044 averteritasapien-

1955 4065 2052 4118 tia.
2087 4063 2244 4118 Sicut
2263 4063 2418 4117 enim
2448 4068 2799 4134 praeceptum
2819 4079 2935 4117 non
2961 4067 3045 4116 est
3073 4062 3262 4117 abillo
3285 4063 3377 4116 cui
3393 4062 3656 4133 praecipi-

1953 4156 2065 4219 tur,
2091 4153 2189 4206 sed
2210 4154 2280 4206 ab
2309 4153 2408 4206 illo
2440 4153 2541 4222 qui
2569 4152 2861 4223 prtecipit;
2887 4151 2963 4205 sic
2984 4155 3037 4204 et
3063 4150 3340 4221 sapientia
3355 4168 3471 4204 non
3488 4156 3571 4205 est
3587 4151 3657 4204 ab

1953 4239 2051 4293 illo
2069 4240 2562 4309 quiilluminatur,
2578 4243 2671 4294 sed
2697 4242 2767 4294 ab
2783 4241 2879 4294 illo
2901 4240 2999 4311 qui
3020 4239 3326 4294 illuminat.
3351 4239 3497 4303 Quid
3517 4254 3654 4309 ergo

1953 4331 2039 4382 est
2075 4328 2226 4382 unde
2253 4345 2367 4383 non
2399 4329 2718 4384 laudandus
2749 4329 2821 4384 sit
2847 4327 3097 4384 hominis
3127 4327 3401 4382 Creator‘?
3433 4329 3651 4381 Bonum

1951 4420 2037 4470 est
2071 4416 2223 4469 enim
2254 4415 2485 4488 aliquod
2513 4416 2710 4480 homo,
2744 4422 2801 4472 et
2830 4417 3034 4472 melius
3065 4432 3238 4488 quam
3267 4431 3461 4488 pecus,
3495 4433 3563 4471 ex
3584 4433 3652 4471 eo

1951 4505 2105 4575 quod
2131 4505 2405 4575 praecepti
2433 4521 2630 4576 capax.
2665 4507 2728 4561 Et
2758 4505 2864 4560 hoc
2891 4504 3116 4571 melius,
3144 4520 3275 4558 cum
3302 4509 3652 4576 praceptum

1943 4592 2063 4661 jam
2089 4593 2257 4663 cepit.
2290 4594 2527 4661 Rursus,
2560 4595 2669 4649 hoc
2698 4593 2923 4659 melius,
2957 4609 3086 4647 cum
3118 4599 3405 4663 praecepto
3437 4595 3647 4666 paruit.

1951 4682 2012 4735 Et
2036 4681 2120 4734 his
2151 4683 2419 4737 omnibus
2443 4684 2664 4752 melius,
2697 4698 2826 4736 cum
2861 4686 3076 4736 aeterno
3105 4681 3322 4736 lumine
3354 4683 3652 4753 sapientia:

1946 4769 2148 4823 beatus
2175 4776 2276 4824 est.
2317 4773 2616 4825 Peccatum
2650 4776 2840 4825 autem
2874 4771 3090 4824 malum
3124 4775 3207 4825 est
3250 4771 3309 4825 in
3354 4771 3650 4844 negligen-

1946 4857 2026 4910 tia
2052 4858 2137 4912 vel
2166 4859 2232 4912 ad
2255 4860 2596 4928 capiendum
2612 4862 2985 4929 praeceptum,
3011 4859 3096 4913 vel
3118 4860 3189 4913 ad
3207 4859 3648 4926 observandum,

1947 4947 2034 5000 vel
2061 4946 2130 5001 ad
2164 4947 2595 5001 custodiendam
2645 4935 3187 5017 contemplationem
3219 4949 3534 5020 sapientite.
3573 4951 3644 5002 Ex

1948 5051 2062 5106 quo
2097 5036 2455 5105 intelligitur,
2489 5035 2714 5090 etiamsi
2744 5036 2970 5107 sapiens
3008 5037 3226 5108 primus
3264 5038 3438 5092 homo
3468 5038 3648 5091 factus

1946 5128 2030 5178 est
2071 5125 2111 5190 ί,
2166 5124 2421 5194 potuisse
2473 5130 2662 5179 tamen
2711 5126 2925 5180 seduci.
2977 5126 3138 5192 Quod
3191 5132 3484 5198 peccatum
3515 5143 3647 5180 cum

1945 5217 2091 5266 esset
2119 5211 2178 5266 in
2206 5211 2386 5266 libero
2417 5212 2675 5280 arbitrio,
2703 5214 2877 5285 justa,
2911 5213 3106 5269 divina
3136 5215 3283 5285 lege,
3313 5230 3480 5285 paena
3509 5230 3644 5268 con-

1944 5305 2138 5355 secuta
2161 5305 2246 5354 est
2271 5304 2310 5355 ⁸.
2354 5302 2435 5355 Ita
2475 5301 2610 5356 dicit
2637 5302 2806 5356 etiam
2841 5305 3133 5375 apostolus
3163 5303 3370 5356 Paulus
3399 5316 3410 5358 :
3451 5302 3644 5357 Dicen-

2009 5427 2182 5482 1Lov.,
2201 5425 2400 5490 factus
2415 5429 2581 5490 esset.
2595 5426 2692 5476 Sed
2727 5427 2914 5476 melius
2932 5428 3057 5476 Bad.
3081 5427 3165 5490 Er.
3185 5430 3237 5490 et
3249 5426 3484 5490 plerique
3500 5428 3644 5488 Mss,

1937 5487 2110 5546 larius
2145 5491 2252 5554 θείς
2279 5501 2358 5554 (ιχΔ
2371 5488 2432 5536 iis
2459 5489 2651 5551 Regius
2681 5490 2853 5539 Codex
2886 5494 3005 5552 post
3023 5487 3417 5554 seduci,_adi_lit',
3449 5494 3500 5540 et
3521 5487 3646 5554 prec;

1939 5562 2084 5615 care.
2101 5577 2171 5615 _—
2193 5550 2298 5607 ΕΓ..
2327 5547 2506 5612 factus
2529 5547 2618 5609 est,
2632 5554 2800 5614 potuit
2824 5547 3015 5602 tamen.
3045 5551 3129 5598 Er.
3153 5550 3309 5598 Guill.
3326 5551 3386 5615 in
3403 5547 3644 5615 margine

1941 5611 2058 5664 fert.
2085 5611 2263 5674 factus
2292 5611 2450 5672 esset,
2482 5618 2540 5662 ut
2565 5611 2708 5671 μοὶ..
2733 5620 2804 5670 et,
2834 5625 3076 5674 peccare,
3107 5625 3220 5674 pro.
3243 5614 3444 5662 seduci.
3479 5611 3550 5664 ML

2021 5675 2225 5723 2Plures
2238 5676 2786 5738 illss.,justamdirina
2802 5675 3140 5738 legepa'nam
3175 5679 3517 5727 consecutum
3545 5680 3641 5729 est.
