4036 6182
432 346 447 395 l
461 345 561 396 307

425 472 500 522 tes
529 483 584 521 se
610 482 720 521 esse
748 469 1034 535 sapientes,
1066 467 1222 520 stulti
1266 467 1409 532 facti
1451 467 1599 518 sunt.
1641 462 1919 533 Superbia
1965 462 2117 517 enim

424 555 627 610 avertit
655 571 689 608 a
719 554 993 625 sapientia
1018 569 1030 608 :
1065 553 1417 608 eversionem
1445 557 1635 606 autem
1667 551 1902 606 stultitia
1922 566 2117 604 conse-

425 644 642 714 quitur.
673 643 923 698 Stultitia
937 642 1150 713 quippe
1168 641 1387 697 cazcitas
1408 641 1671 712 quaedam
1684 645 1789 706 est,
1805 640 1951 695 sicut
1964 639 2118 694 idem

426 733 562 787 dicit
596 751 608 787 :
642 735 712 799 Et
739 733 1084 788 obscuratum
1114 736 1191 786 est
1229 733 1493 800 insipiens
1541 745 1629 785 cor
1663 745 1842 783 eorum
1872 730 2038 798 (Rom.
2077 744 2113 788 ι,

425 825 516 887 22,
538 824 596 876 2t
608 832 644 890 ).
669 822 823 876 Unde
844 825 1036 874 autem
1058 820 1178 874 haec
1200 819 1541 887 obscuratio,
1567 818 1755 872 nisiex
1779 817 2068 872 aversione
2086 833 2119 869 a

424 909 642 964 lumine
671 908 1011 980 sapientize?
1039 908 1192 962 unde
1213 913 1404 962 autem
1435 908 1558 962 haec
1586 907 1824 973 aversio,
1851 906 1960 960 nisi
1980 907 2116 959 dum

426 997 521 1051 ille
552 997 642 1051 cui
676 997 889 1051 bonum
946 1001 1030 1050 est
1061 998 1228 1063 Deus,
1262 995 1370 1050 sibi
1398 996 1520 1067 ipse
1550 997 1672 1051 vult
1708 1012 1855 1049 essse
1904 995 2118 1049 bonum

425 1101 618 1152 suum,
652 1084 818 1138 sicuti
848 1083 957 1137 sibi
986 1089 1072 1138 est
1117 1085 1300 1140 Deus?
1336 1086 1554 1155 Itaque,
1583 1086 1677 1139 Ad
1699 1087 1980 1154 meipsum,
2021 1084 2116 1136 in-

427 1173 574 1245 quit,
633 1173 952 1228 conturbata
998 1177 1076 1227 est
1127 1176 1313 1228 anima
1377 1189 1500 1228 mea
1556 1175 1717 1242 (Psal.
1761 1190 1870 1242 xu,
1903 1173 1999 1243 '7):
2040 1176 2115 1236 et,

425 1262 668 1328 Gustate,
702 1267 750 1315 et
773 1263 925 1315 eritis
953 1263 1094 1314 sicut
1113 1261 1194 1314 dii
1223 1261 1374 1331 (Gen.
1400 1279 1478 1328 Ill,
1513 1260 1584 1331 5).

488 1352 579 1405 ’73.
621 1349 832 1402 'I‘urbat
855 1353 1049 1402 autem
1078 1349 1526 1416 considerantes,
1550 1348 1796 1420 quodita
1820 1352 2115 1420 quaerunt:

423 1437 746 1495 Stultitiane
774 1437 996 1507 primus
1029 1437 1202 1491 homo
1233 1437 1506 1491 recessita
1529 1439 1645 1492 Deo
1665 1438 1692 1492 ?
1715 1455 1782 1490 an
1802 1438 2117 1492 recedendo

423 1528 628 1582 stultus
655 1526 834 1580 factus
865 1530 948 1579 est
973 1526 1002 1578 ?
1024 1525 1167 1589 Quia
1197 1525 1242 1578 si
1290 1526 1658 1595 responderis
1704 1542 1836 1580 eum
1880 1526 2120 1580 stultitia

422 1614 716 1669 recessisse
773 1631 804 1667 a
834 1613 1134 1684 sapientia,
1165 1613 1448 1668 videbitur
1494 1616 1700 1669 stultus
1755 1615 1926 1668 fuisse
1959 1619 2115 1669 ante-

424 1718 597 1773 quam
622 1702 913 1756 recederet
939 1719 972 1756 a
1001 1703 1300 1772 sapientia,
1328 1703 1646 1758 utstultitia
1675 1703 1760 1757 illi
1784 1719 1951 1757 causa
1971 1708 2120 1757 esset

421 1791 740 1845 recedendi.
796 1792 937 1845 Item
969 1790 1016 1844 si
1066 1791 1425 1862 responderis
1459 1808 1591 1846 eum
1629 1792 1944 1846 recedendo
1989 1793 2120 1846 stul-

421 1883 544 1933 tum
577 1896 696 1934 esse
727 1880 959 1948 factum,
994 1885 1259 1951 quaerunt
1283 1884 1479 1934 utrum
1512 1881 1702 1948 stulte,
1730 1897 1804 1934 an
1834 1880 2120 1952 sapienter

420 1969 617 2024 fecerit
649 1969 802 2040 quod
841 1969 1090 2024 recessit.
1141 1969 1198 2024 Si
1239 1969 1394 2024 enim
1443 1970 1730 2040 sapienter
1782 1971 1937 2040 fecit,
1969 1976 2119 2024 recte

419 2057 571 2125 fecit,
605 2057 861 2129 nihilque
890 2058 1177 2129 peccavit:
1210 2058 1260 2112 si
1290 2060 1480 2122 stulte,
1509 2060 1631 2130 jam
1663 2064 1805 2127 erat,
1825 2059 2116 2130 inquiunt,

421 2146 482 2200 in
511 2163 578 2200 eo
609 2146 869 2210 stultitia,
903 2163 1018 2217 qua
1046 2147 1258 2201 factum
1281 2152 1362 2201 est
1391 2152 1458 2201 ut
1471 2148 1781 2202 recederet.
1815 2149 1938 2202 Non
1963 2147 2117 2202 enim

419 2235 590 2289 stulte
625 2235 837 2306 aliquid
869 2235 988 2289 sine
1045 2235 1288 2290 stultitia
1342 2237 1528 2290 facere
1580 2240 1822 2306 poterat.
1878 2237 1952 2290 Ex
2003 2253 2116 2307 quo

421 2327 660 2394 apparet
706 2339 824 2376 esse
865 2323 1138 2394 quiddam
1184 2323 1463 2386 medium,
1496 2340 1610 2394 quo
1654 2325 1726 2378 ad
1757 2324 2057 2379 stultitiam
2087 2342 2121 2380 a

419 2411 702 2482 sapientia
739 2411 1036 2478 transitur,
1065 2411 1216 2481 quod
1248 2427 1434 2482 neque
1457 2413 1648 2477 stulte,
1679 2429 1868 2484 neque
1899 2413 2118 2483 sapien-

417 2503 507 2552 ter
538 2499 750 2552 factum
768 2498 877 2553 dici
907 2503 1114 2569 potest,
1147 2499 1303 2569 quod
1334 2499 1404 2552 ab
1430 2499 1762 2554 hominibus
1782 2501 1842 2554 in
1871 2501 1977 2556 hac
2006 2501 2119 2556 vita

419 2587 739 2642 constitutis
769 2603 885 2640 non
921 2586 1027 2640 nisi
1059 2604 1122 2641 ex
1145 2587 1430 2641 contrario
1466 2588 1632 2642 datur
1661 2588 1923 2660 intelligi.
1965 2589 2120 2644 Sicut

421 2675 574 2729 enim
603 2676 796 2730 nullus
825 2675 1155 2730 mortalium
1187 2675 1252 2730 ﬁt
1278 2675 1524 2746 sapiens,
1548 2676 1660 2730 nisi
1689 2677 1759 2731 ab
1791 2678 2033 2732 stultitia
2057 2679 2116 2732 in

420 2763 758 2834 sapientiam
790 2767 1044 2818 transeat
1067 2781 1079 2831 ;
1104 2764 1226 2835 ipse
1247 2769 1440 2819 autem
1469 2765 1746 2820 transitus
1770 2766 1816 2820 si
1841 2768 2010 2821 stulte
2032 2769 2111 2834 tit,

422 2869 538 2907 non
579 2852 776 2924 utique
803 2853 952 2907 bene
972 2854 1057 2922 tit,
1089 2854 1240 2924 quod
1268 2853 1762 2909 dementissimum
1783 2859 1867 2909 est
1889 2855 2076 2910 dicere
2101 2877 2116 2923 ;

423 2939 470 2992 si
499 2944 690 2994 autem
721 2941 1008 3012 sapienter
1035 2940 1118 3008 ﬁt,
1145 2941 1266 3012 jam
1297 2947 1420 2996 erat
1447 2942 1726 3012 sapientia
1774 2943 1834 2997 in
1882 2945 2116 3000 homine

419 3032 729 3099 antequam
760 3028 1054 3082 transisset
1103 3029 1170 3083 ad
1230 3029 1592 3100 sapientiam,
1632 3031 1785 3102 quod
1820 3032 2116 3086 nihilomi-

419 3132 527 3168 nus
558 3116 868 3170 absurdum
901 3122 1018 3182 est;
1049 3133 1112 3172 ex
1142 3133 1258 3188 quo
1301 3118 1645 3190 intelligitur
1686 3135 1807 3175 esse
1837 3121 2114 3189 medium,

420 3205 574 3274 quod
603 3208 874 3258 neutrum
905 3204 1016 3259 dici
1053 3206 1270 3276 possit:
1304 3207 1385 3262 ita
1412 3213 1470 3263 et
1514 3224 1580 3262 ex
1623 3224 1750 3262 arce
1798 3209 2115 3280 sapientiai,

419 3294 481 3344 ut
507 3290 578 3344 ad
628 3291 923 3346 stultitiam
969 3292 1190 3362 primus
1217 3294 1392 3348 homo
1418 3297 1704 3361 transiret,
1746 3313 1849 3351 nec
1888 3298 2114 3360 stultus,

419 3394 524 3434 nec
556 3379 782 3450 sapiens
811 3381 1082 3435 transitus
1109 3381 1206 3435 ille
1235 3383 1369 3438 fuit.
1415 3385 1583 3439 Velut
1613 3385 1673 3439 in
1704 3402 1903 3440 somno
1937 3391 1994 3440 et
2033 3386 2117 3440 vi-

417 3465 590 3536 giliis,
622 3483 809 3538 neque
838 3467 893 3522 id
909 3472 993 3522 est
1011 3468 1263 3524 dormire
1289 3471 1443 3541 quod
1457 3471 1902 3543 obdormiscere,
1928 3489 2115 3545 neque

417 3555 475 3610 id
503 3561 588 3611 est
616 3556 852 3627 vigilare
877 3558 1031 3628 quod
1063 3559 1400 3630 expergisci,
1431 3560 1531 3615 sed
1568 3562 1839 3616 transitus
1882 3563 2117 3634 quidam

418 3661 480 3699 ex
513 3646 692 3700 altero
717 3645 778 3700 in
828 3647 1093 3701 alterum.
1124 3649 1330 3702 Verum
1361 3649 1471 3704 hoc
1500 3648 1757 3718 interest,
1812 3651 1964 3722 quod
1995 3651 2117 3706 sine

417 3735 711 3790 voluntate
735 3735 1075 3808 plerumque
1104 3736 1212 3791 ista
1240 3738 1388 3792 ﬁunt
1412 3755 1425 3793 :
1465 3738 1564 3793 illa
1597 3742 1786 3794 autem
1818 3756 2117 3812 nunquam

419 3824 531 3878 nisi
560 3841 665 3896 per
693 3825 1082 3892 voluntatem;
1141 3826 1293 3881 unde
1325 3827 1658 3896 justissima:
1711 3829 2117 3885 retributiones

417 3917 866 3983 consequuntur.

419 4002 646 4056 CAPUT
671 4002 822 4056 XXV.
853 4030 922 4041 —
951 4001 1160 4068 Quibus
1183 4003 1317 4057 uisis
1367 4005 1614 4072 tangitur
1636 4007 1924 4062 rationalis
1948 4011 2117 4062 natu-

634 4106 701 4144 ra
741 4105 859 4146 cum
907 4093 1255 4146 intentionem
1285 4092 1360 4146 ad
1385 4094 1588 4148 malum
1622 4097 1902 4150 convertit.

490 4181 581 4235 74.
626 4178 736 4234 Sed
788 4179 922 4251 quia
950 4180 1306 4235 voluntatem
1333 4196 1451 4236 non
1481 4181 1654 4236 allicit
1699 4183 1767 4238 ad
1796 4183 2117 4240 faciendum

421 4267 739 4340 quodlibet,
770 4268 882 4322 nisi
911 4267 1146 4340 aliquod
1171 4269 1356 4324 visum
1377 4270 1541 4341 ;quid
1564 4276 1756 4326 autem
1772 4273 2015 4345 quisque
2029 4275 2118 4329 vel

421 4360 612 4412 sumat
639 4357 727 4411 vel
751 4361 996 4427 respuat,
1033 4362 1118 4411 est
1147 4357 1208 4412 in
1237 4362 1534 4429 potestate,
1571 4360 1669 4415 sed
1699 4377 1813 4433 quo
1841 4361 1962 4416 viso
1990 4366 2114 4417 tan-

422 4450 614 4515 gatur,
646 4445 805 4500 nulla
837 4449 1084 4516 potestas
1111 4451 1234 4500 est:
1270 4446 1566 4502 fatendum
1596 4452 1682 4502 est
1730 4456 1785 4504 et
1833 4466 1900 4504 ex
1946 4467 2116 4522 supe-

422 4533 671 4588 rioribus
697 4539 755 4588 et
785 4550 852 4589 ex
869 4533 1234 4589 inferioribus
1257 4534 1393 4590 visis
1423 4536 1679 4590 animum
1703 4537 1861 4608 tangi
1884 4538 2120 4593 utratio-

423 4622 569 4676 nalis
590 4621 903 4678 substantia
932 4640 999 4678 ex
1018 4629 1263 4695 utroque
1289 4629 1477 4679 sumat
1504 4627 1658 4696 quod
1681 4626 1944 4694 voluerit,
1967 4633 2024 4682 et
2053 4643 2118 4682 ex

424 4709 629 4764 merito
661 4710 924 4766 sumendi
949 4712 1038 4766 vel
1071 4711 1306 4767 miseria
1333 4713 1418 4766 vel
1447 4713 1688 4769 beatitas
1719 4716 2116 4786 subsequatur.

422 4799 588 4854 Velut
614 4799 675 4852 in
703 4800 966 4869 paradiso
989 4801 1174 4856 visum
1213 4819 1281 4856 ex
1310 4803 1718 4874 superioribus,
1767 4807 2120 4875 praeceptum

427 4887 563 4955 Dei;
597 4887 782 4943 visum
809 4907 875 4944 ex
906 4890 1290 4958 inferioribus,
1323 4893 1614 4964 suggestio
1646 4893 1940 4964 serpentis.
1976 4895 2119 4948 Nam

425 4993 611 5049 neque
642 4977 782 5049 quid
811 4977 918 5032 sibi
949 4979 1360 5050 praeciperetur
1380 4998 1410 5034 a
1434 4980 1700 5048 Domino,
1720 4998 1906 5052 neque
1928 4982 2068 5053 quid
2087 4998 2122 5036 a

423 5072 688 5137 serpente
720 5073 1142 5139 suggereretur,
1160 5069 1268 5124 fuit
1284 5069 1343 5124 in
1360 5070 1609 5125 hominis
1623 5076 1921 5141 potestate.
1937 5072 2120 5136 Quam

426 5154 498 5210 sit
521 5160 714 5210 autem
743 5156 987 5210 liberum
1019 5159 1076 5209 et
1095 5155 1164 5210 ab
1197 5157 1465 5212 omnibus
1501 5157 1850 5212 difﬁcultatis
1879 5156 2120 5212 vinculis

427 5244 778 5314 expeditum,
812 5245 938 5316 ipsa
985 5244 1281 5316 sapientiai
1334 5245 1575 5301 sanitate
1626 5246 1955 5314 constituto,
2003 5262 2121 5300 non

424 5333 622 5387 cedere
651 5333 787 5387 visis
817 5333 1103 5388 inferioris
1119 5335 1427 5406 illecebrae,
1459 5336 1544 5389 vel
1577 5335 1708 5390 hinc
1730 5334 1972 5406 intelligi
1999 5340 2121 5405 pot-

426 5428 532 5487 est,
587 5423 738 5494 quod
795 5424 968 5479 etiam
1017 5423 1175 5479 stulti
1215 5440 1282 5478 ea
1351 5429 1626 5494 superant
1673 5425 1743 5480 ad
1781 5424 2121 5496 sapientiam

425 5511 742 5579 transituri,
781 5512 954 5567 etiam
980 5528 1108 5567 cum
1131 5512 1395 5566 molestia
1421 5513 1651 5567 carendi
1674 5514 2121 5585 perniciosarum

423 5599 901 5654 consuetudinum
934 5600 1325 5671 pestilentiosa
1355 5600 1674 5657 dulcedine.

1203 341 1295 395 DE
1335 340 1592 396 LIBEHO
1629 341 1990 405 AltBITlth,
2033 340 2086 394 S.
2140 339 2518 397 AUGUSTINI
2559 336 2776 393 LIBER
2819 337 3150 392 TERTIUS.
3727 353 3818 406 1303

2298 465 2388 516 75.
2423 461 2612 526 Quaeri
2637 463 2832 516 autem
2885 459 2994 514 hoc
3049 459 3172 513 loco
3201 462 3404 528 potest,
3430 462 3474 515 si
3512 463 3698 521 homini
3719 485 3820 540 pre:-

2231 555 2316 604 sto
2346 550 2583 605 fuerunt
2616 566 2682 603 ex
2713 555 2958 620 utraque
2996 553 3159 618 parte
3179 547 3313 614 visa,
3344 565 3508 604 unum
3529 569 3583 607 ex
3605 566 3821 628 precepts

2231 639 2349 706 Dei,
2381 640 2626 694 alterum
2664 654 2727 692 ex
2758 637 3121 708 suggestione
3153 639 3426 708 serpentis
3449 655 3461 705 ;
3484 641 3616 695 unde
3639 643 3724 712 ipsi
3741 647 3820 699 dia-

2229 727 2360 781 bolo
2391 733 2726 798 suggestum
2770 726 2842 780 sit
2878 725 3216 796 appetendaa
3247 726 3537 796 impietatis
3575 732 3819 799 consilium,

2231 833 2344 887 quo
2375 817 2444 871 de
2479 816 2821 871 sublimibus
2851 815 3083 870 sedibus
3126 815 3427 870 laberetur.
3467 817 3521 872 Si
3548 819 3681 874 enim
3713 823 3823 876 nullo

2227 905 2346 959 viso
2376 910 2724 976 tangeretur,
2758 921 2870 958 non
2899 903 3139 974 eligeret
3166 903 3347 957 facere
3395 905 3537 974 quod
3568 907 3680 960 fecit
3699 925 3710 962 :
3732 925 3822 964 nam

2229 993 2275 1048 si
2305 1010 2420 1048 non
2445 995 2493 1047 ei
2526 993 2742 1064 aliquid
2778 992 3026 1046 venisset
3044 991 3104 1046 in
3145 997 3412 1059 mentem,
3442 995 3586 1047 nullo
3611 982 3748 1050 modo
3769 997 3824 1050 in-

2229 1083 2546 1137 tentionem
2571 1081 2942 1136 convertisset
2971 1080 3032 1134 in
3069 1079 3244 1134 nefas.
3283 1081 3435 1135 Unde
3464 1081 3620 1152 igitur
3642 1085 3764 1138 venit
3786 1086 3824 1139 in

2229 1176 2507 1240 mentem,
2541 1170 2824 1242 quidquid
2852 1170 2997 1224 illud
3040 1174 3125 1224 est
3151 1170 3306 1240 quod
3344 1169 3492 1224 venit
3533 1169 3588 1223 in
3626 1178 3826 1239 mentem,

2228 1264 2293 1314 ut
2312 1277 2379 1314 ea
2400 1259 2701 1314 moliretur
2721 1259 2930 1330 quibus
2951 1274 3019 1313 ex
3037 1257 3188 1312 bono
3209 1258 3410 1328 angelo
3427 1257 3659 1312 diabolus
3687 1259 3826 1313 ﬁeret?

2229 1348 2338 1413 Qui
2367 1349 2522 1403 enim
2552 1348 2692 1417 vult,
2745 1349 2999 1418 profecto
3047 1346 3262 1417 aliquid
3303 1347 3451 1400 vult:
3497 1347 3634 1417 quod
3659 1347 3829 1401 nisiaut

2228 1437 2577 1491 extrinsecus
2622 1452 2726 1507 per
2776 1451 3007 1489 sensum
3061 1433 3317 1504 corporis
3371 1435 3722 1500 admoneatur,
3765 1441 3828 1488 aut

2229 1526 2464 1580 occultis
2514 1525 2700 1580 modis
2752 1525 2812 1578 in
2840 1528 3095 1578 mentem
3133 1522 3344 1588 veniat,
3387 1522 3520 1576 velle
3554 1539 3658 1577 non
3679 1527 3828 1593 potest.

2230 1614 2616 1668 Discernenda
2669 1613 2847 1684 igitur
2897 1605 3033 1666 sunt
3083 1627 3296 1681 genera
3351 1610 3607 1677 visorum,
3652 1627 3828 1681 quorum

2230 1719 2412 1757 unum
2463 1711 2548 1758 est
2595 1702 2749 1772 quod
2797 1700 3177 1772 proﬁciscitur
3226 1717 3259 1753 a
3297 1700 3574 1754 voluntate
3599 1699 3830 1764 suadentis,

2230 1793 2399 1862 quale
2429 1791 2570 1846 illud
2599 1796 2684 1845 est
2713 1791 2944 1858 diaboli,
2990 1789 3082 1844 cui
3134 1790 3310 1843 homo
3349 1789 3714 1843 consentiendo
3742 1806 3830 1858 pec-

2229 1880 2409 1947 cavit;
2473 1881 2716 1934 alterum
2774 1878 3255 1950 asubjacentibus
3286 1878 3454 1932 rebus
3483 1879 3563 1932 vel
3604 1877 3831 1932 intentioni

2229 1968 2430 2036 animi,
2461 1970 2546 2022 vel
2577 1968 2837 2023 sensibus
2863 1967 3142 2037 corporis.
3189 1966 3498 2021 Intentioni
3523 1966 3678 2020 animi
3701 1965 3831 2033 subja-

2229 2063 2338 2128 cet,
2369 2061 2600 2129 excepta
2618 2055 3191 2112 incommutabilitate
3210 2055 3517 2124 Trinitatis,
3539 2070 3654 2124 quae
3667 2053 3831 2123 quidem

2231 2163 2346 2201 non
2375 2146 2649 2217 subjacet,
2676 2145 2778 2200 sed
2806 2145 3022 2200 eminet
3047 2145 3267 2215 potius;
3297 2143 3544 2214 subjacet
3568 2159 3686 2213 ergo
3710 2142 3832 2195 inten-

2228 2235 2378 2290 tioni
2405 2234 2580 2289 animi
2611 2235 2771 2305 prius
2799 2235 2919 2304 ipse
2937 2233 3188 2297 animus,
3218 2233 3377 2288 unde
3405 2249 3506 2287 nos
3531 2231 3681 2286 etiam
3705 2229 3831 2281 vivere

2230 2325 2535 2378 sentimus:
2568 2324 2777 2378 deinde
2809 2339 3012 2394 corpus
3044 2323 3201 2394 quod
3237 2322 3626 2388 administrat;
3653 2319 3768 2373 unde
3788 2317 3832 2369 ad

2229 2413 2524 2485 quodlibet
2552 2413 2930 2484 operandum,
2953 2411 3282 2467 membrum
3313 2412 3463 2483 quod
3493 2427 3624 2480 opus
3645 2413 3729 2474 est,
3747 2421 3832 2459 cum

2230 2519 2374 2574 Opus
2413 2508 2498 2556 est
2538 2506 2744 2556 movet.
2792 2502 3096 2572 Subjacent
3131 2506 3328 2556 autem
3370 2500 3616 2556 sensibus
3654 2492 3834 2566 corporis

2229 2607 2605 2663 (111830qu06
2639 2606 2930 2661 corporea.

2297 2684 2386 2734 76.
2416 2681 2488 2735 Ut
2515 2683 2710 2734 autem
2739 2678 2802 2732 in
2833 2677 3320 2749 contemplatione
3350 2692 3579 2732 summa:
3616 2668 3833 2743 sapientia

2231 2769 2379 2840 (quae
2409 2768 2608 2839 utique
2645 2767 2873 2822 animus
2903 2783 3021 2822 non
3065 2771 3184 2833 est;
3247 2782 3386 2820 nam
3441 2757 3834 2818 incommutabilis

2229 2859 2353 2928 est),
2388 2857 2559 2912 etiam
2593 2855 2986 2927 seipsum,qui
3011 2860 3096 2910 est
3115 2853 3556 2920 commutabilis,
3574 2851 3758 2906 animus
3777 2846 3832 2898 in.

2227 2951 2473 3014 tueatur,
2506 2951 2562 3001 et
2589 2945 2697 3000 sibi
2725 2945 2846 3016 ipse
2876 2944 3308 3016 quodammodo
3348 2943 3534 2998 veniat
3560 2941 3615 2994 in
3637 2941 3832 2993 mentem.

2226 3052 2343 3089 non
2375 3036 2440 3088 ﬁt
2467 3034 2576 3089 nisi
2604 3033 2926 3088 differentia
2945 3049 3060 3104 qua
3097 3049 3216 3086 non
3255 3036 3340 3087 est
3369 3030 3522 3102 quod
3553 3031 3696 3092 Deus,
3721 3028 3762 3076 et
3779 3027 3831 3073 ta-

2227 3139 2362 3178 men
2391 3123 2607 3194 aliquid
2625 3127 2709 3178 est
2729 3122 2882 3193 quod
2903 3121 3083 3192 possit
3100 3121 3332 3191 placere
3354 3125 3484 3191 post
3501 3121 3681 3177 Deum.
3701 3111 3834 3167 Melior

2228 3217 2311 3267 est
2339 3215 2531 3266 autem
2561 3227 2692 3266 cum
2740 3210 3092 3265 obliviscitur
3121 3209 3210 3264 sui
3240 3226 3363 3280 prae
3389 3207 3643 3263 charitate
3683 3202 3832 3255 incom-

2227 3298 2519 3354 mutabilis
2549 3299 2672 3367 Dei,
2704 3299 2786 3352 vel
2819 3298 3069 3368 seipsum
3096 3297 3329 3369 penitus
3360 3297 3421 3351 in
3451 3294 3594 3349 illius
3620 3302 3834 3379 compare:

2225 3389 2382 3443 tione
2412 3387 2745 3442 contemnit.
2781 3386 2840 3442 Si
2867 3391 3061 3442 autem
3092 3391 3372 3457 tanquam
3403 3383 3594 3439 obvius
3617 3379 3830 3465 placet—$1:

2226 3476 2286 3532 bi
2315 3477 2384 3531 ad
2413 3491 2677 3546 perverse
2707 3475 3049 3530 imitandum
3076 3476 3283 3543 Deum,
3315 3487 3382 3530 ut
3406 3473 3752 3544 potestatesua
3765 3462 3834 3515 frui

2225 3565 2382 3632 velit,
2414 3569 2569 3619 tanto
2599 3564 2664 3618 ﬁt
2691 3563 2900 3630 minor,
2935 3567 3150 3635 quanto
3181 3579 3241 3618 se
3292 3562 3450 3634 cupit
3478 3576 3591 3615 esse
3617 3555 3832 3624 majorem-

2227 3656 2294 3710 Et
2347 3655 2456 3709 hoc
2501 3656 2602 3716 est,
2655 3655 2881 3708 Initium
2933 3654 3104 3707 omnis
3157 3655 3375 3722 peccati
3402 3649 3672 3721 superbia;
3707 3646 3764 3707 et,
3785 3638 3835 3691 ln-

2226 3746 2386 3799 itium
2409 3743 2678 3812 superbiae
2707 3743 2939 3797 hominis
2968 3745 3286 3810 apostatare
3309 3758 3346 3795 a
3376 3741 3488 3795 Deo
3519 3736 3680 3804 (Eccti.
3705 3747 3767 3818 x,

2233 3832 2338 3902 14).
2364 3831 2656 3901 Superbiae
2686 3835 2880 3885 autem
2931 3829 3145 3884 diaboli
3193 3828 3436 3885 accessit
3463 3816 3836 3882 malevolentissi-

2229 3937 2324 3976 ma
2359 3919 2593 3986 invidia,
2646 3923 2712 3974 ut
2738 3920 2886 3974 hanc
2914 3918 3244 3988 superbiam
3294 3916 3518 3973 homini
3543 3905 3835 3985 persuaderet.

2228 4026 2332 4082 per
2361 4025 2533 4080 quam
2564 4007 2843 4062 sentiebat
2874 4024 2934 4062 se
2965 4023 3087 4062 esse
3117 4008 3483 4064 damnatum.
3515 4002 3659 4060 Unde
3694 3997 3837 4088 factum

2229 4103 2314 4153 est
2341 4102 2407 4152 ut
2430 4112 2600 4168 poena
2628 4095 2924 4151 hominem
2963 4095 3282 4166 susciperet
3325 4089 3693 4150 emendatoria
3715 4087 3838 4156 potilb‘

2229 4203 2404 4260 quam
2432 4185 2839 4254 interfectoria,
2859 4189 2922 4239 ut
2938 4183 3033 4240 cui
3073 4201 3130 4240 se
3161 4184 3432 4240 diabolus
3463 4182 3531 4237 ad
3549 4174 3838 4235 imitationem

2232 4274 2516 4348 superbia:
2549 4275 2893 4346 praebuerat,
2925 4273 2978 4328 ei
3021 4290 3080 4328 se
3126 4273 3413 4328 Dominus
3448 4272 3516 4326 ad
3550 4262 3838 4323 imitationem

2228 4363 2566 4420 humilitatis
2592 4362 2899 4434 praberet,
2921 4378 3023 4433 per
3036 4377 3206 4434 quem
3237 4361 3410 4416 nobis
3430 4365 3631 4415 aeterna
3655 4353 3744 4406 vita
3754 4359 3839 4418 pro-

2229 4453 2508 4508 mittitur:
2541 4455 2606 4506 ut
2649 4455 2969 4522 praerogato
3000 4450 3164 4504 nobis
3197 4450 3411 4504 Christi
3457 4443 3723 4518 sanguine,
3760 4435 3841 4505 posi

2229 4542 2454 4596 labores
2483 4539 2855 4610 miseriasque
2887 4538 3204 4593 ineffabiles
3234 4543 3402 4593 tanta
3427 4534 3678 4591 charitate

2229 4628 2341 4684 tori
2368 4633 2564 4684 nostro
2592 4628 3006 4692 adhaereamus,
3025 4632 3082 4682 et
3111 4632 3271 4681 tanta
3303 4627 3429 4697 ejus
3457 4625 3515 4680 in
3545 4637 3664 4677 eum
3688 4616 3842 4670 clarita-

2229 4723 2285 4773 te
2305 4719 2619 4789 rapiamur,
2651 4722 2717 4772 ut
2745 4717 2907 4780 nulla
2933 4733 3040 4771 nos
3088 4717 3206 4771 visa
3236 4733 3309 4770 ex
3337 4710 3686 4769 inferioribus
3710 4721 3733 4756 a
3755 4712 3840 4791 cott-l

2231 4781 2430 4880 spectu
2456 4781 2749 4878 superiore
2770 4807 3151 4877 detorqueant
3175 4823 3189 4871 ;
3213 4819 3552 4876 quanquam
3567 4805 3620 4856 et
3645 4795 3683 4850 si
3700 4781 3844 4880 aliqltid

2229 4874 2364 4950 h-uic
2392 4874 2702 4950 intentioni
2723 4897 2934 4948 nostra:
2956 4874 3377 4962 suggereretur
3397 4874 3476 4945 fab
3505 4884 3732 4958 appetitu
3751 4874 3843 4930 infe-

2231 4984 2472 5050 riorum,
2508 4982 2859 5053 sempiterna
2896 4998 3001 5036 nos
3049 4981 3262 5036 diaboli
3295 4978 3587 5036 damnatio
3615 4969 3846 5030 cruciatus:

2232 5088 2344 5143 que
2375 5074 2719 5126 revocarent.
3796 5143 3802 5149 .

2300 5165 2390 5215 77.
2424 5161 2604 5215 Tanta
2628 5164 2715 5215 est
2743 5163 2936 5215 autem
2965 5158 3340 5231 pulchrimdo
3364 5155 3618 5230 insumi”
3645 5152 3772 5206 tanta
3791 5155 3848 5233 lq-

2232 5248 2491 5303 cunditas
2515 5247 2660 5304 lucis
2691 5253 2943 5316 aeternae,
2975 5249 3082 5302 hoc
3119 5251 3206 5302 est
3250 5239 3720 5302 incommutabilis
3750 5244 3848 5324 Vtin'

2231 5339 2363 5393 tatis
2393 5351 2563 5408 atque
2593 5337 2910 5409 sapientiae,
2944 5343 3007 5391 ut
3035 5336 3258 5391 etiamsi
3301 5353 3422 5391 non
3453 5335 3637 5390 liceret
3677 5319 3850 5392 ampli‘b

2231 5426 2290 5480 in
2322 5442 2390 5481 ea
2417 5441 2651 5480 manere
2681 5442 2852 5497 quem
2882 5425 3053 5480 unius
3082 5425 3197 5480 diei
3225 5441 3413 5492 mora,
3447 5425 3667 5495 propter
3689 5416 3774 5503 Ῐξοξ

2231 5514 2353 5568 lum
2408 5495 2858 5569 innumerabiles
2885 5512 3022 5566 anni
3054 5513 3228 5584 hujus
3253 5511 3392 5567 vitae
3437 5507 3589 5583 pleni
3629 5495 3851 5590 ἀελίοίίξθί

2235 5600 2690 5658 circumﬂuentia
2733 5601 3135 5674 temporalium
3183 5602 3471 5669 bonorum
3520 5599 3657 5652 recte
3682 5589 3848 5645 merito:
