4008 6184
114 339 247 388 illo!)
724 335 816 388 DE
854 334 1168 389 MORIBUS
1208 336 1400 391 ECCL.
1445 336 1886 402 CATIIULICrE,
1930 335 1987 389 S.
2029 336 2412 391 AUGUSTINI
2456 337 2669 391 LIBER
2711 336 2993 393 PRIMUS.
3481 343 3611 394 I3IU

104 473 220 527 que
250 458 770 509 contemnerentur.
807 456 932 510 Non
962 457 1113 511 enim
1147 458 1285 511 falso
1324 462 1423 512 aut
1455 474 1629 529 parvo
1664 458 1799 513 atfe-
1905 458 2124 529 aliquid
2154 457 2582 528 praetermisisse
2623 460 2775 529 quod
2833 477 2898 513 ex
2956 464 3151 513 nostra
3208 462 3598 533 responsione,

102 550 201 599 ctu
236 544 450 598 dictum
482 547 602 596 est:
638 544 899 608 Quoniam
923 547 1110 599 melior
1136 551 1213 599 cst
1238 547 1351 600 dies
1382 562 1517 600 unus
1545 550 1601 601 in
1641 549 1800 601 atriis
1907 550 2187 617 quantum
2220 547 2495 600 Dominus
2538 547 2789 617 praebere
2850 549 3134 617 dignatus,
3192 550 3303 602 tuis
3351 550 3601 604 interro-

103 637 216 688 tuis
245 649 413 702 super
459 634 637 685 millia
693 633 861 701 (Psal.
923 650 1147 697 Lxxxm,
1204 638 1309 705 ll).
1357 636 1697 706 Quanquam
1748 640 1805 689 et
1908 635 2232 706 gationibus
2262 635 2439 689 desit:
2470 652 2796 707 quanquam
2822 637 2940 690 etsi
2969 637 3301 708 tibialiquid
3332 639 3599 704 occurrit,

100 722 218 775 alio
243 738 411 775 sensu
441 720 623 791 possit
654 721 918 791 intelligi.
950 726 1014 775 ut
1035 722 1216 777 millia
1248 723 1473 777 dierum
1494 724 1553 777 in
1576 720 1800 793 tempo-
1909 724 2111 777 modus
2149 724 2281 777 libri
2314 741 2417 778 nos
2442 725 2565 794 jam
2595 726 2770 778 tinem
2790 726 2994 791 facere,
3026 731 3083 779 et
3116 727 3185 780 ab
3212 726 3315 781 hac
3346 727 3600 797 disputa-

100 809 183 864 ris
216 809 594 863 mutabilitate
621 808 1042 879 intelligantur;
1078 810 1249 864 unius
1269 816 1460 865 autem
1481 812 1593 865 diei
1613 812 1799 866 nomi-
1908 813 2059 867 tione
2099 812 2452 885 requiescere
2478 813 2785 885 aliquando
2817 814 3125 884 compellit.

100 914 175 951 ne
224 897 767 952 incommutabilitas
810 899 1141 953 reternitatis
1173 907 1419 954 vocetur.
1470 900 1668 955 Nescio
1713 918 1801 955 me

1398 1111 2295 1218 'ADMONITIO

1096 1281 1202 1346 DE
1250 1282 1563 1348 DUOBUS
1610 1281 2150 1358 SEQUENTIBUS
2200 1280 2451 1344 LIBRIS
2503 1280 2623 1363 (1).

183 1418 619 1491 subsequuntur
649 1418 993 1491 deillloribus
1019 1419 1323 1474 Catholicae
1356 1421 1615 1475 Ecclesia:
1646 1425 1701 1474 et
1731 1422 1800 1475 de
1828 1420 2077 1475 Moribus
2110 1420 2551 1473 Manichmorum
2585 1419 2715 1473 libri
2738 1421 2871 1488 duo,
2907 1437 3049 1490 quos
3089 1421 3313 1474 tametsi
3342 1422 3610 1491 Augusti-

103 1506 220 1543 nus
250 1489 309 1541 in
347 1489 491 1561 libro
511 1488 697 1561 primo
727 1490 1235 1561 Retractationum,
1268 1492 1486 1546 cazteris
1513 1493 1705 1546 Romae
1730 1508 1786 1544 se
1827 1493 1997 1561 paulo
2030 1496 2162 1561 post
2190 1490 2540 1561 baptismum
2588 1507 2755 1561 suum
2797 1488 3101 1544 elaboratis
3132 1488 3462 1559 praemittat,
3508 1494 3615 1546 hoc

103 1566 301 1633 tamen
334 1559 534 1633 ordine
565 1560 741 1633 editos
774 1560 944 1633 fuisse
976 1578 1265 1615 nonnemo
1296 1563 1533 1616 fortasse
1556 1559 1907 1632 refragetur:
1943 1559 2195 1633 primum
2220 1560 2361 1633 quia
2391 1561 2450 1614 in
2481 1560 2821 1633 libriiprimi
2844 1562 3077 1615 exordio
3114 1566 3524 1615 commemorat
3557 1580 3616 1615 se

106 1632 170 1683 in
202 1630 327 1703 aliis
342 1630 507 1703 libris
539 1631 674 1683 satis
703 1631 884 1701 egisse
914 1633 1405 1702 quemadmodum
1436 1634 1627 1703 impiis
1653 1630 2049 1703 imperitisque
2086 1630 2525 1687 Manichaeorum
2571 1632 2837 1685 adversus
2867 1634 3033 1685 Vetus
3064 1633 3492 1686 Testamentum
3526 1632 3612 1685 in-

108 1700 468 1774 vectionibus
495 1700 790 1774 occurrere
823 1700 1031 1757 liceret.
1066 1705 1183 1757 Huc
1213 1720 1345 1757 vero
1375 1700 1592 1774 spectat
1619 1700 1980 1774 praemissum
2010 1721 2152 1774 opus
2185 1704 2251 1756 de
2297 1703 2499 1755 Genesi
2529 1708 2722 1757 contra
2769 1704 3126 1768 Manichmos,
3159 1704 3313 1772 quod
3354 1703 3616 1758 videlicet

108 1788 259 1852 ppus
290 1771 646 1852 apertissime
674 1779 869 1852 contra
900 1774 1127 1852 eosdem
1147 1771 1442 1852 haereticos
1472 1776 1540 1852 ab
1571 1771 1697 1852 ipso
1730 1776 1982 1852 primum
2015 1771 2229 1852 edi_tu_m
2254 1774 2513 1852 fuit_p_os_t
2546 1774 2668 1843 ejus
2700 1774 3021 1852 reditumin
3041 1771 3319 1852 Africam,
3357 1774 3436 1852 uti
3469 1775 3525 1852 in
3550 1774 3613 1826 li-

108 1844 216 1896 bro
247 1844 437 1915 primo
466 1844 971 1910 Retractationum,
1004 1846 1186 1915 capite
1215 1845 1437 1900 decimo
1454 1844 1770 1912 signiﬁcat:
1802 1846 2005 1900 deinde
2036 1846 2139 1898 sub
2166 1845 2335 1897 ﬁnem
2365 1844 2496 1897 libri
2526 1844 2761 1915 secundi
2788 1844 2864 1897 sie
2892 1845 3015 1915 ipse
3040 1844 3313 1913 loquitur,
3349 1844 3523 1896 videri
3554 1850 3614 1897 ut

108 1913 291 1986 possit
313 1913 389 1986 ab
412 1914 669 1986 Romana
697 1915 985 1986 urbejam
1016 1913 1140 1969 tu'm
1170 1916 1455 1983 abfuisse;
1502 1917 1751 1986 denique
1778 1917 1837 1969 in
1868 1917 2125 1986 ejusdem
2158 1915 2304 1986 libri
2342 1915 2525 1986 capite
2554 1914 2893 1986 duodecimo
2917 1913 3220 1985 quidpiam
3273 1932 3305 1967 a
3339 1931 3396 1967 se
3430 1931 3616 1986 nuper

108 1931 291 1984 possu
320 1931 389 1966 ao
412 1931 669 1967 nomana
697 1931 838 1967 urbe
864 1932 985 1983 3am
1016 1931 1140 1969 tum
1170 1931 1455 1983 amnisse;
1502 1931 1751 1986 denique
1778 1934 1837 1969 in
1868 1931 2125 1986 GJUSGCIII
2159 1931 2288 1969 non
2342 1931 2525 1984 capite
2554 1931 2893 1968 uuouecuuo
2923 1931 3220 1985 quidpiam
3273 1932 3305 1967 a
3339 1931 3396 1967 se
3430 1931 3581 2038 nupe

108 1984 266 2054 apud
300 1984 700 2054 Carthaginem
731 1985 990 2039 auditum
1023 1988 1212 2039 refert.
1250 1988 1457 2039 Verum
1509 1989 1630 2041 haec
1662 2004 1776 2040 non
1805 1988 2053 2041 eflicient
2083 1992 2146 2039 ut
2174 1985 2348 2043 dubia
2397 1985 2469 2038 sit
2500 1985 2638 2039 Iides
2670 1986 2973 2054 Augustini
3008 1985 3245 2039 dicentis
3276 2002 3335 2037 se
3360 1985 3482 2053 jam
3553 2001 3585 2038 a

109 2055 409 2179 ptizatum,
441 2071 570 2108 cum
591 2056 787 2109 Romae
826 2062 987 2117 esset,
1022 2057 1323 2127 sequentes
1354 2057 1529 2111 libros
1561 2058 1870 2128 scripsisse,
1908 2059 2165 2127 adeoque
2199 2057 2302 2109 sub
2336 2058 2508 2109 linem
2540 2057 2674 2109 anni
2697 2057 2901 2110 Christi
2931 2060 3054 2121 387,
3084 2072 3195 2125 quo
3227 2056 3298 2108 ad
3330 2057 3486 2109 illam
3518 2071 3614 2108 ur-

157 2142 249 2179 em
276 2142 333 2179 se
361 2126 593 2179 recenit.
626 2131 725 2179 aut
753 2134 904 2179 certe
935 2127 1099 2179 initio
1123 2127 1256 2179 anni
1289 2128 1659 2179 insequentis.
1692 2130 1853 2179 cuius
1892 2144 2161 2179 magnam
2206 2131 2427 2179 partem
2475 2126 2555 2179 ibi
2606 2132 2692 2179 est
2750 2132 3151 2179 commoratus.
3191 2128 3301 2179 Ista
3338 2143 3469 2179 vero
3508 2127 3614 2179 hoc

157 2142 249 2179 em
276 2142 333 2179 se
361 2126 593 2199 recepit,
626 2131 725 2180 aut
753 2134 904 2181 certe
935 2126 1256 2181 initio’anni
1289 2126 1853 2199 insequentia—cujus
1892 2126 2161 2198 magnam
2206 2131 2427 2199 partem
2475 2126 2555 2179 ibi
2598 2132 2692 2199 est
2750 2132 3151 2199 commoratus.
3191 2128 3302 2199 Ista
3338 2143 3469 2199 vero
3508 2127 3615 2199 hoc

113 2202 283 2267 pacto
307 2197 597 2250 conciliari
622 2202 877 2266 possunt,
906 2202 971 2251 ut
1003 2215 1201 2251 eorum
1235 2196 1513 2252 librorum
1545 2196 1775 2268 scriptio
1806 2196 2011 2254 Romae
2048 2200 2192 2253 facta
2232 2198 2471 2257 dicatur,
2517 2198 2823 2267 publicatio
2859 2199 2945 2250 vel
2986 2197 3258 2267 perfectio
3292 2196 3351 2250 in
3381 2196 3612 2267 aliquod

115 2267 571 2339 tempusidilata.
602 2268 889 2339 Quidquid
922 2285 988 2323 ea
1018 2270 1085 2323 de
1116 2286 1175 2323 re
1206 2269 1295 2333 sit,
1330 2271 1399 2323 ad
1430 2271 1634 2324 horum
1666 2271 1941 2324 librorum
1973 2269 2649 2339 intelligentiamjuvaliit
2679 2268 3116 2323 Manichaeorum
3138 2284 3358 2321 errores
3379 2283 3443 2321 ex
3466 2284 3614 2337 prie-

118 2338 309 2391 missis
340 2338 604 2392 didicisse
619 2380 631 2391 .

192 2410 257 2463 In
280 2409 425 2481 libro
456 2409 643 2481 primo
666 2410 734 2463 de
768 2409 1015 2464 Moribus
1046 2409 1351 2464 Catholicae
1381 2410 1641 2465 Ecclesia:
1671 2410 1925 2465 dicturus
1954 2409 2328 2481 Augustinus,
2361 2408 2556 2461 statuit
2585 2426 2875 2463 summum
2908 2409 3270 2481 bonum,quo
3300 2424 3488 2461 mores
3518 2424 3617 2481 no-

120 2485 270 2533 stros
310 2478 509 2533 referri
541 2486 792 2550 Oportet,
825 2496 941 2534 non
972 2481 1126 2534 aliud
1166 2498 1286 2535 esse
1316 2488 1525 2551 praeter
1550 2484 1749 2536 Deum.
1783 2482 1868 2535 Ad
1898 2478 2085 2551 ipsum
2108 2497 2278 2551 porro
2311 2497 2535 2533 summo
2567 2496 2761 2533 amore
2788 2480 3245 2551 contendendum
3276 2494 3416 2551 esse,
3450 2478 3534 2551 uti
3560 2478 3619 2551 in

119 2550 395 2604 catholica
422 2552 666 2604 Ecclesia
693 2551 1041 2605 Testamenti
1062 2552 1277 2606 Veteris
1300 2549 1461 2622 aeque
1489 2569 1553 2605 ac
1579 2553 1716 2606 Novi
1750 2549 2085 2606 auctoritate
2104 2549 2360 2605 docetur.
2388 2550 2721 2619 Perstringit
2758 2551 2968 2622 deinde
2992 2550 3177 2604 oflicia
3209 2549 3502 2622 charitatis
3555 2549 3618 2622 in

118 2622 455 2745 plroxirnuml
475 2637 488 2675 :
530 2639 593 2675 ac
626 2626 915 2691 postremo
945 2623 1119 2677 refert
1149 2620 1409 2694 exempla
1443 2624 1813 2677 continentiae
1835 2628 1893 2677 et
1923 2639 2149 2677 morum
2171 2639 2299 2676 vero
2329 2621 2787 2688 Christianorum,
2812 2621 3015 2692 quaeiu
3045 2620 3335 2674 catholica:
3370 2620 3619 2673 Ecclesiae

120 2710 155 2745 a
182 2708 372 2745 umnis
404 2710 432 2745 e
460 2697 727 2745 uxerunt.

120 2692 372 2745 alumnis
404 2694 727 2747 eluxerunt.

196 2764 260 2835 In
288 2764 532 2835 secundo
553 2779 725 2833 quem
756 2762 826 2816 de
854 2763 1297 2818 Manichaeorum
1329 2765 1575 2819 Moribus
1606 2764 1909 2835 inscripsit,
1962 2764 2187 2835 refellit,
2221 2763 2277 2816 iu
2309 2762 2507 2833 primis
2539 2762 2746 2835 horum
2797 2761 3195 2835 haereticorum
3250 2776 3503 2835 errorem
3540 2761 3621 2835 de

122 2833 262 2886 mali
291 2833 510 2903 origine
542 2830 599 2910 et
626 2840 847 2910 natura.
879 2836 1023 2910 Tum
1051 2835 1263 2910 excutit
1294 2835 1403 2889 tria
1433 2836 1530 2889 illa
1560 2836 1693 2910 oris,
1728 2830 2031 2910 manuum,
2064 2841 2119 2889 et
2148 2830 2326 2910 sinus,
2363 2839 2423 2910 ut
2448 2832 2792 2910 ap_pelabant
2819 2832 3126 2910 signacula,
3173 2830 3380 2901 quibus
3410 2830 3621 2910 impios

126 2920 314 3027 {poples
344 2902 473 2983 suos
503 2905 857 2959 obvelabant.
892 2905 1350 2977 Superstitiosam
1363 2908 1697 2961 eorumdem
1726 2905 2130 2960 abstinentiam
2156 2904 2465 2975 redarguit.
2491 2904 2856 2973 Tandemque
2888 2903 3241 2973 deprehensa
3266 2902 3531 2971 quaedam
3564 2902 3621 2953 iu

126 2991 194 3027 us
268 2975 443 3027 amtia
472 2981 899 3027 commemorat.

124 2975 194 3027 iis
227 2975 443 3043 ﬂagitia
472 2981 899 3030 commemorat.

230 3039 381 3135 Vz'Elc
420 3044 664 3112 librum
699 3056 759 3126 1,
800 3068 948 3135 cap.
997 3056 1061 3126 7,
1106 3050 1703 3129 Retractationum,
1738 3047 1862 3113 col.
1898 3049 2051 3128 591,
2093 3044 2393 3126 averbz’s,
2426 3047 2576 3111 Jam
2617 3046 3013 3135 baptizatus,
3046 3065 3113 3109 η.
3169 3051 3229 3123 l,
3284 3062 3489 3130 usque
3535 3040 3628 3106 ad

122 3132 249 3199 col.
287 3141 438 3214 594,
472 3157 538 3199 n.
567 3143 630 3215 6,
668 3132 901 3213 verbis,
947 3137 1198 3218 Opinor
1226 3140 1455 3217 egisse
1496 3159 1651 3204 nos.
2946 3133 3029 3197 M.

189 3222 255 3282 (1)
287 3222 418 3269 Ante
445 3222 601 3269 hosce
630 3223 763 3270 duos
784 3223 945 3271 libros
972 3224 1193 3272 veniunt
1236 3224 1291 3271 in
1322 3224 1551 3273 editione
1596 3224 1934 3274 Benedictina
1970 3224 2086 3274 libri
2110 3222 2216 3272 duo
2242 3223 2305 3271 de
2322 3222 2509 3270 Genesi
2539 3225 2724 3271 contra
2747 3220 3083 3279 Manichaeos,
3109 3234 3241 3282 quos
3269 3219 3321 3267 iu
3345 3221 3547 3269 tomum
3578 3220 3622 3271 3.

125 3284 218 3331 ubi
248 3284 310 3331 de
338 3284 606 3346 Scriptura
634 3285 823 3347 agitur,
854 3286 1249 3335 transferendos
1281 3286 1547 3335 duximus.
1678 3287 1746 3335 M.

3590 3412 3626 3419 ..-

1007 3507 1113 3610 S.
1196 3507 1844 3614 AURELII
1923 3506 2755 3612 AUGUSTINI

1427 3671 1940 3721 HIPPONENSIS
1974 3671 2331 3720 EPISCOPI

414 3801 721 3960 DE
849 3797 1973 3963 MORIBUS
2104 3792 3370 3959 ECCLESIZE

1477 4023 2295 4086 CATI‘IOLICJE

820 4159 966 4243 ET
1047 4158 1205 4242 DE
1292 4156 1868 4243 MOBIBUS
1944 4151 2943 4240 MANICH/EORUM

1506 4315 1820 4390 LIBRI
1904 4311 2248 4396 DUO‘“).

1094 4466 2653 4682 LIBER—FRIMUS.

1274 4740 1358 4788 DE
1404 4739 1692 4789 MORIBUS
1740 4736 2067 4787 ECCLESIIE
2115 4737 2497 4786 CATHOLICzE

199 4843 457 4905 Principio
474 4843 1088 4905 constituitAugustinus
1104 4856 1276 4890 mores
1293 4841 1411 4889 illos
1430 4840 1619 4901 quibus
1644 4839 1694 4886 in
1719 4838 1951 4905 Ecclesia
1971 4842 2148 4905 sancte
2171 4837 2449 4905 vivitur,ad
2465 4848 2730 4905 summum
2748 4833 2978 4905 hominis
2997 4831 3329 4905 ‘bonuniJioc
3354 4836 3432 4879 est
3448 4832 3630 4905 Reum,

132 4904 313 4968 referri
338 4894 601 4967 oportere.
636 4906 764 4953 Tum
796 4894 1002 4953 suummo
1042 4904 1109 4968 in?
1149 4918 1267 4953 eum
1299 4894 1476 4968 amore
1503 4900 1953 4968 contendendum,
1984 4900 2140 4968 idque
2167 4900 2358 4968 dogma
2374 4912 2493 4968 esse
2524 4898 2577 4968 i_n
2609 4895 2865 4968 catholica
2893 4894 3132 4968 Ecclesia.
3152 4894 3423 4968 utriusque
3451 4895 3627 4968 Testa-

128 4966 298 5016 menti
328 4956 637 5029 auctoritate
662 4968 1053 5029 confirmatum.
1088 4967 1324 5029 Quatuor
1357 4965 1581 5029 virtutes
1607 4976 1671 5011 ex
1703 4962 1845 5029 vario
1876 4956 2104 5029 quodam
2130 4956 2323 5011 amoris
2371 4960 2674 5029 Dei‘afl‘eetu
2718 4957 2883 5005 dictas
2909 4956 3155 5029 ostendit.
3194 4956 3314 5029 {Agit
3357 4956 3432 5029 de
3444 4956 3633 5029 officiis

126 5028 401 5077 eharitatis
411 5041 533 5089 erga
549 5030 847 5088 proximum
869 5044 881 5087 ;
904 5043 962 5077 ac
979 5017 1136 5077 refert
1161 5028 1373 5077 demum
1384 5025 1619 5087 exempla
1640 5017 1981 5074 continentia:
2005 5029 2057 5073 et
2082 5038 2291 5073 morum
2307 5037 2427 5072 vere
2444 5020 2993 5081 ehristianorum,qua3
3019 5018 3071 5067 in
3098 5017 3342 5067 Ecclesue
3358 5017 3629 5066 catholica:

126 5089 363 5140 alumnis
391 5089 692 5138 eluxerunt.

124 5239 361 5298 CAPUT
415 5237 709 5293 PRIMUM.
764 5268 831 5277 —
866 5240 1137 5303 Quomodo
1198 5238 1502 5292 detecturus
1549 5240 1621 5291 sit
1678 5240 1831 5304 fucos
1942 5236 2079 5291 dum
2107 5234 2546 5290 Manichaeorum
2576 5230 3009 5296 invectionibus,
3054 5228 3261 5322 quibus
3297 5227 3628 5322 in-Legem,

275 5327 720 5383 Manichazorum.
755 5328 878 5381 Duo
912 5327 1104 5395 quibus
1146 5328 1352 5394 fallunt
1378 5328 1687 5381 Manio/cari.
1942 5326 2096 5395 quod
2119 5326 2289 5377 Vetus
2319 5324 2743 5376 Testamentum
2772 5325 3025 5386 vocatur,
3051 5318 3315 5388 imperite
3337 5318 3504 5383 atque
3534 5318 3636 5365 im-

209 5422 253 5473 1.
284 5417 347 5469 In
387 5415 511 5470 aliis
542 5415 704 5470 libris
725 5416 857 5470 satis
888 5415 1094 5486 opinor
1124 5416 1303 5488 egisse
1325 5432 1428 5469 nos
1458 5416 1831 5486 quemadmo-
1941 5414 2035 5485 pie
2063 5414 2347 5476 feruntur,
2377 5410 2773 5481 sesequeinter
2795 5407 3366 5478 interimperitorum
3380 5403 3635 5488 plausus,

199 5540 273 5601 (a)
296 5540 483 5605 Scripti
508 5554 691 5591 versus
717 5540 929 5590 initium
968 5541 1095 5591 anni
1118 5540 1309 5591 Christi
1338 5541 1448 5598 388,
1472 5539 1675 5603 vulgati
1700 5540 1832 5589 forte
1942 5518 2114 5605 inani.
2132 5497 2764 5605 εἶδ’θῖίψθῃθχθωήίξξλξξ
3120 5506 3446 5605 TE“:

129 5582 483 5657 “£6385?”
521 5582 689 5591 wn"
717 5582 929 5590 "mm—
969 5582 1095 5591 ".--
1123 5582 1309 5591 "um
1339 5582 1448 5598 vv"
1488 5582 1675 5603 'mow
1700 5582 1831 5589 ""-
1942 5589 2187 5645 breviter
2232 5588 2402 5642 etiam
2451 5586 2542 5642 hic
2584 5584 3019 5641 commemorari
3065 5599 3098 5634 a
3128 5597 3217 5636 me
3265 5583 3466 5649 potest.
3502 5582 3641 5643 Quis
