  <div class='ocr_page' id='page_1' title='image "/cluster/home/n/w/nwhite01/storage/ocr_20150623/32/hvd.32044096580550/675.png"; bbox 0 0 4036 6182; ppageno 0'>
   <div class='ocr_carea' id='block_1_1' title="bbox 470 370 597 422">
    <p class='ocr_par' dir='ltr' id='par_1_1' title="bbox 470 370 597 422">
     <span class='ocr_line' id='line_1_1' title="bbox 470 370 597 422; baseline -0.016 0"><span class='ocrx_word' id='word_1_1' title='bbox 470 370 597 422; x_wconf 78' lang='grc'><strong>1311</strong></span> 
     </span>
    </p>
   </div>
   <div class='ocr_carea' id='block_1_2' title="bbox 467 484 2171 558">
    <p class='ocr_par' dir='ltr' id='par_1_2' title="bbox 467 484 2171 558">
     <span class='ocr_line' id='line_1_2' title="bbox 467 484 2171 558; baseline -0.002 -14"><span class='ocrx_word' id='word_1_2' title='bbox 467 489 627 545; x_wconf 88' lang='lat' dir='ltr'>enim</span> <span class='ocrx_word' id='word_1_3' title='bbox 665 487 1032 542; x_wconf 84' lang='lat' dir='ltr'>mediocriter</span> <span class='ocrx_word' id='word_1_4' title='bbox 1061 502 1232 541; x_wconf 89' lang='lat' dir='ltr'>sanus</span> <span class='ocrx_word' id='word_1_5' title='bbox 1260 501 1378 540; x_wconf 92' lang='lat' dir='ltr'>non</span> <span class='ocrx_word' id='word_1_6' title='bbox 1395 484 1558 539; x_wconf 85' lang='lat' dir='ltr'>facile</span> <span class='ocrx_word' id='word_1_7' title='bbox 1588 484 1892 557; x_wconf 80' lang='lat' dir='ltr'>intelligat,</span> <span class='ocrx_word' id='word_1_8' title='bbox 1922 487 2171 558; x_wconf 88' lang='lat' dir='ltr'>Scriptu-</span> 
     </span>
    </p>
   </div>
   <div class='ocr_carea' id='block_1_3' title="bbox 470 573 2173 646">
    <p class='ocr_par' dir='ltr' id='par_1_3' title="bbox 470 573 2173 646">
     <span class='ocr_line' id='line_1_3' title="bbox 470 573 2173 646; baseline -0.001 -15"><span class='ocrx_word' id='word_1_9' title='bbox 470 592 667 631; x_wconf 88' lang='lat' dir='ltr'>rarum</span> <span class='ocrx_word' id='word_1_10' title='bbox 699 575 1114 646; x_wconf 79' lang='lat' dir='ltr'>expositionem</span> <span class='ocrx_word' id='word_1_11' title='bbox 1136 575 1206 630; x_wconf 87' lang='lat' dir='ltr'>ab</span> <span class='ocrx_word' id='word_1_12' title='bbox 1234 574 1304 628; x_wconf 89' lang='lat' dir='ltr'>iis</span> <span class='ocrx_word' id='word_1_13' title='bbox 1338 573 1644 645; x_wconf 85' lang='lat' dir='ltr'>petendam</span> <span class='ocrx_word' id='word_1_14' title='bbox 1673 589 1814 641; x_wconf 89' lang='lat' dir='ltr'>esse,</span> <span class='ocrx_word' id='word_1_15' title='bbox 1844 574 1946 646; x_wconf 90' lang='lat' dir='ltr'>qui</span> <span class='ocrx_word' id='word_1_16' title='bbox 1975 590 2173 629; x_wconf 90' lang='lat' dir='ltr'>earum</span> 
     </span>
    </p>
   </div>
   <div class='ocr_carea' id='block_1_4' title="bbox 472 661 2173 735">
    <p class='ocr_par' dir='ltr' id='par_1_4' title="bbox 472 661 2173 735">
     <span class='ocr_line' id='line_1_4' title="bbox 472 661 2173 735; baseline 0 -16"><span class='ocrx_word' id='word_1_17' title='bbox 472 665 730 719; x_wconf 90' lang='lat' dir='ltr'>doctores</span> <span class='ocrx_word' id='word_1_18' title='bbox 761 681 819 719; x_wconf 91' lang='lat' dir='ltr'>se</span> <span class='ocrx_word' id='word_1_19' title='bbox 851 681 970 718; x_wconf 84' lang='lat' dir='ltr'>esse</span> <span class='ocrx_word' id='word_1_20' title='bbox 1002 663 1374 735; x_wconf 87' lang='lat' dir='ltr'>proﬁtentur;</span> <span class='ocrx_word' id='word_1_21' title='bbox 1424 661 1665 734; x_wconf 93' lang='lat' dir='ltr'>ﬁerique</span> <span class='ocrx_word' id='word_1_22' title='bbox 1713 680 1898 735; x_wconf 84' lang='lat' dir='ltr'>posse,</span> <span class='ocrx_word' id='word_1_23' title='bbox 1949 664 2066 719; x_wconf 93' lang='lat' dir='ltr'>imo</span> <span class='ocrx_word' id='word_1_24' title='bbox 2116 664 2173 719; x_wconf 90' lang='lat' dir='ltr'>id</span> 
     </span>
    </p>
   </div>
   <div class='ocr_carea' id='block_1_5' title="bbox 470 750 2174 824">
    <p class='ocr_par' dir='ltr' id='par_1_5' title="bbox 470 750 2174 824">
     <span class='ocr_line' id='line_1_5' title="bbox 470 750 2174 824; baseline -0.001 -17"><span class='ocrx_word' id='word_1_25' title='bbox 470 769 699 824; x_wconf 83' lang='lat' dir='ltr'>semper</span> <span class='ocrx_word' id='word_1_26' title='bbox 756 751 1031 818; x_wconf 84' lang='lat' dir='ltr'>accidere,</span> <span class='ocrx_word' id='word_1_27' title='bbox 1072 756 1136 805; x_wconf 90' lang='lat' dir='ltr'>ut</span> <span class='ocrx_word' id='word_1_28' title='bbox 1191 750 1371 805; x_wconf 89' lang='lat' dir='ltr'>multa</span> <span class='ocrx_word' id='word_1_29' title='bbox 1423 750 1663 805; x_wconf 87' lang='lat' dir='ltr'>indoctis</span> <span class='ocrx_word' id='word_1_30' title='bbox 1719 750 2023 806; x_wconf 88' lang='lat' dir='ltr'>videantur</span> <span class='ocrx_word' id='word_1_31' title='bbox 2075 752 2174 807; x_wconf 86' lang='lat' dir='ltr'>ab-</span> 
     </span>
    </p>
   </div>
   <div class='ocr_carea' id='block_1_6' title="bbox 470 839 2176 911">
    <p class='ocr_par' dir='ltr' id='par_1_6' title="bbox 470 839 2176 911">
     <span class='ocr_line' id='line_1_6' title="bbox 470 839 2176 911; baseline 0.001 -17"><span class='ocrx_word' id='word_1_32' title='bbox 470 842 662 905; x_wconf 87' lang='lat' dir='ltr'>surda,</span> <span class='ocrx_word' id='word_1_33' title='bbox 725 857 855 911; x_wconf 62' lang='lat' dir='ltr'>qua:</span> <span class='ocrx_word' id='word_1_34' title='bbox 916 856 1044 893; x_wconf 88' lang='lat' dir='ltr'>cum</span> <span class='ocrx_word' id='word_1_35' title='bbox 1097 856 1130 893; x_wconf 89' lang='lat' dir='ltr'>a</span> <span class='ocrx_word' id='word_1_36' title='bbox 1176 839 1498 894; x_wconf 86' lang='lat' dir='ltr'>doctoribus</span> <span class='ocrx_word' id='word_1_37' title='bbox 1537 845 1925 910; x_wconf 79' lang='lat' dir='ltr'>exponuntur,</span> <span class='ocrx_word' id='word_1_38' title='bbox 1960 857 2026 896; x_wconf 93' lang='lat' dir='ltr'>eo</span> <span class='ocrx_word' id='word_1_39' title='bbox 2057 842 2176 896; x_wconf 85' lang='lat' dir='ltr'>lau-</span> 
     </span>
    </p>
   </div>
   <div class='ocr_carea' id='block_1_7' title="bbox 478 928 2175 1000">
    <p class='ocr_par' dir='ltr' id='par_1_7' title="bbox 478 928 2175 1000">
     <span class='ocr_line' id='line_1_7' title="bbox 478 928 2175 1000; baseline -0.001 -16"><span class='ocrx_word' id='word_1_40' title='bbox 478 930 666 984; x_wconf 89' lang='lat' dir='ltr'>danda</span> <span class='ocrx_word' id='word_1_41' title='bbox 694 929 1017 998; x_wconf 90' lang='lat' dir='ltr'>videantur,</span> <span class='ocrx_word' id='word_1_42' title='bbox 1072 935 1129 982; x_wconf 91' lang='lat' dir='ltr'>et</span> <span class='ocrx_word' id='word_1_43' title='bbox 1175 944 1242 982; x_wconf 91' lang='lat' dir='ltr'>eo</span> <span class='ocrx_word' id='word_1_44' title='bbox 1302 928 1656 998; x_wconf 90' lang='lat' dir='ltr'>accipiantur</span> <span class='ocrx_word' id='word_1_45' title='bbox 1700 934 1897 1000; x_wconf 86' lang='lat' dir='ltr'>aperta</span> <span class='ocrx_word' id='word_1_46' title='bbox 1929 929 2175 998; x_wconf 83' lang='lat' dir='ltr'>dulcius,</span> 
     </span>
    </p>
   </div>
   <div class='ocr_carea' id='block_1_8' title="bbox 476 1016 2165 1089">
    <p class='ocr_par' dir='ltr' id='par_1_8' title="bbox 476 1016 2165 1089">
     <span class='ocr_line' id='line_1_8' title="bbox 476 1016 2165 1089; baseline 0.001 -18"><span class='ocrx_word' id='word_1_47' title='bbox 476 1034 592 1089; x_wconf 89' lang='lat' dir='ltr'>quo</span> <span class='ocrx_word' id='word_1_48' title='bbox 626 1019 815 1072; x_wconf 85' lang='lat' dir='ltr'>clausa</span> <span class='ocrx_word' id='word_1_49' title='bbox 855 1017 1142 1072; x_wconf 86' lang='lat' dir='ltr'>difﬁcilius</span> <span class='ocrx_word' id='word_1_50' title='bbox 1191 1016 1639 1089; x_wconf 85' lang='lat' dir='ltr'>aperiebantur?</span> <span class='ocrx_word' id='word_1_51' title='bbox 1669 1019 1783 1073; x_wconf 88' lang='lat' dir='ltr'>Hoc</span> <span class='ocrx_word' id='word_1_52' title='bbox 1808 1018 1926 1073; x_wconf 88' lang='lat' dir='ltr'>fere</span> <span class='ocrx_word' id='word_1_53' title='bbox 1956 1018 2016 1072; x_wconf 92' lang='lat' dir='ltr'>in</span> <span class='ocrx_word' id='word_1_54' title='bbox 2047 1035 2165 1073; x_wconf 82' lang='lat' dir='ltr'>san-</span> 
     </span>
    </p>
   </div>
   <div class='ocr_carea' id='block_1_9' title="bbox 474 1105 2179 1177">
    <p class='ocr_par' dir='ltr' id='par_1_9' title="bbox 474 1105 2179 1177">
     <span class='ocr_line' id='line_1_9' title="bbox 474 1105 2179 1177; baseline -0.001 -16"><span class='ocrx_word' id='word_1_55' title='bbox 474 1107 580 1161; x_wconf 89' lang='lat' dir='ltr'>etis</span> <span class='ocrx_word' id='word_1_56' title='bbox 605 1107 820 1161; x_wconf 81' lang='lat' dir='ltr'>Veteris</span> <span class='ocrx_word' id='word_1_57' title='bbox 839 1106 1185 1163; x_wconf 88' lang='lat' dir='ltr'>Testamenti</span> <span class='ocrx_word' id='word_1_58' title='bbox 1216 1106 1378 1162; x_wconf 83' lang='lat' dir='ltr'>libris</span> <span class='ocrx_word' id='word_1_59' title='bbox 1405 1106 1612 1174; x_wconf 82' lang='lat' dir='ltr'>evenit,</span> <span class='ocrx_word' id='word_1_60' title='bbox 1654 1106 1701 1160; x_wconf 90' lang='lat' dir='ltr'>si</span> <span class='ocrx_word' id='word_1_61' title='bbox 1733 1106 1901 1160; x_wconf 93' lang='lat' dir='ltr'>modo</span> <span class='ocrx_word' id='word_1_62' title='bbox 1945 1106 2042 1161; x_wconf 89' lang='lat' dir='ltr'>ille</span> <span class='ocrx_word' id='word_1_63' title='bbox 2081 1105 2179 1177; x_wconf 90' lang='lat' dir='ltr'>qui</span> 
     </span>
    </p>
   </div>
   <div class='ocr_carea' id='block_1_10' title="bbox 477 1192 2177 1265">
    <p class='ocr_par' dir='ltr' id='par_1_10' title="bbox 477 1192 2177 1265">
     <span class='ocr_line' id='line_1_10' title="bbox 477 1192 2177 1265; baseline -0.002 -15"><span class='ocrx_word' id='word_1_64' title='bbox 477 1195 557 1251; x_wconf 91' lang='lat' dir='ltr'>eis</span> <span class='ocrx_word' id='word_1_65' title='bbox 589 1195 917 1263; x_wconf 79' lang='lat' dir='ltr'>offenditur,</span> <span class='ocrx_word' id='word_1_66' title='bbox 962 1195 1254 1249; x_wconf 90' lang='lat' dir='ltr'>doctorem</span> <span class='ocrx_word' id='word_1_67' title='bbox 1292 1194 1480 1265; x_wconf 84' lang='lat' dir='ltr'>potius</span> <span class='ocrx_word' id='word_1_68' title='bbox 1536 1209 1736 1247; x_wconf 89' lang='lat' dir='ltr'>eorum</span> <span class='ocrx_word' id='word_1_69' title='bbox 1790 1192 1972 1264; x_wconf 87' lang='lat' dir='ltr'>pium,</span> <span class='ocrx_word' id='word_1_70' title='bbox 2004 1209 2177 1264; x_wconf 87' lang='lat' dir='ltr'>quam</span> 
     </span>
    </p>
   </div>
   <div class='ocr_carea' id='block_1_11' title="bbox 474 1278 2178 1355">
    <p class='ocr_par' dir='ltr' id='par_1_11' title="bbox 474 1278 2178 1355">
     <span class='ocr_line' id='line_1_11' title="bbox 474 1278 2178 1355; baseline -0.003 -17"><span class='ocrx_word' id='word_1_71' title='bbox 474 1283 719 1355; x_wconf 90' lang='lat' dir='ltr'>impium</span> <span class='ocrx_word' id='word_1_72' title='bbox 759 1285 1131 1338; x_wconf 88' lang='lat' dir='ltr'>laeeratorem</span> <span class='ocrx_word' id='word_1_73' title='bbox 1161 1281 1433 1353; x_wconf 77' lang='lat' dir='ltr'>requirat,</span> <span class='ocrx_word' id='word_1_74' title='bbox 1464 1281 1739 1353; x_wconf 85' lang='lat' dir='ltr'>priusque</span> <span class='ocrx_word' id='word_1_75' title='bbox 1783 1278 1971 1335; x_wconf 91' lang='lat' dir='ltr'>studio</span> <span class='ocrx_word' id='word_1_76' title='bbox 2021 1296 2178 1351; x_wconf 66' lang='lat' dir='ltr'>quie-</span> 
     </span>
    </p>
   </div>
   <div class='ocr_carea' id='block_1_12' title="bbox 480 1369 2176 1444">
    <p class='ocr_par' dir='ltr' id='par_1_12' title="bbox 480 1369 2176 1444">
     <span class='ocr_line' id='line_1_12' title="bbox 480 1369 2176 1444; baseline -0.003 -17"><span class='ocrx_word' id='word_1_77' title='bbox 480 1373 685 1442; x_wconf 89' lang='lat' dir='ltr'>rentis,</span> <span class='ocrx_word' id='word_1_78' title='bbox 728 1388 899 1444; x_wconf 89' lang='lat' dir='ltr'>quam</span> <span class='ocrx_word' id='word_1_79' title='bbox 961 1371 1283 1426; x_wconf 82' lang='lat' dir='ltr'>temeritate</span> <span class='ocrx_word' id='word_1_80' title='bbox 1332 1369 1808 1441; x_wconf 87' lang='lat' dir='ltr'>reprehendentis</span> <span class='ocrx_word' id='word_1_81' title='bbox 1864 1369 2176 1431; x_wconf 82' lang='lat' dir='ltr'>imbuatur,</span> 
     </span>
    </p>
   </div>
   <div class='ocr_carea' id='block_1_13' title="bbox 481 1455 2180 1528">
    <p class='ocr_par' dir='ltr' id='par_1_13' title="bbox 481 1455 2180 1528">
     <span class='ocr_line' id='line_1_13' title="bbox 481 1455 2180 1528; baseline -0.004 -13"><span class='ocrx_word' id='word_1_82' title='bbox 481 1461 615 1526; x_wconf 83' lang='lat' dir='ltr'>Nec,</span> <span class='ocrx_word' id='word_1_83' title='bbox 648 1459 696 1513; x_wconf 91' lang='lat' dir='ltr'>si</span> <span class='ocrx_word' id='word_1_84' title='bbox 726 1475 794 1513; x_wconf 90' lang='lat' dir='ltr'>ea</span> <span class='ocrx_word' id='word_1_85' title='bbox 824 1458 1039 1514; x_wconf 89' lang='lat' dir='ltr'>discere</span> <span class='ocrx_word' id='word_1_86' title='bbox 1072 1457 1326 1528; x_wconf 89' lang='lat' dir='ltr'>cupiens,</span> <span class='ocrx_word' id='word_1_87' title='bbox 1357 1456 1419 1511; x_wconf 94' lang='lat' dir='ltr'>in</span> <span class='ocrx_word' id='word_1_88' title='bbox 1470 1456 1694 1528; x_wconf 89' lang='lat' dir='ltr'>aliquos</span> <span class='ocrx_word' id='word_1_89' title='bbox 1721 1456 1866 1511; x_wconf 82' lang='lat' dir='ltr'>forte</span> <span class='ocrx_word' id='word_1_90' title='bbox 1916 1455 2180 1511; x_wconf 88' lang='lat' dir='ltr'>inciderit</span> 
     </span>
    </p>
   </div>
   <div class='ocr_carea' id='block_1_14' title="bbox 478 1545 2176 1618">
    <p class='ocr_par' dir='ltr' id='par_1_14' title="bbox 478 1545 2176 1618">
     <span class='ocr_line' id='line_1_14' title="bbox 478 1545 2176 1618; baseline -0.002 -16"><span class='ocrx_word' id='word_1_91' title='bbox 478 1548 566 1603; x_wconf 91' lang='lat' dir='ltr'>vel</span> <span class='ocrx_word' id='word_1_92' title='bbox 616 1546 912 1618; x_wconf 84' lang='lat' dir='ltr'>episcopos</span> <span class='ocrx_word' id='word_1_93' title='bbox 936 1547 1026 1600; x_wconf 88' lang='lat' dir='ltr'>vel</span> <span class='ocrx_word' id='word_1_94' title='bbox 1081 1545 1463 1616; x_wconf 81' lang='lat' dir='ltr'>presbyteros,</span> <span class='ocrx_word' id='word_1_95' title='bbox 1497 1546 1583 1599; x_wconf 91' lang='lat' dir='ltr'>vel</span> <span class='ocrx_word' id='word_1_96' title='bbox 1634 1545 2022 1615; x_wconf 84' lang='lat' dir='ltr'>cujuscemodi</span> <span class='ocrx_word' id='word_1_97' title='bbox 2080 1547 2176 1599; x_wconf 89' lang='lat' dir='ltr'>Ee-</span> 
     </span>
    </p>
   </div>
   <div class='ocr_carea' id='block_1_15' title="bbox 480 1632 2180 1704">
    <p class='ocr_par' dir='ltr' id='par_1_15' title="bbox 480 1632 2180 1704">
     <span class='ocr_line' id='line_1_15' title="bbox 480 1632 2180 1704; baseline -0.004 -13"><span class='ocrx_word' id='word_1_98' title='bbox 480 1634 668 1691; x_wconf 75' lang='lat' dir='ltr'>clesiae</span> <span class='ocrx_word' id='word_1_99' title='bbox 698 1634 986 1689; x_wconf 66' lang='lat' dir='ltr'>catholica:</span> <span class='ocrx_word' id='word_1_100' title='bbox 1015 1632 1295 1687; x_wconf 79' lang='lat' dir='ltr'>antistites</span> <span class='ocrx_word' id='word_1_101' title='bbox 1337 1638 1392 1687; x_wconf 92' lang='lat' dir='ltr'>et</span> <span class='ocrx_word' id='word_1_102' title='bbox 1414 1633 1721 1700; x_wconf 81' lang='lat' dir='ltr'>ministros,</span> <span class='ocrx_word' id='word_1_103' title='bbox 1771 1632 1869 1704; x_wconf 88' lang='lat' dir='ltr'>qui</span> <span class='ocrx_word' id='word_1_104' title='bbox 1908 1636 2027 1701; x_wconf 89' lang='lat' dir='ltr'>aut,</span> <span class='ocrx_word' id='word_1_105' title='bbox 2057 1648 2180 1702; x_wconf 89' lang='lat' dir='ltr'>pas-</span> 
     </span>
    </p>
   </div>
   <div class='ocr_carea' id='block_1_16' title="bbox 479 1719 2181 1793">
    <p class='ocr_par' dir='ltr' id='par_1_16' title="bbox 479 1719 2181 1793">
     <span class='ocr_line' id='line_1_16' title="bbox 479 1719 2181 1793; baseline -0.003 -15"><span class='ocrx_word' id='word_1_106' title='bbox 479 1723 589 1778; x_wconf 90' lang='lat' dir='ltr'>sim</span> <span class='ocrx_word' id='word_1_107' title='bbox 616 1727 851 1778; x_wconf 84' lang='lat' dir='ltr'>caveant</span> <span class='ocrx_word' id='word_1_108' title='bbox 880 1722 1099 1776; x_wconf 89' lang='lat' dir='ltr'>nudare</span> <span class='ocrx_word' id='word_1_109' title='bbox 1155 1721 1444 1793; x_wconf 75' lang='lat' dir='ltr'>mysteria,</span> <span class='ocrx_word' id='word_1_110' title='bbox 1497 1726 1595 1775; x_wconf 88' lang='lat' dir='ltr'>aut</span> <span class='ocrx_word' id='word_1_111' title='bbox 1639 1720 1892 1775; x_wconf 86' lang='lat' dir='ltr'>contenti</span> <span class='ocrx_word' id='word_1_112' title='bbox 1936 1719 2181 1791; x_wconf 89' lang='lat' dir='ltr'>simplici</span> 
     </span>
    </p>
   </div>
   <div class='ocr_carea' id='block_1_17' title="bbox 477 1809 2182 1881">
    <p class='ocr_par' dir='ltr' id='par_1_17' title="bbox 477 1809 2182 1881">
     <span class='ocr_line' id='line_1_17' title="bbox 477 1809 2182 1881; baseline -0.002 -14"><span class='ocrx_word' id='word_1_113' title='bbox 477 1811 612 1879; x_wconf 90' lang='lat' dir='ltr'>ﬁde,</span> <span class='ocrx_word' id='word_1_114' title='bbox 672 1811 877 1866; x_wconf 89' lang='lat' dir='ltr'>altiora</span> <span class='ocrx_word' id='word_1_115' title='bbox 926 1825 1268 1881; x_wconf 82' lang='lat' dir='ltr'>cognoscere</span> <span class='ocrx_word' id='word_1_116' title='bbox 1317 1825 1435 1864; x_wconf 88' lang='lat' dir='ltr'>non</span> <span class='ocrx_word' id='word_1_117' title='bbox 1464 1809 1740 1876; x_wconf 90' lang='lat' dir='ltr'>curarint,</span> <span class='ocrx_word' id='word_1_118' title='bbox 1795 1810 2061 1880; x_wconf 89' lang='lat' dir='ltr'>desperet</span> <span class='ocrx_word' id='word_1_119' title='bbox 2100 1809 2182 1864; x_wconf 88' lang='lat' dir='ltr'>ibi</span> 
     </span>
    </p>
   </div>
   <div class='ocr_carea' id='block_1_18' title="bbox 477 1896 2180 1970">
    <p class='ocr_par' dir='ltr' id='par_1_18' title="bbox 477 1896 2180 1970">
     <span class='ocr_line' id='line_1_18' title="bbox 477 1896 2180 1970; baseline -0.002 -16"><span class='ocrx_word' id='word_1_120' title='bbox 477 1899 777 1955; x_wconf 90' lang='lat' dir='ltr'>scientiam</span> <span class='ocrx_word' id='word_1_121' title='bbox 824 1915 945 1954; x_wconf 87' lang='lat' dir='ltr'>esse</span> <span class='ocrx_word' id='word_1_122' title='bbox 984 1898 1257 1965; x_wconf 83' lang='lat' dir='ltr'>veritatis,</span> <span class='ocrx_word' id='word_1_123' title='bbox 1291 1898 1388 1953; x_wconf 89' lang='lat' dir='ltr'>ubi</span> <span class='ocrx_word' id='word_1_124' title='bbox 1443 1914 1631 1970; x_wconf 89' lang='lat' dir='ltr'>neque</span> <span class='ocrx_word' id='word_1_125' title='bbox 1661 1914 1864 1952; x_wconf 88' lang='lat' dir='ltr'>omnes</span> <span class='ocrx_word' id='word_1_126' title='bbox 1892 1915 1924 1952; x_wconf 84' lang='lat' dir='ltr'>a</span> <span class='ocrx_word' id='word_1_127' title='bbox 1973 1896 2180 1969; x_wconf 80' lang='lat' dir='ltr'>quibus</span> 
     </span>
    </p>
   </div>
   <div class='ocr_carea' id='block_1_19' title="bbox 479 1986 2183 2062">
    <p class='ocr_par' dir='ltr' id='par_1_19' title="bbox 479 1986 2183 2062">
     <span class='ocr_line' id='line_1_19' title="bbox 479 1986 2183 2062; baseline -0.003 -18"><span class='ocrx_word' id='word_1_128' title='bbox 479 1990 762 2062; x_wconf 68' lang='lat' dir='ltr'>quaeritur</span> <span class='ocrx_word' id='word_1_129' title='bbox 790 1989 993 2044; x_wconf 90' lang='lat' dir='ltr'>docere</span> <span class='ocrx_word' id='word_1_130' title='bbox 1019 1992 1278 2060; x_wconf 85' lang='lat' dir='ltr'>possunt,</span> <span class='ocrx_word' id='word_1_131' title='bbox 1328 2003 1516 2060; x_wconf 90' lang='lat' dir='ltr'>neque</span> <span class='ocrx_word' id='word_1_132' title='bbox 1550 2002 1750 2041; x_wconf 89' lang='lat' dir='ltr'>omnes</span> <span class='ocrx_word' id='word_1_133' title='bbox 1779 1986 1881 2059; x_wconf 89' lang='lat' dir='ltr'>qui</span> <span class='ocrx_word' id='word_1_134' title='bbox 1918 1990 2183 2058; x_wconf 66' lang='lat' dir='ltr'>qurerunt</span> 
     </span>
    </p>
   </div>
   <div class='ocr_carea' id='block_1_20' title="bbox 478 2074 2181 2150">
    <p class='ocr_par' dir='ltr' id='par_1_20' title="bbox 478 2074 2181 2150">
     <span class='ocr_line' id='line_1_20' title="bbox 478 2074 2181 2150; baseline -0.002 -17"><span class='ocrx_word' id='word_1_135' title='bbox 478 2078 697 2134; x_wconf 90' lang='lat' dir='ltr'>discere</span> <span class='ocrx_word' id='word_1_136' title='bbox 726 2077 885 2150; x_wconf 81' lang='lat' dir='ltr'>digni</span> <span class='ocrx_word' id='word_1_137' title='bbox 917 2081 1072 2131; x_wconf 89' lang='lat' dir='ltr'>sunt.</span> <span class='ocrx_word' id='word_1_138' title='bbox 1116 2078 1181 2132; x_wconf 88' lang='lat' dir='ltr'>Et</span> <span class='ocrx_word' id='word_1_139' title='bbox 1208 2076 1507 2149; x_wconf 83' lang='lat' dir='ltr'>diligentia</span> <span class='ocrx_word' id='word_1_140' title='bbox 1536 2075 1712 2146; x_wconf 84' lang='lat' dir='ltr'>igitur</span> <span class='ocrx_word' id='word_1_141' title='bbox 1741 2079 1797 2130; x_wconf 89' lang='lat' dir='ltr'>et</span> <span class='ocrx_word' id='word_1_142' title='bbox 1815 2075 1998 2146; x_wconf 88' lang='lat' dir='ltr'>pietas</span> <span class='ocrx_word' id='word_1_143' title='bbox 2026 2074 2181 2129; x_wconf 87' lang='lat' dir='ltr'>adhi-</span> 
     </span>
    </p>
   </div>
   <div class='ocr_carea' id='block_1_21' title="bbox 480 2163 2175 2229">
    <p class='ocr_par' dir='ltr' id='par_1_21' title="bbox 480 2163 2175 2229">
     <span class='ocr_line' id='line_1_21' title="bbox 480 2163 2175 2229; baseline -0.003 -7"><span class='ocrx_word' id='word_1_144' title='bbox 480 2167 672 2222; x_wconf 90' lang='lat' dir='ltr'>benda</span> <span class='ocrx_word' id='word_1_145' title='bbox 695 2170 813 2221; x_wconf 89' lang='lat' dir='ltr'>est:</span> <span class='ocrx_word' id='word_1_146' title='bbox 847 2166 1025 2220; x_wconf 84' lang='lat' dir='ltr'>altero</span> <span class='ocrx_word' id='word_1_147' title='bbox 1058 2165 1158 2220; x_wconf 90' lang='lat' dir='ltr'>ﬁet</span> <span class='ocrx_word' id='word_1_148' title='bbox 1187 2170 1250 2221; x_wconf 89' lang='lat' dir='ltr'>ut</span> <span class='ocrx_word' id='word_1_149' title='bbox 1276 2165 1517 2220; x_wconf 87' lang='lat' dir='ltr'>scientes</span> <span class='ocrx_word' id='word_1_150' title='bbox 1549 2163 1949 2229; x_wconf 89' lang='lat' dir='ltr'>inveniamus;</span> <span class='ocrx_word' id='word_1_151' title='bbox 1984 2164 2175 2227; x_wconf 69' lang='lat' dir='ltr'>altero,</span> 
     </span>
    </p>
   </div>
   <div class='ocr_carea' id='block_1_22' title="bbox 480 2255 1101 2310">
    <p class='ocr_par' dir='ltr' id='par_1_22' title="bbox 480 2255 1101 2310">
     <span class='ocr_line' id='line_1_22' title="bbox 480 2255 1101 2310; baseline -0.003 0"><span class='ocrx_word' id='word_1_152' title='bbox 480 2259 545 2310; x_wconf 90' lang='lat' dir='ltr'>ut</span> <span class='ocrx_word' id='word_1_153' title='bbox 574 2255 716 2310; x_wconf 90' lang='lat' dir='ltr'>scire</span> <span class='ocrx_word' id='word_1_154' title='bbox 757 2270 1101 2309; x_wconf 90' lang='lat' dir='ltr'>mereamur.</span> 
     </span>
    </p>
   </div>
   <div class='ocr_carea' id='block_1_23' title="bbox 547 2338 2181 2414">
    <p class='ocr_par' dir='ltr' id='par_1_23' title="bbox 547 2338 2181 2414">
     <span class='ocr_line' id='line_1_23' title="bbox 547 2338 2181 2414; baseline -0.002 -16"><span class='ocrx_word' id='word_1_155' title='bbox 547 2347 599 2398; x_wconf 78' lang='lat'>2.</span> <span class='ocrx_word' id='word_1_156' title='bbox 629 2343 739 2398; x_wconf 92' lang='lat' dir='ltr'>Sed</span> <span class='ocrx_word' id='word_1_157' title='bbox 793 2338 1071 2414; x_wconf 89' lang='lat' dir='ltr'>quoniam</span> <span class='ocrx_word' id='word_1_158' title='bbox 1101 2341 1229 2395; x_wconf 73' lang='lat' dir='ltr'>duae.</span> <span class='ocrx_word' id='word_1_159' title='bbox 1263 2342 1510 2396; x_wconf 84' lang='lat' dir='ltr'>maxime</span> <span class='ocrx_word' id='word_1_160' title='bbox 1542 2345 1676 2395; x_wconf 87' lang='lat' dir='ltr'>sunt</span> <span class='ocrx_word' id='word_1_161' title='bbox 1697 2340 1978 2396; x_wconf 65' lang='lat' dir='ltr'>illecebrae</span> <span class='ocrx_word' id='word_1_162' title='bbox 2010 2341 2181 2396; x_wconf 87' lang='lat' dir='ltr'>Mani-</span> 
     </span>
    </p>
   </div>
   <div class='ocr_carea' id='block_1_24' title="bbox 482 2428 2184 2507">
    <p class='ocr_par' dir='ltr' id='par_1_24' title="bbox 482 2428 2184 2507">
     <span class='ocr_line' id='line_1_24' title="bbox 482 2428 2184 2507; baseline -0.001 -21"><span class='ocrx_word' id='word_1_163' title='bbox 482 2432 797 2497; x_wconf 58' lang='lat' dir='ltr'>chaeorum,</span> <span class='ocrx_word' id='word_1_164' title='bbox 854 2429 1060 2501; x_wconf 86' lang='lat' dir='ltr'>quibus</span> <span class='ocrx_word' id='word_1_165' title='bbox 1092 2428 1458 2501; x_wconf 89' lang='lat' dir='ltr'>decipiuntur</span> <span class='ocrx_word' id='word_1_166' title='bbox 1486 2428 1720 2507; x_wconf 88' lang='lat' dir='ltr'>incauti,</span> <span class='ocrx_word' id='word_1_167' title='bbox 1772 2432 1836 2484; x_wconf 91' lang='lat' dir='ltr'>ut</span> <span class='ocrx_word' id='word_1_168' title='bbox 1865 2446 1959 2483; x_wconf 91' lang='lat' dir='ltr'>eos</span> <span class='ocrx_word' id='word_1_169' title='bbox 2007 2430 2184 2485; x_wconf 89' lang='lat' dir='ltr'>velint</span> 
     </span>
    </p>
   </div>
   <div class='ocr_carea' id='block_1_25' title="bbox 482 2517 2175 2588">
    <p class='ocr_par' dir='ltr' id='par_1_25' title="bbox 482 2517 2175 2588">
     <span class='ocr_line' id='line_1_25' title="bbox 482 2517 2175 2588; baseline -0.001 -14"><span class='ocrx_word' id='word_1_170' title='bbox 482 2520 695 2574; x_wconf 86' lang='lat' dir='ltr'>habere</span> <span class='ocrx_word' id='word_1_171' title='bbox 725 2519 1021 2585; x_wconf 89' lang='lat' dir='ltr'>doctores;</span> <span class='ocrx_word' id='word_1_172' title='bbox 1055 2533 1186 2583; x_wconf 88' lang='lat' dir='ltr'>una,</span> <span class='ocrx_word' id='word_1_173' title='bbox 1218 2534 1347 2572; x_wconf 89' lang='lat' dir='ltr'>cum</span> <span class='ocrx_word' id='word_1_174' title='bbox 1380 2517 1696 2588; x_wconf 84' lang='lat' dir='ltr'>Scripturas</span> <span class='ocrx_word' id='word_1_175' title='bbox 1734 2518 2175 2588; x_wconf 89' lang='lat' dir='ltr'>reprehendunt,</span> 
     </span>
    </p>
   </div>
   <div class='ocr_carea' id='block_1_26' title="bbox 482 2605 2180 2679">
    <p class='ocr_par' dir='ltr' id='par_1_26' title="bbox 482 2605 2180 2679">
     <span class='ocr_line' id='line_1_26' title="bbox 482 2605 2180 2679; baseline 0 -18"><span class='ocrx_word' id='word_1_176' title='bbox 482 2609 569 2663; x_wconf 81' lang='lat' dir='ltr'>vel</span> <span class='ocrx_word' id='word_1_177' title='bbox 607 2624 748 2679; x_wconf 88' lang='lat' dir='ltr'>quas</span> <span class='ocrx_word' id='word_1_178' title='bbox 795 2607 943 2661; x_wconf 89' lang='lat' dir='ltr'>male</span> <span class='ocrx_word' id='word_1_179' title='bbox 976 2605 1305 2676; x_wconf 83' lang='lat' dir='ltr'>intelligunt</span> <span class='ocrx_word' id='word_1_180' title='bbox 1344 2607 1431 2661; x_wconf 86' lang='lat' dir='ltr'>vel</span> <span class='ocrx_word' id='word_1_181' title='bbox 1462 2622 1605 2677; x_wconf 88' lang='lat' dir='ltr'>quas</span> <span class='ocrx_word' id='word_1_182' title='bbox 1636 2606 1782 2661; x_wconf 89' lang='lat' dir='ltr'>male</span> <span class='ocrx_word' id='word_1_183' title='bbox 1811 2606 2055 2678; x_wconf 87' lang='lat' dir='ltr'>intelligi</span> <span class='ocrx_word' id='word_1_184' title='bbox 2085 2624 2180 2661; x_wconf 80' lang='lat' dir='ltr'>vo-</span> 
     </span>
    </p>
   </div>
   <div class='ocr_carea' id='block_1_27' title="bbox 484 2693 2183 2764">
    <p class='ocr_par' dir='ltr' id='par_1_27' title="bbox 484 2693 2183 2764">
     <span class='ocr_line' id='line_1_27' title="bbox 484 2693 2183 2764; baseline -0.001 -14"><span class='ocrx_word' id='word_1_185' title='bbox 484 2696 646 2760; x_wconf 90' lang='lat' dir='ltr'>lunt;</span> <span class='ocrx_word' id='word_1_186' title='bbox 702 2696 902 2764; x_wconf 89' lang='lat' dir='ltr'>altera,</span> <span class='ocrx_word' id='word_1_187' title='bbox 955 2710 1083 2748; x_wconf 90' lang='lat' dir='ltr'>cum</span> <span class='ocrx_word' id='word_1_188' title='bbox 1116 2693 1248 2748; x_wconf 80' lang='lat' dir='ltr'>vitae</span> <span class='ocrx_word' id='word_1_189' title='bbox 1291 2698 1456 2749; x_wconf 74' lang='lat' dir='ltr'>casta:</span> <span class='ocrx_word' id='word_1_190' title='bbox 1504 2698 1561 2748; x_wconf 91' lang='lat' dir='ltr'>et</span> <span class='ocrx_word' id='word_1_191' title='bbox 1588 2693 1978 2749; x_wconf 89' lang='lat' dir='ltr'>memorabilis</span> <span class='ocrx_word' id='word_1_192' title='bbox 2008 2694 2183 2749; x_wconf 89' lang='lat' dir='ltr'>conti-</span> 
     </span>
    </p>
   </div>
   <div class='ocr_carea' id='block_1_28' title="bbox 485 2779 2182 2855">
    <p class='ocr_par' dir='ltr' id='par_1_28' title="bbox 485 2779 2182 2855">
     <span class='ocr_line' id='line_1_28' title="bbox 485 2779 2182 2855; baseline -0.002 -15"><span class='ocrx_word' id='word_1_193' title='bbox 485 2784 698 2840; x_wconf 45' lang='lat' dir='ltr'>nentiae.</span> <span class='ocrx_word' id='word_1_194' title='bbox 727 2783 1041 2855; x_wconf 84' lang='lat' dir='ltr'>imaginem</span> <span class='ocrx_word' id='word_1_195' title='bbox 1070 2783 1388 2855; x_wconf 68' lang='lat' dir='ltr'>praeferunt</span> <span class='ocrx_word' id='word_1_196' title='bbox 1412 2800 1424 2837; x_wconf 92' lang='lat'>:</span> <span class='ocrx_word' id='word_1_197' title='bbox 1456 2779 1549 2837; x_wconf 85' lang='lat' dir='ltr'>hic</span> <span class='ocrx_word' id='word_1_198' title='bbox 1576 2782 1724 2838; x_wconf 88' lang='lat' dir='ltr'>liber</span> <span class='ocrx_word' id='word_1_199' title='bbox 1768 2786 2182 2853; x_wconf 87' lang='lat' dir='ltr'>congruentem</span> 
     </span>
    </p>
   </div>
   <div class='ocr_carea' id='block_1_29' title="bbox 481 2871 2184 2944">
    <p class='ocr_par' dir='ltr' id='par_1_29' title="bbox 481 2871 2184 2944">
     <span class='ocr_line' id='line_1_29' title="bbox 481 2871 2184 2944; baseline -0.002 -15"><span class='ocrx_word' id='word_1_200' title='bbox 481 2873 777 2930; x_wconf 70' lang='lat' dir='ltr'>catholicae</span> <span class='ocrx_word' id='word_1_201' title='bbox 808 2872 1127 2944; x_wconf 74' lang='lat' dir='ltr'>disciplinae</span> <span class='ocrx_word' id='word_1_202' title='bbox 1164 2872 1506 2926; x_wconf 90' lang='lat' dir='ltr'>sententiam</span> <span class='ocrx_word' id='word_1_203' title='bbox 1540 2875 1796 2926; x_wconf 87' lang='lat' dir='ltr'>nostram</span> <span class='ocrx_word' id='word_1_204' title='bbox 1845 2872 1915 2926; x_wconf 90' lang='lat' dir='ltr'>de</span> <span class='ocrx_word' id='word_1_205' title='bbox 1959 2871 2070 2926; x_wconf 89' lang='lat' dir='ltr'>vita</span> <span class='ocrx_word' id='word_1_206' title='bbox 2127 2875 2184 2925; x_wconf 90' lang='lat' dir='ltr'>et</span> 
     </span>
    </p>
   </div>
   <div class='ocr_carea' id='block_1_30' title="bbox 478 2958 2184 3032">
    <p class='ocr_par' dir='ltr' id='par_1_30' title="bbox 478 2958 2184 3032">
     <span class='ocr_line' id='line_1_30' title="bbox 478 2958 2184 3032; baseline -0.002 -15"><span class='ocrx_word' id='word_1_207' title='bbox 478 2962 734 3018; x_wconf 87' lang='lat' dir='ltr'>moribus</span> <span class='ocrx_word' id='word_1_208' title='bbox 792 2960 1133 3027; x_wconf 89' lang='lat' dir='ltr'>continebit,</span> <span class='ocrx_word' id='word_1_209' title='bbox 1190 2958 1250 3014; x_wconf 92' lang='lat' dir='ltr'>in</span> <span class='ocrx_word' id='word_1_210' title='bbox 1308 2976 1421 3032; x_wconf 91' lang='lat' dir='ltr'>quo</span> <span class='ocrx_word' id='word_1_211' title='bbox 1479 2960 1714 3015; x_wconf 84' lang='lat' dir='ltr'>fortasse</span> <span class='ocrx_word' id='word_1_212' title='bbox 1746 2959 2100 3031; x_wconf 87' lang='lat' dir='ltr'>intelligetur</span> <span class='ocrx_word' id='word_1_213' title='bbox 2128 2963 2184 3013; x_wconf 90' lang='lat' dir='ltr'>et</span> 
     </span>
    </p>
   </div>
   <div class='ocr_carea' id='block_1_31' title="bbox 481 3047 2181 3123">
    <p class='ocr_par' dir='ltr' id='par_1_31' title="bbox 481 3047 2181 3123">
     <span class='ocr_line' id='line_1_31' title="bbox 481 3047 2181 3123; baseline -0.002 -18"><span class='ocrx_word' id='word_1_214' title='bbox 481 3067 655 3123; x_wconf 88' lang='lat' dir='ltr'>quam</span> <span class='ocrx_word' id='word_1_215' title='bbox 703 3050 775 3105; x_wconf 90' lang='lat' dir='ltr'>sit</span> <span class='ocrx_word' id='word_1_216' title='bbox 822 3048 987 3104; x_wconf 86' lang='lat' dir='ltr'>facile</span> <span class='ocrx_word' id='word_1_217' title='bbox 1015 3047 1307 3115; x_wconf 90' lang='lat' dir='ltr'>simulare,</span> <span class='ocrx_word' id='word_1_218' title='bbox 1368 3053 1425 3104; x_wconf 85' lang='lat' dir='ltr'>et</span> <span class='ocrx_word' id='word_1_219' title='bbox 1480 3064 1653 3120; x_wconf 89' lang='lat' dir='ltr'>quam</span> <span class='ocrx_word' id='word_1_220' title='bbox 1712 3047 1943 3103; x_wconf 85' lang='lat' dir='ltr'>difﬁcile</span> <span class='ocrx_word' id='word_1_221' title='bbox 1973 3049 2181 3102; x_wconf 84' lang='lat' dir='ltr'>habere</span> 
     </span>
    </p>
   </div>
   <div class='ocr_carea' id='block_1_32' title="bbox 482 3136 2183 3207">
    <p class='ocr_par' dir='ltr' id='par_1_32' title="bbox 482 3136 2183 3207">
     <span class='ocr_line' id='line_1_32' title="bbox 482 3136 2183 3207; baseline -0.001 -14"><span class='ocrx_word' id='word_1_222' title='bbox 482 3140 774 3193; x_wconf 88' lang='lat' dir='ltr'>virtutem.</span> <span class='ocrx_word' id='word_1_223' title='bbox 810 3140 952 3193; x_wconf 87' lang='lat' dir='ltr'>Eum</span> <span class='ocrx_word' id='word_1_224' title='bbox 986 3152 1121 3192; x_wconf 85' lang='lat' dir='ltr'>sane</span> <span class='ocrx_word' id='word_1_225' title='bbox 1164 3136 1398 3191; x_wconf 91' lang='lat' dir='ltr'>modum</span> <span class='ocrx_word' id='word_1_226' title='bbox 1452 3137 1680 3204; x_wconf 91' lang='lat' dir='ltr'>tenebo,</span> <span class='ocrx_word' id='word_1_227' title='bbox 1740 3136 1789 3191; x_wconf 91' lang='lat' dir='ltr'>si</span> <span class='ocrx_word' id='word_1_228' title='bbox 1843 3141 2068 3207; x_wconf 87' lang='lat' dir='ltr'>potero,</span> <span class='ocrx_word' id='word_1_229' title='bbox 2119 3140 2183 3191; x_wconf 94' lang='lat' dir='ltr'>ut</span> 
     </span>
    </p>
   </div>
   <div class='ocr_carea' id='block_1_33' title="bbox 484 3222 2177 3299">
    <p class='ocr_par' dir='ltr' id='par_1_33' title="bbox 484 3222 2177 3299">
     <span class='ocr_line' id='line_1_33' title="bbox 484 3222 2177 3299; baseline -0.004 -17"><span class='ocrx_word' id='word_1_230' title='bbox 484 3243 674 3299; x_wconf 87' lang='lat' dir='ltr'>neque</span> <span class='ocrx_word' id='word_1_231' title='bbox 705 3226 1021 3281; x_wconf 65' lang='lat' dir='ltr'>in’illorum</span> <span class='ocrx_word' id='word_1_232' title='bbox 1054 3224 1300 3293; x_wconf 87' lang='lat' dir='ltr'>morbos,</span> <span class='ocrx_word' id='word_1_233' title='bbox 1342 3225 1442 3297; x_wconf 89' lang='lat' dir='ltr'>qui</span> <span class='ocrx_word' id='word_1_234' title='bbox 1496 3225 1637 3280; x_wconf 90' lang='lat' dir='ltr'>mihi</span> <span class='ocrx_word' id='word_1_235' title='bbox 1689 3228 1822 3279; x_wconf 90' lang='lat' dir='ltr'>sunt</span> <span class='ocrx_word' id='word_1_236' title='bbox 1875 3222 2177 3291; x_wconf 87' lang='lat' dir='ltr'>notissimi,</span> 
     </span>
    </p>
   </div>
   <div class='ocr_carea' id='block_1_34' title="bbox 481 3313 2179 3387">
    <p class='ocr_par' dir='ltr' id='par_1_34' title="bbox 481 3313 2179 3387">
     <span class='ocr_line' id='line_1_34' title="bbox 481 3313 2179 3387; baseline -0.002 -17"><span class='ocrx_word' id='word_1_237' title='bbox 481 3320 602 3371; x_wconf 92' lang='lat' dir='ltr'>tam</span> <span class='ocrx_word' id='word_1_238' title='bbox 636 3315 886 3387; x_wconf 86' lang='lat' dir='ltr'>graviter</span> <span class='ocrx_word' id='word_1_239' title='bbox 930 3314 1190 3383; x_wconf 83' lang='lat' dir='ltr'>invehar,</span> <span class='ocrx_word' id='word_1_240' title='bbox 1224 3330 1398 3385; x_wconf 89' lang='lat' dir='ltr'>quam</span> <span class='ocrx_word' id='word_1_241' title='bbox 1427 3314 1511 3368; x_wconf 94' lang='lat' dir='ltr'>illi</span> <span class='ocrx_word' id='word_1_242' title='bbox 1538 3314 1598 3368; x_wconf 90' lang='lat' dir='ltr'>in</span> <span class='ocrx_word' id='word_1_243' title='bbox 1629 3330 1695 3368; x_wconf 90' lang='lat' dir='ltr'>ea</span> <span class='ocrx_word' id='word_1_244' title='bbox 1720 3330 1849 3385; x_wconf 67' lang='lat' dir='ltr'>quin</span> <span class='ocrx_word' id='word_1_245' title='bbox 1876 3313 2179 3385; x_wconf 88' lang='lat' dir='ltr'>ignorant;</span> 
     </span>
    </p>
   </div>
   <div class='ocr_carea' id='block_1_35' title="bbox 481 3401 2180 3474">
    <p class='ocr_par' dir='ltr' id='par_1_35' title="bbox 481 3401 2180 3474">
     <span class='ocr_line' id='line_1_35' title="bbox 481 3401 2180 3474; baseline -0.001 -17"><span class='ocrx_word' id='word_1_246' title='bbox 481 3402 672 3458; x_wconf 89' lang='lat' dir='ltr'>sanari</span> <span class='ocrx_word' id='word_1_247' title='bbox 704 3401 860 3458; x_wconf 90' lang='lat' dir='ltr'>enim</span> <span class='ocrx_word' id='word_1_248' title='bbox 917 3419 1015 3457; x_wconf 90' lang='lat' dir='ltr'>eos</span> <span class='ocrx_word' id='word_1_249' title='bbox 1071 3403 1287 3473; x_wconf 83' lang='lat' dir='ltr'>potuis,</span> <span class='ocrx_word' id='word_1_250' title='bbox 1339 3403 1386 3456; x_wconf 91' lang='lat' dir='ltr'>si</span> <span class='ocrx_word' id='word_1_251' title='bbox 1440 3402 1567 3457; x_wconf 90' lang='lat' dir='ltr'>ﬁeri</span> <span class='ocrx_word' id='word_1_252' title='bbox 1617 3406 1826 3474; x_wconf 88' lang='lat' dir='ltr'>potest,</span> <span class='ocrx_word' id='word_1_253' title='bbox 1876 3418 2050 3473; x_wconf 90' lang='lat' dir='ltr'>quam</span> <span class='ocrx_word' id='word_1_254' title='bbox 2076 3417 2180 3472; x_wconf 84' lang='lat' dir='ltr'>op-</span> 
     </span>
    </p>
   </div>
   <div class='ocr_carea' id='block_1_36' title="bbox 473 3490 2177 3564">
    <p class='ocr_par' dir='ltr' id='par_1_36' title="bbox 473 3490 2177 3564">
     <span class='ocr_line' id='line_1_36' title="bbox 473 3490 2177 3564; baseline -0.001 -18"><span class='ocrx_word' id='word_1_255' title='bbox 473 3491 723 3564; x_wconf 89' lang='lat' dir='ltr'>pugnari</span> <span class='ocrx_word' id='word_1_256' title='bbox 752 3492 903 3548; x_wconf 92' lang='lat' dir='ltr'>volo.</span> <span class='ocrx_word' id='word_1_257' title='bbox 945 3493 1010 3547; x_wconf 82' lang='lat' dir='ltr'>Et</span> <span class='ocrx_word' id='word_1_258' title='bbox 1041 3507 1107 3547; x_wconf 88' lang='lat' dir='ltr'>ea</span> <span class='ocrx_word' id='word_1_259' title='bbox 1154 3491 1224 3547; x_wconf 92' lang='lat' dir='ltr'>de</span> <span class='ocrx_word' id='word_1_260' title='bbox 1252 3491 1559 3564; x_wconf 90' lang='lat' dir='ltr'>Scripturis</span> <span class='ocrx_word' id='word_1_261' title='bbox 1600 3507 1888 3546; x_wconf 85' lang='lat' dir='ltr'>assumam</span> <span class='ocrx_word' id='word_1_262' title='bbox 1919 3490 2177 3546; x_wconf 81' lang='lat' dir='ltr'>testimo—</span> 
     </span>
    </p>
   </div>
   <div class='ocr_carea' id='block_1_37' title="bbox 478 3578 2183 3652">
    <p class='ocr_par' dir='ltr' id='par_1_37' title="bbox 478 3578 2183 3652">
     <span class='ocr_line' id='line_1_37' title="bbox 478 3578 2183 3652; baseline -0.001 -17"><span class='ocrx_word' id='word_1_263' title='bbox 478 3579 594 3647; x_wconf 92' lang='lat' dir='ltr'>nia,</span> <span class='ocrx_word' id='word_1_264' title='bbox 622 3581 832 3652; x_wconf 90' lang='lat' dir='ltr'>quibus</span> <span class='ocrx_word' id='word_1_265' title='bbox 862 3597 960 3636; x_wconf 91' lang='lat' dir='ltr'>eos</span> <span class='ocrx_word' id='word_1_266' title='bbox 993 3596 1221 3635; x_wconf 88' lang='lat' dir='ltr'>necesse</span> <span class='ocrx_word' id='word_1_267' title='bbox 1269 3580 1342 3635; x_wconf 89' lang='lat' dir='ltr'>sit</span> <span class='ocrx_word' id='word_1_268' title='bbox 1370 3579 1624 3648; x_wconf 89' lang='lat' dir='ltr'>credere,</span> <span class='ocrx_word' id='word_1_269' title='bbox 1656 3580 1725 3636; x_wconf 89' lang='lat' dir='ltr'>de</span> <span class='ocrx_word' id='word_1_270' title='bbox 1775 3580 1926 3636; x_wconf 87' lang='lat' dir='ltr'>Novo</span> <span class='ocrx_word' id='word_1_271' title='bbox 1970 3578 2183 3634; x_wconf 89' lang='lat' dir='ltr'>scilicet</span> 
     </span>
    </p>
   </div>
   <div class='ocr_carea' id='block_1_38' title="bbox 477 3669 2182 3742">
    <p class='ocr_par' dir='ltr' id='par_1_38' title="bbox 477 3669 2182 3742">
     <span class='ocr_line' id='line_1_38' title="bbox 477 3669 2182 3742; baseline -0.001 -18"><span class='ocrx_word' id='word_1_272' title='bbox 477 3670 860 3739; x_wconf 87' lang='lat' dir='ltr'>Testamento,</span> <span class='ocrx_word' id='word_1_273' title='bbox 893 3671 963 3725; x_wconf 87' lang='lat' dir='ltr'>de</span> <span class='ocrx_word' id='word_1_274' title='bbox 978 3686 1092 3742; x_wconf 89' lang='lat' dir='ltr'>quo</span> <span class='ocrx_word' id='word_1_275' title='bbox 1124 3673 1317 3725; x_wconf 88' lang='lat' dir='ltr'>tamen</span> <span class='ocrx_word' id='word_1_276' title='bbox 1344 3669 1491 3725; x_wconf 90' lang='lat' dir='ltr'>nihil</span> <span class='ocrx_word' id='word_1_277' title='bbox 1516 3669 1801 3741; x_wconf 89' lang='lat' dir='ltr'>proferam</span> <span class='ocrx_word' id='word_1_278' title='bbox 1824 3685 2026 3724; x_wconf 91' lang='lat' dir='ltr'>eorum</span> <span class='ocrx_word' id='word_1_279' title='bbox 2051 3685 2182 3741; x_wconf 64' lang='lat' dir='ltr'>quae</span> 
     </span>
    </p>
   </div>
   <div class='ocr_carea' id='block_1_39' title="bbox 480 3757 2182 3829">
    <p class='ocr_par' dir='ltr' id='par_1_39' title="bbox 480 3757 2182 3829">
     <span class='ocr_line' id='line_1_39' title="bbox 480 3757 2182 3829; baseline -0.002 -16"><span class='ocrx_word' id='word_1_280' title='bbox 480 3759 666 3813; x_wconf 84' lang='lat' dir='ltr'>solent</span> <span class='ocrx_word' id='word_1_281' title='bbox 722 3758 980 3815; x_wconf 89' lang='lat' dir='ltr'>immissa</span> <span class='ocrx_word' id='word_1_282' title='bbox 1034 3774 1156 3813; x_wconf 90' lang='lat' dir='ltr'>esse</span> <span class='ocrx_word' id='word_1_283' title='bbox 1212 3758 1422 3827; x_wconf 89' lang='lat' dir='ltr'>dicere,</span> <span class='ocrx_word' id='word_1_284' title='bbox 1479 3775 1609 3813; x_wconf 87' lang='lat' dir='ltr'>cum</span> <span class='ocrx_word' id='word_1_285' title='bbox 1649 3758 1874 3829; x_wconf 87' lang='lat' dir='ltr'>magnis</span> <span class='ocrx_word' id='word_1_286' title='bbox 1902 3757 2182 3828; x_wconf 85' lang='lat' dir='ltr'>angustiis</span> 
     </span>
    </p>
   </div>
   <div class='ocr_carea' id='block_1_40' title="bbox 477 3846 2179 3918">
    <p class='ocr_par' dir='ltr' id='par_1_40' title="bbox 477 3846 2179 3918">
     <span class='ocr_line' id='line_1_40' title="bbox 477 3846 2179 3918; baseline -0.001 -17"><span class='ocrx_word' id='word_1_287' title='bbox 477 3852 875 3914; x_wconf 89' lang='lat' dir='ltr'>coarctantnr;</span> <span class='ocrx_word' id='word_1_288' title='bbox 897 3846 992 3901; x_wconf 92' lang='lat' dir='ltr'>sed</span> <span class='ocrx_word' id='word_1_289' title='bbox 1023 3861 1091 3901; x_wconf 87' lang='lat' dir='ltr'>ea</span> <span class='ocrx_word' id='word_1_290' title='bbox 1114 3846 1322 3915; x_wconf 91' lang='lat' dir='ltr'>dicam,</span> <span class='ocrx_word' id='word_1_291' title='bbox 1354 3864 1484 3918; x_wconf 67' lang='lat' dir='ltr'>qum</span> <span class='ocrx_word' id='word_1_292' title='bbox 1514 3852 1572 3902; x_wconf 90' lang='lat' dir='ltr'>et</span> <span class='ocrx_word' id='word_1_293' title='bbox 1624 3847 1942 3918; x_wconf 88' lang='lat' dir='ltr'>approbare</span> <span class='ocrx_word' id='word_1_294' title='bbox 1974 3850 2029 3901; x_wconf 90' lang='lat' dir='ltr'>et</span> <span class='ocrx_word' id='word_1_295' title='bbox 2056 3846 2179 3900; x_wconf 89' lang='lat' dir='ltr'>lau-</span> 
     </span>
    </p>
   </div>
   <div class='ocr_carea' id='block_1_41' title="bbox 480 3934 2181 4006">
    <p class='ocr_par' dir='ltr' id='par_1_41' title="bbox 480 3934 2181 4006">
     <span class='ocr_line' id='line_1_41' title="bbox 480 3934 2181 4006; baseline -0.001 -16"><span class='ocrx_word' id='word_1_296' title='bbox 480 3936 617 3990; x_wconf 87' lang='lat' dir='ltr'>dare</span> <span class='ocrx_word' id='word_1_297' title='bbox 647 3939 949 4005; x_wconf 85' lang='lat' dir='ltr'>coguntur.</span> <span class='ocrx_word' id='word_1_298' title='bbox 973 3935 1087 3988; x_wconf 87' lang='lat' dir='ltr'>Nec</span> <span class='ocrx_word' id='word_1_299' title='bbox 1115 3936 1349 3990; x_wconf 88' lang='lat' dir='ltr'>omnino</span> <span class='ocrx_word' id='word_1_300' title='bbox 1391 3934 1571 3990; x_wconf 83' lang='lat' dir='ltr'>ullam</span> <span class='ocrx_word' id='word_1_301' title='bbox 1625 3935 1952 4006; x_wconf 90' lang='lat' dir='ltr'>relinquam</span> <span class='ocrx_word' id='word_1_302' title='bbox 1980 3939 2181 3989; x_wconf 89' lang='lat' dir='ltr'>testem</span> 
     </span>
    </p>
   </div>
   <div class='ocr_carea' id='block_1_42' title="bbox 485 4021 2182 4095">
    <p class='ocr_par' dir='ltr' id='par_1_42' title="bbox 485 4021 2182 4095">
     <span class='ocr_line' id='line_1_42' title="bbox 485 4021 2182 4095; baseline 0.001 -18"><span class='ocrx_word' id='word_1_303' title='bbox 485 4022 831 4078; x_wconf 85' lang='lat' dir='ltr'>sententiam</span> <span class='ocrx_word' id='word_1_304' title='bbox 859 4021 1200 4094; x_wconf 89' lang='lat' dir='ltr'>productam</span> <span class='ocrx_word' id='word_1_305' title='bbox 1256 4023 1326 4078; x_wconf 90' lang='lat' dir='ltr'>de</span> <span class='ocrx_word' id='word_1_306' title='bbox 1374 4022 1684 4094; x_wconf 88' lang='lat' dir='ltr'>apostolica</span> <span class='ocrx_word' id='word_1_307' title='bbox 1727 4022 2048 4095; x_wconf 89' lang='lat' dir='ltr'>disciplina,</span> <span class='ocrx_word' id='word_1_308' title='bbox 2090 4023 2182 4078; x_wconf 89' lang='lat' dir='ltr'>cui</span> 
     </span>
    </p>
   </div>
   <div class='ocr_carea' id='block_1_43' title="bbox 406 4110 2183 4191">
    <p class='ocr_par' dir='ltr' id='par_1_43' title="bbox 406 4110 2183 4191">
     <span class='ocr_line' id='line_1_43' title="bbox 406 4110 2183 4191; baseline -0.001 -23"><span class='ocrx_word' id='word_1_309' title='bbox 406 4174 417 4191; x_wconf 45' lang='lat'><strong>‘</strong></span> <span class='ocrx_word' id='word_1_310' title='bbox 483 4128 600 4168; x_wconf 91' lang='lat' dir='ltr'>non</span> <span class='ocrx_word' id='word_1_311' title='bbox 625 4112 695 4168; x_wconf 90' lang='lat' dir='ltr'>de</span> <span class='ocrx_word' id='word_1_312' title='bbox 727 4112 912 4168; x_wconf 87' lang='lat' dir='ltr'>Veteri</span> <span class='ocrx_word' id='word_1_313' title='bbox 939 4112 1297 4167; x_wconf 89' lang='lat' dir='ltr'>Testamento</span> <span class='ocrx_word' id='word_1_314' title='bbox 1341 4110 1586 4167; x_wconf 89' lang='lat' dir='ltr'>similem</span> <span class='ocrx_word' id='word_1_315' title='bbox 1631 4128 1993 4184; x_wconf 87' lang='lat' dir='ltr'>comparem;</span> <span class='ocrx_word' id='word_1_316' title='bbox 2040 4116 2106 4168; x_wconf 89' lang='lat' dir='ltr'>ut</span> <span class='ocrx_word' id='word_1_317' title='bbox 2135 4111 2183 4167; x_wconf 89' lang='lat' dir='ltr'>si</span> 
     </span>
    </p>
   </div>
   <div class='ocr_carea' id='block_1_44' title="bbox 486 4199 2184 4274">
    <p class='ocr_par' dir='ltr' id='par_1_44' title="bbox 486 4199 2184 4274">
     <span class='ocr_line' id='line_1_44' title="bbox 486 4199 2184 4274; baseline -0.001 -17"><span class='ocrx_word' id='word_1_318' title='bbox 486 4200 757 4274; x_wconf 87' lang='lat' dir='ltr'>evigilare</span> <span class='ocrx_word' id='word_1_319' title='bbox 777 4200 1033 4265; x_wconf 87' lang='lat' dir='ltr'>tandem,</span> <span class='ocrx_word' id='word_1_320' title='bbox 1063 4199 1318 4271; x_wconf 79' lang='lat' dir='ltr'>deposita</span> <span class='ocrx_word' id='word_1_321' title='bbox 1346 4199 1660 4271; x_wconf 86' lang='lat' dir='ltr'>pertinacia</span> <span class='ocrx_word' id='word_1_322' title='bbox 1680 4200 2038 4256; x_wconf 88' lang='lat' dir='ltr'>somniorum</span> <span class='ocrx_word' id='word_1_323' title='bbox 2059 4217 2184 4257; x_wconf 88' lang='lat' dir='ltr'>suo-</span> 
     </span>
    </p>
   </div>
   <div class='ocr_carea' id='block_1_45' title="bbox 485 4286 2180 4360">
    <p class='ocr_par' dir='ltr' id='par_1_45' title="bbox 485 4286 2180 4360">
     <span class='ocr_line' id='line_1_45' title="bbox 485 4286 2180 4360; baseline -0.001 -16"><span class='ocrx_word' id='word_1_324' title='bbox 485 4304 640 4357; x_wconf 88' lang='lat' dir='ltr'>rum,</span> <span class='ocrx_word' id='word_1_325' title='bbox 683 4293 740 4344; x_wconf 89' lang='lat' dir='ltr'>et</span> <span class='ocrx_word' id='word_1_326' title='bbox 764 4288 826 4343; x_wconf 91' lang='lat' dir='ltr'>in</span> <span class='ocrx_word' id='word_1_327' title='bbox 855 4286 1177 4343; x_wconf 71' lang='lat' dir='ltr'>christiana:</span> <span class='ocrx_word' id='word_1_328' title='bbox 1206 4286 1342 4343; x_wconf 88' lang='lat' dir='ltr'>ﬁdei</span> <span class='ocrx_word' id='word_1_329' title='bbox 1369 4288 1554 4343; x_wconf 90' lang='lat' dir='ltr'>lucem</span> <span class='ocrx_word' id='word_1_330' title='bbox 1594 4288 1846 4360; x_wconf 88' lang='lat' dir='ltr'>aspirare</span> <span class='ocrx_word' id='word_1_331' title='bbox 1877 4289 2180 4353; x_wconf 84' lang='lat' dir='ltr'>voluerint,</span> 
     </span>
    </p>
   </div>
   <div class='ocr_carea' id='block_1_46' title="bbox 479 4376 2184 4450">
    <p class='ocr_par' dir='ltr' id='par_1_46' title="bbox 479 4376 2184 4450">
     <span class='ocr_line' id='line_1_46' title="bbox 479 4376 2184 4450; baseline 0 -17"><span class='ocrx_word' id='word_1_332' title='bbox 479 4377 940 4433; x_wconf 85' lang='lat' dir='ltr'>animadvertant</span> <span class='ocrx_word' id='word_1_333' title='bbox 972 4380 1028 4431; x_wconf 91' lang='lat' dir='ltr'>et</span> <span class='ocrx_word' id='word_1_334' title='bbox 1049 4392 1223 4448; x_wconf 90' lang='lat' dir='ltr'>quam</span> <span class='ocrx_word' id='word_1_335' title='bbox 1254 4392 1371 4430; x_wconf 91' lang='lat' dir='ltr'>non</span> <span class='ocrx_word' id='word_1_336' title='bbox 1402 4376 1476 4431; x_wconf 89' lang='lat' dir='ltr'>sit</span> <span class='ocrx_word' id='word_1_337' title='bbox 1504 4376 1814 4433; x_wconf 86' lang='lat' dir='ltr'>christiana</span> <span class='ocrx_word' id='word_1_338' title='bbox 1854 4377 1971 4433; x_wconf 89' lang='lat' dir='ltr'>vita</span> <span class='ocrx_word' id='word_1_339' title='bbox 2009 4394 2184 4450; x_wconf 89' lang='lat' dir='ltr'>quam</span> 
     </span>
    </p>
   </div>
   <div class='ocr_carea' id='block_1_47' title="bbox 487 4464 2184 4539">
    <p class='ocr_par' dir='ltr' id='par_1_47' title="bbox 487 4464 2184 4539">
     <span class='ocr_line' id='line_1_47' title="bbox 487 4464 2184 4539; baseline 0 -17"><span class='ocrx_word' id='word_1_340' title='bbox 487 4471 798 4531; x_wconf 84' lang='lat' dir='ltr'>ostentant,</span> <span class='ocrx_word' id='word_1_341' title='bbox 850 4470 907 4521; x_wconf 92' lang='lat' dir='ltr'>et</span> <span class='ocrx_word' id='word_1_342' title='bbox 956 4482 1130 4538; x_wconf 92' lang='lat' dir='ltr'>quam</span> <span class='ocrx_word' id='word_1_343' title='bbox 1175 4465 1251 4521; x_wconf 88' lang='lat' dir='ltr'>sit</span> <span class='ocrx_word' id='word_1_344' title='bbox 1304 4464 1512 4523; x_wconf 85' lang='lat' dir='ltr'>Christi</span> <span class='ocrx_word' id='word_1_345' title='bbox 1562 4465 1853 4539; x_wconf 89' lang='lat' dir='ltr'>Scriptura</span> <span class='ocrx_word' id='word_1_346' title='bbox 1902 4483 2077 4539; x_wconf 90' lang='lat' dir='ltr'>quam</span> <span class='ocrx_word' id='word_1_347' title='bbox 2106 4467 2184 4522; x_wconf 84' lang='lat' dir='ltr'>la-</span> 
     </span>
    </p>
   </div>
   <div class='ocr_carea' id='block_1_48' title="bbox 481 4560 694 4611">
    <p class='ocr_par' dir='ltr' id='par_1_48' title="bbox 481 4560 694 4611">
     <span class='ocr_line' id='line_1_48' title="bbox 481 4560 694 4611; baseline 0 0"><span class='ocrx_word' id='word_1_348' title='bbox 481 4560 694 4611; x_wconf 90' lang='lat' dir='ltr'>cerant.</span> 
     </span>
    </p>
   </div>
   <div class='ocr_carea' id='block_1_49' title="bbox 483 4643 2185 4715">
    <p class='ocr_par' dir='ltr' id='par_1_49' title="bbox 483 4643 2185 4715">
     <span class='ocr_line' id='line_1_49' title="bbox 483 4643 2185 4715; baseline -0.001 -15"><span class='ocrx_word' id='word_1_349' title='bbox 483 4645 709 4700; x_wconf 86' lang='lat' dir='ltr'>CAPUT</span> <span class='ocrx_word' id='word_1_350' title='bbox 741 4646 836 4700; x_wconf 85' lang='grc' dir='ltr'>ΙΙΙ.</span> <span class='ocrx_word' id='word_1_351' title='bbox 870 4675 938 4684; x_wconf 87' lang='grc'><strong><em>-</em></strong></span> <span class='ocrx_word' id='word_1_352' title='bbox 968 4645 1286 4700; x_wconf 81' lang='lat' dir='ltr'>Rationibus</span> <span class='ocrx_word' id='word_1_353' title='bbox 1308 4645 1466 4715; x_wconf 84' lang='lat' dir='ltr'>prius</span> <span class='ocrx_word' id='word_1_354' title='bbox 1496 4644 1637 4713; x_wconf 85' lang='lat' dir='ltr'>agit,</span> <span class='ocrx_word' id='word_1_355' title='bbox 1657 4643 1945 4713; x_wconf 83' lang='lat' dir='ltr'>obsequens</span> <span class='ocrx_word' id='word_1_356' title='bbox 1977 4646 2185 4699; x_wconf 57' lang='lat' dir='ltr'>vitiosa</span> 
     </span>
    </p>
   </div>
   <div class='ocr_carea' id='block_1_50' title="bbox 914 4731 1766 4789">
    <p class='ocr_par' dir='ltr' id='par_1_50' title="bbox 914 4731 1766 4789">
     <span class='ocr_line' id='line_1_50' title="bbox 914 4731 1766 4789; baseline -0.004 0"><span class='ocrx_word' id='word_1_357' title='bbox 914 4733 1333 4789; x_wconf 67' lang='lat' dir='ltr'>Manichaeorum</span> <span class='ocrx_word' id='word_1_358' title='bbox 1373 4731 1766 4789; x_wconf 77' lang='lat' dir='ltr'>consuetudini.</span> 
     </span>
    </p>
   </div>
   <div class='ocr_carea' id='block_1_51' title="bbox 555 4820 2184 4892">
    <p class='ocr_par' dir='ltr' id='par_1_51' title="bbox 555 4820 2184 4892">
     <span class='ocr_line' id='line_1_51' title="bbox 555 4820 2184 4892; baseline 0 -16"><span class='ocrx_word' id='word_1_359' title='bbox 555 4824 604 4877; x_wconf 89' lang='lat'>3.</span> <span class='ocrx_word' id='word_1_360' title='bbox 639 4820 795 4876; x_wconf 84' lang='lat' dir='ltr'>Unde</span> <span class='ocrx_word' id='word_1_361' title='bbox 823 4820 1002 4892; x_wconf 82' lang='lat' dir='ltr'>igitur</span> <span class='ocrx_word' id='word_1_362' title='bbox 1029 4821 1296 4877; x_wconf 86' lang='lat' dir='ltr'>exordiar</span> <span class='ocrx_word' id='word_1_363' title='bbox 1323 4820 1351 4874; x_wconf 72' lang='grc' dir='ltr'><em>Ἰ</em></span> <span class='ocrx_word' id='word_1_364' title='bbox 1397 4821 1469 4876; x_wconf 92' lang='lat' dir='ltr'>ab</span> <span class='ocrx_word' id='word_1_365' title='bbox 1498 4820 1852 4889; x_wconf 87' lang='lat' dir='ltr'>auctoritate,</span> <span class='ocrx_word' id='word_1_366' title='bbox 1886 4837 1959 4875; x_wconf 89' lang='lat' dir='ltr'>an</span> <span class='ocrx_word' id='word_1_367' title='bbox 2018 4839 2051 4875; x_wconf 90' lang='lat' dir='ltr'>a</span> <span class='ocrx_word' id='word_1_368' title='bbox 2098 4838 2184 4876; x_wconf 86' lang='lat' dir='ltr'>ra-</span> 
     </span>
    </p>
   </div>
   <div class='ocr_carea' id='block_1_52' title="bbox 482 4908 2182 4982">
    <p class='ocr_par' dir='ltr' id='par_1_52' title="bbox 482 4908 2182 4982">
     <span class='ocr_line' id='line_1_52' title="bbox 482 4908 2182 4982; baseline 0.001 -18"><span class='ocrx_word' id='word_1_369' title='bbox 482 4910 639 4965; x_wconf 89' lang='lat' dir='ltr'>tione</span> <span class='ocrx_word' id='word_1_370' title='bbox 660 4908 687 4963; x_wconf 81' lang='lat'><strong>?</strong></span> <span class='ocrx_word' id='word_1_371' title='bbox 718 4910 949 4965; x_wconf 73' lang='lat' dir='ltr'>Naturae</span> <span class='ocrx_word' id='word_1_372' title='bbox 980 4909 1214 4982; x_wconf 91' lang='lat' dir='ltr'>quidem</span> <span class='ocrx_word' id='word_1_373' title='bbox 1246 4910 1387 4965; x_wconf 92' lang='lat' dir='ltr'>ordo</span> <span class='ocrx_word' id='word_1_374' title='bbox 1415 4909 1496 4964; x_wconf 90' lang='lat' dir='ltr'>ita</span> <span class='ocrx_word' id='word_1_375' title='bbox 1524 4925 1582 4963; x_wconf 92' lang='lat' dir='ltr'>se</span> <span class='ocrx_word' id='word_1_376' title='bbox 1613 4909 1806 4972; x_wconf 88' lang='lat' dir='ltr'>habet,</span> <span class='ocrx_word' id='word_1_377' title='bbox 1840 4913 1901 4964; x_wconf 88' lang='lat' dir='ltr'>ut</span> <span class='ocrx_word' id='word_1_378' title='bbox 1917 4925 2048 4964; x_wconf 89' lang='lat' dir='ltr'>cum</span> <span class='ocrx_word' id='word_1_379' title='bbox 2079 4909 2182 4965; x_wconf 91' lang='lat' dir='ltr'>ali-</span> 
     </span>
    </p>
   </div>
   <div class='ocr_carea' id='block_1_53' title="bbox 479 4997 2184 5072">
    <p class='ocr_par' dir='ltr' id='par_1_53' title="bbox 479 4997 2184 5072">
     <span class='ocr_line' id='line_1_53' title="bbox 479 4997 2184 5072; baseline 0 -18"><span class='ocrx_word' id='word_1_380' title='bbox 479 4998 615 5072; x_wconf 73' lang='lat' dir='ltr'>quid</span> <span class='ocrx_word' id='word_1_381' title='bbox 676 4997 973 5069; x_wconf 91' lang='lat' dir='ltr'>discimus,</span> <span class='ocrx_word' id='word_1_382' title='bbox 1030 4998 1311 5054; x_wconf 89' lang='lat' dir='ltr'>rationem</span> <span class='ocrx_word' id='word_1_383' title='bbox 1362 4998 1645 5071; x_wconf 65' lang='lat' dir='ltr'>praecedat</span> <span class='ocrx_word' id='word_1_384' title='bbox 1677 4999 1998 5054; x_wconf 87' lang='lat' dir='ltr'>auctoritas.</span> <span class='ocrx_word' id='word_1_385' title='bbox 2042 5000 2184 5054; x_wconf 89' lang='lat' dir='ltr'>Nam</span> 
     </span>
    </p>
   </div>
   <div class='ocr_carea' id='block_1_54' title="bbox 482 5085 2182 5159">
    <p class='ocr_par' dir='ltr' id='par_1_54' title="bbox 482 5085 2182 5159">
     <span class='ocr_line' id='line_1_54' title="bbox 482 5085 2182 5159; baseline -0.002 -15"><span class='ocrx_word' id='word_1_386' title='bbox 482 5088 714 5144; x_wconf 90' lang='lat' dir='ltr'>inﬁrma</span> <span class='ocrx_word' id='word_1_387' title='bbox 743 5086 889 5142; x_wconf 90' lang='lat' dir='ltr'>ratio</span> <span class='ocrx_word' id='word_1_388' title='bbox 915 5086 1096 5143; x_wconf 89' lang='lat' dir='ltr'>videri</span> <span class='ocrx_word' id='word_1_389' title='bbox 1125 5091 1331 5159; x_wconf 90' lang='lat' dir='ltr'>potest,</span> <span class='ocrx_word' id='word_1_390' title='bbox 1362 5103 1491 5159; x_wconf 74' lang='lat' dir='ltr'>qua:</span> <span class='ocrx_word' id='word_1_391' title='bbox 1539 5102 1669 5141; x_wconf 89' lang='lat' dir='ltr'>cum</span> <span class='ocrx_word' id='word_1_392' title='bbox 1720 5085 1940 5142; x_wconf 90' lang='lat' dir='ltr'>reddita</span> <span class='ocrx_word' id='word_1_393' title='bbox 1989 5086 2182 5155; x_wconf 89' lang='lat' dir='ltr'>fuerit,</span> 
     </span>
    </p>
   </div>
   <div class='ocr_carea' id='block_1_55' title="bbox 484 5175 2181 5248">
    <p class='ocr_par' dir='ltr' id='par_1_55' title="bbox 484 5175 2181 5248">
     <span class='ocr_line' id='line_1_55' title="bbox 484 5175 2181 5248; baseline -0.001 -15"><span class='ocrx_word' id='word_1_394' title='bbox 484 5176 881 5233; x_wconf 88' lang='lat' dir='ltr'>auctoritatem</span> <span class='ocrx_word' id='word_1_395' title='bbox 911 5179 1128 5248; x_wconf 82' lang='lat' dir='ltr'>postea,</span> <span class='ocrx_word' id='word_1_396' title='bbox 1161 5192 1266 5247; x_wconf 90' lang='lat' dir='ltr'>per</span> <span class='ocrx_word' id='word_1_397' title='bbox 1294 5192 1466 5247; x_wconf 89' lang='lat' dir='ltr'>quam</span> <span class='ocrx_word' id='word_1_398' title='bbox 1496 5175 1776 5239; x_wconf 89' lang='lat' dir='ltr'>ﬁrmetur,</span> <span class='ocrx_word' id='word_1_399' title='bbox 1803 5175 2060 5231; x_wconf 89' lang='lat' dir='ltr'>assumit.</span> <span class='ocrx_word' id='word_1_400' title='bbox 2076 5176 2181 5231; x_wconf 89' lang='lat' dir='ltr'>Sed</span> 
     </span>
    </p>
   </div>
   <div class='ocr_carea' id='block_1_56' title="bbox 482 5264 2184 5339">
    <p class='ocr_par' dir='ltr' id='par_1_56' title="bbox 482 5264 2184 5339">
     <span class='ocr_line' id='line_1_56' title="bbox 482 5264 2184 5339; baseline 0 -19"><span class='ocrx_word' id='word_1_401' title='bbox 482 5266 617 5337; x_wconf 90' lang='lat' dir='ltr'>quia</span> <span class='ocrx_word' id='word_1_402' title='bbox 656 5265 969 5339; x_wconf 88' lang='lat' dir='ltr'>caligantes</span> <span class='ocrx_word' id='word_1_403' title='bbox 1003 5265 1307 5320; x_wconf 90' lang='lat' dir='ltr'>hominum</span> <span class='ocrx_word' id='word_1_404' title='bbox 1338 5269 1558 5320; x_wconf 88' lang='lat' dir='ltr'>mentes</span> <span class='ocrx_word' id='word_1_405' title='bbox 1588 5264 1998 5320; x_wconf 87' lang='lat' dir='ltr'>consuetudine</span> <span class='ocrx_word' id='word_1_406' title='bbox 2027 5267 2184 5320; x_wconf 88' lang='lat' dir='ltr'>tene-</span> 
     </span>
    </p>
   </div>
   <div class='ocr_carea' id='block_1_57' title="bbox 484 5353 2185 5427">
    <p class='ocr_par' dir='ltr' id='par_1_57' title="bbox 484 5353 2185 5427">
     <span class='ocr_line' id='line_1_57' title="bbox 484 5353 2185 5427; baseline -0.001 -18"><span class='ocrx_word' id='word_1_407' title='bbox 484 5354 741 5421; x_wconf 88' lang='lat' dir='ltr'>brarum,</span> <span class='ocrx_word' id='word_1_408' title='bbox 802 5355 1011 5427; x_wconf 89' lang='lat' dir='ltr'>quibus</span> <span class='ocrx_word' id='word_1_409' title='bbox 1064 5353 1124 5408; x_wconf 90' lang='lat' dir='ltr'>in</span> <span class='ocrx_word' id='word_1_410' title='bbox 1180 5358 1346 5409; x_wconf 90' lang='lat' dir='ltr'>nocte</span> <span class='ocrx_word' id='word_1_411' title='bbox 1408 5359 1771 5425; x_wconf 83' lang='lat' dir='ltr'>peccatorum</span> <span class='ocrx_word' id='word_1_412' title='bbox 1800 5353 2185 5426; x_wconf 87' lang='lat' dir='ltr'>vitiorumque</span> 
     </span>
    </p>
   </div>
   <div class='ocr_carea' id='block_1_58' title="bbox 483 5441 2182 5516">
    <p class='ocr_par' dir='ltr' id='par_1_58' title="bbox 483 5441 2182 5516">
     <span class='ocr_line' id='line_1_58' title="bbox 483 5441 2182 5516; baseline 0 -20"><span class='ocrx_word' id='word_1_413' title='bbox 483 5444 765 5511; x_wconf 88' lang='lat' dir='ltr'>velantur,</span> <span class='ocrx_word' id='word_1_414' title='bbox 818 5442 1215 5515; x_wconf 88' lang='lat' dir='ltr'>perspicuitati</span> <span class='ocrx_word' id='word_1_415' title='bbox 1263 5441 1690 5516; x_wconf 88' lang='lat' dir='ltr'>sineeritatique</span> <span class='ocrx_word' id='word_1_416' title='bbox 1739 5442 1978 5498; x_wconf 87' lang='lat' dir='ltr'>rationis</span> <span class='ocrx_word' id='word_1_417' title='bbox 2018 5458 2182 5513; x_wconf 87' lang='lat' dir='ltr'>aspe-</span> 
     </span>
    </p>
   </div>
   <div class='ocr_carea' id='block_1_59' title="bbox 486 5531 2183 5603">
    <p class='ocr_par' dir='ltr' id='par_1_59' title="bbox 486 5531 2183 5603">
     <span class='ocr_line' id='line_1_59' title="bbox 486 5531 2183 5603; baseline -0.001 -17"><span class='ocrx_word' id='word_1_418' title='bbox 486 5536 639 5586; x_wconf 91' lang='lat' dir='ltr'>ctum</span> <span class='ocrx_word' id='word_1_419' title='bbox 666 5532 937 5587; x_wconf 92' lang='lat' dir='ltr'>idoneum</span> <span class='ocrx_word' id='word_1_420' title='bbox 970 5531 1268 5586; x_wconf 84' lang='lat' dir='ltr'>intendere</span> <span class='ocrx_word' id='word_1_421' title='bbox 1281 5536 1575 5603; x_wconf 88' lang='lat' dir='ltr'>nequeunt</span> <span class='ocrx_word' id='word_1_422' title='bbox 1604 5531 2003 5598; x_wconf 87' lang='lat' dir='ltr'>;saluberrime</span> <span class='ocrx_word' id='word_1_423' title='bbox 2033 5547 2183 5586; x_wconf 86' lang='lat' dir='ltr'>eom-</span> 
     </span>
    </p>
   </div>
   <div class='ocr_carea' id='block_1_60' title="bbox 487 5618 2184 5691">
    <p class='ocr_par' dir='ltr' id='par_1_60' title="bbox 487 5618 2184 5691">
     <span class='ocr_line' id='line_1_60' title="bbox 487 5618 2184 5691; baseline 0.001 -17"><span class='ocrx_word' id='word_1_424' title='bbox 487 5624 749 5691; x_wconf 85' lang='lat' dir='ltr'>paratum</span> <span class='ocrx_word' id='word_1_425' title='bbox 782 5625 885 5687; x_wconf 88' lang='lat' dir='ltr'>est,</span> <span class='ocrx_word' id='word_1_426' title='bbox 927 5626 992 5675; x_wconf 91' lang='lat' dir='ltr'>ut</span> <span class='ocrx_word' id='word_1_427' title='bbox 1019 5619 1079 5675; x_wconf 91' lang='lat' dir='ltr'>in</span> <span class='ocrx_word' id='word_1_428' title='bbox 1109 5620 1291 5675; x_wconf 91' lang='lat' dir='ltr'>lucem</span> <span class='ocrx_word' id='word_1_429' title='bbox 1324 5620 1575 5676; x_wconf 86' lang='lat' dir='ltr'>veritatis</span> <span class='ocrx_word' id='word_1_430' title='bbox 1608 5618 1785 5675; x_wconf 91' lang='lat' dir='ltr'>aciem</span> <span class='ocrx_word' id='word_1_431' title='bbox 1839 5620 2184 5677; x_wconf 87' lang='lat' dir='ltr'>titubantem</span> 
     </span>
    </p>
   </div>
   <div class='ocr_carea' id='block_1_61' title="bbox 1288 333 3863 425">
    <p class='ocr_par' dir='ltr' id='par_1_61' title="bbox 1288 333 3863 425">
     <span class='ocr_line' id='line_1_61' title="bbox 1288 333 3863 425; baseline 0.002 -7"><span class='ocrx_word' id='word_1_432' title='bbox 1288 363 1381 418; x_wconf 90' lang='lat' dir='ltr'>DE</span> <span class='ocrx_word' id='word_1_433' title='bbox 1419 362 1732 418; x_wconf 83' lang='lat' dir='ltr'>MORIBUS</span> <span class='ocrx_word' id='word_1_434' title='bbox 1770 333 2134 419; x_wconf 58' lang='lat' dir='ltr'>ECCLESIIE</span> <span class='ocrx_word' id='word_1_435' title='bbox 2172 360 2619 425; x_wconf 59' lang='lat' dir='ltr'>CATHOLICXE,</span> <span class='ocrx_word' id='word_1_436' title='bbox 2663 360 2715 415; x_wconf 87' lang='lat' dir='ltr'>S.</span> <span class='ocrx_word' id='word_1_437' title='bbox 2761 357 3145 415; x_wconf 83' lang='lat' dir='ltr'>AUGUSTINI</span> <span class='ocrx_word' id='word_1_438' title='bbox 3777 372 3863 425; x_wconf 63' lang='grc' dir='ltr'>ιω</span> 
     </span>
    </p>
   </div>
   <div class='ocr_carea' id='block_1_62' title="bbox 2289 481 3858 554">
    <p class='ocr_par' dir='ltr' id='par_1_62' title="bbox 2289 481 3858 554">
     <span class='ocr_line' id='line_1_62' title="bbox 2289 481 3858 554; baseline 0.006 -17"><span class='ocrx_word' id='word_1_439' title='bbox 2289 485 2467 540; x_wconf 86' lang='lat' dir='ltr'>veluti</span> <span class='ocrx_word' id='word_1_440' title='bbox 2491 482 2667 538; x_wconf 90' lang='lat' dir='ltr'>ramis</span> <span class='ocrx_word' id='word_1_441' title='bbox 2686 481 3059 538; x_wconf 89' lang='lat' dir='ltr'>humanitatis</span> <span class='ocrx_word' id='word_1_442' title='bbox 3088 488 3327 554; x_wconf 88' lang='lat' dir='ltr'>opacata</span> <span class='ocrx_word' id='word_1_443' title='bbox 3372 483 3585 541; x_wconf 86' lang='lat' dir='ltr'>inducat</span> <span class='ocrx_word' id='word_1_444' title='bbox 3628 493 3858 548; x_wconf 71' lang='lat' dir='ltr'>auctoritas</span> 
     </span>
    </p>
   </div>
   <div class='ocr_carea' id='block_1_63' title="bbox 2287 569 3863 643">
    <p class='ocr_par' dir='ltr' id='par_1_63' title="bbox 2287 569 3863 643">
     <span class='ocr_line' id='line_1_63' title="bbox 2287 569 3863 643; baseline 0.005 -16"><span class='ocrx_word' id='word_1_445' title='bbox 2287 572 2395 628; x_wconf 92' lang='lat' dir='ltr'>Sed</span> <span class='ocrx_word' id='word_1_446' title='bbox 2431 571 2705 643; x_wconf 86' lang='lat' dir='ltr'>quoniam</span> <span class='ocrx_word' id='word_1_447' title='bbox 2735 585 2866 624; x_wconf 90' lang='lat' dir='ltr'>eum</span> <span class='ocrx_word' id='word_1_448' title='bbox 2896 569 2967 623; x_wconf 92' lang='lat' dir='ltr'>iis</span> <span class='ocrx_word' id='word_1_449' title='bbox 2987 569 3154 624; x_wconf 87' lang='lat' dir='ltr'>nobis</span> <span class='ocrx_word' id='word_1_450' title='bbox 3182 586 3273 625; x_wconf 91' lang='lat' dir='ltr'>res</span> <span class='ocrx_word' id='word_1_451' title='bbox 3301 574 3404 638; x_wconf 91' lang='lat' dir='ltr'>est,</span> <span class='ocrx_word' id='word_1_452' title='bbox 3435 572 3528 643; x_wconf 86' lang='lat' dir='ltr'>qui</span> <span class='ocrx_word' id='word_1_453' title='bbox 3551 575 3713 631; x_wconf 82' lang='lat' dir='ltr'>omnia</span> <span class='ocrx_word' id='word_1_454' title='bbox 3730 588 3863 635; x_wconf 82' lang='lat' dir='ltr'>contra</span> 
     </span>
    </p>
   </div>
   <div class='ocr_carea' id='block_1_64' title="bbox 2286 661 3862 734">
    <p class='ocr_par' dir='ltr' id='par_1_64' title="bbox 2286 661 3862 734">
     <span class='ocr_line' id='line_1_64' title="bbox 2286 661 3862 734; baseline 0.004 -18"><span class='ocrx_word' id='word_1_455' title='bbox 2286 662 2550 718; x_wconf 87' lang='lat' dir='ltr'>ordinem</span> <span class='ocrx_word' id='word_1_456' title='bbox 2582 665 2638 715; x_wconf 90' lang='lat' dir='ltr'>et</span> <span class='ocrx_word' id='word_1_457' title='bbox 2667 662 2941 724; x_wconf 87' lang='lat' dir='ltr'>sentiunt,</span> <span class='ocrx_word' id='word_1_458' title='bbox 2976 665 3033 714; x_wconf 91' lang='lat' dir='ltr'>et</span> <span class='ocrx_word' id='word_1_459' title='bbox 3058 661 3395 732; x_wconf 85' lang='lat' dir='ltr'>loquuntur,</span> <span class='ocrx_word' id='word_1_460' title='bbox 3429 665 3483 717; x_wconf 91' lang='lat' dir='ltr'>et</span> <span class='ocrx_word' id='word_1_461' title='bbox 3523 669 3711 734; x_wconf 82' lang='lat' dir='ltr'>gemat,</span> <span class='ocrx_word' id='word_1_462' title='bbox 3749 668 3862 723; x_wconf 84' lang='lat' dir='ltr'>nihil-</span> 
     </span>
    </p>
   </div>
   <div class='ocr_carea' id='block_1_65' title="bbox 2285 748 3862 823">
    <p class='ocr_par' dir='ltr' id='par_1_65' title="bbox 2285 748 3862 823">
     <span class='ocr_line' id='line_1_65' title="bbox 2285 748 3862 823; baseline 0.001 -17"><span class='ocrx_word' id='word_1_463' title='bbox 2285 768 2397 823; x_wconf 88' lang='lat' dir='ltr'>que</span> <span class='ocrx_word' id='word_1_464' title='bbox 2430 751 2589 806; x_wconf 87' lang='lat' dir='ltr'>aliud</span> <span class='ocrx_word' id='word_1_465' title='bbox 2620 750 2869 805; x_wconf 89' lang='lat' dir='ltr'>maxime</span> <span class='ocrx_word' id='word_1_466' title='bbox 2904 749 3124 816; x_wconf 91' lang='lat' dir='ltr'>dicunt,</span> <span class='ocrx_word' id='word_1_467' title='bbox 3173 748 3288 803; x_wconf 89' lang='lat' dir='ltr'>nisi</span> <span class='ocrx_word' id='word_1_468' title='bbox 3328 749 3597 805; x_wconf 87' lang='lat' dir='ltr'>rationem</span> <span class='ocrx_word' id='word_1_469' title='bbox 3635 754 3759 823; x_wconf 85' lang='lat' dir='ltr'>prius</span> <span class='ocrx_word' id='word_1_470' title='bbox 3791 774 3862 813; x_wconf 78' lang='lat' dir='ltr'>esse</span> 
     </span>
    </p>
   </div>
   <div class='ocr_carea' id='block_1_66' title="bbox 2285 838 3862 910">
    <p class='ocr_par' dir='ltr' id='par_1_66' title="bbox 2285 838 3862 910">
     <span class='ocr_line' id='line_1_66' title="bbox 2285 838 3862 910; baseline 0.003 -17"><span class='ocrx_word' id='word_1_471' title='bbox 2285 840 2658 906; x_wconf 86' lang='lat' dir='ltr'>reddendam,</span> <span class='ocrx_word' id='word_1_472' title='bbox 2691 854 2913 894; x_wconf 89' lang='lat' dir='ltr'>morem</span> <span class='ocrx_word' id='word_1_473' title='bbox 2949 838 3064 894; x_wconf 88' lang='lat' dir='ltr'>illis</span> <span class='ocrx_word' id='word_1_474' title='bbox 3096 854 3295 910; x_wconf 88' lang='lat' dir='ltr'>geram</span> <span class='ocrx_word' id='word_1_475' title='bbox 3320 857 3335 906; x_wconf 85' lang='lat'>;</span> <span class='ocrx_word' id='word_1_476' title='bbox 3359 839 3503 909; x_wconf 90' lang='lat' dir='ltr'>quod</span> <span class='ocrx_word' id='word_1_477' title='bbox 3542 839 3700 894; x_wconf 86' lang='lat' dir='ltr'>fateor</span> <span class='ocrx_word' id='word_1_478' title='bbox 3726 842 3771 896; x_wconf 91' lang='lat' dir='ltr'>in</span> <span class='ocrx_word' id='word_1_479' title='bbox 3797 845 3862 898; x_wconf 78' lang='lat' dir='ltr'>dis-</span> 
     </span>
    </p>
   </div>
   <div class='ocr_carea' id='block_1_67' title="bbox 2285 926 3861 999">
    <p class='ocr_par' dir='ltr' id='par_1_67' title="bbox 2285 926 3861 999">
     <span class='ocr_line' id='line_1_67' title="bbox 2285 926 3861 999; baseline 0.001 -17"><span class='ocrx_word' id='word_1_480' title='bbox 2285 928 2542 999; x_wconf 89' lang='lat' dir='ltr'>putando</span> <span class='ocrx_word' id='word_1_481' title='bbox 2573 928 2837 983; x_wconf 86' lang='lat' dir='ltr'>vitiosum</span> <span class='ocrx_word' id='word_1_482' title='bbox 2869 943 3013 993; x_wconf 89' lang='lat' dir='ltr'>esse,</span> <span class='ocrx_word' id='word_1_483' title='bbox 3042 926 3371 999; x_wconf 87' lang='lat' dir='ltr'>suscipiam.</span> <span class='ocrx_word' id='word_1_484' title='bbox 3405 928 3637 982; x_wconf 88' lang='lat' dir='ltr'>Delectat</span> <span class='ocrx_word' id='word_1_485' title='bbox 3662 929 3779 983; x_wconf 88' lang='lat' dir='ltr'>enim</span> <span class='ocrx_word' id='word_1_486' title='bbox 3811 947 3861 983; x_wconf 76' lang='lat' dir='ltr'>me</span> 
     </span>
    </p>
   </div>
   <div class='ocr_carea' id='block_1_68' title="bbox 2284 1015 3863 1094">
    <p class='ocr_par' dir='ltr' id='par_1_68' title="bbox 2284 1015 3863 1094">
     <span class='ocr_line' id='line_1_68' title="bbox 2284 1015 3863 1094; baseline -0.001 -21"><span class='ocrx_word' id='word_1_487' title='bbox 2284 1017 2519 1084; x_wconf 90' lang='lat' dir='ltr'>imitari,</span> <span class='ocrx_word' id='word_1_488' title='bbox 2548 1021 2827 1094; x_wconf 75' lang='lat' dir='ltr'>quantum</span> <span class='ocrx_word' id='word_1_489' title='bbox 2868 1017 3049 1082; x_wconf 89' lang='lat' dir='ltr'>valeo,</span> <span class='ocrx_word' id='word_1_490' title='bbox 3080 1015 3570 1070; x_wconf 86' lang='lat' dir='ltr'>mansuetudinem</span> <span class='ocrx_word' id='word_1_491' title='bbox 3597 1018 3778 1071; x_wconf 89' lang='lat' dir='ltr'>Domini</span> <span class='ocrx_word' id='word_1_492' title='bbox 3798 1021 3863 1071; x_wconf 79' lang='lat' dir='ltr'>mei</span> 
     </span>
    </p>
   </div>
   <div class='ocr_carea' id='block_1_69' title="bbox 2285 1100 3863 1175">
    <p class='ocr_par' dir='ltr' id='par_1_69' title="bbox 2285 1100 3863 1175">
     <span class='ocr_line' id='line_1_69' title="bbox 2285 1100 3863 1175; baseline -0.001 -16"><span class='ocrx_word' id='word_1_493' title='bbox 2285 1106 2416 1159; x_wconf 83' lang='lat' dir='ltr'>Jesu</span> <span class='ocrx_word' id='word_1_494' title='bbox 2448 1104 2678 1173; x_wconf 89' lang='lat' dir='ltr'>Christi,</span> <span class='ocrx_word' id='word_1_495' title='bbox 2709 1103 2809 1174; x_wconf 90' lang='lat' dir='ltr'>qui</span> <span class='ocrx_word' id='word_1_496' title='bbox 2839 1102 3011 1157; x_wconf 90' lang='lat' dir='ltr'>etiam</span> <span class='ocrx_word' id='word_1_497' title='bbox 3040 1101 3217 1173; x_wconf 88' lang='lat' dir='ltr'>ipsius</span> <span class='ocrx_word' id='word_1_498' title='bbox 3264 1100 3461 1156; x_wconf 89' lang='lat' dir='ltr'>mortis</span> <span class='ocrx_word' id='word_1_499' title='bbox 3508 1103 3661 1170; x_wconf 91' lang='lat' dir='ltr'>malo,</span> <span class='ocrx_word' id='word_1_500' title='bbox 3700 1120 3785 1175; x_wconf 88' lang='lat' dir='ltr'>quo</span> <span class='ocrx_word' id='word_1_501' title='bbox 3807 1121 3863 1157; x_wconf 74' lang='lat' dir='ltr'>nus</span> 
     </span>
    </p>
   </div>
   <div class='ocr_carea' id='block_1_70' title="bbox 2287 1191 3135 1258">
    <p class='ocr_par' dir='ltr' id='par_1_70' title="bbox 2287 1191 3135 1258">
     <span class='ocr_line' id='line_1_70' title="bbox 2287 1191 3135 1258; baseline -0.004 -11"><span class='ocrx_word' id='word_1_502' title='bbox 2287 1209 2494 1247; x_wconf 85' lang='lat' dir='ltr'>exuere</span> <span class='ocrx_word' id='word_1_503' title='bbox 2525 1193 2710 1258; x_wconf 78' lang='lat' dir='ltr'>vellet,</span> <span class='ocrx_word' id='word_1_504' title='bbox 2744 1191 2975 1247; x_wconf 89' lang='lat' dir='ltr'>indutus</span> <span class='ocrx_word' id='word_1_505' title='bbox 3003 1194 3104 1245; x_wconf 89' lang='lat' dir='ltr'>est.</span> <span class='ocrx_word' id='word_1_506' title='bbox 3131 1228 3135 1233; x_wconf 85' lang='grc'><strong>-</strong></span> 
     </span>
    </p>
   </div>
   <div class='ocr_carea' id='block_1_71' title="bbox 2289 1278 3866 1349">
    <p class='ocr_par' dir='ltr' id='par_1_71' title="bbox 2289 1278 3866 1349">
     <span class='ocr_line' id='line_1_71' title="bbox 2289 1278 3866 1349; baseline -0.003 -12"><span class='ocrx_word' id='word_1_507' title='bbox 2289 1283 2515 1337; x_wconf 84' lang='lat' dir='ltr'>CAPUT</span> <span class='ocrx_word' id='word_1_508' title='bbox 2547 1281 2641 1336; x_wconf 85' lang='lat' dir='ltr'><strong>III.</strong></span> <span class='ocrx_word' id='word_1_509' title='bbox 2692 1309 2758 1320; x_wconf 96' lang='lat'><strong>—</strong></span> <span class='ocrx_word' id='word_1_510' title='bbox 2807 1281 3003 1335; x_wconf 79' lang='lat' dir='ltr'>Beatus</span> <span class='ocrx_word' id='word_1_511' title='bbox 3058 1281 3156 1349; x_wconf 85' lang='lat' dir='ltr'>qui</span> <span class='ocrx_word' id='word_1_512' title='bbox 3202 1294 3259 1333; x_wconf 86' lang='lat' dir='ltr'>eo</span> <span class='ocrx_word' id='word_1_513' title='bbox 3301 1280 3512 1345; x_wconf 80' lang='lat' dir='ltr'>fruitur</span> <span class='ocrx_word' id='word_1_514' title='bbox 3548 1278 3676 1347; x_wconf 85' lang='lat' dir='ltr'>quod</span> <span class='ocrx_word' id='word_1_515' title='bbox 3719 1280 3866 1333; x_wconf 75' lang='lat' dir='ltr'>hominis</span> 
     </span>
    </p>
   </div>
   <div class='ocr_carea' id='block_1_72' title="bbox 2359 1367 3870 1441">
    <p class='ocr_par' dir='ltr' id='par_1_72' title="bbox 2359 1367 3870 1441">
     <span class='ocr_line' id='line_1_72' title="bbox 2359 1367 3870 1441; baseline -0.003 -16"><span class='ocrx_word' id='word_1_516' title='bbox 2359 1373 2622 1441; x_wconf 79' lang='lat' dir='ltr'>optimum</span> <span class='ocrx_word' id='word_1_517' title='bbox 2650 1373 2747 1424; x_wconf 85' lang='lat' dir='ltr'>est.</span> <span class='ocrx_word' id='word_1_518' title='bbox 2788 1370 3033 1423; x_wconf 75' lang='lat' dir='ltr'>Hominis</span> <span class='ocrx_word' id='word_1_519' title='bbox 3062 1370 3326 1437; x_wconf 84' lang='lat' dir='ltr'>optimum</span> <span class='ocrx_word' id='word_1_520' title='bbox 3363 1367 3512 1436; x_wconf 85' lang='lat' dir='ltr'>quid.</span> <span class='ocrx_word' id='word_1_521' title='bbox 3544 1368 3665 1421; x_wconf 71' lang='lat' dir='ltr'>Duz</span> <span class='ocrx_word' id='word_1_522' title='bbox 3695 1367 3870 1422; x_wconf 78' lang='lat' dir='ltr'>conditio-</span> 
     </span>
    </p>
   </div>
   <div class='ocr_carea' id='block_1_73' title="bbox 2358 1457 3869 1522">
    <p class='ocr_par' dir='ltr' id='par_1_73' title="bbox 2358 1457 3869 1522">
     <span class='ocr_line' id='line_1_73' title="bbox 2358 1457 3869 1522; baseline -0.004 -7"><span class='ocrx_word' id='word_1_523' title='bbox 2358 1475 2449 1516; x_wconf 84' lang='lat' dir='ltr'>nes</span> <span class='ocrx_word' id='word_1_524' title='bbox 2479 1460 2677 1513; x_wconf 88' lang='lat' dir='ltr'>summi</span> <span class='ocrx_word' id='word_1_525' title='bbox 2706 1457 2832 1512; x_wconf 84' lang='lat' dir='ltr'>boni</span> <span class='ocrx_word' id='word_1_526' title='bbox 2850 1476 2867 1511; x_wconf 89' lang='lat'><strong><em>:</em></strong></span> <span class='ocrx_word' id='word_1_527' title='bbox 2903 1460 2959 1511; x_wconf 71' lang='grc'>1⁸</span> <span class='ocrx_word' id='word_1_528' title='bbox 2987 1461 3048 1512; x_wconf 79' lang='lat' dir='ltr'>ut</span> <span class='ocrx_word' id='word_1_529' title='bbox 3073 1458 3217 1512; x_wconf 82' lang='lat' dir='ltr'>nihil</span> <span class='ocrx_word' id='word_1_530' title='bbox 3245 1471 3304 1513; x_wconf 86' lang='lat' dir='ltr'>eo</span> <span class='ocrx_word' id='word_1_531' title='bbox 3333 1457 3518 1511; x_wconf 82' lang='lat' dir='ltr'>melius</span> <span class='ocrx_word' id='word_1_532' title='bbox 3544 1458 3640 1522; x_wconf 82' lang='lat' dir='ltr'>sit;</span> <span class='ocrx_word' id='word_1_533' title='bbox 3671 1458 3720 1509; x_wconf 70' lang='lat'>2&#39;</span> <span class='ocrx_word' id='word_1_534' title='bbox 3738 1461 3783 1509; x_wconf 84' lang='lat' dir='ltr'>ut</span> <span class='ocrx_word' id='word_1_535' title='bbox 3811 1457 3869 1509; x_wconf 62' lang='lat' dir='ltr'>talr</span> 
     </span>
    </p>
   </div>
   <div class='ocr_carea' id='block_1_74' title="bbox 2358 1548 3268 1618">
    <p class='ocr_par' dir='ltr' id='par_1_74' title="bbox 2358 1548 3268 1618">
     <span class='ocr_line' id='line_1_74' title="bbox 2358 1548 3268 1618; baseline -0.001 -15"><span class='ocrx_word' id='word_1_536' title='bbox 2358 1550 2452 1615; x_wconf 83' lang='lat' dir='ltr'>sit,</span> <span class='ocrx_word' id='word_1_537' title='bbox 2483 1548 2628 1618; x_wconf 86' lang='lat' dir='ltr'>quod</span> <span class='ocrx_word' id='word_1_538' title='bbox 2656 1562 2760 1602; x_wconf 88' lang='lat' dir='ltr'>non</span> <span class='ocrx_word' id='word_1_539' title='bbox 2790 1549 3013 1605; x_wconf 81' lang='lat' dir='ltr'>amittat</span> <span class='ocrx_word' id='word_1_540' title='bbox 3040 1548 3268 1602; x_wconf 82' lang='lat' dir='ltr'>invitus.</span> 
     </span>
    </p>
   </div>
   <div class='ocr_carea' id='block_1_75' title="bbox 2358 1632 3871 1707">
    <p class='ocr_par' dir='ltr' id='par_1_75' title="bbox 2358 1632 3871 1707">
     <span class='ocr_line' id='line_1_75' title="bbox 2358 1632 3871 1707; baseline -0.005 -16"><span class='ocrx_word' id='word_1_541' title='bbox 2358 1639 2411 1692; x_wconf 79' lang='grc'><strong>4.</strong></span> <span class='ocrx_word' id='word_1_542' title='bbox 2437 1636 2677 1692; x_wconf 85' lang='lat' dir='ltr'>Ratione</span> <span class='ocrx_word' id='word_1_543' title='bbox 2716 1632 2891 1706; x_wconf 81' lang='lat' dir='ltr'>igitur</span> <span class='ocrx_word' id='word_1_544' title='bbox 2919 1651 3245 1707; x_wconf 69' lang='lat' dir='ltr'>quaeramus</span> <span class='ocrx_word' id='word_1_545' title='bbox 3276 1633 3727 1706; x_wconf 90' lang='lat' dir='ltr'>quemadmodum</span> <span class='ocrx_word' id='word_1_546' title='bbox 3745 1632 3796 1686; x_wconf 78' lang='lat' dir='ltr'>sit</span> <span class='ocrx_word' id='word_1_547' title='bbox 3815 1632 3871 1684; x_wconf 86' lang='lat' dir='ltr'>ho-</span> 
     </span>
    </p>
   </div>
   <div class='ocr_carea' id='block_1_76' title="bbox 2288 1721 3872 1785">
    <p class='ocr_par' dir='ltr' id='par_1_76' title="bbox 2288 1721 3872 1785">
     <span class='ocr_line' id='line_1_76' title="bbox 2288 1721 3872 1785; baseline -0.005 -6"><span class='ocrx_word' id='word_1_548' title='bbox 2288 1724 2434 1779; x_wconf 89' lang='lat' dir='ltr'>mini</span> <span class='ocrx_word' id='word_1_549' title='bbox 2463 1724 2788 1779; x_wconf 84' lang='lat' dir='ltr'>vivendum.</span> <span class='ocrx_word' id='word_1_550' title='bbox 2828 1725 2994 1778; x_wconf 88' lang='lat' dir='ltr'>Beate</span> <span class='ocrx_word' id='word_1_551' title='bbox 3023 1727 3175 1785; x_wconf 83' lang='lat' dir='ltr'>certe</span> <span class='ocrx_word' id='word_1_552' title='bbox 3211 1738 3412 1777; x_wconf 85' lang='lat' dir='ltr'>omnes</span> <span class='ocrx_word' id='word_1_553' title='bbox 3458 1722 3633 1777; x_wconf 84' lang='lat' dir='ltr'>vivere</span> <span class='ocrx_word' id='word_1_554' title='bbox 3667 1721 3872 1784; x_wconf 73' lang='lat' dir='ltr'>volumus;</span> 
     </span>
    </p>
   </div>
   <div class='ocr_carea' id='block_1_77' title="bbox 2290 1809 3872 1885">
    <p class='ocr_par' dir='ltr' id='par_1_77' title="bbox 2290 1809 3872 1885">
     <span class='ocr_line' id='line_1_77' title="bbox 2290 1809 3872 1885; baseline -0.006 -16"><span class='ocrx_word' id='word_1_555' title='bbox 2290 1830 2477 1885; x_wconf 90' lang='lat' dir='ltr'>neque</span> <span class='ocrx_word' id='word_1_556' title='bbox 2508 1812 2829 1884; x_wconf 70' lang='lat' dir='ltr'>quisquam‘</span> <span class='ocrx_word' id='word_1_557' title='bbox 2863 1816 2946 1866; x_wconf 90' lang='lat' dir='ltr'>est</span> <span class='ocrx_word' id='word_1_558' title='bbox 3004 1810 3065 1865; x_wconf 91' lang='lat' dir='ltr'>in</span> <span class='ocrx_word' id='word_1_559' title='bbox 3113 1810 3419 1866; x_wconf 88' lang='lat' dir='ltr'>hominum</span> <span class='ocrx_word' id='word_1_560' title='bbox 3466 1826 3672 1882; x_wconf 87' lang='lat' dir='ltr'>genere,</span> <span class='ocrx_word' id='word_1_561' title='bbox 3714 1809 3787 1881; x_wconf 87' lang='lat' dir='ltr'>qui</span> <span class='ocrx_word' id='word_1_562' title='bbox 3807 1824 3872 1860; x_wconf 83' lang='lat' dir='ltr'>non</span> 
     </span>
    </p>
   </div>
   <div class='ocr_carea' id='block_1_78' title="bbox 2288 1899 3870 1972">
    <p class='ocr_par' dir='ltr' id='par_1_78' title="bbox 2288 1899 3870 1972">
     <span class='ocr_line' id='line_1_78' title="bbox 2288 1899 3870 1972; baseline -0.004 -14"><span class='ocrx_word' id='word_1_563' title='bbox 2288 1903 2422 1958; x_wconf 85' lang='lat' dir='ltr'>huic</span> <span class='ocrx_word' id='word_1_564' title='bbox 2469 1900 2788 1968; x_wconf 83' lang='lat' dir='ltr'>sententiae,</span> <span class='ocrx_word' id='word_1_565' title='bbox 2821 1904 3133 1972; x_wconf 89' lang='lat' dir='ltr'>antequam</span> <span class='ocrx_word' id='word_1_566' title='bbox 3164 1901 3333 1972; x_wconf 90' lang='lat' dir='ltr'>plene</span> <span class='ocrx_word' id='word_1_567' title='bbox 3358 1901 3432 1955; x_wconf 89' lang='lat' dir='ltr'>sit</span> <span class='ocrx_word' id='word_1_568' title='bbox 3460 1899 3666 1964; x_wconf 87' lang='lat' dir='ltr'>emissa,</span> <span class='ocrx_word' id='word_1_569' title='bbox 3715 1913 3870 1953; x_wconf 26' lang='lat' dir='ltr'>censeas</span> 
     </span>
    </p>
   </div>
   <div class='ocr_carea' id='block_1_79' title="bbox 2288 1986 3871 2061">
    <p class='ocr_par' dir='ltr' id='par_1_79' title="bbox 2288 1986 3871 2061">
     <span class='ocr_line' id='line_1_79' title="bbox 2288 1986 3871 2061; baseline -0.006 -14"><span class='ocrx_word' id='word_1_570' title='bbox 2288 1992 2411 2047; x_wconf 90' lang='lat' dir='ltr'>tiat.</span> <span class='ocrx_word' id='word_1_571' title='bbox 2449 1993 2649 2046; x_wconf 83' lang='lat' dir='ltr'>Beatus</span> <span class='ocrx_word' id='word_1_572' title='bbox 2680 1993 2893 2058; x_wconf 88' lang='lat' dir='ltr'>autem,</span> <span class='ocrx_word' id='word_1_573' title='bbox 2925 1994 3207 2061; x_wconf 88' lang='lat' dir='ltr'>quantum</span> <span class='ocrx_word' id='word_1_574' title='bbox 3239 1989 3522 2056; x_wconf 87' lang='lat' dir='ltr'>existimo,</span> <span class='ocrx_word' id='word_1_575' title='bbox 3545 2002 3707 2059; x_wconf 88' lang='lat' dir='ltr'>neque</span> <span class='ocrx_word' id='word_1_576' title='bbox 3726 1987 3799 2041; x_wconf 84' lang='lat' dir='ltr'>ille</span> <span class='ocrx_word' id='word_1_577' title='bbox 3812 1986 3871 2038; x_wconf 88' lang='lat' dir='ltr'>dici</span> 
     </span>
    </p>
   </div>
   <div class='ocr_carea' id='block_1_80' title="bbox 2289 2077 3872 2152">
    <p class='ocr_par' dir='ltr' id='par_1_80' title="bbox 2289 2077 3872 2152">
     <span class='ocr_line' id='line_1_80' title="bbox 2289 2077 3872 2152; baseline -0.005 -17"><span class='ocrx_word' id='word_1_578' title='bbox 2289 2084 2499 2152; x_wconf 84' lang='lat' dir='ltr'>potest,</span> <span class='ocrx_word' id='word_1_579' title='bbox 2570 2078 2668 2151; x_wconf 90' lang='lat' dir='ltr'>qui</span> <span class='ocrx_word' id='word_1_580' title='bbox 2728 2094 2845 2134; x_wconf 90' lang='lat' dir='ltr'>non</span> <span class='ocrx_word' id='word_1_581' title='bbox 2900 2078 3075 2134; x_wconf 87' lang='lat' dir='ltr'>habet</span> <span class='ocrx_word' id='word_1_582' title='bbox 3123 2079 3279 2150; x_wconf 90' lang='lat' dir='ltr'>quod</span> <span class='ocrx_word' id='word_1_583' title='bbox 3345 2082 3515 2146; x_wconf 86' lang='lat' dir='ltr'>amat,</span> <span class='ocrx_word' id='word_1_584' title='bbox 3569 2077 3872 2148; x_wconf 79' lang='lat' dir='ltr'>qualecumque</span> 
     </span>
    </p>
   </div>
   <div class='ocr_carea' id='block_1_81' title="bbox 2292 2165 3874 2239">
    <p class='ocr_par' dir='ltr' id='par_1_81' title="bbox 2292 2165 3874 2239">
     <span class='ocr_line' id='line_1_81' title="bbox 2292 2165 3874 2239; baseline -0.006 -15"><span class='ocrx_word' id='word_1_585' title='bbox 2292 2171 2396 2236; x_wconf 86' lang='lat' dir='ltr'>sit;</span> <span class='ocrx_word' id='word_1_586' title='bbox 2421 2184 2610 2239; x_wconf 89' lang='lat' dir='ltr'>neque</span> <span class='ocrx_word' id='word_1_587' title='bbox 2626 2167 2727 2239; x_wconf 89' lang='lat' dir='ltr'>qui</span> <span class='ocrx_word' id='word_1_588' title='bbox 2756 2167 3104 2239; x_wconf 88' lang='lat' dir='ltr'>habetquod</span> <span class='ocrx_word' id='word_1_589' title='bbox 3136 2172 3308 2235; x_wconf 86' lang='lat' dir='ltr'>amat,</span> <span class='ocrx_word' id='word_1_590' title='bbox 3344 2167 3392 2222; x_wconf 91' lang='lat' dir='ltr'>si</span> <span class='ocrx_word' id='word_1_591' title='bbox 3415 2166 3640 2222; x_wconf 88' lang='lat' dir='ltr'>noxium</span> <span class='ocrx_word' id='word_1_592' title='bbox 3661 2165 3874 2233; x_wconf 79' lang='lat' dir='ltr'>sit;neque</span> 
     </span>
    </p>
   </div>
   <div class='ocr_carea' id='block_1_82' title="bbox 2291 2254 3874 2331">
    <p class='ocr_par' dir='ltr' id='par_1_82' title="bbox 2291 2254 3874 2331">
     <span class='ocr_line' id='line_1_82' title="bbox 2291 2254 3874 2331; baseline -0.005 -19"><span class='ocrx_word' id='word_1_593' title='bbox 2291 2258 2393 2331; x_wconf 91' lang='lat' dir='ltr'>qui</span> <span class='ocrx_word' id='word_1_594' title='bbox 2412 2273 2527 2312; x_wconf 91' lang='lat' dir='ltr'>non</span> <span class='ocrx_word' id='word_1_595' title='bbox 2551 2260 2704 2311; x_wconf 88' lang='lat' dir='ltr'>amat</span> <span class='ocrx_word' id='word_1_596' title='bbox 2732 2256 2887 2328; x_wconf 91' lang='lat' dir='ltr'>quod</span> <span class='ocrx_word' id='word_1_597' title='bbox 2907 2255 3100 2323; x_wconf 91' lang='lat' dir='ltr'>habet,</span> <span class='ocrx_word' id='word_1_598' title='bbox 3131 2255 3360 2311; x_wconf 89' lang='lat' dir='ltr'>etiamsi</span> <span class='ocrx_word' id='word_1_599' title='bbox 3404 2256 3666 2328; x_wconf 90' lang='lat' dir='ltr'>optimum</span> <span class='ocrx_word' id='word_1_600' title='bbox 3705 2255 3771 2309; x_wconf 88' lang='lat' dir='ltr'>sit.</span> <span class='ocrx_word' id='word_1_601' title='bbox 3792 2254 3874 2306; x_wconf 70' lang='lat' dir='ltr'>Nam</span> 
     </span>
    </p>
   </div>
   <div class='ocr_carea' id='block_1_83' title="bbox 2293 2340 3875 2418">
    <p class='ocr_par' dir='ltr' id='par_1_83' title="bbox 2293 2340 3875 2418">
     <span class='ocr_line' id='line_1_83' title="bbox 2293 2340 3875 2418; baseline -0.004 -16"><span class='ocrx_word' id='word_1_602' title='bbox 2293 2352 2349 2402; x_wconf 89' lang='lat' dir='ltr'>et</span> <span class='ocrx_word' id='word_1_603' title='bbox 2378 2346 2478 2418; x_wconf 90' lang='lat' dir='ltr'>qui</span> <span class='ocrx_word' id='word_1_604' title='bbox 2501 2345 2720 2416; x_wconf 87' lang='lat' dir='ltr'>appetit</span> <span class='ocrx_word' id='word_1_605' title='bbox 2748 2345 2905 2416; x_wconf 88' lang='lat' dir='ltr'>quod</span> <span class='ocrx_word' id='word_1_606' title='bbox 2933 2344 3174 2417; x_wconf 89' lang='lat' dir='ltr'>adipisci</span> <span class='ocrx_word' id='word_1_607' title='bbox 3198 2361 3317 2400; x_wconf 90' lang='lat' dir='ltr'>non</span> <span class='ocrx_word' id='word_1_608' title='bbox 3347 2349 3555 2416; x_wconf 89' lang='lat' dir='ltr'>potest,</span> <span class='ocrx_word' id='word_1_609' title='bbox 3584 2340 3831 2398; x_wconf 83' lang='lat' dir='ltr'>cruciatur:</span> <span class='ocrx_word' id='word_1_610' title='bbox 3848 2344 3875 2389; x_wconf 76' lang='lat' dir='ltr'>el</span> 
     </span>
    </p>
   </div>
   <div class='ocr_carea' id='block_1_84' title="bbox 2293 2426 3872 2507">
    <p class='ocr_par' dir='ltr' id='par_1_84' title="bbox 2293 2426 3872 2507">
     <span class='ocr_line' id='line_1_84' title="bbox 2293 2426 3872 2507; baseline -0.008 -18"><span class='ocrx_word' id='word_1_611' title='bbox 2293 2434 2391 2507; x_wconf 90' lang='lat' dir='ltr'>qui</span> <span class='ocrx_word' id='word_1_612' title='bbox 2413 2434 2649 2505; x_wconf 89' lang='lat' dir='ltr'>adeptus</span> <span class='ocrx_word' id='word_1_613' title='bbox 2678 2436 2764 2488; x_wconf 86' lang='lat' dir='ltr'>est</span> <span class='ocrx_word' id='word_1_614' title='bbox 2792 2433 2949 2503; x_wconf 88' lang='lat' dir='ltr'>quod</span> <span class='ocrx_word' id='word_1_615' title='bbox 3006 2433 3404 2505; x_wconf 89' lang='lat' dir='ltr'>appetendum</span> <span class='ocrx_word' id='word_1_616' title='bbox 3448 2448 3559 2487; x_wconf 91' lang='lat' dir='ltr'>non</span> <span class='ocrx_word' id='word_1_617' title='bbox 3584 2435 3674 2497; x_wconf 90' lang='lat' dir='ltr'>est,</span> <span class='ocrx_word' id='word_1_618' title='bbox 3711 2426 3872 2482; x_wconf 81' lang='lat' dir='ltr'>fallitur:</span> 
     </span>
    </p>
   </div>
   <div class='ocr_carea' id='block_1_85' title="bbox 2291 2517 3875 2595">
    <p class='ocr_par' dir='ltr' id='par_1_85' title="bbox 2291 2517 3875 2595">
     <span class='ocr_line' id='line_1_85' title="bbox 2291 2517 3875 2595; baseline -0.011 -16"><span class='ocrx_word' id='word_1_619' title='bbox 2291 2523 2448 2595; x_wconf 89' lang='lat' dir='ltr'>etqui</span> <span class='ocrx_word' id='word_1_620' title='bbox 2470 2539 2588 2577; x_wconf 90' lang='lat' dir='ltr'>non</span> <span class='ocrx_word' id='word_1_621' title='bbox 2620 2521 2839 2592; x_wconf 88' lang='lat' dir='ltr'>appetit</span> <span class='ocrx_word' id='word_1_622' title='bbox 2861 2521 3018 2592; x_wconf 88' lang='lat' dir='ltr'>quod</span> <span class='ocrx_word' id='word_1_623' title='bbox 3051 2520 3493 2592; x_wconf 83' lang='lat' dir='ltr'>adipiscendum</span> <span class='ocrx_word' id='word_1_624' title='bbox 3526 2523 3677 2582; x_wconf 86' lang='lat' dir='ltr'>esset,</span> <span class='ocrx_word' id='word_1_625' title='bbox 3702 2517 3875 2587; x_wconf 68' lang='lat' dir='ltr'>aegrotat.</span> 
     </span>
    </p>
   </div>
   <div class='ocr_carea' id='block_1_86' title="bbox 2295 2600 3873 2681">
    <p class='ocr_par' dir='ltr' id='par_1_86' title="bbox 2295 2600 3873 2681">
     <span class='ocr_line' id='line_1_86' title="bbox 2295 2600 3873 2681; baseline -0.004 -16"><span class='ocrx_word' id='word_1_626' title='bbox 2295 2609 2447 2665; x_wconf 89' lang='lat' dir='ltr'>Nihil</span> <span class='ocrx_word' id='word_1_627' title='bbox 2477 2613 2670 2665; x_wconf 90' lang='lat' dir='ltr'>autem</span> <span class='ocrx_word' id='word_1_628' title='bbox 2700 2609 2939 2664; x_wconf 91' lang='lat' dir='ltr'>istorum</span> <span class='ocrx_word' id='word_1_629' title='bbox 2972 2609 3168 2664; x_wconf 89' lang='lat' dir='ltr'>animo</span> <span class='ocrx_word' id='word_1_630' title='bbox 3215 2608 3502 2681; x_wconf 89' lang='lat' dir='ltr'>contingit</span> <span class='ocrx_word' id='word_1_631' title='bbox 3559 2608 3669 2662; x_wconf 87' lang='lat' dir='ltr'>sine</span> <span class='ocrx_word' id='word_1_632' title='bbox 3705 2600 3873 2659; x_wconf 74' lang='lat' dir='ltr'>miseria;</span> 
     </span>
    </p>
   </div>
   <div class='ocr_carea' id='block_1_87' title="bbox 2291 2687 3875 2754">
    <p class='ocr_par' dir='ltr' id='par_1_87' title="bbox 2291 2687 3875 2754">
     <span class='ocr_line' id='line_1_87' title="bbox 2291 2687 3875 2754; baseline -0.006 -2"><span class='ocrx_word' id='word_1_633' title='bbox 2291 2714 2393 2752; x_wconf 91' lang='lat' dir='ltr'>nec</span> <span class='ocrx_word' id='word_1_634' title='bbox 2427 2697 2657 2753; x_wconf 88' lang='lat' dir='ltr'>miseria</span> <span class='ocrx_word' id='word_1_635' title='bbox 2688 2703 2743 2753; x_wconf 87' lang='lat' dir='ltr'>et</span> <span class='ocrx_word' id='word_1_636' title='bbox 2771 2698 3068 2754; x_wconf 86' lang='lat' dir='ltr'>beatitudo</span> <span class='ocrx_word' id='word_1_637' title='bbox 3100 2698 3160 2753; x_wconf 90' lang='lat' dir='ltr'>in</span> <span class='ocrx_word' id='word_1_638' title='bbox 3188 2698 3429 2753; x_wconf 91' lang='lat' dir='ltr'>homine</span> <span class='ocrx_word' id='word_1_639' title='bbox 3472 2712 3583 2752; x_wconf 89' lang='lat' dir='ltr'>uno</span> <span class='ocrx_word' id='word_1_640' title='bbox 3622 2692 3761 2749; x_wconf 87' lang='lat' dir='ltr'>simul</span> <span class='ocrx_word' id='word_1_641' title='bbox 3781 2687 3875 2745; x_wconf 78' lang='lat' dir='ltr'>habi-</span> 
     </span>
    </p>
   </div>
   <div class='ocr_carea' id='block_1_88' title="bbox 2290 2782 3873 2859">
    <p class='ocr_par' dir='ltr' id='par_1_88' title="bbox 2290 2782 3873 2859">
     <span class='ocr_line' id='line_1_88' title="bbox 2290 2782 3873 2859; baseline -0.006 -18"><span class='ocrx_word' id='word_1_642' title='bbox 2290 2792 2411 2843; x_wconf 88' lang='lat' dir='ltr'>tare</span> <span class='ocrx_word' id='word_1_643' title='bbox 2444 2792 2901 2844; x_wconf 88' lang='lat' dir='ltr'>consueverunt:</span> <span class='ocrx_word' id='word_1_644' title='bbox 2947 2789 3143 2843; x_wconf 90' lang='lat' dir='ltr'>nullus</span> <span class='ocrx_word' id='word_1_645' title='bbox 3175 2787 3358 2859; x_wconf 86' lang='lat' dir='ltr'>igitur</span> <span class='ocrx_word' id='word_1_646' title='bbox 3386 2787 3609 2842; x_wconf 90' lang='lat' dir='ltr'>illorum</span> <span class='ocrx_word' id='word_1_647' title='bbox 3648 2782 3873 2839; x_wconf 79' lang='lat' dir='ltr'>beatusest</span> 
     </span>
    </p>
   </div>
   <div class='ocr_carea' id='block_1_89' title="bbox 2291 2862 3876 2946">
    <p class='ocr_par' dir='ltr' id='par_1_89' title="bbox 2291 2862 3876 2946">
     <span class='ocr_line' id='line_1_89' title="bbox 2291 2862 3876 2946; baseline -0.007 -15"><span class='ocrx_word' id='word_1_648' title='bbox 2291 2879 2569 2943; x_wconf 89' lang='lat' dir='ltr'>Quartum</span> <span class='ocrx_word' id='word_1_649' title='bbox 2598 2880 2795 2946; x_wconf 86' lang='lat' dir='ltr'>restat,</span> <span class='ocrx_word' id='word_1_650' title='bbox 2852 2880 2916 2931; x_wconf 88' lang='lat' dir='ltr'>ut</span> <span class='ocrx_word' id='word_1_651' title='bbox 2966 2876 3153 2943; x_wconf 86' lang='lat' dir='ltr'>video,</span> <span class='ocrx_word' id='word_1_652' title='bbox 3206 2875 3310 2930; x_wconf 91' lang='lat' dir='ltr'>ubi</span> <span class='ocrx_word' id='word_1_653' title='bbox 3367 2875 3533 2930; x_wconf 87' lang='lat' dir='ltr'>beata</span> <span class='ocrx_word' id='word_1_654' title='bbox 3580 2872 3679 2927; x_wconf 86' lang='lat' dir='ltr'>vita</span> <span class='ocrx_word' id='word_1_655' title='bbox 3723 2862 3876 2924; x_wconf 68' lang='lat' dir='ltr'>iuvenili</span> 
     </span>
    </p>
   </div>
   <div class='ocr_carea' id='block_1_90' title="bbox 2292 2961 3874 3037">
    <p class='ocr_par' dir='ltr' id='par_1_90' title="bbox 2292 2961 3874 3037">
     <span class='ocr_line' id='line_1_90' title="bbox 2292 2961 3874 3037; baseline -0.004 -18"><span class='ocrx_word' id='word_1_656' title='bbox 2292 2970 2500 3037; x_wconf 87' lang='lat' dir='ltr'>queat;</span> <span class='ocrx_word' id='word_1_657' title='bbox 2527 2979 2658 3018; x_wconf 91' lang='lat' dir='ltr'>cum</span> <span class='ocrx_word' id='word_1_658' title='bbox 2686 2963 2747 3018; x_wconf 88' lang='lat' dir='ltr'>id</span> <span class='ocrx_word' id='word_1_659' title='bbox 2781 2964 2933 3035; x_wconf 89' lang='lat' dir='ltr'>quod</span> <span class='ocrx_word' id='word_1_660' title='bbox 2962 2962 3326 3019; x_wconf 59' lang='lat' dir='ltr'>est&#39;hominis</span> <span class='ocrx_word' id='word_1_661' title='bbox 3346 2962 3639 3034; x_wconf 87' lang='lat' dir='ltr'>optimum,</span> <span class='ocrx_word' id='word_1_662' title='bbox 3660 2963 3707 3013; x_wconf 88' lang='lat' dir='ltr'>et</span> <span class='ocrx_word' id='word_1_663' title='bbox 3721 2961 3874 3013; x_wconf 47' lang='lat' dir='ltr'>amatur;</span> 
     </span>
    </p>
   </div>
   <div class='ocr_carea' id='block_1_91' title="bbox 2291 3038 3875 3122">
    <p class='ocr_par' dir='ltr' id='par_1_91' title="bbox 2291 3038 3875 3122">
     <span class='ocr_line' id='line_1_91' title="bbox 2291 3038 3875 3122; baseline -0.008 -15"><span class='ocrx_word' id='word_1_664' title='bbox 2291 3057 2349 3108; x_wconf 89' lang='lat' dir='ltr'>et</span> <span class='ocrx_word' id='word_1_665' title='bbox 2378 3051 2639 3107; x_wconf 86' lang='lat' dir='ltr'>habetur.</span> <span class='ocrx_word' id='word_1_666' title='bbox 2673 3051 2817 3117; x_wconf 88' lang='lat' dir='ltr'>Quid</span> <span class='ocrx_word' id='word_1_667' title='bbox 2851 3051 3007 3106; x_wconf 90' lang='lat' dir='ltr'>enim</span> <span class='ocrx_word' id='word_1_668' title='bbox 3041 3054 3126 3105; x_wconf 89' lang='lat' dir='ltr'>est</span> <span class='ocrx_word' id='word_1_669' title='bbox 3173 3050 3334 3105; x_wconf 90' lang='lat' dir='ltr'>aliud</span> <span class='ocrx_word' id='word_1_670' title='bbox 3368 3049 3521 3122; x_wconf 89' lang='lat' dir='ltr'>quod</span> <span class='ocrx_word' id='word_1_671' title='bbox 3574 3047 3774 3103; x_wconf 87' lang='lat' dir='ltr'>dicimus</span> <span class='ocrx_word' id='word_1_672' title='bbox 3799 3038 3875 3095; x_wconf 76' lang='lat' dir='ltr'>frui.</span> 
     </span>
    </p>
   </div>
   <div class='ocr_carea' id='block_1_92' title="bbox 2290 3130 3875 3213">
    <p class='ocr_par' dir='ltr' id='par_1_92' title="bbox 2290 3130 3875 3213">
     <span class='ocr_line' id='line_1_92' title="bbox 2290 3130 3875 3213; baseline -0.008 -17"><span class='ocrx_word' id='word_1_673' title='bbox 2290 3140 2402 3196; x_wconf 90' lang='lat' dir='ltr'>nisi</span> <span class='ocrx_word' id='word_1_674' title='bbox 2422 3142 2632 3213; x_wconf 61' lang='lat' dir='ltr'>praesto</span> <span class='ocrx_word' id='word_1_675' title='bbox 2663 3141 2873 3196; x_wconf 86' lang='lat' dir='ltr'>habere</span> <span class='ocrx_word' id='word_1_676' title='bbox 2895 3141 3051 3212; x_wconf 88' lang='lat' dir='ltr'>quod</span> <span class='ocrx_word' id='word_1_677' title='bbox 3077 3139 3268 3211; x_wconf 86' lang='lat' dir='ltr'>diligis</span> <span class='ocrx_word' id='word_1_678' title='bbox 3286 3140 3316 3194; x_wconf 87' lang='lat'><strong><em>?</em></strong></span> <span class='ocrx_word' id='word_1_679' title='bbox 3333 3141 3528 3211; x_wconf 87' lang='lat' dir='ltr'>Neque</span> <span class='ocrx_word' id='word_1_680' title='bbox 3546 3130 3875 3209; x_wconf 79' lang='lat' dir='ltr'>quisquambea-</span> 
     </span>
    </p>
   </div>
   <div class='ocr_carea' id='block_1_93' title="bbox 2290 3212 3875 3300">
    <p class='ocr_par' dir='ltr' id='par_1_93' title="bbox 2290 3212 3875 3300">
     <span class='ocr_line' id='line_1_93' title="bbox 2290 3212 3875 3300; baseline -0.008 -18"><span class='ocrx_word' id='word_1_681' title='bbox 2290 3230 2382 3283; x_wconf 92' lang='lat' dir='ltr'>tus</span> <span class='ocrx_word' id='word_1_682' title='bbox 2412 3212 2516 3295; x_wconf 88' lang='lat' dir='ltr'>est,</span> <span class='ocrx_word' id='word_1_683' title='bbox 2574 3212 2676 3300; x_wconf 87' lang='lat' dir='ltr'>qui</span> <span class='ocrx_word' id='word_1_684' title='bbox 2724 3244 2839 3283; x_wconf 90' lang='lat' dir='ltr'>non</span> <span class='ocrx_word' id='word_1_685' title='bbox 2881 3227 3090 3284; x_wconf 86' lang='lat' dir='ltr'>fruitur</span> <span class='ocrx_word' id='word_1_686' title='bbox 3133 3242 3201 3282; x_wconf 92' lang='lat' dir='ltr'>eo</span> <span class='ocrx_word' id='word_1_687' title='bbox 3247 3227 3404 3297; x_wconf 90' lang='lat' dir='ltr'>quod</span> <span class='ocrx_word' id='word_1_688' title='bbox 3460 3228 3543 3279; x_wconf 90' lang='lat' dir='ltr'>est</span> <span class='ocrx_word' id='word_1_689' title='bbox 3568 3218 3772 3278; x_wconf 86' lang='lat' dir='ltr'>hominis</span> <span class='ocrx_word' id='word_1_690' title='bbox 3792 3212 3875 3285; x_wconf 41' lang='lat' dir='ltr'>apti.</span> 
     </span>
    </p>
   </div>
   <div class='ocr_carea' id='block_1_94' title="bbox 2296 3306 3875 3391">
    <p class='ocr_par' dir='ltr' id='par_1_94' title="bbox 2296 3306 3875 3391">
     <span class='ocr_line' id='line_1_94' title="bbox 2296 3306 3875 3391; baseline -0.017 -7"><span class='ocrx_word' id='word_1_691' title='bbox 2296 3332 2487 3384; x_wconf 78' lang='lat' dir='ltr'>mum;</span> <span class='ocrx_word' id='word_1_692' title='bbox 2519 3332 2623 3371; x_wconf 83' lang='lat' dir='ltr'>nec</span> <span class='ocrx_word' id='word_1_693' title='bbox 2653 3316 2976 3389; x_wconf 85' lang='lat' dir='ltr'>quisquam.</span> <span class='ocrx_word' id='word_1_694' title='bbox 3011 3315 3111 3387; x_wconf 89' lang='lat' dir='ltr'>qui</span> <span class='ocrx_word' id='word_1_695' title='bbox 3138 3331 3204 3370; x_wconf 92' lang='lat' dir='ltr'>eo</span> <span class='ocrx_word' id='word_1_696' title='bbox 3234 3314 3470 3381; x_wconf 85' lang='lat' dir='ltr'>fruitur,</span> <span class='ocrx_word' id='word_1_697' title='bbox 3502 3329 3612 3368; x_wconf 92' lang='lat' dir='ltr'>non</span> <span class='ocrx_word' id='word_1_698' title='bbox 3652 3312 3723 3364; x_wconf 89' lang='lat' dir='ltr'>est</span> <span class='ocrx_word' id='word_1_699' title='bbox 3743 3306 3875 3391; x_wconf 41' lang='lat' dir='ltr'>beatus:</span> 
     </span>
    </p>
   </div>
   <div class='ocr_carea' id='block_1_95' title="bbox 2292 3400 3874 3476">
    <p class='ocr_par' dir='ltr' id='par_1_95' title="bbox 2292 3400 3874 3476">
     <span class='ocr_line' id='line_1_95' title="bbox 2292 3400 3874 3476; baseline -0.009 -15"><span class='ocrx_word' id='word_1_700' title='bbox 2292 3408 2503 3461; x_wconf 77' lang='lat' dir='ltr'>Praesto</span> <span class='ocrx_word' id='word_1_701' title='bbox 2545 3422 2683 3476; x_wconf 89' lang='lat' dir='ltr'>ergo</span> <span class='ocrx_word' id='word_1_702' title='bbox 2728 3421 2849 3461; x_wconf 89' lang='lat' dir='ltr'>esse</span> <span class='ocrx_word' id='word_1_703' title='bbox 2894 3404 3061 3459; x_wconf 90' lang='lat' dir='ltr'>nobis</span> <span class='ocrx_word' id='word_1_704' title='bbox 3112 3403 3282 3459; x_wconf 88' lang='lat' dir='ltr'>debet</span> <span class='ocrx_word' id='word_1_705' title='bbox 3319 3401 3604 3473; x_wconf 88' lang='lat' dir='ltr'>optimum</span> <span class='ocrx_word' id='word_1_706' title='bbox 3630 3400 3874 3453; x_wconf 70' lang='lat' dir='ltr'>nostruln.S1</span> 
     </span>
    </p>
   </div>
   <div class='ocr_carea' id='block_1_96' title="bbox 2291 3493 3865 3567">
    <p class='ocr_par' dir='ltr' id='par_1_96' title="bbox 2291 3493 3865 3567">
     <span class='ocr_line' id='line_1_96' title="bbox 2291 3493 3865 3567; baseline -0.005 -16"><span class='ocrx_word' id='word_1_707' title='bbox 2291 3495 2456 3551; x_wconf 89' lang='lat' dir='ltr'>beate</span> <span class='ocrx_word' id='word_1_708' title='bbox 2476 3495 2664 3550; x_wconf 88' lang='lat' dir='ltr'>vivere</span> <span class='ocrx_word' id='word_1_709' title='bbox 2695 3493 3031 3567; x_wconf 86' lang='lat' dir='ltr'>cogitamus.</span> <span class='ocrx_word' id='word_1_710' title='bbox 3848 3560 3865 3567; x_wconf 16' lang='grc' dir='ltr'><strong>Δ,</strong></span> 
     </span>
    </p>
   </div>
   <div class='ocr_carea' id='block_1_97' title="bbox 2364 3564 3877 3653">
    <p class='ocr_par' dir='ltr' id='par_1_97' title="bbox 2364 3564 3877 3653">
     <span class='ocr_line' id='line_1_97' title="bbox 2364 3564 3877 3653; baseline -0.01 -15"><span class='ocrx_word' id='word_1_711' title='bbox 2364 3586 2421 3640; x_wconf 76' lang='grc' dir='ltr'>ὅ.</span> <span class='ocrx_word' id='word_1_712' title='bbox 2462 3582 2734 3653; x_wconf 86' lang='lat' dir='ltr'>Sequitur</span> <span class='ocrx_word' id='word_1_713' title='bbox 2772 3564 2854 3637; x_wconf 37' lang='lat' dir='ltr'>&#39;ut</span> <span class='ocrx_word' id='word_1_714' title='bbox 2897 3595 3229 3653; x_wconf 68' lang='lat' dir='ltr'>quaeramus</span> <span class='ocrx_word' id='word_1_715' title='bbox 3281 3578 3427 3651; x_wconf 90' lang='lat' dir='ltr'>quid</span> <span class='ocrx_word' id='word_1_716' title='bbox 3466 3577 3540 3632; x_wconf 90' lang='lat' dir='ltr'>sit</span> <span class='ocrx_word' id='word_1_717' title='bbox 3576 3564 3877 3653; x_wconf 49' lang='lat' dir='ltr'>hominiset)”</span> 
     </span>
    </p>
   </div>
   <div class='ocr_carea' id='block_1_98' title="bbox 2292 3652 3878 3744">
    <p class='ocr_par' dir='ltr' id='par_1_98' title="bbox 2292 3652 3878 3744">
     <span class='ocr_line' id='line_1_98' title="bbox 2292 3652 3878 3744; baseline -0.009 -19"><span class='ocrx_word' id='word_1_718' title='bbox 2292 3686 2475 3738; x_wconf 91' lang='lat' dir='ltr'>mum,</span> <span class='ocrx_word' id='word_1_719' title='bbox 2504 3652 2660 3742; x_wconf 88' lang='lat' dir='ltr'>quod</span> <span class='ocrx_word' id='word_1_720' title='bbox 2698 3652 2953 3742; x_wconf 89' lang='lat' dir='ltr'>profecto</span> <span class='ocrx_word' id='word_1_721' title='bbox 2986 3666 3238 3723; x_wconf 88' lang='lat' dir='ltr'>deterius</span> <span class='ocrx_word' id='word_1_722' title='bbox 3289 3683 3417 3722; x_wconf 90' lang='lat' dir='ltr'>esse</span> <span class='ocrx_word' id='word_1_723' title='bbox 3450 3680 3618 3737; x_wconf 89' lang='lat' dir='ltr'>quam</span> <span class='ocrx_word' id='word_1_724' title='bbox 3643 3661 3742 3744; x_wconf 80' lang='lat' dir='ltr'>ipse</span> <span class='ocrx_word' id='word_1_725' title='bbox 3778 3652 3878 3744; x_wconf 46' lang='lat' dir='ltr'>hem</span> 
     </span>
    </p>
   </div>
   <div class='ocr_carea' id='block_1_99' title="bbox 2290 3743 3876 3829">
    <p class='ocr_par' dir='ltr' id='par_1_99' title="bbox 2290 3743 3876 3829">
     <span class='ocr_line' id='line_1_99' title="bbox 2290 3743 3876 3829; baseline -0.013 -17"><span class='ocrx_word' id='word_1_726' title='bbox 2290 3774 2407 3813; x_wconf 90' lang='lat' dir='ltr'>non</span> <span class='ocrx_word' id='word_1_727' title='bbox 2436 3761 2640 3829; x_wconf 83' lang='lat' dir='ltr'>potest.</span> <span class='ocrx_word' id='word_1_728' title='bbox 2677 3754 2948 3828; x_wconf 84' lang='lat' dir='ltr'>Quisquis</span> <span class='ocrx_word' id='word_1_729' title='bbox 2987 3753 3140 3808; x_wconf 90' lang='lat' dir='ltr'>enim</span> <span class='ocrx_word' id='word_1_730' title='bbox 3174 3753 3331 3825; x_wconf 91' lang='lat' dir='ltr'>quod</span> <span class='ocrx_word' id='word_1_731' title='bbox 3367 3752 3557 3824; x_wconf 85' lang='lat' dir='ltr'>seipse</span> <span class='ocrx_word' id='word_1_732' title='bbox 3608 3750 3683 3803; x_wconf 90' lang='lat' dir='ltr'>est</span> <span class='ocrx_word' id='word_1_733' title='bbox 3707 3743 3876 3798; x_wconf 51' lang='lat' dir='ltr'>deterius</span> 
     </span>
    </p>
   </div>
   <div class='ocr_carea' id='block_1_100' title="bbox 2292 3834 3878 3920">
    <p class='ocr_par' dir='ltr' id='par_1_100' title="bbox 2292 3834 3878 3920">
     <span class='ocr_line' id='line_1_100' title="bbox 2292 3834 3878 3920; baseline -0.017 -16"><span class='ocrx_word' id='word_1_734' title='bbox 2292 3845 2571 3919; x_wconf 86' lang='lat' dir='ltr'>sequitur,</span> <span class='ocrx_word' id='word_1_735' title='bbox 2603 3845 2670 3900; x_wconf 88' lang='lat' dir='ltr'>ﬁt</span> <span class='ocrx_word' id='word_1_736' title='bbox 2693 3849 2750 3900; x_wconf 92' lang='lat' dir='ltr'>et</span> <span class='ocrx_word' id='word_1_737' title='bbox 2776 3845 2898 3916; x_wconf 91' lang='lat' dir='ltr'>ipse</span> <span class='ocrx_word' id='word_1_738' title='bbox 2929 3841 3205 3898; x_wconf 88' lang='lat' dir='ltr'>deterior.</span> <span class='ocrx_word' id='word_1_739' title='bbox 3265 3842 3520 3914; x_wconf 87' lang='lat' dir='ltr'>Oportet</span> <span class='ocrx_word' id='word_1_740' title='bbox 3547 3840 3717 3895; x_wconf 84' lang='lat' dir='ltr'>autem</span> <span class='ocrx_word' id='word_1_741' title='bbox 3740 3834 3878 3920; x_wconf 53' lang='lat' dir='ltr'>omnem</span> 
     </span>
    </p>
   </div>
   <div class='ocr_carea' id='block_1_101' title="bbox 2292 3915 3879 4005">
    <p class='ocr_par' dir='ltr' id='par_1_101' title="bbox 2292 3915 3879 4005">
     <span class='ocr_line' id='line_1_101' title="bbox 2292 3915 3879 4005; baseline -0.005 -14"><span class='ocrx_word' id='word_1_742' title='bbox 2292 3915 2585 3991; x_wconf 77' lang='lat' dir='ltr'>hominem</span> <span class='ocrx_word' id='word_1_743' title='bbox 2618 3932 2672 3989; x_wconf 93' lang='lat' dir='ltr'>id</span> <span class='ocrx_word' id='word_1_744' title='bbox 2702 3915 2853 4005; x_wconf 89' lang='lat' dir='ltr'>quod</span> <span class='ocrx_word' id='word_1_745' title='bbox 2888 3931 3174 4002; x_wconf 89' lang='lat' dir='ltr'>optimum</span> <span class='ocrx_word' id='word_1_746' title='bbox 3204 3934 3290 3985; x_wconf 90' lang='lat' dir='ltr'>est</span> <span class='ocrx_word' id='word_1_747' title='bbox 3315 3929 3505 4002; x_wconf 89' lang='lat' dir='ltr'>sequi.</span> <span class='ocrx_word' id='word_1_748' title='bbox 3543 3927 3654 3982; x_wconf 87' lang='lat' dir='ltr'>Non</span> <span class='ocrx_word' id='word_1_749' title='bbox 3680 3924 3749 3976; x_wconf 80' lang='lat' dir='ltr'>est</span> <span class='ocrx_word' id='word_1_750' title='bbox 3780 3915 3879 4005; x_wconf 44' lang='lat' dir='ltr'>is“?</span> 
     </span>
    </p>
   </div>
   <div class='ocr_carea' id='block_1_102' title="bbox 2290 3997 3877 4094">
    <p class='ocr_par' dir='ltr' id='par_1_102' title="bbox 2290 3997 3877 4094">
     <span class='ocr_line' id='line_1_102' title="bbox 2290 3997 3877 4094; baseline -0.012 -15"><span class='ocrx_word' id='word_1_751' title='bbox 2290 4023 2526 4079; x_wconf 91' lang='lat' dir='ltr'>homine</span> <span class='ocrx_word' id='word_1_752' title='bbox 2555 3997 2807 4078; x_wconf 77' lang='lat' dir='ltr'>deterius</span> <span class='ocrx_word' id='word_1_753' title='bbox 2835 3997 3089 4076; x_wconf 81' lang='lat' dir='ltr'>hominis</span> <span class='ocrx_word' id='word_1_754' title='bbox 3118 3997 3432 4091; x_wconf 43' lang='lat' dir='ltr'>Optimum:</span> <span class='ocrx_word' id='word_1_755' title='bbox 3470 4019 3707 4073; x_wconf 84' lang='lat' dir='ltr'>Fortasse</span> <span class='ocrx_word' id='word_1_756' title='bbox 3732 3997 3877 4094; x_wconf 80' lang='lat' dir='ltr'>tale</span> 
     </span>
    </p>
   </div>
   <div class='ocr_carea' id='block_1_103' title="bbox 2293 4086 3878 4184">
    <p class='ocr_par' dir='ltr' id='par_1_103' title="bbox 2293 4086 3878 4184">
     <span class='ocr_line' id='line_1_103' title="bbox 2293 4086 3878 4184; baseline -0.003 -20"><span class='ocrx_word' id='word_1_757' title='bbox 2293 4112 2431 4184; x_wconf 89' lang='lat' dir='ltr'>quid</span> <span class='ocrx_word' id='word_1_758' title='bbox 2463 4111 2591 4178; x_wconf 90' lang='lat' dir='ltr'>erit,</span> <span class='ocrx_word' id='word_1_759' title='bbox 2614 4110 2785 4183; x_wconf 89' lang='lat' dir='ltr'>quale</span> <span class='ocrx_word' id='word_1_760' title='bbox 2812 4109 2932 4182; x_wconf 90' lang='lat' dir='ltr'>ipse</span> <span class='ocrx_word' id='word_1_761' title='bbox 2962 4109 3138 4164; x_wconf 91' lang='lat' dir='ltr'>homo</span> <span class='ocrx_word' id='word_1_762' title='bbox 3156 4086 3308 4162; x_wconf 48' lang='lat' dir='ltr'>est?</span> <span class='ocrx_word' id='word_1_763' title='bbox 3338 4109 3428 4164; x_wconf 91' lang='lat' dir='ltr'>Ita</span> <span class='ocrx_word' id='word_1_764' title='bbox 3458 4106 3533 4161; x_wconf 89' lang='lat' dir='ltr'>sit</span> <span class='ocrx_word' id='word_1_765' title='bbox 3574 4117 3711 4168; x_wconf 80' lang='lat' dir='ltr'>sane,</span> <span class='ocrx_word' id='word_1_766' title='bbox 3742 4094 3776 4149; x_wconf 77' lang='lat' dir='ltr'>Si</span> 
     </span>
    </p>
   </div>
   <div class='ocr_carea' id='block_1_104' title="bbox 2292 4187 3877 4269">
    <p class='ocr_par' dir='ltr' id='par_1_104' title="bbox 2292 4187 3877 4269">
     <span class='ocr_line' id='line_1_104' title="bbox 2292 4187 3877 4269; baseline -0.014 -13"><span class='ocrx_word' id='word_1_767' title='bbox 2292 4205 2377 4256; x_wconf 91' lang='lat' dir='ltr'>est</span> <span class='ocrx_word' id='word_1_768' title='bbox 2398 4199 2630 4256; x_wconf 90' lang='lat' dir='ltr'>homine</span> <span class='ocrx_word' id='word_1_769' title='bbox 2662 4198 2886 4265; x_wconf 88' lang='lat' dir='ltr'>melius,</span> <span class='ocrx_word' id='word_1_770' title='bbox 2928 4214 3042 4269; x_wconf 91' lang='lat' dir='ltr'>quo</span> <span class='ocrx_word' id='word_1_771' title='bbox 3088 4194 3309 4267; x_wconf 87' lang='lat' dir='ltr'>perfrui</span> <span class='ocrx_word' id='word_1_772' title='bbox 3337 4193 3541 4267; x_wconf 86' lang='lat' dir='ltr'>possit.</span> <span class='ocrx_word' id='word_1_773' title='bbox 3583 4190 3638 4247; x_wconf 88' lang='lat' dir='ltr'>Si</span> <span class='ocrx_word' id='word_1_774' title='bbox 3665 4188 3806 4241; x_wconf 83' lang='lat' dir='ltr'>autem</span> <span class='ocrx_word' id='word_1_775' title='bbox 3834 4187 3877 4269; x_wconf 34' lang='lat' dir='ltr'>In:</span> 
     </span>
    </p>
   </div>
   <div class='ocr_carea' id='block_1_105' title="bbox 2290 4262 3881 4359">
    <p class='ocr_par' dir='ltr' id='par_1_105' title="bbox 2290 4262 3881 4359">
     <span class='ocr_line' id='line_1_105' title="bbox 2290 4262 3881 4359; baseline -0.011 -16"><span class='ocrx_word' id='word_1_776' title='bbox 2290 4289 2553 4345; x_wconf 88' lang='lat' dir='ltr'>venimus</span> <span class='ocrx_word' id='word_1_777' title='bbox 2582 4286 2798 4359; x_wconf 88' lang='lat' dir='ltr'>aliquid</span> <span class='ocrx_word' id='word_1_778' title='bbox 2841 4262 2997 4357; x_wconf 69' lang='lat' dir='ltr'>quod</span> <span class='ocrx_word' id='word_1_779' title='bbox 3028 4262 3106 4339; x_wconf 47' lang='lat' dir='ltr'>et-</span> <span class='ocrx_word' id='word_1_780' title='bbox 3132 4262 3373 4339; x_wconf 75' lang='lat' dir='ltr'>homine</span> <span class='ocrx_word' id='word_1_781' title='bbox 3410 4281 3485 4335; x_wconf 87' lang='lat' dir='ltr'>sit</span> <span class='ocrx_word' id='word_1_782' title='bbox 3517 4262 3881 4359; x_wconf 31' lang='lat' dir='ltr'>excellentius“Pl</span> 
     </span>
    </p>
   </div>
   <div class='ocr_carea' id='block_1_106' title="bbox 2290 4353 3881 4461">
    <p class='ocr_par' dir='ltr' id='par_1_106' title="bbox 2290 4353 3881 4461">
     <span class='ocr_line' id='line_1_106' title="bbox 2290 4353 3881 4461; baseline -0.008 -30"><span class='ocrx_word' id='word_1_783' title='bbox 2290 4381 2503 4449; x_wconf 73' lang='lat' dir='ltr'>praesto</span> <span class='ocrx_word' id='word_1_784' title='bbox 2533 4393 2653 4432; x_wconf 89' lang='lat' dir='ltr'>esse</span> <span class='ocrx_word' id='word_1_785' title='bbox 2680 4374 2898 4431; x_wconf 88' lang='lat' dir='ltr'>amanti</span> <span class='ocrx_word' id='word_1_786' title='bbox 2928 4390 3049 4429; x_wconf 86' lang='lat' dir='ltr'>sese</span> <span class='ocrx_word' id='word_1_787' title='bbox 3076 4371 3303 4430; x_wconf 89' lang='lat' dir='ltr'>homini</span> <span class='ocrx_word' id='word_1_788' title='bbox 3342 4369 3562 4443; x_wconf 88' lang='lat' dir='ltr'>possit;</span> <span class='ocrx_word' id='word_1_789' title='bbox 3609 4363 3720 4437; x_wconf 81' lang='lat' dir='ltr'>quis</span> <span class='ocrx_word' id='word_1_790' title='bbox 3735 4353 3881 4461; x_wconf 48' lang='lat' dir='ltr'>dum;</span> 
     </span>
    </p>
   </div>
   <div class='ocr_carea' id='block_1_107' title="bbox 2291 4448 3880 4520">
    <p class='ocr_par' dir='ltr' id='par_1_107' title="bbox 2291 4448 3880 4520">
     <span class='ocr_line' id='line_1_107' title="bbox 2291 4448 3880 4520; baseline -0.006 -2"><span class='ocrx_word' id='word_1_791' title='bbox 2291 4448 2438 4520; x_wconf 81' lang='lat' dir='ltr'>verit</span> <span class='ocrx_word' id='word_1_792' title='bbox 2464 4464 2686 4519; x_wconf 90' lang='lat' dir='ltr'>homini</span> <span class='ocrx_word' id='word_1_793' title='bbox 2715 4464 2786 4520; x_wconf 90' lang='lat' dir='ltr'>ad</span> <span class='ocrx_word' id='word_1_794' title='bbox 2816 4463 2875 4518; x_wconf 92' lang='lat' dir='ltr'>id</span> <span class='ocrx_word' id='word_1_795' title='bbox 2903 4462 3204 4517; x_wconf 90' lang='lat' dir='ltr'>nitendum</span> <span class='ocrx_word' id='word_1_796' title='bbox 3233 4477 3358 4515; x_wconf 86' lang='lat' dir='ltr'>esse</span> <span class='ocrx_word' id='word_1_797' title='bbox 3390 4463 3454 4515; x_wconf 92' lang='lat' dir='ltr'>ut</span> <span class='ocrx_word' id='word_1_798' title='bbox 3500 4459 3687 4513; x_wconf 88' lang='lat' dir='ltr'>beatus</span> <span class='ocrx_word' id='word_1_799' title='bbox 3711 4448 3780 4509; x_wconf 78' lang='lat' dir='ltr'>sit.</span> <span class='ocrx_word' id='word_1_800' title='bbox 3801 4448 3880 4509; x_wconf 65' lang='grc' dir='ltr'>ειυοί</span> 
     </span>
    </p>
   </div>
   <div class='ocr_carea' id='block_1_108' title="bbox 2293 4532 3881 4626">
    <p class='ocr_par' dir='ltr' id='par_1_108' title="bbox 2293 4532 3881 4626">
     <span class='ocr_line' id='line_1_108' title="bbox 2293 4532 3881 4626; baseline -0.009 -17"><span class='ocrx_word' id='word_1_801' title='bbox 2293 4569 2361 4610; x_wconf 90' lang='lat' dir='ltr'>eo</span> <span class='ocrx_word' id='word_1_802' title='bbox 2407 4553 2533 4625; x_wconf 91' lang='lat' dir='ltr'>ipso</span> <span class='ocrx_word' id='word_1_803' title='bbox 2581 4551 2680 4626; x_wconf 88' lang='lat' dir='ltr'>qui</span> <span class='ocrx_word' id='word_1_804' title='bbox 2730 4550 2956 4617; x_wconf 88' lang='lat' dir='ltr'>nititur,</span> <span class='ocrx_word' id='word_1_805' title='bbox 3014 4548 3387 4605; x_wconf 83' lang='lat' dir='ltr'>manifestum</span> <span class='ocrx_word' id='word_1_806' title='bbox 3435 4551 3525 4602; x_wconf 88' lang='lat' dir='ltr'>est</span> <span class='ocrx_word' id='word_1_807' title='bbox 3567 4558 3677 4598; x_wconf 78' lang='lat' dir='ltr'>esse</span> <span class='ocrx_word' id='word_1_808' title='bbox 3715 4532 3881 4608; x_wconf 47' lang='lat' dir='ltr'>prtia”</span> 
     </span>
    </p>
   </div>
   <div class='ocr_carea' id='block_1_109' title="bbox 2291 4625 3883 4722">
    <p class='ocr_par' dir='ltr' id='par_1_109' title="bbox 2291 4625 3883 4722">
     <span class='ocr_line' id='line_1_109' title="bbox 2291 4625 3883 4722; baseline -0.006 -27"><span class='ocrx_word' id='word_1_809' title='bbox 2291 4641 2449 4697; x_wconf 82' lang='lat' dir='ltr'>tius?</span> <span class='ocrx_word' id='word_1_810' title='bbox 2477 4625 2618 4696; x_wconf 89' lang='lat' dir='ltr'>Nam</span> <span class='ocrx_word' id='word_1_811' title='bbox 2645 4639 2690 4694; x_wconf 91' lang='lat' dir='ltr'>si</span> <span class='ocrx_word' id='word_1_812' title='bbox 2708 4639 2766 4694; x_wconf 90' lang='lat' dir='ltr'>id</span> <span class='ocrx_word' id='word_1_813' title='bbox 2793 4641 2877 4692; x_wconf 91' lang='lat' dir='ltr'>est</span> <span class='ocrx_word' id='word_1_814' title='bbox 2902 4637 3136 4692; x_wconf 83' lang='lat' dir='ltr'>beatum</span> <span class='ocrx_word' id='word_1_815' title='bbox 3167 4652 3310 4700; x_wconf 87' lang='lat' dir='ltr'>esse,</span> <span class='ocrx_word' id='word_1_816' title='bbox 3348 4636 3427 4691; x_wconf 90' lang='lat' dir='ltr'>ad</span> <span class='ocrx_word' id='word_1_817' title='bbox 3454 4634 3569 4691; x_wconf 86' lang='lat' dir='ltr'>tale</span> <span class='ocrx_word' id='word_1_818' title='bbox 3603 4631 3784 4686; x_wconf 82' lang='lat' dir='ltr'>bonum</span> 
     </span>
    </p>
   </div>
   <div class='ocr_carea' id='block_1_110' title="bbox 2290 4718 3881 4802">
    <p class='ocr_par' dir='ltr' id='par_1_110' title="bbox 2290 4718 3881 4802">
     <span class='ocr_line' id='line_1_110' title="bbox 2290 4718 3881 4802; baseline -0.007 -15"><span class='ocrx_word' id='word_1_819' title='bbox 2290 4730 2511 4787; x_wconf 90' lang='lat' dir='ltr'>venisse</span> <span class='ocrx_word' id='word_1_820' title='bbox 2541 4746 2655 4802; x_wconf 90' lang='lat' dir='ltr'>quo</span> <span class='ocrx_word' id='word_1_821' title='bbox 2685 4728 2935 4800; x_wconf 89' lang='lat' dir='ltr'>amplius</span> <span class='ocrx_word' id='word_1_822' title='bbox 2958 4744 3071 4781; x_wconf 90' lang='lat' dir='ltr'>non</span> <span class='ocrx_word' id='word_1_823' title='bbox 3105 4731 3310 4799; x_wconf 90' lang='lat' dir='ltr'>potest,</span> <span class='ocrx_word' id='word_1_824' title='bbox 3338 4725 3402 4780; x_wconf 92' lang='lat' dir='ltr'>id</span> <span class='ocrx_word' id='word_1_825' title='bbox 3457 4729 3546 4780; x_wconf 89' lang='lat' dir='ltr'>est</span> <span class='ocrx_word' id='word_1_826' title='bbox 3600 4724 3763 4775; x_wconf 76' lang='lat' dir='ltr'>autem</span> <span class='ocrx_word' id='word_1_827' title='bbox 3799 4718 3881 4802; x_wconf 41' lang='lat'>4““;</span> 
     </span>
    </p>
   </div>
   <div class='ocr_carea' id='block_1_111' title="bbox 2292 4791 3880 4890">
    <p class='ocr_par' dir='ltr' id='par_1_111' title="bbox 2292 4791 3880 4890">
     <span class='ocr_line' id='line_1_111' title="bbox 2292 4791 3880 4890; baseline -0.011 -16"><span class='ocrx_word' id='word_1_828' title='bbox 2292 4819 2538 4875; x_wconf 90' lang='lat' dir='ltr'>dicimus</span> <span class='ocrx_word' id='word_1_829' title='bbox 2557 4791 2853 4890; x_wconf 69' lang='lat' dir='ltr'>bptimum</span> <span class='ocrx_word' id='word_1_830' title='bbox 2878 4834 2892 4886; x_wconf 90' lang='lat'>;</span> <span class='ocrx_word' id='word_1_831' title='bbox 2929 4832 3043 4889; x_wconf 88' lang='lat' dir='ltr'>quo</span> <span class='ocrx_word' id='word_1_832' title='bbox 3065 4791 3305 4871; x_wconf 73' lang='lat' dir='ltr'>tandem</span> <span class='ocrx_word' id='word_1_833' title='bbox 3330 4817 3505 4886; x_wconf 89' lang='lat' dir='ltr'>pacto</span> <span class='ocrx_word' id='word_1_834' title='bbox 3536 4791 3880 4883; x_wconf 44' lang='lat' dir='ltr'>potestiam}?</span> 
     </span>
    </p>
   </div>
   <div class='ocr_carea' id='block_1_112' title="bbox 2291 4891 3923 4985">
    <p class='ocr_par' dir='ltr' id='par_1_112' title="bbox 2291 4891 3923 4985">
     <span class='ocr_line' id='line_1_112' title="bbox 2291 4891 3923 4985; baseline -0.004 -22"><span class='ocrx_word' id='word_1_835' title='bbox 2291 4906 2553 4985; x_wconf 78' lang='lat' dir='ltr'>ﬁnitione</span> <span class='ocrx_word' id='word_1_836' title='bbox 2612 4906 2850 4974; x_wconf 92' lang='lat' dir='ltr'>includi,</span> <span class='ocrx_word' id='word_1_837' title='bbox 2907 4905 3005 4978; x_wconf 91' lang='lat' dir='ltr'>qui</span> <span class='ocrx_word' id='word_1_838' title='bbox 3059 4905 3131 4960; x_wconf 91' lang='lat' dir='ltr'>ad</span> <span class='ocrx_word' id='word_1_839' title='bbox 3198 4919 3495 4959; x_wconf 88' lang='lat' dir='ltr'>summum</span> <span class='ocrx_word' id='word_1_840' title='bbox 3552 4901 3742 4955; x_wconf 85' lang='lat' dir='ltr'>bonum</span> <span class='ocrx_word' id='word_1_841' title='bbox 3791 4891 3880 4985; x_wconf 36' lang='lat' dir='ltr'>Si“?</span> <span class='ocrx_word' id='word_1_842' title='bbox 3922 4912 3923 4985; x_wconf 33' lang='grc' dir='ltr'>ᾗ</span> 
     </span>
    </p>
   </div>
   <div class='ocr_carea' id='block_1_113' title="bbox 2290 4976 3923 5069">
    <p class='ocr_par' dir='ltr' id='par_1_113' title="bbox 2290 4976 3923 5069">
     <span class='ocr_line' id='line_1_113' title="bbox 2290 4976 3923 5069; baseline -0.009 -19"><span class='ocrx_word' id='word_1_843' title='bbox 2290 4977 2548 5050; x_wconf 82' lang='lat' dir='ltr'>nondum</span> <span class='ocrx_word' id='word_1_844' title='bbox 2606 4976 2974 5065; x_wconf 78' lang='lat' dir='ltr'>pervenerit?</span> <span class='ocrx_word' id='word_1_845' title='bbox 3017 4996 3118 5048; x_wconf 91' lang='lat' dir='ltr'>aut</span> <span class='ocrx_word' id='word_1_846' title='bbox 3163 4992 3457 5065; x_wconf 88' lang='lat' dir='ltr'>quomodo</span> <span class='ocrx_word' id='word_1_847' title='bbox 3496 4997 3755 5044; x_wconf 87' lang='lat' dir='ltr'>summum</span> <span class='ocrx_word' id='word_1_848' title='bbox 3780 4976 3881 5069; x_wconf 50' lang='grc' dir='ltr'>ειεξςὲ</span> 
     </span>
    </p>
   </div>
   <div class='ocr_carea' id='block_1_114' title="bbox 2293 5071 3881 5159">
    <p class='ocr_par' dir='ltr' id='par_1_114' title="bbox 2293 5071 3881 5159">
     <span class='ocr_line' id='line_1_114' title="bbox 2293 5071 3881 5159; baseline -0.008 -20"><span class='ocrx_word' id='word_1_849' title='bbox 2293 5089 2379 5141; x_wconf 91' lang='lat' dir='ltr'>est</span> <span class='ocrx_word' id='word_1_850' title='bbox 2407 5084 2627 5157; x_wconf 89' lang='lat' dir='ltr'>aliquid</span> <span class='ocrx_word' id='word_1_851' title='bbox 2660 5083 2868 5138; x_wconf 86' lang='lat' dir='ltr'>melius</span> <span class='ocrx_word' id='word_1_852' title='bbox 2894 5099 3008 5155; x_wconf 89' lang='lat' dir='ltr'>quo</span> <span class='ocrx_word' id='word_1_853' title='bbox 3037 5080 3340 5154; x_wconf 85' lang='lat' dir='ltr'>pervenire</span> <span class='ocrx_word' id='word_1_854' title='bbox 3370 5073 3694 5152; x_wconf 86' lang='lat' dir='ltr'>possimus?</span> 
     </span>
    </p>
   </div>
   <div class='ocr_carea' id='block_1_115' title="bbox 2291 5153 3881 5250">
    <p class='ocr_par' dir='ltr' id='par_1_115' title="bbox 2291 5153 3881 5250">
     <span class='ocr_line' id='line_1_115' title="bbox 2291 5153 3881 5250; baseline -0.004 -21"><span class='ocrx_word' id='word_1_855' title='bbox 2291 5178 2387 5230; x_wconf 90' lang='lat' dir='ltr'>tur</span> <span class='ocrx_word' id='word_1_856' title='bbox 2415 5174 2462 5228; x_wconf 91' lang='lat' dir='ltr'>si</span> <span class='ocrx_word' id='word_1_857' title='bbox 2491 5153 2596 5240; x_wconf 72' lang='lat' dir='ltr'>est,</span> <span class='ocrx_word' id='word_1_858' title='bbox 2628 5174 2742 5229; x_wconf 89' lang='lat' dir='ltr'>tale</span> <span class='ocrx_word' id='word_1_859' title='bbox 2772 5188 2896 5228; x_wconf 90' lang='lat' dir='ltr'>esse</span> <span class='ocrx_word' id='word_1_860' title='bbox 2912 5153 3091 5227; x_wconf 77' lang='lat' dir='ltr'>debet</span> <span class='ocrx_word' id='word_1_861' title='bbox 3127 5171 3283 5243; x_wconf 88' lang='lat' dir='ltr'>quod</span> <span class='ocrx_word' id='word_1_862' title='bbox 3327 5185 3454 5224; x_wconf 92' lang='lat' dir='ltr'>non</span> <span class='ocrx_word' id='word_1_863' title='bbox 3496 5165 3708 5224; x_wconf 73' lang='lat' dir='ltr'>amittat</span> <span class='ocrx_word' id='word_1_864' title='bbox 3745 5153 3881 5250; x_wconf 50' lang='lat' dir='ltr'>inii”:</span> 
     </span>
    </p>
   </div>
   <div class='ocr_carea' id='block_1_116' title="bbox 2292 5248 3923 5336">
    <p class='ocr_par' dir='ltr' id='par_1_116' title="bbox 2292 5248 3923 5336">
     <span class='ocr_line' id='line_1_116' title="bbox 2292 5248 3923 5336; baseline -0.021 -5"><span class='ocrx_word' id='word_1_865' title='bbox 2292 5264 2515 5336; x_wconf 78' lang='lat' dir='ltr'>Qnippe</span> <span class='ocrx_word' id='word_1_866' title='bbox 2561 5279 2735 5318; x_wconf 88' lang='lat' dir='ltr'>nemo</span> <span class='ocrx_word' id='word_1_867' title='bbox 2785 5265 2975 5335; x_wconf 84' lang='lat' dir='ltr'>potest</span> <span class='ocrx_word' id='word_1_868' title='bbox 3016 5259 3302 5315; x_wconf 85' lang='lat' dir='ltr'>conﬁdere</span> <span class='ocrx_word' id='word_1_869' title='bbox 3357 5259 3432 5315; x_wconf 89' lang='lat' dir='ltr'>de</span> <span class='ocrx_word' id='word_1_870' title='bbox 3483 5256 3579 5311; x_wconf 89' lang='lat' dir='ltr'>tali</span> <span class='ocrx_word' id='word_1_871' title='bbox 3623 5253 3766 5310; x_wconf 86' lang='lat' dir='ltr'>bono,</span> <span class='ocrx_word' id='word_1_872' title='bbox 3922 5248 3923 5279; x_wconf 65' lang='lat' dir='ltr'>l</span> 
     </span>
    </p>
   </div>
   <div class='ocr_carea' id='block_1_117' title="bbox 2292 5321 3923 5425">
    <p class='ocr_par' dir='ltr' id='par_1_117' title="bbox 2292 5321 3923 5425">
     <span class='ocr_line' id='line_1_117' title="bbox 2292 5321 3923 5425; baseline -0.003 -17"><span class='ocrx_word' id='word_1_873' title='bbox 2292 5321 2423 5408; x_wconf 43' lang='lat' dir='ltr'>sibi‘</span> <span class='ocrx_word' id='word_1_874' title='bbox 2444 5321 2594 5425; x_wconf 75' lang='lat' dir='ltr'>eripi</span> <span class='ocrx_word' id='word_1_875' title='bbox 2640 5321 2807 5425; x_wconf 74' lang='lat' dir='ltr'>posse</span> <span class='ocrx_word' id='word_1_876' title='bbox 2856 5349 3049 5417; x_wconf 85' lang='lat' dir='ltr'>sentit,</span> <span class='ocrx_word' id='word_1_877' title='bbox 3102 5347 3327 5404; x_wconf 87' lang='lat' dir='ltr'>etiamsi</span> <span class='ocrx_word' id='word_1_878' title='bbox 3366 5345 3613 5402; x_wconf 85' lang='lat' dir='ltr'>retinere</span> <span class='ocrx_word' id='word_1_879' title='bbox 3662 5337 3715 5394; x_wconf 78' lang='lat' dir='ltr'>id</span> <span class='ocrx_word' id='word_1_880' title='bbox 3760 5321 3885 5425; x_wconf 43' lang='grc' dir='ltr'>ξωξξὶξ</span> <span class='ocrx_word' id='word_1_881' title='bbox 3922 5342 3923 5373; x_wconf 70' lang='grc'><em>³</em></span> 
     </span>
    </p>
   </div>
   <div class='ocr_carea' id='block_1_118' title="bbox 2292 5418 3923 5514">
    <p class='ocr_par' dir='ltr' id='par_1_118' title="bbox 2292 5418 3923 5514">
     <span class='ocr_line' id='line_1_118' title="bbox 2292 5418 3923 5514; baseline -0.015 -16"><span class='ocrx_word' id='word_1_882' title='bbox 2292 5442 2485 5514; x_wconf 89' lang='lat' dir='ltr'>ctique</span> <span class='ocrx_word' id='word_1_883' title='bbox 2519 5418 2785 5497; x_wconf 39' lang='lat' dir='ltr'>volu‘erit.</span> <span class='ocrx_word' id='word_1_884' title='bbox 2822 5439 3088 5510; x_wconf 85' lang='lat' dir='ltr'>Quisquis</span> <span class='ocrx_word' id='word_1_885' title='bbox 3117 5443 3307 5493; x_wconf 87' lang='lat' dir='ltr'>autem</span> <span class='ocrx_word' id='word_1_886' title='bbox 3341 5436 3415 5491; x_wconf 89' lang='lat' dir='ltr'>de</span> <span class='ocrx_word' id='word_1_887' title='bbox 3455 5435 3606 5490; x_wconf 90' lang='lat' dir='ltr'>bono</span> <span class='ocrx_word' id='word_1_888' title='bbox 3643 5444 3737 5499; x_wconf 86' lang='lat' dir='ltr'>quo</span> <span class='ocrx_word' id='word_1_889' title='bbox 3760 5418 3885 5514; x_wconf 51' lang='lat' dir='ltr'>fmilil</span> <span class='ocrx_word' id='word_1_890' title='bbox 3922 5444 3923 5509; x_wconf 33' lang='grc' dir='ltr'><strong>ί</strong></span> 
     </span>
    </p>
   </div>
   <div class='ocr_carea' id='block_1_119' title="bbox 2293 5506 3923 5849">
    <p class='ocr_par' dir='ltr' id='par_1_119' title="bbox 2293 5506 3923 5849">
     <span class='ocr_line' id='line_1_119' title="bbox 2293 5506 3923 5600; baseline -0.015 -13"><span class='ocrx_word' id='word_1_891' title='bbox 2293 5506 2408 5587; x_wconf 79' lang='lat' dir='ltr'>non</span> <span class='ocrx_word' id='word_1_892' title='bbox 2436 5530 2692 5600; x_wconf 87' lang='lat' dir='ltr'>conﬁdit,</span> <span class='ocrx_word' id='word_1_893' title='bbox 2722 5529 2785 5585; x_wconf 91' lang='lat' dir='ltr'>in</span> <span class='ocrx_word' id='word_1_894' title='bbox 2823 5506 2996 5586; x_wconf 71' lang='lat' dir='ltr'>tanto</span> <span class='ocrx_word' id='word_1_895' title='bbox 3028 5527 3237 5583; x_wconf 87' lang='lat' dir='ltr'>timore</span> <span class='ocrx_word' id='word_1_896' title='bbox 3291 5520 3598 5581; x_wconf 82' lang='lat' dir='ltr'>amittendi</span> <span class='ocrx_word' id='word_1_897' title='bbox 3625 5518 3785 5575; x_wconf 78' lang='lat' dir='ltr'>beatus</span> <span class='ocrx_word' id='word_1_898' title='bbox 3820 5508 3883 5553; x_wconf 49' lang='grc' dir='ltr'>εει</span> <span class='ocrx_word' id='word_1_899' title='bbox 3922 5506 3923 5541; x_wconf 61' lang='lat' dir='ltr'>l</span> 
     </span>
     <span class='ocr_line' id='line_1_120' title="bbox 2294 5558 3923 5849; baseline -0.02 -172"><span class='ocrx_word' id='word_1_900' title='bbox 2294 5619 2395 5692; x_wconf 91' lang='lat' dir='ltr'>qui</span> <span class='ocrx_word' id='word_1_901' title='bbox 2421 5621 2648 5691; x_wconf 86' lang='lat' dir='ltr'>potest?</span> 
     </span>
    </p>
   </div>
   <div class='ocr_carea' id='block_1_120' title="bbox 2294 5619 2648 5692">
    <p class='ocr_par' dir='ltr' id='par_1_120' title="bbox 2294 5619 2648 5692">
     <span class='ocr_line' id='line_1_121' title="bbox 2294 5619 2648 5692; baseline -0.008 -16"><span class='ocrx_word' id='word_1_902' title='bbox 2294 5619 2395 5692; x_wconf 91' lang='lat' dir='ltr'>qui</span> <span class='ocrx_word' id='word_1_903' title='bbox 2421 5621 2648 5691; x_wconf 86' lang='lat' dir='ltr'>potest?</span> 
     </span>
    </p>
   </div>
  </div>
