4008 6184
131 279 272 333 1313

571 412 796 468 CAPUT
825 412 914 466 IV.
946 441 1016 452 —
1044 413 1210 467 Homo
1241 411 1394 482 quid.

207 517 259 568 6.
293 513 626 578 Quaeramus
657 509 835 580 igitur
863 508 998 580 quid
1048 508 1120 563 sit
1152 509 1384 564 homine
1416 508 1636 562 melius.
1672 508 1832 574 Quod

132 601 391 673 profecto
421 599 676 652 invenire
727 597 955 652 difﬁcile
986 603 1088 665 est,
1132 597 1240 652 nisi
1286 597 1446 668 prius
1479 598 1831 652 considerato

133 696 307 761 atque
364 689 615 743 discusso
671 686 808 758 quid
837 686 908 740 sit
939 686 1058 756 ipse
1089 685 1279 739 homo.
1317 687 1426 739 Nec
1456 703 1609 740 nunc
1636 685 1834 740 delini-

134 781 355 834 tionem
386 776 632 832 hominis
690 793 719 829 a
755 791 846 830 me
905 775 1306 846 postulandam
1341 779 1500 844 puto.
1554 775 1696 829 Illud
1749 779 1835 829 est

134 866 320 937 magis
346 865 500 937 quod
534 863 676 918 mihi
705 864 813 917 hoc
845 863 969 917 loco
999 863 1373 934 quazrendum
1428 862 1670 930 videtur,
1704 880 1833 917 cum

136 957 288 1010 inter
320 969 518 1008 omnes
553 968 696 1023 pene
725 956 961 1016 constet,
995 955 1094 1004 aut
1121 957 1293 1017 certe,
1319 950 1377 1004 id
1409 951 1564 1021 quod
1584 951 1831 1018 satisest,

134 1044 286 1098 inter
314 1058 405 1096 me
434 1046 601 1112 atque
632 1041 762 1094 illos
791 1056 920 1094 cum
942 1039 1150 1110 quibus
1170 1055 1322 1093 nunc
1355 1039 1542 1110 agitur
1567 1039 1675 1093 hoc
1695 1056 1832 1093 con-

137 1129 351 1198 veniat,
394 1145 458 1182 ex
502 1127 695 1182 anima
747 1133 805 1182 et
859 1144 1097 1198 corpore
1159 1143 1258 1181 nos
1301 1144 1420 1181 esse
1467 1128 1831 1198 compositos,

136 1217 275 1288 quid
308 1221 393 1270 est
425 1216 547 1286 ipse
580 1215 777 1282 homo,
807 1219 1118 1286 utrumque
1138 1216 1344 1269 horum
1367 1232 1495 1286 quae.
1519 1216 1833 1286 nominavi,

137 1320 212 1358 an
269 1320 472 1375 corpus
543 1304 964 1370 tantummodo,
1020 1320 1094 1357 an
1150 1305 1546 1358 tantummodo
1622 1305 1830 1360 anima.

137 1395 478 1464 Quanquam
505 1392 658 1445 enim
694 1393 808 1446 duo
839 1392 970 1459 sint,
1005 1392 1197 1446 anima
1230 1397 1284 1446 et
1315 1409 1538 1462 corpus,
1585 1397 1640 1446 et
1687 1410 1834 1446 neu—

139 1490 292 1536 trum
323 1486 616 1536 vocaretur
667 1481 860 1548 homo,
913 1481 958 1534 si
1006 1497 1122 1535 non
1177 1485 1326 1535 esset
1379 1481 1622 1534 alterum
1681 1481 1835 1552 (nam

138 1588 326 1642 neque
381 1587 584 1640 corpus
625 1569 796 1624 homo
831 1574 995 1638 esset,
1055 1569 1103 1623 si
1147 1569 1341 1623 anima
1369 1585 1488 1622 non
1515 1573 1699 1636 esset;
1733 1586 1836 1624 nec

141 1675 334 1713 rursus
366 1659 557 1712 anima
588 1658 784 1725 homo,
817 1657 865 1711 si
897 1675 964 1710 ea
1020 1674 1226 1728 corpus
1260 1674 1375 1711 non
1420 1658 1789 1728 animaretur)
1818 1677 1831 1725 ;

139 1748 263 1801 fieri
300 1753 489 1800 tamen
516 1752 701 1816 potest
731 1752 793 1799 ut
823 1762 1001 1800 unum
1033 1747 1238 1800 horum
1269 1751 1326 1800 et
1356 1746 1632 1800 habeatur
1660 1748 1835 1800 homo

142 1841 200 1889 et
230 1841 476 1889 vocetur.
508 1834 652 1898 Quid
687 1849 822 1904 ergo
855 1834 1148 1888 hominem
1184 1834 1470 1888 dicimus?
1500 1835 1750 1889 animam
1782 1841 1839 1890 et

141 1941 372 1993 corpus,
427 1930 700 1994 tanquam
757 1923 915 1993 bigas
967 1924 1054 1977 vel
1114 1924 1491 1977 centaurum?
1530 1940 1602 1977 an
1633 1940 1838 1994 corpus

143 2017 388 2073 tantum,
421 2013 572 2082 quod
605 2012 676 2064 sit
701 2011 763 2064 in
797 2027 902 2064 usu
927 2012 1134 2065 animai
1152 2029 1210 2065 se
1244 2011 1492 2081 regentis
1523 2031 1537 2078 ;
1567 2016 1837 2082 tanquam

144 2103 452 2166 lucernam,
488 2117 605 2153 non
635 2101 827 2170 ignem
871 2099 1040 2154 simul
1094 2105 1149 2154 et
1202 2105 1425 2166 testam,
1481 2101 1578 2154 sed
1637 2105 1838 2155 testam

143 2190 345 2257 solam,
406 2193 598 2244 tamen
630 2193 868 2259 propter
922 2189 1117 2259 ignem
1153 2189 1553 2259 appellamus?
1581 2205 1656 2242 an
1695 2189 1838 2243 nihil

141 2277 298 2331 aliud
327 2275 620 2330 hominem
675 2292 849 2346 quam
882 2284 1133 2330 animam
1187 2275 1450 2343 dicimus,
1477 2277 1575 2331 sed
1604 2282 1839 2348 prepter

141 2381 349 2435 corpus
379 2365 532 2434 quod
566 2365 732 2435 regit,
768 2365 942 2418 veluti
991 2366 1244 2435 equitem
1277 2382 1388 2418 non
1419 2365 1591 2420 simul
1627 2382 1839 2437 equum

143 2461 200 2508 et
228 2454 539 2515 hominem,
574 2454 672 2507 sed
701 2453 996 2506 hominem
1027 2455 1235 2518 solum,
1270 2471 1336 2506 ex
1372 2471 1440 2508 eo
1473 2459 1665 2508 tamen
1687 2455 1840 2525 quod

146 2543 394 2614 regendo
426 2558 574 2612 equo
609 2541 682 2595 sit
723 2542 1208 2608 accommodatus,
1254 2543 1571 2596 vocamus?
1603 2541 1842 2596 Difficile

146 2637 231 2686 est
279 2630 444 2684 istam
490 2629 932 2683 controversiam
989 2629 1338 2699 diiudicare;
1371 2636 1470 2684 aut
1522 2629 1569 2683 si
1623 2630 1843 2684 ratione

147 2720 330 2786 facile,
352 2718 608 2772 oratione
637 2718 871 2788 longum
891 2723 975 2771 est
1006 2735 1017 2772 :
1054 2735 1226 2789 quem
1249 2717 1503 2772 laborem
1536 2735 1599 2772 ac
1623 2736 1842 2772 moram

147 2807 434 2879 suscipere
473 2824 536 2860 ac
569 2807 760 2860 subire
791 2824 907 2861 non
941 2823 1084 2876 opus
1140 2813 1243 2860 est.
1278 2806 1403 2860 Sive
1437 2807 1590 2860 enim
1622 2813 1842 2861 utrum-

146 2914 280 2968 que,
314 2896 428 2949 sive
457 2896 648 2948 anima
687 2896 804 2948 sola
832 2912 1044 2948 nomen
1074 2894 1325 2948 hominis
1357 2901 1565 2963 teneat,
1611 2912 1728 2949 non
1763 2901 1846 2949 est

150 2984 398 3040 hominis
427 2985 710 3054 optimum
741 2984 896 3054 quod
953 2983 1237 3052 optimum
1298 2987 1382 3036 est
1427 2983 1714 3058 corporis;
1747 2983 1844 3038 sed

151 3074 302 3144 quod
355 3079 454 3126 aut
507 3071 733 3142 corpori
781 3071 952 3124 simul
988 3076 1044 3125 et
1069 3071 1296 3138 animos,
1331 3075 1426 3125 aut
1484 3071 1590 3124 soli
1638 3072 1844 3126 animae

151 3160 432 3230 optimum
463 3165 566 3226 est,
600 3159 656 3213 id
689 3165 774 3212 est
796 3159 1078 3230 optimum
1112 3159 1382 3212 hominis.

155 3267 378 3322 CAPUT
420 3267 480 3321 V.
518 3295 586 3305 —
613 3268 859 3320 Hominis
889 3269 1148 3335 optimum
1177 3281 1283 3320 non
1336 3265 1480 3333 quod
1525 3266 1692 3320 solius
1730 3282 1845 3319 co-r-

430 3358 606 3425 poris,
636 3354 730 3408 sed
759 3355 903 3424 quod
932 3357 1127 3408 anima:
1155 3357 1417 3423 optimum
1452 3359 1554 3409 est.

223 3458 274 3507 7.
309 3451 576 3524 Corporis
609 3456 800 3506 autem
854 3451 899 3504 si
931 3452 1242 3521 quaerimus
1269 3451 1406 3520 quid
1439 3450 1722 3521 optimum
1752 3451 1844 3517 sit,

157 3539 212 3593 id
241 3545 394 3593 certa
428 3539 570 3592 ratio
599 3538 749 3606 cogit
781 3538 967 3602 fateri,
1001 3553 1102 3608 per
1128 3538 1281 3608 quod
1311 3539 1374 3590 lit
1400 3543 1462 3591 ut
1493 3555 1613 3592 sese
1643 3554 1850 3608 corpus

155 3644 326 3698 quam
357 3627 570 3696 optime
599 3628 824 3680 habeat.
864 3625 1011 3680 Nihil
1055 3631 1141 3679 est
1173 3631 1363 3679 autem
1411 3627 1671 3679 omnium
1722 3643 1850 3696 quae

155 3721 422 3786 vegetant
451 3733 676 3786 corpus,
703 3702 894 3768 anima
918 3714 1120 3768 melius
1152 3720 1323 3785 atque
1348 3715 1732 3785 praestantius.
1759 3717 1853 3768 Est

157 3822 292 3874 ergo
325 3820 612 3858 summum
626 3803 877 3873 corporis
893 3804 1131 3867 bonum,
1150 3821 1260 3856 non
1275 3805 1533 3874 voluptas
1567 3805 1709 3874 ejus,
1735 3819 1851 3857 non

157 3890 456 3956 indoloria,
489 3907 603 3943 non
652 3889 822 3955 vires,
857 3906 970 3942 non
1001 3889 1383 3958 pulchritudo,
1418 3906 1534 3943 non
1563 3889 1848 3955 velocitas,

156 3984 212 4035 e‘.
240 3979 285 4032 si
318 3979 450 4051 quid
484 3979 640 4033 aliud
671 3979 730 4031 in
761 3977 929 4032 bonis
960 3978 1216 4049 corporis
1238 3979 1533 4032 numerari
1566 3979 1727 4043 solet,
1754 3978 1852 4032 sed

157 4069 394 4122 omnino
425 4067 633 4122 anima.
669 4069 808 4121 Nam
843 4070 899 4121 et
928 4067 1030 4120 ista
1064 4084 1191 4134 qua:
1221 4073 1668 4122 commemorata
1697 4072 1850 4134 sunt,

157 4157 458 4227 prmsentia
489 4155 577 4209 sui
603 4155 832 4209 exhibet
859 4154 1104 4223 corpori,
1131 4159 1188 4208 et
1220 4156 1372 4224 quod
1407 4156 1694 4210 antecellit
1729 4172 1852 4209 om-

160 4246 347 4310 nibus,
378 4244 571 4299 vitam.
631 4243 1012 4307 Quamobrem
1046 4259 1159 4296 non
1222 4242 1442 4296 videtur
1490 4243 1633 4296 mihi
1663 4243 1856 4296 anima

158 4349 276 4387 esse
308 4349 596 4387 summum
625 4331 876 4385 hominis
906 4330 1146 4396 bonum,
1183 4330 1297 4383 sive
1328 4330 1582 4384 animam
1610 4331 1776 4384 simul
1799 4337 1856 4386 et

157 4438 384 4494 corpus,
434 4421 547 4476 sive
582 4421 833 4474 animam
895 4420 1073 4473 solam
1128 4419 1424 4473 hominem
1480 4419 1738 4473 dicimus.
1789 4421 1856 4474 Ut

157 4511 311 4564 enim
342 4509 595 4581 corporis
621 4521 909 4564 summum
934 4507 1145 4562 bonum
1179 4508 1232 4562 id
1266 4507 1484 4561 invenit
1511 4507 1679 4574 ratio,
1703 4509 1856 4579 quod

156 4605 242 4654 est
279 4615 515 4670 corpore
545 4598 768 4667 melius,
801 4602 858 4652 et
885 4613 1000 4668 quo
1023 4597 1076 4650 ei
1101 4598 1266 4668 vigor
1295 4602 1353 4651 et
1383 4597 1495 4651 vita
1524 4597 1814 4667 prwbetur
1839 4616 1852 4652 :

157 4689 238 4742 ita
262 4689 376 4742 sive
402 4704 605 4760 corpus
636 4692 690 4741 et
720 4687 934 4753 anima,
968 4687 1082 4740 sive
1113 4687 1303 4740 anima
1325 4686 1447 4757 ipsa
1471 4703 1574 4756 per
1595 4704 1653 4741 se
1681 4687 1855 4742 homo

158 4778 251 4845 sit,
283 4777 691 4832 inveniendum
716 4780 820 4843 est,
852 4775 898 4829 si
929 4775 1065 4846 quid
1085 4775 1336 4830 animam
1350 4775 1622 4846 prlecedit
1649 4776 1854 4847 ipsam,

157 4867 312 4938 quod
337 4883 466 4920 cum
520 4866 709 4920 anima
764 4863 1044 4936 sequitur,
1093 4863 1159 4918 ﬁt
1191 4865 1250 4918 in
1307 4881 1408 4918 suo
1443 4881 1652 4934 genere
1685 4881 1858 4935 quam

156 4960 345 5027 potest
375 4955 610 5025 optima.
643 4954 803 5017 Quod
837 4953 884 5007 si
938 4952 1188 5024 reperire
1244 4953 1622 5023 potuerimus,
1652 4953 1712 5008 id
1752 4955 1860 5008 erit

156 5043 411 5115 profecto
437 5043 588 5112 quod
621 5041 957 5113 ambagibus
987 5041 1223 5096 remotis
1245 5042 1533 5104 omnibus,
1565 5058 1856 5097 summum

1603 273 1812 329 LIBER
1853 271 2138 329 PRIMUS.

3509 275 3642 328 1314

1940 394 2188 449 hominis
2218 395 2431 450 bonum
2478 396 2609 466 jure
2671 396 2988 467 meritoque
3051 395 3465 452 nominandum
3525 403 3633 453 est.

2014 486 2066 537 8.
2101 485 2212 537 Aut
2238 482 2282 536 si
2310 500 2513 554 corpus
2565 488 2646 539 est
2677 486 2870 551 homo,
2905 483 3045 556 quin
3075 483 3321 538 hominis
3352 484 3632 556 optimum

1943 571 2132 625 anima
2163 571 2284 642 ipsa
2313 572 2403 636 sit,
2434 589 2694 626 recusare
2729 590 2845 626 non
2877 590 3130 643 possum.
3183 573 3289 627 Sed
3320 578 3471 628 certe
3507 591 3637 627 cum

1942 660 2011 714 de
2034 661 2286 714 moribus
2302 661 2510 730 agitur,
2543 679 2670 715 cum
2699 661 3009 732 quaarimus
3036 661 3271 731 quinam
3293 661 3422 715 vitae
3438 663 3643 715 modus

1942 748 2220 803 tenendus
2247 749 2317 802 sit
2347 753 2408 803 ut
2437 749 2855 804 beatitudinem
2892 750 3175 820 possimus
3205 749 3461 820 adipisci,
3524 767 3641 804 non

1941 837 2162 907 corpori
2192 843 2477 910 prmcepta
2509 839 2736 906 dantur,
2784 855 2903 892 non
2933 837 3190 908 corporis
3243 837 3640 908 investiganda

1943 931 2028 978 est
2061 925 2349 996 diciplina.
2383 928 2673 981 Postremo
2706 927 2884 981 bonos
2924 943 3112 981 mores
3147 943 3213 980 ea
3264 931 3457 980 nostra
3510 943 3645 996 pars

1942 1016 2136 1066 actura
2165 1019 2268 1081 est,
2320 1031 2447 1085 quas
2477 1015 2736 1086 inquirit,
2793 1020 2850 1069 et
2906 1015 3107 1082 discit;
3162 1018 3217 1068 et
3253 1013 3375 1067 haac
3434 1013 3640 1068 anima:

1944 1105 2074 1156 sunt
2099 1102 2370 1174 propria:
2405 1120 2517 1158 non
2549 1103 2723 1175 igitur
2753 1103 2820 1158 de
2856 1120 3113 1174 corpore,
3174 1119 3302 1155 cum
3335 1103 3403 1156 de
3434 1102 3644 1156 virtute

1944 1191 2250 1245 obtinenda
2280 1191 2612 1262 satagimus,
2645 1191 2883 1263 qumstio
2917 1196 3018 1245 est.
3054 1190 3213 1256 Quod
3245 1190 3290 1243 si
3322 1195 3407 1245 est
3438 1207 3645 1245 conse—

1945 1295 2145 1349 quens,
2179 1278 2343 1333 sicuti
2376 1284 2479 1346 est,
2512 1284 2575 1334 ut
2603 1280 2791 1350 ipsum
2822 1296 3026 1350 corpus
3059 1296 3186 1334 cum
3221 1279 3289 1333 ab
3320 1278 3512 1332 anima
3547 1295 3640 1333 re-

1944 1367 2120 1436 gitur,
2153 1384 2281 1437 qua:
2312 1368 2536 1420 virtutis
2585 1384 2818 1438 compos
2877 1373 2978 1432 est,
3017 1368 3197 1421 multo
3230 1371 3285 1420 et
3310 1367 3514 1420 melius
3548 1383 3640 1420 re-

1945 1459 2112 1525 gatur
2139 1461 2194 1508 et
2224 1455 2538 1521 honestius,
2602 1473 2783 1526 eoque
2831 1456 3044 1526 optime
3099 1473 3220 1510 sese
3272 1455 3496 1522 habeat,
3531 1473 3644 1526 quo

1951 1549 2036 1598 est
2067 1544 2282 1615 optima
2314 1543 2429 1609 illa,
2471 1561 2600 1615 quae
2653 1543 2761 1598 sibi
2795 1545 2950 1615 justa
3003 1545 3127 1614 lege
3179 1543 3509 1597 dominatur
3543 1560 3555 1597 :
3593 1543 3646 1596 id

1946 1633 2054 1686 erit
2085 1632 2333 1686 hominis
2360 1632 2643 1702 optimum
2675 1633 2825 1703 quod
2867 1632 3118 1686 animam
3151 1631 3427 1702 optimam
3487 1631 3646 1698 facit,

1946 1721 2170 1774 etiamsi
2202 1720 2494 1774 hominem
2536 1737 2740 1790 corpus
2771 1736 3060 1775 vocemus.
3115 1723 3203 1774 An
3235 1736 3391 1787 vero,
3425 1720 3470 1773 si
3505 1719 3648 1773 mihi

1946 1808 2147 1879 auriga
2174 1808 2597 1878 obtemperans,
2626 1809 2843 1879 (equos,
2904 1809 3112 1879 quibus
3151 1813 3378 1878 praeest,
3412 1808 3512 1862 alit
3536 1811 3552 1844 ¹
3587 1825 3649 1861 ac

1949 1897 2096 1967 regit
2120 1897 2602 1964 commodissime,
2632 1902 2800 1967 atque
2831 1897 2951 1967 ipse
2966 1914 3078 1967 quo
3102 1897 3340 1951 mihiest
3372 1897 3646 1950 obedien-

1948 1987 2078 2055 tior,
2111 2002 2236 2040 mea
2291 1985 2629 2039 liberalitate
2686 1985 3022 2056 perfruitur,
3084 2001 3294 2056 negare
3340 1985 3646 2056 quisquam

1947 2077 2131 2143 potest
2186 2090 2301 2127 non
2330 2075 2515 2127 solum
2546 2073 2696 2143 quod
2750 2073 2973 2144 auriga,
3026 2091 3223 2128 verum
3254 2074 3425 2128 etiam
3486 2074 3640 2144 quod

1948 2163 2076 2231 equi
2129 2178 2248 2216 sese
2302 2162 2514 2232 optime
2571 2161 2802 2229 habent,
2836 2162 2980 2216 mihi
3013 2162 3258 2216 deberi?
3292 2163 3489 2234 Itaque
3530 2162 3646 2216 sive

1949 2254 2173 2304 tantum
2229 2267 2455 2322 corpus,
2489 2249 2601 2304 sive
2659 2254 2883 2304 tantum
2942 2251 3154 2318 anima,
3191 2251 3306 2304 sive
3338 2257 3646 2323 utrumque

1949 2336 2120 2390 homo
2146 2337 2240 2405 sit,
2273 2353 2390 2390 non
2417 2335 2558 2390 mihi
2581 2335 2828 2390 maxime
2858 2338 3233 2407 quaerendum
3257 2338 3499 2406 videtur,
3539 2339 3647 2392 nisi

1950 2425 2086 2496 quid
2118 2425 2368 2479 animam
2397 2424 2567 2479 faciat
2599 2425 2874 2496 optimam
2900 2444 2916 2478 :
2948 2441 3081 2480 nam
3113 2443 3179 2479 eo
3201 2432 3490 2498 percepto,
3534 2444 3650 2482 non

1952 2519 2138 2585 potest
2159 2515 2331 2568 homo
2355 2530 2471 2568 non
2503 2519 2600 2568 aut
2629 2513 2866 2585 optime,
2898 2518 2996 2568 aut
3025 2519 3176 2569 certe
3216 2517 3396 2570 multo
3440 2518 3652 2573 melius

1953 2617 2070 2654 sese
2101 2601 2332 2666 habere,
2370 2617 2542 2672 quam
2575 2601 2620 2654 si
2648 2601 2752 2654 hoc
2785 2618 2962 2654 unum
2994 2601 3283 2657 defuisset.

1990 2690 2213 2744 CAPUT
2239 2690 2320 2743 VI.
2339 2720 2406 2728 —
2423 2690 2610 2742 Virtus
2627 2691 2866 2742 animam
2882 2692 3141 2757 optimam
3166 2694 3334 2760 efﬁcit
3353 2710 3372 2757 ;
3398 2693 3651 2746 virtutem

2025 2762 2211 2884 enim:
2230 2760 2789 2884 cqmparatscquendo
2815 2761 3018 2819 Deum;
3045 2761 3150 2814 Dei
3165 2767 3341 2816 autem
3355 2766 3652 2818 consecutio

2024 2834 2142 2884 vita
2205 2846 2268 2883 ea
2295 2846 2347 2883 a.

2025 2922 2076 2972 9.
2111 2919 2287 2971 Nemo
2308 2922 2501 2971 autem
2532 2917 2876 2972 dubitaverit
2901 2917 3040 2988 quin
3074 2919 3251 2972 virtus
3282 2919 3533 2974 animam
3566 2921 3649 2974 fa-

1954 3007 2067 3060 ciat
2084 3007 2381 3077 optimam.
2417 3006 2524 3060 Sed
2555 3006 2864 3060 rectissime
2895 3007 3074 3078 quaeri
3107 3012 3292 3077 potest
3325 3014 3515 3063 utrum
3550 3010 3655 3063 ista

1954 3095 2132 3149 virtus
2153 3095 2326 3149 etiam
2357 3111 2460 3165 per
2489 3110 2630 3162 sese,
2654 3112 2728 3148 an
2755 3095 2863 3148 nisi
2891 3096 2951 3149 in
2979 3096 3171 3150 anima
3213 3114 3333 3152 esse
3381 3115 3500 3152 non
3526 3115 3655 3168 pos-

1957 3185 2046 3238 sit.
2084 3183 2352 3238 Oboritur
2401 3184 2610 3238 iterum
2643 3183 2916 3238 altissima
2947 3189 3000 3239 et
3029 3186 3346 3256 longissimi
3378 3187 3656 3242 sermonis

1957 3272 2223 3342 indigens
2271 3271 2512 3342 quiestio
2540 3289 2552 3326 :
2577 3272 2672 3326 sed
2708 3273 2820 3328 hoc
2863 3274 3007 3327 bene
3058 3279 3184 3328 utar
3225 3276 3458 3330 fortasse
3508 3291 3658 3330 com-

1957 3361 2168 3431 pendio
2195 3381 2210 3427 ;
2241 3377 2405 3431 spero
2439 3363 2619 3415 Deum
2650 3362 3003 3428 adfuturum,
3063 3369 3128 3416 ut
3158 3369 3440 3434 quantum
3472 3364 3657 3419 imbe-

1958 3451 2164 3504 cillitas
2193 3455 2387 3504 nostra
2415 3450 2652 3520 patitur,
2686 3451 2754 3505 de
2776 3451 2947 3505 tantis
2977 3453 3146 3506 rebus
3175 3469 3289 3506 non
3320 3453 3492 3507 modo
3515 3454 3657 3507 dilu-

1958 3539 2100 3602 cide,
2135 3539 2231 3592 sed
2275 3539 2446 3592 etiam
2478 3539 2722 3593 breviter
2781 3541 3104 3593 doceamus.
3166 3540 3472 3605 Quodlibet
3502 3541 3656 3594 enim

1960 3643 2160 3681 eorum
2191 3627 2284 3695 sit,
2312 3626 2426 3680 sive
2448 3627 2619 3681 etiam
2672 3643 2776 3697 per
2803 3643 2923 3681 sese
2953 3644 3073 3680 esse
3106 3628 3284 3698 possit
3326 3629 3507 3683 virtus
3536 3629 3658 3682 sine

1961 3714 2173 3781 anima,
2202 3713 2318 3767 sive
2338 3713 2448 3766 nisi
2461 3713 2666 3767 animae
2693 3713 2877 3766 inesse
2906 3729 3021 3767 non
3045 3714 3246 3784 possit,
3264 3715 3657 3785 proculdubio

1961 3801 2177 3873 aliquid
2209 3803 2402 3856 anima
2431 3803 2691 3872 sequitur
2715 3802 3059 3856 utvirtutem
3081 3804 3520 3874 assequatur:id
3551 3803 3660 3857 erit

1963 3899 2061 3945 aut
2085 3892 2208 3962 ipsa
2240 3891 2454 3960 anima,
2486 3895 2584 3946 aut
2609 3891 2806 3957 virtus,
2837 3897 2935 3944 aut
2967 3891 3185 3962 aliquid
3207 3892 3462 3946 tertium.
3513 3894 3585 3965 At
3613 3892 3660 3944 si

1964 3980 2206 4050 seipsam
2255 3980 2514 4051 sequitur
2562 3985 2625 4034 ut
2675 3979 2944 4034 virtutem
2994 3981 3358 4050 adipiscatur,
3420 3982 3657 4036 stultum

1966 4069 2155 4123 nescio
2186 4069 2322 4139 quid
2355 4068 2614 4139 sequitur
2643 4085 2657 4122 :
2691 4069 2863 4122 stulta
2896 4073 2979 4122 est
3013 4070 3166 4123 enim
3214 4076 3346 4125 ante
3395 4071 3659 4140 adeptam

1966 4157 2250 4210 virtutem.
2281 4158 2514 4210 Summa
2543 4160 2675 4210 sunt
2701 4161 2892 4210 autem
2925 4161 3062 4210 vota
3092 4157 3474 4227 sequentium,
3509 4161 3570 4210 ut
3601 4156 3656 4209 id

1965 4245 2116 4314 quod
2146 4245 2389 4314 quisque
2420 4244 2698 4314 sequitur,
2728 4249 3078 4315 assequatur.
3102 4249 3214 4298 Aut
3241 4245 3418 4316 igitur
3441 4244 3664 4313 optabit

1967 4348 2083 4385 non
2113 4332 2338 4402 assequi
2367 4333 2790 4403 quod'sequitur
2805 4333 3017 4400 anima,
3051 4349 3162 4403 quo
3192 4333 3330 4386 nihil
3362 4332 3662 4386 absurdius

1967 4425 2024 4474 et
2043 4419 2362 4490 perversius
2384 4419 2494 4474 dici
2526 4425 2714 4490 potest
2737 4439 2748 4475 :
2770 4427 2870 4476 aut
2899 4437 3028 4476 cum
3059 4436 3115 4474 se
3147 4420 3406 4491 sequitur
3465 4421 3658 4486 stulta,

1968 4509 2228 4563 eamdem
2259 4508 2557 4562 stultitiam
2587 4526 2758 4581 quam
2812 4510 2952 4562 vitat
2979 4509 3318 4579 assequitur.
3355 4508 3413 4563 Si
3471 4513 3657 4562 autem

1967 4598 2235 4652 virtutem
2276 4598 2557 4668 sequitur,
2591 4599 2736 4652 hanc
2783 4597 3006 4668 assequi
3065 4596 3320 4666 cupiens,
3371 4597 3661 4667 quomodo

1969 4686 2232 4757 sequitur
2256 4686 2312 4741 id
2341 4688 2492 4758 quod
2517 4703 2630 4740 non
2663 4692 2748 4740 est
2765 4689 2793 4743 ?
2821 4690 2918 4740 aut
2943 4686 3230 4757 quomodo
3256 4687 3478 4758 assequi
3509 4687 3668 4757 cupit

1969 4776 2122 4847 quod
2153 4776 2362 4830 habet?
2395 4779 2508 4830 Aut
2537 4775 2714 4845 igitur
2765 4773 2942 4827 virtus
2998 4780 3083 4828 est
3113 4779 3320 4845 prater
3372 4776 3619 4830 animam
3651 4797 3664 4842 ;

1970 4871 2071 4919 aut
2099 4865 2146 4919 si
2176 4881 2288 4918 non
2318 4864 2504 4935 placet
2523 4878 2720 4916 vocare
2740 4863 3024 4928 virtutem,
3057 4863 3166 4917 nisi
3196 4865 3454 4919 habitum
3475 4865 3664 4936 ipsum

1972 4959 2028 5009 et
2052 4954 2213 5025 quasi
2270 4951 2542 5023 sapientis
2595 4951 2803 5005 anima:
2859 4953 3215 5023 qualitatem,
3275 4971 3404 5026 quze
3463 4954 3571 5007 nisi
3604 4954 3662 5006 in

1973 5044 2166 5098 anima
2195 5057 2315 5096 esse
2345 5056 2461 5095 non
2495 5045 2699 5111 potest,
2732 5046 2957 5112 oportet
3003 5047 3068 5096 ut
3111 5043 3325 5114 aliquid
3374 5043 3528 5097 aliud
3577 5059 3664 5096 se-

1478 5143 1755 5178 ADHONITIO
1786 5147 1859 5181 PP.
1891 5142 2342 5183 BKNEDICTINORUI.

222 5200 542 5263 Recognitus
559 5203 637 5248 est
654 5199 803 5260 (liber
815 5200 879 5248 de
895 5201 1126 5248 Moribus
1146 5199 1392 5263 Ecclesiae
1409 5199 1709 5261 Catholicae)
1730 5203 1794 5251 ad
1809 5205 1930 5254 Mss.
1956 5203 2286 5263 Vaticanum,
2307 5199 2544 5262 Regium,
2567 5199 2884 5249 Sorbonicos
2919 5205 3042 5260 tres,
3074 5202 3383 5250 Navarricos
3403 5201 3550 5257 duos,
3581 5201 3664 5249 \‘i-

155 5261 390 5314 ctorinos
421 5262 910 5326 totidem,etm_ajori
925 5267 1188 5326 conventu
1215 5261 1720 5326 Augustinianorum
1739 5267 2099 5318 l‘aris.unum.
2120 5261 2670 5326 adTheodericeusem
2687 5263 2901 5326 optimae
2920 5264 3150 5321 notae,ad
3175 5263 3662 5326 Gemmeticeusem,

158 5326 554 5390 Arnulfenseml
582 5324 995 5390 Cistercicnsem,
1027 5325 1567 5390 Regio-Montensem,
1589 5325 1928 5378 Vedastinum
1951 5345 1962 5390 ;
1994 5329 2060 5378 ad
2081 5325 2331 5375 lectiones
2354 5324 2680 5387 Belgicorum
2711 5324 2944 5390 quinque
2966 5341 2994 5375 a
3021 5328 3144 5376 Lov.
3169 5325 3410 5388 vulgatae
3432 5340 3444 5385 ;
3468 5325 3532 5374 ad
3555 5326 3664 5374 edi-

157 5390 330 5439 tiones
366 5387 485 5435 Bad.
518 5387 600 5436 Er.
635 5387 758 5435 Lov.
787 5390 840 5435 et
864 5387 928 5434 ad
959 5387 1303 5435 recentiorem
1331 5386 1565 5434 Arualdi.

256 5449 810 5539 Comparavimus
840 5461 1162 5537 praeierea
1212 5469 1322 5514 eas
1372 5471 1590 5515 omnes
1629 5449 1944 5520 editiones
1988 5449 2178 5519 initio
2229 5453 2801 5517 ltetractationum
2841 5460 2908 5516 et
2965 5452 3486 5517 Confessionum
3532 5473 3662 5517 me-

158 5551 482 5606 moratas.

227 5637 239 5668 ¹
274 5635 410 5685 Editi
439 5625 651 5700 Equos,
674 5633 864 5699 quibus
887 5636 1096 5700 praeest,
1127 5634 1235 5695 agit
1265 5645 1331 5688 ac
1356 5636 1513 5699 regit.
1547 5635 1834 5687 Duodecim
1863 5638 2008 5697 Mss.,
2039 5635 2156 5688 αια.
