4036 6182
400 338 533 390 1315

396 456 606 524 quatur
634 451 845 518 anima,
876 455 936 504 ut
965 451 1017 505 ei
1045 450 1224 506 virtus
1253 450 1434 522 possit
1461 447 1679 502 innasci
1711 463 1723 500 :
1749 447 1886 518 quia
1912 463 2099 518 neque

400 539 545 594 nihil
589 540 902 611 sequendo,
954 555 1142 610 neque
1184 538 1485 592 stultitiam
1541 536 1831 607 sequendo
1889 539 2095 607 potest,

397 631 676 698 quantum
708 627 855 682 ratio
885 644 1014 681 mea
1043 627 1169 688 fert,
1201 626 1271 680 ad
1303 624 1642 696 sapientiam
1670 624 1988 695 pervenire.

474 718 558 770 lO.
595 719 709 771 Hoc
738 716 913 787 igitur
941 715 1116 781 aliud,
1150 713 1299 786 quod
1331 713 1622 786 sequendo
1655 713 1845 768 anima
1871 712 2098 768 virtutis

405 809 578 876 atque
607 804 900 875 sapientiae
917 819 1152 874 compos
1169 803 1254 870 fit,
1287 807 1385 857 aut
1411 803 1586 857 homo
1617 802 1842 873 sapiens
1869 806 1972 868 est,
2002 806 2099 855 aut

407 896 575 948 Deus.
607 893 714 948 Sed
743 909 914 963 supra
937 892 1155 946 dictum
1182 897 1286 959 est,
1310 892 1420 946 tale
1452 891 1725 963 quiddam
1748 907 1868 945 esse
1891 891 2098 945 debere

404 982 553 1052 quod
583 981 746 1035 inviti
779 981 1041 1036 amittere
1074 997 1455 1052 nequeamus.
1499 980 1635 1045 Quis
1663 996 1797 1034 vero
1826 983 2099 1034 cunctan-

399 1071 537 1124 dum
565 1073 752 1140 putet,
782 1070 1075 1124 hominem
1128 1072 1468 1140 sapientem,
1500 1067 1547 1121 si
1594 1083 1726 1121 eum
1773 1066 1936 1137 sequi
1965 1066 2100 1120 satis

402 1157 819 1229 putaverimus,
852 1157 1065 1212 auferri
1109 1157 1274 1211 nobis
1315 1173 1434 1210 non
1485 1156 1655 1210 modo
1686 1156 2100 1224 recusantibus,

403 1247 499 1301 sed
529 1246 702 1301 etiam
745 1247 1202 1317 repugnantibus
1253 1262 1416 1316 posse
1436 1248 1465 1299 γ
1509 1246 1658 1300 Deus
1713 1245 1891 1315 igitur
1929 1248 2104 1298 restat

401 1351 572 1406 quem
604 1335 650 1388 si
673 1335 988 1406 sequimur,
1021 1335 1204 1400 bene;
1232 1334 1279 1387 si
1306 1333 1681 1405 assequimur,
1714 1349 1828 1387 non
1877 1337 2100 1387 tantum

405 1424 570 1490 bene,
625 1424 720 1478 sed
766 1423 938 1477 etiam
986 1423 1150 1477 beate
1193 1422 1456 1475 vivimus.
1510 1423 1690 1486 Quem
1737 1421 1785 1474 si
1831 1421 1929 1492 qui
1978 1437 2099 1476 esse

405 1516 641 1582 negant,
674 1511 813 1582 quid
846 1528 952 1582 ego
982 1511 1226 1580 cogitem
1257 1527 1373 1581 quo
1424 1509 1537 1563 illis
1568 1526 1828 1564 sermone
1859 1510 2101 1564 suaden-

408 1602 544 1656 dum
577 1601 667 1668 sit,
700 1616 828 1654 eum
862 1599 1069 1670 quibus
1099 1604 1295 1653 utrum
1327 1598 1562 1652 omnino
1600 1598 2101 1654 sermocinandum

404 1689 496 1753 sit,
552 1687 785 1742 nescio?
830 1688 988 1752 Quod
1036 1693 1227 1741 tamen
1276 1687 1324 1741 si
1371 1687 1674 1755 videbitur,
1728 1688 1898 1757 longe
1948 1687 2100 1742 aliud

403 1776 770 1847 principium,
806 1776 917 1830 alia
946 1776 1112 1843 ratio,
1144 1776 1290 1830 alius
1341 1775 1630 1846 ingressus
1663 1775 1948 1830 ineundus
1997 1780 2099 1842 est,

404 1881 576 1936 quam
610 1865 1128 1936 impraesentiarum
1160 1863 1529 1935 suscepimus.
1566 1865 1728 1918 Nunc
1758 1863 1949 1935 itaque
1971 1881 2101 1918 cum

402 1954 514 2007 illis
538 1953 681 2008 mihi
709 1970 800 2007 res
830 1958 935 2022 est,
969 1953 1068 2025 qui
1098 1955 1277 2007 Deum
1308 1969 1428 2007 esse
1461 1969 1581 2007 non
1618 1958 1833 2024 negant
1867 1970 1879 2008 ε
1913 1969 2101 2024 neque

402 2042 461 2096 id
486 2046 735 2110 tantum,
767 2042 860 2096 sed
893 2042 1064 2096 etiam
1097 2058 1214 2095 non
1243 2041 1313 2094 ab
1345 2058 1410 2095 eo
1440 2041 1655 2112 negligi
1687 2057 1777 2095 res
1822 2042 2102 2096 humanas

400 2131 672 2185 fatentur.
707 2131 940 2185 Nullum
985 2128 1140 2184 enim
1175 2128 1421 2184 arbitror
1442 2128 1634 2200 aliquo
1665 2128 1962 2198 religionis
1995 2145 2100 2184 no-

400 2219 556 2274 mine
585 2219 791 2281 teneri.
822 2218 922 2290 qui
970 2235 1086 2272 non
1127 2218 1327 2272 saltem
1384 2217 1592 2272 animis
1646 2216 1854 2271 nostris
1912 2217 2103 2272 divina

400 2307 761 2378 providentia
790 2306 1008 2360 consuli
1040 2306 1341 2360 existimet.

403 2395 628 2450 CAPUT
657 2395 772 2449 VII.
800 2424 870 2434 -—
915 2397 1051 2448 Deus
1107 2396 1429 2448 auctoritate
1473 2393 1887 2462 Scripturarum
1932 2396 2100 2449 vesti-

473 2480 709 2549 gandus.
771 2480 1096 2534 (Economiw
1146 2481 1345 2534 divinae
1401 2495 1530 2546 erga
1578 2485 1818 2534 nostram
1875 2482 2102 2535 salutem

472 2571 617 2623 ratio
649 2573 700 2622 et
721 2570 1002 2638 praecipua
1024 2571 1304 2637 mysteria.
1345 2569 1570 2622 Summa
1597 2567 1742 2636 ﬁdei.

477 2661 564 2713 Η.
597 2656 702 2712 Sed
735 2673 850 2727 quo
889 2660 1055 2726 pacto
1111 2656 1407 2727 sequimur
1436 2673 1608 2726 quem
1658 2672 1777 2710 non
1806 2656 2099 2722 videmus;

404 2749 503 2800 aut
531 2743 820 2816 quomodo
850 2743 1125 2810 videmus,
1160 2743 1260 2814 qui
1290 2760 1406 2797 non
1453 2745 1638 2797 solum
1684 2743 1968 2810 homines,
2003 2743 2098 2798 sed

403 2834 576 2889 etiam
623 2832 959 2904 insipientes
986 2833 1248 2888 homines
1281 2835 1525 2887 sumus?
1576 2834 1916 2903 Quanquam
1947 2832 2102 2886 enim

403 2940 515 2979 non
545 2922 748 2991 oculis,
777 2923 874 2977 sed
905 2927 1099 2977 mente
1150 2926 1436 2989 cernatur,
1487 2937 1617 2992 quae
1665 2921 1895 2975 tandem
1939 2937 2102 2974 mens

403 3013 610 3066 idonea
638 3010 1113 3081 reperiripotest,
1147 3027 1275 3082 qua:
1303 3026 1434 3065 cum
1465 3009 1723 3065 stultitim
1757 3010 1911 3064 nube
1941 3010 2102 3064 obte-

403 3105 591 3170 gatur,
622 3100 808 3153 valeat
836 3099 994 3154 illam
1025 3100 1211 3154 lucem
1239 3100 1329 3154 vel
1358 3099 1532 3154 etiam
1559 3103 1799 3153 conetur
1824 3098 2056 3152 haurire
2075 3099 2105 3152 ?

403 3186 867 3258 Confugiendum
907 3191 991 3240 est
1018 3186 1199 3257 igitur
1250 3188 1321 3242 ad
1370 3203 1571 3241 eorum
1599 3192 1908 3258 praacepta,
1959 3204 2104 3258 quos

403 3275 691 3346 sapientes
720 3275 895 3329 fuisse
923 3275 1224 3344 probabile
1272 3281 1374 3330 est.
1410 3277 1692 3330 Hactenus
1743 3275 1934 3346 potuit
1961 3276 2104 3331 ratio

402 3362 656 3434 perduci.
703 3363 1046 3417 Versabatur
1092 3379 1363 3434 namque,
1418 3381 1534 3418 non
1592 3364 1830 3419 veritate
1872 3364 2101 3432 certior,

403 3450 504 3506 sed
533 3449 944 3505 consuetudine
971 3451 1242 3520 securior,
1273 3452 1335 3506 in
1383 3452 1556 3507 rebus
1582 3453 1869 3508 humanis.
1905 3456 1980 3506 At
2004 3453 2105 3507 ubi

403 3541 475 3596 ad
506 3539 699 3594 divina
730 3543 1069 3611 perventum
1118 3544 1220 3607 est,
1275 3541 1480 3596 avertit
1519 3557 1640 3596 sese
1671 3560 1688 3595 :
1720 3541 1930 3595 intueri
1987 3557 2105 3596 non

402 3631 607 3698 potest,
641 3628 907 3699 palpitat,
939 3633 1164 3696 aestuat,
1216 3629 1397 3684 inhiat
1441 3646 1658 3696 amore,
1706 3631 2106 3686 reverberatur

403 3717 526 3773 luce
557 3718 832 3785 veritatis,
881 3723 936 3772 et
964 3718 1035 3773 ad
1065 3718 1516 3774 familiaritatem
1567 3721 1939 3774 tenebrarum
1969 3736 2107 3774 sua-

401 3820 553 3872 rum,
623 3821 740 3859 non
810 3806 1110 3872 electione,
1162 3807 1260 3861 sed
1327 3807 1663 3878 fatigatione
1732 3808 2101 3863 convertitur.

401 3891 583 3954 Quam
612 3893 706 3946 hic
733 3893 1163 3948 formidandum
1215 3900 1319 3958 est,
1365 3913 1540 3966 quam
1593 3897 1982 3963 tremendum,
2034 3913 2105 3951 ne

403 3980 685 4049 majorem
711 3980 843 4035 inde
892 3981 1175 4051 concipiat
1229 3984 1422 4037 anima
1477 3983 1952 4051 imbecillitatem,
2007 3985 2108 4040 ubi

402 4067 658 4137 quietem
686 4067 832 4122 fessa
882 4068 1190 4138 conquirit.
1225 4071 1371 4141 Ergo
1423 4070 1687 4142 refugere
1718 4072 1779 4126 in
1805 4073 2108 4127 tenebrosa

403 4155 769 4224 cupientibus
797 4173 903 4227 per
930 4157 1418 4227 dispensationem
1446 4159 1751 4215 ineifabilis
1781 4161 2104 4232 Sapientiae,

404 4244 572 4298 nobis
599 4243 700 4299 illa
728 4245 978 4316 opacitas
992 4247 1346 4302 auctoritatis
1371 4255 1649 4316 occurrat,
1671 4255 1727 4305 et
1745 4251 2106 4306 mirabilibus

399 4349 616 4400 rerum,
647 4334 994 4406 vocibusque
1026 4335 1304 4390 librorum
1330 4338 1507 4392 veluti
1533 4339 1713 4411 signis
1741 4339 2108 4410 temperatio-

399 4421 560 4475 ribus
583 4422 856 4493 veritatis,
883 4424 1218 4496 umbrisque
1250 4425 1597 4484 blandiatur.

479 4512 564 4564 t2.
595 4509 744 4574 Quid
769 4512 959 4582 potuit
999 4529 1106 4584 pro
1156 4515 1338 4569 salute
1388 4520 1585 4571 nostra
1612 4516 1758 4584 [ﬁeri
1807 4517 2107 4588 amplius?

402 4597 553 4660 Quid
580 4599 1013 4670 beneﬁcentius,
1046 4603 1187 4674 quid
1210 4603 1504 4659 liberalius
1532 4605 1726 4660 divina
1751 4606 2109 4676 providentia

404 4685 515 4740 dici
541 4691 750 4756 potest,
781 4707 912 4760 qua:
940 4708 975 4746 a
1002 4692 1224 4763 legibus
1273 4694 1392 4748 suis
1429 4694 1724 4748 hominem
1759 4695 2007 4765 lapsum,
2052 4700 2110 4750 et

401 4777 640 4844 propter
671 4777 1044 4846 cupiditatem
1073 4797 1268 4836 rerum
1298 4782 1629 4837 mortalium
1645 4783 1778 4853 jure
1808 4799 1872 4836 ac
1904 4783 2108 4838 merito

402 4863 704 4917 mortalem
741 4863 992 4921 sobolem
1046 4874 1478 4940 propagantem,
1511 4886 1631 4924 non
1663 4871 1898 4925 omnino
1953 4871 2111 4927 dese-

402 4952 569 5006 ruit?
597 4952 777 5007 Habet
804 4953 958 5008 enim
986 4960 1237 5025 potestas
1257 4957 1356 5012 illa
1378 4958 1716 5029 justissima,
1748 4957 1911 5012 miris
1940 4963 1998 5013 et
2017 4958 2106 5013 in-

403 5041 1019 5113 comprehensibilibus
1047 5045 1248 5113 modis,
1273 5062 1378 5116 per
1399 5047 1680 5118 quasdam
1701 5046 2108 5102 secretissimas

297 5148 300 5152 '
403 5131 787 5186 successiones
815 5146 1010 5185 rerum
1056 5132 1164 5186 sibi
1209 5134 1580 5190 servientium
1629 5153 1771 5206 quas
1800 5137 2010 5191 creavit
2052 5141 2110 5190 et

402 5219 762 5275 severitatem
791 5219 1138 5286 vindicandi,
1158 5224 1215 5275 et
1240 5223 1604 5278 clementiam
1621 5224 1922 5280 liberandi.
1945 5225 2108 5295 Quod

403 5308 638 5378 quidem
670 5325 844 5381 quam
857 5308 927 5366 sit
940 5309 1461 5383 pulchrumﬁquam
1481 5329 1778 5385 magnum,
1795 5330 1968 5385 quam
1991 5315 2105 5370 Deo

402 5396 666 5468 dignum,
698 5416 873 5471 quam
901 5404 1194 5472 postremo
1206 5400 1268 5455 id
1299 5403 1450 5472 quod
1469 5403 1750 5474 quaeritur
1771 5419 2107 5468 verum,ne-

402 5502 693 5558 quaquam
725 5488 1047 5561 intelligere
1077 5489 1415 5561 poterimus,
1447 5491 1560 5545 nisi
1607 5492 1677 5546 ab
1729 5492 1996 5546 humanis
2048 5496 2106 5547 et.

404 5575 680 5642 proximis
711 5577 1250 5648 incipientes,~verte
1279 5577 1578 5649 religionis
1610 5579 1741 5646 ﬁde,
1769 5579 2100 5649 praeceptis-

1225 332 1317 387 DE
1358 311 1670 387 MORIBUS
1709 329 2071 385 ECCLESlz’E
2110 328 2550 395 CATIIOLICZE,
2594 330 2650 386 s.
2693 329 3077 388 AUGUSTINI
3721 345 3814 396 43m

2210 464 2322 520 que
2352 449 2609 519 servatis,
2678 465 2798 505 non
2841 450 3264 506 deseruerimus
3307 452 3457 508 viam
3506 471 3660 526 quam
3704 462 3817 516 nobis

2210 539 2381 606 Deus,
2442 542 2498 592 et
2524 539 2980 594 Patriarcharum
3028 542 3443 612 segregatione,
3487 548 3540 598 et
3575 545 3712 617 Legis
3732 551 3816 604 vin.

2210 626 2357 694 culo,
2387 629 2445 680 et
2473 627 2889 698 Prophetarum
2928 629 3228 700 praesagio,
3291 633 3348 684 et
3375 634 3606 702 suscepti
3632 636 3818 692 Hominis

2210 719 2586 778 sacramento,
2617 719 2674 769 et
2701 717 3104 787 Apostolorum
3135 717 3480 786 testimonio,
3511 725 3564 774 et
3588 722 3818 794 Martyrum

2211 802 2509 873 sanguine,
2557 807 2613 858 et
2664 805 2930 860 Gentium
2987 807 3358 878 occupatione
3403 809 3650 866 munivit.
3686 812 3816 876 Quare

2210 892 2475 963 deinceps
2504 909 2676 947 nemo
2706 909 2774 948 ex
2805 910 2898 949 me
2934 899 3157 964 quaerat
3185 897 3520 951 sententiam
3548 914 3725 965 meam,
3757 903 3818 955 sed

2208 980 2398 1051 potius
2429 981 2729 1036 audiamus
2755 984 3003 1050 oracula,
3033 989 3369 1057 nostrasque
3398 985 3711 1042 ratiunculas
3727 990 3819 1044 divi-

2210 1068 2298 1122 nis
2327 1070 2730 1126 submittamus
2762 1071 3042 1126 affatibus.

2213 1159 2435 1214 CAPUT
2486 1161 2626 1214 Vlll.
2656 1190 2724 1200 —
2754 1161 2902 1215 Deus
2959 1177 3224 1234 summum
3281 1162 3493 1230 bonum,
3545 1179 3638 1234 quo
3681 1180 3820 1221 summa

2706 1247 2886 1285 amore
2902 1233 3113 1286 tendere
3133 1233 3407 1301 jubemur.

2285 1321 2368 1372 13.
2420 1318 2724 1373 Videamus
2775 1319 3260 1390 quemadmodum
3328 1321 3447 1391 ipse
3505 1321 3740 1377 Dominus
3761 1324 3813 1378 in-

2215 1406 2520 1477 Evangelio
2551 1408 2717 1461 nobis
2740 1409 3080 1478 praeceperit
3105 1425 3227 1463 esse
3246 1410 3546 1465 vivendum
3571 1429 3582 1478 ;
3609 1415 3818 1482 quomodo

2212 1494 2384 1549 etiam
2414 1496 2621 1550 Paulus
2655 1497 2944 1567 apostolus
2979 1513 2990 1551 :
3024 1497 3126 1551 has
3157 1497 3310 1551 enim
3328 1498 3816 1568 Scripturasillicon-

2212 1584 2484 1638 demnare
2511 1601 2626 1638 non
2653 1585 2896 1655 laudent.
2946 1585 3262 1640 Audiamus
3313 1603 3450 1658 ergo
3505 1604 3657 1658 quem
3703 1589 3817 1642 ﬁnem

2211 1672 2494 1726 bonorum
2529 1672 2715 1740 nobis,
2749 1673 2990 1740 Christe,
3021 1674 3355 1744 praescribas
3381 1691 3394 1740 ;
3427 1691 3528 1730 nec
3553 1676 3746 1730 dubium
3769 1684 3820 1729 est

2213 1764 2354 1837 quin
2383 1765 2430 1819 is
2459 1765 2567 1820 erit
2596 1765 2746 1830 ﬁnis,
2781 1783 2896 1837 quo
2935 1784 3038 1820 nos
3071 1783 3297 1822 summo
3331 1785 3521 1823 amore
3551 1769 3741 1823 tendere
3758 1771 3818 1838 ju-

2210 1854 2312 1908 bes
2341 1872 2357 1908 :
2393 1856 2600 1921 Diliges
2640 1855 2849 1926 inquit,
2893 1857 3188 1909 Dominum
3219 1858 3386 1910 Deum
3417 1862 3578 1911 tuum.
3629 1857 3708 1911 Dic
3728 1858 3818 1910 mihi

2214 1943 2409 2010 etiam,
2438 1959 2631 2013 quaeso
2666 1942 2941 2014 te,quisit
2968 1943 3469 2015 diligendimodus
3492 1962 3504 2000 :
3531 1962 3702 2000 vereor
3717 1947 3818 2000 enim

2215 2045 2286 2084 ne
2317 2031 2447 2100 plus
2483 2031 2742 2085 minusve
2775 2047 2950 2102 quam
2985 2037 3228 2103 oportet,
3261 2032 3581 2088 inﬂammer
3621 2035 3820 2088 desiderio

2211 2123 2267 2174 et
2302 2135 2499 2173 amore
2535 2119 2772 2176 Domini
2802 2121 2938 2175 mei.
2968 2124 3057 2175 Ea:
3081 2121 3435 2192 toto,inquit,
3471 2121 3615 2176 corde
3641 2126 3724 2176 tuo.
3744 2122 3822 2174 Non

2215 2212 2298 2262 est
2330 2209 2484 2262 satis.
2516 2211 2605 2263 Em
2645 2213 2756 2264 tota
2785 2213 2970 2263 anima
2997 2214 3111 2266 tua.
3158 2211 3237 2264 Ne
3291 2210 3348 2264 id
3380 2210 3600 2282 quidem
3627 2210 3732 2263 satis
3754 2215 3817 2262 est.

2215 2300 2302 2351 Ea:
2332 2303 2455 2353 tota
2484 2303 2659 2353 mente
2685 2302 2780 2352 tua
2812 2341 2825 2352 .
2859 2298 3080 2369 (Matth.
3145 2315 3286 2368 xxu,
3320 2299 3433 2369 37).
3479 2298 3611 2363 Quid
3653 2298 3717 2352 vis
3743 2313 3820 2351 am-

2215 2385 2408 2456 plius?
2450 2386 2665 2440 Vellem
2728 2386 2988 2454 fortasse,
3047 2386 3094 2440 si
3124 2387 3380 2442 viderem
3415 2388 3545 2460 quid
3575 2391 3730 2458 posset
3746 2402 3820 2440 esse

2215 2475 2482 2546 amplius.
2505 2475 2648 2540 Quid
2668 2475 2736 2528 ad
2749 2476 2872 2530 haec
2897 2476 3142 2530 Paulus?
3165 2478 3400 2546 Scimus,
3425 2476 3619 2548 inquit,
3638 2477 3816 2544 quoniam

2215 2564 2566 2631 diligentibus
2598 2567 2763 2618 Deum
2792 2567 2971 2619 omnia
2995 2565 3299 2634 procedunt
3331 2566 3406 2634 (a)
3436 2568 3493 2619 in
3514 2565 3694 2619 bonum.
3718 2564 3818 2616 Dicat

2212 2653 2385 2707 etiam
2411 2652 2532 2722 ipse
2562 2652 2884 2707 dilectionis
2913 2654 3168 2708 modum.
3229 2654 3364 2720 Quis
3394 2669 3530 2720 ergo.
3563 2653 3729 2722 inquit,
3761 2664 3818 2700 nas

2214 2742 2490 2812 separabit
2518 2759 2552 2796 a
2580 2743 2851 2796 charitate
2880 2744 3125 2798 Christi?
3159 2742 3505 2798 Tribulatio?
3523 2758 3586 2795 an
3612 2740 3817 2808 angustia?

2213 2847 2285 2886 an
2304 2833 2605 2901 persecutio
2625 2831 2654 2886 ?
2689 2848 2761 2885 an
2791 2833 2966 2897 fames
2984 2831 3012 2886 ἲ)
3062 2847 3135 2885 an
3166 2831 3396 2886 nuditas
3418 2834 3446 2886 ?
3473 2847 3540 2885 an
3560 2826 3818 2901 periurium?

2214 2937 2286 2974 an
2342 2919 2614 2986 gladius?
2659 2922 2826 2989 (Rom.
2869 2936 2988 2986 Vlll,
3044 2919 3156 2989 28).
3211 2921 3546 2975 Audivimus
3594 2912 3706 2990 quid
3742 2914 3818 2969 dili-

2215 3025 2370 3081 gere,
2393 3014 2451 3063 et
2479 3013 2757 3080 quantum
2784 3008 3020 3080 diligere
3070 3009 3388 3064 debeamus
3414 3026 3520 3082 :_eo
3549 3013 3621 3062 est
3659 3004 3816 3060 omnino

2215 3099 2587 3165 tendendum,
2621 3097 2688 3152 ad
2728 3096 2786 3152 id
2835 3097 3030 3151 omnia
3072 3097 3316 3152 consilia
3360 3103 3550 3153 nostra
3588 3093 3814 3150 referenda.

2217 3189 2506 3242 Bonorum
2537 3203 2781 3252 summa,
2815 3188 2963 3241 Deus
2983 3185 3145 3240 nobis
3167 3191 3268 3242 est.
3289 3187 3440 3242 Deus
3463 3192 3543 3242 est
3568 3184 3700 3240 nobis
3717 3195 3814 3236 sum-

2216 3293 2375 3331 mum
2398 3277 2636 3331 bonum.
2674 3277 2869 3346 Neque
2891 3275 3039 3330 infra
3061 3277 3483 3331 remanendum
3503 3274 3647 3330 nobis
3674 3276 3814 3336 est,ne-

2217 3383 2329 3438 que
2373 3366 2523 3420 ultra
2553 3365 2931 3436 quaerendum
2963 3383 2979 3419 :
3017 3365 3261 3420 alterum
3294 3366 3452 3420 enim
3508 3361 3813 3436 periculosum.

2217 3456 2462 3510 alterum
2492 3455 2719 3508 nullum
2745 3457 2847 3508 est.

2216 3545 2442 3600 CAPUT
2493 3544 2579 3597 IX.
2638 3572 2710 3582 —
2739 3543 3030 3599 Concentus
3073 3544 3281 3599 Veteris
3334 3548 3386 3598 et
3412 3545 3548 3600 Novi
3581 3535 3814 3595 Testamcuti

2709 3632 2774 3685 de
2794 3633 3081 3701 praeceptis
3112 3633 3428 3687 charitatis.

2293 3724 2376 3777 14.
2409 3724 2549 3792 Age,
2571 3719 3165 3790 nuncinvestigemus,
3196 3721 3282 3774 vel
3318 3719 3504 3792 potius
3533 3715 3811 3772 attendamus.

2215 3814 2421 3882 praesto
2449 3809 2604 3864 enim
2625 3813 2710 3863 est
2722 3813 2778 3863 et
2795 3807 3063 3862 facillime
3099 3807 3350 3878 videtur,
3374 3813 3559 3862 utrum
3584 3804 3803 3859 hissenten

2213 3899 2310 3953 tiis
2338 3914 2406 3953 ex
2435 3896 2738 3968 Evangelio
2783 3900 2952 3966 atque
2999 3896 3268 3966 Apostolo
3312 3895 3560 3967 prolatis,
3607 3893 3739 3947 etiam
3757 3887 3814 3938 Τθο

2219 3986 2486 4041 stamenti
2514 3984 2729 4039 Veteris
2754 3984 3055 4039 auctoritas
3101 3989 3400 4056 congruat.
3442 3982 3580 4048 Quid
3617 3981 3754 4035 dicam
3774 3971 3813 4024 de

2219 4069 2512 4141 superiore
2549 4067 2849 4136 sententia,
2897 4083 3027 4121 cum
3085 4067 3459 4122 manifestum
3506 4067 3570 4120 sit
3619 4060 3814 4118 omnibus.

2219 4175 2346 4213 eam
2375 4159 2445 4214 de
2468 4158 2594 4228 lege
2625 4172 2753 4228 qua:
2782 4171 2886 4226 per
2910 4157 3139 4226 Moysen
3196 4155 3332 4210 data
3377 4159 3478 4221 est,
3509 4169 3616 4207 esse
3640 4150 3814 4217 deprom'

2217 4253 2378 4319 ptam
2397 4248 2424 4302 ‘I
2455 4246 2539 4300 lbi
2571 4245 2726 4300 enim
2756 4243 3032 4314 scriptum
3060 4248 3166 4314 est,
3195 4245 3404 4314 Diliges
3436 4243 3693 4298 Dominum
3715 4238 3815 4289 Deum

2220 4344 2392 4404 tuum,
2426 4352 2494 4390 em
2531 4339 2638 4390 toto
2666 4333 2822 4388 corde
2852 4338 2961 4399 tuo,
2983 4337 3035 4387 et
3057 4349 3125 4387 em
3153 4337 3267 4388 tota
3295 4336 3480 4387 anima
3508 4335 3609 4395 tua,
3633 4331 3732 4380 etes
3750 4323 3814 4404 tota

2218 4403 2391 4482 mente
2447 4429 2542 4478 tua
2598 4425 2775 4493 (Deut.
2834 4439 2908 4485 v1,
2959 4422 3030 4490 5).
3086 4421 3234 4486 Quid
3281 4426 3476 4476 autem
3509 4417 3587 4472 illi
3621 4410 3739 4485 quod
3775 4403 3815 4457 ab

2219 4514 2485 4586 Apostolo
2514 4512 2728 4567 dictum
2756 4515 2842 4566 est
2869 4525 3204 4580 comparare
3235 4509 3305 4564 de
3341 4507 3519 4563 Veteri
3557 4496 3815 4588 Testamein
3902 4519 3903 4522 η

2218 4605 2452 4676 possim,
2483 4618 2556 4655 ne
2579 4601 2796 4656 diutius
2826 4615 3146 4671 quaererem
3166 4599 3290 4669 ipse
3314 4595 3567 4668 subjecit.
3588 4593 3702 4648 Cum
3719 4593 3815 4639 emm

2220 4692 2454 4747 dixisset
2485 4690 2645 4745 nulla
2671 4688 3064 4755 tribulatione,
3099 4688 3260 4742 nulla
3284 4685 3566 4757 angustia,
3601 4677 3728 4734 nulla
3741 4683 3816 4757 per

2222 4781 2537 4848 secutione,
2568 4778 2730 4833 nulla
2761 4777 3095 4832 necessitate
3138 4776 3353 4847 inopize
3383 4768 3688 4844 corporalis,
3715 4756 3816 4816 nullo

2220 4869 2498 4942 periculo,
2527 4869 2687 4922 nullo
2742 4866 2933 4935 gladio
2977 4882 3081 4922 nos
3124 4881 3158 4919 a
3209 4865 3482 4919 charitate
3522 4853 3699 4916 Christi
3720 4859 3817 4916 sepa'

2220 4959 2371 5028 rari;
2403 4959 2593 5013 statim
2622 4955 2916 5028 subjunxit
2945 4971 2959 5010 :
2988 4956 3142 5011 Sicut
3179 4953 3450 5025 scriptum
3478 4956 3569 5016 est,
3609 4944 3819 5036 Quia

2215 5055 2340 5119 pter
2370 5054 2418 5103 te
2442 5047 2726 5118 efﬁcimur
2751 5050 2864 5101 tota
2888 5045 2997 5113 die,
3018 5046 3476 5100 zstimatisumus
3498 5044 3663 5094 μέθυσε
3679 5036 3819 5119 acati?

2219 5115 2304 5192 eis
2337 5115 2514 5204 (Romi
2543 5153 2660 5202 vm,
2695 5137 2797 5200 38;
2857 5135 3004 5189 Psaz.
3054 5150 3207 5200 mu,
3246 5135 3358 5195 22).
3392 5132 3516 5184 Haec
3545 5124 3618 5179 illi
3642 5115 3818 5174 solenta

2216 5224 2654 5294 'corruptoribus
2666 5221 3361 5294 Scripturarumimmissa
3379 5235 3494 5272 esse
3511 5215 3689 5272 dicere,
3703 5209 3818 5297 ugqnf

2226 5314 2369 5368 adeo
2395 5312 2541 5367 nihil
2571 5311 2784 5366 habent
2829 5311 2984 5381 quod
3029 5307 3442 5371 contradicant,
3475 5306 3538 5357 ut
3562 5299 3665 5353 haec
3689 5295 3818 5383 mist”

2226 5401 2570 5472 respondere
2595 5376 2895 5470 cogantur.
2927 5398 3035 5452 Sed
3055 5396 3184 5467 quis
3199 5410 3316 5450 non
3333 5390 3602 5487 intelligat
3626 5376 3819 5488 convicit;

2225 5505 2354 5543 rum
2383 5487 2685 5542 hominum
2698 5487 2869 5541 aliam
2882 5502 3000 5541 non
3012 5501 3132 5539 esse
3145 5483 3397 5555 potuisse
3417 5477 3654 5534 ultimam
3665 5473 3811 5521 vocem:

2289 5583 2360 5646 (a)
2398 5585 2496 5633 Pro
2525 5585 2787 5646 sunerget,
2818 5583 3008 5645 legisse
3033 5582 3243 5631 videtur
3267 5576 3549 5630 sunchom'.
