4036 6182
184 234 296 285 1317

1639 230 1850 287 LIBER
1890 229 2177 286 PRIMUS.

3526 239 3658 291 1318

246 355 318 405 15.
348 353 394 405 Α
423 350 629 422 quibus
649 353 841 404 tamen
864 366 1081 421 quaero,
1105 354 1298 406 utrum
1322 351 1485 406 istam
1508 354 1846 407 sententiam
1958 362 2200 423 rumque
2228 351 2528 405 hominum
2574 352 2957 422 sermonibus,
3001 370 3104 426 per
3132 371 3277 426 quos
3303 356 3379 426 {in
3414 359 3658 413 Ecclesia

184 439 233 493 in
261 438 436 494 Veteri
468 439 829 493 Testamento
860 455 979 493 esse
1012 444 1245 509 negent,
1286 457 1355 494 an
1390 456 1507 495 non
1537 456 1851 510 congruere

181 527 453 582 sententiae
490 527 814 597 apostolica:
855 528 1180 583 afﬁrment?
1211 533 1282 582 At
1318 529 1458 582 illud
1502 531 1754 599 primum
1783 528 1851 583 li-

176 616 279 670 bris
308 616 557 670 docebo:
590 617 649 669 in
680 617 787 670 hoc
826 620 1015 670 autem
1055 618 1233 670 altero
1264 618 1704 689 tergiversantes
1742 618 1853 671 ho—

178 706 358 772 mines,
401 709 458 757 et
484 720 588 773 per
622 704 863 776 abrupta
899 704 1200 776 fugientes,
1234 711 1332 759 aut
1365 706 1423 759 in
1462 723 1660 777 pacem
1688 722 1851 759 revo-

176 794 315 858 cabo,
339 792 385 845 si
405 792 688 847 voluerint
709 792 987 864 respicere
1010 794 1392 864 aliquantum,
1418 800 1475 848 et
1494 795 1852 849 considerare

174 882 294 952 quid
322 880 533 935 dictum
563 880 665 947 sit;
698 886 795 935 aut
828 898 924 935 eos
958 882 1335 953 intelligentia
1363 888 1721 947 casterorum,
1754 883 1853 953 qui

176 970 282 1023 sine
311 969 614 1041 cupiditate
633 970 910 1039 judicant,
943 970 1282 1025 iusectabor.
1310 972 1453 1036 Quid
1481 972 1634 1025 enim
1666 974 1854 1042 potest

176 1056 393 1110 amicius
421 1072 595 1128 quam
616 1057 739 1111 istas
759 1057 866 1111 sibi
887 1074 1202 1112 consonare
1223 1059 1562 1113 sententiae?
1584 1060 1723 1113 Nam
1750 1059 1850 1112 tri-

174 1146 390 1207 bulatio,
425 1146 708 1215 angustia,
742 1147 1077 1217 persecutio,
1112 1147 1312 1214 fames,
1345 1149 1595 1217 nuditas,
1626 1147 1850 1219 pericu-

174 1236 300 1302 lum,
364 1234 658 1287 hominem
714 1234 776 1287 in
840 1235 947 1288 hac
1000 1236 1113 1289 vita
1170 1236 1540 1290 constitutum
1608 1236 1853 1306 graviter

175 1322 427 1376 afﬁciunt.
458 1324 581 1375 Haac
600 1322 793 1393 itaque
821 1324 1016 1378 omnia
1044 1325 1217 1378 verba
1245 1325 1341 1378 ill'o
1361 1342 1479 1379 uno
1509 1326 1852 1378 concludun-

174 1416 257 1464 tur
281 1410 605 1465 testimonio
636 1411 841 1465 veteris
885 1412 1069 1481 Legis,
1102 1429 1215 1483 quo
1246 1414 1458 1467 dictum
1492 1418 1597 1479 est,
1629 1416 1853 1481 Propter

171 1504 216 1552 te
241 1502 522 1568 efﬁcimur.
567 1500 797 1554 Gladius
840 1500 1111 1563 restabat,
1156 1501 1254 1572 qui
1304 1518 1417 1555 non
1466 1517 1849 1556 rerumnosam

170 1588 325 1641 vitam
359 1588 539 1654 aﬁ‘ert,
581 1589 676 1642 sed
721 1605 892 1659 quam
931 1588 1214 1643 invenerit
1259 1589 1479 1644 adimit.
1528 1590 1667 1643 Huic
1714 1606 1850 1660 ergo

170 1676 476 1745 respondet,
506 1678 783 1730 Estimati
805 1691 990 1730 sumus
1024 1682 1083 1730 ut
1114 1693 1232 1731 oves
1263 1681 1559 1732 occisionis.
1595 1677 1851 1731 Charitas

168 1780 288 1817 vero
315 1764 437 1833 ipsa
467 1780 583 1818 non
614 1764 802 1835 potuit
821 1764 1134 1834 signiﬁcari
1161 1767 1505 1836 expressius,
1535 1782 1707 1836 quam
1736 1782 1849 1836 quo

168 1852 365 1907 dictum
397 1857 498 1915 est,
524 1856 749 1921 Propter
780 1858 845 1907 te.
874 1855 979 1907 Fac
1005 1869 1139 1925 ergo
1166 1870 1279 1908 non
1309 1855 1366 1907 in
1396 1855 1570 1909 Paulo
1594 1855 1849 1925 apostolo

167 1946 509 2012 compertum
543 1942 693 1996 istud
729 1942 1146 2008 testimonium,
1181 1943 1277 1997 sed
1320 1960 1352 1996 a
1380 1960 1470 1997 me
1501 1960 1621 1997 esse
1661 1943 1849 2014 prola-

166 2034 298 2083 tum.
324 2029 746 2099 Numquidnam
767 2030 1406 2100 tibi,demonstrandum
1436 2034 1537 2095 est,
1561 2030 1850 2093 haeretica,

167 2117 271 2171 nisi
297 2122 393 2173 aut
422 2118 697 2187 scriptum
727 2117 788 2171 in
830 2122 1017 2171 vetere
1052 2120 1197 2188 Lege
1228 2135 1347 2172 non
1377 2134 1518 2179 esse,
1569 2123 1668 2172 aut
1698 2120 1849 2189 Apo-

165 2207 298 2259 stolo
336 2223 449 2260 non
490 2205 832 2260 convenire?
882 2206 1138 2270 Quorum
1177 2207 1223 2260 si
1254 2207 1397 2261 nihil
1446 2207 1633 2261 dicere
1678 2207 1852 2261 audes

164 2293 398 2362 (urgeris
433 2294 587 2348 enim
618 2310 746 2347 cum
777 2298 832 2348 et
860 2294 1029 2348 codex
1071 2293 1302 2365 legitur,
1346 2310 1461 2366 quo
1497 2294 1737 2365 planum
1779 2294 1853 2349 sit

162 2382 428 2453 scriptum
476 2399 617 2449 esse,
675 2386 731 2436 et
776 2382 1040 2436 homines
1086 2382 1423 2453 intelligunt
1474 2384 1545 2437 ad
1594 2383 1650 2437 id
1702 2383 1853 2453 quod

160 2472 451 2541 Apostolus
499 2470 658 2537 dixit,
709 2470 851 2524 nihil
896 2487 1061 2541 posse
1110 2471 1297 2543 aptius
1348 2471 1696 2543 convenire),
1753 2488 1853 2525 cur

161 2570 294 2624 ergo
320 2554 505 2607 valere
536 2553 755 2624 aliquid
793 2559 980 2624 putas,
1014 2556 1164 2625 quod
1200 2555 1519 2625 Scripturas
1556 2560 1852 2626 corruptas

159 2658 279 2697 esse
326 2642 659 2696 insimulare
704 2644 917 2697 audes?
962 2645 1255 2698 Postremo
1297 2644 1434 2715 quid
1474 2660 1852 2714 responsurus

156 2750 218 2786 es
249 2733 297 2785 ei
328 2731 426 2803 qui
456 2732 561 2785 tibi
591 2731 772 2786 dicat:
809 2733 920 2801 Ego
946 2731 1025 2785 sic
1049 2732 1326 2802 intelligo,
1358 2734 1472 2803 Ego
1503 2733 1581 2786 sic
1610 2731 1848 2801 accipio,

158 2821 242 2874 sic
271 2821 468 2886 credo;
498 2837 601 2873 nec
630 2820 702 2874 ob
748 2820 901 2874 aliud
934 2821 1060 2890 lego
1106 2821 1234 2873 illos
1283 2821 1500 2886 Libros,
1551 2820 1660 2873 nisi
1699 2820 1851 2891 quod

151 2908 235 2963 ibi
265 2908 454 2962 omnia
490 2908 813 2963 christianze
842 2908 976 2962 ﬁdei
1006 2907 1307 2961 concinere
1336 2908 1521 2962 video.
1556 2907 1702 2961 Illud
1747 2923 1850 2977 po-

152 2998 271 3051 tius
299 2997 406 3063 dic,
440 2997 487 3051 si
517 2997 690 3051 audes
721 3000 777 3050 et
820 2997 1084 3050 adversus
1119 3011 1211 3049 me
1242 2996 1429 3049 dicere
1464 2995 1696 3065 cogitas,
1733 3011 1853 3049 non

152 3101 278 3139 csse
322 3086 670 3140 credendum
725 3085 882 3156 quod
926 3085 1181 3154 Apostoli
1222 3089 1278 3138 et
1314 3090 1590 3155 martyres
1621 3088 1853 3154 pr0pter

152 3173 441 3229 Christum
472 3174 658 3228 aﬁ‘ecti
697 3174 961 3244 gravibus
1005 3172 1277 3226 aerumnis
1320 3173 1606 3239 dicuntur,
1639 3173 1790 3244 quod
1822 3190 1854 3226 a

148 3263 613 3333 persecutoribus
636 3267 702 3317 ut
741 3279 874 3316 oves
902 3261 1198 3315 occisionis
1221 3262 1487 3315 aestimati
1508 3268 1656 3317 sunt.
1692 3264 1851 3327 Quod

145 3352 200 3405 si
231 3367 348 3405 non
373 3355 536 3421 potes
565 3350 772 3419 dicere,
796 3350 934 3421 quid
961 3350 1330 3403 calumniaris
1355 3350 1412 3403 in
1446 3367 1559 3420 quo
1588 3352 1734 3405 libro
1765 3352 1851 3406 in-

144 3439 379 3493 veniam
408 3438 452 3507 ¹,
482 3439 637 3510 quod
663 3454 754 3491 me
786 3441 1050 3507 oportere
1080 3439 1307 3491 credere
1340 3438 1622 3491 conﬁteris
1650 3437 1766 3507 (a')?

142 3547 381 3601 CAPUT
420 3547 481 3600 X.
527 3576 595 3583 —
638 3548 711 3599 De
758 3547 861 3597 Deo
908 3544 1041 3611 quid
1084 3544 1268 3598 doceat
1318 3546 1572 3599 Ecclesia.
1615 3549 1731 3599 Duo
1776 3546 1859 3599 du‘

782 3632 1217 3686 Manichaeorum.

224 3742 313 3793 16.
348 3742 432 3792 An
463 3737 604 3792 illud
635 3737 794 3804 dicis,
829 3738 1135 3792 concedere
1166 3743 1219 3792 te
1251 3738 1486 3810 quidem
1522 3739 1699 3791 Deum
1734 3754 1855 3791 esse

136 3828 534 3899 diligendum,
574 3828 671 3882 sed
703 3844 819 3881 non
848 3828 1011 3881 illum
1040 3829 1218 3881 Deum
1248 3843 1421 3899 quem
1458 3827 1656 3881 colunt
1684 3825 1726 3879 ii
1756 3826 1855 3897 qui

132 3918 499 3973 Testamenti
532 3917 744 3971 Veteris
779 3918 1175 3972 auctoritatem
1207 3917 1533 3987 recipiunt?
1564 3917 1687 3970 Non
1717 3931 1853 3985 ergo

135 4007 318 4060 illum
352 4007 530 4059 Deum
562 4006 870 4060 colendum
899 4022 1019 4060 esse
1050 4006 1254 4074 dicitis,
1289 4006 1387 4076 qui
1407 4005 1540 4059 fecit
1566 4006 1771 4059 cmlum
1800 4009 1857 4059 et

132 4100 388 4149 terram.
422 4095 528 4147 Iste
560 4110 809 4165 namque
846 4111 951 4163 per
979 4111 1177 4147 omnes
1209 4099 1399 4165 partes
1432 4093 1665 4147 illorum
1696 4095 1854 4147 volu-

134 4185 380 4241 minum
419 4185 797 4255 przedicatur:
833 4201 931 4238 vos
979 4188 1170 4238 autem
1218 4183 1480 4237 fatemini
1524 4183 1855 4238 universum

132 4276 329 4329 istum
361 4274 659 4340 mundum,
684 4272 783 4343 qui
808 4273 1042 4326 nomine
1065 4272 1191 4327 cceli
1213 4277 1267 4325 et
1292 4276 1459 4325 terrai
1482 4270 1851 4342 signiﬁcatur,

128 4362 368 4417 habere
396 4366 684 4415 auctorem
715 4366 770 4414 et
798 4360 1197 4414 fabricatorem
1228 4362 1423 4421 Deum,
1457 4364 1510 4414 et
1546 4362 1722 4413 Deum
1752 4360 1854 4413 bo-

128 4466 316 4506 num.
346 4450 486 4504 Cum
531 4450 861 4519 exceptione
908 4448 1119 4519 quippe
1167 4448 1464 4502 vobiscum
1500 4449 1854 4519 loquendum

125 4543 251 4599 est,
290 4539 523 4608 quando
557 4539 704 4592 Deus
732 4536 1081 4591 nominatur.
1117 4521 1268 4590 Duos
1298 4537 1450 4590 enim
1485 4536 1639 4604 deos,
1670 4553 1855 4591 unum

121 4630 393 4693 bonum,
427 4627 669 4681 alterum
701 4627 915 4679 malum
950 4642 1068 4678 esse
1099 4624 1432 4695 perhibetis.
1461 4626 1621 4689 Quod
1648 4626 1694 4678 si
1723 4625 1857 4680 dici-

119 4717 215 4771 tis
240 4716 432 4768 colere
457 4731 556 4768 vos
586 4719 641 4769 et
662 4714 966 4768 colendum
989 4713 1252 4767 arbitrari
1278 4715 1455 4768 Deum
1483 4731 1515 4767 a
1544 4730 1657 4785 quo
1679 4714 1857 4769 factus

118 4807 231 4860 est
260 4803 538 4869 mundus,
569 4818 689 4856 non
713 4807 907 4855 tamen
927 4818 1058 4855 eum
1081 4819 1203 4856 esse
1224 4818 1397 4873 quem
1428 4804 1641 4857 Veteris
1671 4805 1857 4858 Testa-

116 4891 337 4949 menti
368 4891 729 4948 commendat
759 4890 1095 4957 auctoritas;
1126 4890 1490 4962 impudenter
1519 4891 1723 4959 facitis,
1756 4893 1857 4962 qui

111 4981 406 5038 alienum
434 4978 691 5032 animum
719 4984 887 5050 atque
914 4979 1255 5033 sententiam
1292 4997 1465 5051 quam
1492 4981 1636 5034 bene
1686 4985 1856 5051 atque

110 5068 373 5127 utiliter
427 5066 834 5136 acceperimus,
898 5068 1045 5121 male
1113 5068 1479 5139 interpretari
1548 5069 1857 5137 conamini,

114 5160 367 5217 frustra
396 5154 651 5209 omnino.
686 5156 879 5227 Neque
910 5155 1064 5209 enim
1094 5161 1294 5211 vestrae
1325 5159 1513 5212 stultae
1545 5163 1713 5229 atque
1744 5159 1855 5212 im-

110 5248 256 5322 pia:
293 5244 712 5317 disputationes
741 5245 857 5298 ullo
882 5246 1051 5299 modo
1081 5262 1211 5300 cum
1240 5247 1468 5317 piorum
1500 5247 1858 5302 doctissimo-

199 5400 217 5431 1
252 5398 384 5446 Mss.
416 5396 610 5459 plures,
642 5397 701 5445 in
727 5407 827 5461 quo
856 5393 990 5445 libro
1020 5396 1267 5457 credam;
1298 5400 1351 5446 et
1376 5395 1640 5458 nonnulli,
1664 5397 1721 5448 in
1752 5411 1858 5461 quo

110 5460 288 5523 libro
314 5462 589 5523 scriptum
620 5460 859 5523 credam.

191 5520 284 5582 ((ι)
313 5520 685 5571 νίίὶξῐῖθιῐδιιει.
718 5520 805 5569 lib.
839 5524 885 5577 1,
917 5534 1028 5583 cap.
1056 5523 1104 5575 '1,
1136 5534 1188 5569 n.
1218 5523 1264 5569 2.

1962 441 2236 495 catholica
2267 440 2574 510 Scripturae
2592 441 2705 495 illaa
2726 442 3043 497 volentibus
3066 444 3368 516 dignisque
3393 447 3655 517 aperiun-

1964 535 2076 595 tur,
2109 530 2429 601 comparari
2476 533 2712 599 queunt.
2768 530 2956 600 Longe
3005 548 3241 602 prorsus
3271 533 3434 588 aliter
3483 551 3655 605 quam

1963 617 2176 688 putatis
2204 618 2312 671 Lex
2355 621 2411 671 et
2454 618 2757 688 Prophetze
2786 618 3187 688 intelliguntur
3215 638 3248 674 a
3276 623 3460 677 nobis.
3496 624 3655 677 Desi-

1964 706 2079 759 nite
2109 722 2332 772 errare;
2378 722 2496 759 non
2542 706 2783 760 colimus
2838 708 3213 776 pcenitentem
3269 712 3472 781 Deum,
3532 728 3653 766 non

1964 794 2240 860 invidum,
2265 795 3126 866 nonindigum,noncredulem,
3158 812 3277 850 non
3297 804 3654 868 quaerentem

1965 882 2034 937 de
2069 884 2369 938 hominum
2398 886 2482 937 vel
2512 900 2784 955 pecorum
2815 884 3093 955 sanguine
3132 885 3501 955 voluptatem,
3537 904 3654 942 non
3726 958 3733 959 ί

1964 971 2055 1024 cui
2110 972 2327 1043 ﬂagitia
2382 978 2439 1026 et
2485 974 2696 1027 scelera
2742 974 3020 1043 placeant,
3076 990 3194 1027 non
3239 975 3655 1044 possessionem

1964 1076 2126 1114 suam
2163 1065 2329 1115 terrze
2359 1061 2606 1131 quadam
2652 1062 2931 1131 particula
2960 1062 3385 1116 terminantem.
3438 1063 3497 1115 In
3556 1063 3657 1116 bas

1965 1148 2117 1201 enim
2148 1152 2317 1219 atque
2344 1148 2677 1219 hujusmodi
2704 1166 2885 1218 nugas
2914 1150 3159 1219 graviter
3199 1150 3539 1220 copioseque
3568 1149 3657 1203 in-

1963 1236 2093 1289 vehi
2122 1236 2327 1289 soletis.
2355 1237 2539 1300 Quare
2571 1237 2931 1291 nosinvectio
2960 1242 3145 1291 vestra
3175 1254 3291 1292 non
3321 1239 3505 1309 tangit
3529 1238 3657 1303 ;sed

1963 1324 2143 1377 aniles
2196 1324 2494 1394 quasdam,
2538 1326 2625 1379 vel
2676 1326 2849 1379 etiam
2898 1327 3145 1396 pueriles
3202 1327 3525 1396 opiniones,
3579 1344 3647 1381 eo

1962 1411 2266 1482 ineptiore,
2295 1421 2409 1483 quo
2440 1414 2868 1467 vehementiore
2896 1414 3153 1468 oratione
3184 1415 3513 1484 pervellitis.
3538 1416 3660 1479 Qua

1963 1500 2222 1571 quisquis
2274 1506 2535 1555 movetur
2585 1506 2639 1555 et
2693 1502 2763 1555 ad
2792 1518 2889 1555 vos
2942 1502 3166 1566 transit,
3225 1518 3341 1556 non
3397 1504 3655 1557 Ecclesiae

1962 1593 2169 1643 nostrae
2200 1588 2435 1643 damnat
2463 1589 2841 1660 disciplinam,
2874 1590 2971 1644 sed
3005 1606 3131 1644 eam
3155 1607 3212 1644 se
3244 1590 3512 1661 ignorare
3551 1593 3651 1646 de-

1964 1680 2262 1731 monstrat.

2036 1769 2119 1819 17.
2172 1765 2555 1828 Quamobrem
2588 1766 2634 1819 si
2667 1765 2807 1836 quid
2851 1766 3092 1819 humani
3146 1767 3319 1821 corde
3362 1768 3582 1838 geritis,
3613 1770 3659 1821 si

1963 1867 2113 1906 curre
2134 1852 2293 1906 vobis
2321 1852 2655 1923 vosmetipsi
2677 1852 2827 1919 estis,
2860 1853 3100 1923 quaerite
3128 1853 3321 1923 potius
3350 1854 3658 1925 diligenter

1963 1944 2020 1993 et
2048 1940 2142 2010 pie
2172 1941 2460 2011 quomodo
2492 1941 2590 1995 illa
2618 1940 2901 1995 dicantur.
2945 1941 3216 2008 Quaerite,
3256 1942 3485 2013 miseri:
3524 1961 3657 1999 nam

1961 2029 2134 2082 talem
2164 2029 2358 2095 ﬁdem,
2405 2046 2519 2099 qua
2548 2031 2660 2083 Deo
2702 2029 3103 2083 inconveniens
3134 2030 3349 2101 aliquid
3382 2033 3658 2099 creditur,

1961 2132 2065 2170 nos
2106 2117 2499 2171 vehementius
2536 2122 2591 2171 et
2627 2118 2860 2172 uberius
2912 2134 3276 2185 accusamus;
3306 2136 3441 2173 nam
3497 2125 3551 2175 et
3600 2122 3661 2176 in

1962 2205 2075 2259 illis
2104 2222 2233 2277 quze
2263 2206 2410 2260 dicta
2442 2210 2593 2273 sunt,
2623 2222 2753 2260 cum
2810 2206 2888 2259 sic
2938 2206 3337 2277 intelliguntur
3381 2213 3443 2262 ut
3472 2209 3661 2264 littera

1964 2299 2144 2360 sonat,
2186 2299 2242 2348 et
2278 2294 2703 2364 simplicitatem
2760 2294 3125 2365 corrigimus,
3182 2299 3237 2349 et
3281 2296 3657 2366 pertinaciam

1964 2383 2308 2437 deridemus.
2344 2384 2411 2436 Et
2429 2382 2539 2436 alia
2569 2384 2772 2451 multa,
2803 2399 2933 2453 quae
2958 2383 3391 2453 vosintelligere
3404 2390 3661 2455 nonpot-

1962 2472 2116 2539 estis,
2149 2476 2298 2526 vetat
2326 2488 2423 2525 eos
2452 2472 2683 2526 credere
2730 2471 3006 2525 catholica
3052 2471 3371 2541 disciplina,
3407 2473 3507 2544 qui
3542 2489 3659 2526 non

1962 2559 2146 2625 annis,
2177 2559 2275 2613 sed
2306 2559 2493 2613 studio
2534 2563 2704 2628 atque
2744 2558 3036 2612 intellectu
3076 2559 3408 2613 excedentes
3456 2576 3659 2630 quam-

1964 2647 2097 2700 dam
2122 2646 2329 2700 mentis
2359 2647 2689 2715 pueritiam,
2712 2645 2774 2698 in
2806 2662 2977 2699 canos
3004 2646 3295 2715 sapientiae
3325 2663 3663 2717 promoven-

1964 2739 2075 2788 tur.
2110 2736 2251 2787 Nam
2284 2737 2341 2787 et
2364 2734 2595 2787 credere
2635 2735 2815 2787 Deum
2846 2734 2967 2787 loco
2995 2734 3186 2803 aliquo
3218 2735 3478 2804 quamvis
3524 2736 3663 2789 inﬁ-

1962 2820 2106 2887 nito,
2161 2836 2263 2890 per
2319 2819 2653 2890 quantitatis
2709 2835 3087 2890 quaecumque
3145 2821 3329 2890 spatia
3357 2821 3659 2889 contineri,

1963 2924 2137 2978 quam
2176 2907 2248 2961 sit
2275 2908 2513 2961 stultum
2553 2907 2819 2961 docetur:
2852 2911 2907 2961 et
2937 2908 3007 2962 de
3058 2910 3176 2962 loco
3208 2910 3265 2962 in
3296 2911 3505 2976 locum,
3566 2912 3656 2965 vel

1962 2996 2171 3067 ipsum,
2200 2997 2288 3049 vel
2314 2997 2564 3066 aliquam
2597 2995 2720 3066 ejus
2761 3000 2985 3065 partem
3024 2998 3243 3052 moveri
3273 3003 3444 3069 atque
3474 3003 3663 3052 trans-

1962 3087 2066 3153 ire,
2100 3086 2365 3140 arbitrari
2422 3086 2580 3139 nefas
2609 3085 2873 3139 habetur.
2927 3087 3051 3139 Jam
3101 3103 3232 3141 vero
3278 3086 3491 3158 aliquid
3538 3089 3662 3158 ejus

1963 3175 2295 3229 substantize
2327 3179 2499 3246 atque
2521 3179 2739 3228 natura)
2770 3177 3272 3230 commutationem
3302 3177 3389 3230 vel
3422 3193 3657 3231 conver-

1965 3265 2182 3319 sionem
2214 3264 2469 3335 quolibet
2505 3264 2676 3318 modo
2730 3264 2847 3335 pati
2892 3277 3055 3334 posse
3113 3265 3161 3318 si
3214 3265 3342 3335 quis
3373 3265 3661 3335 opinetur,

1965 3350 2126 3403 mirae
2159 3349 2465 3404 dementire
2502 3348 2929 3419 impietatisque
2956 3349 3360 3403 damnabitur:
3405 3350 3483 3403 ita
3512 3351 3575 3404 tit
3603 3354 3667 3403 ut

1964 3439 2114 3508 apud
2136 3455 2238 3492 nos
2259 3437 2624 3492 inveniantur
2636 3438 2801 3508 pueri
2816 3437 3072 3506 quidam,
3089 3437 3187 3507 qui
3204 3437 3458 3490 humana
3479 3438 3663 3491 forma

1967 3529 2147 3581 Deum
2178 3526 2445 3596 cogitent,
2481 3531 2649 3596 atque
2684 3526 2764 3578 ita
2794 3541 2851 3577 se
2881 3524 3091 3578 habere
3122 3525 3517 3594 suspicentur;
3551 3543 3664 3595 qua

1966 3612 2239 3683 opinione
2271 3612 2545 3677 nihil;est
2596 3612 2903 3682 abjectius:
2966 3612 3063 3666 sed
3117 3611 3485 3666 inveniantur
3522 3612 3662 3666 item

1964 3703 2132 3756 multi
2161 3718 2343 3768 senes,
2377 3700 2476 3771 qui
2516 3701 2639 3771 ejus
2685 3701 3064 3769 majestatem,
3115 3717 3229 3754 non
3269 3701 3454 3755 solum
3495 3718 3666 3772 super

1966 3792 2285 3845 humanum
2302 3804 2529 3859 corpus,
2559 3790 2655 3844 sed
2673 3789 2845 3842 etiam
2870 3805 3040 3859 super
3060 3789 3245 3859 ipsam
3274 3794 3525 3845 mentem
3548 3806 3665 3843 ma-

1967 3896 2105 3934 nere
2135 3878 2520 3933 inviolabilem
2549 3882 2720 3949 atque
2744 3877 3296 3944 incommutabilem,
3322 3879 3520 3933 eadem
3541 3879 3665 3950 ipsa

1966 3972 2156 4022 mente
2187 3966 2558 4036 conspiciant.
2615 3967 2765 4030 Quas
2815 3970 3027 4031 aetates,
3084 3982 3198 4019 non
3228 3971 3507 4036 tempore,
3565 3967 3663 4020 sed

1965 4055 2175 4109 virtute
2197 4059 2366 4124 atque
2394 4054 2701 4124 prudentia
2722 4053 3121 4107 discernandas
3153 4069 3274 4107 esse
3292 4054 3416 4122 jam
3450 4054 3665 4108 dictum

1967 4147 2069 4198 est.
2098 4143 2263 4212 Apud
2295 4159 2389 4196 vos
2419 4147 2614 4196 autem
2650 4158 2820 4195 nemo
2862 4142 3095 4213 quidem
3121 4141 3404 4211 reperitur
3434 4142 3533 4212 qui
3564 4142 3665 4196 Dei

1966 4230 2344 4285 substantiam
2374 4230 2613 4284 humani
2659 4231 2912 4301 corporis
2958 4230 3301 4301 ﬁguratione
3345 4229 3662 4284 describat:

1968 4320 2062 4374 sed
2085 4336 2301 4386 rursus,
2334 4335 2503 4373 nemo
2534 4318 2633 4389 qui
2664 4320 2733 4373 ab
2781 4319 3018 4373 humani
3062 4317 3271 4372 erroris
3298 4317 3423 4371 labe
3471 4319 3663 4388 sejun-

1966 4414 2062 4479 gat
2081 4410 2118 4462 ¹.
2151 4409 2345 4479 Itaque
2373 4407 2456 4462 illi
2486 4424 2627 4478 quos
2650 4408 2814 4479 quasi
2851 4408 3143 4478 vagientes
3174 4406 3431 4460 Ecclesiae
3463 4408 3664 4461 catho-

1965 4497 2089 4550 licze
2120 4497 2297 4550 ubera
2322 4501 2660 4562 sustentant,
2694 4496 2741 4550 si
2770 4497 2840 4550 ab
2864 4494 3143 4549 haereticis
3173 4511 3290 4548 non
3320 4494 3532 4549 fuerint
3566 4496 3665 4549 de-

1964 4584 2252 4657 praedati’,
2274 4601 2377 4655 pro
2396 4601 2498 4638 suo
2515 4584 2757 4655 quisque
2774 4588 2944 4653 captu
2958 4582 3291 4654 viribusque
3306 4582 3663 4649 nutriuntur,

1966 4674 2471 4745 perducunturque
2495 4673 2639 4727 alius
2668 4673 2767 4738 sic,
2800 4672 2944 4726 alius
2967 4675 3159 4725 autem
3190 4672 3289 4739 sic,
3322 4672 3575 4743 primum
3606 4673 3666 4727 in

1966 4764 2151 4818 virum
2171 4762 2515 4833 perfectum;
2544 4760 2747 4815 deinde
2772 4760 2845 4814 ad
2860 4760 3246 4814 maturitatem
3282 4760 3665 4833 canitiemque

1968 4849 2259 4921 sapientiae
2291 4847 2654 4918 perveniunt,
2696 4850 2761 4900 ut
2791 4846 2873 4901 eis
2902 4850 3183 4918 quantum
3226 4848 3444 4919 volunt,
3474 4849 3664 4903 vivere

1968 4954 2031 4992 ac
2056 4937 2383 4992 beatissime
2403 4935 2590 4989 vivere
2616 4935 2801 4988 liccat.

2032 5028 2045 5060 1
2072 5025 2298 5086 Lov.'qui
2313 5036 2366 5073 se
2388 5022 2453 5072 ab
2468 5020 2696 5086 humani
2718 5022 2925 5086 erroris
2947 5022 3062 5086 labe
3075 5023 3336 5085 sejungat.
3360 5023 3425 5072 At
3445 5024 3590 5072 abest
3611 5037 3664 5072 sc

1969 5102 1999 5135 a
2022 5088 2146 5135 Mss.
2172 5084 2282 5135 et’a
2306 5084 2507 5134 caeteris
2547 5084 2865 5147 editionibus
2894 5084 3151 5147 debetque
3182 5088 3390 5144 abesse;
3430 5086 3554 5147 quia
3592 5085 3663 5132 ibi

1968 5148 2269 5198 Manichzeis
2286 5148 2567 5210 exprobrat
2578 5146 3055 5210 Augustinusjquod
3066 5146 3233 5196 Deum
3247 5146 3531 5195 abhumani
3552 5148 3665 5209 qui-

1969 5213 2086 5260 dem
2110 5210 2340 5272 corporis
2352 5209 2767 5272 eonﬂguratione
2784 5210 3005 5272 liberum
3018 5224 3129 5258 esse
3151 5209 3461 5272 velinttnon
3487 5213 3663 5257 tamen

1969 5275 2034 5323 ab
2059 5270 2277 5321 humani
2314 5270 2507 5334 erroris
2535 5270 2679 5334 labe:
2699 5271 2903 5334 quippe
2933 5286 3053 5320 cum
3087 5270 3662 5334 animam_humanam,

1969 5350 2087 5399 quae
2118 5335 2297 5399 utique
2316 5333 2484 5399 errori
2512 5331 2745 5381 obnoxia
2771 5331 2867 5393 est,
2888 5338 3092 5399 partem
3119 5333 3282 5399 ipsius
3308 5331 3405 5380 Dei
3433 5345 3546 5399 esse
3577 5332 3666 5399 do-

2062 5394 2271 5445 atizent.
2305 5396 2454 5452 Quod
2490 5399 2858 5456 argumentum
2890 5394 3053 5457 'urget
3080 5394 3155 5442 in‘
3182 5394 3315 5442 libro
3340 5394 3575 5443 secundo
3598 5394 3662 5443 de

2013 5460 2157 5508 enesi
2188 5461 2371 5505 contra
2400 5457 2736 5517 Manichteos,
2775 5471 2887 5519 cap.
2921 5460 2966 5515 8,
2998 5470 3052 5504 n.
3091 5459 3166 5504 11.

2034 5523 2053 5554 2
2080 5520 2361 5569 Vaticanus
2382 5519 2547 5568 codex
2572 5519 2747 5578 habet,
2768 5518 3072 5580 depravati.
