4036 6182
384 345 389 349 _
466 282 602 335 1319

464 399 687 459 CAPUT
712 399 801 453 XI.
832 427 902 437 —
926 396 1071 451 Deus
1094 397 1249 451 unice
1275 394 1617 463 diligendus;
1647 394 1871 466 ideoque
1889 411 2156 452 summum

534 487 765 540 hominis
796 484 1009 539 bonum.
1042 484 1158 538 Deo
1202 484 1285 538 nil
1323 483 1541 545 melius;
1575 483 1751 537 Deum
1778 497 1929 537 nemo
1949 486 2155 539 amittit

426 624 431 629 .
530 572 766 629 invitus:
799 588 918 642 quae
960 576 1088 628 sunt
1125 572 1245 626 duae
1281 572 1608 627 conditiones
1648 574 1847 626 summi
1888 572 2030 639 boni,
2061 587 2154 627 su-

524 661 812 732 pradictae,
841 675 962 729 cap.
994 662 1045 714 3.

536 752 619 805 t8.
642 748 866 805 Secutio
925 746 1103 818 igitur
1148 746 1271 814 Dei,
1338 745 1629 802 beatitatis
1681 747 1968 819 appetitus
2030 753 2148 801 est:

458 837 778 893 consecutio
825 840 1036 900 autem,
1086 834 1210 905 ipsa
1260 834 1519 891 beatitas.
1552 838 1624 890 At
1669 852 1802 890 eum
1857 836 2154 908 sequimur

460 925 770 997 diligendo,
827 922 1234 995 consequimur
1270 940 1422 991 vero,
1455 939 1570 978 non
1600 940 1731 979 cum
1759 925 1867 979 hoc
1915 925 2152 981 omnino

458 1014 743 1069 efﬁcimur
770 1012 925 1083 quod
948 1016 1034 1067 est
1059 1013 1201 1083 ipse,
1229 1012 1327 1066 sed
1354 1011 1405 1066 ei
1423 1012 1690 1083 proximi,
1711 1029 1961 1085 eumque
1993 1014 2151 1069 miri-

454 1104 562 1158 ﬁco
583 1107 638 1157 et
657 1100 1004 1168 intelligibili
1025 1101 1195 1156 modo
1217 1101 1633 1171 contingentes,
1660 1102 1896 1173 ejusque
1916 1102 2151 1158 veritate

454 1196 513 1249 et
540 1190 837 1245 sanctitate
849 1191 1078 1260 penitus
1107 1189 1375 1244 illustrati
1397 1194 1569 1261 atque
1599 1190 2015 1260 comprehensi.
2049 1192 2151 1247 Ille

456 1296 704 1351 namque
725 1279 914 1351 ipsum
935 1279 1130 1333 lumen
1160 1282 1244 1332 est
1265 1295 1279 1346 ;
1302 1278 1467 1332 nobis
1485 1284 1678 1334 autem
1692 1279 1761 1333 ab
1791 1280 1993 1334 eodem
2015 1279 2149 1334 illu-

454 1368 663 1423 minari
678 1368 1135 1422 licet.llla:m'mum
1147 1382 1283 1438 ergo
1298 1368 1452 1437 quod
1463 1367 1533 1421 ad
1543 1368 1770 1421 beatam
1783 1367 1958 1421 vitam
1970 1366 2145 1436 ducit,

446 1459 791 1526 primumque
808 1456 1131 1510 mandatum
1152 1460 1248 1523 est,
1278 1456 1489 1523 Diliges
1510 1458 1790 1509 Dominum
1804 1457 1981 1510 Deum
1997 1460 2148 1510 tuum

448 1560 517 1598 ex
546 1548 653 1598 toto
679 1543 836 1598 corde
861 1548 950 1598 tuo
977 1547 1029 1597 et
1051 1545 1237 1598 anima
1262 1549 1311 1598 et
1355 1548 1543 1599 mente.
1586 1546 1946 1613 Diligentibus
1991 1544 2146 1599 enim

451 1634 617 1685 Deum
641 1634 821 1686 omnia
839 1631 1141 1700 procedunt
1191 1634 1251 1685 in
1280 1632 1491 1687 bonum.
1535 1632 1919 1697 Quamobrem
1972 1633 2145 1709 paulo

449 1724 577 1790 post
592 1719 744 1774 idem
764 1719 1000 1773 Paulus:
1026 1721 1212 1776 Certus
1242 1734 1380 1787 sum,
1404 1720 1610 1790 inquit,
1636 1721 1781 1790 quod
1799 1737 1968 1790 neque
1980 1735 2142 1784 mors,

444 1823 614 1876 neque
636 1810 773 1874 vita,
799 1823 969 1876 neque
995 1809 1215 1875 Angeli,
1240 1824 1411 1878 neque
1429 1811 1630 1875 uirtus,
1657 1825 1827 1878 neque
1853 1812 2141 1872 instantia,

444 1912 616 1965 neque
641 1898 856 1963 futura,
890 1912 1060 1966 neque
1088 1897 1349 1964 altitudo,
1381 1914 1550 1968 neque
1576 1899 1935 1967 profundum,
1974 1914 2144 1967 neque

447 1989 701 2038 creatura
727 1985 842 2039 alia
866 1988 1069 2054 poterit
1095 2000 1191 2040 nos
1228 2001 1483 2055 separare
1501 2002 1537 2039 a
1566 1988 1833 2041 charitate
1865 1988 1991 2052 Dei,
2024 2003 2143 2055 qua:

443 2076 524 2129 est
554 2074 610 2126 in
636 2074 858 2127 Christo
869 2074 1443 2130 JesuDominonostro
1463 2074 1641 2146 (Rom.
1664 2092 1781 2144 vm,
1804 2078 1892 2143 28,
1915 2077 2004 2141 38,
2027 2073 2137 2145 39).

440 2161 498 2216 Si
517 2160 693 2231 igitur
712 2161 1079 2232 diligentibus
1096 2164 1276 2217 Deum
1292 2163 1486 2217 omnia
1496 2163 2137 2234 proceduntinbouum;

442 2253 497 2305 et
517 2266 810 2305 summum
832 2250 1071 2314 bonum,
1101 2251 1256 2322 quod
1278 2252 1451 2306 etiam
1471 2252 1754 2323 optimum
1772 2252 2001 2322 dicitur,
2022 2267 2139 2307 non

446 2339 617 2393 modo
646 2339 1005 2409 diligendum
1036 2356 1157 2399 esse
1188 2356 1359 2395 nemo
1379 2340 1641 2412 ambigit,
1673 2342 1770 2396 sed
1801 2342 1879 2396 ita
1899 2341 2138 2413 diligen-

444 2425 582 2479 dum
608 2429 673 2480 ut
690 2424 835 2479 nihil
864 2424 1112 2495 amplius
1139 2425 1381 2497 diligere
1398 2426 1741 2494 debeamus;
1763 2427 1937 2498 idque
1956 2427 2135 2499 signi-

441 2514 643 2568 ﬁcatur
670 2517 728 2567 et
743 2512 1083 2583 exprimitur
1110 2515 1264 2584 quod
1286 2514 1501 2568 dictum
1533 2519 1639 2581 est,
1671 2518 1760 2571 Ea:
1791 2520 1903 2570 tota
1927 2518 2134 2586 anima,

440 2605 491 2656 et
518 2617 585 2655 ea:
616 2605 724 2655 toto
746 2601 907 2656 corde
952 2606 1002 2654 et
1029 2617 1098 2655 ea!
1126 2606 1239 2656 tota
1268 2606 1475 2657 mente:
1509 2603 1660 2673 quis,
1691 2619 1909 2674 qumso,
1963 2603 2132 2659 dubi-

436 2689 660 2757 taverit,
700 2688 791 2742 his
832 2688 1100 2744 omnibus
1147 2690 1492 2757 constitutis,
1542 2697 1600 2746 et
1653 2691 1982 2746 ﬁrmissime
2011 2709 2132 2747 cre-

437 2776 592 2844 ditis,
623 2777 767 2831 nihil
797 2777 961 2832 nobis
985 2777 1142 2832 aliud
1178 2793 1298 2832 esse
1326 2778 1633 2849 optimum,
1664 2779 1735 2834 ad
1768 2780 1922 2851 quod
1951 2780 2131 2853 adipi-

432 2865 707 2920 scendum
724 2866 1057 2936 postpositis
1110 2866 1329 2921 caeteris
1351 2867 1623 2923 festinare
1651 2873 1935 2939 oporteat,
1957 2886 2131 2941 quam

432 2958 613 3012 Deum
634 2957 660 3011 ‘I
685 2958 824 3010 Item
856 2956 904 3011 si
932 2957 1091 3012 nulla
1120 2973 1209 3011 res
1238 2958 1308 3012 ab
1326 2958 1447 3028 ejus
1472 2959 1746 3014 charitate
1761 2975 1866 3014 nos
1883 2966 2127 3031 separat,

428 3044 570 3116 quid
597 3061 718 3099 esse
751 3060 865 3099 non
895 3046 1083 3100 solum
1136 3046 1364 3113 melius,
1412 3047 1510 3101 sed
1558 3047 1732 3103 etiam
1764 3047 1974 3103 certius
2021 3049 2129 3104 hoc

428 3133 577 3188 bono
605 3137 796 3203 potest
810 3134 839 3186 ἰ)

503 3224 589 3277 19.
634 3221 739 3275 Sed
795 3220 1022 3292 singula
1074 3222 1326 3279 breviter
1368 3224 1748 3280 attendamus.
1803 3228 1978 3282 Nemo
2022 3244 2125 3284 nos

427 3308 565 3363 inde
604 3314 848 3380 separat,
880 3310 1153 3364 minando
1209 3316 1469 3367 mortem.
1502 3314 1561 3368 1d
1600 3314 1791 3384 ipsum
1822 3315 1975 3369 enim
2007 3333 2122 3387 quo

425 3397 720 3469 diligimus
752 3398 931 3452 Deum
961 3399 1003 3467 ί,
1028 3398 1178 3453 mori
1206 3415 1323 3455 non
1345 3406 1554 3471 potest,
1581 3402 1695 3457 nisi
1721 3403 1857 3458 dum
1897 3421 2012 3459 non
2042 3405 2124 3460 di-

426 3486 554 3557 ligit
579 3487 789 3553 Deum;
821 3502 953 3541 cum
1006 3503 1162 3542 mors
1205 3487 1328 3559 ipsa
1378 3489 1454 3544 sit
1483 3506 1599 3544 non
1645 3490 1884 3562 diligere
1914 3494 2118 3561 Deum,

426 3575 581 3647 quod
612 3575 755 3630 nihil
785 3580 872 3630 est
917 3575 1074 3631 aliud
1098 3593 1271 3648 quam
1302 3577 1357 3632 ei
1386 3578 1701 3649 quidquam
1732 3580 1792 3633 in
1830 3580 2120 3651 diligendo

423 3668 595 3734 atque
632 3664 924 3735 sequendo
952 3681 1309 3736 praeponere.
1345 3668 1521 3721 Nemo
1550 3667 1684 3724 inde
1714 3675 1942 3739 separat
1959 3670 2121 3740 polli-

424 3752 605 3806 cendo
644 3752 817 3807 vitam
843 3769 856 3807 :
882 3769 1052 3807 nemo
1082 3754 1236 3808 enim
1257 3755 1326 3809 ab
1356 3754 1481 3826 ipso
1512 3755 1668 3811 fonte
1698 3761 1926 3829 separat
1948 3759 2117 3828 polli-

423 3842 605 3893 cendo
637 3855 867 3910 aquam.
924 3842 1050 3894 Non
1102 3848 1326 3912 separat
1376 3845 1647 3914 angelus:
1682 3862 1798 3899 non
1839 3846 1995 3901 enim
2033 3852 2119 3902 est

420 3928 679 3998 angelus,
702 3916 833 3982 cum
854 3928 1202 3983 inhaeremus
1220 3931 1354 3997 Deo,
1378 3936 1573 3985 nostra
1592 3937 1784 3987 mente
1806 3935 2112 4003 potentior.

425 4017 552 4069 Non
583 4019 809 4085 separat
844 4016 1051 4071 virtus:
1104 4033 1236 4071 nam
1266 4018 1313 4071 si
1340 4018 1639 4073 virtuslhic
1683 4021 1781 4075 illa
1821 4023 2116 4080 nominata

418 4107 526 4170 est,
550 4118 679 4174 qum
698 4102 950 4174 aliquam
970 4105 1383 4174 potestatemin
1404 4107 1513 4161 hoc
1531 4108 1747 4163 mundo
1776 4111 1967 4179 habet,
1990 4117 2111 4168 toto

420 4191 636 4246 mundo
658 4195 742 4247 est
772 4192 1007 4247 omnino
1028 4193 1330 4249 sublimior
1347 4211 1509 4249 mens
1525 4195 1814 4252 inhaerens
1844 4200 1982 4255 Deo.
2013 4202 2111 4257 Sin

416 4281 595 4335 virtus
623 4280 719 4334 illa
738 4280 885 4336 dicta
911 4285 1014 4347 est,
1046 4297 1176 4353 qua:
1196 4281 1377 4352 ipsius
1393 4283 1570 4338 animi
1592 4286 1772 4341 nostri
1801 4288 2112 4345 rectissima

413 4368 636 4424 affectio
661 4372 745 4423 est
767 4384 781 4424 :
802 4368 851 4423 si
878 4368 938 4423 in
970 4369 1083 4424 alio
1116 4374 1221 4438 est,
1246 4371 1398 4427 favet
1415 4376 1479 4426 ut
1502 4373 1925 4447 conjungamur
1962 4380 2106 4446 Deo;

415 4457 461 4511 si
491 4458 553 4512 in
582 4458 745 4513 nobis
774 4462 878 4527 est,
909 4459 1034 4529 ipsa
1063 4460 1377 4531 conjungit.
1408 4462 1532 4516 Non
1551 4471 1819 4534 separant
1834 4467 2110 4524 instantes

392 4546 734 4625 (molestias:
776 4547 883 4602 hoc
940 4547 1095 4603 enim
1125 4548 1366 4604 leviores
1415 4566 1509 4604 eas
1557 4553 1857 4618 sentimus,
1892 4572 2005 4626 quo
2054 4560 2108 4613 ei

412 4635 567 4689 unde
597 4651 701 4690 nos
720 4652 982 4707 separare
1011 4638 1951 4707 moliuntur,arctiusinhaeremus.
1982 4649 2106 4703 Non

413 4725 640 4790 separat
665 4722 970 4792 promissio
1008 4723 1373 4780 futurorum:
1407 4742 1540 4781 nam
1569 4732 1625 4782 et
1666 4730 1948 4802 quidquid
1972 4734 2106 4789 boni

410 4808 672 4863 futurum
699 4814 805 4877 est,
835 4811 1042 4866 certius
1078 4814 1366 4884 promittit
1391 4816 1575 4883 Deus;
1609 4819 1665 4871 et
1693 4818 1839 4874 nihil
1867 4826 1954 4876 est
1980 4822 2103 4893 ipso

414 4898 528 4951 Deo
560 4897 786 4964 melius,
826 4899 925 4969 qui
948 4900 1071 4970 jam
1098 4902 1349 4972 profecto
1379 4903 1525 4958 bene
1555 4904 1668 4960 sibi
1692 4905 2103 4967 inhaerentibus

414 5001 669 5057 praesens
689 4990 790 5040 est.
830 4987 953 5041 Non
976 4995 1201 5060 separat
1228 4992 1469 5047 altitudo
1493 5009 1680 5065 neque
1707 4996 2058 5066 profundum
2083 5017 2096 5054 :

408 5075 622 5130 etenim
643 5074 691 5129 si
709 5075 832 5129 haec
852 5076 1024 5131 verba
1040 5077 1289 5134 scientite
1311 5080 1456 5136 forte
1481 5082 1841 5139 altitudinem
1862 5087 1949 5141 vel
1972 5104 2101 5158 pro-

408 5163 653 5219 fundum
685 5162 1029 5236 signiﬁcant,
1058 5182 1174 5220 non
1202 5183 1299 5223 ero
1338 5170 1617 5235 curiosus,
1650 5189 1722 5227 ne
1754 5174 2022 5246 sejungar
2066 5195 2100 5233 a

409 5254 545 5321 Deo;
573 5268 679 5308 nec
715 5253 1054 5326 cujusquam
1104 5255 1355 5313 doctrina
1398 5276 1491 5315 me
1539 5260 1610 5316 ab
1639 5278 1706 5318 eo
1761 5270 2003 5334 separat,
2034 5273 2100 5322 ut

467 5343 497 5417 fi
658 5341 891 5417 Εεεῐτον,
913 5344 966 5415 et
980 5341 1323 5417 aliquantae.
1344 5346 1580 5417 idipsum
1605 5353 1746 5402 enim
1774 5352 2098 5417 quoddiligi-

558 5407 670 5489 ἓξ.
700 5402 1001 5489 ﬁerine
1025 5402 1335 5489 editio‘ft‘rn.
1361 5402 1561 5489 et'ltlss
1590 5402 2096 5489 quatudrpt’dipsnint

402 5467 543 5536 enim
554 5477 678 5536 qua,
699 5466 899 5536 scilicet
915 5468 1143 5536 animus,
1165 5471 1224 5517 ut
1243 5468 1407 5536 liquet
1428 5485 1487 5521 ex
1510 5466 1668 5536 hujus
1706 5466 1984 5526 locutionis
2015 5480 2094 5526 in-

402 5528 775 5589 terpretatione
804 5529 859 5578 in
888 5528 1054 5594 capite
1078 5528 1335 5593 sequenti.

1286 273 1382 328 DE
1420 272 1734 329 MORIBUS
1771 272 2135 330 ECCLESL/E
2172 272 2614 340 CATHOLICAE,
2659 272 2712 329 S.
2757 273 3142 332 AUGUSTINI
3747 295 3832 348 1320

2267 397 2430 468 quasi
2458 396 2707 468 depellat
2735 413 3010 469 errorem,
3037 414 3071 453 a
3099 415 3215 470 quo
3244 415 3415 456 nemo
3444 418 3640 473 prorsus
3672 410 3750 465 nisi
3777 429 3831 468 se-

2264 488 2498 556 paratus
2522 490 2755 539 erraret.
2781 484 2838 540 Si
2859 502 2993 540 vero
3017 485 3317 542 altitudine
3340 493 3395 542 et
3412 491 3653 560 profundo
3671 513 3835 569 superna

2266 577 2323 627 et
2347 572 2574 628 inferna
2593 573 2765 645 hujus
2785 574 2985 629 muu‘di
3010 574 3425 646 signiﬁcantur,
3445 579 3556 650 quis
3574 583 3688 637 mihi
3700 586 3833 643 cretum

2265 661 2619 732 polliceatur,
2650 667 2714 717 ut
2741 678 2776 717 a
2805 662 2934 718 coeli
2962 662 3303 718 fabricatore
3338 666 3616 738 sejungar?
3646 672 3732 724 Aut
3758 675 3836 744 quis

2263 754 2478 805 terreat
2500 750 2777 819 infernus,
2810 756 2876 806 ut
2896 753 3075 807 Deum
3100 752 3362 809 deseram
3389 770 3547 826 quem
3570 756 3611 810 si
3634 774 3833 830 nunquam

2264 838 2661 908 deseruisSem,
2709 840 2932 895 inferna
2985 840 3305 897 nescirem?
3345 843 3629 909 Postremo,
3664 847 3759 918 quis
3784 865 3837 903 me

2260 925 2422 982 locus
2448 929 2519 983 ab
2548 930 2672 1000 ejus
2700 930 2975 984 charitate
3005 929 3255 998 divellet,
3288 931 3390 1003 qui
3416 948 3524 988 non
3549 932 3721 1005 ubique
3742 940 3835 991 totus

2262 1020 2429 1084 esset,
2460 1016 2508 1070 si
2535 1017 2654 1073 ullo
2683 1017 3076 1073 contineretur
3101 1018 3265 1075 loco?

2262 1105 2488 1160 CAPUT
2527 1107 2641 1160 XII.
2692 1138 2775 1170 -η
2813 1107 3091 1163 Charitatc
3136 1110 3242 1162 Deo
3289 1110 3638 1178 connectimur,
3670 1111 3765 1165 dum
3790 1114 3837 1166 illi

2942 1187 3285 1256 subjicimur.

2329 1276 2418 1329 20.
2458 1276 2600 1341 Non,
2632 1273 2838 1346 inquit,
2883 1281 3111 1346 separat
3140 1277 3253 1331 alia
3281 1281 3541 1333 creatura.
3571 1277 3608 1333 Ο
3630 1279 3837 1334 altissimo—

2259 1376 2389 1415 rum
2418 1362 2822 1432 mysteriorum
2858 1362 3075 1417 viruml
3113 1364 3236 1418 Non
3266 1365 3376 1418 fuit
3411 1371 3678 1420 contentus
3705 1366 3835 1431 dicere,

2257 1454 2536 1516 creatura;
2568 1450 2669 1505 sed
2698 1452 2833 1518 alia,
2865 1451 3076 1522 inquit,
3119 1459 3390 1520 creatura,
3431 1454 3708 1508 admonens
3734 1455 3838 1507 etiam

2256 1535 2506 1607 idipsum
2527 1554 2641 1609 quo
2670 1538 2963 1609 diligimus
2992 1540 3197 1608 Deum,
3227 1545 3285 1596 et
3304 1557 3417 1612 quo
3442 1541 3736 1595 inhaeremus
3757 1542 3836 1605 Deo,

2256 1624 2314 1680 id
2343 1628 2428 1679 est
2453 1612 2713 1681 animum
2753 1632 2923 1698 atque
2973 1634 3224 1684 mentem
3275 1634 3584 1684 creaturam
3622 1646 3733 1684 esse.
3769 1629 3840 1682 Alia

2257 1727 2392 1783 ergo
2435 1719 2694 1769 creatura
2734 1732 2940 1788 corpus
2973 1722 3093 1772 est:
3129 1722 3186 1773 et
3215 1717 3265 1772 si
3306 1718 3528 1773 animus
3554 1734 3633 1772 res
3666 1717 3837 1788 quadam

2255 1807 2343 1857 est
2369 1802 2766 1875 intelligibilis,
2795 1805 2850 1859 id
2878 1811 2962 1861 est
2990 1823 3119 1878 qum
3142 1812 3363 1862 tantum
3394 1806 3726 1878 intelligendo
3745 1806 3840 1858 inus

2252 1890 2435 1959 tescit,
2477 1891 2587 1946 alia
2625 1896 2884 1947 creatura
2922 1899 3007 1948 est
3044 1910 3215 1949 omne
3252 1895 3540 1964 sensibile,
3572 1895 3624 1949 id
3654 1895 3838 1964 estquod

2250 1995 2356 2049 per
2388 1979 2602 2047 oculos,
2640 1981 2725 2035 vel
2760 1997 2944 2047 aures,
2980 1983 3067 2037 vel
3112 1984 3406 2052 olfactum,
3449 1984 3530 2038 vel
3570 1988 3771 2054 gustum,
3791 1982 3841 2034 vel

2251 2071 2486 2134 tactum,
2537 2069 2701 2139 quasi
2739 2069 3050 2140 quamdam
3099 2071 3362 2126 notitiam
3389 2072 3476 2126 sui
3502 2072 3840 2142 praebitumque

2250 2155 2308 2210 id
2329 2155 2581 2210 deterius
2609 2156 2685 2211 sit
2724 2173 2950 2213 necesse
2997 2164 3103 2225 est,
3153 2177 3327 2231 quam
3375 2161 3524 2233 quod
3564 2157 3840 2230 intelligentia

2248 2245 2367 2298 sola
2386 2247 2626 2315 capitur.
2654 2247 2798 2318 Ergo
2818 2263 2950 2302 cum
2975 2248 3148 2303 etiam
3180 2250 3328 2303 Deus
3345 2250 3534 2322 dignis
3555 2247 3727 2303 animis
3740 2251 3840 2300 notus

2248 2349 2363 2388 non
2393 2334 2503 2389 nisi
2531 2351 2634 2405 per
2654 2335 3091 2407 intelligentiam
3121 2339 3304 2408 possit
3327 2355 3470 2405 esse,
3500 2354 3619 2393 cum
3644 2342 3788 2391 tamen
3800 2334 3841 2385 sit

2247 2422 2372 2492 ipsa
2400 2439 2514 2494 qua
2543 2422 2885 2495 intelligitur
2932 2429 3125 2480 mente
3169 2426 3560 2495 praestantior;
3597 2424 3766 2496 quippe
3785 2419 3842 2490 qui

2247 2515 2470 2564 creator
2498 2511 2622 2582 ejus
2652 2517 2821 2584 atque
2851 2518 3049 2567 auctor
3077 2518 3191 2581 est;
3227 2515 3536 2569 verendum
3565 2517 3672 2567 erat
3695 2527 3749 2565 ne
3767 2508 3839 2561 ani-

2246 2614 2373 2653 mus
2393 2599 2700 2666 humanus,
2724 2617 2791 2656 eo
2813 2602 2969 2672 quod
2994 2601 3143 2656 inter
3167 2601 3476 2658 invisibilia
3496 2607 3548 2657 et
3565 2596 3842 2670 intelligibilia

2245 2693 2601 2758 numeratur,
2632 2690 2889 2759 ejusdem
2909 2707 2967 2744 se
2990 2695 3210 2746 natura:
3230 2691 3601 2747 arbitraretur
3616 2703 3728 2751 esse,
3743 2686 3840 2753 cujus

2244 2778 2329 2829 est
2357 2775 2480 2846 ipse
2506 2775 2607 2848 qui
2643 2776 2880 2844 creavit;
2913 2782 2970 2833 et
2997 2779 3078 2833 sic
3117 2779 3190 2835 ab
3225 2797 3292 2835 eo
3330 2779 3595 2852 superbia
3627 2776 3841 2832 decideret

2242 2862 2337 2917 cui
2383 2864 2659 2920 charitate
2707 2865 3040 2938 jungendus
3083 2872 3186 2925 est.
3241 2868 3326 2923 Fit
3384 2869 3538 2925 enim
3582 2868 3680 2921 Deo
3713 2861 3841 2917 similis

2243 2955 2520 3023 quantum
2536 2954 2731 3009 datum
2749 2961 2852 3022 est,
2867 2956 3005 3011 dum
3017 2956 3427 3013 illustrandum
3448 2957 3530 3012 illi
3544 2960 3692 3027 atque
3704 2946 3840 3007 illumi-

2238 3041 2492 3096 nandum
2523 3059 2581 3096 se
2611 3043 2860 3114 subjicit.
2895 3046 2960 3099 Et
2986 3044 3034 3098 si
3062 3045 3313 3101 maxime
3339 3046 3398 3101 ei
3430 3044 3741 3118 propinquat
3760 3037 3839 3091 sub-

2231 3128 2479 3199 jectione
2519 3130 2630 3185 ista
2667 3147 2781 3203 qua
2809 3131 3013 3187 similis
3044 3133 3129 3197 ﬁt,
3164 3134 3337 3205 longe
3370 3136 3444 3191 ab
3483 3151 3548 3191 eo
3581 3132 3671 3188 ﬁat
3694 3139 3838 3184 necesse

2236 3221 2321 3271 est
2349 3218 2585 3273 audacia
2623 3212 2737 3291 qua
2764 3220 2885 3275 vult
2913 3236 3034 3275 esse
3070 3221 3333 3277 similior.
3376 3225 3508 3294 Ipsa
3542 3226 3621 3277 est
3652 3219 3767 3290 qua'
3788 3214 3837 3265 le-

2235 3304 2403 3376 gibus
2434 3307 2536 3361 Dei
2562 3308 2962 3379 obtemperare
2992 3310 3286 3379 detrectat,
3320 3312 3466 3368 dum
3494 3327 3607 3366 suae
3632 3300 3837 3381 potestatis

2235 3410 2354 3449 esse
2384 3396 2540 3466 cupit
2570 3400 2632 3451 ut
2665 3398 2813 3452 Deus
2841 3402 2944 3454 est.

2303 3484 2391 3537 2t.
2438 3483 2659 3548 Quanto
2699 3501 2839 3556 ergo
2878 3486 3060 3558 magis
3102 3488 3273 3559 longe
3309 3487 3551 3544 discedit
3578 3503 3607 3540 a
3643 3485 3835 3547 Deam

2232 3572 2375 3642 loco,
2397 3571 2495 3627 sed
2523 3572 2821 3629 affectione
2841 3579 3013 3647 atque
3034 3577 3348 3648 cupiditate
3374 3578 3447 3633 ad
3472 3575 3834 3639 inferioraquam

2229 3666 2314 3716 est
2341 3661 2483 3733 ipse,
2519 3666 2677 3717 tanto
2718 3663 2902 3734 magis
2931 3664 3171 3720 stultitia
3198 3665 3551 3737 miseriaque
3577 3659 3828 3730 completur.

2231 3748 2541 3804 Dilectione
2566 3749 2743 3821 igitur
2779 3751 2925 3806 redit
2953 3752 3013 3806 in
3051 3753 3253 3817 Deum,
3286 3770 3406 3825 qua
3436 3770 3496 3807 se
3524 3751 3602 3806 illi
3629 3762 3721 3803 non
3742 3754 3837 3796 βοω-

2226 3852 2463 3908 ponere,
2492 3838 2589 3893 sed
2618 3855 2939 3910 supponere
2985 3840 3225 3897 allectat.
3269 3842 3433 3907 Quod
3481 3842 3679 3914 quanto
3713 3826 3834 3888 {curii

2226 3924 2532 3979 instantius
2563 3941 2626 3980 ac
2656 3925 2983 3995 studiosius,
3021 3933 3180 3984 tanto
3222 3929 3329 3984 erit
3370 3929 3594 3985 beatior
3615 3931 3753 3995 atque
3779 3931 3836 3969 ευ·

2224 4009 2479 4082 blimior,
2511 4019 2567 4067 et
2590 4013 2688 4068 illo
2722 4015 2843 4069 solo
2872 4015 3206 4071 dominante
3246 4018 3600 4073 liberrimus.
3635 4003 3836 4077 Quamob-

2223 4096 2346 4153 rem
2376 4116 2540 4154 nosse
2572 4101 2740 4157 debet
2768 4119 2828 4158 se
2857 4120 2980 4159 esse
3009 4110 3354 4162 creaturam.
3392 4106 3573 4162 Debet
3597 4101 3727 4158 enim
3747 4106 3836 4150 σεῖ’

2222 4193 2408 4243 torem
2435 4205 2601 4245 suum
2618 4192 2847 4247 credere
2868 4193 3033 4249 sicuti
3054 4199 3156 4258 est,
3184 4194 3508 4251 inviolabili
3534 4197 3586 4248 et
3613 4192 3836 4246 incommu'

2223 4275 2383 4331 ta'bili
2401 4293 2627 4350 semper
2647 4296 2880 4336 manere
2902 4286 3108 4337 natura
3125 4283 3387 4338 veritatis
3408 4288 3581 4355 atque
3599 4270 3835 4349 sapientis:

2220 4364 2282 4419 in
2319 4381 2378 4420 se
2409 4369 2601 4420 autem
2639 4368 2839 4423 cadere
2878 4385 3046 4441 posse
3068 4369 3372 4426 stultitiam
3406 4377 3579 4443 atque
3619 4361 3835 4450 fallaciae,

2218 4454 2305 4507 vel
2336 4458 2572 4526 propter
2599 4471 2822 4512 errores
2868 4457 3077 4529 quibus
3125 4462 3258 4514 exui
3285 4460 3598 4529 desiderat,
3640 4448 3835 4510 conﬁt-m-

2218 4542 2326 4598 Sed
2355 4559 2554 4598 rursus
2598 4560 2795 4601 cavere
2840 4546 3028 4617 debet,
3058 4565 3129 4603 ne
3167 4548 3237 4604 ab
3267 4550 3457 4620 ipsius
3496 4547 3596 4603 Dei
3624 4538 3837 4599 charitale

2217 4647 2333 4702 qua
2361 4632 2748 4688 sanctiﬁcatur
2771 4638 2834 4689 ut
2854 4635 3213 4691 beatissimus
3232 4643 3493 4705 maneat,
3518 4632 3726 4691 alterius
3743 4635 3835 4678 (τκὲ

2215 4725 2381 4789 turm,
2412 4720 2474 4775 id
2504 4725 2591 4777 est
2619 4721 2791 4794 hujus
2827 4724 3113 4780 sensibilis
3140 4727 3343 4781 mundi
3375 4742 3578 4781 amore
3606 4718 3836 4792 separetur-

2216 4810 2341 4863 Non
2369 4808 2546 4879 igitur
2575 4815 2802 4882 separat
2831 4828 2936 4867 nos
2966 4814 3079 4869 alia
3107 4818 3393 4884 creatura,
3421 4813 3693 4887 siquidem
3716 4809 3758 4859 et
3778 4811 3835 4853 ηαξ

2213 4897 2325 4968 ipsi
2346 4903 2607 4954 creatura
2629 4916 2847 4969 sumus,
2861 4918 2893 4957 a
2913 4902 3188 4960 charitate
3211 4904 3329 4972 Dei,
3352 4921 3491 4977 quae
3512 4908 3597 4959 est
3617 4902 3671 4956 in
3689 4891 3837 4952 Chris“

2209 4988 2237 5042 J
2242 5003 2339 5041 esu
2373 4987 2615 5043 Domino
2646 4993 2863 5046 nostro.

2212 5077 2437 5132 CAPUT
2472 5078 2609 5132 xm.
2659 5109 2727 5118 —
2765 5080 2867 5134 Per
2908 5079 3184 5137 Christum
3224 5084 3275 5135 et
3311 5081 3440 5150 ejus
3474 5080 3727 5150 Spiritum
3755 5070 3837 5140 ie

2657 5160 2841 5227 gimur
2866 5159 3310 5230 inseparabiliter
3336 5162 3472 5215 Deo.

2280 5247 2368 5300 2‘2.
2408 5232 2567 5301 Dicat
2597 5247 2766 5302 nobis
2792 5247 2948 5303 idem
2978 5248 3210 5315 Paulus,
3250 5247 3384 5320 quis
3423 5248 3534 5303 iste
3570 5245 3641 5301 sit
3664 5237 3837 5301 Christe

2206 5334 2366 5389 Jesus
2416 5335 2690 5390 Dominus
2737 5340 2965 5393 noster:
3014 5339 3249 5401 Vocatis,
3299 5330 3531 5408 inquit,
3556 5331 3836 5406 praxim“

2271 5424 2283 5456 ί
2312 5422 2396 5471 Er.
2429 5423 2553 5489 Lov.
2585 5428 2638 5474 et
2664 5424 2818 5489 Arna
2844 5427 2969 5489 Ipsa
2997 5428 3231 5489 estquae.
3256 5426 3321 5475 At
3347 5425 3481 5489 Mss.
3506 5427 3561 5489 et
3580 5411 3840 5489 Βαρλμιὶιεξδξ

2203 5496 2332 5550 qua,
2347 5488 2399 5533 et
2418 5485 2606 5550 melius
2624 5501 2636 5535 :
2651 5484 3209 5550 explicaturnimirum
3231 5486 3462 5550 quasilla
3484 5487 3550 5535 sit
3566 5484 3839 5537 ambiendi:-l

2205 5544 2319 5593 vult
2347 5547 2556 5597 animus
2580 5561 2694 5597 esse
2715 5544 2814 5597 Dei
2840 5549 3078 5598 similior.
