4036 6182
195 242 318 293 1321

189 365 463 420 Christum
507 367 605 419 Dei
660 366 923 421 Virtutem
969 370 1020 420 et
1065 366 1161 420 Dei
1205 366 1541 435 Sapientiam
1596 365 1636 435 (Ι
1682 367 1799 422 Cor.
1850 383 1887 431 ι,

187 456 277 521 23,
306 453 414 522 24).
454 453 638 517 Quid?
674 453 795 524 ipse
838 454 1093 509 Christus
1137 470 1327 509 nonne
1368 454 1577 526 inquit,
1622 457 1735 521 Ego
1772 470 1889 511 sum

195 543 451 598 Veritas?
470 541 527 594 Si
549 558 685 613 ergo
710 542 1020 613 quaerimus
1052 542 1189 613 quid
1218 542 1289 596 sit
1312 543 1457 597 bene
1487 543 1695 609 vivere,
1728 543 1784 597 id
1807 547 1891 596 est

190 631 259 686 ad
298 630 711 684 beatitudinem
748 631 894 685 bene
935 630 1171 686 vivendo
1220 631 1472 700 tendere,
1511 631 1568 685 id
1609 632 1715 685 erit
1756 647 1890 701 pro-

190 719 336 774 fecto
367 735 561 773 amare
603 718 903 786 Virtutem,
936 736 1127 773 amare
1158 718 1529 789 Sapientiam,
1563 735 1754 773 amare
1783 721 1888 771 Ve-

191 808 439 874 ritatem,
474 811 529 861 et
567 824 759 861 amare
793 824 859 861 ex
887 811 1007 861 toto
1041 807 1228 873 corde,
1264 812 1319 860 et
1347 824 1413 861 ex
1444 812 1564 861 tota
1593 808 1801 873 anima,
1835 811 1890 860 et

193 914 261 951 ex
288 900 405 950 tota
436 901 660 964 mente;
712 896 987 950 Virtutem
1035 913 1163 967 quae
1210 896 1550 950 inviolabilis
1599 900 1653 950 et
1682 888 1889 950 invicta

193 990 296 1053 est,
329 985 676 1055 Sapientiam
721 985 811 1039 cui
841 985 1084 1039 stultitia
1114 1002 1230 1039 non
1267 985 1537 1053 succedit,
1584 984 1889 1037 Veritatem

193 1089 323 1144 qua:
356 1074 605 1127 converti
633 1078 802 1144 atque
834 1074 999 1128 aliter
1036 1090 1208 1145 quam
1249 1090 1472 1145 semper
1507 1078 1593 1127 est
1626 1090 1747 1127 esse
1787 1074 1888 1127 ha-

192 1162 327 1215 bere
352 1177 470 1215 non
501 1160 674 1215 novit.
708 1163 814 1215 Per
842 1162 987 1215 hanc
1017 1161 1138 1231 ipse
1170 1161 1420 1215 cernitur
1448 1162 1640 1228 Pater;
1676 1160 1889 1214 dictum

196 1255 279 1305 est
324 1251 516 1304 enim:
562 1252 722 1307 Nemo
762 1253 908 1305 venit
933 1250 1007 1305 ad
1052 1253 1281 1316 Patrem,
1320 1251 1431 1304 nisi
1472 1266 1568 1319 per
1597 1266 1678 1303 me
1716 1251 1887 1317 (Joan.

194 1356 306 1408 xw,
347 1339 419 1409 6).
464 1338 605 1392 Huic
644 1338 928 1392 haeremus
966 1356 1068 1409 per
1108 1338 1630 1392 sanctiﬁcationem.
1673 1338 1889 1391 Sancti-

194 1428 345 1482 ficati
376 1428 530 1481 enim
562 1429 731 1506 plena
762 1432 819 1481 et
849 1428 1071 1498 integra
1099 1428 1372 1481 charitate
1408 1427 1736 1497 flagramus,
1779 1442 1891 1496 qua

193 1517 313 1570 sola
353 1515 597 1570 efﬁcitur
634 1520 695 1569 ut
733 1534 763 1569 a
801 1518 914 1569 Deo
957 1532 1071 1569 non
1109 1519 1451 1577 avertamur,
1493 1515 1659 1585 eique
1703 1514 1891 1585 potius

194 1621 367 1676 quam
395 1604 527 1658 huic
556 1604 773 1658 mundo
807 1605 1265 1658 conformemur:
1299 1604 1710 1657 Praedestinavit
1730 1604 1887 1665 enim,

196 1698 259 1747 ut
316 1693 393 1747 ait
438 1693 588 1746 idem
628 1693 952 1763 Apostolus,
998 1695 1293 1759 conformes
1335 1708 1430 1746 nos
1475 1693 1595 1760 ﬁeri
1636 1692 1891 1757 imaginis

192 1784 324 1837 Filii
349 1782 465 1851 ejus
495 1782 667 1850 (Rom.
702 1799 818 1849 VIII,
846 1782 956 1851 29).

267 1874 354 1925 23.
394 1870 481 1924 Fit
507 1886 641 1940 ergo
690 1886 793 1939 per
834 1868 1167 1922 cbaritatem
1202 1872 1262 1922 ut
1290 1866 1713 1921 conformemur
1754 1866 1888 1931 Deo,

195 1963 251 2013 et
282 1976 349 2013 ex
387 1975 453 2014 eo
493 1957 831 2013 conformati
871 1963 1040 2028 atque
1078 1955 1437 2027 conﬁgurati,
1482 1959 1539 2009 et
1576 1952 1895 2008 circumcisi

197 2048 267 2101 ab
301 2048 407 2101 hoc
436 2048 674 2113 mundo,
708 2064 823 2100 non
855 2046 1273 2100 confundamur
1312 2060 1442 2098 cum
1469 2044 1538 2097 iis
1570 2059 1697 2113 quae
1727 2040 1893 2095 nobis

196 2136 407 2190 debent
436 2152 554 2190 esse
577 2136 847 2206 subjecta.
878 2134 963 2189 Fit
986 2138 1177 2188 autem
1206 2134 1314 2187 hoc
1339 2149 1443 2202 per
1472 2131 1745 2202 Spiritum
1773 2146 1895 2183 san-

195 2230 372 2279 ctum.
406 2226 535 2294 Spes
566 2227 727 2293 enim,
758 2223 965 2294 inquit,
995 2240 1101 2276 non
1128 2222 1440 2288 confundit;
1477 2223 1733 2289 quoniam
1758 2220 1893 2273 cha-

193 2318 335 2368 ritas
381 2316 477 2367 Dei
512 2314 719 2382 di,?"usa
752 2317 830 2367 est
873 2298 931 2365 in
963 2311 1211 2365 cordibus
1258 2312 1456 2363 nostris
1492 2324 1591 2378 per
1626 2309 1895 2377 Spiritum

195 2409 439 2458 sanctum
484 2406 580 2473 qui
628 2402 789 2456 datus
828 2406 905 2455 est
952 2402 1102 2454 nobis
1148 2401 1252 2467 (Id.
1296 2417 1350 2464 v,
1394 2399 1466 2469 5).
1507 2399 1672 2452 Nullo
1722 2398 1893 2451 modo

195 2496 388 2545 autem
420 2488 795 2560 redintegrari
836 2504 1133 2558 possemus
1172 2503 1274 2557 per
1304 2486 1580 2556 Spiritum
1612 2489 1889 2551 sanctum,

195 2579 307 2632 nisi
338 2582 393 2632 et
421 2578 540 2649 ipse
572 2593 797 2647 semper
824 2582 881 2631 et
906 2576 1129 2646 integer
1160 2580 1215 2629 et
1243 2572 1725 2627 incommutabilis
1758 2589 1893 2643 per-

192 2671 471 2722 maneret.
504 2666 662 2730 Quod
700 2665 948 2737 profecto
986 2681 1102 2718 non
1132 2667 1341 2734 posset,
1378 2662 1487 2716 nisi
1528 2662 1629 2715 Dei
1670 2666 1893 2714 natura

193 2761 344 2811 esset
371 2772 435 2810 ac
463 2756 640 2826 ipsius
680 2754 1033 2818 substantiae,
1074 2753 1164 2806 cui
1202 2752 1309 2805 soli
1348 2749 1894 2804 incommutabilitas

192 2850 366 2915 atque
402 2849 462 2897 ut
490 2844 567 2896 ita
597 2842 802 2909 dicam,
844 2840 1239 2894 invertibilitas
1281 2856 1506 2909 semper
1548 2842 1633 2891 est
1663 2840 1701 2892 ί.
1731 2839 1893 2893 Crea-

194 2940 321 2988 tura
359 2935 498 2986 enim
547 2948 731 3001 neque
770 2932 877 2984 hoc
916 2946 1043 2999 ego,
1086 2928 1181 2983 sed
1225 2928 1376 2981 idem
1414 2927 1621 2980 Paulus
1661 2926 1886 2989 clamat,

189 3024 431 3076 vanitati
458 3021 701 3089 subjecta
739 3025 814 3073 est
850 3018 955 3088 (Id.
991 3034 1109 3085 Vill,
1138 3017 1248 3086 20).
1287 3017 1481 3085 Neque
1512 3031 1616 3068 nos
1646 3018 1833 3084 potest
1863 3030 1896 3067 a

192 3112 439 3165 vanitate
472 3125 755 3180 separare,
798 3105 1138 3176 veritatique
1179 3109 1533 3171 connectere,
1581 3102 1729 3173 quod
1764 3103 1893 3155 sub-

186 3201 405 3271 jectum
449 3203 533 3252 est
577 3196 827 3250 vanitati.
875 3198 947 3248 Et
994 3193 1099 3247 hoc
1146 3192 1312 3247 nobis
1370 3192 1609 3263 Spiritus
1669 3195 1895 3245 sanctus

192 3292 460 3360 pratstat:
486 3289 744 3340 creatura
766 3284 943 3354 igitur
965 3299 1077 3336 non
1104 3289 1207 3336 est.
1236 3279 1380 3345 Quia
1409 3295 1577 3334 omne
1605 3280 1757 3351 quod
1790 3284 1893 3345 est,

192 3381 299 3431 aut
331 3378 499 3443 Deus,
531 3378 630 3428 aut
658 3377 918 3427 creatura
945 3375 1047 3425 est.

270 3466 490 3520 CAPUT
529 3463 661 3517 XIV.
706 3490 770 3501 -—
815 3461 1077 3513 Trinitati
1120 3472 1325 3512 summo
1374 3457 1504 3511 bono
1543 3456 1826 3512 dilectione

908 3547 1186 3599 haeremus.

269 3638 357 3691 2i.
393 3636 572 3688 Deum
602 3635 769 3703 ergo'
791 3631 1029 3701 diligere
1057 3630 1328 3685 debemus
1352 3629 1560 3683 trinam
1589 3628 1894 3700 quamdam

188 3724 499 3786 unitatem,
524 3723 749 3775 Patrem
772 3724 827 3773 et
852 3719 1053 3773 Filium
1068 3723 1123 3772 et
1137 3718 1411 3789 Spiritum
1434 3722 1715 3783 sanctum,
1740 3717 1895 3787 quod

189 3812 345 3869 nihil
396 3811 549 3867 aliud
595 3810 779 3865 dicam
819 3825 961 3875 esse,
993 3808 1106 3862 nisi
1143 3808 1393 3879 idipsum
1441 3824 1579 3862 esse.
1616 3810 1710 3862 Est
1741 3807 1895 3860 enim

189 3920 328 3958 vere
360 3916 697 3971 summeque
726 3900 894 3965 Deus,
931 3914 997 3952 ex
1028 3913 1132 3967 quo
1153 3900 1352 3962 omnia,
1380 3913 1481 3966 per
1510 3911 1665 3965 quem
1694 3897 1893 3961 omnia,

191 3995 268 4048 in
297 4007 399 4059 quo
429 3992 608 4044 omnia
631 4008 646 4042 :
671 3989 793 4042 haec
814 3988 983 4041 verba
1000 3986 1159 4041 Pauli
1189 3990 1341 4039 sunt.
1376 3984 1523 4049 Quid
1546 3985 1750 4039 deinde
1773 3984 1901 4038 sub-

189 4080 360 4152 jicit?
387 4082 504 4149 Ipsi
532 4080 709 4145 gloria
744 4079 909 4145 (Rom.
944 4092 1017 4143 x1,
1054 4075 1166 4144 36).
1212 4073 1601 4129 Sincerissime
1640 4072 1894 4128 omnino.

198 4171 399 4239 Neque
435 4167 590 4222 enim
622 4166 719 4232 ait,
751 4164 927 4235 ipsis:
960 4179 1092 4217 nam
1132 4178 1283 4216 unus
1314 4166 1399 4215 est
1433 4163 1606 4216 Deus.
1644 4161 1791 4225 Quid
1820 4163 1903 4214 est

198 4261 418 4323 autem,
451 4259 563 4326 ipsi
581 4257 777 4323 gloria,
814 4294 828 4319 ,
860 4252 969 4306 nisi
992 4251 1102 4321 ipsi
1130 4250 1347 4319 optima
1377 4254 1433 4303 et
1461 4265 1685 4303 summa
1708 4253 1763 4303 et
1792 4250 1902 4302 late

180 4351 404 4418 patens
433 4344 621 4400 fama?
652 4345 874 4408 Quanto
897 4340 1049 4395 enim
1076 4338 1280 4393 melius
1301 4340 1472 4407 atque
1504 4336 1766 4391 diffusius
1800 4335 1902 4390 dif-

198 4435 469 4500 famatur,
525 4436 683 4487 tanto
732 4429 991 4501 diligitur
1021 4434 1077 4483 et
1109 4431 1332 4483 amatur
1380 4425 1691 4481 ardentius.
1740 4424 1903 4488 Quod

200 4540 335 4579 cum
364 4524 449 4593 ﬁt,
478 4522 624 4577 nihil
650 4521 804 4576 aliud
833 4520 909 4574 ab.
933 4519 1187 4573 humano
1218 4531 1430 4588 genere
1462 4530 1635 4586 quam
1666 4517 1818 4568 certo
1848 4517 1907 4567 et

201 4612 489 4667 constanti
536 4610 713 4681 gradu
764 4610 825 4663 in
866 4607 1145 4678 optimam
1193 4605 1373 4659 vitam
1413 4608 1469 4658 et
1513 4602 1905 4657 beatissimam

200 4700 483 4773 pergitur.
518 4700 645 4753 Non
666 4698 909 4752 arbitror
929 4711 1060 4749 cum
1082 4695 1151 4748 de
1176 4692 1434 4747 moribus
1461 4696 1515 4746 et
1534 4691 1649 4745 vita
1670 4691 1735 4745 ﬁt
1756 4707 1907 4761 qua).-

201 4789 336 4857 stio,
384 4787 632 4858 amplius
680 4802 800 4840 esse
854 4783 1286 4854 requirendum,
1332 4779 1488 4851 quod
1530 4779 1603 4833 sit
1655 4778 1907 4833 hominis

203 4893 500 4932 summum
528 4877 767 4940 bonum,
800 4888 913 4943 quo
938 4870 1235 4925 referenda
1256 4874 1390 4922 sunt
1411 4867 1625 4923 omnia.
1660 4869 1721 4923 Id
1754 4868 1907 4922 enim

204 4982 330 5021 esse
360 4963 564 5034 patuit,
597 4966 652 5015 et
694 4961 917 5015 ratione
950 4962 1231 5029 quantum
1261 4957 1565 5023 valuimus,
1597 4960 1655 5010 et
1684 4973 1750 5010 ea
1779 4972 1907 5027 quae

202 5055 420 5107 nostra:
449 5048 657 5103 rationi
681 5048 967 5102 antecellit
987 5046 1320 5101 auctoritate
1356 5045 1568 5114 divina,
1588 5043 1733 5097 nihil
1752 5043 1908 5097 aliud

206 5155 385 5212 quam
414 5138 603 5209 ipsum
635 5139 832 5191 Deum.
859 5137 999 5189 Nam
1031 5135 1169 5207 quid
1195 5135 1302 5189 erit
1329 5134 1486 5188 aliud
1507 5132 1787 5203 optimum
1808 5131 1909 5186 ho-

205 5229 405 5297 minis,
452 5225 561 5281 nisi
599 5225 690 5279 cui
727 5225 1009 5278 inhaerere
1048 5228 1133 5278 est
1163 5220 1597 5277 beatissimum?
1628 5220 1691 5273 Id
1721 5226 1912 5274 autem

276 5320 290 5351 1
312 5317 555 5377 Quinque
579 5314 724 5371 Mss.,
746 5312 1218 5362 inconvertibilitas
1238 5313 1548 5374 semperest.
1569 5308 1805 5368 Aliiduo,
1826 5308 1911 5357 in-

209 5378 653 5431 conversibtlitas.

277 5443 298 5476 ²
320 5443 440 5490 Lov.
475 5444 526 5489 et
564 5439 708 5495 Arn.,
738 5436 871 5486 dum
901 5448 1033 5498 ergo.
1064 5435 1424 5491 Restituimus,
1471 5437 1639 5482 Deum
1670 5444 1815 5493 ergo,
1850 5445 1910 5478 ex

213 5506 334 5552 Mss.
364 5508 416 5551 et
446 5503 563 5550 aliis
593 5500 932 5550 editionibue'.

570 5602 846 5665 PATROL.
899 5595 1149 5662 XXXII.

1674 242 1887 300 LIBER
1926 242 2209 302 PRIMUS.

3557 261 3577 311 t
3590 260 3692 313 322

2002 371 2086 421 est
2115 368 2269 422 solus
2306 368 2475 437 Deus,
2519 368 2607 423 cui
2653 369 2871 424 haerere
2903 375 3051 428 certe
3102 388 3219 428 non
3266 375 3543 445 valemus,
3580 380 3700 434 nisi

2002 454 2323 522 dilectione,
2355 473 2570 525 amore,
2602 457 2893 514 charitate.

2080 544 2303 600 CAPUT
2328 547 2432 600 XV.
2463 577 2528 586 —
2560 547 2803 612 Quatuor
2826 551 3051 604 virtutes
3074 550 3268 622 deﬁnit
3292 555 3608 610 christiane.

2069 635 2157 687 25.
2212 635 2373 698 Quod
2420 635 2467 688 si
2519 635 2698 689 virtus
2750 636 2820 689 ad
2875 636 3099 691 beatam
3150 641 3325 697 vitam
3368 661 3472 698 nos
3514 645 3690 708 ducit,

2000 720 2145 775 nihil
2168 722 2402 776 omnino
2416 738 2535 777 esse
2552 723 2818 777 virtutem
2832 724 3256 794 affirmaverim,
3275 730 3385 784 nisi
3402 748 3692 786 summum

2002 824 2253 863 amorem
2281 810 2402 865 Dei.
2428 811 2682 881 Namque
2706 811 2840 866 illud
2863 811 3026 882 {quod
3057 816 3469 886 quadripartita
3489 821 3697 877 dicitur

1999 897 2195 963 virtus,
2229 914 2294 953 ex
2333 898 2511 970 ipsius
2541 901 2748 954 amoris
2776 901 2931 955 vario
2973 903 3225 971 quodam
3257 906 3481 973 affectu,
3514 925 3694 978 quan-

1998 990 2123 1039 tum
2168 986 2450 1058 intelligo,
2492 989 2717 1044 dicitur.
2752 991 2947 1060 Itaque
2979 990 3104 1044 illas
3143 997 3389 1063 quatuor
3438 995 3695 1065 virtutes,

2000 1089 2246 1144 quarum
2278 1076 2496 1131 utinam
2544 1077 2623 1131 ita
2662 1078 2734 1131 sit
2770 1078 2829 1131 in
2862 1078 3146 1133 mentibus
3171 1080 3253 1134 vis
3284 1079 3326 1148 ‘,
3370 1087 3433 1136 ut
3461 1084 3698 1138 nomina

1999 1161 2059 1215 in
2090 1179 2186 1217 ore
2218 1170 2349 1219 sunt
2375 1165 2657 1235 omnium,
2688 1166 2767 1220 sic
2797 1167 2969 1221 etiam
2997 1167 3235 1223 delinire
3269 1187 3385 1225 non
3416 1172 3693 1241 dubitem,

1998 1256 2065 1303 ut
2095 1254 2470 1322 temperantia
2492 1254 2563 1307 sit
2592 1271 2754 1307 amor
2780 1255 3069 1325 integrum
3098 1274 3154 1311 se
3180 1258 3440 1328 praebens
3463 1261 3515 1313 ei
3541 1262 3695 1331 quod

2001 1343 2225 1391 amatur
2248 1356 2261 1404 ;
2289 1340 2582 1405 fortitudo,
2611 1357 2771 1393 amor
2791 1341 2952 1395 facile
2977 1343 3225 1397 tolerans
3247 1346 3439 1399 omnia
3465 1353 3699 1418 propter

2002 1427 2155 1496 quod
2203 1432 2465 1493 amatur;
2502 1428 2744 1496 justitia,
2779 1446 2941 1483 amor
2980 1432 3083 1484 soli
3122 1438 3309 1487 amato
3341 1436 3609 1502 serviens,
3644 1442 3702 1491 ct

2002 1517 2307 1585 propterea
2329 1520 2479 1568 recte
2503 1516 2807 1569 dominans
2832 1534 2843 1582 ;
2868 1518 3199 1588 prudentia,
3223 1536 3386 1573 amor
3406 1538 3473 1575 ea
3494 1523 3701 1592 quibus

2001 1602 2301 1672 adjuvatur
2329 1603 2399 1657 ab
2438 1603 2519 1656 eis
2549 1604 2759 1673 quibus
2787 1604 3117 1675 impeditur,
3150 1606 3429 1677 sagaciter
3459 1608 3701 1678 seligens

2001 1690 2108 1743 Sed
2153 1690 2305 1743 hunc
2352 1707 2607 1744 amorem
2638 1708 2757 1745 non
2788 1693 3107 1762 cujuslibet,
3140 1695 3238 1748 sed
3273 1696 3374 1748 Dei
3404 1712 3522 1749 esse
3554 1695 3699 1749 dixi-

2001 1792 2155 1845 mus,
2188 1776 2243 1830 id
2275 1782 2358 1831 est
2389 1780 2595 1832 summi
2625 1780 2781 1845 boni,
2815 1796 3053 1835 summae
3082 1782 3394 1851 sapientiae,
3432 1799 3699 1836 summae-

2003 1881 2115 1935 que
2145 1866 2485 1921 concordim.
2516 1868 2700 1930 Quare
2727 1867 2962 1922 deﬁnire
2990 1869 3161 1922 etiam
3193 1869 3271 1922 sic
3298 1870 3444 1935 licet,
3476 1875 3538 1924 ut
3562 1874 3703 1924 tem-

2002 1954 2323 2022 perantiam
2355 1954 2608 2009 dicamus
2640 1972 2760 2009 esse
2799 1972 3051 2011 amorem
3097 1958 3211 2010 Deo
3239 1957 3377 2026 :sese
3412 1958 3701 2028 integrum

2004 2040 2517 2114 incorruptumque
2560 2050 2916 2112 servantem;
2972 2046 3390 2113 fortitudinem,
3448 2063 3701 2101 amorem

2002 2130 2194 2183 omnia
2236 2137 2469 2202 propter
2528 2134 2707 2187 Deum
2750 2133 2912 2187 facile
2948 2133 3370 2204 perferentem;
3398 2135 3703 2206 justitiam,

2006 2233 2258 2273 amorem
2292 2221 2404 2274 Deo
2427 2224 2647 2274 tantum
2671 2222 3029 2288 servientem,
3055 2226 3110 2275 et
3130 2223 3201 2276 ob
3223 2223 3332 2277 hoc
3358 2224 3501 2278 bene
3525 2224 3698 2295 impe-

2005 2312 2228 2362 rantem
2250 2309 2467 2363 caeteris
2482 2326 2609 2379 quae
2624 2310 2848 2363 homini
2861 2312 3112 2381 subjecta
3126 2316 3288 2379 sunt;
3309 2313 3701 2382 prudentiam,

2007 2412 2257 2449 amorem
2297 2397 2441 2450 bene
2489 2398 2905 2451 discernentem
2957 2414 3024 2451 ea
3068 2399 3276 2469 quibus
3307 2401 3606 2471 adjuvetur
3644 2401 3702 2455 in

2007 2487 2208 2551 Deum,
2242 2485 2311 2538 ab
2342 2484 2410 2538 iis
2440 2486 2646 2557 quibus
2676 2486 2941 2556 impediri
2970 2491 3176 2557 potest.

2005 2574 2230 2628 CAPUT
2262 2575 2394 2629 XVI.
2429 2604 2496 2612 -—
2541 2575 2869 2628 Testamenti
2915 2575 3124 2629 Veteris
3155 2581 3205 2629 et
3233 2578 3369 2633 Novi
3397 2582 3698 2633 concentus.

2077 2665 2163 2715 26.
2200 2662 2296 2714 His
2334 2662 2401 2715 de
2441 2661 2682 2731 singulis
2718 2662 3021 2719 virtutibus
3058 2663 3294 2732 quinam
3326 2664 3549 2719 vivendi
3580 2682 3700 2719 mo-

2009 2750 2112 2803 dus
2150 2749 2407 2811 ducatur,
2439 2749 2634 2818 paucis
2686 2749 3005 2819 explicabo,
3057 2750 3104 2803 si
3152 2750 3313 2819 prius
3362 2752 3703 2806 testimoniis

2006 2837 2146 2891 Novi
2167 2836 2529 2899 Testamenti,
2557 2836 2763 2906 quibus
2786 2842 2918 2890 utor
2938 2838 3058 2907 jam
3086 2837 3205 2907 diu,
3235 2838 3303 2891 de
3324 2839 3508 2892 Veteri
3531 2840 3699 2892 etiam

2005 2923 2186 2994 paria,
2232 2926 2295 2976 ut
2323 2923 2609 2993 pollicitus
2637 2940 2783 2989 sum,
2817 2940 3215 2994 comparavero
3247 2925 3346 2995 (a).
3375 2926 3519 2979 Num
3549 2927 3701 2979 enim

2006 3011 2216 3066 Paulus
2238 3014 2460 3064 tantum
2481 3011 2634 3076 dicit,
2661 3012 2773 3065 Deo
2795 3028 2900 3065 nos
2923 3028 3041 3065 esse
3067 3012 3275 3067 debere
3302 3013 3633 3083 subjunctos
3660 3018 3703 3082 ³,

2006 3102 2085 3156 ita
2115 3106 2177 3156 ut
2204 3102 2264 3155 in
2291 3101 2480 3155 medio
2510 3102 2660 3172 quod
2690 3106 2915 3173 separet
2942 3102 3083 3156 nihil
3110 3103 3226 3158 sit?
3258 3104 3457 3158 Nonne
3488 3109 3542 3158 et
3568 3121 3702 3173 pro-

2004 3191 2179 3261 pheta
2235 3189 2695 3244 commodissime
2752 3192 2861 3244 hoc
2911 3195 2967 3245 et
3021 3190 3350 3245 brevissime
3399 3192 3701 3263 signiﬁcat,

2008 3296 2137 3334 cum
2170 3279 2343 3333 dicit:
2396 3281 2535 3334 Mihi
2565 3284 2743 3333 autem
2786 3279 3059 3334 adhaerere
3102 3284 3211 3336 Deo
3254 3282 3443 3335 bonum
3470 3266 3700 3351 1"(Psal.

2008 3385 2173 3435 Lxxu,
2206 3368 2314 3437 28.)
2348 3368 2550 3423 Nonne
2586 3368 2740 3438 quod
2770 3367 2850 3422 ibi
2885 3367 3158 3424 latissime
3201 3370 3271 3423 de
3314 3368 3586 3423 charitate
3618 3368 3703 3423 di-

2009 3461 2160 3511 ctum
2186 3460 2286 3516 est,
2315 3456 2408 3510 hic
2429 3473 2540 3510 uno
2558 3457 2729 3510 verbo
2751 3456 3079 3511 continetur
3101 3458 3253 3527 quod
3278 3458 3378 3517 ait,
3401 3459 3662 3511 inhaerm'e
3678 3457 3707 3510 9

2009 3545 2147 3599 item
2173 3544 2324 3615 quod
2355 3544 2584 3606 addidit,
2619 3544 2812 3597 bonum
2841 3549 2939 3613 est,
2968 3560 3161 3598 nonne
3191 3545 3262 3599 ad
3282 3545 3419 3599 illud
3452 3544 3703 3614 respicit,

2009 3633 2165 3702 quod
2194 3631 2273 3685 ibi
2298 3631 2550 3700 positum
2581 3636 2684 3694 est,
2723 3632 3080 3697 Diligentibus
3114 3636 3281 3687 Deum
3310 3637 3492 3687 omnia
3524 3648 3703 3702 proce-

2010 3721 2148 3775 dunt
2176 3722 2235 3774 in
2266 3720 2459 3776 bonum
2487 3722 2659 3789 (Rom.
2698 3736 2811 3786 vm,
2845 3723 2933 3789 35,
2962 3719 3050 3790 28)
3073 3719 3100 3771 ?
3128 3720 3207 3774 ita
3236 3726 3300 3775 ut
3326 3737 3444 3775 una
3473 3724 3705 3774 senten-

2009 3808 2146 3863 tiola
2191 3807 2527 3877 duobusque
2558 3807 2742 3861 verbis
2791 3808 3071 3878 propheta
3101 3812 3158 3862 et
3201 3808 3317 3862 vim
3360 3812 3416 3863 et
3457 3809 3701 3863 fructum

2010 3896 2301 3951 charitatis
2330 3895 2609 3949 ostendat.

2080 3990 2171 4039 27.
2206 3986 2462 4055 Cumque
2497 3983 2577 4038 ibi
2607 3982 2819 4037 dictum
2864 3983 2955 4049 sit,
2989 3986 3087 4039 Dei
3120 3985 3348 4052 Filium,
3382 3984 3485 4040 Dei
3516 3984 3704 4040 Virtu-

2010 4078 2127 4129 tem
2172 4089 2291 4127 esse
2342 4077 2513 4143 atque
2567 4071 2915 4141 Sapientiam
2960 4072 3006 4140 (Ι
3044 4074 3165 4129 Cor.
3211 4091 3250 4140 ι,
3291 4073 3419 4142 24);
3463 4089 3708 4142 cumque

2011 4161 2190 4215 virtus
2219 4160 2291 4215 ad
2320 4159 2736 4231 operationem,
2771 4159 3047 4230 sapientia
3074 4176 3207 4214 vero
3238 4161 3305 4215 ad
3345 4161 3708 4230 disciplinam

2012 4249 2300 4319 pertinere
2348 4245 2703 4318 intelligatur
2742 4247 2919 4317 (unde
2966 4248 3026 4300 in
3075 4246 3376 4317 Evangelio
3426 4248 3539 4300 duo
3587 4246 3713 4315 ipsa

2015 4335 2333 4407 signantur,
2380 4352 2509 4389 cum
2544 4335 2772 4401 dicitur,
2810 4336 3001 4390 Omnia
3026 4351 3127 4403 per
3155 4337 3335 4403 ipsum
3362 4335 3515 4399 facta
3542 4338 3703 4396 sunt;

2014 4440 2149 4479 nam
2181 4425 2287 4478 hoc
2315 4422 2664 4495 operationis
2698 4428 2868 4494 atque
2897 4422 3124 4476 virtutis
3154 4428 3275 4475 est:
3312 4420 3517 4475 deinde
3557 4422 3712 4491 quod

2016 4512 2088 4567 ad
2124 4511 2481 4582 disciplinam
2513 4511 2745 4582 verique
2785 4510 3172 4581 cognitionem
3211 4508 3437 4575 attinet,
3466 4511 3537 4562 Et
3573 4512 3710 4575 vita,

2016 4600 2226 4670 inquit,
2258 4605 2374 4655 erat
2432 4602 2529 4654 luo:
2580 4601 2851 4656 hominum
2900 4596 3160 4668 [Joan.1,
3204 4599 3255 4663 3,
3303 4594 3403 4667 4]:
3452 4595 3714 4666 potuitne

2019 4688 2333 4759 quidquam
2350 4688 2534 4759 magis
2556 4687 2859 4741 concinere
2882 4685 2970 4739 his
2986 4684 3331 4739 testimoniis
3355 4684 3496 4738 Novi
3518 4686 3713 4739 Testa-

2017 4778 2217 4843 menti,
2251 4793 2421 4848 quam
2454 4776 2595 4830 illud
2634 4774 2790 4845 quod
2838 4773 2899 4826 in
2942 4774 3140 4827 Vetere
3180 4764 3394 4826 dictum
3425 4777 3509 4827 est
3535 4773 3603 4827 de
3634 4788 3718 4827 sa-

2017 4865 2233 4935 pientia
2260 4867 2508 4931 Attingit
2538 4868 2716 4917 autem
2746 4878 2780 4915 a
2808 4864 2912 4929 ﬁne
2935 4876 3105 4929 usque
3125 4863 3185 4914 in
3210 4864 3367 4930 ﬁnem
3395 4863 3634 4928 fortiter,
3668 4865 3719 4914 et

2020 4955 2262 5025 disponit
2306 4956 2486 5007 omnia
2534 4950 2816 5005 suaviter?
2862 4950 3121 5019 Namque
3170 4949 3450 5019 attingere
3496 4948 3719 5001 fortiter

2022 5042 2205 5112 magis
2234 5042 2507 5095 virtutem
2542 5038 2862 5109 signiﬁcat:
2893 5038 3198 5109 disponere
3229 5043 3419 5093 autem
3451 5037 3714 5097 suaviter,

2023 5130 2187 5202 quasi
2216 5134 2398 5183 artem
2427 5129 2608 5199 ipsam
2635 5130 2807 5198 atque
2830 5126 3131 5181 rationem.
3155 5126 3257 5181 Sed
3288 5126 3335 5179 si
3363 5126 3471 5179 hoc
3498 5124 3721 5177 videtur

2088 5243 2548 5307 1Theodoricensis
2562 5242 2747 5307 codex):
2764 5243 2846 5307 Ita
2858 5240 2929 5291 sit
2942 5238 3169 5307 affectus
3183 5237 3502 5307 iumen/hibus
3512 5240 3717 5307 vestris.

2024 5305 2353 5356 Arnulfensis
2371 5320 2381 5352 :
2401 5307 2489 5355 Ita
2500 5304 2767 5354 sitnotitia
2787 5304 2841 5352 in
2862 5299 3121 5351 mentibus
3132 5300 3336 5351 vestris.
3367 5299 3723 5347 Cisterciensis

2027 5370 2239 5417 demum
2275 5367 2460 5415 habet:
2494 5368 2579 5429 Ita
2614 5364 3121 5429 essentgeﬂ'ectusuin
3150 5362 3419 5429 mentibus
3440 5360 3658 5429 uestris.

2090 5432 2182 5477 9111
2198 5430 2427 5495 egcusis,
2440 5428 2713 5495 subjectos.
2727 5428 2792 5495 At
2804 5422 3165 5495 in'potioribus
3175 5425 3293 5471 Mss.
3306 5460 3317 5481 ,
3338 5422 3456 5485 subj
3462 5426 3659 5473 unctos.

2100 5494 2168 5551 ((1)
2202 5491 2331 5538 Vide
2362 5488 2587 5538 Retract.
2621 5490 2710 5538 lib.
2746 5494 2789 5549 l,
2821 5488 2934 5551 cap.
2966 5492 3014 5546 '1,
3049 5501 3102 5534 n.
3140 5488 3185 5533 2.

2682 5630 2687 5633 -
2743 5579 3373 5667 (Quarante-deux.)
