4036 6182
476 250 614 303 1323

472 370 798 435 obscurum,
830 368 959 424 vide
1005 382 1133 439 quas
1174 367 1525 437 sequuntur:
1553 365 1626 417 Et
1659 363 1916 425 omnium,
1951 357 2163 429 inquit,

469 461 727 514 Dominus
757 459 955 513 dilexit
981 458 1132 511 illam
1158 473 1170 510 :
1200 455 1413 509 doctrizc
1443 456 1521 506 est
1544 452 1683 504 enim
1714 449 2018 518 disciplina:
2048 448 2161 513 Dei,

468 555 518 604 et
552 551 777 606 electria:
823 564 1043 618 operum
1075 547 1242 601 illius.
1300 543 1536 598 Videtur
1581 540 1674 595 hic
1721 539 1864 593 nihil
1910 538 2067 592 aliud
2095 538 2164 592 de

470 638 801 709 operatione
834 637 1050 691 dictum
1078 654 1093 701 ;
1131 650 1246 687 non
1276 631 1429 686 enim
1460 631 1569 684 hoc
1604 632 1688 683 est
1721 628 1932 698 eligere
1968 643 2162 697 opera,

468 727 619 799 quod
659 725 922 796 operari:
973 740 1108 794 ergo
1138 723 1258 777 haec
1309 721 1379 775 ad
1423 717 1784 789 disciplinam
1832 715 2163 786 pertinent;

470 833 613 887 opus
638 814 833 869 virtuti
863 813 1118 879 debetur,
1146 815 1211 865 ut
1238 809 1311 863 sit
1342 808 1534 879 plena,
1569 821 1744 877 quam
1775 805 2037 858 volumus
2066 803 2164 858 de-

470 908 813 972 monstrare,
847 901 1148 956 sententia.
1194 901 1338 968 Lege
1371 897 1551 968 igitur
1581 894 1848 964 deinceps
1879 892 2035 964 quod
2064 908 2164 946 an-

469 1008 681 1048 nexum
713 996 817 1046 est.
853 989 1008 1057 Quod
1036 992 1086 1043 si
1124 989 1343 1042 honesta
1373 990 1469 1051 est,
1501 983 1710 1054 inquit,
1754 980 2019 1052 possessio
2050 996 2168 1049 quae

469 1083 865 1150 concupiscitur
894 1081 951 1133 in
977 1081 1116 1140 vita,
1148 1075 1284 1147 quid
1313 1076 1584 1144 sapientia
1614 1077 1691 1126 est
1723 1073 2014 1136 honestius,
2050 1086 2170 1139 qua:

469 1172 651 1225 omnia
684 1170 989 1237 operatur?
1032 1169 1297 1220 Potestne
1339 1162 1653 1233 quidquam
1693 1158 2025 1230 praeclarius
2070 1162 2169 1213 aut

470 1257 848 1323 manifestius,
901 1260 998 1309 aut
1035 1270 1171 1308 vero
1204 1251 1376 1306 etiam
1410 1249 1641 1303 uberius
1670 1247 1964 1319 proferri?
2019 1244 2167 1300 Audi

469 1346 648 1412 aliud,
680 1345 729 1398 si
760 1360 961 1415 parum
999 1346 1187 1413 putas,
1219 1340 1372 1411 quod
1405 1338 1557 1392 idem
1585 1341 1783 1391 sonet:
1819 1336 2167 1391 Sobrietatem

467 1437 608 1487 enim
652 1434 926 1501 sapientia
960 1430 1129 1495 docet,
1164 1428 1370 1497 inquit,
1404 1431 1454 1479 et
1487 1427 1769 1494 justitiam
1798 1429 1848 1479 et
1892 1426 2163 1478 virtutem.

466 1520 750 1575 Sobrietas
773 1519 914 1572 mihi
939 1518 1009 1571 ad
1035 1517 1214 1586 ipsam
1243 1514 1625 1584 cognitionem
1646 1512 1764 1566 veri
1787 1512 2008 1566 videtur
2038 1526 2167 1582 per-

470 1608 674 1671 tinere,
708 1608 766 1661 id
799 1612 884 1661 est
914 1607 982 1659 ad
1029 1604 1417 1675 disciplinam:
1461 1601 1680 1673 justitia
1727 1617 1859 1655 vero
1908 1605 1964 1654 et
1995 1599 2167 1653 virtus

470 1696 541 1750 ad
571 1682 854 1749 actionem
893 1697 1061 1763 atque
1109 1691 1176 1746 ad
1226 1689 1640 1760 operationem.
1677 1688 1892 1752 Quibus
1921 1688 2166 1756 duobus,

470 1783 527 1836 id
573 1787 657 1836 est
709 1781 917 1852 agendi
954 1778 1223 1838 efﬁcacia,
1276 1782 1332 1831 et
1376 1778 1680 1831 sobrietate
1725 1776 2165 1845 contemplandi,

470 1886 599 1941 quae
652 1871 751 1924 Dei
788 1870 978 1922 Virtus
1028 1872 1082 1921 et
1134 1867 1232 1921 Dei
1273 1864 1582 1936 Sapientia,
1624 1865 1681 1919 id
1724 1869 1809 1918 est
1840 1864 1937 1918 Dei
1972 1864 2166 1931 Filius,

471 1958 835 2014 dilectoribus
854 1957 969 2011 suis
993 1956 1188 2023 donat,
1211 1954 1352 2026 quid
1376 1954 1831 2024 comparandum
1859 1953 1933 2006 sit
1954 1952 2163 2021 nescio,

470 2064 602 2101 cum
635 2046 787 2101 idem
813 2046 1094 2116 propheta
1124 2044 1317 2098 statim
1351 2044 1499 2098 dicat
1525 2043 1723 2113 quanti
1748 2043 1862 2096 sint
1892 2042 2000 2095 ista
2028 2058 2171 2112 pen-

472 2137 688 2191 denda:
715 2152 851 2189 nam
876 2135 956 2188 ita
984 2133 1239 2204 positum
1269 2138 1375 2198 est,
1406 2133 1772 2188 Sobrietatem
1794 2133 1934 2185 enim
1956 2133 2171 2199 sapien-

474 2228 553 2279 tia
595 2225 762 2291 docet,
799 2226 849 2276 et
879 2223 1175 2291 justitiam,
1210 2227 1259 2276 et
1286 2224 1559 2289 virtutem,
1593 2221 1788 2289 quibus
1814 2222 2005 2275 utilius
2029 2220 2170 2273 nihil

475 2317 552 2367 est
580 2314 637 2365 in
668 2314 784 2365 vita
823 2311 1124 2364 hominibus
1156 2308 1247 2378 (a).

542 2403 629 2454 28.
672 2400 803 2453 Haec
842 2399 1077 2453 fortasse
1112 2396 1399 2467 quispiam
1431 2412 1548 2450 non
1577 2396 1645 2450 de
1688 2395 1831 2450 Filio
1883 2395 1984 2449 Dei
2021 2394 2170 2449 dicta

473 2505 594 2543 esse
619 2487 945 2541 arbitretur.
970 2485 1118 2550 Quid
1148 2501 1283 2555 ergo
1315 2484 1470 2538 aliud
1502 2484 1748 2538 ostendit
1776 2485 1928 2555 quod
1955 2484 2170 2538 dictum

473 2581 578 2641 est,
596 2575 1015 2630 Generositatem
1029 2576 1364 2642 magniﬁcat,
1387 2573 1791 2627 contubernium
1817 2573 2015 2626 habens
2032 2574 2126 2626 Dei
2145 2575 2173 2626 ?

476 2668 625 2736 (Sap.
656 2680 772 2732 vm,
800 2666 869 2734 3).
892 2664 979 2718 An
998 2679 1129 2716 vero
1150 2660 1498 2732 generositas
1520 2661 1660 2715 solet
1681 2660 1998 2731 signiﬁcare
2015 2660 2171 2715 aliud

475 2771 647 2826 quam
678 2757 943 2825 parentes
964 2751 991 2805 ?
1021 2749 1477 2806 Contubernium
1504 2766 1636 2803 vero
1670 2765 1857 2803 nonne
1884 2765 2014 2803 cum
2043 2748 2169 2819 ipso

471 2846 633 2914 patre
661 2840 1046 2913 aequalitatem
1069 2840 1275 2893 clamat
1306 2843 1476 2909 atque
1499 2837 1744 2892 asserit?
1775 2837 2006 2904 Deinde,
2039 2854 2171 2891 cum

474 2932 683 2985 Paulus
726 2931 875 2985 dicat
921 2929 1126 2983 Filium
1183 2927 1280 2982 Dei
1320 2944 1439 2981 esse
1488 2926 1835 2997 Sapientiam
1863 2927 1907 2998 (Ι
1953 2929 2072 2983 Cor.
2120 2930 2168 2993 1,

472 3019 590 3089 24);
622 3024 678 3072 et
721 3019 839 3088 ipse
886 3017 1182 3083 Dominus,
1230 3018 1393 3073 Nemo
1430 3018 1579 3070 novit
1615 3018 1852 3083 Patrem,
1890 3017 2004 3070 nisi
2040 3018 2168 3069 uni-

471 3110 684 3173 genitus
731 3107 903 3159 Filius
932 3105 1144 3174 (Matth.
1180 3119 1253 3169 x1,
1286 3104 1400 3173 2‘7),
1431 3102 1569 3173 quid
1598 3101 1787 3173 potuit
1814 3120 1847 3156 a
1889 3103 2172 3174 propheta

473 3193 875 3265 congruentius
923 3191 1053 3258 dici,
1104 3207 1277 3262 quam
1326 3191 1468 3245 illud
1510 3192 1661 3262 quod
1707 3192 1922 3245 dictum
1957 3195 2059 3259 est,
2098 3195 2171 3246 Et

478 3287 646 3336 tecum
680 3283 961 3350 Sapientia
990 3296 1108 3349 qum
1134 3282 1283 3333 novit
1318 3295 1479 3348 opera
1515 3284 1627 3346 tua,
1670 3294 1788 3349 quae
1819 3279 2003 3346 adfuit
2045 3284 2169 3334 tunc

475 3386 594 3425 cum
613 3370 791 3424 orbem
820 3372 1088 3423 terrarum
1115 3369 1339 3434 faceres,
1377 3372 1428 3421 et
1450 3368 1651 3422 sciebat
1677 3368 1814 3437 quid
1835 3369 2169 3438 placiturum

475 3463 609 3514 esset
632 3459 798 3513 oculis
820 3460 929 3513 tuis
953 3460 980 3511 ?
1006 3458 1155 3525 (Sap.
1189 3472 1260 3522 1x,
1297 3455 1368 3524 9.)
1400 3454 1564 3519 Quod
1585 3460 1779 3509 autem
1809 3456 2065 3511 Christus
2086 3461 2169 3511 est

474 3548 702 3618 veritas,
741 3547 894 3618 quod
937 3546 1091 3600 idem
1136 3544 1456 3599 ostenditur
1503 3560 1632 3598 cum
1681 3544 1949 3615 splendor
1987 3546 2168 3600 Patris

472 3640 835 3707 nuncupatur
872 3636 1055 3703 (Hebr.
1087 3651 1121 3697 ι,
1165 3634 1246 3701 3);
1301 3649 1417 3687 non
1448 3636 1531 3687 est
1562 3632 1717 3687 enim
1749 3634 2067 3706 quidquam
2106 3635 2166 3688 in

472 3726 710 3780 circuitu
739 3724 893 3790 solis,
935 3723 1041 3776 nisi
1070 3722 1339 3793 splendor
1368 3722 1488 3792 ipse
1519 3738 1692 3792 quem
1721 3722 1907 3793 gignit
1934 3725 1951 3760 ί
1983 3740 1995 3777 :
2029 3723 2167 3794 quid

472 3830 609 3883 ergo
638 3813 822 3883 potuit
858 3810 1112 3881 apertius
1143 3814 1199 3863 et
1233 3810 1439 3863 clarius
1470 3827 1538 3864 ex
1565 3812 1766 3864 Vetere
1804 3812 2166 3865 Testamento

471 3900 606 3953 huic
647 3895 943 3951 sententiae
992 3910 1319 3960 consonare,
1372 3911 1544 3963 quam
1585 3894 1727 3949 illud
1767 3896 1918 3966 quod
1950 3897 2166 3953 dictum

475 3991 578 4053 est,
625 3986 839 4040 Veritas
878 3988 973 4038 tua
1014 3985 1071 4036 in
1118 3984 1349 4037 circuitu
1385 3987 1472 4035 tuo
1500 3985 1528 4035 ε)
1572 3983 1734 4052 (Psal.
1779 4000 2038 4052 Lxxxvm,
2088 3988 2163 4058 9.)

474 4076 767 4128 Postremo
815 4071 955 4127 dicit
1002 4071 1125 4142 ipsa
1177 4070 1471 4141 Sapientia
1524 4069 1586 4124 in
1629 4071 1956 4143 Evangelio,
2006 4076 2165 4131 Nemo

471 4165 618 4217 venit
646 4162 721 4216 ad
747 4164 985 4227 Patrem,
1028 4158 1139 4213 nisi
1163 4174 1262 4228 per
1289 4175 1370 4213 me
1400 4158 1571 4230 (Joan.
1600 4176 1712 4228 xw,
1747 4160 1799 4232 6)
1823 4178 1836 4215 :
1870 4162 2004 4216 dicit
2032 4180 2163 4233 pro-

434 4270 435 4285 ι
470 4249 661 4322 pheta,
694 4252 916 4306 Sensum
948 4254 1099 4304 tuum
1141 4263 1267 4316 ergo
1298 4250 1418 4317 quis
1455 4251 1576 4316 scit,
1609 4250 1721 4303 nisi
1745 4253 1805 4303 tu
1833 4251 2043 4307 dederis
2072 4269 2163 4307 sa-

463 4341 772 4410 pientiam?
794 4344 850 4394 et
871 4339 1042 4410 paulo
1070 4341 1216 4408 post,
1242 4339 1313 4391 Et
1339 4352 1457 4405 qua:
1479 4337 1581 4390 tibi
1594 4339 1829 4406 placent,
1854 4340 2165 4397 didicerunt

1290 241 1384 296 DE
1422 238 1736 295 MORIBUS
1775 234 2138 293 ECCLESUE
2178 233 2622 301 CATHOLICIE,
2666 232 2719 288 S.
2762 229 3148 288 AUGUSTINI
3744 247 3826 301 ιδῃ

2276 357 2430 413 enim
2472 358 2620 411 Deus
2668 353 2992 420 altissimus,
3041 370 3156 425 quo
3180 350 3327 409 nihil
3368 355 3445 408 est
3471 355 3627 414 altius.
3658 361 3828 423 Ostendit
3914 372 3915 381 ‘

2275 448 2482 501 Paulus
2505 445 2843 499 Trinitatem
2868 443 3036 498 istam
3059 459 3238 498 unum
3271 443 3443 498 Deum
3464 461 3582 510 esse,
3607 464 3709 504 cum
3726 452 3823 521 dicit,
3914 492 3915 517 ι

2274 537 2390 604 Ipsi
2434 536 2612 602 gloria
2661 533 2828 603 (Rom.
2878 549 2955 597 x1,
2999 531 3121 603 36):
3178 531 3381 586 dicitur
3421 533 3474 587 in
3514 535 3664 591 Veteri
3701 540 3825 596 Testa-

2276 628 2491 692 mento,
2529 621 2701 690 Audi,
2747 623 2936 689 Israel,
2982 622 3240 675 Dominus
3287 623 3417 676 Deus
3461 626 3583 691 tuus,
3618 627 3722 681 Deus
3750 645 3830 685 mue

2276 716 2354 767 est
2384 714 2556 782 (Deut.
2584 729 2656 776 VI,
2691 709 2771 781 4).
3468 736 3479 741 ο

2279 817 2501 872 CAPUT
2545 817 2705 871 XVII.
2753 845 2821 856 ——
2876 816 3222 885 Apostrophe
3266 815 3339 869 ad
3382 818 3674 886 Manichuos,
3713 825 3757 875 ut
3786 840 3832 876 re-

2990 905 3273 973 sipiscant.

2348 995 2436 1048 30.
2460 990 2607 1056 Quid
2626 990 2797 1045 vultis
2823 991 3105 1062 amplius?
3138 992 3273 1062 quid
3307 991 3549 1063 imperite
3573 997 3708 1065 atque
3729 995 3833 1065 impie

2278 1080 2523 1136 saevitis?
2551 1080 2692 1152 quid
2719 1079 2974 1135 indoctas
3003 1079 3222 1134 animas
3251 1081 3417 1135 noxia
3443 1082 3666 1137 suasione
3690 1100 3831 1153 perver-
3914 1140 3915 1143 η

2276 1170 2433 1224 titis?
2473 1169 2775 1240 Utriusque
2816 1169 3166 1224 Testamenti
3205 1170 3351 1223 Dens
3397 1186 3533 1224 unus
3567 1175 3652 1225 est.
3683 1172 3777 1225 Nam
3803 1178 3837 1225 ut

2277 1256 2384 1311 ista
2413 1257 2521 1312 sibi
2571 1260 2916 1328 congruunt,
2959 1274 3088 1329 quae
3128 1259 3197 1312 de
3226 1246 3461 1329 utroque
3510 1259 3767 1329 posuimus;
3794 1259 3835 1312 ita

2278 1346 2452 1399 etiam
2478 1350 2702 1410 caetera,
2731 1346 2777 1399 si
2806 1346 3111 1417 diligenter
3136 1351 3194 1400 et
3231 1363 3392 1417 aequo
3425 1347 3613 1416 judicio
3638 1348 3773 1401 velitis
3792 1354 3836 1399 ξιι-
3914 1346 3915 1417 ξ

2277 1435 2528 1489 tendere.
2562 1434 2669 1489 Sed
2700 1434 2836 1504 quia
2860 1435 3040 1488 multa
3061 1434 3329 1489 dicuntur
3350 1435 3670 1501 submissius,
3689 1442 3730 1488 et
3745 1436 3837 1488 humi

2276 1522 2607 1593 repentibus
2637 1522 2844 1575 animis
2873 1522 3373 1589 accommodatius,
3404 1527 3464 1576 ut
3487 1539 3579 1594 per
3606 1523 3794 1577 humana
3808 1522 3839 1573 in

2276 1607 2468 1662 divina
2496 1609 2883 1679 consurgant‘
2906 1629 2922 1676 ;
2945 1610 3125 1662 multa
3155 1608 3328 1663 etiam
3358 1609 3582 1679 ﬁgurate
3608 1613 3659 1662 ut
3682 1608 3840 1661 studiosa

2278 1712 2459 1763 mens,
2492 1700 2547 1750 et
2575 1696 2823 1767 quaesitis
2861 1702 3187 1751 exerceatur
3226 1696 3436 1763 utilius,
3465 1700 3516 1749 et
3546 1694 3731 1747 uberius
3751 1694 3839 1746 late

2276 1790 2372 1839 tur
2401 1785 2672 1852 inventis;
2707 1801 2805 1838 vos
2831 1784 3072 1839 miriﬁca
3102 1785 3472 1855 dispositione
3500 1782 3705 1853 Spiritus
3722 1779 3841 1843 sancti,

2277 1872 2347 1926 ad
2373 1872 2739 1942 decipiendos
2774 1877 2990 1927 vestros
3030 1873 3316 1927 auditores
3357 1869 3761 1943 et~illaqueandos
3788 1868 3840 1919 ab-

2278 1960 2530 2015 utimini.
2563 1961 2726 2025 Quod
2756 1961 2943 2033 ipsum
2963 1978 3062 2015 cur
3078 1961 3268 2016 divina
3298 1959 3634 2033 providentia
3651 1974 3723 2011 vos
3737 1956 3844 2010 facere

2280 2049 2447 2116 sinat,
2489 2066 2779 2122 quamque
2821 2050 3111 2105 verissime
3144 2050 3447 2120 Apostolus
3486 2046 3678 2111 dixerit,
3713 2045 3844 2111 Oportet

2278 2139 2476 2192 multas
2517 2139 2738 2193 heereses
2777 2153 2886 2193 esse
2907 2137 2948 2207 ²,
2990 2143 3051 2193 ut
3085 2139 3309 2208 probati
3349 2138 3611 2204 manifesti
3639 2138 3744 2205 fiant
3769 2135 3847 2185 iure

2275 2242 2368 2280 vos
2394 2227 2440 2297 (Ι
2471 2228 2590 2283 Cor.
2622 2243 2698 2293 xx,
2734 2226 2851 2297 l9);
2886 2230 2941 2280 et
2964 2227 3200 2297 longum
3231 2231 3320 2282 est
3363 2226 3644 2297 disputare,
3671 2228 3730 2290 et,
3760 2218 3846 2290 quod

2278 2313 2585 2369 dicendum
2615 2320 2700 2369 est
2729 2315 2908 2382 vobis,
2944 2331 3061 2369 non
3091 2320 3178 2371 est
3205 2319 3458 2369 vestrum
3486 2313 3584 2369 ista
3608 2309 3845 2379 intelligere.

2280 2401 2404 2455 Non
2432 2418 2639 2473 parum
2664 2402 2809 2456 mihi
2831 2402 3043 2473 cogniti
3070 2402 3222 2458 estis.
3254 2403 3479 2458 Crassas
3498 2400 3700 2455 omnino
3716 2400 3849 2450 mentes

2281 2492 2338 2542 et
2365 2505 2773 2560 corporeorum
2805 2489 3242 2544 simulacrorum
3269 2490 3538 2561 pestifero
3563 2491 3704 2559 pastu
3721 2480 3849 2538 morbi-

2284 2576 2383 2631 das
2413 2577 2485 2631 ad
2511 2577 2703 2631 divina
2744 2578 3056 2649 judicanda
3102 2578 3359 2648 defertis,
3393 2595 3519 2650 quae
3544 2577 3697 2631 multo
3729 2572 3850 2626 altiora

2279 2670 2414 2720 sunt
2444 2682 2617 2738 quam
2648 2667 2880 2738 putatis.

2352 2758 2438 2809 3t.
2473 2755 2657 2819 Quare
2688 2756 2981 2811 vobiscum
3009 2757 3182 2811 modo
3207 2756 3288 2811 sic
3322 2755 3597 2829 agendum
3621 2756 3703 2816 est,
3727 2763 3804 2803 non
3822 2750 3854 2798 ut

2281 2860 2345 2898 ea
2370 2844 2492 2915 jam
2521 2844 2872 2915 intelligatis,
2916 2846 3070 2916 quod
3110 2846 3234 2902 ﬁeri
3270 2863 3393 2901 non
3427 2847 3623 2916 potest;
3650 2838 3723 2894 sed
3747 2835 3851 2889 utin-

2278 2932 2534 3003 telligere
2565 2933 2871 3003 aliquando
2909 2934 3169 3004 cupiatis.
3222 2935 3379 2990 Facit
3409 2935 3558 2989 enim
3598 2933 3685 2984 hoc
3707 2925 3854 2994 simplex

2280 3027 2336 3075 et
2364 3038 2509 3093 pura
2538 3023 2784 3076 charitas
2817 3023 2937 3090 Dei,
2966 3040 3079 3094 qua
3118 3023 3371 3078 maxime
3402 3024 3664 3094 spectatur
3686 3017 3730 3070 in
3751 3009 3853 3067 mori-

2277 3109 2404 3176 bus,
2441 3111 2509 3165 de
2540 3126 2655 3181 qua
2688 3111 2867 3165 multa
2900 3112 3021 3183 jam
3051 3111 3344 3167 diximus:
3385 3128 3513 3183 quas
3549 3107 3768 3178 inspirata
3786 3098 3854 3168 Spi-

2276 3198 2393 3252 ritu
2421 3202 2612 3253 sancto
2642 3199 2903 3269 perducit
2930 3200 2999 3255 ad
3034 3200 3260 3267 Filium,
3299 3200 3359 3255 id
3385 3204 3485 3266 est,
3519 3197 3585 3252 ad
3610 3188 3852 3264 Sapientiam

2278 3287 2400 3351 Dei,
2445 3305 2550 3359 per
2596 3306 2769 3360 quam
2812 3292 2980 3345 Pater
3022 3291 3144 3362 ipse
3193 3290 3573 3362 cognoscitur.
3617 3280 3783 3342 Νειωεὶ
3811 3292 3856 3328 ελ·

2276 3376 2493 3448 pientia
2526 3379 2581 3431 et
2610 3378 2817 3432 veritas
2846 3394 2964 3432 non
2991 3379 3125 3433 totis
3149 3379 3335 3434 animi
3368 3378 3579 3434 viribus
3613 3367 3857 3439 concupisti:

2276 3472 2390 3535 tur,
2424 3467 2669 3522 inveniri
2697 3469 2855 3522 nullo
2894 3474 3061 3539 pacto
3092 3473 3299 3540 potest.
3354 3472 3429 3525 At
3456 3469 3504 3523 si
3544 3468 3617 3522 ita
3654 3461 3857 3536 queratur.

2275 3560 2340 3610 ut
2369 3556 2612 3627 dignum
2656 3560 2759 3620 est,
2806 3556 3140 3613 subtrahere
3173 3574 3300 3613 sese
3350 3563 3521 3630 atque
3560 3549 3857 3609 absconderis

2275 3644 2392 3698 suis
2423 3644 2790 3699 dilectoribus
2824 3662 2941 3699 non
2979 3649 3181 3717 potest.
3226 3647 3376 3701 Hinc
3420 3629 3504 3701 est
3531 3643 3676 3708 illud,
3701 3633 3805 3711 quod
3828 3629 3859 3683 in

2276 3749 2373 3787 ore
2402 3734 2614 3788 habere
2645 3734 2817 3788 etiam
2856 3750 2953 3788 vos
2992 3734 3208 3798 soletis,
3247 3735 3411 3807 quod
3444 3734 3522 3788 ait
3545 3750 3558 3788 :
3583 3731 3740 3793 Petita,
3761 3728 3859 3775 eloc-

2275 3822 2520 3889 cipietis;
2579 3824 2821 3890 quaerite,
2870 3827 2921 3877 et
2962 3824 3284 3889 invenietis;
3335 3824 3569 3894 pulsate,
3606 3824 3650 3873 et
3687 3811 3859 3884 aperit“tm

2272 3909 2419 3962 vobis
2455 3908 2670 3980 (Matth.
2703 3927 2799 3977 vn,
2846 3910 2924 3982 7).
2956 3912 3050 3968 Nil
3075 3916 3155 3966 est
3194 3914 3488 3977 occultum,
3533 3908 3663 3979 quod
3686 3919 3763 3958 non
3781 3909 3860 3951 rae

2275 3997 2478 4051 labitur
2524 3998 2633 4069 (Id.
2659 4015 2716 4066 x,
2748 3998 2857 4069 26).
2905 4001 3116 4055 Amore
3159 4002 3411 4072 petitur,
3452 4013 3636 4055 amore
3671 3987 3861 4065 quatitur.

2274 4104 2468 4142 amore
2507 4090 2790 4161 pulsatur,
2833 4106 3028 4145 amore
3068 4092 3380 4160 revelatur,
3424 4105 3612 4150 amore
3638 4073 3862 4150 denithin

2273 4193 2340 4231 eo
2368 4177 2523 4248 quod
2551 4178 2864 4232 revelatum
2892 4179 3065 4234 fuerit
3105 4185 3509 4251 permanetur.
3537 4177 3615 4232 Ab
3642 4175 3728 4229 hoc
3751 4172 3861 4221 ιωοῖε

2271 4265 2565 4335 sapientiae
2610 4266 3021 4339 diligentiaque
3072 4269 3399 4339 quaerendi,
3457 4283 3571 4322 non
3618 4260 3865 4339 deterrent?r

2272 4353 2461 4408 Veteri
2487 4356 2867 4425 Testamento,
2907 4336 3061 4428 quod
3087 4336 3335 4427 semper
3377 4348 3770 4410 mendacissime
3788 4336 3866 4393 did“

2270 4437 2364 4507 tis,
2389 4437 2489 4493 sed
2520 4439 2589 4493 ad
2618 4440 2741 4494 haec
2771 4441 3273 4497 vehementissime
3302 4443 3675 4498 concitamur.
3914 4506 3915 4509 η

2343 4528 2430 4581 32.
2463 4526 2667 4581 Audite
2705 4528 2897 4600 itaque
2943 4529 3274 4601 aliquando,
3323 4536 3384 4585 et
3422 4526 3698 4586 advertite,
3736 4526 3864 4589 «[0259
3914 4516 3915 4555 ξ

2271 4612 2393 4669 sine
2430 4615 2745 4685 pertinacia
2783 4616 2923 4688 quid
2965 4634 3067 4689 per
3113 4619 3467 4690 prophetam
3516 4616 3744 4671 dicatur:
3780 4602 3867 4659 an”

2269 4706 2368 4765 est,
2408 4702 2615 4774 inquit,
2653 4708 2704 4758 et
2741 4720 2860 4775 quae
2900 4721 3180 4776 nunquam
3228 4711 3536 4762 marcescat
3579 4696 3815 4772 sapientia.
3846 4692 3867 4735 ά

2266 4790 2430 4857 facile
2465 4792 2682 4846 videtur
2710 4793 2779 4848 ab
2808 4795 2879 4848 iis
2918 4797 3016 4864 qui
3042 4794 3286 4862 diligunt
3318 4797 3501 4865 illam,
3530 4798 3580 4849 et
3613 4787 3822 4846 invenitur
3840 4780 3865 4826 ti

2266 4878 2338 4933 iis
2368 4881 2466 4949 (1ηί
2492 4885 2741 4947 (Ιαιτθνιιηι
2778 4882 2967 4936 illam:
2989 4889 3342 4953 praeoccupat
3372 4887 3475 4953 qui
3504 4899 3558 4938 se
3581 4866 3866 4953 concupisiﬁi

2267 4970 2327 5019 ut
2354 4966 2467 5020 illis
2497 4981 2552 5021 se
2584 4968 2849 5024 ostendat.
2894 4952 3001 5037 Qui
3030 4952 3348 5037 vigilaverit
3380 4952 3459 5026 ad
3487 4971 3653 5035 illam,
3679 4977 3765 5021 non
3790 4952 3869 5011 illi"

2266 5054 2448 5108 rabit:
2482 5055 2804 5111 assidentem
2833 5060 2973 5112 enim
3006 5060 3159 5113 illam
3189 5061 3435 5115 inveniet
3474 5058 3678 5127 foribus
3702 5051 3800 5107 suis.
3823 5040 3871 5094 θ’
3914 5084 3915 5125 Ῑ

2330 5162 2347 5194 ¹
2374 5159 2457 5209 Sic
2486 5161 2628 5217 Mss.,
2659 5164 3070 5217 praestantiorem
3101 5165 3166 5214 At
3189 5165 3327 5214 Edd.
3355 5165 3589 5215 habent:
3614 5146 3870 5212 δυὺτηίδείέδ

2266 5218 2423 5292 ’ξμηιί
2444 5218 2744 5285 νθρϐηιὶὃιιε
2759 5228 2978 5292 animis,
3000 5231 3061 5277 ut
3076 5240 3314 5278 accomm
3325 5229 3550 5279 odatius
3558 5237 3657 5290 per
3667 5218 3872 5271 humana”

2266 5282 2324 5333 di
2330 5286 2471 5349 uilia
2479 5282 2821 5349 consurgant.

2327 5347 2348 5379 ²
2369 5345 2507 5413 Cod_e
2514 5342 2771 5413 {Vettium
2781 5364 2841 5413 us
2854 5353 2905 5398 et
2915 5349 3274 5413 Cisterciensis
3287 5352 3574 5412 omittunt,
3585 5345 3774 5413 νηυιραξ,
3785 5342 3876 5413 WE

2264 5420 2446 5476 vpcem
2468 5408 2665 5476 habent
2688 5410 2776 5458 alii
2795 5412 3035 5476 plerique
3047 5417 3161 5463 tum
3187 5414 3378 5476 scripti
3403 5418 3521 5464 tum
3543 5404 3877 5476 έχοιιξὶύίῇῖξλέξ

2267 5469 2661 5536 observavimus
2674 5461 2889 5536 repei'iri
2900 5461 3040 5536 apud
3062 5461 3184 5525 Mss.
3198 5461 3249 5524 in
3262 5461 3699 5536 end—emApostoli
3707 5461 3878 5536 sentem“

2266 5530 2429 5581 relata
2446 5531 2582 5582 libro
2611 5524 2781 5596 primo
2809 5535 2873 5584 de
2904 5524 3090 5587 Genesi
3117 5524 3306 5588 contra
3328 5524 3674 5593 Manichacus.
3699 5524 3831 5590 cap-1'

472 4430 727 4498 homines,
748 4435 797 4483 et
820 4445 921 4498 per
948 4429 1272 4497 sapientiam
1298 4428 1482 4480 sanati
1506 4431 1632 4480 sunt
1661 4426 1811 4497 (Sap.
1844 4445 1924 4497 1x,
1963 4432 2159 4501 17-19).

538 4521 628 4572 29.
665 4518 808 4572 Dicit
835 4517 1060 4582 Paulus,
1097 4516 1352 4572 Charitas
1378 4517 1474 4568 Dei
1493 4515 1699 4584 (li/fusa
1720 4521 1797 4570 est
1824 4521 1881 4571 in
1912 4520 2161 4575 cordibus

470 4608 671 4659 nostris
688 4622 787 4674 per
810 4607 1084 4674 Spiritum
1114 4608 1359 4658 sanctum
1390 4604 1487 4671 qui
1505 4603 1666 4657 datus
1691 4609 1769 4658 est
1796 4607 1948 4661 nobis
1976 4607 2152 4679 (Rom.

472 4708 523 4745 v.
557 4692 636 4760 5):
668 4691 802 4745 dicit
828 4692 1132 4762 propheta,
1163 4692 1398 4746 Sanctus
1428 4692 1569 4745 enim
1592 4691 1836 4760 Spiritus
1856 4693 2162 4765 disciplinae

470 4780 690 4848 effugiet
728 4780 907 4833 dolum
949 4780 1096 4849 (Sap.
1142 4797 1178 4848 ι,
1232 4779 1306 4849 5).
1360 4779 1463 4833 Ubi
1502 4779 1656 4834 enim
1694 4780 1876 4851 dolus,
1916 4783 2160 4840 Charitas

469 4866 629 4922 nulla
657 4870 758 4920 est.
794 4866 941 4920 Dicit
972 4866 1197 4933 Paulus,
1228 4868 1547 4933 Conformes
1593 4867 1719 4938 ﬁeri
1750 4884 1846 4923 nos
1892 4873 2159 4939 imaginis

491 4955 625 5009 Filii
652 4955 749 5007 Dei
776 4953 948 5023 (Rom.
971 4969 1089 5021 VIII,
1119 4952 1242 5023 29):
1272 4952 1409 5007 dicit
1435 4954 1737 5025 propheta,
1768 4956 2053 5023 Signatum
2081 4965 2160 5015 est

469 5059 633 5114 super
678 5057 773 5097 nos
826 5042 1001 5096 lumen
1052 5041 1231 5095 vultus
1290 5043 1386 5107 tui,
1451 5044 1671 5097 Domine
1725 5043 1888 5115 (Psal.
1948 5063 2022 5115 1v,
2079 5048 2155 5119 '7).

470 5132 728 5187 Ostendit
781 5130 989 5185 Paulus
1034 5130 1215 5182 Deum
1262 5145 1379 5183 esse
1419 5129 1696 5200 Spiritum
1744 5138 2024 5202 sanctum,
2101 5142 2156 5191 et

467 5221 597 5276 ideo
627 5237 740 5274 non
772 5236 893 5274 esse
931 5221 1288 5295 creaturam:
1323 5218 1457 5271 dicit
1496 5221 1799 5290 propheta,
1837 5225 1910 5277 Et
1936 5226 2154 5281 miseris

466 5311 742 5379 Spiritum
774 5311 1025 5365 sanctum
1071 5307 1135 5360 de
1180 5306 1468 5361 altissimis
1501 5309 1648 5377 (Sap.
1693 5327 1772 5377 x1,
1829 5312 1938 5381 17).
1992 5312 2153 5369 Solus

533 5398 653 5470 'oEr.
678 5398 806 5444 Ven.
832 5397 953 5470 Lov,
978 5395 1077 5443 sic:
1102 5395 1244 5467 Num
1262 5400 1338 5466 est
1352 5394 1643 5503 guidquam
1663 5400 1720 5448 in
1735 5400 1974 5452 circuitu
2000 5405 2150 5465 solis,

533 5471 569 5503 si
598 5457 847 5503 splendor
871 5471 977 5503 mse
1000 5468 1157 5503 auem
1178 5459 1343 5503 σεσηιί
1439 5458 1506 5503 Μ.

466 5460 569 5509 nisi
586 5457 847 5521 (splendor
871 5461 977 5520 ipse
1000 5468 1157 5521 quem
1178 5457 1376 5520 gignit?
1439 5457 1506 5505 Μ.

525 5520 600 5582 (a)
626 5519 757 5571 Vide
778 5519 1125 5570 RetractIlib.
1150 5519 1194 5580 1,
1225 5532 1339 5581 cap.
1364 5521 1411 5578 7,
1435 5532 1489 5568 n.
1521 5521 1567 5567 3.
