4036 6182
208 266 326 320 I325

190 387 355 453 gitare
383 384 525 437 enim
561 381 629 438 de
675 382 797 451 illa,
836 396 1022 438 sensus
1073 386 1153 438 est
1204 386 1636 451 consummatus;
1692 387 1743 440 et
1781 385 1877 452 qui

1679 259 1892 318 LIBER
1930 259 2216 317 PRIMUS.

3545 261 3678 315 l326

1985 399 2059 453 gu
2067 386 2146 445 nt,
2164 398 2236 454 qu
2244 384 2449 450 terunt,
2464 380 2892 453 concupiscunt,
2906 382 3164 454 vigilant,
3180 383 3676 455 cogitant,curant,

192 474 496 542 vigilath
522 476 745 541 propter
769 472 944 539 illam,
976 475 1079 527 cito
1107 474 1211 526 erit
1236 487 1452 527 securus
1478 489 1491 527 :
1520 474 1652 541 quia
1681 472 1874 539 dignos
1982 487 2149 541 posse
2179 470 2461 542 cognosci.
2505 470 2666 525 Salus
2708 471 2882 525 animi
2911 476 2967 526 et
3002 473 3093 526 via
3120 471 3492 527 beatitudinis
3520 476 3679 527 utra-

193 564 360 632 seipsa
388 560 587 616 circuit
614 575 877 629 quaerens,
900 563 951 614 et
978 563 1037 614 in
1064 562 1171 614 viis
1201 561 1436 615 ostendit
1462 576 1517 616 se
1545 562 1656 615 illis
1679 562 1873 615 hilari-

193 656 278 718 ter,
322 655 373 705 et
425 652 572 705 omni
617 649 967 720 providentia
1014 653 1247 705 occurrit
1276 652 1408 706 illis.
1458 650 1686 704 Initium
1732 652 1877 706 enim

192 742 327 796 illius
367 742 715 795 verissimum
751 740 1052 809 disciplinae
1089 741 1517 808 concupiscentia
1568 743 1671 793 est.
1734 739 1877 795 Cura

194 846 307 899 ergo
335 829 639 899 disciplinae
676 828 890 883 dilectio
910 832 987 882 est
1010 844 1024 895 ;
1050 831 1101 881 et
1127 828 1342 882 dilectio
1380 827 1664 882 custoditio
1703 828 1879 894 legum

192 920 328 974 illius
357 922 471 973 est:
500 917 790 973 custoditio
819 920 996 971 autem
1028 917 1224 983 legum,
1263 916 1600 988 conﬁrmatio
1637 918 1880 971 incorru-

192 1009 383 1078 ptionis
407 1011 519 1072 est;
543 1007 880 1076 incorruptio
904 1009 1079 1060 autem
1092 1007 1232 1072 facit
1244 1008 1556 1076 proximum
1582 1005 1719 1060 Deo.
1755 1006 1880 1062 Con-

193 1099 514 1167 cupiscentia
541 1098 729 1164 itaque
752 1097 1031 1164 sapientia
1054 1095 1273 1150 deducit
1291 1094 1366 1148 ad
1376 1110 1598 1162 regnum
1615 1095 1770 1166 (Sap.
1802 1110 1876 1160 v1,

196 1185 394 1257 l3-2l).
426 1186 586 1240 Itane
605 1184 840 1239 tandem
868 1183 1051 1238 adhuc
1081 1184 1381 1239 adversum
1426 1184 1535 1238 ista
1563 1181 1880 1238 latrabitis?

194 1275 382 1330 Nonne
410 1273 490 1329 ita
521 1272 705 1344 posita
737 1277 795 1327 et
822 1273 1082 1327 nondum
1110 1273 1417 1341 intellecta,
1447 1272 1626 1327 cuivis
1662 1271 1875 1343 signiﬁ-

192 1366 311 1418 cant
338 1363 519 1418 altum
548 1378 607 1416 se
635 1360 909 1432 quiddam
939 1364 994 1414 et
1025 1359 1314 1415 ineffabile
1332 1359 1666 1415 continere?
1695 1360 1737 1414 Ο
1769 1359 1881 1413 uti-

191 1468 314 1506 nam
343 1448 587 1522 possetis
632 1449 955 1520 intelligere
1004 1464 1133 1520 quae
1167 1447 1316 1503 dicta
1346 1451 1510 1502 sunt!
1568 1446 1880 1502 Confestim

192 1539 505 1611 abjiceretis
561 1554 760 1593 omnes
790 1537 1035 1608 ineptias
1063 1537 1425 1606 fabellarum,
1458 1541 1516 1591 et
1545 1535 1882 1590 vanissimas

190 1628 622 1700 imaginationes
651 1642 977 1699 corporum,
1024 1630 1287 1697 totosque
1316 1642 1414 1680 vos
1442 1641 1654 1697 magna
1680 1624 1880 1679 alacri-

192 1721 319 1784 tate,
380 1717 602 1771 sincero
675 1731 894 1783 amore,
951 1714 1282 1769 ﬁrmissima
1332 1714 1462 1781 ﬁde,
1530 1712 1884 1768 sanctissimo

193 1804 450 1862 Ecclesia:
474 1804 768 1859 catholicae
798 1802 1019 1874 gremio
1045 1800 1384 1856 conderetis.

193 1888 410 1943 CAPUT
438 1887 629 1942 XVIII.
668 1917 741 1927 ——
773 1889 838 1942 In
866 1887 1143 1951 Catholica
1171 1887 1287 1941 sola
1308 1886 1555 1955 perfecta
1585 1887 1789 1942 veritas
1816 1900 1883 1939 ex

558 1977 841 2045 utriusque
870 1975 1195 2029 Testamenti
1225 1988 1501 2030 consensu.

264 2067 346 2120 33.
380 2066 644 2120 Poteram
688 2080 796 2135 pro
840 2080 967 2117 mea
1012 2062 1403 2117 mediocritate
1434 2061 1715 2116 discutere
1761 2059 1882 2115 sin-

192 2154 340 2225 gula,
372 2157 430 2207 et
480 2169 683 2208 eruere
733 2168 796 2207 ac
817 2152 1209 2207 demonstrare
1237 2166 1367 2222 quae
1397 2149 1606 2220 accepi,
1638 2150 1700 2204 in
1732 2166 1883 2220 quo-

190 2257 317 2296 rum
368 2241 699 2296 excellentia
729 2244 783 2295 et
830 2240 1132 2295 altitudine
1171 2240 1513 2311 plerumque
1542 2239 1715 2293 verba
1743 2237 1883 2292 deﬁ-

188 2329 345 2385 ciunt
370 2347 384 2384 :
413 2331 512 2385 sed
549 2328 828 2401 quamdiu
856 2327 1098 2391 latratis,
1129 2343 1245 2381 non
1274 2329 1357 2382 est
1380 2326 1724 2381 faciendum.
1760 2326 1885 2380 Non

188 2418 341 2473 enim
395 2418 606 2473 frustra
635 2417 853 2471 dictum
882 2420 986 2483 est,
1016 2417 1200 2474 Nolite
1225 2420 1472 2471 sanctum
1502 2416 1635 2470 dare
1664 2415 1886 2471 canibus

187 2507 413 2577 (Matth.
450 2523 548 2573 vn,
573 2507 652 2576 ὃ).
678 2506 758 2560 Ne
785 2505 1184 2561 succenseatis.
1221 2506 1285 2560 Et
1300 2521 1405 2576 ego
1434 2504 1633 2559 latravi
1652 2508 1710 2559 et
1732 2502 1886 2558 canis

185 2594 292 2662 fui,
322 2595 554 2667 quando
602 2610 828 2649 mecum
870 2594 1002 2665 jure
1038 2610 1157 2648 non
1203 2593 1444 2648 docendi
1482 2591 1627 2659 cibo,
1668 2592 1764 2647 sed
1796 2608 1884 2647 re-

185 2684 422 2740 fellendi
450 2683 701 2738 fustibus
733 2686 750 2720 ι
782 2683 1078 2754 agebatur.
1118 2682 1175 2738 Si
1205 2686 1397 2737 autem
1427 2681 1488 2735 in
1534 2681 1693 2736 vobis
1739 2684 1888 2734 esset

185 2772 452 2840 cbaritas,
486 2772 556 2827 de
586 2788 700 2843 qua
729 2788 882 2827 nunc
911 2771 1120 2842 agitur,
1153 2772 1242 2825 vel
1282 2770 1456 2825 etiam
1487 2769 1534 2824 si
1580 2769 1754 2824 fuerit
1781 2768 1885 2822 ali-

185 2863 446 2934 quando,
504 2865 781 2932 quantam
823 2860 1231 2931 cognoscenda:
1269 2858 1522 2913 veritatis
1551 2856 1886 2927 magnitudo

188 2950 496 3016 desiderat,
532 2949 713 3005 aderit
742 2950 890 3003 Deus
921 2947 1021 3018 qui
1051 2947 1311 3001 ostendat
1336 2946 1494 3000 vobis
1523 2961 1709 3016 neque
1733 2945 1887 3014 apud

198 3039 538 3095 Manichaaos
566 3054 689 3093 esse
721 3036 1091 3092 christianam
1111 3035 1302 3101 ﬁdem,
1338 3051 1467 3106 quae
1497 3035 1567 3089 ad
1597 3049 1885 3088 summum

192 3126 418 3198 apicem
455 3125 750 3197 sapientiae
780 3123 1147 3194 veritatisque
1173 3122 1456 3194 perducit,
1489 3138 1603 3193 qua
1646 3118 1886 3193 perfrui,

192 3214 343 3270 nihil
373 3219 457 3269 est
485 3213 642 3269 aliud
672 3212 782 3267 nisi
811 3212 974 3268 beate
1002 3211 1224 3278 vivere;
1255 3226 1440 3282 neque
1471 3226 1591 3265 esse
1641 3210 1886 3281 uspiam,

191 3303 307 3359 nisi
335 3303 397 3357 in
426 3302 702 3357 catholica
731 3300 1051 3372 disciplina.
1084 3299 1232 3365 Quid
1263 3299 1417 3354 enim
1465 3299 1623 3354 aliud
1668 3299 1891 3354 videtur

192 3389 490 3462 apostolus
544 3389 755 3444 Paulus
782 3392 979 3459 optare
1026 3403 1156 3442 cum
1193 3385 1364 3441 dicit:
1394 3386 1574 3455 Hujus
1600 3388 1683 3441 rei
1705 3388 1892 3453 gratia

188 3481 344 3547 ﬂecto
372 3494 548 3546 genua
573 3493 693 3532 mea
719 3477 793 3531 ad
820 3479 1032 3532 Patrem
1053 3476 1277 3531 Domini
1299 3477 1473 3531 nostri
1497 3476 1638 3531 Jesu
1665 3476 1889 3542 Christi,

190 3585 228 3623 a
260 3583 365 3636 quo
390 3569 564 3622 omnis
589 3567 896 3636 paternitas
924 3567 984 3619 in
1036 3566 1177 3619 caelis
1205 3569 1257 3618 et
1283 3566 1342 3619 in
1370 3568 1516 3618 terra
1551 3566 1888 3629 nominatur,

189 3661 263 3712 ut
292 3654 383 3709 det
409 3654 559 3709 vobis
585 3653 879 3709 secundum
899 3653 1127 3707 divitias
1147 3652 1334 3719 gloriae
1353 3667 1463 3707 suae
1488 3651 1891 3720 fortitudinem,

187 3743 536 3799 corroborari
576 3758 678 3812 per
718 3744 977 3812 spiritum
1003 3743 1063 3795 in
1088 3743 1336 3796 interiori
1382 3742 1611 3803 homine,
1646 3740 1895 3795 habitare

188 3834 470 3890 Christum
494 3847 594 3902 per
621 3830 780 3901 ﬁdem
799 3833 859 3886 in
886 3830 1135 3886 cordibus
1166 3832 1392 3886 vestris:
1437 3834 1499 3885 ut
1527 3832 1585 3884 in
1630 3831 1897 3885 charitate

187 3919 441 3988 radicati
455 3925 505 3975 et
532 3920 778 3988 fundati,
802 3922 1024 3989 possitis
1044 3913 1485 3990 comprehendere
1504 3934 1624 3973 cum
1653 3918 1896 3974 omnibus

188 4010 427 4071 sanctis,
458 4024 577 4077 qua
600 4010 674 4063 sit
724 4007 978 4074 altitudo,
1033 4011 1084 4063 et
1137 4006 1439 4077 longitudo,
1485 4011 1536 4061 et
1565 4007 1820 4074 latitudo,
1848 4009 1898 4062 et

186 4097 571 4169 profundum;
605 4110 911 4163 cognoscere
937 4097 1101 4151 etiam
1141 4097 1618 4164 supereminentem
1662 4097 1901 4152 scientia

191 4188 524 4242 charitatem
564 4186 769 4241 Christi
800 4182 857 4251 ’,ο
885 4189 945 4239 ut
974 4186 1311 4255 impleamini
1340 4186 1401 4238 in
1439 4198 1643 4239 omnem
1664 4185 1903 4253 plenitu-

192 4276 383 4331 dinem
432 4274 593 4329 Dei?
640 4272 860 4344 (Ephes.
909 4290 990 4342 ιιι,
1037 4273 1242 4343 lli-19.)
1297 4274 1562 4328 Potestne
1588 4273 1899 4344 quidquam

192 4363 318 4419 dici
346 4361 712 4418 manifestius
728 4362 757 4417 ‘l

276 4451 365 4507 34.
400 4452 665 4519 Obsecro,
712 4448 942 4522 vigilate
978 4448 1302 4521 paululum,
1332 4447 1519 4504 videte
1558 4448 1905 4504 Testamenti

192 4539 509 4612 utriusque
539 4540 927 4607 concordiam,
946 4538 1046 4610 qui
1072 4538 1148 4594 sit
1169 4538 1231 4593 in
1245 4536 1503 4593 moribus
1524 4537 1655 4593 vita:
1674 4538 1901 4605 modus,

189 4631 261 4683 et
292 4644 407 4699 quo
437 4629 552 4684 sint
586 4629 885 4684 referenda
914 4627 1130 4695 omnia,
1162 4626 1296 4682 satis
1338 4626 1690 4698 aperientem
1721 4630 1777 4681 et
1804 4627 1903 4681 do-

188 4721 447 4772 centem.
478 4719 748 4773 Amorem
780 4717 882 4773 Dei
904 4714 928 4751 ⁸
956 4715 1239 4772 concitant
1268 4714 1588 4787 Evangelia,
1615 4732 1745 4770 cum
1775 4715 1908 4770 dici-

190 4808 322 4870 tur,
355 4807 546 4872 Petite,
602 4809 850 4878 quan-ite,
889 4807 1105 4875 pulsate
1146 4803 1372 4875 (Matth.
1417 4820 1509 4872 vn,
1538 4805 1630 4874 7):
1663 4804 1909 4859 concitat

188 4892 437 4955 Paulus,
453 4892 712 4960 dicendo,
734 4896 800 4949 Ut
822 4896 880 4947 in
907 4892 1177 4948 charitate
1201 4892 1444 4947 radicati
1470 4898 1521 4947 et
1538 4892 1764 4963 fundati
1773 4908 1905 4963 pos-

180 4981 323 5036 sitis
342 4971 785 5049 comprehendere
814 4981 1036 5053 (Ephes.
1062 4998 1145 5050 m,
1178 4981 1262 5052 l7)
1289 4997 1301 5035 :
1326 4980 1755 5036 concitatetiam
1771 4997 1906 5051 pro-

190 5068 403 5140 pheta,
436 5084 568 5122 cum
592 5068 747 5135 dicit,
780 5069 943 5124 facile
974 5069 1317 5140 sapientiam
1338 5070 1409 5125 ab
1429 5069 1499 5124 iis
1516 5069 1614 5142 qui
1633 5086 1759 5125 eam
1785 5069 1910 5125 dili-

268 5157 286 5221 ξ
317 5154 717 5221 Μεθ’,ίίιέίηίιυβρ
748 5155 1048 5221 repellendi
1075 5156 1328 5221 fustibus.

263 5218 288 5251 9
312 5216 397 5266 Sic
405 5216 648 5283 plerique
662 5216 1731 5283 Mss._At_E_dd.babentzisupere'minentem
1750 5220 1913 5271 scien-

191 5277 648 5350 tiamcharitg'tis
669 5277 1059 5331 Christi.Paulo
1079 5277 1541 5345 post,Ms§.duozln
1564 5294 1773 5332 omnem
1789 5284 1909 5346 ple-

188 5341 499 5391 nitudinem
536 5341 649 5390 Dei.

266 5404 292 5438 ³
296 5402 607 5475 ἓᾱὶιὶξδαρίε
615 5406 839 5475 aperiat
838 5406 889 5456 te
904 5407 958 5455 et
966 5403 1183 5475 docente
1193 5417 1382 5475 amore.
1390 5404 1496 5454 Dei.
1506 5407 1909 5475 Concitant,etc.

191 5466 273 5530 At
294 5465 689 5530 Mss.»tredecim
703 5466 994 5530 praeferunt
1014 5472 1252 5530 nostram
1267 5467 1564 5530 lectionem,
1592 5467 1832 5530 quamvis
1846 5482 1909 5517 ex

198 5528 274 5576 iis
308 5527 544 5591 plerique
578 5530 678 5579 sub
704 5527 817 5577 alia
844 5542 1033 5581 vocum
1058 5529 1505 5593 interpunctione.

1984 575 2228 630 rumque
2258 558 2678 629 Scripturarum
2708 574 2843 628 pace
2873 563 3240 627 monstratur,
3262 564 3318 614 et
3344 577 3442 615 vos
3472 562 3679 615 latrare

1986 647 2180 718 potius
2196 647 2464 702 adversus
2493 647 2636 713 haec,
2669 662 2839 717 quam
2872 646 2960 700 his
2991 647 3388 717 obtemperare
3417 649 3674 720 diligitis.

1988 735 2152 790 Brevi
2181 735 2364 789 dicam
2398 735 2549 806 quod
2584 735 2798 789 sentio:
2835 734 3026 789 audite
3057 735 3247 789 doctos
3290 737 3547 792 Ecclesiae
3585 755 3679 792 ca-

1985 824 2211 879 tholicae
2239 823 2391 878 viros
2414 826 2570 878 tanta
2598 839 2734 894 pace
2756 821 2956 889 animi,
2987 826 3043 876 et
3061 839 3129 877 eo
3159 826 3288 877 voto
3320 839 3433 894 quo
3454 842 3554 879 vos
3574 841 3679 895 ego

1987 911 2213 979 audivi;
2247 912 2390 966 nihil
2422 929 2565 982 opus
2594 913 2702 966 erit
2729 928 2935 966 novem
2964 911 3128 965 annis
3157 911 3365 982 quibus
3394 928 3486 966 me
3521 913 3679 967 ludi-

1986 1000 2194 1056 ﬁcastis
2251 1002 2342 1074 (a).
2402 1001 2592 1072 Longe
2677 1000 2937 1068 omnino,
2996 1001 3169 1071 longe
3224 1001 3483 1055 breviore
3536 1006 3681 1056 tem-

1986 1105 2145 1162 pore,
2213 1089 2353 1161 quid
2430 1088 2655 1144 intersit
2709 1090 2860 1145 inter
2908 1089 3204 1144 veritatem
3258 1089 3681 1161 vanitatemque

1988 1177 2230 1233 cernetis
2242 1218 2257 1232 .

1989 1266 2212 1321 CAPUT
2240 1267 2373 1322 XIX.
2402 1296 2467 1305 —
2516 1267 2902 1335 Temperantia
2938 1268 3122 1335 ofﬁcia
3140 1282 3208 1321 ea:
3234 1269 3405 1322 sacris
3461 1268 3682 1322 Litteris

2696 1353 2976 1407 describit.

2061 1444 2146 1496 35.
2180 1440 2285 1495 Sed
2314 1444 2539 1511 tempus
2569 1445 2653 1495 est
2684 1441 2751 1494 ad
2772 1440 2897 1494 illas
2926 1441 3162 1496 virtutes
3184 1446 3430 1512 quatuor
3458 1443 3683 1511 reverti,

1991 1534 2047 1586 et
2078 1545 2143 1584 ex
2176 1530 2265 1583 his
2294 1528 2534 1599 singulis
2571 1544 2770 1583 eruere
2819 1545 2884 1583 ac
2910 1529 3115 1583 ducere
3163 1529 3390 1585 vivendi
3423 1531 3682 1585 modum.

1991 1620 2188 1688 Itaque
2216 1617 2836 1688 priustemperantiam
2850 1617 3311 1689 videamus,quae
3339 1620 3506 1674 nobis
3537 1636 3689 1674 amo-

1993 1707 2071 1761 ris
2095 1706 2249 1760 illius
2276 1722 2389 1776 quo
2418 1706 2765 1760 innectimur
2786 1707 2923 1772 Deo,
2954 1706 3340 1777 integritatem
3378 1708 3689 1778 quamdam

1993 1799 2050 1850 et
2077 1794 2569 1864 incorruptionem
2605 1795 2932 1865 pollicetur.
2972 1796 3173 1848 Munus
3202 1794 3358 1849 enim
3386 1797 3507 1866 ejus
3527 1800 3609 1850 est
3627 1797 3687 1850 in

1992 1882 2321 1937 coercendis
2335 1882 2713 1953 sedandisque
2727 1883 3156 1953 cupiditatibus,
3171 1883 3379 1954 quibus
3398 1884 3688 1939 inhiamus

1992 1972 2054 2027 in
2079 1988 2146 2025 ea
2185 1988 2313 2043 quaa
2342 1988 2447 2026 nos
2476 1976 2740 2027 avertunt
2770 1988 2805 2025 a
2830 1971 3053 2040 legibus
3084 1971 3185 2026 Dei
3215 1975 3273 2026 et
3300 1988 3334 2026 a
3369 1972 3556 2027 fructu
3585 1974 3686 2027 bo-

1992 2060 2191 2115 nitatis
2217 2060 2377 2131 ejus:
2428 2060 2585 2131 quod
2622 2065 2725 2127 est,
2759 2063 2822 2114 ut
2859 2059 2981 2115 brvi
3025 2058 3324 2130 explicem,
3361 2060 3523 2115 beata
3552 2062 3683 2116 vita.
3734 2100 3739 2107 ι

1993 2148 2080 2203 Ibi
2111 2149 2265 2204 enim
2296 2153 2382 2204 est
2418 2149 2580 2204 sedes
2608 2148 2865 2204 veritatis
2907 2150 2947 2215 ί,
2999 2148 3158 2219 cujus
3207 2150 3689 2220 contemplatione

1992 2238 2371 2309 perfruentes,
2402 2237 2570 2309 eique
2600 2238 2827 2309 penitus
2856 2238 3234 2307 adhaerentes,
3266 2240 3464 2308 procul
3513 2239 3687 2294 dubio

1993 2326 2147 2381 beati
2172 2342 2403 2381 sumus:
2437 2326 2571 2380 inde
2604 2331 2797 2380 autem
2836 2325 3185 2396 decidentes,
3211 2327 3436 2398 magnis
3480 2330 3690 2383 errori-

1994 2415 2100 2469 bus
2131 2414 2540 2485 doloribusque
2570 2414 2956 2486 implicantur.
2992 2417 3270 2488 Namque,
3316 2422 3383 2472 ut
3419 2419 3499 2473 ait
3538 2421 3689 2491 Apo-

1995 2503 2371 2570 stolus,radi.r
2402 2506 2638 2558 omnium
2662 2506 2926 2559 malorum
2947 2506 3242 2575 cupiditas,
3258 2523 3418 2575 quam
3442 2509 3686 2577 quidam,

1993 2597 2289 2661 sequentes,
2309 2594 2783 2659 naufragaverunt
2811 2610 2843 2646 a
2871 2594 2995 2660 ﬁde,
3029 2599 3079 2648 et
3120 2596 3460 2650 inseruerunt
3487 2612 3542 2650 se
3586 2597 3689 2651 do-

1997 2681 2198 2735 loribus
2222 2681 2408 2735 multis
2464 2680 2507 2749 (Ι
2538 2683 2673 2735 Tim.
2706 2698 2780 2744 v1,
2830 2680 2932 2751 10).
2963 2681 3124 2745 Quod
3158 2687 3449 2753 peccatum
3480 2684 3689 2739 animm

1994 2767 2056 2822 in
2090 2766 2273 2822 Veteri
2301 2768 2659 2822 Testamento
2696 2768 2829 2821 satis
2868 2773 3082 2838 aperte,
3128 2771 3273 2825 bene
3310 2772 3689 2843 intelligenti-

1996 2856 2124 2923 bus,
2159 2856 2216 2910 in
2247 2855 2424 2926 ipsius
2450 2856 2702 2910 hominis
2731 2856 2832 2927 qui
2858 2861 2980 2911 erat
3008 2857 3069 2911 in
3100 2859 3384 2929 paradiso,
3416 2861 3689 2930 prtevari-

1996 2944 2219 2999 catione
2250 2943 2527 3015 signatur.
2553 2946 2616 2998 In
2637 2945 2820 2998 Adam
2849 2945 3063 3017 quippe
3092 2962 3269 3002 omnes
3292 2951 3582 3017 morimur,
3625 2955 3691 3003 ut

1997 3033 2077 3087 ait
2111 3032 2285 3095 idem,
2317 3036 2369 3087 et
2396 3034 2455 3086 in
2484 3034 2706 3088 Christo
2734 3049 2910 3088 omnes
2940 3051 3278 3105 resurgemus
3319 3038 3363 3110 (Ι
3412 3039 3541 3093 Cor.
3598 3055 3688 3107 xv,
3738 3081 3747 3089 .

1996 3122 2105 3191 22}.
2128 3121 2170 3175 Ο
2203 3120 2315 3174 alta
2347 3122 2615 3192 mysteria
2645 3121 2658 3176 l
2694 3122 2804 3178 Sed
2831 3123 3145 3194 reprimam
3197 3142 3290 3181 me
3318 3143 3331 3180 :
3366 3143 3506 3181 .non
3536 3127 3691 3182 enim

1996 3210 2169 3264 modo
2201 3209 2424 3280 suscepi
2449 3209 2653 3265 docere
2682 3228 2779 3266 vos
2808 3216 2982 3281 recta,
3014 3213 3111 3268 sed
3166 3212 3441 3269 dedocere
3494 3231 3689 3286 prava,

1999 3297 2046 3352 si
2074 3302 2297 3366 potero,
2330 3298 2390 3353 id
2428 3303 2531 3371 est,
2558 3299 2605 3354 si
2635 3301 2785 3357 Deus
2842 3301 3108 3356 annuerit
3162 3304 3455 3374 preposito
3505 3304 3566 3358 in
3593 3321 3693 3359 vos

1997 3402 2147 3441 meo.

2072 3478 2159 3530 36.
2210 3475 2355 3530 Dicit
2393 3491 2529 3544 ergo
2557 3477 2768 3531 Paulus
2798 3476 3050 3532 radicem
3101 3477 3361 3533 omnium
3408 3480 3694 3534 malorum

2001 3579 2122 3617 esse
2151 3563 2545 3633 cupiditatem,
2569 3581 2673 3634 per
2697 3580 2871 3635 quam
2902 3564 3075 3619 etiam
3105 3565 3213 3619 Lex
3234 3570 3393 3620 vetus
3439 3567 3694 3637 primum

1999 3651 2292 3707 hominem
2343 3651 2570 3720 lapsum
2628 3668 2750 3706 esse
2806 3652 3107 3728 signiﬁcat.
3166 3654 3354 3709 Monet
3394 3656 3602 3710 Paulus
3630 3660 3697 3711 ut

2003 3755 2279 3795 exuamus
2334 3755 2439 3794 nos
2482 3744 2731 3794 veterem
2787 3740 3103 3809 hominem,
3161 3746 3219 3797 et
3255 3742 3561 3798 induamus
3590 3760 3695 3799 no-

2005 3843 2138 3883 vum
2168 3827 2397 3899 (Coloss.
2439 3846 2518 3896 1n,
2546 3831 2602 3896 9,
2640 3829 2744 3901 lO).
2787 3830 2920 3884 Vult
2969 3834 3160 3886 autem
3196 3830 3463 3904 intelligi,
3513 3833 3697 3888 Adam

2005 3916 2106 3988 qui
2136 3910 2411 3991 peccavit,
2440 3921 2688 3972 veterem
2715 3917 3046 3987 hominem;
3088 3918 3254 3974 illum
3293 3924 3485 3975 autem
3525 3938 3698 3993 quem

2007 4006 2254 4077 suscepit
2282 4006 2342 4059 in
2384 4010 2734 4061 sacramento
2758 4006 2860 4061 Dei
2890 4008 3063 4061 Filius
3094 4008 3165 4062 ad
3206 4025 3312 4064 nos
3353 4010 3698 4076 liberandos,

2007 4111 2244 4150 novum.
2282 4094 2427 4149 Dicit
2455 4111 2704 4166 namque
2733 4095 2843 4149 alio
2872 4095 3014 4164 loco,
3046 4098 3261 4151 Primus
3274 4098 3503 4152 homode
3532 4103 3700 4164 terra,

2009 4188 2249 4239 terrenus
2275 4200 2289 4251 ;
2321 4185 2585 4240 secundus
2615 4186 2767 4241 homo
2797 4186 2862 4240 de
2885 4188 3028 4252 cazlo,
3061 4187 3298 4241 caelestis.
3360 4188 3548 4253 Qualis
3595 4192 3702 4242 ter-

2007 4288 2190 4340 renus,
2230 4274 2364 4328 tales
2393 4278 2443 4328 et
2462 4276 2661 4330 terreni
2684 4291 2697 4341 ;
2732 4276 2910 4342 qualis
2940 4277 3186 4344 caelestis,
3217 4276 3349 4330 tales
3379 4281 3430 4329 et
3447 4278 3699 4332 caelestes.

2010 4362 2161 4418 Sicut
2196 4365 2535 4431 portavimus
2564 4364 2855 4430 imaginem
2886 4365 3104 4429 terreni,
3135 4367 3406 4432 portemus
3435 4368 3485 4417 et
3508 4365 3702 4431 imagi-

2009 4466 2131 4506 nem
2157 4451 2379 4506 caelestis
2410 4451 2454 4522 (Ι
2485 4452 2604 4507 Cor.
2636 4468 2726 4520 xv,
2779 4438 3165 4522 li7-1i9):‘hoc
3221 4455 3323 4518 est,
3375 4452 3563 4506 exuite
3609 4468 3702 4507 ve-

2012 4543 2216 4606 terem,
2250 4543 2305 4594 et
2333 4538 2551 4595 induite
2581 4557 2815 4595 novum.
2851 4540 3030 4594 Omne
3060 4538 3239 4609 igitur
3275 4539 3526 4596 ofﬁcium
3555 4545 3705 4596 tem-

2014 4628 2308 4700 perantiae,
2359 4633 2442 4683 est
2495 4645 2703 4685 exuere
2752 4632 3003 4682 veterem
3030 4627 3345 4695 hominem,
3391 4629 3533 4684 etin
3594 4632 3708 4684 Deo

2015 4716 2315 4784 renovari;
2349 4717 2409 4772 id
2438 4721 2543 4785 est,
2574 4721 2942 4771 contemnere
2991 4732 3189 4771 omnes
3237 4733 3533 4788 corporeae
3586 4717 3709 4772 ille-

2016 4806 2233 4872 cebras,
2262 4806 2613 4876 laudemque
2634 4805 2994 4875 popularem,
3022 4808 3323 4876 totumque
3354 4823 3610 4861 amorem
3639 4806 3711 4861 ad

2017 4893 2329 4948 invisibilia
2384 4898 2442 4949 et
2490 4892 2681 4948 divina
2727 4892 3002 4948 conferre.
3057 4894 3215 4948 Unde
3258 4893 3401 4948 illud
3456 4894 3714 4965 sequitur

2019 4983 2174 5054 quod
2203 4982 2446 5037 miriﬁce
2477 4981 2692 5036 dictum
2721 4987 2823 5047 est,
2856 4983 2918 5037 Si
2973 4986 3023 5037 et
3078 4984 3311 5037 exterior
3340 4983 3491 5037 homo
3535 4987 3714 5037 noster

2020 5073 2407 5141 corrumpitur,
2480 5070 2577 5124 sed
2626 5072 2852 5125 interior
2906 5076 3198 5126 renovatur
3240 5072 3306 5125 de
3342 5071 3428 5124 die
3472 5073 3529 5124 in
3574 5070 3716 5123 diem

2087 5162 2103 5195 ι
2128 5159 2383 5222 Bad.Am.
2400 5158 2492 5222 Er.
2508 5161 2570 5222 et
2585 5159 2731 5215 Lov.,
2746 5172 2952 5222 necnon
2964 5159 3199 5222 plerique
3218 5159 3360 5222 Mss,
3386 5157 3583 5222 habent
3594 5153 3718 5219 fides

2019 5224 2148 5273 veri.
2162 5221 2228 5290 At
2238 5221 2467 5290 Antonio
2492 5220 2617 5268 Arn.
2628 5221 2799 5290 magis
2810 5220 3081 5290 probatur,
3100 5220 3241 5290 quod
3262 5221 3314 5267 in
3327 5220 3562 5290 margine
3574 5232 3718 5290 quae-

2020 5283 2264 5332 rumdam
2287 5282 2580 5331 editionum
2627 5281 2864 5339 habetur,
2895 5283 3042 5333 sedes
3069 5281 3221 5340 veri;
3262 5281 3342 5343 cui
3365 5281 3718 5343 astipulantur

2022 5346 2152 5417 Mss,
2173 5344 2424 5417 quinque,
2458 5344 2515 5392 in
2544 5345 2735 5407 quibus
2769 5345 2979 5417 legitur,
3007 5344 3151 5417 sedes
3175 5342 3446 5417 veritatis.

2085 5406 2156 5469 (a)
2174 5404 2499 5468 Augustinus
2512 5404 2701 5469 novem
2716 5404 2870 5469 annis
2883 5405 3221 5463 Manichacus,
3236 5404 3307 5469 ab
3317 5404 3642 5469 annozetatis
3662 5405 3718 5451 l9

2024 5464 2100 5578 pd"
2116 5464 2318 5516 annum
2339 5470 2398 5578 g8
2422 5482 2433 5515 :
2458 5468 2576 5517 vide
2602 5468 2737 5516 infra
2757 5468 2846 5517 lib.
2871 5471 2917 5525 2,
2941 5482 3059 5530 cap.
3093 5468 3171 5523 19,
3188 5479 3241 5514 n.
3257 5468 3400 5523 68;et
3421 5464 3510 5515 lib.
3532 5468 3559 5514 4
3582 5465 3717 5514 Con-

2046 5544 2168 5578 ess..
2198 5543 2310 5578 can.
2378 5564 2390 5577 .

2046 5532 2168 5586 csa,
2198 5543 2310 5593 cap.
2344 5532 2390 5578 2.
