4036 6182
485 277 615 332 i327

483 399 553 469 (ll
585 400 711 455 Cor.
750 413 823 462 ιν,
859 397 968 464 16).
1020 392 1167 449 Audi
1215 396 1272 447 et
1314 391 1657 464 prophetam
1704 393 2025 457 canentem,
2075 389 2176 444 Cor

479 487 740 542 mundum
767 501 890 540 crea
916 487 976 538 in
1004 499 1100 546 me,
1157 485 1318 549 Deus,
1351 486 1401 534 et
1428 483 1688 550 spiritum
1714 485 1917 535 rectum
1972 481 2175 533 innoca

479 579 539 630 in
563 576 856 631 visceribus
905 575 1033 627 meis
1088 572 1254 640 (Psai.
1314 587 1368 638 L,
1415 570 1516 636 t2).
1567 570 1710 634 Quid
1763 573 1958 624 contra
2004 568 2173 622 istam

480 663 934 719 convenientiam
981 661 1110 728 dici,
1162 659 1273 714 nisi
1323 676 1357 715 a
1413 660 1574 714 caecis
1655 659 2018 714 latratoribus
2065 675 2173 729 po-

481 755 633 808 test?

481 842 706 897 CAPUT
746 841 851 895 XX.
880 869 948 880 —
977 838 1268 895 Sensibilia
1311 840 1493 892 omnia
1529 840 1877 902 contemnere,
1921 839 1969 889 et
1997 833 2170 890 solum

966 929 1135 982 Deum
1175 943 1358 981 amare
1394 926 1675 996 jubemur.

548 1021 633 1073 37.
655 1016 939 1071 Illecebrae
971 1020 1162 1070 autem
1191 1015 1446 1086 corporis
1477 1014 1600 1069 sitas
1630 1013 1834 1067 suntin
1862 1011 1953 1066 his
1983 1011 2168 1066 omni-

474 1106 580 1160 bus
615 1121 743 1176 quae
772 1120 1080 1175 corporeus
1126 1120 1323 1158 sensus
1355 1103 1605 1174 attingit,
1639 1118 1765 1173 qua
1814 1117 1848 1154 a
1877 1100 2172 1154 nonnullis

476 1194 650 1248 etiam
679 1192 971 1247 sensibilia
995 1191 1369 1246 nominantur
1398 1209 1410 1244 :
1447 1192 1507 1245 in
1538 1191 1746 1261 quibus
1794 1188 2039 1242 maxime
2075 1188 2172 1242 lux

476 1283 584 1336 ista
611 1281 861 1352 vulgaris
913 1279 1150 1338 excellit,
1183 1279 1318 1350 quia
1351 1284 1406 1334 et
1447 1279 1586 1349 ipsis
1634 1277 1894 1332 sensibus
1940 1276 2169 1342 nostris,

475 1370 682 1440 quibus
699 1370 891 1423 anima
915 1385 1018 1438 per
1049 1384 1255 1437 corpus
1274 1367 1475 1433 utitur,
1491 1366 1633 1420 nihil
1661 1371 1746 1419 est
1766 1365 1944 1420 oculis
1966 1365 2170 1436 praefe-

474 1458 750 1522 rendum;
785 1461 842 1510 et
871 1456 996 1509 ideo
1026 1455 1086 1508 in
1130 1454 1436 1525 Scripturis
1468 1453 1696 1513 sanctis,
1727 1453 2035 1506 visibilium
2065 1469 2169 1507 no-

475 1545 631 1599 mine
661 1543 950 1599 sensibilia
996 1546 1199 1597 cuncta
1227 1543 1551 1613 signiﬁcant
1584 1543 1621 1595 ί.
1658 1543 1850 1611 Itaque
1909 1541 1968 1595 in
2019 1541 2171 1595 Novo

473 1636 832 1688 Testamento
879 1632 958 1685 sic
985 1632 1057 1685 ab
1090 1631 1328 1685 istorum
1360 1646 1555 1684 amore
1587 1630 1999 1701 prohibemur:
2057 1632 2172 1687 Non

471 1725 832 1791 respicientes,
858 1719 1061 1790 inquit,
1084 1735 1203 1788 quae
1218 1721 1492 1786 videntur,
1517 1719 1610 1772 sed
1636 1734 1753 1787 quae
1769 1734 1872 1772 non
1892 1719 2168 1774 videntur.

473 1812 601 1877 Quae
619 1812 762 1865 enim
807 1809 1081 1873 videntur,
1116 1808 1436 1876 temporalia
1474 1812 1637 1861 sunt:
1672 1822 1790 1876 quas
1845 1811 2022 1861 autem
2067 1823 2172 1862 non

472 1899 745 1964 videntur,
777 1903 978 1952 aeterna
1004 1898 1074 1967 (II
1111 1896 1229 1951 Cor.
1264 1913 1336 1961 1v,
1373 1896 1485 1965 18).
1521 1896 1597 1948 Ex
1628 1910 1743 1964 quo
1775 1894 2020 1966 intelligi
2061 1912 2168 1966 po-

471 1992 602 2052 test,
630 2003 802 2058 quam
833 1984 1108 2040 christani
1129 2001 1249 2038 non
1276 1984 1389 2037 sint
1419 1983 1520 2055 qui
1553 1983 1731 2037 solem
1763 1987 1819 2037 et
1838 1983 2035 2036 lunam
2055 1999 2171 2038 non

473 2075 644 2130 modo
706 2074 1044 2146 diligendos,
1102 2074 1198 2128 sed
1235 2074 1409 2127 etiam
1457 2071 1724 2126 colendos
1769 2075 1992 2140 putant.
2025 2070 2171 2134 Quid

472 2164 628 2219 enim
665 2164 942 2233 videmus,
973 2163 1020 2216 si
1049 2163 1228 2216 solem
1259 2167 1314 2216 et
1342 2163 1540 2215 lunam
1574 2175 1692 2214 non
1731 2158 2029 2214 videmus?
2065 2161 2170 2213 Ve-

470 2253 562 2307 titi
593 2257 784 2307 autem
814 2269 1010 2306 sumus
1049 2250 1302 2305 converti
1349 2250 1418 2304 ad
1466 2266 1532 2303 ea
1564 2265 1694 2319 quae
1723 2249 2008 2302 videntur.
2045 2249 2172 2303 Non

473 2344 606 2395 sunt
635 2341 810 2411 igitur
839 2340 1011 2393 etiam
1043 2338 1152 2392 ista
1193 2337 1484 2408 diligenda
1513 2337 1564 2391 ei
1595 2337 1695 2408 qui
1723 2353 1980 2391 amorem
2006 2337 2170 2392 illum

471 2429 874 2498 incorruptum
892 2429 1006 2482 Deo
1038 2426 1250 2497 cogitat
1269 2425 1558 2480 exhibere.
1592 2425 1701 2487 Sed
1723 2424 1833 2478 erit
1855 2424 1998 2479 mihi
2027 2425 2172 2479 alius

473 2517 633 2570 locus
660 2533 775 2588 quo
814 2516 883 2569 de
920 2514 1041 2569 istis
1092 2513 1426 2584 diligentius
1465 2513 1809 2584 requiretur.
1845 2513 1969 2567 Non
2017 2513 2171 2568 enim

472 2621 625 2660 nunc
656 2605 724 2659 de
754 2604 884 2670 ﬁde,
944 2603 1041 2658 sed
1087 2603 1155 2657 de
1187 2602 1300 2657 vita
1325 2602 1511 2657 dicere
1566 2601 1806 2668 institui,
1842 2617 1946 2672 per
1999 2619 2170 2673 quam

477 2708 764 2747 meremur
795 2692 936 2746 scire
967 2691 1121 2762 quod
1151 2690 1455 2745 credimus.
1489 2690 1782 2744 Amandus
1803 2688 1980 2760 igitur
2019 2691 2172 2744 solus

475 2784 621 2836 Deus
651 2785 776 2836 est:
836 2779 1024 2834 omnis
1069 2795 1203 2834 vero
1258 2779 1365 2833 iste
1408 2779 1672 2845 mundus,
1708 2777 1767 2832 id
1813 2783 1920 2847 est,
1978 2778 2171 2833 omnia

473 2868 764 2924 sensibilia
792 2867 1250 2935 contemnenda;
1298 2867 1582 2922 utendum
1622 2869 1814 2921 autem
1845 2866 1934 2921 his
1963 2867 2033 2922 ad
2062 2867 2168 2922 hu-

468 2959 565 3029 jus
595 2960 725 3012 vitee
750 2956 1166 3011 necessitatem.

473 3047 698 3101 CAPUT
729 3047 862 3100 XXI.
902 3077 970 3086 —
1001 3046 1187 3100 Gloria
1239 3045 1525 3114 popularis
1562 3049 1612 3099 et
1657 3047 1947 3100 curiositas
1998 3044 2171 3100 sacris

1064 3134 1286 3187 Litteris
1315 3132 1597 3186 damnata.

544 3226 630 3278 38.
665 3221 854 3278 Gloria
903 3237 1035 3276 vero
1066 3222 1359 3292 popularis
1391 3221 1469 3275 sic
1507 3222 1569 3275 in
1614 3223 1768 3276 Novo
1810 3223 2170 3277 Testamento

472 3311 736 3382 abjicitur
766 3313 936 3381 atque
983 3309 1406 3363 contemnitur:
1469 3310 1530 3364 Si
1586 3309 1916 3376 hominibus,
1958 3310 2167 3380 inquit,

464 3398 676 3466 placere
701 3398 908 3464 vellem,
947 3399 1156 3454 Christi
1183 3411 1367 3451 servus
1406 3413 1510 3452 non
1549 3387 1714 3453 essem
1743 3399 1942 3464 tGalat.
1993 3416 2032 3468 ι,
2063 3400 2165 3469 10).

469 3487 562 3540 Est
590 3485 729 3541 item
755 3486 910 3540 aliud
938 3487 1092 3558 quod
1105 3487 1174 3540 de
1205 3485 1544 3557 corporibus
1565 3486 2119 3558 perimaginationes
2148 3491 2170 3523 ³

467 3574 743 3645 quasdam
783 3574 1030 3646 concipit
1058 3575 1269 3642 anima,
1321 3579 1376 3630 et
1421 3591 1548 3630 eam
1578 3578 1738 3630 vocat
1767 3592 1962 3631 rerum
1994 3576 2171 3630 scien-

467 3663 628 3719 tiam.
665 3664 1047 3728 Quamobrem
1077 3667 1224 3718 recte
1275 3664 1447 3718 etiam
1505 3665 1714 3720 curiosi
1744 3681 1865 3720 esse
1898 3665 2168 3735 prohibe-

468 3766 620 3816 mur,
654 3752 804 3821 quod
856 3767 1127 3822 magnum
1177 3752 1574 3822 temperantiae
1610 3769 1822 3806 munus
1877 3757 1982 3806 est.
2029 3753 2169 3808 Hinc

465 3838 608 3891 illud
639 3842 725 3892 est
747 3839 966 3894 :Cavete
990 3854 1056 3891 ne
1075 3841 1196 3906 quis
1225 3853 1316 3893 vos
1342 3840 1564 3893 seducat
1587 3856 1691 3909 per
1712 3841 2162 3910 philossophiam.

467 3926 534 3979 Et
579 3926 711 3996 quia
764 3925 953 3995 ipsum
982 3941 1193 3980 nomen
1221 3926 1603 3996 philosophiae
1643 3927 1689 3980 si
1747 3917 2162 3993 consideretur,

466 4029 591 4068 rem
621 4029 888 4084 magnam
918 4017 1152 4085 totoque
1177 4011 1200 4048 ³
1229 4014 1421 4068 animo
1451 4016 1832 4086 appetendam
1864 4016 2165 4088 signiﬁcat,

466 4101 752 4172 siquidem
780 4101 1146 4172 philosophia
1174 4106 1258 4157 est
1275 4118 1439 4156 amor
1461 4103 1832 4175 studiumque
1850 4104 2163 4176 sapientiae,

463 4190 789 4245 cautissime
822 4190 1144 4260 Apostolus,
1178 4205 1249 4244 ne
1271 4190 1341 4243 ab
1361 4206 1552 4245 amore
1574 4192 1866 4262 sapientia:
1881 4193 2165 4249 deterrere

462 4279 768 4347 videretur,
827 4277 1085 4350 subjecit,
1119 4284 1170 4333 et
1196 4280 1453 4334 elementa
1510 4282 1674 4351 hujus
1720 4282 1912 4336 mundi
1940 4283 2160 4354 (Coloss.

461 4387 518 4435 ιι,
547 4371 624 4439 8).
654 4369 796 4424 Sunt
826 4368 979 4422 enim
1010 4367 1109 4438 qui
1141 4368 1377 4422 desertis
1406 4369 1729 4437 virtutibus,
1758 4376 1814 4426 et
1842 4371 2162 4426 nescientes

464 4457 602 4526 quid
635 4457 706 4511 sit
733 4457 901 4526 Deus,
924 4461 982 4510 et
1002 4461 1212 4527 quanta
1232 4458 1499 4529 majestas
1520 4475 1747 4529 semper
1772 4460 1976 4514 eodem
1991 4461 2164 4515 modo

463 4545 748 4599 manentis
801 4549 1023 4599 naturas
1073 4561 1349 4617 magnum
1401 4545 1618 4617 aliquid
1650 4563 1707 4600 se
1737 4563 1905 4617 agere
1935 4552 2160 4618 putant,

464 4632 512 4685 si
540 4633 866 4687 universam
905 4633 1073 4688 istam
1107 4634 1362 4705 corporis
1394 4634 1630 4702 molem,
1679 4651 1854 4705 quam
1883 4637 2162 4692 mundum

463 4735 880 4790 nuncupamus,
937 4723 1321 4777 curiosissime
1384 4723 1884 4796 intentissimeque
1929 4725 2164 4798 perqui-

460 4813 611 4864 rant.
656 4810 810 4864 Unde
840 4815 997 4864 tanta
1027 4811 1199 4866 etiam
1231 4811 1498 4883 superbia
1552 4811 1829 4882 gignitur,
1863 4813 2007 4866 utin
2036 4814 2160 4885 ipso

460 4899 625 4968 coelo,
684 4898 753 4953 de
810 4914 923 4968 quo
956 4915 1106 4969 saepe
1159 4899 1470 4972 disputant,
1505 4900 1744 4956 sibimet
1799 4901 2056 4956 habitare
2085 4902 2163 4957 vi-

461 4991 723 5045 deantur.
765 4987 1061 5056 Reprimat
1088 4987 1268 5058 igitur
1297 5006 1354 5043 se
1368 4989 1560 5044 anima
1572 4989 1641 5043 ab
1663 4989 1991 5060 hujusmodi
2003 5007 2161 5046 vanae

457 5075 799 5147 cognitionis
850 5075 1158 5146 cupiditate
1207 5081 1248 5141 ⁸,
1298 5078 1344 5130 si
1395 5095 1452 5132 se
1498 5083 1713 5133 castam
1767 5081 1883 5134 Deo
1938 5097 2160 5135 servare

458 5165 756 5236 disposuit.
789 5163 912 5218 Tali
941 5163 1095 5218 enim
1138 5181 1334 5220 amore
1389 5167 1732 5239 plerumque
1763 5167 2064 5239 decipitur,
2095 5175 2162 5224 ut

521 5283 536 5343 1
570 5281 638 5343 In,
663 5280 776 5329 Ess.
809 5282 947 5338 octo,
979 5278 1357 5343 deputantur;
1389 5281 1445 5330 in
1465 5281 1580 5331 aliis
1601 5283 1787 5343 tribus,
1809 5283 2168 5334 damnantur-

518 5342 540 5408 fi
572 5342 727 5408 Editi,
746 5355 846 5408 per
879 5343 1159 5408 imagines.
1183 5341 1420 5408 Plerique
1450 5344 1592 5408 Mss”
1608 5358 1715 5407 per
1735 5341 2155 5408 imaginatione.

515 5404 690 5466 377Mss.
714 5404 946 5453 melioris
963 5407 1120 5459 notas,
1139 5405 1421 5466 totamque.
1448 5404 1627 5454 Porro‘
1640 5407 1694 5455 in
1715 5407 1830 5456 aliis
1845 5404 2080 5456 'habetur
2099 5412 2158 5459 ut

456 5463 690 5530 in_Edd.,
728 5469 944 5530 totoque
967 5468 1168 5530 animo.

516 5528 537 5561 ⁴
555 5527 766 5590 Aliquot
779 5526 920 5588 Mss,
935 5529 1002 5579 ab
1013 5526 1326 5594 hujusmodi
1339 5541 1478 5593 vagae
1492 5531 1822 5590 cogitationis
1841 5533 2148 5596 cupiditate.

1262 321 1265 326 λ
1302 270 1396 326 DE
1436 267 1747 326 MORIBUS
1787 263 2148 322 ECCLESUE
2186 261 2630 332 CATHOLICE,
2674 263 2724 317 S.
2772 262 3155 319 AUGUSTINI
3753 279 3831 331 1333

2282 391 2378 442 aut
2415 387 2561 442 nihil
2595 391 2760 458 putet
2787 403 2930 454 esse,
2964 388 3075 443 nisi
3105 404 3344 460 corpus;
3379 394 3469 444 aut
3493 392 3673 450 etiamsi
3713 405 3832 454 aucto-

2280 475 2446 529 ritate
2471 480 2778 543 commota,
2825 475 3069 530 fateatur
3098 476 3315 548 aliquid
3373 493 3484 533 esse
3534 479 3831 554 incorporeum,

2281 564 2349 618 de
2377 564 2476 618 illo
2503 569 2696 619 tamen
2725 563 2834 618 nisi
2871 580 2976 635 per
3031 565 3311 637 imagines
3367 583 3629 639 corporeas
3673 576 3834 644 cogitare

2280 668 2398 706 non
2424 653 2619 723 possit,
2654 657 2710 707 et
2735 653 2848 707 tale
2879 653 3100 724 aliquid
3147 669 3269 709 esse
3299 655 3542 726 credere,
3583 661 3713 730 quale
3734 661 3834 716 fallax

2280 741 2535 812 corporis
2565 757 2762 796 sensus
2787 741 3018 810 inﬂigit.
3049 734 3273 798 Ad'hoc
3297 743 3463 799 etiam
3488 747 3614 801 valet
3626 748 3740 818 quod
3754 767 3834 820 pre

2280 829 2489 900 cipitur
2519 830 2836 885 cavendum
2869 846 2992 884 esse
3024 847 3055 884 a
3087 831 3425 888 simulacris.

2352 922 2439 973 39.
2473 918 2614 972 Huic
2643 934 2778 989 ergo
2805 917 3128 973 auctoritati
3160 921 3302 975 Novi
3331 923 3655 991 Testamenti,
3679 940 3758 996 qua
3789 927 3836 994 ju-

2279 1007 2484 1060 bemur
2513 1006 2654 1061 nihil
2686 1007 2886 1062 mundi
2916 1008 3088 1079 hujus
3119 1008 3358 1080 diligere
3393 1009 3436 1080 (Ι
3460 1013 3597 1065 Joan.
3623 1028 3671 1080 ιι,
3698 1017 3767 1079 15},
3785 1014 3838 1065 illa

2278 1094 2526 1148 maxime
2577 1094 2861 1149 sententia
2889 1111 3004 1166 qua
3034 1095 3247 1150 dictum
3278 1102 3384 1164 est,
3415 1100 3572 1155 Nolite
3615 1100 3837 1165 conformari

2280 1185 2404 1238 huic
2433 1183 2632 1238 mundo
2665 1182 2842 1254 (Rom.
2888 1201 2984 1251 xu,
3025 1184 3118 1254 2):
3153 1185 3324 1240 simul
3372 1186 3515 1240 enim
3565 1188 3838 1241 demonstran-

2279 1272 2415 1326 dum
2447 1277 2530 1326 est
2556 1272 2608 1326 ei
2635 1273 2718 1326 rei
2735 1289 3024 1344 quemque
3045 1273 3393 1328 conformari
3412 1291 3570 1346 quam
3587 1276 3748 1346 diligit:
3765 1277 3838 1330 huic

2280 1376 2414 1432 ergo
2473 1361 2813 1431 auctoritati,
2870 1362 2919 1416 si
2960 1362 3028 1418 de
3086 1363 3273 1417 Veteri
3329 1365 3656 1418 Testamento
3681 1381 3840 1435 quaram

2280 1448 2419 1519 quid
2449 1465 2798 1520 comparem,
2827 1451 2993 1520 plura
3015 1451 3246 1522 quidem
3283 1452 3539 1506 invenio:
3566 1453 3648 1506 sed
3672 1469 3775 1505 unus
3791 1451 3839 1504 Sa-

2279 1536 2525 1591 lomonis
2555 1538 2717 1604 liber,
2757 1538 3112 1593 Ecclesiastes
3146 1539 3246 1610 qui
3303 1540 3522 1606 dicitur,
3570 1537 3841 1609 copiosissime

2279 1624 2338 1678 in
2375 1641 2663 1680 summum
2695 1630 3087 1698 contemptum
3107 1627 3301 1681 omnia
3321 1627 3431 1681 ista
3456 1627 3698 1698 perducit.
3722 1622 3841 1692 Incipit

2280 1712 2434 1767 enim
2468 1713 2580 1768 sic:
2618 1716 2848 1769 Vanitas
2897 1717 3264 1769 vanitantium
3304 1714 3396 1786 (a),
3432 1716 3564 1769 discit
3593 1716 3841 1769 Ecclesiastes.

2277 1805 2495 1856 vanitas
2524 1806 2916 1872 vanitantium,
2936 1808 2986 1857 et
3014 1807 3195 1858 omnia
3209 1807 3448 1858 vanitas.
3481 1805 3593 1870 Qua
3617 1801 3843 1857 abundantia

2281 1891 2488 1945 homini
2513 1894 2572 1945 in
2601 1894 2748 1946 omni
2766 1893 2946 1946 labore
2972 1908 3088 1962 suo,
3120 1909 3275 1962 quem
3303 1897 3422 1963 ipse
3450 1894 3636 1948 laborat
3652 1893 3726 1946 sub
3752 1886 3842 1943 soli?

2281 1971 2471 2050 (Eccle.
2501 1997 2540 2046 ι,
2590 1983 2640 2047 2,
2678 1982 2756 2050 3.)
2788 1981 2918 2035 Haec
2944 1981 3117 2036 verba
3145 1981 3340 2036 omnia
3400 1982 3445 2035 si
3490 1980 3791 2040 attendantnr,
3823 1975 3844 2025 si

2279 2068 2734 2138 perpendantur,
2811 2068 2858 2122 si
2914 2068 3313 2136 discutiantur,
3373 2071 3549 2124 multa
3593 2066 3844 2122 inveniuntur

2279 2157 2784 2225 pernecessariaiis
2805 2157 2904 2229 qui
2923 2158 3076 2212 hunc
3093 2158 3378 2213 mundum
3397 2159 3600 2228 fugere,
3619 2161 3667 2210 et
3684 2154 3847 2221 refugere

2281 2244 2342 2298 in
2371 2246 2552 2299 Deum
2583 2245 2907 2300 desiderant
2937 2263 2950 2300 :
2983 2246 3080 2301 sed
3110 2247 3350 2318 longum
3386 2251 3488 2316 est,
3518 2249 3569 2300 et
3593 2244 3685 2299 alio
3710 2240 3847 2296 festinat

2279 2333 2482 2388 oratio.
2531 2334 2652 2388 Tali
2705 2339 2897 2388 tamen
2951 2335 3238 2406 principio
3279 2335 3602 2400 constituto,
3629 2328 3850 2400 exsequitur

2281 2423 2496 2486 omnia,
2547 2423 2862 2477 vanitantes
2901 2439 3022 2478 esse
3071 2439 3169 2478 eos
3199 2423 3300 2494 qui
3330 2424 3501 2478 rebus
3527 2414 3848 2492 hujusmodifal-

2279 2511 2476 2565 luntur
2502 2527 2516 2578 ;
2543 2511 2794 2582 idipsum
2846 2516 3039 2566 autem
3067 2528 3182 2582 quo
3213 2512 3494 2566 falluntur
3520 2510 3766 2564 vanitatem
3794 2518 3847 2553 v0-

2281 2615 2432 2666 cans,
2468 2615 2583 2654 non
2640 2600 2796 2670 quod
2849 2602 2997 2654 Deus
3056 2600 3166 2654 ista
3195 2616 3313 2655 non
3355 2598 3636 2663 creaverit,
3675 2593 3746 2648 sed
3777 2588 3849 2659 qui!

2281 2687 2560 2758 subjicere
2618 2703 2678 2742 se
2725 2687 2990 2743 homines
3019 2689 3222 2743 volunt
3267 2689 3337 2743 iis
3372 2690 3540 2744 rebus
3567 2701 3656 2758 per
3692 2682 3849 2755 peccati.

2282 2793 2411 2847 quae
2440 2776 2552 2831 illis
2582 2792 2686 2847 per
2715 2779 2866 2831 recte
2903 2777 3050 2832 facta
3105 2777 3296 2832 divina
3325 2778 3454 2849 lege
3505 2776 3730 2846 subjecta
3763 2771 3849 2821 sui!L

2281 2864 2430 2929 Quid
2459 2871 2542 2919 est
2571 2865 2727 2923 enim
2757 2865 2934 2929 aliud,
2964 2866 3122 2920 falsis
3151 2865 3314 2921 bonis
3343 2866 3511 2922 illudi
3546 2870 3693 2936 atque
3728 2852 3850 2923 decipi

2281 2969 2456 3023 quam
2511 2953 2694 3024 teipso
2748 2953 3039 3020 inferiora,
3095 2955 3360 3010 miranda
3395 2961 3450 3010 et
3478 2949 3746 3026 appetenda
3767 2940 3851 2997 arbi-

2279 3042 2463 3096 trari?
2493 3043 2670 3097 Habet
2698 3043 2877 3114 igitur
2907 3043 2993 3096 vir
3018 3047 3346 3114 temperans
3377 3046 3440 3099 in
3469 3034 3785 3114 hujuscemodi
3803 3044 3848 3081 re-

2280 3131 2388 3186 bus
2418 3131 2754 3186 mortalibus
2783 3136 2841 3186 et
2870 3132 3203 3202 ﬂuentibus,
3234 3132 3370 3188 vitae
3430 3132 3664 3203 regulam
3703 3128 3850 3187 ιιίτοίῐῑιτ

2278 3221 2636 3275 Testamento
2665 3220 2990 3288 ﬁrmatam;
3028 3226 3094 3276 ut
3122 3238 3324 3276 eorum
3373 3222 3515 3277 nihil
3548 3218 3729 3287 diligat,
3768 3203 3845 3261 nihil

2279 3321 2383 3374 per
2420 3323 2478 3360 se
2509 3309 2893 3379 appetendum
2923 3313 3103 3380 putet,
3155 3310 3253 3364 sed
3303 3311 3380 3365 ad
3428 3310 3554 3364 vita:
3580 3306 3720 3376 hujus
3756 3301 3852 3364 alii“?

2276 3391 2597 3448 ofﬁciorum
2648 3395 3040 3450 necessitatem
3097 3399 3384 3467 quantum
3434 3400 3517 3450 sat
3547 3397 3640 3458 est,
3688 3381 3848 3450 usuer

2277 3481 2494 3535 utentis
2519 3481 2819 3550 modestia,
2841 3499 2959 3538 non
2991 3484 3236 3538 amantis
3268 3484 3498 3540 affectu.
3523 3485 3638 3538 Hinc
3663 3477 3771 3533 dicta
3793 3469 3863 3535 sini.

2278 3571 2347 3626 de
2376 3571 2779 3644 temperantia,
2823 3589 2928 3644 pro
2977 3589 3171 3628 rerum
3228 3571 3621 3645 magnitudine
3672 3561 3849 3620 breui“;

2277 3676 2381 3731 pro
2409 3659 2675 3717 instituto
2706 3666 2900 3717 tamen
2945 3679 3120 3734 opere
3171 3663 3414 3719 fortasse
3471 3656 3723 3732 copiosius
3757 3655 3852 3719 qum

2278 3749 2598 3819 oportebat.

2349 3838 2574 3894 CAPUT
2608 3839 2764 3893 XXII.
2803 3867 2863 3879 —-
2895 3839 3288 3895 Fortitudinem
3337 3842 3574 3910 praestat
3597 3848 3722 3891 amor
3744 3826 3816 3882 Del-

2345 3928 2434 3981 40.
2471 3928 2549 3981 De
2577 3927 2912 3983 fortitudine
2957 3943 3091 3982 vero
3150 3945 3264 3983 non
3311 3931 3499 3985 multa
3553 3911 3850 3982 dicendasunt

2274 4017 2450 4070 Amor
2479 4032 2726 4087 namque
2753 4017 2849 4070 ille
2879 4017 2948 4071 de
2978 4033 3093 4088 quo
3125 4018 3440 4089 loquimur,
3497 4029 3660 4088 quem
3680 4012 3769 4063 tota
3786 4010 3850 4052 θεῖν

2275 4102 2443 4158 citate
2500 4103 2924 4160 inﬂammatum
2978 4121 3100 4160 esse
3148 4111 3382 4179 oportet
3425 4107 3486 4161 in
3513 4107 3693 4166 Deum,
3734 4097 3775 4148 in
3794 4099 3852 4141 οὐδ

2274 4193 2613 4264 appetendis
2642 4194 2766 4249 istis
2795 4199 3141 4266 temperans,
3175 4196 3238 4251 in
3265 4193 3595 4251 emittendis
3620 4186 3750 4244 tortis
3767 4188 3851 4232 εὕει

2273 4285 2388 4336 tur.
2431 4281 2539 4337 Sed
2567 4282 2717 4338 inter
2773 4283 2968 4338 omnia
3019 4300 3148 4355 quas
3179 4283 3241 4338 in
3291 4286 3402 4339 hac
3450 4284 3562 4337 vita
3587 4272 3852 4355 possideam?

2272 4385 2476 4441 corpus
2505 4370 2728 4426 homini
2757 4372 3158 4442 gravissimum
3188 4373 3487 4428 vinculum
3519 4375 3614 4431 est.
3638 4355 3854 4452 tum“?

2274 4459 2372 4513 Dei
2413 4459 2652 4530 legibus,
2680 4464 2918 4531 propter
2962 4461 3264 4534 antiquum
3317 4465 3632 4534 peccatum,
3672 4467 3758 4524 quo
3779 4453 3855 4534 mm

2273 4551 2357 4601 est
2385 4549 2454 4602 ad
2481 4549 2911 4619 praedicandum
2937 4533 3150 4617 notius,
3210 4533 3356 4606 nihil
3408 4551 3482 4605 ad
3538 4533 3854 4611 intelligenduti

2272 4638 2558 4692 secretius.
2596 4639 2709 4692 [ioc
2738 4655 2875 4710 ergo
2905 4639 3199 4694 vinculum
3255 4656 3328 4694 ne
3383 4635 3724 4693 concutiatur
3764 4628 3856 4689 alii“

2270 4730 2522 4793 vexetur,
2555 4726 2765 4781 laboris
2793 4732 2849 4781 et
2877 4727 3122 4796 doloris;
3153 4744 3226 4783 ne
3279 4725 3580 4782 auferatur
3624 4725 3760 4789 atque

2269 4814 2502 4882 imatur,
2521 4815 2720 4888 mortis
2745 4821 2966 4871 terrore
2987 4817 3240 4872 animam
3253 4817 3463 4888 quatit.
3479 4816 3642 4870 Amat
3655 4797 3855 4864 enimille:

2269 4902 2324 4957 vi
2353 4886 2797 4972 consuetudinis,
2831 4921 2948 4960 non
2976 4886 3327 4977 intelligens,
3388 4905 3440 4959 si
3499 4919 3566 4958 eo
3609 4901 3732 4954 bene
3767 4893 3856 4952 διιεέ
3902 4891 3903 4944 i

2269 4993 2512 5047 scienter
2562 4997 2777 5061 utatur,
2856 4995 3329 5049 resurrectionem
3385 4982 3856 5048 reformationem?

2269 5081 2390 5152 ejus
2420 5098 2526 5153 ope
2555 5098 2618 5136 ac
2663 5083 2788 5153 lege
2839 5083 3032 5137 divina
3083 5084 3207 5138 sine
3265 5084 3387 5138 ulla
3436 5077 3689 5136 molestia
3707 5066 3855 5142 juris'i“

2267 5171 2552 5226 subditam
2582 5172 2732 5226 fore:
2767 5171 2866 5226 sed
2895 5187 3026 5226 cum
3059 5188 3119 5228 se
3162 5173 3269 5226 hoc
3314 5186 3521 5226 amore
3549 5171 3662 5223 tota
3686 5163 3735 5216 in
3758 5156 3858 5211 De“:
3902 5157 3903 5176 ‘

2266 5260 2607 5314 converterit
2630 5260 2669 5326 ⁸,
2695 5260 2783 5314 his
2833 5260 3075 5331 cognitis
3133 5265 3382 5315 mortem
3425 5275 3544 5314 non
3572 5252 3723 5310 modo
3755 5243 3860 5297 εοηίτ

2329 5412 2343 5445 ι
2368 5411 2502 5482 Mss.
2520 5414 2641 5460 tres.
2665 5409 2767 5460 Sed
2796 5423 2918 5461 cum
2946 5409 3085 5462 hunc
3103 5423 3342 5462 amorem
3366 5412 3548 5461 totum
3567 5409 3618 5456 in
3647 5407 3778 5454 Dm
3796 5399 3862 5438 ουδ’

2264 5476 2517 5523 verterit.

2328 5536 2398 5597 (τι)
2425 5535 2540 5585 Vid.
2571 5535 2798 5585 Retract.
2831 5534 2918 5585 lib.
2954 5538 3000 5593 1,
3031 5550 3145 5600 cap.
3167 5539 3218 5598 7,
3244 5549 3297 5586 ιι.
3327 5537 3379 5582 3.
