4008 6184
184 279 316 331 lli?!)

177 400 357 463 mnet,
384 409 581 450 verum
610 393 783 449 etiam
817 395 1179 452 desiderabit.

249 488 335 539 4i.
369 483 476 539 Sed
506 486 679 537 restat
720 499 850 537 cum
902 484 1094 540 dolore
1142 500 1350 556 magna
1381 485 1679 541 conﬂictio.
1718 485 1871 541 Nihil

175 579 260 629 est
285 579 475 628 tamen
507 576 622 627 tam
654 572 862 627 durum
889 577 1059 644 atque
1089 574 1359 641 ferreum,
1389 576 1543 646 quod
1572 592 1690 629 non
1722 590 1873 629 amo-

175 661 252 714 ris
278 660 414 731 igne
443 659 719 714 vincatur.
755 662 876 725 Quo
897 677 1028 715 cum
1059 678 1115 716 se
1144 662 1337 716 anima
1366 663 1549 734 rapiet
1577 663 1635 717 in
1668 665 1868 729 Deum,

172 766 347 820 super
372 765 601 803 omnem
624 748 1011 804 carniﬁcinam
1037 750 1233 818 libera,
1267 755 1321 805 et
1344 751 1677 806 admiranda
1724 750 1870 805 voli-

174 838 318 893 tabit
347 838 556 908 pennis
586 838 985 909 pulcherrimis
1036 845 1093 893 et
1121 839 1525 909 integerrimis,
1552 840 1761 910 quibus
1800 839 1871 893 ad

175 926 277 981 Dei
310 927 635 997 amplexum
663 942 828 980 amor
856 932 1043 980 castus
1081 926 1367 982 innititur.
1403 927 1519 981 Nisi
1560 943 1691 981 vero
1713 943 1869 981 ama-

171 1019 324 1069 tores
374 1014 522 1082 auri,
568 1020 851 1069 amatores
907 1015 1112 1079 laudis,
1164 1020 1446 1070 amatores
1498 1016 1869 1082 feminarum,

172 1101 529 1157 amatoribus
560 1101 676 1155 suis
730 1104 880 1155 Deus
929 1102 1076 1156 sinet
1124 1119 1244 1157 esse
1292 1103 1580 1169 fortiores;
1616 1120 1746 1157 cum
1777 1104 1871 1157 ille

172 1207 290 1245 non
326 1206 505 1257 amor,
536 1190 634 1244 sed
664 1190 1070 1261 congruentius
1116 1191 1393 1262 cupiditas
1438 1192 1524 1247 vel
1564 1191 1738 1247 libido
1770 1208 1873 1246 no-

171 1278 443 1333 minetur.
498 1279 562 1332 In
592 1294 705 1348 qua
737 1281 926 1332 tamen
956 1286 1193 1350 apparet
1221 1284 1467 1350 quantus
1524 1281 1597 1334 sit
1624 1282 1872 1351 impetus

173 1366 355 1421 animi
383 1366 456 1421 ad
487 1382 553 1421 ea
583 1382 711 1437 quas
738 1366 1061 1438 diliguntur
1093 1367 1376 1423 indefesso
1406 1385 1575 1423 cursu
1598 1371 1613 1405 ¹
1637 1385 1741 1439 per
1768 1368 1873 1423 im-

173 1455 370 1511 mania
417 1471 661 1527 quazque
703 1455 1010 1522 tendentis,
1058 1461 1511 1528 argumentoque
1555 1456 1720 1511 nobis
1765 1462 1871 1523 est,

174 1561 352 1616 quam
383 1544 496 1599 sint
525 1544 717 1599 omnia
745 1545 1103 1615 perferenda,
1136 1562 1207 1599 ne
1234 1546 1563 1601 deseramus
1593 1546 1792 1601 Deum.
1826 1544 1874 1599 si

174 1636 336 1687 tanta
360 1633 444 1687 illi
473 1638 536 1687 ut
565 1633 848 1701 deserant,
880 1634 1196 1704 perferunt.

205 1757 428 1811 CAPUT
453 1757 637 1813 XXIII.
683 1787 751 1796 —
779 1758 1137 1813 Fortitudinis
1175 1760 1383 1812 monita
1424 1762 1474 1812 et
1515 1759 1761 1826 exempla
1806 1772 1873 1811 ea:

402 1876 409 1885 -
866 1847 1188 1915 Scripturis.
1674 1850 1679 1855 ’

247 1954 337 2005 42.
401 1950 547 2015 Quid
600 1965 735 2019 ergo
784 1950 875 2004 hic
925 1950 1062 2004 Novi
1113 1950 1459 2005 Testamenti
1517 1948 1873 2004 aactoritates

168 2040 459 2110 colligam,
488 2038 588 2092 ubi
615 2038 831 2092 dictum
858 2043 959 2104 est,
996 2040 1303 2094 Tribulatio
1320 2042 1648 2109 patientiam
1678 2054 1874 2107 opera-

172 2132 286 2196 tur,
310 2128 584 2197 patientia
607 2127 1006 2197 probationem,
1024 2128 1273 2197 probatio
1293 2144 1439 2197 spem
1464 2128 1630 2196 (Rom.
1648 2144 1699 2190 v,
1720 2130 1769 2189 3,
1796 2127 1870 2198 4);

173 2220 233 2269 et
262 2230 379 2267 non
409 2216 595 2268 solum
626 2214 859 2279 dictum,
893 2216 989 2269 sed
1017 2215 1187 2268 etiam
1219 2215 1490 2285 exemplis
1540 2232 1737 2269 eorum
1775 2215 1875 2285 qui

177 2304 462 2371 dixerunt,
491 2303 796 2373 probatum
822 2307 992 2374 atque
1024 2304 1331 2371 ﬁrmatum,
1362 2304 1430 2358 de
1463 2305 1649 2359 Veteri
1682 2305 1874 2375 potius

170 2394 553 2458 Testamento,
592 2392 651 2444 in
700 2391 854 2461 quod
911 2391 993 2445 illi
1045 2392 1239 2446 rabide
1296 2393 1559 2461 saeviunt,
1618 2393 1872 2447 excitabo

176 2482 505 2551 exemplum
543 2480 857 2550 patientia.
890 2481 1081 2551 Neque
1104 2480 1265 2535 illum
1297 2482 1630 2535 memorabo
1661 2483 1872 2545 virum,

180 2586 212 2623 a
239 2586 353 2640 quo
384 2569 445 2622 in
472 2568 696 2639 magnis
726 2568 1065 2622 cruciatibus
1095 2570 1347 2639 corporis
1371 2575 1426 2623 et
1454 2569 1713 2623 horribili
1745 2570 1875 2623 tabe

179 2657 594 2725 membrorum,
626 2672 744 2709 non
774 2657 946 2710 modo
979 2657 1334 2711 sustinentur
1361 2658 1633 2725 humana,
1665 2658 1762 2711 sed
1788 2657 1875 2711 di-

179 2746 312 2799 vina
344 2746 517 2799 etiam
541 2745 920 2815 disputantur.
956 2746 1017 2799 In
1035 2746 1195 2816 cujus
1216 2746 1454 2815 singulis
1484 2746 1712 2800 vocibus
1744 2745 1876 2799 satis

181 2835 387 2888 elucet.
422 2834 468 2886 si
500 2833 629 2904 quis
659 2850 825 2904 aequo
847 2834 1037 2887 animo
1056 2833 1329 2899 attendat,
1363 2834 1877 2905 quantipendenda

178 2922 291 2976 sint
322 2921 449 2989 ista,
480 2938 607 2992 quae
629 2938 758 2975 cum
789 2922 988 2975 volunt
1006 2921 1266 2975 homines
1296 2938 1398 2991 per
1424 2921 1877 2975 dominationem

176 3016 393 3077 tenere,
424 3010 490 3063 ab
524 3010 610 3063 his
644 3010 783 3080 ipsis
811 3009 997 3080 potius
1027 3025 1130 3079 per
1183 3009 1553 3079 cupiditatem
1585 3014 1874 3075 tenentur,

179 3103 233 3152 et
262 3114 455 3151 rerum
486 3098 815 3151 mortalium
844 3098 990 3151 servi
1017 3098 1182 3164 ﬁunt,
1204 3098 1340 3151 dum
1362 3098 1625 3168 imperite
1656 3098 1877 3151 domini

180 3204 299 3241 esse
331 3186 673 3241 desiderant.
719 3186 920 3239 Amisit
950 3202 1199 3256 namque
1222 3237 1227 3242 Α
1252 3185 1345 3239 ille
1401 3201 1599 3239 omnes
1630 3186 1873 3252 divitias,

180 3282 237 3331 et
266 3278 443 3330 factus
472 3281 708 3347 repente
738 3275 1159 3346 pauperrimus,
1190 3279 1303 3327 tam
1328 3274 1726 3328 inconcussum
1755 3274 1877 3327 ani-

181 3382 341 3420 mum
382 3365 567 3418 tenuit
610 3367 665 3418 et
711 3364 951 3417 inﬁxum
998 3364 1137 3429 Deo,
1184 3368 1247 3417 ut
1275 3363 1409 3415 satis
1437 3362 1876 3423 demonstraret,

181 3471 297 3508 non
338 3454 464 3508 illas
495 3453 601 3507 sibi
631 3452 802 3506 fuisse
860 3468 1119 3521 magnas,
1161 3451 1255 3505 sed
1290 3467 1348 3504 se
1378 3450 1512 3516 illis,
1548 3450 1656 3505 sibi
1686 3455 1877 3503 autem

182 3544 361 3597 Deum
393 3542 514 3596 Job.
552 3542 692 3612 1,11).
744 3542 866 3605 Quo
910 3540 1103 3594 animo
1154 3540 1199 3593 si
1246 3556 1364 3593 esse
1420 3546 1653 3610 possent
1700 3540 1879 3593 nostri

180 3629 456 3699 temporis
484 3629 769 3693 homines,
814 3644 933 3681 non
982 3642 1329 3697 magnopere
1380 3628 1442 3680 in
1486 3628 1638 3680 Novo
1688 3628 1878 3681 Testa-

182 3722 374 3770 mento
405 3717 474 3770 ab
504 3716 741 3769 istorum
775 3715 1129 3784 possessione
1160 3713 1618 3783 prohiberemur,
1654 3718 1720 3767 ut
1748 3729 1878 3784 per-

181 3806 311 3860 fecti
343 3822 462 3858 esse
494 3820 809 3876 possemus.
861 3804 1032 3857 Multo
1089 3802 1241 3856 enim
1288 3802 1602 3855 mirabilius
1650 3806 1734 3856 est
1763 3818 1878 3856 non

180 3895 463 3948 inhaerere
495 3893 632 3953 istis,
666 3891 924 3963 quamvis
978 3891 1287 3963 possideas,
1318 3908 1490 3962 quam
1549 3890 1784 3944 omnino
1813 3907 1881 3944 ea

184 3999 297 4036 non
320 3982 630 4053 possidere.

254 4072 341 4125 43.
376 4070 485 4125 Sed
516 4068 791 4140 quoniam
821 4068 889 4122 de
923 4067 1119 4121 dolore
1151 4072 1321 4138 atque
1364 4066 1709 4121 cruciatibus
1752 4083 1881 4121 cor-

184 4158 339 4228 poris
369 4156 679 4211 tolerandis
708 4171 860 4210 nunc
888 4153 1097 4225 agitur,
1129 4154 1392 4225 relinquo
1448 4154 1618 4207 istum
1667 4154 1876 4219 virum,

178 4247 313 4300 licet
338 4262 634 4317 magnum,
666 4244 795 4297 licet
824 4242 1119 4306 invictum,
1151 4240 1339 4294 virum
1361 4246 1575 4296 tamen.
1619 4242 1882 4296 Oﬁ‘erunt

179 4336 336 4389 enim
363 4336 503 4389 mihi
534 4334 842 4404 Scripturaa
872 4330 985 4385 illae
1016 4330 1309 4400 stupenda:
1340 4329 1691 4382 fortitudinis
1725 4328 1881 4382 femi-

180 4440 337 4488 nam,
367 4430 424 4478 et
474 4424 541 4477 ad
576 4439 698 4477 eam
727 4422 847 4491 jam
896 4435 985 4473 me
1045 4418 1287 4473 transire
1338 4418 1710 4486 compellunt,
1745 4418 1909 4480 Quaz'

177 4529 312 4567 cum
350 4517 567 4583 septem
594 4510 786 4564 liberis
808 4514 1051 4578 tyranno
1084 4511 1253 4577 atque
1310 4506 1562 4559 carniﬁci
1590 4504 1749 4575 prius
1798 4505 1879 4558 vi-

179 4618 339 4656 scera
368 4600 579 4665 omnia,
614 4615 785 4670 quam
817 4613 998 4651 unum
1028 4597 1265 4651 verbum
1296 4595 1634 4666 sacrilegum
1656 4595 1879 4666 impen-

179 4690 302 4746 dit:
330 4707 460 4745 cum
486 4691 608 4759 ejus
637 4686 960 4742 hortatione
980 4685 1084 4739 ﬁlii
1099 4685 1524 4744 roborarentur,
1545 4684 1604 4737 in
1635 4698 1878 4755 quorum

178 4779 455 4833 membris
472 4779 598 4849 ipsa
613 4775 1005 4847 torquebatur,
1028 4774 1209 4836 latura
1237 4778 1431 4827 tamen
1452 4772 1623 4826 etiam
1641 4771 1878 4843 proprio

180 4884 441 4931 munere,
476 4866 627 4937 quod
658 4881 751 4919 eos
781 4865 927 4917 ferre
984 4867 1329 4932 praeceperat
1375 4862 1449 4929 (II
1482 4861 1729 4915 Machab.
1761 4859 1872 4929 vn).

179 4955 331 5018 Quid
389 4954 461 5008 ad
518 4957 736 5007 tantam
790 4950 1151 5021 patientiam,
1210 4965 1424 5020 quasso,
1483 4948 1614 5001 addi
1652 4946 1880 5016 potest?

179 5041 327 5105 Quid
358 5045 552 5093 tamen
597 5040 809 5093 mirum
863 5038 909 5092 si
949 5036 1214 5091 omnibus
1252 5034 1518 5090 medullis
1573 5039 1880 5105 conceptus

184 5129 285 5184 Dei
311 5144 495 5195 amor,
528 5132 585 5181 et
603 5131 869 5197 tyranno,
902 5130 958 5179 et
986 5124 1258 5190 carniﬁci,
1292 5129 1348 5178 et
1394 5122 1597 5189 dolori,
1652 5128 1709 5176 et
1753 5138 1875 5176 cor-

181 5217 326 5289 pori,
362 5221 419 5271 et
447 5215 625 5283 sexui,
652 5219 708 5269 et
737 5214 964 5268 aﬁ'ectui
987 5213 1428 5267 resistebat?An
1446 5228 1561 5265 non
1594 5211 1873 5265 audierat:

183 5310 432 5363 Pretiosa
484 5308 543 5359 in
591 5307 874 5373 conspectu
940 5304 1154 5356 Domini
1218 5316 1360 5356 mors
1418 5305 1725 5354 sanctorum
1761 5300 1877 5367 ejus

184 5397 349 5466 (Psal.
384 5411 503 5462 cxv,
542 5394 627 5463 15)
650 5393 678 5449 7
707 5407 825 5446 non
857 5390 1115 5445 audierat
1142 5408 1154 5445 :
1187 5392 1377 5447 Melior
1401 5392 1488 5444 vir
1516 5389 1731 5459 patiens
1772 5391 1879 5455 for-

249 5530 261 5563 ¹
293 5529 413 5579 Mss.
448 5522 985 5594 quindecim,de/lc:co
1010 5536 1192 5576 cursu.

1657 275 1870 331 LIBER
1911 274 2085 331 PHIM
2094 274 2193 330 US.

3544 280 3678 331 l330

1982 400 2184 453 tissime
2241 398 2423 467 (Prov.
2485 415 2596 468 xw,
2638 399 2772 468 32)?
2822 415 2936 454 non
2982 399 3282 454 audierat:
3317 402 3480 455 Omne
3529 402 3673 472 quod

1982 487 2082 541 tibi
2123 488 2444 556 applicitum
2472 490 2655 554 fuerit,
2691 491 2905 558 accipe;
2938 492 2986 541 et
3016 489 3072 541 in
3108 488 3288 541 dolore
3342 492 3576 556 sustine;
3622 496 3670 544 et

1979 576 2036 628 in
2063 576 2366 630 humilitate
2388 580 2481 630 tua
2510 577 2643 629 habe
2664 579 3021 645 patientiam:
3054 579 3308 645 quoniam
3335 578 3394 630 in
3412 580 3671 646 ignepro-

1981 663 2143 717 batur
2168 679 2362 717 aurum
2391 670 2441 718 et
2482 671 2763 731 argentum
2794 666 2980 735 (Eccli.
3018 682 3075 730 11,
3105 668 3158 728 4,
3192 666 3239 733 5)
3265 665 3290 719 ?
3320 681 3435 718 non
3476 665 3671 719 audie-

1980 755 2068 802 rat
2100 765 2113 803 :
2143 751 2289 805 Vasa
2324 752 2482 820 ﬁguli
2506 752 2703 820 probat
2728 754 2953 817 fornax,
2981 757 3030 805 et
3057 753 3292 805 homines
3327 753 3506 820 justas
3554 758 3672 806 ten—

1982 840 2115 891 tatio
2145 838 2513 892 tribulationis
2535 842 2561 892 ?
2591 840 2694 909 (Id.
2718 855 2882 905 xxvu,
2917 838 2997 906 6.)
3026 840 3148 892 Imo
3190 854 3322 892 vero
3356 844 3411 891 et
3440 841 3582 904 haec,
3624 844 3681 893 et

1980 924 2090 978 alia
2129 927 2295 996 plura
2325 933 2676 997 perceperat,
2726 944 2854 998 qua:
2912 942 3026 980 uno
3082 930 3276 979 sancto
3309 926 3407 980 Dei
3437 926 3672 995 Spiritu,

1982 1017 2043 1066 ut
2072 1013 2131 1067 in
2160 1013 2283 1068 istis
2313 1015 2453 1068 Novi
2480 1015 2845 1081 Testamenti,
2879 1014 2956 1068 sic
2986 1014 3047 1067 in
3076 1014 3207 1081 illis,
3238 1013 3337 1085 qui
3364 1014 3469 1067 soli
3490 1015 3674 1068 adhuc

1981 1108 2161 1171 erant,
2194 1102 2372 1157 Libris
2401 1103 2591 1158 divina
2636 1109 2925 1174 praacepta
2957 1102 3310 1157 fortitudinis
3353 1102 3674 1172 conscripta

1981 1196 2133 1245 sunt.

2178 1280 2399 1335 CAPUT
2428 1280 2601 1334 XXIV.
2632 1310 2700 1319 —
2734 1281 2817 1334 De
2846 1280 3070 1349 justitia
3096 1284 3144 1332 et
3160 1279 3476 1349 prudentia.

2051 1387 2139 1440 44.
2174 1385 2319 1449 Quid
2346 1386 2415 1440 de
2440 1385 2666 1456 justitia
2682 1402 2809 1457 quae
2823 1386 2895 1439 ad
2925 1387 3104 1438 Deum
3134 1384 3427 1454 pertinet?
3452 1386 3675 1452 Nonne,

1982 1490 2113 1527 cum
2144 1478 2200 1526 et
2232 1473 2509 1527 Dominus
2552 1473 2722 1539 dicat,
2766 1476 2883 1529 Non
2927 1476 3151 1541 potestis
3202 1473 3406 1527 duobus
3441 1474 3675 1526 dominis

1981 1566 2187 1619 servire
2219 1564 2442 1632 (Matth.
2486 1580 2560 1628 v1,
2594 1563 2703 1630 24),
2764 1566 2821 1615 et
2871 1562 3174 1631 Apostolus
3229 1560 3536 1627 redarguat
3581 1577 3677 1613 eos

1982 1652 2082 1723 qui
2108 1656 2381 1705 creatura:
2410 1650 2602 1721 potius
2631 1666 2806 1721 quam
2854 1650 3105 1704 Creatori
3150 1648 3403 1703 serviunt
3434 1648 3603 1717 (Rom.
3638 1666 3675 1712 1,

1981 1742 2066 1810 25)
2093 1757 2106 1807 ;
2139 1739 2200 1793 in
2229 1740 2417 1794 Veteri
2445 1741 2806 1793 Testamento
2835 1739 2995 1808 prius
3016 1738 3228 1791 dictum
3261 1740 3363 1801 est,
3387 1737 3680 1791 Dominum

1982 1828 2157 1882 Deum
2183 1833 2333 1882 tuum
2358 1827 2694 1894 adorabis,et
2724 1828 2809 1880 illi
2837 1828 2939 1880 soli
2968 1828 3163 1879 servies
3184 1826 3210 1879 ?
3240 1825 3423 1894 (Deut.
3463 1840 3533 1889 VI,
3570 1824 3676 1892 12.)

1981 1916 2091 1971 Sed
2121 1915 2256 1986 quid
2289 1931 2431 1985 opus
2456 1919 2541 1969 est
2568 1914 2703 1969 hinc
2727 1916 2895 1984 plura
2944 1913 3152 1979 dicere,
3206 1928 3335 1966 cum
3383 1910 3679 1965 sententiis

1982 2003 2191 2058 talibus
2220 2003 2299 2057 ibi
2328 2004 2499 2073 plena
2529 2002 2643 2056 sint
2674 2001 2867 2055 omnia
2886 2002 2914 2056 Ἰ
2958 2002 3111 2054 Hanc
3141 2016 3276 2070 ergo
3298 1998 3522 2068 justitia
3550 1997 3678 2051 vita:

1980 2090 2241 2162 regulam
2270 2090 2427 2145 dabit
2454 2089 2586 2143 huic
2613 2088 2857 2142 amatori
2890 2088 2959 2141 de
2990 2103 3104 2158 quo
3120 2102 3305 2139 sermo
3336 2089 3440 2149 est,
3475 2090 3539 2138 ut
3562 2086 3677 2138 Deo

1986 2196 2160 2251 quem
2189 2179 2391 2249 diligit,
2423 2178 2482 2231 id
2514 2182 2597 2231 est
2628 2192 2854 2230 summo
2884 2175 3058 2243 bono,
3093 2190 3333 2228 summa:
3360 2173 3676 2243 sapientiae,

1984 2284 2225 2323 summa:
2250 2264 2424 2338 paci',
2456 2265 2833 2321 libentissime
2864 2264 3103 2330 serviat;
3139 2267 3459 2332 caeteraque
3488 2260 3681 2315 omnia

1984 2357 2190 2429 partim
2224 2356 2477 2426 subjecta
2503 2356 2608 2408 sibi
2640 2358 2817 2425 regat,
2849 2352 3057 2423 partim
3086 2350 3437 2422 subjicienda
3465 2365 3681 2419 praesu-

1984 2449 2121 2499 mat.
2183 2445 2321 2509 Quae
2378 2460 2580 2497 norma
2610 2442 2854 2507 vivendi,
2904 2444 2969 2495 ut
3006 2439 3324 2509 docuimus,
3384 2438 3681 2509 utriusque

1982 2532 2328 2587 Testamenti
2356 2529 2686 2584 auctoritate
2720 2529 3043 2582 roboratur.

2054 2623 2143 2674 45.
2183 2621 2294 2673 Nec
2324 2619 2392 2673 de
2444 2617 2750 2689 prudentia
2781 2615 2997 2670 diutius
3034 2613 3426 2668 disserendum
3465 2616 3568 2681 est,
3612 2614 3683 2667 ad

1984 2724 2157 2779 quam
2188 2706 2581 2777 dignoscentia
2596 2706 2842 2774 pertinet
2872 2702 3324 2773 appetendorum
3347 2709 3404 2754 et
3432 2701 3683 2754 vitando-

1986 2812 2133 2850 rum.
2166 2796 2303 2859 Quaa
2334 2793 2380 2847 si
2410 2794 2572 2858 desit,
2598 2792 2741 2846 nihil
2774 2807 2973 2845 eorum
3003 2792 3071 2844 de
3102 2790 3443 2860 quibusjam
3468 2790 3683 2843 dictum

1986 2889 2089 2952 est,
2117 2883 2264 2937 efﬁci
2294 2887 2499 2951 potest.
2553 2881 2731 2951 Hujus
2784 2885 2977 2934 autem
3029 2883 3161 2932 sunt
3221 2876 3473 2931 excubiae
3511 2882 3682 2947 atque

1986 2968 2752 3041 diligentissimavigilantia,
2775 2984 2845 3021 ne
2870 2967 3213 3036 subrepente
3226 2964 3505 3035 paulatim
3534 2966 3683 3017 mala

1986 3059 2251 3112 suasione
2307 3058 2629 3112 fallamur:
2678 3056 2831 3110 unde
2888 3070 3040 3125 saepe
3095 3054 3388 3121 Dominus,
3447 3054 3684 3118 Vigilate

1989 3147 2199 3217 (Matth.
2232 3163 2376 3210 xx1v,
2410 3148 2515 3214 42),
2552 3146 2796 3211 clamat;
2831 3150 2907 3211 et,
2941 3144 3252 3207 Ambulate,
3296 3140 3503 3212 inquit,
3554 3141 3684 3195 dum

1988 3237 2163 3290 lumen
2193 3236 2417 3300 habetis,
2446 3250 2510 3288 ne
2529 3250 2620 3289 vos
2651 3234 2874 3287 tenebrae
2902 3231 3355 3301 comprehendant
3381 3233 3550 3299 (Joan.
3583 3246 3682 3295 x11,

1988 3326 2096 3393 35).
2130 3325 2387 3393 Itemque
2420 3322 2661 3376 dicitur:
2696 3324 2931 3379 Nescitis
2973 3322 3103 3390 quia
3140 3320 3409 3373 modicum
3446 3320 3685 3385 fermcn~

1990 3418 2099 3466 tum
2131 3416 2295 3467 totam
2325 3426 2561 3466 massam
2590 3412 2885 3479 corrumpit
2925 3412 2952 3463 ?
2980 3410 3025 3478 (Ι
3056 3410 3176 3464 Cor.
3210 3424 3261 3474 ν,
3294 3406 3376 3475 6.)
3400 3406 3548 3469 Quid
3578 3422 3685 3457 au-

1987 3504 2104 3554 tem
2143 3500 2383 3571 proferri
2409 3499 2768 3553 manifestius
2792 3498 2862 3551 de
2892 3497 3080 3550 Veteri
3109 3497 3467 3549 Testamento
3492 3497 3688 3547 contra

1987 3589 2151 3641 istam
2184 3588 2649 3642 dormitationem
2677 3586 2855 3640 animi
2884 3588 3090 3655 potest,
3148 3599 3252 3653 per
3306 3598 3479 3652 quam
3533 3580 3596 3634 ﬁt
3625 3586 3688 3634 ut

1988 3693 2104 3730 non
2132 3675 2444 3729 sentiamus
2474 3673 2977 3746 quasiminutatim
3009 3674 3333 3741 serpentem
3351 3669 3683 3740 perniciem,

1988 3779 2162 3834 quam
2190 3762 2326 3816 illud
2362 3762 2513 3833 quod
2542 3778 2575 3815 a
2601 3762 2883 3832 prOpheta
2910 3760 3123 3814 dictum
3155 3762 3240 3812 est
3275 3774 3287 3811 :
3319 3759 3427 3821 Qui
3481 3758 3687 3825 spernit

1987 3851 2217 3917 modica,
2253 3852 2525 3919 paulatim
2554 3849 2803 3904 decidet?
2826 3850 3011 3919 (Eccli.
3045 3864 3156 3912 x1x,
3193 3846 3260 3915 l.)
3294 3848 3372 3900 De
3403 3862 3516 3915 qua
3556 3860 3685 3897 sen-

1991 3938 2187 4007 tentia,
2206 3937 2252 3991 si
2282 3942 2671 4008 opportunum
2692 3940 2839 3990 esset
2850 3934 3273 4001 festinantibus,
3298 3931 3688 4004 copiosissime

1975 4026 2420 4098 .disputarem';
2456 4031 2625 4097 atque
2664 4026 2722 4079 id
2771 4026 2818 4078 si
2864 4042 2895 4077 a
2952 4024 3114 4078 nobis
3165 4039 3315 4077 nunc
3363 4026 3688 4091 susceptum

1990 4129 2199 4167 munus
2228 4114 2536 4184 ﬂagitaret,
2570 4114 2804 4167 fortasse
2836 4112 3357 4166 demonstraremus
3384 4125 3557 4179 quam
3577 4108 3691 4161 sint

1989 4203 2105 4255 alta
2136 4202 2425 4272 mysteria,
2463 4218 2592 4271 quae
2624 4198 3036 4270 imperitissimi
3059 4203 3113 4251 et
3143 4196 3405 4264 sacrilegi
3427 4195 3689 4249 homines

1989 4290 2321 4355 deridendo,
2356 4306 2474 4342 non
2507 4288 2591 4343 illi
2623 4288 2856 4358 quidem
2910 4286 3185 4358 paulatim
3233 4285 3352 4354 jam
3401 4282 3689 4347 decidunt,

1990 4377 2088 4431 sed
2117 4393 2329 4447 magno
2362 4378 2521 4448 lapsu
2549 4376 2871 4447 praecipites
2900 4379 3054 4428 eunt.

1990 4483 2216 4539 CAPUT
2250 4483 2400 4537 XXV.
2464 4512 2527 4522 —
2591 4483 2784 4551 Ofﬁcio
2838 4485 3072 4549 quatuor
3102 4481 3365 4532 virtutum
3404 4478 3549 4531 circa
3597 4479 3693 4531 Dei

2060 4586 2314 4638 amorem,
2355 4572 2510 4639 cujus
2550 4573 2753 4625 amoris
2784 4570 3072 4639 praemium
3110 4571 3188 4620 est
3232 4570 3431 4621 aeterna
3476 4567 3593 4620 vita
3642 4570 3695 4619 et

2059 4662 2296 4731 cognitio
2321 4662 2596 4715 veritatis.

2059 4769 2145 4821 46.
2180 4767 2326 4831 Quid
2378 4766 2628 4835 amplius
2677 4764 2745 4818 de
2803 4761 3060 4816 moribus
3080 4760 3422 4831 (disputem?
3451 4759 3508 4815 Si
3540 4760 3689 4816 enim

1990 4857 2139 4910 Deus
2169 4860 2253 4909 est
2282 4869 2574 4908 summum
2598 4852 2849 4906 hominis
2879 4851 3112 4911 bonum,
3149 4851 3304 4920 quod
3335 4866 3544 4919 negare
3575 4866 3692 4903 non

1986 4944 2244 5015 potestis,
2261 4943 2519 5014 sequitur
2545 4940 2823 5011 profecto,
2851 4939 3126 5010 quoniam
3151 4954 3445 4992 summum
3478 4937 3694 4991 bonum

1988 5038 2277 5104 appetere,
2311 5035 2395 5085 est
2417 5032 2562 5084 bene
2584 5028 2794 5096 vivere,
2829 5034 2893 5082 ut
2921 5028 3063 5082 nihil
3097 5028 3170 5081 sit
3220 5026 3381 5082 aliud
3414 5026 3557 5080 bene
3613 5025 3694 5079 vi-

1987 5138 2138 5188 vere,
2171 5136 2345 5192 quam
2374 5122 2495 5173 toto
2526 5118 2714 5183 corde,
2743 5122 2862 5171 tota
2892 5117 3107 5183 anima,
3143 5119 3259 5170 tota
3290 5119 3479 5168 mente
3513 5115 3693 5167 Deum

1987 5210 2269 5281 diligere:
2301 5224 2333 5262 a
2390 5223 2503 5278 quo
2543 5206 2755 5273 existit,
2789 5210 2854 5260 ut
2902 5206 3264 5275 incorruptus
3312 5202 3371 5256 in
3420 5217 3487 5254 eo
3535 5216 3695 5253 amor

2051 5335 2065 5367 ι
2093 5334 2213 5381 Mss.
2230 5335 2476 5394 quatuor,
2493 5344 2709 5381 summa:
2721 5332 2988 5394 potentia).
3004 5330 3069 5378 At
3079 5327 3167 5394 alii
3190 5316 3693 5394 Cdd.‘h_abent,paci'

1990 5398 2103 5454 Qua
2113 5388 2512 5457 voce'Spiritum
2531 5388 2773 5442 sanctuin
2792 5392 3079 5441 identidem
3095 5388 3336 5451 designat
3349 5388 3695 5449 Augustinus'

1994 5461 2053 5506 ut
2081 5456 2460 5519 rursum’infra
2489 5470 2585 5519 cap
2614 5458 2691 5505 30.

2054 5519 2075 5553 ³
2108 5520 2164 5567 In
2192 5520 2314 5567 Mss.
2352 5516 2798 5582 aliquot'habetur
2826 5516 3112 5578 disputare.
