4036 6182
331 256 459 308 1331

333 378 505 442 atque
535 371 761 443 integer
788 369 1160 437 custodiatur,
1192 369 1363 440 quod'
1395 372 1479 423 est
1504 367 1937 440 temperantiae;
1971 371 2028 423 et

330 462 503 517 nullis
527 461 825 531 frangatur
870 456 1268 525 incommodis,
1303 456 1460 527 quod
1517 461 1600 511 est
1628 455 1978 512 fortitudinis
2008 473 2022 523 ;

328 550 474 606 nulli
502 548 599 603 alii
624 549 851 615 serviat,
884 546 1040 619 quod
1070 550 1153 600 est
1177 544 1448 615 justitiae;
1500 544 1699 615 vigilet
1724 545 1787 599 in
1815 544 2024 600 discer-

331 635 535 691 nendis
562 634 750 699 rebus,
789 650 860 687 ne
891 632 1105 687 fallacia
1139 629 1418 702 paulatim
1447 629 1675 684 dolusve
1730 630 2026 701 subrepat,

335 724 492 798 quod
519 728 605 778 est
631 721 980 794 prudentiae.
1021 722 1150 775 Haec
1179 723 1265 773 est
1293 719 1547 773 hominis
1575 735 1688 773 una
1732 719 2027 790 perfectio,

334 832 449 886 qua
479 815 597 867 sola
623 813 891 882 impetrat
922 814 984 864 ut
1021 808 1274 864 veritatis
1304 807 1626 862 sinceritate
1664 809 2027 879 perfruatur:

335 905 456 958 haec
486 902 650 956 nobis
677 901 1036 955 Testamento
1067 901 1315 967 utroque
1337 895 1680 963 concinitur,
1721 897 1843 950 11830
1866 896 2031 950 nobis

335 991 466 1045 hinc
495 994 665 1060 atque
696 989 829 1042 inde
849 988 1134 1041 suadetur.
1164 985 1308 1049 Quid
1327 984 1511 1039 adhuc
1538 984 1865 1054 Scripturis,
1890 999 2031 1055 quas

333 1079 629 1150 ignoratis,
674 1074 1156 1130 calumniamini‘?
1188 1072 1427 1127 Nescitis
1478 1077 1697 1143 quanta
1739 1072 2033 1142 imperitia

337 1166 623 1222 lacessatis
655 1165 874 1234 Libros,
910 1180 1053 1234 quos
1082 1166 1139 1216 et
1169 1160 1273 1215 soli
1301 1160 1732 1231 reprehendunt
1779 1161 1877 1231 qui
1917 1177 2030 1215 non

337 1253 690 1323 intelligunt,
725 1256 782 1305 et
831 1251 937 1305 soli
992 1248 1316 1319 intelligere
1361 1252 1657 1319 nequeunt
1708 1248 1810 1319 qui
1838 1265 2032 1319 repre-

338 1343 602 1399 hendunt
619 1344 647 1396 ‘?
674 1342 798 1396 Non
825 1340 978 1394 enim
1001 1355 1096 1393 eos
1123 1340 1224 1392 aut
1245 1337 1391 1391 ullus
1408 1336 1673 1391 inimicus
1693 1353 2035 1409 cognoscere

340 1432 564 1498 sinitur,
599 1435 698 1485 aut
727 1444 847 1483 esse
877 1428 989 1482 nisi
1017 1426 1233 1481 amicus
1262 1424 1501 1497 cognitis
1528 1429 1731 1496 potest.

410 1522 501 1573 47.
540 1518 854 1587 Diligamus
882 1515 1062 1586 igitur
1093 1516 1274 1569 Deum
1304 1530 1373 1567 ex
1399 1517 1520 1567 toto
1574 1513 1764 1578 corde,
1820 1529 1887 1569 ex
1919 1517 2039 1568 tota

346 1606 558 1674 anima,
590 1622 658 1659 ex
683 1609 807 1659 tota
832 1609 1043 1672 mente,
1077 1603 1427 1675 quicumque
1461 1602 1530 1657 ad
1557 1602 1735 1657 vitam
1764 1606 2039 1657 mternam

343 1695 641 1767 pervenire
670 1692 1090 1764 proposuimus.
1122 1691 1248 1746 Vita
1292 1690 1442 1745 enim
1475 1694 1689 1745 aeterna
1744 1696 1829 1746 est
1854 1694 2040 1746 totum

343 1784 669 1856 praemium,
699 1782 861 1853 cujus
915 1770 1297 1852 promissione
1358 1780 1680 1851 gaudemus
1713 1797 1726 1836 :
1754 1796 1857 1834 nec
1885 1796 2038 1852 prte-

346 1874 527 1929 mium
554 1875 740 1943 potest
762 1870 1084 1942 przecedere
1115 1868 1340 1937 merita,
1370 1867 1647 1940 priusque
1675 1868 1898 1923 homini
1918 1868 2041 1924 dari

347 1977 521 2034 quam
553 1961 758 2031 dignus
807 1963 908 2013 est.
955 1958 1099 2023 Quid
1149 1957 1305 2012 enim
1342 1958 1451 2012 hoc
1479 1957 1768 2028 injustius,
1799 1962 1855 2011 et
1900 1957 2042 2028 quid

342 2050 551 2123 justius
572 2052 686 2104 Deo
731 2048 759 2102 ‘I
790 2050 915 2102 Non
942 2064 1077 2118 ergo
1133 2047 1405 2101 debemus
1454 2063 1688 2117 poscere
1736 2045 2042 2118 praemium

349 2145 659 2212 antequam
687 2153 1015 2193 mereamur
1042 2135 1317 2206 accipere.
1378 2135 1478 2189 Hic
1506 2136 1743 2189 fortasse
1795 2150 1913 2189 non
1947 2134 2043 2187 in-

349 2245 601 2300 congrue
630 2227 927 2299 q’uaeritur,
961 2230 1176 2280 aeterna
1203 2224 1326 2295 ipsa
1353 2223 1468 2278 vita
1498 2224 1638 2295 quid
1659 2224 1755 2279 sit.
1787 2223 1898 2279 Sed
1920 2223 2042 2293 ejus

349 2317 681 2388 largitorem
734 2315 924 2385 potius
962 2313 1301 2367 audiamus:
1334 2314 1457 2366 Haec
1506 2317 1603 2378 est,
1662 2311 1871 2382 inquit,
1927 2314 2044 2366 vita

349 2410 571 2470 aeterna,
602 2409 663 2458 ut
693 2406 1007 2469 cognoscant
1037 2405 1087 2454 te
1114 2414 1305 2455 verum
1357 2401 1551 2464 Deum,
1585 2404 1635 2454 et
1664 2416 1818 2468 quem
1846 2401 2047 2454 misisti

350 2495 531 2547 Jesum
575 2493 848 2547 Christum
898 2490 1069 2558 (Joan.
1125 2504 1255 2549 xvu,
1316 2489 1392 2557 3).
1427 2489 1656 2542 .rEterna
1702 2488 1879 2558 igitur
1934 2488 2047 2542 vita

313 2608 325 2650 ρ
354 2585 440 2635 est
470 2580 593 2651 ipsa
621 2578 870 2650 cognitio
898 2576 1170 2633 veritatis.
1223 2577 1606 2641 Quamobrem
1634 2576 1822 2631 videte
1874 2593 2048 2648 quam

351 2670 468 2725 sint
494 2667 744 2740 perversi
774 2671 946 2737 atque
985 2666 1341 2737 praeposteri,
1374 2664 1474 2735 qui
1528 2681 1650 2719 sese
1703 2665 2050 2720 arbitrantur

353 2758 455 2813 Dei
483 2756 871 2827 cognitionem
902 2755 1148 2820 tradere,
1173 2757 1239 2808 ut
1269 2753 1504 2825 perfecti
1536 2754 1734 2822 simus,
1768 2770 1897 2808 cum
1928 2770 2050 2825 per-

350 2846 632 2902 fectorum
662 2845 785 2916 ipsa
814 2844 884 2898 sit
919 2842 1239 2915 praemium.
1275 2843 1424 2907 Quid
1454 2859 1589 2913 ergo
1619 2844 1909 2914 agendum
1941 2847 2046 2911 est,

353 2935 489 3007 quid
520 2951 736 3006 quaeso,
770 2932 879 2987 nisi
908 2937 971 2988 ut
1003 2949 1133 2987 eum
1161 2933 1351 3003 ipsum
1377 2948 1550 3003 quem
1580 2949 1922 3004 cognoscere
1950 2949 2050 2987 vo-

351 3025 563 3091 lumus,
620 3023 780 3094 prius
832 3023 1005 3092 plena
1059 3022 1334 3076 charitate
1388 3021 1694 3091 diligamus
1744 3020 2052 3092 (a)?Unde

357 3112 503 3167 illud
530 3111 805 3178 exoritur,
865 3110 1020 3181 quod
1078 3110 1148 3165 ab
1200 3109 1366 3164 initio
1420 3110 1752 3181 satagimus,
1802 3109 1944 3163 nihil
1991 3109 2053 3164 in

360 3200 602 3255 Ecclesia
629 3199 905 3253 catholica
950 3198 1234 3254 salubrius
1263 3197 1409 3266 ﬁeri,
1465 3214 1640 3270 quam
1677 3204 1743 3253 ut
1768 3198 2052 3253 rationem

359 3289 643 3361 praecedat
671 3287 997 3342 auctoritas.

573 3377 795 3432 CAPUT
823 3377 998 3431 XXVI.
1030 3406 1095 3414 —
1124 3375 1358 3430 Dilectio
1386 3377 1476 3430 sui
1501 3379 1552 3430 et
1574 3377 1839 3445 promimi.

428 3469 516 3522 48.
560 3466 668 3521 Sed
693 3469 895 3520 caetera
923 3465 1251 3520 videamus:
1276 3463 1500 3519 videtur
1530 3464 1685 3518 enim
1718 3465 1787 3519 de
1818 3463 2054 3518 homine

358 3557 502 3628 ipso,
536 3555 593 3611 id
625 3559 729 3623 est,
753 3556 823 3611 de
854 3558 1106 3609 amatore
1138 3554 1261 3624 ipso
1290 3553 1437 3607 nihil
1464 3556 1691 3619 actum;
1724 3552 1821 3607 sed
1846 3568 2054 3623 parum

358 3643 608 3699 dilucide
639 3642 741 3714 qui
768 3643 874 3696 hoc
901 3641 1213 3697 arbitratur
1262 3640 1550 3710 intelligit.
1585 3641 1708 3695 Non
1743 3640 1898 3695 enim
1926 3640 2055 3695 ﬁeri

361 3736 550 3803 potest
577 3735 641 3786 ut
667 3731 939 3802 seipsum,
958 3729 1059 3801 qui
1079 3731 1261 3783 Deum
1282 3729 1489 3800 diligit,
1521 3746 1640 3783 non
1670 3729 1869 3800 diligat
1897 3745 1909 3783 :
1936 3728 2054 3783 imo

359 3837 494 3876 vero
523 3820 675 3874 solus
704 3836 762 3873 se
795 3819 950 3872 novit
1001 3818 1261 3888 diligere,
1292 3818 1391 3888 qui
1424 3820 1604 3872 Deum
1634 3818 1840 3889 diligit.
1873 3817 2057 3889 Siqui-

363 3908 495 3962 dem
522 3908 618 3962 ille
651 3923 709 3960 se
740 3907 872 3960 satis
894 3906 1102 3976 diligit,
1135 3906 1236 3976 qui
1266 3906 1460 3959 sedulo
1490 3906 1630 3977 agit,
1662 3912 1724 3959 ut
1753 3922 1978 3960 summo
2001 3910 2058 3960 et

361 4012 496 4050 vero
528 3995 857 4067 perfruatur
884 3995 1037 4048 bono
1068 4009 1081 4047 :
1114 3994 1268 4065 quod
1297 3993 1345 4047 si
1372 3993 1518 4048 nihil
1571 3998 1654 4048 est
1698 3994 1854 4048 aliud
1884 4010 2057 4066 quam

364 4086 533 4152 Deus,
560 4083 706 4138 sicut
734 4099 801 4138 ea
829 4098 957 4154 quae
1015 4082 1166 4137 dicta
1220 4086 1353 4136 sunt
1390 4082 1728 4150 docuerunt,
1762 4082 1888 4154 quis
1917 4098 2058 4137 cun-

362 4173 502 4228 ctari
529 4177 740 4244 potest,
790 4170 933 4243 quin
977 4186 1097 4225 sese
1141 4174 1314 4238 amet,
1364 4170 1463 4241 qui
1513 4176 1734 4226 amator
1784 4175 1869 4226 est
1919 4171 2059 4225 Dei?

364 4263 512 4328 Quid
541 4262 694 4316 inter
729 4262 882 4332 ipsos
912 4260 1173 4315 homines
1204 4260 1502 4315 nullumne
1535 4276 1655 4315 esse
1693 4260 1906 4315 amoris
1934 4259 2058 4315 vin-

364 4351 559 4405 culum
583 4349 800 4404 debet?
828 4349 950 4402 Imo
999 4363 1132 4401 vero
1178 4346 1260 4400 ita
1307 4346 1490 4411 debet,
1524 4350 1588 4401 ut
1633 4347 1826 4402 nullus
1855 4346 2061 4402 certior

365 4439 578 4511 gradus
609 4438 680 4493 ad
735 4452 991 4492 amorem
1051 4436 1150 4491 Dei
1180 4435 1307 4491 ﬁeri
1347 4452 1510 4506 posse
1569 4437 1853 4506 credatur,
1887 4452 2059 4509 quam

363 4527 614 4583 hominis
644 4542 779 4597 erga
804 4526 1097 4580 hominem
1131 4525 1404 4581 Charitas.

438 4617 523 4669 49.
561 4616 792 4669 Promat
838 4613 1001 4668 nobis
1050 4629 1186 4685 ergo
1237 4614 1483 4667 alterum
1537 4616 1894 4684 praeceptum
1935 4614 2059 4685 ipse

370 4702 665 4770 Dominus,
694 4704 763 4757 de
790 4703 922 4758 vitae.
960 4701 1259 4774 praeceptis
1294 4702 1680 4772 interrogatus
1712 4717 1725 4756 :
1757 4718 1875 4756 non
1905 4702 2061 4757 enim

366 4794 666 4846 contentus
697 4790 806 4845 fuit
836 4808 968 4858 uno,
1000 4791 1099 4862 qui
1139 4790 1306 4845 sciret
1328 4790 1484 4845 aliud
1514 4792 1695 4844 Deum
1725 4807 1867 4859 esse,
1908 4792 2063 4847 aliud

366 4878 704 4945 hominem;
739 4884 906 4950 atque
963 4879 1233 4934 interesse
1280 4884 1527 4945 tantum,
1584 4884 1865 4951 quantum
1911 4880 2063 4935 inter

368 4984 501 5025 eum
529 4967 630 5039 qui
659 4967 888 5033 creavit,
920 4967 1042 5021 etid
1056 4969 1211 5039 quod
1232 4968 1303 5022 ad
1324 4968 1603 5024 Creatoris
1625 4967 2062 5023 similitudinem

368 5060 623 5113 creatum
649 5058 751 5110 est.
804 5054 951 5110 Dicit
980 5072 1114 5126 ergo
1144 5057 1459 5111 secundum
1488 5061 1838 5129 praeceptum
1890 5075 2010 5113 esse
2044 5073 2057 5112 :

364 5150 567 5218 Diliges
596 5148 908 5217 proximum
938 5148 1087 5200 tuum
1117 5150 1375 5214 tanquam
1405 5148 1640 5215 teipsum
1660 5145 1892 5216 (Matth.
1929 5160 2059 5211 xxu,

368 5236 474 5308 59).
505 5238 580 5291 Te
610 5240 803 5291 autem
824 5234 1014 5306 ipsum
1043 5233 1347 5288 salubriter
1376 5234 1586 5306 diligis,
1645 5233 1689 5288 si
1712 5236 1841 5306 plus
1888 5249 2062 5305 quam

367 5330 425 5381 te
463 5324 653 5397 diligis
683 5325 883 5379 Deum.
918 5321 1083 5388 Quod
1112 5337 1249 5392 ergo
1279 5324 1399 5395 agis
1428 5328 1636 5387 tecum,
1687 5323 1747 5378 id
1776 5322 2062 5396 agendum

367 5430 499 5470 cum
548 5412 810 5485 proximo
859 5415 981 5479 est;
1030 5412 1139 5466 hoc
1184 5416 1287 5477 est,
1318 5416 1382 5466 ut
1404 5411 1528 5483 ipse
1585 5412 1757 5468 etiam
1809 5412 2061 5484 perfecto

430 5509 504 5572 (a)
534 5511 651 5562 Vid.
682 5510 909 5561 Retract.
932 5508 1006 5558 lib
1037 5512 1082 5570 l,
1110 5521 1223 5572 cap.
1250 5509 1298 5568 Ἰ,
1325 5521 1379 5557 n.
1405 5509 1451 5557 4.

1159 248 1252 301 DE
1291 247 1606 303 MORIBUS
1644 243 2008 302 ECCLESIIE
2045 242 2485 310 CATHOLIC/E,
2529 240 2584 296 S.
2625 235 3008 296 AUGUSTINI

3714 243 3857 296 i332

2133 383 2330 422 amore
2358 365 2561 437 diligat
2589 365 2797 419 Deum.
2833 364 2957 418 Non
2983 362 3142 419 enim
3169 379 3303 419 cum
3332 363 3525 436 diligis
3558 369 3858 437 tanquam

2134 457 2405 528 tcipsum,
2436 454 2485 508 si
2507 469 2626 509 non
2652 454 2725 509 ad
2771 452 2833 508 id
2870 452 3087 507 bonum
3133 452 3206 508 ad
3234 453 3383 524 quod
3440 454 3568 525 ipse
3626 454 3859 516 tendis,

2134 545 2415 599 adducere
2444 542 2654 614 satagis
2672 536 2717 598 ί.
2749 543 2897 597 Illud
2915 546 3001 597 est
3020 541 3175 596 enim
3203 558 3386 597 unum
3414 542 3667 610 bonum,
3696 544 3863 614 quod

2137 634 2404 690 omnibus
2459 636 2651 688 tecum
2708 632 3073 686 tundentibus
3124 648 3244 686 non
3274 631 3341 686 ﬁt
3392 636 3749 703 angustum.
3788 633 3860 687 Ex

2135 722 2242 778 hoc
2269 725 2556 793 praecepto
2582 724 2892 774 nascuntur
2920 719 3109 773 ofﬁcia
3137 719 3422 776 societatis
3450 720 3771 787 humanae,
3806 719 3864 773 in

2138 811 2343 882 quibus
2370 825 2487 864 non
2515 823 2706 863 errare
2743 806 2975 863 difﬁcile
3034 811 3137 863 est.
3198 808 3498 878 Agendum
3530 813 3753 863 autem
3803 808 3864 861 in

2137 898 2339 970 primis
2369 900 2475 966 est,
2505 894 2844 950 utbenevoli
2867 894 3063 962 simus,
3106 893 3167 948 id
3197 899 3297 959 est,
3330 898 3393 949 ut
3411 895 3579 950 nulla
3601 894 3865 957 malitia,

2137 986 2297 1042 nullo
2328 984 2460 1039 dolo
2489 983 2642 1038 malo
2697 983 2965 1037 adversus
3021 982 3316 1036 hominem
3372 988 3633 1038 utamur.
3702 983 3859 1048 Quid

2140 1073 2295 1129 enim
2320 1070 2543 1127 homini
2570 1070 2806 1125 homine
2843 1069 3231 1141 propinquius
3250 1071 3280 1124 ‘?

2211 1165 2298 1216 50.
2332 1161 2533 1231 Accipe
2565 1158 2740 1214 etiam
2766 1159 2904 1229 quid
2953 1160 3162 1213 Paulus
3219 1158 3408 1213 dicat:
3444 1159 3723 1225 Dilectio,
3780 1160 3867 1213 in—

2142 1250 2285 1322 quit,
2313 1251 2577 1319 promimi,
2625 1250 2830 1302 malum
2883 1263 2990 1302 non
3035 1252 3295 1316 operatur
3325 1248 3494 1317 (Rom.
3564 1262 3701 1315 xui,
3764 1251 3866 1314 10).

2143 1338 2495 1394 Brevissimis
2524 1340 2655 1391 utor
2698 1334 3061 1402 testimoniis,
3092 1335 3212 1404 sed,
3240 1334 3353 1389 nisi
3392 1334 3586 1401 fallor,
3608 1334 3868 1401 idoneis,

2144 1433 2201 1484 et
2228 1427 2439 1499 quibus
2470 1430 2743 1497 susceptas
2773 1424 2857 1479 rei
2906 1425 3040 1479 satis
3086 1424 3189 1480 ﬁat
3220 1441 3233 1478 :
3264 1440 3400 1479 nam
3448 1423 3584 1496 quis
3624 1424 3869 1496 ignorat

2144 1533 2320 1590 quam
2344 1516 2549 1584 multa,
2592 1520 2650 1569 et
2679 1513 2882 1586 quanti
2911 1513 3201 1586 ponderis,
3232 1513 3403 1569 verba
3429 1513 3491 1568 in
3521 1513 3645 1568 illis
3682 1514 3868 1569 Libris

2145 1606 2215 1662 de
2246 1604 2523 1661 charitate
2552 1602 2803 1675 proximi
2855 1618 3270 1675 usquequaque
3300 1601 3509 1657 diffusa
3545 1602 3673 1656 sint
3700 1604 3735 1655 *Ρ
3765 1603 3867 1656 Sed

2146 1711 2277 1750 cum
2310 1695 2532 1749 duobus
2556 1692 2740 1747 modis
2770 1696 3035 1764 peccetur
3061 1686 3123 1745 in
3151 1691 3409 1759 homine,
3443 1706 3564 1745 uno
3610 1690 3662 1744 si
3700 1691 3870 1745 laeda-

2145 1788 2259 1851 tur,
2290 1783 2401 1837 alio
2427 1782 2475 1836 si
2520 1798 2651 1836 cum
2704 1785 2892 1852 potest
2935 1796 3053 1836 non
3106 1781 3406 1851 adjuvetur
3437 1797 3451 1848 ;
3481 1795 3679 1851 eaque
3746 1780 3868 1849 ipsa

2147 1872 2261 1927 sint
2291 1871 2499 1944 quibus
2528 1870 2668 1925 mali
2695 1869 2961 1925 homines
2981 1885 3102 1924 esse
3126 1869 3413 1939 dicantur,
3435 1884 3703 1940 quorum
3735 1884 3869 1922 neu-

2148 1967 2326 2029 trum,
2359 1960 2460 2032 qui
2488 1960 2695 2031 diligit,
2724 1958 2855 2014 facit
2888 1975 2900 2013 :
2936 1958 3092 2025 satis,
3125 1957 3350 2029 opinor,
3382 1957 3542 2029 quod
3590 1958 3871 2012 volumus

2149 2051 2502 2106 demonstrat
2529 2048 2638 2103 ista
2662 2046 2962 2116 sententia,
2996 2047 3231 2102 Dilectio
3247 2048 3495 2117 prowimi
3513 2047 3738 2100 malum
3766 2061 3869 2100 non

2150 2143 2424 2209 operatur.
2455 2139 2521 2193 Et
2548 2137 2597 2192 si
2627 2137 2698 2191 ad
2726 2137 2880 2191 bona
2906 2134 3204 2207 pervenire
3228 2151 3345 2190 non
3382 2150 3731 2205 possumus,
3765 2135 3871 2187 nisi

2150 2228 2303 2281 mala
2331 2225 2556 2298 operari
2584 2224 2988 2291 destiterimus,
3034 2223 3141 2279 ista
3170 2228 3302 2278 sunt
3349 2222 3515 2294 quasi
3571 2223 3869 2277 cunabula

2152 2315 2443 2370 charitatis
2476 2314 2598 2384 Dei,
2629 2314 2836 2385 quibus
2864 2313 3155 2384 diligimus
3207 2311 3579 2383 proximum;
3616 2315 3688 2363 ut
3723 2328 3868 2383 quo—

2152 2403 2310 2459 niam
2337 2404 2550 2458 dilectio
2577 2405 2822 2472 promimi
2848 2403 3051 2457 malum
3100 2417 3209 2456 non
3262 2404 3544 2471 operatur,
3594 2398 3741 2453 hinc
3800 2400 3866 2452 ad

2153 2493 2295 2547 illud
2323 2493 2699 2546 ascendamus
2726 2491 2882 2563 quod
2911 2490 3125 2546 dictum
3167 2493 3270 2557 est,
3330 2490 3540 2545 Scimus
3597 2488 3867 2557 quoniam

2155 2582 2509 2649 diligentibus
2552 2585 2719 2636 Deum
2758 2582 2940 2636 omnia
2981 2579 3284 2650 procedunt
3316 2580 3376 2633 in
3425 2578 3629 2632 bonum
3684 2576 3866 2648 (Ibid.

2157 2687 2273 2737 VIII,
2305 2667 2418 2739 28).

2227 2762 2313 2813 51.
2350 2757 2461 2812 Sed
2485 2755 2675 2812 nescio
2705 2756 2994 2828 quomodo
3026 2759 3126 2810 aut
3155 2754 3370 2827 pariter
3399 2754 3511 2808 ista
3535 2754 3605 2808 in
3622 2754 3873 2825 plenitu-

2157 2847 2351 2903 dinem
2364 2845 2883 2918 perfectionemque
2895 2848 3372 2915 consurgunt,aut
3383 2843 3703 2897 inchoatur
3719 2844 3873 2913 prius

2159 2936 2261 2990 Dei
2283 2952 2465 3003 amor,
2495 2939 2551 2989 et
2569 2934 3039 3006 priusperﬁcitur
3067 2932 3335 3004 proximi.
3354 2932 3439 2986 Ad
3467 2931 3874 3004 incipiendum

2160 3025 2315 3079 enim
2345 3023 2511 3078 citius
2540 3040 2644 3077 nos
2672 3022 2908 3077 fortasse
2947 3021 3009 3076 in
3041 3038 3101 3076 se
3156 3020 3350 3076 divina
3387 3020 3647 3075 charitas
3707 3021 3872 3091 rapit,

2161 3113 2255 3168 sed
2285 3112 2506 3168 facilius
2535 3112 2760 3166 minora
2797 3109 3143 3183 perﬁcimus.
3177 3110 3416 3180 Quoquo
3452 3109 3636 3163 modo
3686 3116 3875 3164 autem

2158 3217 2251 3256 res
2292 3218 2351 3255 se
2406 3200 2635 3263 habeat,
2691 3200 2834 3254 illud
2887 3198 3137 3254 maxime
3186 3197 3505 3253 tenendum
3556 3203 3674 3268 est,
3708 3215 3785 3252 ne
3820 3214 3875 3251 se

2160 3290 2475 3362 quisquam,
2495 3289 2709 3360 credat,
2756 3292 3083 3358 contempto
3130 3286 3393 3358 proximo
3447 3285 3523 3340 ad
3550 3285 3871 3341 beatitudi-

2160 3394 2297 3433 nem
2327 3384 2384 3432 et
2408 3378 2481 3432 ad
2513 3380 2695 3433 Deum
2724 3393 2896 3449 quem
2925 3375 3114 3446 diligit
3143 3392 3263 3430 esse
3292 3378 3638 3432 venturum.
3692 3380 3873 3447 Atque

2160 3464 2404 3533 utinam,
2436 3469 2501 3519 ut
2527 3464 2690 3519 facile
2721 3467 2805 3518 est
2834 3461 3253 3519 beneinstituto
3276 3460 3607 3531 etbenigno
3636 3461 3873 3533 diligere

2161 3552 2515 3625 proximum,
2545 3552 2625 3608 ita
2653 3551 2815 3607 facile
2845 3554 2991 3607 esset
3009 3550 3095 3604 vel
3125 3549 3443 3615 consulere,
3478 3549 3568 3603 vel
3602 3550 3757 3604 nihil
3786 3566 3877 3604 no-

2163 3658 2309 3698 cere.
2340 3643 2468 3697 Non
2498 3640 2650 3696 enim
2681 3641 2752 3696 ad
2789 3641 2912 3695 base
2959 3639 3092 3693 satis
3146 3643 3230 3693 est
3256 3638 3526 3692 voluntas
3566 3637 3753 3704 bona,
3785 3639 3875 3693 sed

2164 3747 2310 3803 opus
2336 3735 2421 3785 est
2449 3745 2659 3801 magna
2679 3729 2925 3801 quadam
2953 3727 3173 3782 ratione
3195 3730 3366 3798 atque
3397 3726 3752 3796 prudentia,
3774 3744 3877 3799 qua

2164 3835 2335 3874 nemo
2365 3819 2450 3874 uti
2478 3823 2688 3890 potest,
2714 3817 2826 3872 nisi
2855 3819 3003 3873 Deus
3025 3816 3121 3871 ille
3146 3816 3274 3870 fons
3296 3814 3561 3870 omnium
3591 3816 3875 3871 bonorum

2164 3907 2225 3963 id
2244 3907 2528 3962 tribuerit.
2561 3909 2640 3961 De
2671 3923 2785 3977 qua
2812 3923 2895 3972 re,
2914 3909 3194 3977 quantum
3211 3904 3482 3967 arbitror,
3509 3905 3879 3971 difﬁcillima,

2166 3995 2513 4051 tentabimus
2544 3995 2733 4057 dicere
2754 3996 3133 4066 pro'suscepto
3163 4010 3335 4065 opere
3367 4010 3557 4065 pauca
3585 3996 3880 4067 quaedam,

2170 4101 2329 4156 spem
2356 4088 2539 4141 totam
2567 4085 2977 4140 constituentes
2997 4082 3059 4138 in
3089 4100 3155 4138 eo
3182 4082 3345 4154 cujus
3378 4083 3563 4138 solius
3584 4086 3706 4139 ista
3738 4085 3881 4139 dona

2169 4179 2321 4229 sunt.

2237 4263 2460 4319 CAPUT
2488 4263 2692 4318 XXVII.
2724 4292 2794 4304 -—
2817 4265 3171 4333 Beneﬁcentia
3200 4263 3259 4316 in
3287 4275 3483 4331 corpus
3531 4262 3816 4329 proximi.

2238 4354 2325 4408 52.
2367 4353 2547 4407 Homo
2568 4352 2764 4423 igitur,
2792 4351 3089 4407 uthomini
3118 4354 3378 4421 apparet,
3404 4348 3607 4403 animo
3631 4350 3880 4404 rationa-

2165 4438 2239 4495 lis
2268 4444 2355 4495 est
2383 4439 2614 4494 mortali
2642 4444 2812 4511 atque
2863 4444 3092 4494 terreno
3124 4442 3289 4492 utens
3330 4453 3600 4506 corpore.
3668 4437 3882 4492 Parum

2169 4544 2304 4599 ergo
2336 4526 2584 4597 corpori,
2615 4527 2821 4598 partim
2866 4543 2999 4581 vero
3048 4527 3257 4581 anima:
3295 4524 3551 4579 hominis
3598 4524 3883 4580 benefacit

2168 4615 2269 4688 qui
2296 4613 2621 4687 proximum
2652 4615 2859 4686 diligit.
2890 4615 2977 4670 Ad
3012 4630 3220 4685 corpus
3246 4613 3400 4685 quod
3430 4612 3723 4684 pertinet,
3765 4630 3881 4668 me-

2169 4703 2358 4759 dicina
2394 4701 2692 4758 nominata
2736 4708 2856 4771 est;
2897 4702 2967 4758 ad
3008 4702 3259 4757 animam
3288 4705 3504 4769 autem,
3551 4700 3881 4773 disciplina.

2168 4793 2275 4847 Sed
2311 4791 2655 4846 medicinam
2680 4808 2842 4845 nunc
2867 4807 3015 4853 voco,
3040 4789 3321 4862 quidquid
3354 4788 3597 4843 omnino
3625 4792 3880 4861 corporis

2168 4881 2256 4935 vel
2286 4884 2480 4935 tuetur
2504 4881 2591 4934 vel
2620 4880 2902 4935 instaurat
2927 4880 3188 4935 salutem.
3216 4878 3303 4933 Ad
3328 4878 3476 4932 hanc
3503 4878 3719 4950 itaque
3760 4896 3881 4951 per-

2167 4970 2374 5039 tinent,
2404 4985 2522 5023 non
2551 4985 2618 5023 ea
2648 4973 2873 5024 tantum
2929 4985 3059 5040 quae
3116 4985 3206 5022 ars
3236 4983 3433 5021 eorum
3468 4965 3743 5035 exhibet,
3794 4969 3879 5038 qui

2166 5059 2397 5130 proprie
2426 5058 2633 5114 medici
2662 5059 3068 5125 nominantur;
3094 5058 3193 5114 sed
3215 5058 3387 5112 etiam
3409 5055 3576 5110 cibus
3606 5061 3672 5110 et
3698 5062 3879 5128 potus.

2168 5150 2401 5217 tegmen
2434 5150 2489 5201 et
2519 5151 2755 5213 tectum,
2781 5146 3037 5202 defensio
3059 5146 3306 5218 denique
3325 5143 3515 5200 omnis
3547 5147 3735 5215 atque
3764 5161 3882 5198 mu.

2168 5236 2334 5303 nitio,
2370 5252 2484 5307 qua
2512 5240 2776 5291 nostrum
2833 5252 3038 5307 corpus
3088 5236 3359 5290 adversus
3403 5234 3579 5289 etiam
3617 5243 3886 5291 externos

2168 5325 2313 5380 ictus
2344 5342 2620 5396 casusque
2651 5329 2909 5380 servatur
2939 5342 2953 5380 :
2988 5341 3123 5380 nam
3149 5329 3205 5379 et
3247 5325 3449 5391 fames,
3509 5329 3570 5379 et
3621 5326 3776 5393 sitis,
3836 5328 3887 5379 et

2170 5414 2371 5486 frigus,
2416 5419 2475 5469 et
2524 5418 2716 5482 aestus,
2773 5418 2829 5469 et
2888 5413 3175 5486 quidquid
3222 5413 3577 5468 extrinsecus
3626 5415 3887 5486 graviter

2135 5528 2137 5531 ί
2238 5514 2255 5547 ι
2281 5512 2408 5562 Mss.
2446 5512 2802 5577 quamplures,
2832 5512 2902 5564 ad
2922 5511 3061 5577 quod
3083 5514 3201 5577 ipse
3225 5509 3417 5571 tendis.
3441 5508 3699 5562 adducis.
