  <div class='ocr_page' id='page_1' title='image "/cluster/home/n/w/nwhite01/storage/ocr_20150623/32/hvd.32044096580550/686.png"; bbox 0 0 4036 6182; ppageno 0'>
   <div class='ocr_carea' id='block_1_1' title="bbox 216 260 361 312">
    <p class='ocr_par' dir='ltr' id='par_1_1' title="bbox 216 260 361 312">
     <span class='ocr_line' id='line_1_1' title="bbox 216 260 361 312; baseline 0.007 -1"><span class='ocrx_word' id='word_1_1' title='bbox 216 260 361 312; x_wconf 78' lang='grc'>1333-</span> 
     </span>
    </p>
   </div>
   <div class='ocr_carea' id='block_1_2' title="bbox 209 377 1903 455">
    <p class='ocr_par' dir='ltr' id='par_1_2' title="bbox 209 377 1903 455">
     <span class='ocr_line' id='line_1_2' title="bbox 209 377 1903 455; baseline 0.006 -22"><span class='ocrx_word' id='word_1_2' title='bbox 209 377 516 450; x_wconf 87' lang='lat' dir='ltr'>inﬂigitur,</span> <span class='ocrx_word' id='word_1_3' title='bbox 549 378 814 449; x_wconf 78' lang='lat' dir='ltr'>salutem,</span> <span class='ocrx_word' id='word_1_4' title='bbox 837 378 907 434; x_wconf 88' lang='lat' dir='ltr'>de</span> <span class='ocrx_word' id='word_1_5' title='bbox 935 395 1049 451; x_wconf 89' lang='lat' dir='ltr'>qua</span> <span class='ocrx_word' id='word_1_6' title='bbox 1086 396 1237 437; x_wconf 91' lang='lat' dir='ltr'>nunc</span> <span class='ocrx_word' id='word_1_7' title='bbox 1271 384 1483 455; x_wconf 87' lang='lat' dir='ltr'>agitur,</span> <span class='ocrx_word' id='word_1_8' title='bbox 1522 401 1755 442; x_wconf 87' lang='lat' dir='ltr'>manere</span> <span class='ocrx_word' id='word_1_9' title='bbox 1786 403 1903 443; x_wconf 90' lang='lat' dir='ltr'>non</span> 
     </span>
    </p>
   </div>
   <div class='ocr_carea' id='block_1_3' title="bbox 214 467 428 521">
    <p class='ocr_par' dir='ltr' id='par_1_3' title="bbox 214 467 428 521">
     <span class='ocr_line' id='line_1_3' title="bbox 214 467 428 521; baseline 0 0"><span class='ocrx_word' id='word_1_10' title='bbox 214 467 428 521; x_wconf 89' lang='lat' dir='ltr'>sinunt.</span> 
     </span>
    </p>
   </div>
   <div class='ocr_carea' id='block_1_4' title="bbox 281 552 1905 630">
    <p class='ocr_par' dir='ltr' id='par_1_4' title="bbox 281 552 1905 630">
     <span class='ocr_line' id='line_1_4' title="bbox 281 552 1905 630; baseline 0.006 -20"><span class='ocrx_word' id='word_1_11' title='bbox 281 559 371 610; x_wconf 90' lang='lat'>53.</span> <span class='ocrx_word' id='word_1_12' title='bbox 409 554 593 619; x_wconf 85' lang='lat' dir='ltr'>Quare</span> <span class='ocrx_word' id='word_1_13' title='bbox 623 552 722 608; x_wconf 90' lang='lat' dir='ltr'>illa</span> <span class='ocrx_word' id='word_1_14' title='bbox 746 554 960 623; x_wconf 87' lang='lat' dir='ltr'>omnia,</span> <span class='ocrx_word' id='word_1_15' title='bbox 994 556 1201 628; x_wconf 89' lang='lat' dir='ltr'>quibus</span> <span class='ocrx_word' id='word_1_16' title='bbox 1222 559 1616 630; x_wconf 87' lang='lat' dir='ltr'>hujuscemodi</span> <span class='ocrx_word' id='word_1_17' title='bbox 1641 564 1804 619; x_wconf 86' lang='lat' dir='ltr'>malis</span> <span class='ocrx_word' id='word_1_18' title='bbox 1825 564 1905 619; x_wconf 91' lang='lat' dir='ltr'>in-</span> 
     </span>
    </p>
   </div>
   <div class='ocr_carea' id='block_1_5' title="bbox 210 641 1906 721">
    <p class='ocr_par' dir='ltr' id='par_1_5' title="bbox 210 641 1906 721">
     <span class='ocr_line' id='line_1_5' title="bbox 210 641 1906 721; baseline 0.005 -23"><span class='ocrx_word' id='word_1_19' title='bbox 210 642 596 698; x_wconf 90' lang='lat' dir='ltr'>commodisve</span> <span class='ocrx_word' id='word_1_20' title='bbox 627 641 939 711; x_wconf 88' lang='lat' dir='ltr'>&#39;resistitur,</span> <span class='ocrx_word' id='word_1_21' title='bbox 976 646 1076 716; x_wconf 88' lang='lat' dir='ltr'>qui</span> <span class='ocrx_word' id='word_1_22' title='bbox 1105 647 1354 703; x_wconf 82' lang='lat' dir='ltr'>ofﬁciose</span> <span class='ocrx_word' id='word_1_23' title='bbox 1382 655 1553 721; x_wconf 90' lang='lat' dir='ltr'>atque</span> <span class='ocrx_word' id='word_1_24' title='bbox 1578 651 1906 707; x_wconf 77' lang='lat' dir='ltr'>humaniter</span> 
     </span>
    </p>
   </div>
   <div class='ocr_carea' id='block_1_6' title="bbox 206 730 1905 810">
    <p class='ocr_par' dir='ltr' id='par_1_6' title="bbox 206 730 1905 810">
     <span class='ocr_line' id='line_1_6' title="bbox 206 730 1905 810; baseline 0.006 -25"><span class='ocrx_word' id='word_1_25' title='bbox 206 732 474 804; x_wconf 67' lang='lat' dir='ltr'>praebent</span> <span class='ocrx_word' id='word_1_26' title='bbox 516 730 915 786; x_wconf 85' lang='lat' dir='ltr'>misericordes</span> <span class='ocrx_word' id='word_1_27' title='bbox 960 740 1256 802; x_wconf 83' lang='lat' dir='ltr'>vocantur,</span> <span class='ocrx_word' id='word_1_28' title='bbox 1325 737 1549 793; x_wconf 87' lang='lat' dir='ltr'>etiamsi</span> <span class='ocrx_word' id='word_1_29' title='bbox 1618 740 1905 810; x_wconf 79' lang='lat' dir='ltr'>sapientes</span> 
     </span>
    </p>
   </div>
   <div class='ocr_carea' id='block_1_7' title="bbox 207 819 1901 893">
    <p class='ocr_par' dir='ltr' id='par_1_7' title="bbox 207 819 1901 893">
     <span class='ocr_line' id='line_1_7' title="bbox 207 819 1901 893; baseline 0.005 -19"><span class='ocrx_word' id='word_1_30' title='bbox 207 837 391 893; x_wconf 89' lang='lat' dir='ltr'>usque</span> <span class='ocrx_word' id='word_1_31' title='bbox 442 819 580 874; x_wconf 88' lang='lat' dir='ltr'>adeo</span> <span class='ocrx_word' id='word_1_32' title='bbox 610 820 743 886; x_wconf 87' lang='lat' dir='ltr'>sint,</span> <span class='ocrx_word' id='word_1_33' title='bbox 784 825 849 874; x_wconf 87' lang='lat' dir='ltr'>ut</span> <span class='ocrx_word' id='word_1_34' title='bbox 864 820 984 891; x_wconf 88' lang='lat' dir='ltr'>jam</span> <span class='ocrx_word' id='word_1_35' title='bbox 1037 823 1193 878; x_wconf 91' lang='lat' dir='ltr'>nullo</span> <span class='ocrx_word' id='word_1_36' title='bbox 1233 824 1411 879; x_wconf 91' lang='lat' dir='ltr'>animi</span> <span class='ocrx_word' id='word_1_37' title='bbox 1440 828 1636 881; x_wconf 89' lang='lat' dir='ltr'>dolore</span> <span class='ocrx_word' id='word_1_38' title='bbox 1664 829 1901 883; x_wconf 87' lang='lat' dir='ltr'>turben-</span> 
     </span>
    </p>
   </div>
   <div class='ocr_carea' id='block_1_8' title="bbox 207 908 1902 984">
    <p class='ocr_par' dir='ltr' id='par_1_8' title="bbox 207 908 1902 984">
     <span class='ocr_line' id='line_1_8' title="bbox 207 908 1902 984; baseline 0.005 -21"><span class='ocrx_word' id='word_1_39' title='bbox 207 914 301 963; x_wconf 89' lang='lat' dir='ltr'>tur</span> <span class='ocrx_word' id='word_1_40' title='bbox 331 911 426 976; x_wconf 83' lang='grc' dir='ltr'>(α).</span> <span class='ocrx_word' id='word_1_41' title='bbox 464 909 606 963; x_wconf 88' lang='lat' dir='ltr'>Nam</span> <span class='ocrx_word' id='word_1_42' title='bbox 624 908 996 980; x_wconf 53' lang='lat' dir='ltr'>quisiignoret</span> <span class='ocrx_word' id='word_1_43' title='bbox 1026 927 1093 965; x_wconf 79' lang='lat' dir='ltr'>ex</span> <span class='ocrx_word' id='word_1_44' title='bbox 1121 928 1189 966; x_wconf 91' lang='lat' dir='ltr'>eo</span> <span class='ocrx_word' id='word_1_45' title='bbox 1210 914 1558 984; x_wconf 81' lang='lat' dir='ltr'>appellatam</span> <span class='ocrx_word' id='word_1_46' title='bbox 1587 932 1704 970; x_wconf 88' lang='lat' dir='ltr'>esse</span> <span class='ocrx_word' id='word_1_47' title='bbox 1731 917 1902 972; x_wconf 87' lang='lat' dir='ltr'>mise—</span> 
     </span>
    </p>
   </div>
   <div class='ocr_carea' id='block_1_9' title="bbox 209 997 1903 1068">
    <p class='ocr_par' dir='ltr' id='par_1_9' title="bbox 209 997 1903 1068">
     <span class='ocr_line' id='line_1_9' title="bbox 209 997 1903 1068; baseline 0.005 -16"><span class='ocrx_word' id='word_1_48' title='bbox 209 997 533 1065; x_wconf 90' lang='lat' dir='ltr'>ricordiam,</span> <span class='ocrx_word' id='word_1_49' title='bbox 563 998 718 1068; x_wconf 90' lang='lat' dir='ltr'>quod</span> <span class='ocrx_word' id='word_1_50' title='bbox 740 997 1016 1053; x_wconf 89' lang='lat' dir='ltr'>miserum</span> <span class='ocrx_word' id='word_1_51' title='bbox 1038 1016 1135 1054; x_wconf 91' lang='lat' dir='ltr'>cor</span> <span class='ocrx_word' id='word_1_52' title='bbox 1153 1000 1323 1056; x_wconf 87' lang='lat' dir='ltr'>faciat</span> <span class='ocrx_word' id='word_1_53' title='bbox 1350 1004 1702 1058; x_wconf 89' lang='lat' dir='ltr'>condolentis</span> <span class='ocrx_word' id='word_1_54' title='bbox 1719 1005 1903 1061; x_wconf 89' lang='lat' dir='ltr'>alieno</span> 
     </span>
    </p>
   </div>
   <div class='ocr_carea' id='block_1_10' title="bbox 208 1085 1905 1157">
    <p class='ocr_par' dir='ltr' id='par_1_10' title="bbox 208 1085 1905 1157">
     <span class='ocr_line' id='line_1_10' title="bbox 208 1085 1905 1157; baseline 0.005 -17"><span class='ocrx_word' id='word_1_55' title='bbox 208 1087 359 1141; x_wconf 88' lang='lat' dir='ltr'>malo</span> <span class='ocrx_word' id='word_1_56' title='bbox 378 1088 407 1141; x_wconf 86' lang='lat'><strong>?</strong></span> <span class='ocrx_word' id='word_1_57' title='bbox 437 1090 495 1140; x_wconf 88' lang='lat' dir='ltr'>et</span> <span class='ocrx_word' id='word_1_58' title='bbox 523 1085 653 1157; x_wconf 88' lang='lat' dir='ltr'>quis</span> <span class='ocrx_word' id='word_1_59' title='bbox 682 1102 798 1140; x_wconf 90' lang='lat' dir='ltr'>non</span> <span class='ocrx_word' id='word_1_60' title='bbox 820 1088 1091 1143; x_wconf 84' lang='lat' dir='ltr'>concedat</span> <span class='ocrx_word' id='word_1_61' title='bbox 1121 1089 1190 1144; x_wconf 90' lang='lat' dir='ltr'>ab</span> <span class='ocrx_word' id='word_1_62' title='bbox 1218 1092 1376 1145; x_wconf 88' lang='lat' dir='ltr'>omni</span> <span class='ocrx_word' id='word_1_63' title='bbox 1400 1092 1631 1147; x_wconf 82' lang='lat' dir='ltr'>miseria</span> <span class='ocrx_word' id='word_1_64' title='bbox 1660 1094 1905 1149; x_wconf 86' lang='lat' dir='ltr'>liberum</span> 
     </span>
    </p>
   </div>
   <div class='ocr_carea' id='block_1_11' title="bbox 207 1174 1904 1251">
    <p class='ocr_par' dir='ltr' id='par_1_11' title="bbox 207 1174 1904 1251">
     <span class='ocr_line' id='line_1_11' title="bbox 207 1174 1904 1251; baseline 0.005 -23"><span class='ocrx_word' id='word_1_65' title='bbox 207 1191 328 1228; x_wconf 90' lang='lat' dir='ltr'>esse</span> <span class='ocrx_word' id='word_1_66' title='bbox 358 1175 564 1229; x_wconf 87' lang='lat' dir='ltr'>debere</span> <span class='ocrx_word' id='word_1_67' title='bbox 596 1174 932 1245; x_wconf 88' lang='lat' dir='ltr'>sapientem,</span> <span class='ocrx_word' id='word_1_68' title='bbox 963 1192 1094 1231; x_wconf 90' lang='lat' dir='ltr'>cum</span> <span class='ocrx_word' id='word_1_69' title='bbox 1123 1178 1386 1233; x_wconf 80' lang='lat' dir='ltr'>subvenit</span> <span class='ocrx_word' id='word_1_70' title='bbox 1407 1180 1588 1251; x_wconf 89' lang='lat' dir='ltr'>inopi,</span> <span class='ocrx_word' id='word_1_71' title='bbox 1623 1198 1753 1236; x_wconf 89' lang='lat' dir='ltr'>cum</span> <span class='ocrx_word' id='word_1_72' title='bbox 1783 1199 1904 1238; x_wconf 90' lang='lat' dir='ltr'>esu—</span> 
     </span>
    </p>
   </div>
   <div class='ocr_carea' id='block_1_12' title="bbox 206 1262 1904 1338">
    <p class='ocr_par' dir='ltr' id='par_1_12' title="bbox 206 1262 1904 1338">
     <span class='ocr_line' id='line_1_12' title="bbox 206 1262 1904 1338; baseline 0.005 -22"><span class='ocrx_word' id='word_1_73' title='bbox 206 1262 378 1317; x_wconf 89' lang='lat' dir='ltr'>rienti</span> <span class='ocrx_word' id='word_1_74' title='bbox 416 1262 605 1316; x_wconf 89' lang='lat' dir='ltr'>cibum</span> <span class='ocrx_word' id='word_1_75' title='bbox 660 1267 894 1333; x_wconf 75' lang='lat' dir='ltr'>praestat</span> <span class='ocrx_word' id='word_1_76' title='bbox 922 1270 1237 1336; x_wconf 86' lang='lat' dir='ltr'>potumque</span> <span class='ocrx_word' id='word_1_77' title='bbox 1288 1267 1523 1338; x_wconf 88' lang='lat' dir='ltr'>sitienti,</span> <span class='ocrx_word' id='word_1_78' title='bbox 1557 1286 1686 1324; x_wconf 92' lang='lat' dir='ltr'>cum</span> <span class='ocrx_word' id='word_1_79' title='bbox 1740 1272 1904 1325; x_wconf 83' lang='lat' dir='ltr'>vestit</span> 
     </span>
    </p>
   </div>
   <div class='ocr_carea' id='block_1_13' title="bbox 205 1351 1902 1430">
    <p class='ocr_par' dir='ltr' id='par_1_13' title="bbox 205 1351 1902 1430">
     <span class='ocr_line' id='line_1_13' title="bbox 205 1351 1902 1430; baseline 0.005 -25"><span class='ocrx_word' id='word_1_80' title='bbox 205 1351 451 1419; x_wconf 89' lang='lat' dir='ltr'>nudum,</span> <span class='ocrx_word' id='word_1_81' title='bbox 486 1367 616 1405; x_wconf 89' lang='lat' dir='ltr'>cum</span> <span class='ocrx_word' id='word_1_82' title='bbox 648 1351 1015 1423; x_wconf 90' lang='lat' dir='ltr'>peregrinum</span> <span class='ocrx_word' id='word_1_83' title='bbox 1047 1358 1195 1409; x_wconf 89' lang='lat' dir='ltr'>tecto</span> <span class='ocrx_word' id='word_1_84' title='bbox 1233 1355 1455 1426; x_wconf 90' lang='lat' dir='ltr'>recipit,</span> <span class='ocrx_word' id='word_1_85' title='bbox 1505 1374 1636 1413; x_wconf 92' lang='lat' dir='ltr'>cum</span> <span class='ocrx_word' id='word_1_86' title='bbox 1664 1375 1902 1430; x_wconf 90' lang='lat' dir='ltr'>oppres-</span> 
     </span>
    </p>
   </div>
   <div class='ocr_carea' id='block_1_14' title="bbox 206 1439 1903 1518">
    <p class='ocr_par' dir='ltr' id='par_1_14' title="bbox 206 1439 1903 1518">
     <span class='ocr_line' id='line_1_14' title="bbox 206 1439 1903 1518; baseline 0.005 -24"><span class='ocrx_word' id='word_1_87' title='bbox 206 1456 333 1494; x_wconf 90' lang='lat' dir='ltr'>sum</span> <span class='ocrx_word' id='word_1_88' title='bbox 365 1439 588 1507; x_wconf 88' lang='lat' dir='ltr'>liberat,</span> <span class='ocrx_word' id='word_1_89' title='bbox 617 1456 747 1494; x_wconf 90' lang='lat' dir='ltr'>cum</span> <span class='ocrx_word' id='word_1_90' title='bbox 776 1441 1021 1513; x_wconf 89' lang='lat' dir='ltr'>denique</span> <span class='ocrx_word' id='word_1_91' title='bbox 1064 1442 1483 1500; x_wconf 85' lang='lat' dir='ltr'>humanitatem</span> <span class='ocrx_word' id='word_1_92' title='bbox 1530 1462 1691 1501; x_wconf 90' lang='lat' dir='ltr'>suam</span> <span class='ocrx_word' id='word_1_93' title='bbox 1722 1464 1903 1518; x_wconf 90' lang='lat' dir='ltr'>usque</span> 
     </span>
    </p>
   </div>
   <div class='ocr_carea' id='block_1_15' title="bbox 201 1528 1902 1601">
    <p class='ocr_par' dir='ltr' id='par_1_15' title="bbox 201 1528 1902 1601">
     <span class='ocr_line' id='line_1_15' title="bbox 201 1528 1902 1601; baseline 0.005 -17"><span class='ocrx_word' id='word_1_94' title='bbox 201 1529 273 1584; x_wconf 88' lang='lat' dir='ltr'>ad</span> <span class='ocrx_word' id='word_1_95' title='bbox 302 1528 658 1600; x_wconf 85' lang='lat' dir='ltr'>sepulturam</span> <span class='ocrx_word' id='word_1_96' title='bbox 687 1529 933 1601; x_wconf 82' lang='lat' dir='ltr'>porrigit</span> <span class='ocrx_word' id='word_1_97' title='bbox 953 1535 1315 1586; x_wconf 90' lang='lat' dir='ltr'>mortuorum</span> <span class='ocrx_word' id='word_1_98' title='bbox 1335 1534 1612 1589; x_wconf 81' lang='lat' dir='ltr'>?Etiamsi</span> <span class='ocrx_word' id='word_1_99' title='bbox 1642 1535 1699 1591; x_wconf 90' lang='lat' dir='ltr'>id</span> <span class='ocrx_word' id='word_1_100' title='bbox 1728 1536 1902 1592; x_wconf 88' lang='lat' dir='ltr'>faciat</span> 
     </span>
    </p>
   </div>
   <div class='ocr_carea' id='block_1_16' title="bbox 201 1617 1898 1691">
    <p class='ocr_par' dir='ltr' id='par_1_16' title="bbox 201 1617 1898 1691">
     <span class='ocr_line' id='line_1_16' title="bbox 201 1617 1898 1691; baseline 0.005 -20"><span class='ocrx_word' id='word_1_101' title='bbox 201 1622 394 1672; x_wconf 89' lang='lat' dir='ltr'>mente</span> <span class='ocrx_word' id='word_1_102' title='bbox 416 1617 746 1688; x_wconf 87' lang='lat' dir='ltr'>tranquilla,</span> <span class='ocrx_word' id='word_1_103' title='bbox 772 1617 942 1672; x_wconf 91' lang='lat' dir='ltr'>nullis</span> <span class='ocrx_word' id='word_1_104' title='bbox 963 1619 1174 1673; x_wconf 88' lang='lat' dir='ltr'>aculeis</span> <span class='ocrx_word' id='word_1_105' title='bbox 1210 1620 1423 1676; x_wconf 90' lang='lat' dir='ltr'>doloris</span> <span class='ocrx_word' id='word_1_106' title='bbox 1452 1622 1776 1691; x_wconf 90' lang='lat' dir='ltr'>instinctus,</span> <span class='ocrx_word' id='word_1_107' title='bbox 1801 1625 1898 1680; x_wconf 90' lang='lat' dir='ltr'>sed</span> 
     </span>
    </p>
   </div>
   <div class='ocr_carea' id='block_1_17' title="bbox 202 1705 1902 1774">
    <p class='ocr_par' dir='ltr' id='par_1_17' title="bbox 202 1705 1902 1774">
     <span class='ocr_line' id='line_1_17' title="bbox 202 1705 1902 1774; baseline 0.004 -13"><span class='ocrx_word' id='word_1_108' title='bbox 202 1706 480 1761; x_wconf 86' lang='lat' dir='ltr'>adductus</span> <span class='ocrx_word' id='word_1_109' title='bbox 501 1705 687 1760; x_wconf 87' lang='lat' dir='ltr'>ofﬁcio</span> <span class='ocrx_word' id='word_1_110' title='bbox 717 1706 1009 1774; x_wconf 87' lang='lat' dir='ltr'>bonitatis,</span> <span class='ocrx_word' id='word_1_111' title='bbox 1041 1707 1364 1763; x_wconf 89' lang='lat' dir='ltr'>misericors</span> <span class='ocrx_word' id='word_1_112' title='bbox 1395 1714 1592 1765; x_wconf 88' lang='lat' dir='ltr'>tamen</span> <span class='ocrx_word' id='word_1_113' title='bbox 1623 1713 1902 1767; x_wconf 89' lang='lat' dir='ltr'>vocandus</span> 
     </span>
    </p>
   </div>
   <div class='ocr_carea' id='block_1_18' title="bbox 203 1793 1897 1865">
    <p class='ocr_par' dir='ltr' id='par_1_18' title="bbox 203 1793 1897 1865">
     <span class='ocr_line' id='line_1_18' title="bbox 203 1793 1897 1865; baseline 0.004 -15"><span class='ocrx_word' id='word_1_114' title='bbox 203 1799 309 1850; x_wconf 89' lang='lat' dir='ltr'>est.</span> <span class='ocrx_word' id='word_1_115' title='bbox 344 1794 485 1849; x_wconf 86' lang='lat' dir='ltr'>Huic</span> <span class='ocrx_word' id='word_1_116' title='bbox 516 1793 672 1850; x_wconf 90' lang='lat' dir='ltr'>enim</span> <span class='ocrx_word' id='word_1_117' title='bbox 704 1795 848 1850; x_wconf 90' lang='lat' dir='ltr'>nihil</span> <span class='ocrx_word' id='word_1_118' title='bbox 878 1796 1039 1850; x_wconf 91' lang='lat' dir='ltr'>obest</span> <span class='ocrx_word' id='word_1_119' title='bbox 1068 1813 1300 1865; x_wconf 88' lang='lat' dir='ltr'>nomen,</span> <span class='ocrx_word' id='word_1_120' title='bbox 1320 1814 1451 1853; x_wconf 91' lang='lat' dir='ltr'>cum</span> <span class='ocrx_word' id='word_1_121' title='bbox 1473 1800 1620 1855; x_wconf 90' lang='lat' dir='ltr'>absit</span> <span class='ocrx_word' id='word_1_122' title='bbox 1647 1800 1897 1856; x_wconf 88' lang='lat' dir='ltr'>miseria.</span> 
     </span>
    </p>
   </div>
   <div class='ocr_carea' id='block_1_19' title="bbox 273 1883 1902 1957">
    <p class='ocr_par' dir='ltr' id='par_1_19' title="bbox 273 1883 1902 1957">
     <span class='ocr_line' id='line_1_19' title="bbox 273 1883 1902 1957; baseline 0.004 -19"><span class='ocrx_word' id='word_1_123' title='bbox 273 1884 361 1939; x_wconf 82' lang='grc'>54.</span> <span class='ocrx_word' id='word_1_124' title='bbox 394 1883 567 1938; x_wconf 88' lang='lat' dir='ltr'>Stulti</span> <span class='ocrx_word' id='word_1_125' title='bbox 594 1899 727 1938; x_wconf 90' lang='lat' dir='ltr'>vero</span> <span class='ocrx_word' id='word_1_126' title='bbox 760 1899 889 1938; x_wconf 89' lang='lat' dir='ltr'>cum</span> <span class='ocrx_word' id='word_1_127' title='bbox 916 1883 1367 1940; x_wconf 80' lang='lat' dir='ltr'>misericordiam</span> <span class='ocrx_word' id='word_1_128' title='bbox 1380 1887 1544 1957; x_wconf 86' lang='lat' dir='ltr'>quasi</span> <span class='ocrx_word' id='word_1_129' title='bbox 1572 1887 1776 1942; x_wconf 85' lang='lat' dir='ltr'>vitium</span> <span class='ocrx_word' id='word_1_130' title='bbox 1808 1889 1902 1944; x_wconf 89' lang='lat' dir='ltr'>de-</span> 
     </span>
    </p>
   </div>
   <div class='ocr_carea' id='block_1_20' title="bbox 199 1970 1902 2047">
    <p class='ocr_par' dir='ltr' id='par_1_20' title="bbox 199 1970 1902 2047">
     <span class='ocr_line' id='line_1_20' title="bbox 199 1970 1902 2047; baseline 0.002 -20"><span class='ocrx_word' id='word_1_131' title='bbox 199 1971 400 2035; x_wconf 86' lang='lat' dir='ltr'>vitant,</span> <span class='ocrx_word' id='word_1_132' title='bbox 430 1970 566 2043; x_wconf 86' lang='lat' dir='ltr'>quia</span> <span class='ocrx_word' id='word_1_133' title='bbox 596 1970 780 2026; x_wconf 80' lang='lat' dir='ltr'>ofﬁcio</span> <span class='ocrx_word' id='word_1_134' title='bbox 811 1972 945 2025; x_wconf 87' lang='lat' dir='ltr'>satis</span> <span class='ocrx_word' id='word_1_135' title='bbox 977 1972 1193 2026; x_wconf 88' lang='lat' dir='ltr'>moveri</span> <span class='ocrx_word' id='word_1_136' title='bbox 1222 1978 1532 2045; x_wconf 89' lang='lat' dir='ltr'>nequeunt,</span> <span class='ocrx_word' id='word_1_137' title='bbox 1567 1975 1613 2029; x_wconf 90' lang='lat' dir='ltr'>si</span> <span class='ocrx_word' id='word_1_138' title='bbox 1644 1991 1748 2030; x_wconf 90' lang='lat' dir='ltr'>nec</span> <span class='ocrx_word' id='word_1_139' title='bbox 1777 1993 1902 2047; x_wconf 90' lang='lat' dir='ltr'>per-</span> 
     </span>
    </p>
   </div>
   <div class='ocr_carea' id='block_1_21' title="bbox 199 2059 1894 2136">
    <p class='ocr_par' dir='ltr' id='par_1_21' title="bbox 199 2059 1894 2136">
     <span class='ocr_line' id='line_1_21' title="bbox 199 2059 1894 2136; baseline 0.002 -21"><span class='ocrx_word' id='word_1_140' title='bbox 199 2059 523 2115; x_wconf 90' lang='lat' dir='ltr'>turbatione</span> <span class='ocrx_word' id='word_1_141' title='bbox 550 2064 1004 2127; x_wconf 88' lang='lat' dir='ltr'>commoventur,</span> <span class='ocrx_word' id='word_1_142' title='bbox 1038 2062 1444 2132; x_wconf 89' lang='lat' dir='ltr'>cougelascunt</span> <span class='ocrx_word' id='word_1_143' title='bbox 1483 2064 1672 2134; x_wconf 89' lang='lat' dir='ltr'>potius</span> <span class='ocrx_word' id='word_1_144' title='bbox 1701 2065 1894 2136; x_wconf 86' lang='lat' dir='ltr'>rigore</span> 
     </span>
    </p>
   </div>
   <div class='ocr_carea' id='block_1_22' title="bbox 197 2148 1896 2221">
    <p class='ocr_par' dir='ltr' id='par_1_22' title="bbox 197 2148 1896 2221">
     <span class='ocr_line' id='line_1_22' title="bbox 197 2148 1896 2221; baseline 0.001 -17"><span class='ocrx_word' id='word_1_145' title='bbox 197 2148 846 2221; x_wconf 48' lang='lat' dir='ltr'>inhumanitatis,fquam</span> <span class='ocrx_word' id='word_1_146' title='bbox 863 2148 1099 2203; x_wconf 88' lang='lat' dir='ltr'>rationis</span> <span class='ocrx_word' id='word_1_147' title='bbox 1113 2150 1526 2221; x_wconf 87' lang='lat' dir='ltr'>tranquillitate</span> <span class='ocrx_word' id='word_1_148' title='bbox 1540 2168 1597 2205; x_wconf 90' lang='lat' dir='ltr'>se</span> <span class='ocrx_word' id='word_1_149' title='bbox 1605 2156 1896 2206; x_wconf 87' lang='lat' dir='ltr'>renantur.</span> 
     </span>
    </p>
   </div>
   <div class='ocr_carea' id='block_1_23' title="bbox 194 2237 1901 2310">
    <p class='ocr_par' dir='ltr' id='par_1_23' title="bbox 194 2237 1901 2310">
     <span class='ocr_line' id='line_1_23' title="bbox 194 2237 1901 2310; baseline 0.001 -17"><span class='ocrx_word' id='word_1_150' title='bbox 194 2239 396 2309; x_wconf 87' lang='lat' dir='ltr'>Itaque</span> <span class='ocrx_word' id='word_1_151' title='bbox 436 2240 616 2292; x_wconf 92' lang='lat' dir='ltr'>multo</span> <span class='ocrx_word' id='word_1_152' title='bbox 647 2237 989 2308; x_wconf 88' lang='lat' dir='ltr'>prudentius</span> <span class='ocrx_word' id='word_1_153' title='bbox 1023 2238 1167 2292; x_wconf 90' lang='lat' dir='ltr'>Deus</span> <span class='ocrx_word' id='word_1_154' title='bbox 1200 2237 1373 2293; x_wconf 89' lang='lat' dir='ltr'>etiam</span> <span class='ocrx_word' id='word_1_155' title='bbox 1410 2237 1531 2310; x_wconf 89' lang='lat' dir='ltr'>ipse</span> <span class='ocrx_word' id='word_1_156' title='bbox 1579 2239 1901 2294; x_wconf 89' lang='lat' dir='ltr'>misericors</span> 
     </span>
    </p>
   </div>
   <div class='ocr_carea' id='block_1_24' title="bbox 194 2325 1892 2399">
    <p class='ocr_par' dir='ltr' id='par_1_24' title="bbox 194 2325 1892 2399">
     <span class='ocr_line' id='line_1_24' title="bbox 194 2325 1892 2399; baseline 0.001 -19"><span class='ocrx_word' id='word_1_157' title='bbox 194 2326 441 2381; x_wconf 88' lang='lat' dir='ltr'>dicitur:</span> <span class='ocrx_word' id='word_1_158' title='bbox 472 2326 1072 2397; x_wconf 90' lang='lat' dir='ltr'>quiquemadmodum</span> <span class='ocrx_word' id='word_1_159' title='bbox 1103 2325 1342 2392; x_wconf 88' lang='lat' dir='ltr'>dicatur,</span> <span class='ocrx_word' id='word_1_160' title='bbox 1366 2330 1542 2382; x_wconf 89' lang='lat' dir='ltr'>restat</span> <span class='ocrx_word' id='word_1_161' title='bbox 1571 2327 1892 2399; x_wconf 84' lang='lat' dir='ltr'>intelligere</span> 
     </span>
    </p>
   </div>
   <div class='ocr_carea' id='block_1_25' title="bbox 189 2413 1895 2487">
    <p class='ocr_par' dir='ltr' id='par_1_25' title="bbox 189 2413 1895 2487">
     <span class='ocr_line' id='line_1_25' title="bbox 189 2413 1895 2487; baseline 0.001 -18"><span class='ocrx_word' id='word_1_162' title='bbox 189 2413 262 2469; x_wconf 88' lang='lat' dir='ltr'>iis</span> <span class='ocrx_word' id='word_1_163' title='bbox 292 2414 391 2485; x_wconf 87' lang='lat' dir='ltr'>qui</span> <span class='ocrx_word' id='word_1_164' title='bbox 420 2430 542 2469; x_wconf 90' lang='lat' dir='ltr'>sese</span> <span class='ocrx_word' id='word_1_165' title='bbox 581 2414 818 2468; x_wconf 90' lang='lat' dir='ltr'>idoneos</span> <span class='ocrx_word' id='word_1_166' title='bbox 848 2414 1124 2484; x_wconf 83' lang='lat' dir='ltr'>religione</span> <span class='ocrx_word' id='word_1_167' title='bbox 1155 2415 1455 2486; x_wconf 90' lang='lat' dir='ltr'>studioque</span> <span class='ocrx_word' id='word_1_168' title='bbox 1495 2416 1895 2487; x_wconf 72' lang='lat' dir='ltr'>praestiterint;</span> 
     </span>
    </p>
   </div>
   <div class='ocr_carea' id='block_1_26' title="bbox 191 2502 1901 2573">
    <p class='ocr_par' dir='ltr' id='par_1_26' title="bbox 191 2502 1901 2573">
     <span class='ocr_line' id='line_1_26' title="bbox 191 2502 1901 2573; baseline 0.002 -16"><span class='ocrx_word' id='word_1_169' title='bbox 191 2519 268 2558; x_wconf 89' lang='lat' dir='ltr'>ne</span> <span class='ocrx_word' id='word_1_170' title='bbox 303 2520 435 2557; x_wconf 91' lang='lat' dir='ltr'>cum</span> <span class='ocrx_word' id='word_1_171' title='bbox 463 2502 652 2557; x_wconf 88' lang='lat' dir='ltr'>verbis</span> <span class='ocrx_word' id='word_1_172' title='bbox 682 2502 978 2557; x_wconf 88' lang='lat' dir='ltr'>doctorum</span> <span class='ocrx_word' id='word_1_173' title='bbox 1028 2503 1220 2573; x_wconf 88' lang='lat' dir='ltr'>inepte</span> <span class='ocrx_word' id='word_1_174' title='bbox 1260 2504 1495 2573; x_wconf 89' lang='lat' dir='ltr'>utimur,</span> <span class='ocrx_word' id='word_1_175' title='bbox 1545 2503 1901 2560; x_wconf 87' lang='lat' dir='ltr'>indoctorum</span> 
     </span>
    </p>
   </div>
   <div class='ocr_carea' id='block_1_27' title="bbox 190 2589 1899 2665">
    <p class='ocr_par' dir='ltr' id='par_1_27' title="bbox 190 2589 1899 2665">
     <span class='ocr_line' id='line_1_27' title="bbox 190 2589 1899 2665; baseline 0.003 -21"><span class='ocrx_word' id='word_1_176' title='bbox 190 2590 415 2644; x_wconf 87' lang='lat' dir='ltr'>animas</span> <span class='ocrx_word' id='word_1_177' title='bbox 444 2589 605 2661; x_wconf 88' lang='lat' dir='ltr'>prius</span> <span class='ocrx_word' id='word_1_178' title='bbox 626 2590 924 2645; x_wconf 89' lang='lat' dir='ltr'>durescere</span> <span class='ocrx_word' id='word_1_179' title='bbox 956 2590 1181 2645; x_wconf 88' lang='lat' dir='ltr'>vitando</span> <span class='ocrx_word' id='word_1_180' title='bbox 1212 2591 1688 2660; x_wconf 89' lang='lat' dir='ltr'>misericordiam,</span> <span class='ocrx_word' id='word_1_181' title='bbox 1721 2611 1899 2665; x_wconf 89' lang='lat' dir='ltr'>quam</span> 
     </span>
    </p>
   </div>
   <div class='ocr_carea' id='block_1_28' title="bbox 188 2677 1895 2753">
    <p class='ocr_par' dir='ltr' id='par_1_28' title="bbox 188 2677 1895 2753">
     <span class='ocr_line' id='line_1_28' title="bbox 188 2677 1895 2753; baseline 0.003 -21"><span class='ocrx_word' id='word_1_182' title='bbox 188 2677 612 2749; x_wconf 82' lang='lat' dir='ltr'>benignitatem</span> <span class='ocrx_word' id='word_1_183' title='bbox 641 2678 963 2750; x_wconf 86' lang='lat' dir='ltr'>appetendo</span> <span class='ocrx_word' id='word_1_184' title='bbox 989 2678 1284 2733; x_wconf 84' lang='lat' dir='ltr'>mitescere</span> <span class='ocrx_word' id='word_1_185' title='bbox 1301 2679 1594 2736; x_wconf 87' lang='lat' dir='ltr'>faciamus.</span> <span class='ocrx_word' id='word_1_186' title='bbox 1617 2684 1802 2753; x_wconf 87' lang='lat' dir='ltr'>Atque</span> <span class='ocrx_word' id='word_1_187' title='bbox 1831 2689 1895 2738; x_wconf 90' lang='lat' dir='ltr'>ut</span> 
     </span>
    </p>
   </div>
   <div class='ocr_carea' id='block_1_29' title="bbox 193 2765 1899 2840">
    <p class='ocr_par' dir='ltr' id='par_1_29' title="bbox 193 2765 1899 2840">
     <span class='ocr_line' id='line_1_29' title="bbox 193 2765 1899 2840; baseline 0.003 -20"><span class='ocrx_word' id='word_1_188' title='bbox 193 2765 594 2820; x_wconf 88' lang='lat' dir='ltr'>misericordia</span> <span class='ocrx_word' id='word_1_189' title='bbox 612 2766 794 2837; x_wconf 88' lang='lat' dir='ltr'>jubet,</span> <span class='ocrx_word' id='word_1_190' title='bbox 822 2766 932 2821; x_wconf 89' lang='lat' dir='ltr'>ista</span> <span class='ocrx_word' id='word_1_191' title='bbox 960 2783 1065 2821; x_wconf 91' lang='lat' dir='ltr'>nos</span> <span class='ocrx_word' id='word_1_192' title='bbox 1093 2767 1163 2821; x_wconf 89' lang='lat' dir='ltr'>ab</span> <span class='ocrx_word' id='word_1_193' title='bbox 1185 2768 1417 2822; x_wconf 90' lang='lat' dir='ltr'>homine</span> <span class='ocrx_word' id='word_1_194' title='bbox 1445 2770 1659 2840; x_wconf 88' lang='lat' dir='ltr'>pellere</span> <span class='ocrx_word' id='word_1_195' title='bbox 1688 2770 1899 2839; x_wconf 81' lang='lat' dir='ltr'>incom-</span> 
     </span>
    </p>
   </div>
   <div class='ocr_carea' id='block_1_30' title="bbox 192 2852 1411 2923">
    <p class='ocr_par' dir='ltr' id='par_1_30' title="bbox 192 2852 1411 2923">
     <span class='ocr_line' id='line_1_30' title="bbox 192 2852 1411 2923; baseline 0.003 -17"><span class='ocrx_word' id='word_1_196' title='bbox 192 2853 391 2923; x_wconf 90' lang='lat' dir='ltr'>moda,</span> <span class='ocrx_word' id='word_1_197' title='bbox 422 2852 501 2908; x_wconf 90' lang='lat' dir='ltr'>sic</span> <span class='ocrx_word' id='word_1_198' title='bbox 533 2853 860 2909; x_wconf 90' lang='lat' dir='ltr'>innocentia</span> <span class='ocrx_word' id='word_1_199' title='bbox 884 2854 1155 2923; x_wconf 87' lang='lat' dir='ltr'>prohibet</span> <span class='ocrx_word' id='word_1_200' title='bbox 1182 2855 1411 2910; x_wconf 85' lang='lat' dir='ltr'>inferre.</span> 
     </span>
    </p>
   </div>
   <div class='ocr_carea' id='block_1_31' title="bbox 190 2943 1897 3015">
    <p class='ocr_par' dir='ltr' id='par_1_31' title="bbox 190 2943 1897 3015">
     <span class='ocr_line' id='line_1_31' title="bbox 190 2943 1897 3015; baseline 0.002 -17"><span class='ocrx_word' id='word_1_201' title='bbox 190 2943 416 2998; x_wconf 83' lang='lat' dir='ltr'>CAPUT</span> <span class='ocrx_word' id='word_1_202' title='bbox 453 2943 680 2998; x_wconf 84' lang='lat' dir='ltr'>XXVIII.</span> <span class='ocrx_word' id='word_1_203' title='bbox 726 2974 780 2981; x_wconf 95' lang='lat'><strong>—</strong></span> <span class='ocrx_word' id='word_1_204' title='bbox 828 2944 1205 3013; x_wconf 79' lang='lat' dir='ltr'>Beneﬁcientia</span> <span class='ocrx_word' id='word_1_205' title='bbox 1246 2946 1305 2997; x_wconf 90' lang='lat' dir='ltr'>in</span> <span class='ocrx_word' id='word_1_206' title='bbox 1350 2947 1592 3000; x_wconf 84' lang='lat' dir='ltr'>animam</span> <span class='ocrx_word' id='word_1_207' title='bbox 1630 2948 1897 3015; x_wconf 71' lang='lat' dir='ltr'>proximi.</span> 
     </span>
    </p>
   </div>
   <div class='ocr_carea' id='block_1_32' title="bbox 268 3031 1901 3102">
    <p class='ocr_par' dir='ltr' id='par_1_32' title="bbox 268 3031 1901 3102">
     <span class='ocr_line' id='line_1_32' title="bbox 268 3031 1901 3102; baseline 0.004 -18"><span class='ocrx_word' id='word_1_208' title='bbox 268 3032 591 3102; x_wconf 60' lang='lat' dir='ltr'>Disciplina;</span> <span class='ocrx_word' id='word_1_209' title='bbox 613 3035 801 3101; x_wconf 82' lang='lat' dir='ltr'>partes</span> <span class='ocrx_word' id='word_1_210' title='bbox 832 3031 983 3099; x_wconf 64' lang='lat' dir='ltr'>duas;</span> <span class='ocrx_word' id='word_1_211' title='bbox 1028 3033 1294 3099; x_wconf 79' lang='lat' dir='ltr'>coercitio,</span> <span class='ocrx_word' id='word_1_212' title='bbox 1352 3037 1404 3087; x_wconf 86' lang='lat' dir='ltr'>et</span> <span class='ocrx_word' id='word_1_213' title='bbox 1456 3035 1759 3089; x_wconf 83' lang='lat' dir='ltr'>instructio.</span> <span class='ocrx_word' id='word_1_214' title='bbox 1800 3038 1901 3090; x_wconf 86' lang='lat' dir='ltr'>Per</span> 
     </span>
    </p>
   </div>
   <div class='ocr_carea' id='block_1_33' title="bbox 277 3120 1614 3191">
    <p class='ocr_par' dir='ltr' id='par_1_33' title="bbox 277 3120 1614 3191">
     <span class='ocr_line' id='line_1_33' title="bbox 277 3120 1614 3191; baseline 0.001 -17"><span class='ocrx_word' id='word_1_215' title='bbox 277 3121 434 3175; x_wconf 86' lang='lat' dir='ltr'>bonos</span> <span class='ocrx_word' id='word_1_216' title='bbox 455 3135 625 3176; x_wconf 83' lang='lat' dir='ltr'>mores</span> <span class='ocrx_word' id='word_1_217' title='bbox 653 3121 808 3175; x_wconf 82' lang='lat' dir='ltr'>nobis</span> <span class='ocrx_word' id='word_1_218' title='bbox 832 3122 1085 3191; x_wconf 78' lang='lat' dir='ltr'>provenit</span> <span class='ocrx_word' id='word_1_219' title='bbox 1109 3122 1318 3189; x_wconf 77' lang='lat' dir='ltr'>agnitio</span> <span class='ocrx_word' id='word_1_220' title='bbox 1345 3120 1614 3178; x_wconf 79' lang='lat' dir='ltr'>veritatis.</span> 
     </span>
    </p>
   </div>
   <div class='ocr_carea' id='block_1_34' title="bbox 278 3208 1899 3282">
    <p class='ocr_par' dir='ltr' id='par_1_34' title="bbox 278 3208 1899 3282">
     <span class='ocr_line' id='line_1_34' title="bbox 278 3208 1899 3282; baseline 0.002 -19"><span class='ocrx_word' id='word_1_221' title='bbox 278 3212 366 3264; x_wconf 82' lang='lat'>55.</span> <span class='ocrx_word' id='word_1_222' title='bbox 413 3208 571 3273; x_wconf 85' lang='lat' dir='ltr'>Quod</span> <span class='ocrx_word' id='word_1_223' title='bbox 613 3213 805 3263; x_wconf 89' lang='lat' dir='ltr'>autem</span> <span class='ocrx_word' id='word_1_224' title='bbox 835 3208 1037 3263; x_wconf 86' lang='lat' dir='ltr'>attinet</span> <span class='ocrx_word' id='word_1_225' title='bbox 1075 3209 1144 3263; x_wconf 89' lang='lat' dir='ltr'>ad</span> <span class='ocrx_word' id='word_1_226' title='bbox 1183 3208 1562 3279; x_wconf 88' lang='lat' dir='ltr'>disciplinam,</span> <span class='ocrx_word' id='word_1_227' title='bbox 1596 3226 1699 3282; x_wconf 91' lang='lat' dir='ltr'>per</span> <span class='ocrx_word' id='word_1_228' title='bbox 1727 3227 1899 3282; x_wconf 90' lang='lat' dir='ltr'>quam</span> 
     </span>
    </p>
   </div>
   <div class='ocr_carea' id='block_1_35' title="bbox 199 3294 1901 3366">
    <p class='ocr_par' dir='ltr' id='par_1_35' title="bbox 199 3294 1901 3366">
     <span class='ocr_line' id='line_1_35' title="bbox 199 3294 1901 3366; baseline 0.002 -18"><span class='ocrx_word' id='word_1_229' title='bbox 199 3294 314 3366; x_wconf 89' lang='lat' dir='ltr'>ipsi</span> <span class='ocrx_word' id='word_1_230' title='bbox 346 3295 540 3349; x_wconf 89' lang='lat' dir='ltr'>animo</span> <span class='ocrx_word' id='word_1_231' title='bbox 570 3295 782 3350; x_wconf 88' lang='lat' dir='ltr'>sanitas</span> <span class='ocrx_word' id='word_1_232' title='bbox 822 3294 1198 3362; x_wconf 86' lang='lat' dir='ltr'>instauratur,</span> <span class='ocrx_word' id='word_1_233' title='bbox 1239 3311 1367 3365; x_wconf 60' lang='lat' dir='ltr'>quas</span> <span class='ocrx_word' id='word_1_234' title='bbox 1396 3295 1443 3349; x_wconf 87' lang='lat' dir='ltr'>si</span> <span class='ocrx_word' id='word_1_235' title='bbox 1469 3296 1631 3363; x_wconf 86' lang='lat' dir='ltr'>absit,</span> <span class='ocrx_word' id='word_1_236' title='bbox 1665 3297 1807 3351; x_wconf 89' lang='lat' dir='ltr'>nihil</span> <span class='ocrx_word' id='word_1_237' title='bbox 1829 3298 1901 3352; x_wconf 92' lang='lat' dir='ltr'>ad</span> 
     </span>
    </p>
   </div>
   <div class='ocr_carea' id='block_1_36' title="bbox 197 3382 1900 3456">
    <p class='ocr_par' dir='ltr' id='par_1_36' title="bbox 197 3382 1900 3456">
     <span class='ocr_line' id='line_1_36' title="bbox 197 3382 1900 3456; baseline 0 -16"><span class='ocrx_word' id='word_1_238' title='bbox 197 3384 568 3455; x_wconf 88' lang='lat' dir='ltr'>depellendas</span> <span class='ocrx_word' id='word_1_239' title='bbox 593 3383 854 3438; x_wconf 86' lang='lat' dir='ltr'>miserias</span> <span class='ocrx_word' id='word_1_240' title='bbox 881 3384 1031 3438; x_wconf 83' lang='lat' dir='ltr'>salus</span> <span class='ocrx_word' id='word_1_241' title='bbox 1062 3383 1161 3437; x_wconf 89' lang='lat' dir='ltr'>illa</span> <span class='ocrx_word' id='word_1_242' title='bbox 1188 3382 1444 3454; x_wconf 89' lang='lat' dir='ltr'>corporis</span> <span class='ocrx_word' id='word_1_243' title='bbox 1474 3385 1641 3452; x_wconf 90' lang='lat' dir='ltr'>valet,</span> <span class='ocrx_word' id='word_1_244' title='bbox 1671 3385 1900 3456; x_wconf 46' lang='lat' dir='ltr'>Idifﬁcil-</span> 
     </span>
    </p>
   </div>
   <div class='ocr_carea' id='block_1_37' title="bbox 200 3468 1903 3541">
    <p class='ocr_par' dir='ltr' id='par_1_37' title="bbox 200 3468 1903 3541">
     <span class='ocr_line' id='line_1_37' title="bbox 200 3468 1903 3541; baseline 0 -14"><span class='ocrx_word' id='word_1_245' title='bbox 200 3472 344 3527; x_wconf 86' lang='lat' dir='ltr'>lima</span> <span class='ocrx_word' id='word_1_246' title='bbox 374 3473 611 3527; x_wconf 91' lang='lat' dir='ltr'>omnino</span> <span class='ocrx_word' id='word_1_247' title='bbox 649 3488 741 3526; x_wconf 88' lang='lat' dir='ltr'>res</span> <span class='ocrx_word' id='word_1_248' title='bbox 769 3475 870 3525; x_wconf 91' lang='lat' dir='ltr'>est.</span> <span class='ocrx_word' id='word_1_249' title='bbox 900 3474 1087 3541; x_wconf 85' lang='lat' dir='ltr'>Atque</span> <span class='ocrx_word' id='word_1_250' title='bbox 1126 3474 1189 3525; x_wconf 87' lang='lat' dir='ltr'>ut</span> <span class='ocrx_word' id='word_1_251' title='bbox 1217 3468 1277 3524; x_wconf 82' lang='lat' dir='ltr'>in</span> <span class='ocrx_word' id='word_1_252' title='bbox 1307 3486 1545 3541; x_wconf 90' lang='lat' dir='ltr'>corpore</span> <span class='ocrx_word' id='word_1_253' title='bbox 1574 3472 1903 3527; x_wconf 87' lang='lat' dir='ltr'>dicebamus</span> 
     </span>
    </p>
   </div>
   <div class='ocr_carea' id='block_1_38' title="bbox 204 3548 1901 3632">
    <p class='ocr_par' dir='ltr' id='par_1_38' title="bbox 204 3548 1901 3632">
     <span class='ocr_line' id='line_1_38' title="bbox 204 3548 1901 3632; baseline 0 -17"><span class='ocrx_word' id='word_1_254' title='bbox 204 3548 515 3616; x_wconf 61' lang='lat' dir='ltr'>aliud&#39;esse</span> <span class='ocrx_word' id='word_1_255' title='bbox 546 3560 778 3614; x_wconf 87' lang='lat' dir='ltr'>morbos</span> <span class='ocrx_word' id='word_1_256' title='bbox 811 3562 867 3614; x_wconf 91' lang='lat' dir='ltr'>et</span> <span class='ocrx_word' id='word_1_257' title='bbox 895 3560 1132 3613; x_wconf 87' lang='lat' dir='ltr'>vulnera</span> <span class='ocrx_word' id='word_1_258' title='bbox 1161 3574 1383 3628; x_wconf 88' lang='lat' dir='ltr'>curare,</span> <span class='ocrx_word' id='word_1_259' title='bbox 1412 3561 1562 3630; x_wconf 92' lang='lat' dir='ltr'>quod</span> <span class='ocrx_word' id='word_1_260' title='bbox 1604 3561 1771 3632; x_wconf 91' lang='lat' dir='ltr'>pauci</span> <span class='ocrx_word' id='word_1_261' title='bbox 1796 3561 1901 3616; x_wconf 92' lang='lat' dir='ltr'>ho-</span> 
     </span>
    </p>
   </div>
   <div class='ocr_carea' id='block_1_39' title="bbox 197 3647 1902 3718">
    <p class='ocr_par' dir='ltr' id='par_1_39' title="bbox 197 3647 1902 3718">
     <span class='ocr_line' id='line_1_39' title="bbox 197 3647 1902 3718; baseline -0.001 -14"><span class='ocrx_word' id='word_1_262' title='bbox 197 3650 386 3705; x_wconf 90' lang='lat' dir='ltr'>mines</span> <span class='ocrx_word' id='word_1_263' title='bbox 407 3649 552 3702; x_wconf 87' lang='lat' dir='ltr'>bene</span> <span class='ocrx_word' id='word_1_264' title='bbox 580 3648 765 3702; x_wconf 78' lang='lat' dir='ltr'>faCere</span> <span class='ocrx_word' id='word_1_265' title='bbox 789 3652 1061 3718; x_wconf 89' lang='lat' dir='ltr'>possunt;</span> <span class='ocrx_word' id='word_1_266' title='bbox 1083 3647 1237 3702; x_wconf 90' lang='lat' dir='ltr'>aliud</span> <span class='ocrx_word' id='word_1_267' title='bbox 1262 3652 1456 3701; x_wconf 90' lang='lat' dir='ltr'>autem</span> <span class='ocrx_word' id='word_1_268' title='bbox 1482 3648 1693 3703; x_wconf 89' lang='lat' dir='ltr'>famem</span> <span class='ocrx_word' id='word_1_269' title='bbox 1723 3649 1902 3704; x_wconf 82' lang='lat' dir='ltr'>sitim-</span> 
     </span>
    </p>
   </div>
   <div class='ocr_carea' id='block_1_40' title="bbox 198 3734 1903 3809">
    <p class='ocr_par' dir='ltr' id='par_1_40' title="bbox 198 3734 1903 3809">
     <span class='ocr_line' id='line_1_40' title="bbox 198 3734 1903 3809; baseline 0 -17"><span class='ocrx_word' id='word_1_270' title='bbox 198 3754 316 3809; x_wconf 88' lang='lat' dir='ltr'>que</span> <span class='ocrx_word' id='word_1_271' title='bbox 367 3736 579 3809; x_wconf 90' lang='lat' dir='ltr'>sopire,</span> <span class='ocrx_word' id='word_1_272' title='bbox 628 3741 683 3790; x_wconf 84' lang='lat' dir='ltr'>et</span> <span class='ocrx_word' id='word_1_273' title='bbox 721 3740 928 3791; x_wconf 59' lang='lat' dir='ltr'>caetera</span> <span class='ocrx_word' id='word_1_274' title='bbox 957 3734 1015 3789; x_wconf 91' lang='lat' dir='ltr'>in</span> <span class='ocrx_word' id='word_1_275' title='bbox 1044 3735 1251 3807; x_wconf 88' lang='lat' dir='ltr'>quibus</span> <span class='ocrx_word' id='word_1_276' title='bbox 1280 3736 1581 3792; x_wconf 89' lang='lat' dir='ltr'>subvenire</span> <span class='ocrx_word' id='word_1_277' title='bbox 1610 3737 1903 3792; x_wconf 89' lang='lat' dir='ltr'>hominem</span> 
     </span>
    </p>
   </div>
   <div class='ocr_carea' id='block_1_41' title="bbox 198 3823 1906 3895">
    <p class='ocr_par' dir='ltr' id='par_1_41' title="bbox 198 3823 1906 3895">
     <span class='ocr_line' id='line_1_41' title="bbox 198 3823 1906 3895; baseline 0 -16"><span class='ocrx_word' id='word_1_278' title='bbox 198 3823 425 3879; x_wconf 84' lang='lat' dir='ltr'>homini</span> <span class='ocrx_word' id='word_1_279' title='bbox 447 3824 617 3895; x_wconf 89' lang='lat' dir='ltr'>vulgo</span> <span class='ocrx_word' id='word_1_280' title='bbox 639 3823 966 3895; x_wconf 87' lang='lat' dir='ltr'>passimque</span> <span class='ocrx_word' id='word_1_281' title='bbox 992 3824 1349 3878; x_wconf 87' lang='lat' dir='ltr'>conceditur:</span> <span class='ocrx_word' id='word_1_282' title='bbox 1381 3824 1459 3879; x_wconf 91' lang='lat' dir='ltr'>sic</span> <span class='ocrx_word' id='word_1_283' title='bbox 1479 3824 1539 3878; x_wconf 93' lang='lat' dir='ltr'>in</span> <span class='ocrx_word' id='word_1_284' title='bbox 1565 3826 1758 3879; x_wconf 91' lang='lat' dir='ltr'>animo</span> <span class='ocrx_word' id='word_1_285' title='bbox 1773 3829 1906 3879; x_wconf 92' lang='lat' dir='ltr'>sunt</span> 
     </span>
    </p>
   </div>
   <div class='ocr_carea' id='block_1_42' title="bbox 201 3912 1906 3985">
    <p class='ocr_par' dir='ltr' id='par_1_42' title="bbox 201 3912 1906 3985">
     <span class='ocr_line' id='line_1_42' title="bbox 201 3912 1906 3985; baseline 0.002 -20"><span class='ocrx_word' id='word_1_286' title='bbox 201 3912 491 3983; x_wconf 68' lang='lat' dir='ltr'>quaedam,</span> <span class='ocrx_word' id='word_1_287' title='bbox 520 3912 580 3967; x_wconf 91' lang='lat' dir='ltr'>in</span> <span class='ocrx_word' id='word_1_288' title='bbox 610 3912 819 3983; x_wconf 92' lang='lat' dir='ltr'>quibus</span> <span class='ocrx_word' id='word_1_289' title='bbox 841 3912 1176 3967; x_wconf 87' lang='lat' dir='ltr'>excellentia</span> <span class='ocrx_word' id='word_1_290' title='bbox 1207 3912 1306 3966; x_wconf 91' lang='lat' dir='ltr'>illa</span> <span class='ocrx_word' id='word_1_291' title='bbox 1336 3916 1392 3966; x_wconf 91' lang='lat' dir='ltr'>et</span> <span class='ocrx_word' id='word_1_292' title='bbox 1419 3930 1547 3967; x_wconf 87' lang='lat' dir='ltr'>rara</span> <span class='ocrx_word' id='word_1_293' title='bbox 1575 3914 1906 3985; x_wconf 89' lang='lat' dir='ltr'>magisteria</span> 
     </span>
    </p>
   </div>
   <div class='ocr_carea' id='block_1_43' title="bbox 204 4001 1905 4069">
    <p class='ocr_par' dir='ltr' id='par_1_43' title="bbox 204 4001 1905 4069">
     <span class='ocr_line' id='line_1_43' title="bbox 204 4001 1905 4069; baseline 0.001 -13"><span class='ocrx_word' id='word_1_294' title='bbox 204 4017 321 4056; x_wconf 89' lang='lat' dir='ltr'>non</span> <span class='ocrx_word' id='word_1_295' title='bbox 352 4002 664 4056; x_wconf 89' lang='lat' dir='ltr'>admodum</span> <span class='ocrx_word' id='word_1_296' title='bbox 685 4001 1081 4065; x_wconf 81' lang='lat' dir='ltr'>desiderantur</span> <span class='ocrx_word' id='word_1_297' title='bbox 1108 4021 1122 4069; x_wconf 84' lang='lat'>;</span> <span class='ocrx_word' id='word_1_298' title='bbox 1142 4006 1209 4056; x_wconf 91' lang='lat' dir='ltr'>ut</span> <span class='ocrx_word' id='word_1_299' title='bbox 1235 4018 1366 4056; x_wconf 91' lang='lat' dir='ltr'>cum</span> <span class='ocrx_word' id='word_1_300' title='bbox 1390 4003 1693 4057; x_wconf 86' lang='lat' dir='ltr'>hortamur</span> <span class='ocrx_word' id='word_1_301' title='bbox 1714 4007 1769 4058; x_wconf 90' lang='lat' dir='ltr'>et</span> <span class='ocrx_word' id='word_1_302' title='bbox 1785 4020 1905 4058; x_wconf 92' lang='lat' dir='ltr'>mo-</span> 
     </span>
    </p>
   </div>
   <div class='ocr_carea' id='block_1_44' title="bbox 203 4089 1905 4162">
    <p class='ocr_par' dir='ltr' id='par_1_44' title="bbox 203 4089 1905 4162">
     <span class='ocr_line' id='line_1_44' title="bbox 203 4089 1905 4162; baseline 0.001 -17"><span class='ocrx_word' id='word_1_303' title='bbox 203 4106 430 4157; x_wconf 90' lang='lat' dir='ltr'>nemus,</span> <span class='ocrx_word' id='word_1_304' title='bbox 480 4094 543 4144; x_wconf 90' lang='lat' dir='ltr'>ut</span> <span class='ocrx_word' id='word_1_305' title='bbox 586 4090 710 4144; x_wconf 72' lang='lat' dir='ltr'>11th</span> <span class='ocrx_word' id='word_1_306' title='bbox 749 4089 875 4160; x_wconf 90' lang='lat' dir='ltr'>ipsa</span> <span class='ocrx_word' id='word_1_307' title='bbox 905 4090 1298 4160; x_wconf 87' lang='lat' dir='ltr'>indigentibus</span> <span class='ocrx_word' id='word_1_308' title='bbox 1345 4091 1723 4146; x_wconf 87' lang='lat' dir='ltr'>exhibeantur</span> <span class='ocrx_word' id='word_1_309' title='bbox 1773 4108 1905 4162; x_wconf 85' lang='lat' dir='ltr'>quae</span> 
     </span>
    </p>
   </div>
   <div class='ocr_carea' id='block_1_45' title="bbox 205 4177 1908 4249">
    <p class='ocr_par' dir='ltr' id='par_1_45' title="bbox 205 4177 1908 4249">
     <span class='ocr_line' id='line_1_45' title="bbox 205 4177 1908 4249; baseline 0.001 -16"><span class='ocrx_word' id='word_1_310' title='bbox 205 4178 435 4249; x_wconf 88' lang='lat' dir='ltr'>corpori</span> <span class='ocrx_word' id='word_1_311' title='bbox 466 4177 788 4232; x_wconf 85' lang='lat' dir='ltr'>exhibenda</span> <span class='ocrx_word' id='word_1_312' title='bbox 818 4193 938 4232; x_wconf 88' lang='lat' dir='ltr'>esse</span> <span class='ocrx_word' id='word_1_313' title='bbox 969 4177 1237 4232; x_wconf 81' lang='lat' dir='ltr'>diximus.</span> <span class='ocrx_word' id='word_1_314' title='bbox 1270 4178 1410 4234; x_wconf 88' lang='lat' dir='ltr'>Cum</span> <span class='ocrx_word' id='word_1_315' title='bbox 1442 4179 1598 4233; x_wconf 90' lang='lat' dir='ltr'>enim</span> <span class='ocrx_word' id='word_1_316' title='bbox 1628 4180 1749 4234; x_wconf 65' lang='grc' dir='ltr'>Ι]ωο</span> <span class='ocrx_word' id='word_1_317' title='bbox 1776 4180 1908 4234; x_wconf 90' lang='lat' dir='ltr'>faci-</span> 
     </span>
    </p>
   </div>
   <div class='ocr_carea' id='block_1_46' title="bbox 205 4264 1907 4336">
    <p class='ocr_par' dir='ltr' id='par_1_46' title="bbox 205 4264 1907 4336">
     <span class='ocr_line' id='line_1_46' title="bbox 205 4264 1907 4336; baseline -0.001 -16"><span class='ocrx_word' id='word_1_318' title='bbox 205 4282 353 4334; x_wconf 90' lang='lat' dir='ltr'>mus,</span> <span class='ocrx_word' id='word_1_319' title='bbox 383 4280 488 4336; x_wconf 91' lang='lat' dir='ltr'>ope</span> <span class='ocrx_word' id='word_1_320' title='bbox 507 4264 760 4336; x_wconf 88' lang='lat' dir='ltr'>corpori;</span> <span class='ocrx_word' id='word_1_321' title='bbox 792 4280 918 4318; x_wconf 91' lang='lat' dir='ltr'>cum</span> <span class='ocrx_word' id='word_1_322' title='bbox 950 4268 1140 4319; x_wconf 90' lang='lat' dir='ltr'>autem</span> <span class='ocrx_word' id='word_1_323' title='bbox 1161 4265 1430 4319; x_wconf 89' lang='lat' dir='ltr'>docemus</span> <span class='ocrx_word' id='word_1_324' title='bbox 1458 4269 1520 4318; x_wconf 90' lang='lat' dir='ltr'>ut</span> <span class='ocrx_word' id='word_1_325' title='bbox 1544 4264 1708 4331; x_wconf 86' lang='lat' dir='ltr'>ﬁant,</span> <span class='ocrx_word' id='word_1_326' title='bbox 1739 4266 1907 4319; x_wconf 92' lang='lat' dir='ltr'>disci-</span> 
     </span>
    </p>
   </div>
   <div class='ocr_carea' id='block_1_47' title="bbox 206 4354 1909 4427">
    <p class='ocr_par' dir='ltr' id='par_1_47' title="bbox 206 4354 1909 4427">
     <span class='ocr_line' id='line_1_47' title="bbox 206 4354 1909 4427; baseline 0 -18"><span class='ocrx_word' id='word_1_327' title='bbox 206 4356 364 4427; x_wconf 89' lang='lat' dir='ltr'>plina</span> <span class='ocrx_word' id='word_1_328' title='bbox 392 4355 586 4409; x_wconf 91' lang='lat' dir='ltr'>animo</span> <span class='ocrx_word' id='word_1_329' title='bbox 617 4355 1004 4410; x_wconf 88' lang='lat' dir='ltr'>subvenimus.</span> <span class='ocrx_word' id='word_1_330' title='bbox 1037 4355 1182 4410; x_wconf 91' lang='lat' dir='ltr'>Sunt</span> <span class='ocrx_word' id='word_1_331' title='bbox 1213 4371 1346 4410; x_wconf 89' lang='lat' dir='ltr'>vero</span> <span class='ocrx_word' id='word_1_332' title='bbox 1376 4354 1506 4422; x_wconf 90' lang='lat' dir='ltr'>alia,</span> <span class='ocrx_word' id='word_1_333' title='bbox 1539 4355 1745 4427; x_wconf 90' lang='lat' dir='ltr'>quibus</span> <span class='ocrx_word' id='word_1_334' title='bbox 1768 4356 1909 4409; x_wconf 90' lang='lat' dir='ltr'>mul-</span> 
     </span>
    </p>
   </div>
   <div class='ocr_carea' id='block_1_48' title="bbox 208 4442 1911 4515">
    <p class='ocr_par' dir='ltr' id='par_1_48' title="bbox 208 4442 1911 4515">
     <span class='ocr_line' id='line_1_48' title="bbox 208 4442 1911 4515; baseline 0.001 -18"><span class='ocrx_word' id='word_1_335' title='bbox 208 4444 412 4499; x_wconf 90' lang='lat' dir='ltr'>timodi</span> <span class='ocrx_word' id='word_1_336' title='bbox 441 4443 699 4515; x_wconf 90' lang='lat' dir='ltr'>variique</span> <span class='ocrx_word' id='word_1_337' title='bbox 729 4442 913 4498; x_wconf 88' lang='lat' dir='ltr'>morbi</span> <span class='ocrx_word' id='word_1_338' title='bbox 961 4442 1307 4510; x_wconf 89' lang='lat' dir='ltr'>animorum,</span> <span class='ocrx_word' id='word_1_339' title='bbox 1340 4458 1549 4514; x_wconf 92' lang='lat' dir='ltr'>magna</span> <span class='ocrx_word' id='word_1_340' title='bbox 1578 4443 1822 4515; x_wconf 88' lang='lat' dir='ltr'>quadam</span> <span class='ocrx_word' id='word_1_341' title='bbox 1854 4447 1911 4498; x_wconf 92' lang='lat' dir='ltr'>et</span> 
     </span>
    </p>
   </div>
   <div class='ocr_carea' id='block_1_49' title="bbox 207 4530 1911 4604">
    <p class='ocr_par' dir='ltr' id='par_1_49' title="bbox 207 4530 1911 4604">
     <span class='ocr_line' id='line_1_49' title="bbox 207 4530 1911 4604; baseline 0.001 -18"><span class='ocrx_word' id='word_1_342' title='bbox 207 4549 441 4604; x_wconf 88' lang='lat' dir='ltr'>prorsus</span> <span class='ocrx_word' id='word_1_343' title='bbox 489 4531 769 4588; x_wconf 81' lang='lat' dir='ltr'>ineffabili</span> <span class='ocrx_word' id='word_1_344' title='bbox 815 4530 1037 4586; x_wconf 88' lang='lat' dir='ltr'>ratione</span> <span class='ocrx_word' id='word_1_345' title='bbox 1098 4535 1406 4587; x_wconf 89' lang='lat' dir='ltr'>sanantur:</span> <span class='ocrx_word' id='word_1_346' title='bbox 1458 4548 1587 4603; x_wconf 73' lang='lat' dir='ltr'>qum</span> <span class='ocrx_word' id='word_1_347' title='bbox 1627 4532 1911 4587; x_wconf 87' lang='lat' dir='ltr'>medicina</span> 
     </span>
    </p>
   </div>
   <div class='ocr_carea' id='block_1_50' title="bbox 210 4620 1912 4694">
    <p class='ocr_par' dir='ltr' id='par_1_50' title="bbox 210 4620 1912 4694">
     <span class='ocr_line' id='line_1_50' title="bbox 210 4620 1912 4694; baseline -0.002 -17"><span class='ocrx_word' id='word_1_348' title='bbox 210 4621 323 4676; x_wconf 87' lang='lat' dir='ltr'>nisi</span> <span class='ocrx_word' id='word_1_349' title='bbox 366 4622 639 4677; x_wconf 88' lang='lat' dir='ltr'>divinitus</span> <span class='ocrx_word' id='word_1_350' title='bbox 685 4622 915 4694; x_wconf 90' lang='lat' dir='ltr'>populis</span> <span class='ocrx_word' id='word_1_351' title='bbox 962 4620 1309 4688; x_wconf 89' lang='lat' dir='ltr'>mitteretur,</span> <span class='ocrx_word' id='word_1_352' title='bbox 1360 4621 1520 4675; x_wconf 92' lang='lat' dir='ltr'>nulla</span> <span class='ocrx_word' id='word_1_353' title='bbox 1560 4637 1689 4691; x_wconf 90' lang='lat' dir='ltr'>spes</span> <span class='ocrx_word' id='word_1_354' title='bbox 1716 4621 1912 4676; x_wconf 90' lang='lat' dir='ltr'>salutis</span> 
     </span>
    </p>
   </div>
   <div class='ocr_carea' id='block_1_51' title="bbox 209 4708 1911 4781">
    <p class='ocr_par' dir='ltr' id='par_1_51' title="bbox 209 4708 1911 4781">
     <span class='ocr_line' id='line_1_51' title="bbox 209 4708 1911 4781; baseline 0 -17"><span class='ocrx_word' id='word_1_355' title='bbox 209 4714 377 4779; x_wconf 91' lang='lat' dir='ltr'>esset,</span> <span class='ocrx_word' id='word_1_356' title='bbox 438 4714 557 4765; x_wconf 88' lang='lat' dir='ltr'>tam</span> <span class='ocrx_word' id='word_1_357' title='bbox 615 4709 995 4765; x_wconf 84' lang='lat' dir='ltr'>immoderata</span> <span class='ocrx_word' id='word_1_358' title='bbox 1055 4708 1460 4780; x_wconf 88' lang='lat' dir='ltr'>progressione</span> <span class='ocrx_word' id='word_1_359' title='bbox 1510 4709 1911 4781; x_wconf 81' lang='lat' dir='ltr'>peccantibus;</span> 
     </span>
    </p>
   </div>
   <div class='ocr_carea' id='block_1_52' title="bbox 211 4796 1909 4869">
    <p class='ocr_par' dir='ltr' id='par_1_52' title="bbox 211 4796 1909 4869">
     <span class='ocr_line' id='line_1_52' title="bbox 211 4796 1909 4869; baseline -0.001 -17"><span class='ocrx_word' id='word_1_360' title='bbox 211 4813 545 4869; x_wconf 88' lang='lat' dir='ltr'>quanquam</span> <span class='ocrx_word' id='word_1_361' title='bbox 574 4802 631 4852; x_wconf 91' lang='lat' dir='ltr'>et</span> <span class='ocrx_word' id='word_1_362' title='bbox 672 4797 769 4852; x_wconf 89' lang='lat' dir='ltr'>illa</span> <span class='ocrx_word' id='word_1_363' title='bbox 800 4796 1073 4868; x_wconf 90' lang='lat' dir='ltr'>corporis,</span> <span class='ocrx_word' id='word_1_364' title='bbox 1107 4796 1156 4851; x_wconf 87' lang='lat' dir='ltr'>si</span> <span class='ocrx_word' id='word_1_365' title='bbox 1196 4796 1366 4851; x_wconf 91' lang='lat' dir='ltr'>altius</span> <span class='ocrx_word' id='word_1_366' title='bbox 1398 4813 1595 4852; x_wconf 89' lang='lat' dir='ltr'>rerum</span> <span class='ocrx_word' id='word_1_367' title='bbox 1627 4797 1909 4869; x_wconf 88' lang='lat' dir='ltr'>originem</span> 
     </span>
    </p>
   </div>
   <div class='ocr_carea' id='block_1_53' title="bbox 209 4885 1910 4957">
    <p class='ocr_par' dir='ltr' id='par_1_53' title="bbox 209 4885 1910 4957">
     <span class='ocr_line' id='line_1_53' title="bbox 209 4885 1910 4957; baseline -0.001 -16"><span class='ocrx_word' id='word_1_368' title='bbox 209 4889 460 4957; x_wconf 85' lang='lat' dir='ltr'>repetas,</span> <span class='ocrx_word' id='word_1_369' title='bbox 488 4902 606 4940; x_wconf 93' lang='lat' dir='ltr'>non</span> <span class='ocrx_word' id='word_1_370' title='bbox 637 4885 927 4940; x_wconf 91' lang='lat' dir='ltr'>invenitur</span> <span class='ocrx_word' id='word_1_371' title='bbox 965 4885 1114 4940; x_wconf 90' lang='lat' dir='ltr'>unde</span> <span class='ocrx_word' id='word_1_372' title='bbox 1145 4886 1214 4941; x_wconf 90' lang='lat' dir='ltr'>ad</span> <span class='ocrx_word' id='word_1_373' title='bbox 1247 4885 1510 4941; x_wconf 89' lang='lat' dir='ltr'>homines</span> <span class='ocrx_word' id='word_1_374' title='bbox 1539 4902 1771 4941; x_wconf 88' lang='lat' dir='ltr'>manare</span> <span class='ocrx_word' id='word_1_375' title='bbox 1804 4903 1910 4956; x_wconf 90' lang='lat' dir='ltr'>po-</span> 
     </span>
    </p>
   </div>
   <div class='ocr_carea' id='block_1_54' title="bbox 128 4973 1913 5046">
    <p class='ocr_par' dir='ltr' id='par_1_54' title="bbox 128 4973 1913 5046">
     <span class='ocr_line' id='line_1_54' title="bbox 128 4973 1913 5046; baseline 0 -17"><span class='ocrx_word' id='word_1_376' title='bbox 128 5005 137 5013; x_wconf 57' lang='grc' dir='ltr'><em>μ</em></span> <span class='ocrx_word' id='word_1_377' title='bbox 210 4974 413 5043; x_wconf 89' lang='lat' dir='ltr'>tuerit,</span> <span class='ocrx_word' id='word_1_378' title='bbox 444 4974 559 5029; x_wconf 91' lang='lat' dir='ltr'>nisi</span> <span class='ocrx_word' id='word_1_379' title='bbox 582 4990 616 5028; x_wconf 91' lang='lat' dir='ltr'>a</span> <span class='ocrx_word' id='word_1_380' title='bbox 646 4975 782 5041; x_wconf 89' lang='lat' dir='ltr'>Deo,</span> <span class='ocrx_word' id='word_1_381' title='bbox 816 4973 907 5029; x_wconf 90' lang='lat' dir='ltr'>cui</span> <span class='ocrx_word' id='word_1_382' title='bbox 931 4990 1126 5029; x_wconf 91' lang='lat' dir='ltr'>rerum</span> <span class='ocrx_word' id='word_1_383' title='bbox 1155 4974 1413 5029; x_wconf 89' lang='lat' dir='ltr'>omnium</span> <span class='ocrx_word' id='word_1_384' title='bbox 1443 4978 1619 5029; x_wconf 89' lang='lat' dir='ltr'>status</span> <span class='ocrx_word' id='word_1_385' title='bbox 1649 4975 1913 5046; x_wconf 89' lang='lat' dir='ltr'>salusque</span> 
     </span>
    </p>
   </div>
   <div class='ocr_carea' id='block_1_55' title="bbox 209 5061 653 5117">
    <p class='ocr_par' dir='ltr' id='par_1_55' title="bbox 209 5061 653 5117">
     <span class='ocr_line' id='line_1_55' title="bbox 209 5061 653 5117; baseline 0.002 -1"><span class='ocrx_word' id='word_1_386' title='bbox 209 5061 521 5116; x_wconf 88' lang='lat' dir='ltr'>tribuenda</span> <span class='ocrx_word' id='word_1_387' title='bbox 552 5065 653 5117; x_wconf 89' lang='lat' dir='ltr'>est.</span> 
     </span>
    </p>
   </div>
   <div class='ocr_carea' id='block_1_56' title="bbox 284 5151 1912 5224">
    <p class='ocr_par' dir='ltr' id='par_1_56' title="bbox 284 5151 1912 5224">
     <span class='ocr_line' id='line_1_56' title="bbox 284 5151 1912 5224; baseline -0.001 -16"><span class='ocrx_word' id='word_1_388' title='bbox 284 5155 372 5208; x_wconf 84' lang='lat'>56.</span> <span class='ocrx_word' id='word_1_389' title='bbox 410 5154 540 5207; x_wconf 64' lang='lat' dir='ltr'>Haec</span> <span class='ocrx_word' id='word_1_390' title='bbox 563 5156 755 5207; x_wconf 86' lang='lat' dir='ltr'>tamen</span> <span class='ocrx_word' id='word_1_391' title='bbox 783 5151 1164 5223; x_wconf 89' lang='lat' dir='ltr'>disciplinade</span> <span class='ocrx_word' id='word_1_392' title='bbox 1188 5169 1301 5224; x_wconf 89' lang='lat' dir='ltr'>qua</span> <span class='ocrx_word' id='word_1_393' title='bbox 1322 5167 1476 5207; x_wconf 92' lang='lat' dir='ltr'>nunc</span> <span class='ocrx_word' id='word_1_394' title='bbox 1505 5151 1752 5223; x_wconf 83' lang='lat' dir='ltr'>agimus,</span> <span class='ocrx_word' id='word_1_395' title='bbox 1781 5168 1912 5224; x_wconf 81' lang='lat' dir='ltr'>quae</span> 
     </span>
    </p>
   </div>
   <div class='ocr_carea' id='block_1_57' title="bbox 210 5240 1915 5312">
    <p class='ocr_par' dir='ltr' id='par_1_57' title="bbox 210 5240 1915 5312">
     <span class='ocr_line' id='line_1_57' title="bbox 210 5240 1915 5312; baseline -0.001 -15"><span class='ocrx_word' id='word_1_396' title='bbox 210 5241 391 5297; x_wconf 90' lang='lat' dir='ltr'>animi</span> <span class='ocrx_word' id='word_1_397' title='bbox 440 5240 727 5296; x_wconf 88' lang='lat' dir='ltr'>medicina</span> <span class='ocrx_word' id='word_1_398' title='bbox 755 5245 859 5309; x_wconf 89' lang='lat' dir='ltr'>est,</span> <span class='ocrx_word' id='word_1_399' title='bbox 908 5246 1187 5312; x_wconf 89' lang='lat' dir='ltr'>quantum</span> <span class='ocrx_word' id='word_1_400' title='bbox 1216 5240 1522 5312; x_wconf 79' lang='lat' dir='ltr'>Scripturis</span> <span class='ocrx_word' id='word_1_401' title='bbox 1544 5240 1681 5312; x_wconf 88' lang='lat' dir='ltr'>ipsis</span> <span class='ocrx_word' id='word_1_402' title='bbox 1710 5241 1915 5295; x_wconf 82' lang='lat' dir='ltr'>divinis</span> 
     </span>
    </p>
   </div>
   <div class='ocr_carea' id='block_1_58' title="bbox 212 5328 1914 5401">
    <p class='ocr_par' dir='ltr' id='par_1_58' title="bbox 212 5328 1914 5401">
     <span class='ocr_line' id='line_1_58' title="bbox 212 5328 1914 5401; baseline -0.002 -15"><span class='ocrx_word' id='word_1_403' title='bbox 212 5328 404 5401; x_wconf 90' lang='lat' dir='ltr'>colligi</span> <span class='ocrx_word' id='word_1_404' title='bbox 438 5330 589 5397; x_wconf 90' lang='lat' dir='ltr'>licet,</span> <span class='ocrx_word' id='word_1_405' title='bbox 625 5329 688 5383; x_wconf 92' lang='lat' dir='ltr'>in</span> <span class='ocrx_word' id='word_1_406' title='bbox 719 5329 832 5384; x_wconf 91' lang='lat' dir='ltr'>duo</span> <span class='ocrx_word' id='word_1_407' title='bbox 862 5329 1255 5397; x_wconf 88' lang='lat' dir='ltr'>distribuitur;</span> <span class='ocrx_word' id='word_1_408' title='bbox 1287 5329 1708 5398; x_wconf 89' lang='lat' dir='ltr'>coercitionem,</span> <span class='ocrx_word' id='word_1_409' title='bbox 1742 5334 1797 5383; x_wconf 92' lang='lat' dir='ltr'>et</span> <span class='ocrx_word' id='word_1_410' title='bbox 1824 5329 1914 5383; x_wconf 91' lang='lat' dir='ltr'>in-</span> 
     </span>
    </p>
   </div>
   <div class='ocr_carea' id='block_1_59' title="bbox 214 5417 1919 5485">
    <p class='ocr_par' dir='ltr' id='par_1_59' title="bbox 214 5417 1919 5485">
     <span class='ocr_line' id='line_1_59' title="bbox 214 5417 1919 5485; baseline -0.001 -12"><span class='ocrx_word' id='word_1_411' title='bbox 214 5418 611 5475; x_wconf 87' lang='lat' dir='ltr'>structionem.</span> <span class='ocrx_word' id='word_1_412' title='bbox 648 5417 927 5474; x_wconf 89' lang='lat' dir='ltr'>Coercitio</span> <span class='ocrx_word' id='word_1_413' title='bbox 970 5418 1198 5485; x_wconf 91' lang='lat' dir='ltr'>timore,</span> <span class='ocrx_word' id='word_1_414' title='bbox 1232 5418 1535 5474; x_wconf 84' lang='lat' dir='ltr'>instructio</span> <span class='ocrx_word' id='word_1_415' title='bbox 1565 5434 1698 5473; x_wconf 89' lang='lat' dir='ltr'>vero</span> <span class='ocrx_word' id='word_1_416' title='bbox 1727 5434 1919 5474; x_wconf 90' lang='lat' dir='ltr'>amore</span> 
     </span>
    </p>
   </div>
   <div class='ocr_carea' id='block_1_60' title="bbox 279 5515 1321 5579">
    <p class='ocr_par' dir='ltr' id='par_1_60' title="bbox 279 5515 1321 5579">
     <span class='ocr_line' id='line_1_60' title="bbox 279 5515 1321 5579; baseline -0.001 -12"><span class='ocrx_word' id='word_1_417' title='bbox 279 5515 351 5579; x_wconf 84' lang='lat' dir='ltr'>(a)</span> <span class='ocrx_word' id='word_1_418' title='bbox 370 5516 487 5567; x_wconf 90' lang='lat' dir='ltr'>Vid.</span> <span class='ocrx_word' id='word_1_419' title='bbox 515 5516 742 5567; x_wconf 81' lang='lat' dir='ltr'>Retract.</span> <span class='ocrx_word' id='word_1_420' title='bbox 773 5515 864 5566; x_wconf 88' lang='lat' dir='ltr'>lib.</span> <span class='ocrx_word' id='word_1_421' title='bbox 899 5518 943 5577; x_wconf 87' lang='grc'>1,</span> <span class='ocrx_word' id='word_1_422' title='bbox 975 5529 1087 5579; x_wconf 88' lang='lat' dir='ltr'>cap.</span> <span class='ocrx_word' id='word_1_423' title='bbox 1110 5517 1160 5565; x_wconf 86' lang='lat'>7.</span> <span class='ocrx_word' id='word_1_424' title='bbox 1189 5529 1244 5565; x_wconf 93' lang='lat' dir='ltr'>n.</span> <span class='ocrx_word' id='word_1_425' title='bbox 1278 5517 1321 5566; x_wconf 78' lang='grc'>4.</span> 
     </span>
    </p>
   </div>
   <div class='ocr_carea' id='block_1_61' title="bbox 1620 264 2247 322">
    <p class='ocr_par' dir='ltr' id='par_1_61' title="bbox 1620 264 2247 322">
     <span class='ocr_line' id='line_1_61' title="bbox 1620 264 2247 322; baseline -0.002 -3"><span class='ocrx_word' id='word_1_426' title='bbox 1620 276 1627 283; x_wconf 82' lang='lat'><strong>‘</strong></span> <span class='ocrx_word' id='word_1_427' title='bbox 1700 264 1910 321; x_wconf 81' lang='lat' dir='ltr'>LIBER</span> <span class='ocrx_word' id='word_1_428' title='bbox 1965 264 2247 322; x_wconf 78' lang='lat' dir='ltr'>PRIMUS.</span> 
     </span>
    </p>
   </div>
   <div class='ocr_carea' id='block_1_62' title="bbox 3580 269 3716 323">
    <p class='ocr_par' dir='ltr' id='par_1_62' title="bbox 3580 269 3716 323">
     <span class='ocr_line' id='line_1_62' title="bbox 3580 269 3716 323; baseline 0.022 -2"><span class='ocrx_word' id='word_1_429' title='bbox 3580 269 3716 323; x_wconf 79' lang='grc'><strong>1334</strong></span> 
     </span>
    </p>
   </div>
   <div class='ocr_carea' id='block_1_63' title="bbox 2016 387 3709 461">
    <p class='ocr_par' dir='ltr' id='par_1_63' title="bbox 2016 387 3709 461">
     <span class='ocr_line' id='line_1_63' title="bbox 2016 387 3709 461; baseline 0.005 -19"><span class='ocrx_word' id='word_1_430' title='bbox 2016 387 2330 460; x_wconf 87' lang='lat' dir='ltr'>perﬁcitur,</span> <span class='ocrx_word' id='word_1_431' title='bbox 2359 388 2480 458; x_wconf 86' lang='lat' dir='ltr'>ejus</span> <span class='ocrx_word' id='word_1_432' title='bbox 2519 388 2642 443; x_wconf 90' lang='lat' dir='ltr'>dico</span> <span class='ocrx_word' id='word_1_433' title='bbox 2681 388 2773 443; x_wconf 93' lang='lat' dir='ltr'>cui</span> <span class='ocrx_word' id='word_1_434' title='bbox 2809 404 2914 461; x_wconf 90' lang='lat' dir='ltr'>per</span> <span class='ocrx_word' id='word_1_435' title='bbox 2941 389 3298 461; x_wconf 88' lang='lat' dir='ltr'>disciplinam</span> <span class='ocrx_word' id='word_1_436' title='bbox 3346 390 3709 450; x_wconf 76' lang='lat' dir='ltr'>subvenitur‘:</span> 
     </span>
    </p>
   </div>
   <div class='ocr_carea' id='block_1_64' title="bbox 2019 476 3713 550">
    <p class='ocr_par' dir='ltr' id='par_1_64' title="bbox 2019 476 3713 550">
     <span class='ocr_line' id='line_1_64' title="bbox 2019 476 3713 550; baseline 0.004 -19"><span class='ocrx_word' id='word_1_437' title='bbox 2019 492 2154 531; x_wconf 89' lang='lat' dir='ltr'>nam</span> <span class='ocrx_word' id='word_1_438' title='bbox 2204 476 2303 548; x_wconf 89' lang='lat' dir='ltr'>qui</span> <span class='ocrx_word' id='word_1_439' title='bbox 2350 477 2627 542; x_wconf 85' lang='lat' dir='ltr'>subvenit,</span> <span class='ocrx_word' id='word_1_440' title='bbox 2679 476 2823 532; x_wconf 89' lang='lat' dir='ltr'>nihil</span> <span class='ocrx_word' id='word_1_441' title='bbox 2869 479 3075 534; x_wconf 89' lang='lat' dir='ltr'>horum</span> <span class='ocrx_word' id='word_1_442' title='bbox 3102 482 3346 535; x_wconf 90' lang='lat' dir='ltr'>duorum</span> <span class='ocrx_word' id='word_1_443' title='bbox 3382 481 3572 550; x_wconf 89' lang='lat' dir='ltr'>habet,</span> <span class='ocrx_word' id='word_1_444' title='bbox 3603 484 3713 538; x_wconf 89' lang='lat' dir='ltr'>nisi</span> 
     </span>
    </p>
   </div>
   <div class='ocr_carea' id='block_1_65' title="bbox 2017 565 3711 643">
    <p class='ocr_par' dir='ltr' id='par_1_65' title="bbox 2017 565 3711 643">
     <span class='ocr_line' id='line_1_65' title="bbox 2017 565 3711 643; baseline 0.004 -23"><span class='ocrx_word' id='word_1_445' title='bbox 2017 581 2227 620; x_wconf 90' lang='lat' dir='ltr'>amare.</span> <span class='ocrx_word' id='word_1_446' title='bbox 2255 565 2317 619; x_wconf 93' lang='lat' dir='ltr'>In</span> <span class='ocrx_word' id='word_1_447' title='bbox 2347 565 2437 619; x_wconf 90' lang='lat' dir='ltr'>his</span> <span class='ocrx_word' id='word_1_448' title='bbox 2467 565 2691 620; x_wconf 88' lang='lat' dir='ltr'>duobus</span> <span class='ocrx_word' id='word_1_449' title='bbox 2722 567 2866 619; x_wconf 91' lang='lat' dir='ltr'>Deus</span> <span class='ocrx_word' id='word_1_450' title='bbox 2890 567 3033 637; x_wconf 91' lang='lat' dir='ltr'>ipse,</span> <span class='ocrx_word' id='word_1_451' title='bbox 3069 568 3230 638; x_wconf 91' lang='lat' dir='ltr'>cujus</span> <span class='ocrx_word' id='word_1_452' title='bbox 3258 568 3509 624; x_wconf 90' lang='lat' dir='ltr'>bonitate</span> <span class='ocrx_word' id='word_1_453' title='bbox 3540 576 3711 643; x_wconf 87' lang='lat' dir='ltr'>atque</span> 
     </span>
    </p>
   </div>
   <div class='ocr_carea' id='block_1_66' title="bbox 2016 653 3710 724">
    <p class='ocr_par' dir='ltr' id='par_1_66' title="bbox 2016 653 3710 724">
     <span class='ocr_line' id='line_1_66' title="bbox 2016 653 3710 724; baseline 0.004 -16"><span class='ocrx_word' id='word_1_454' title='bbox 2016 653 2321 708; x_wconf 89' lang='lat' dir='ltr'>clementia</span> <span class='ocrx_word' id='word_1_455' title='bbox 2350 653 2417 707; x_wconf 85' lang='lat' dir='ltr'>lit</span> <span class='ocrx_word' id='word_1_456' title='bbox 2441 654 2674 708; x_wconf 89' lang='lat' dir='ltr'>omnino</span> <span class='ocrx_word' id='word_1_457' title='bbox 2704 658 2767 707; x_wconf 93' lang='lat' dir='ltr'>ut</span> <span class='ocrx_word' id='word_1_458' title='bbox 2796 655 3013 724; x_wconf 90' lang='lat' dir='ltr'>aliquid</span> <span class='ocrx_word' id='word_1_459' title='bbox 3047 656 3246 719; x_wconf 87' lang='lat' dir='ltr'>simus,</span> <span class='ocrx_word' id='word_1_460' title='bbox 3277 657 3498 713; x_wconf 91' lang='lat' dir='ltr'>duobus</span> <span class='ocrx_word' id='word_1_461' title='bbox 3518 661 3710 714; x_wconf 87' lang='lat' dir='ltr'>Testa-</span> 
     </span>
    </p>
   </div>
   <div class='ocr_carea' id='block_1_67' title="bbox 2016 742 3708 817">
    <p class='ocr_par' dir='ltr' id='par_1_67' title="bbox 2016 742 3708 817">
     <span class='ocr_line' id='line_1_67' title="bbox 2016 742 3708 817; baseline 0.002 -20"><span class='ocrx_word' id='word_1_462' title='bbox 2016 742 2243 808; x_wconf 89' lang='lat' dir='ltr'>mentis,</span> <span class='ocrx_word' id='word_1_463' title='bbox 2274 744 2473 796; x_wconf 88' lang='lat' dir='ltr'>Vetere</span> <span class='ocrx_word' id='word_1_464' title='bbox 2505 747 2558 796; x_wconf 91' lang='lat' dir='ltr'>et</span> <span class='ocrx_word' id='word_1_465' title='bbox 2585 743 2760 811; x_wconf 88' lang='lat' dir='ltr'>Novo,</span> <span class='ocrx_word' id='word_1_466' title='bbox 2789 742 3103 814; x_wconf 74' lang='lat' dir='ltr'>disciplinm</span> <span class='ocrx_word' id='word_1_467' title='bbox 3136 745 3299 798; x_wconf 89' lang='lat' dir='ltr'>nobis</span> <span class='ocrx_word' id='word_1_468' title='bbox 3324 748 3582 817; x_wconf 89' lang='lat' dir='ltr'>regulam</span> <span class='ocrx_word' id='word_1_469' title='bbox 3611 748 3708 803; x_wconf 89' lang='lat' dir='ltr'>de-</span> 
     </span>
    </p>
   </div>
   <div class='ocr_carea' id='block_1_68' title="bbox 2018 831 3710 905">
    <p class='ocr_par' dir='ltr' id='par_1_68' title="bbox 2018 831 3710 905">
     <span class='ocr_line' id='line_1_68' title="bbox 2018 831 3710 905; baseline 0.003 -20"><span class='ocrx_word' id='word_1_470' title='bbox 2018 831 2120 885; x_wconf 92' lang='lat' dir='ltr'>dit.</span> <span class='ocrx_word' id='word_1_471' title='bbox 2143 831 2480 902; x_wconf 89' lang='lat' dir='ltr'>Quanquam</span> <span class='ocrx_word' id='word_1_472' title='bbox 2496 831 2647 885; x_wconf 90' lang='lat' dir='ltr'>enim</span> <span class='ocrx_word' id='word_1_473' title='bbox 2669 835 2975 902; x_wconf 90' lang='lat' dir='ltr'>utrumque</span> <span class='ocrx_word' id='word_1_474' title='bbox 2988 831 3050 885; x_wconf 92' lang='lat' dir='ltr'>in</span> <span class='ocrx_word' id='word_1_475' title='bbox 3063 836 3304 903; x_wconf 87' lang='lat' dir='ltr'>utroque</span> <span class='ocrx_word' id='word_1_476' title='bbox 3325 835 3414 901; x_wconf 86' lang='lat' dir='ltr'>sit,</span> <span class='ocrx_word' id='word_1_477' title='bbox 3438 838 3710 905; x_wconf 66' lang='lat' dir='ltr'>praevalet</span> 
     </span>
    </p>
   </div>
   <div class='ocr_carea' id='block_1_69' title="bbox 2014 918 3706 992">
    <p class='ocr_par' dir='ltr' id='par_1_69' title="bbox 2014 918 3706 992">
     <span class='ocr_line' id='line_1_69' title="bbox 2014 918 3706 992; baseline 0.004 -20"><span class='ocrx_word' id='word_1_478' title='bbox 2014 923 2208 973; x_wconf 88' lang='lat' dir='ltr'>tamen</span> <span class='ocrx_word' id='word_1_479' title='bbox 2235 920 2296 973; x_wconf 90' lang='lat' dir='ltr'>in</span> <span class='ocrx_word' id='word_1_480' title='bbox 2326 921 2522 974; x_wconf 88' lang='lat' dir='ltr'>Vetere</span> <span class='ocrx_word' id='word_1_481' title='bbox 2550 918 2745 986; x_wconf 86' lang='lat' dir='ltr'>timor,</span> <span class='ocrx_word' id='word_1_482' title='bbox 2768 936 2927 973; x_wconf 88' lang='lat' dir='ltr'>amor</span> <span class='ocrx_word' id='word_1_483' title='bbox 2948 919 3007 973; x_wconf 91' lang='lat' dir='ltr'>in</span> <span class='ocrx_word' id='word_1_484' title='bbox 3042 922 3196 974; x_wconf 81' lang='lat' dir='ltr'>Novo</span> <span class='ocrx_word' id='word_1_485' title='bbox 3221 937 3234 975; x_wconf 88' lang='lat'>:</span> <span class='ocrx_word' id='word_1_486' title='bbox 3264 938 3392 992; x_wconf 63' lang='lat' dir='ltr'>quae</span> <span class='ocrx_word' id='word_1_487' title='bbox 3418 923 3499 976; x_wconf 90' lang='lat' dir='ltr'>ibi</span> <span class='ocrx_word' id='word_1_488' title='bbox 3528 925 3706 978; x_wconf 84' lang='lat' dir='ltr'>servi—</span> 
     </span>
    </p>
   </div>
   <div class='ocr_carea' id='block_1_70' title="bbox 2014 1006 3709 1081">
    <p class='ocr_par' dir='ltr' id='par_1_70' title="bbox 2014 1006 3709 1081">
     <span class='ocr_line' id='line_1_70' title="bbox 2014 1006 3709 1081; baseline 0.002 -20"><span class='ocrx_word' id='word_1_489' title='bbox 2014 1012 2105 1061; x_wconf 90' lang='lat' dir='ltr'>tus</span> <span class='ocrx_word' id='word_1_490' title='bbox 2136 1009 2173 1075; x_wconf 57' lang='lat'>1,</span> <span class='ocrx_word' id='word_1_491' title='bbox 2203 1006 2296 1062; x_wconf 91' lang='lat' dir='ltr'>hic</span> <span class='ocrx_word' id='word_1_492' title='bbox 2325 1008 2553 1062; x_wconf 90' lang='lat' dir='ltr'>libertas</span> <span class='ocrx_word' id='word_1_493' title='bbox 2574 1008 2643 1062; x_wconf 90' lang='lat' dir='ltr'>ab</span> <span class='ocrx_word' id='word_1_494' title='bbox 2665 1008 3322 1079; x_wconf 64' lang='lat' dir='ltr'>Apostolispraadicatur.</span> <span class='ocrx_word' id='word_1_495' title='bbox 3355 1011 3433 1064; x_wconf 89' lang='lat' dir='ltr'>De</span> <span class='ocrx_word' id='word_1_496' title='bbox 3465 1027 3709 1081; x_wconf 89' lang='lat' dir='ltr'>quorum</span> 
     </span>
    </p>
   </div>
   <div class='ocr_carea' id='block_1_71' title="bbox 2014 1095 3709 1169">
    <p class='ocr_par' dir='ltr' id='par_1_71' title="bbox 2014 1095 3709 1169">
     <span class='ocr_line' id='line_1_71' title="bbox 2014 1095 3709 1169; baseline 0.003 -21"><span class='ocrx_word' id='word_1_497' title='bbox 2014 1096 2506 1150; x_wconf 87' lang='lat' dir='ltr'>Testamentorum</span> <span class='ocrx_word' id='word_1_498' title='bbox 2536 1095 2862 1150; x_wconf 88' lang='lat' dir='ltr'>admirabili</span> <span class='ocrx_word' id='word_1_499' title='bbox 2892 1095 3145 1166; x_wconf 89' lang='lat' dir='ltr'>quodam</span> <span class='ocrx_word' id='word_1_500' title='bbox 3171 1097 3369 1151; x_wconf 90' lang='lat' dir='ltr'>ordine</span> <span class='ocrx_word' id='word_1_501' title='bbox 3402 1097 3709 1169; x_wconf 90' lang='lat' dir='ltr'>divinoquc</span> 
     </span>
    </p>
   </div>
   <div class='ocr_carea' id='block_1_72' title="bbox 2016 1183 3711 1256">
    <p class='ocr_par' dir='ltr' id='par_1_72' title="bbox 2016 1183 3711 1256">
     <span class='ocr_line' id='line_1_72' title="bbox 2016 1183 3711 1256; baseline 0.002 -19"><span class='ocrx_word' id='word_1_502' title='bbox 2016 1189 2311 1250; x_wconf 90' lang='lat' dir='ltr'>concentu,</span> <span class='ocrx_word' id='word_1_503' title='bbox 2361 1183 2761 1254; x_wconf 89' lang='lat' dir='ltr'>longissimum</span> <span class='ocrx_word' id='word_1_504' title='bbox 2809 1188 2891 1236; x_wconf 91' lang='lat' dir='ltr'>est</span> <span class='ocrx_word' id='word_1_505' title='bbox 2939 1184 3145 1251; x_wconf 89' lang='lat' dir='ltr'>dicere,</span> <span class='ocrx_word' id='word_1_506' title='bbox 3178 1189 3232 1239; x_wconf 92' lang='lat' dir='ltr'>et</span> <span class='ocrx_word' id='word_1_507' title='bbox 3262 1185 3428 1239; x_wconf 85' lang='lat' dir='ltr'>multi</span> <span class='ocrx_word' id='word_1_508' title='bbox 3460 1186 3711 1256; x_wconf 86' lang='lat' dir='ltr'>religiosi</span> 
     </span>
    </p>
   </div>
   <div class='ocr_carea' id='block_1_73' title="bbox 2015 1272 3712 1344">
    <p class='ocr_par' dir='ltr' id='par_1_73' title="bbox 2015 1272 3712 1344">
     <span class='ocr_line' id='line_1_73' title="bbox 2015 1272 3712 1344; baseline 0.001 -17"><span class='ocrx_word' id='word_1_509' title='bbox 2015 1273 2281 1344; x_wconf 80' lang='lat' dir='ltr'>doctique</span> <span class='ocrx_word' id='word_1_510' title='bbox 2326 1272 2611 1327; x_wconf 82' lang='lat' dir='ltr'>dixerunt.</span> <span class='ocrx_word' id='word_1_511' title='bbox 2658 1272 2858 1326; x_wconf 85' lang='lat' dir='ltr'>Multos</span> <span class='ocrx_word' id='word_1_512' title='bbox 2902 1272 3078 1326; x_wconf 87' lang='lat' dir='ltr'>libros</span> <span class='ocrx_word' id='word_1_513' title='bbox 3109 1289 3197 1328; x_wconf 89' lang='lat' dir='ltr'>res</span> <span class='ocrx_word' id='word_1_514' title='bbox 3243 1274 3349 1327; x_wconf 84' lang='lat' dir='ltr'>ista</span> <span class='ocrx_word' id='word_1_515' title='bbox 3377 1274 3616 1344; x_wconf 86' lang='lat' dir='ltr'>ﬂagitat,</span> <span class='ocrx_word' id='word_1_516' title='bbox 3652 1280 3712 1329; x_wconf 90' lang='lat' dir='ltr'>ut</span> 
     </span>
    </p>
   </div>
   <div class='ocr_carea' id='block_1_74' title="bbox 2011 1359 3713 1431">
    <p class='ocr_par' dir='ltr' id='par_1_74' title="bbox 2011 1359 3713 1431">
     <span class='ocr_line' id='line_1_74' title="bbox 2011 1359 3713 1431; baseline 0.002 -17"><span class='ocrx_word' id='word_1_517' title='bbox 2011 1376 2117 1431; x_wconf 92' lang='lat' dir='ltr'>pro</span> <span class='ocrx_word' id='word_1_518' title='bbox 2148 1359 2371 1427; x_wconf 88' lang='lat' dir='ltr'>merito,</span> <span class='ocrx_word' id='word_1_519' title='bbox 2404 1363 2684 1430; x_wconf 89' lang='lat' dir='ltr'>quantum</span> <span class='ocrx_word' id='word_1_520' title='bbox 2732 1359 2802 1414; x_wconf 91' lang='lat' dir='ltr'>ab</span> <span class='ocrx_word' id='word_1_521' title='bbox 2848 1359 3081 1413; x_wconf 91' lang='lat' dir='ltr'>homine</span> <span class='ocrx_word' id='word_1_522' title='bbox 3121 1364 3327 1431; x_wconf 90' lang='lat' dir='ltr'>potest,</span> <span class='ocrx_word' id='word_1_523' title='bbox 3359 1361 3626 1429; x_wconf 82' lang='lat' dir='ltr'>explicari</span> <span class='ocrx_word' id='word_1_524' title='bbox 3658 1366 3713 1417; x_wconf 90' lang='lat' dir='ltr'>et</span> 
     </span>
    </p>
   </div>
   <div class='ocr_carea' id='block_1_75' title="bbox 2011 1447 3712 1521">
    <p class='ocr_par' dir='ltr' id='par_1_75' title="bbox 2011 1447 3712 1521">
     <span class='ocr_line' id='line_1_75' title="bbox 2011 1447 3712 1521; baseline 0.002 -19"><span class='ocrx_word' id='word_1_525' title='bbox 2011 1448 2316 1518; x_wconf 60' lang='lat' dir='ltr'>praedicari</span> <span class='ocrx_word' id='word_1_526' title='bbox 2369 1451 2559 1519; x_wconf 89' lang='lat' dir='ltr'>queat.</span> <span class='ocrx_word' id='word_1_527' title='bbox 2606 1447 2714 1511; x_wconf 85' lang='lat' dir='ltr'>Qui</span> <span class='ocrx_word' id='word_1_528' title='bbox 2764 1463 2899 1518; x_wconf 90' lang='lat' dir='ltr'>ergo</span> <span class='ocrx_word' id='word_1_529' title='bbox 2948 1447 3137 1518; x_wconf 85' lang='lat' dir='ltr'>diligit</span> <span class='ocrx_word' id='word_1_530' title='bbox 3181 1449 3529 1519; x_wconf 83' lang='lat' dir='ltr'>proximum,</span> <span class='ocrx_word' id='word_1_531' title='bbox 3592 1451 3712 1521; x_wconf 89' lang='lat' dir='ltr'>agit</span> 
     </span>
    </p>
   </div>
   <div class='ocr_carea' id='block_1_76' title="bbox 2012 1534 3705 1607">
    <p class='ocr_par' dir='ltr' id='par_1_76' title="bbox 2012 1534 3705 1607">
     <span class='ocr_line' id='line_1_76' title="bbox 2012 1534 3705 1607; baseline 0.001 -16"><span class='ocrx_word' id='word_1_532' title='bbox 2012 1540 2292 1607; x_wconf 87' lang='lat' dir='ltr'>quantum</span> <span class='ocrx_word' id='word_1_533' title='bbox 2321 1539 2512 1607; x_wconf 90' lang='lat' dir='ltr'>potest</span> <span class='ocrx_word' id='word_1_534' title='bbox 2538 1539 2603 1590; x_wconf 91' lang='lat' dir='ltr'>ut</span> <span class='ocrx_word' id='word_1_535' title='bbox 2650 1534 2834 1589; x_wconf 89' lang='lat' dir='ltr'>salvus</span> <span class='ocrx_word' id='word_1_536' title='bbox 2876 1550 3115 1606; x_wconf 86' lang='lat' dir='ltr'>corpore</span> <span class='ocrx_word' id='word_1_537' title='bbox 3162 1536 3464 1607; x_wconf 90' lang='lat' dir='ltr'>salvusque</span> <span class='ocrx_word' id='word_1_538' title='bbox 3512 1538 3705 1593; x_wconf 91' lang='lat' dir='ltr'>animo</span> 
     </span>
    </p>
   </div>
   <div class='ocr_carea' id='block_1_77' title="bbox 2011 1623 3709 1695">
    <p class='ocr_par' dir='ltr' id='par_1_77' title="bbox 2011 1623 3709 1695">
     <span class='ocr_line' id='line_1_77' title="bbox 2011 1623 3709 1695; baseline 0.001 -16"><span class='ocrx_word' id='word_1_539' title='bbox 2011 1625 2084 1680; x_wconf 90' lang='lat' dir='ltr'>sit</span> <span class='ocrx_word' id='word_1_540' title='bbox 2111 1642 2123 1680; x_wconf 90' lang='lat'><strong>:</strong></span> <span class='ocrx_word' id='word_1_541' title='bbox 2151 1626 2248 1680; x_wconf 87' lang='lat' dir='ltr'>sed</span> <span class='ocrx_word' id='word_1_542' title='bbox 2274 1640 2410 1680; x_wconf 91' lang='lat' dir='ltr'>cura</span> <span class='ocrx_word' id='word_1_543' title='bbox 2437 1623 2691 1695; x_wconf 89' lang='lat' dir='ltr'>corporis</span> <span class='ocrx_word' id='word_1_544' title='bbox 2721 1624 2794 1678; x_wconf 91' lang='lat' dir='ltr'>ad</span> <span class='ocrx_word' id='word_1_545' title='bbox 2832 1623 3131 1678; x_wconf 89' lang='lat' dir='ltr'>sanitatem</span> <span class='ocrx_word' id='word_1_546' title='bbox 3182 1623 3361 1678; x_wconf 90' lang='lat' dir='ltr'>animi</span> <span class='ocrx_word' id='word_1_547' title='bbox 3408 1623 3709 1680; x_wconf 82' lang='lat' dir='ltr'>referenda</span> 
     </span>
    </p>
   </div>
   <div class='ocr_carea' id='block_1_78' title="bbox 2015 1712 3705 1784">
    <p class='ocr_par' dir='ltr' id='par_1_78' title="bbox 2015 1712 3705 1784">
     <span class='ocr_line' id='line_1_78' title="bbox 2015 1712 3705 1784; baseline -0.001 -16"><span class='ocrx_word' id='word_1_548' title='bbox 2015 1717 2118 1770; x_wconf 91' lang='lat' dir='ltr'>est.</span> <span class='ocrx_word' id='word_1_549' title='bbox 2148 1713 2283 1784; x_wconf 84' lang='lat' dir='ltr'>Agit</span> <span class='ocrx_word' id='word_1_550' title='bbox 2312 1728 2447 1783; x_wconf 91' lang='lat' dir='ltr'>ergo</span> <span class='ocrx_word' id='word_1_551' title='bbox 2490 1713 2577 1767; x_wconf 89' lang='lat' dir='ltr'>his</span> <span class='ocrx_word' id='word_1_552' title='bbox 2626 1712 2919 1783; x_wconf 89' lang='lat' dir='ltr'>gradibus,</span> <span class='ocrx_word' id='word_1_553' title='bbox 2963 1712 3114 1783; x_wconf 90' lang='lat' dir='ltr'>quod</span> <span class='ocrx_word' id='word_1_554' title='bbox 3148 1713 3405 1768; x_wconf 90' lang='lat' dir='ltr'>animum</span> <span class='ocrx_word' id='word_1_555' title='bbox 3435 1714 3705 1783; x_wconf 89' lang='lat' dir='ltr'>pertinet,</span> 
     </span>
    </p>
   </div>
   <div class='ocr_carea' id='block_1_79' title="bbox 2010 1797 3711 1871">
    <p class='ocr_par' dir='ltr' id='par_1_79' title="bbox 2010 1797 3711 1871">
     <span class='ocr_line' id='line_1_79' title="bbox 2010 1797 3711 1871; baseline -0.001 -15"><span class='ocrx_word' id='word_1_556' title='bbox 2010 1806 2076 1856; x_wconf 90' lang='lat' dir='ltr'>ut</span> <span class='ocrx_word' id='word_1_557' title='bbox 2102 1801 2291 1871; x_wconf 90' lang='lat' dir='ltr'>primo</span> <span class='ocrx_word' id='word_1_558' title='bbox 2321 1801 2539 1870; x_wconf 85' lang='lat' dir='ltr'>timeat,</span> <span class='ocrx_word' id='word_1_559' title='bbox 2569 1800 2775 1855; x_wconf 90' lang='lat' dir='ltr'>deinde</span> <span class='ocrx_word' id='word_1_560' title='bbox 2805 1797 3007 1871; x_wconf 84' lang='lat' dir='ltr'>diligat</span> <span class='ocrx_word' id='word_1_561' title='bbox 3031 1802 3229 1854; x_wconf 84' lang='lat' dir='ltr'>Deum.</span> <span class='ocrx_word' id='word_1_562' title='bbox 3264 1800 3332 1855; x_wconf 86' lang='lat' dir='ltr'>Hi</span> <span class='ocrx_word' id='word_1_563' title='bbox 3364 1817 3552 1855; x_wconf 91' lang='lat' dir='ltr'>mores</span> <span class='ocrx_word' id='word_1_564' title='bbox 3577 1807 3711 1856; x_wconf 89' lang='lat' dir='ltr'>sunt</span> 
     </span>
    </p>
   </div>
   <div class='ocr_carea' id='block_1_80' title="bbox 2012 1888 3707 1963">
    <p class='ocr_par' dir='ltr' id='par_1_80' title="bbox 2012 1888 3707 1963">
     <span class='ocr_line' id='line_1_80' title="bbox 2012 1888 3707 1963; baseline 0 -17"><span class='ocrx_word' id='word_1_565' title='bbox 2012 1890 2236 1963; x_wconf 89' lang='lat' dir='ltr'>optimi,</span> <span class='ocrx_word' id='word_1_566' title='bbox 2269 1906 2374 1961; x_wconf 88' lang='lat' dir='ltr'>per</span> <span class='ocrx_word' id='word_1_567' title='bbox 2402 1906 2547 1962; x_wconf 88' lang='lat' dir='ltr'>quos</span> <span class='ocrx_word' id='word_1_568' title='bbox 2574 1888 2742 1945; x_wconf 91' lang='lat' dir='ltr'>nobis</span> <span class='ocrx_word' id='word_1_569' title='bbox 2772 1889 2944 1943; x_wconf 90' lang='lat' dir='ltr'>etiam</span> <span class='ocrx_word' id='word_1_570' title='bbox 2970 1889 3094 1959; x_wconf 90' lang='lat' dir='ltr'>ipsa</span> <span class='ocrx_word' id='word_1_571' title='bbox 3115 1890 3400 1960; x_wconf 86' lang='lat' dir='ltr'>provenit,</span> <span class='ocrx_word' id='word_1_572' title='bbox 3432 1891 3503 1945; x_wconf 89' lang='lat' dir='ltr'>ad</span> <span class='ocrx_word' id='word_1_573' title='bbox 3536 1907 3707 1963; x_wconf 90' lang='lat' dir='ltr'>quam</span> 
     </span>
    </p>
   </div>
   <div class='ocr_carea' id='block_1_81' title="bbox 2013 1976 3258 2048">
    <p class='ocr_par' dir='ltr' id='par_1_81' title="bbox 2013 1976 3258 2048">
     <span class='ocr_line' id='line_1_81' title="bbox 2013 1976 3258 2048; baseline 0 -16"><span class='ocrx_word' id='word_1_574' title='bbox 2013 1978 2175 2032; x_wconf 90' lang='lat' dir='ltr'>omni</span> <span class='ocrx_word' id='word_1_575' title='bbox 2203 1977 2391 2033; x_wconf 82' lang='lat' dir='ltr'>studio</span> <span class='ocrx_word' id='word_1_576' title='bbox 2422 1976 2703 2048; x_wconf 86' lang='lat' dir='ltr'>rapimur,</span> <span class='ocrx_word' id='word_1_577' title='bbox 2736 1976 2950 2047; x_wconf 88' lang='lat' dir='ltr'>agnitio</span> <span class='ocrx_word' id='word_1_578' title='bbox 2986 1977 3258 2032; x_wconf 87' lang='lat' dir='ltr'>veritatis.</span> 
     </span>
    </p>
   </div>
   <div class='ocr_carea' id='block_1_82' title="bbox 2084 2064 3706 2137">
    <p class='ocr_par' dir='ltr' id='par_1_82' title="bbox 2084 2064 3706 2137">
     <span class='ocr_line' id='line_1_82' title="bbox 2084 2064 3706 2137; baseline -0.001 -16"><span class='ocrx_word' id='word_1_579' title='bbox 2084 2070 2171 2121; x_wconf 82' lang='lat'>57.</span> <span class='ocrx_word' id='word_1_580' title='bbox 2213 2069 2401 2137; x_wconf 84' lang='lat' dir='ltr'>Atque</span> <span class='ocrx_word' id='word_1_581' title='bbox 2436 2066 2496 2120; x_wconf 90' lang='lat' dir='ltr'>in</span> <span class='ocrx_word' id='word_1_582' title='bbox 2524 2066 2611 2119; x_wconf 91' lang='lat' dir='ltr'>his</span> <span class='ocrx_word' id='word_1_583' title='bbox 2641 2066 2860 2119; x_wconf 88' lang='lat' dir='ltr'>duobus</span> <span class='ocrx_word' id='word_1_584' title='bbox 2887 2065 3154 2119; x_wconf 90' lang='lat' dir='ltr'>convenit</span> <span class='ocrx_word' id='word_1_585' title='bbox 3195 2064 3340 2119; x_wconf 91' lang='lat' dir='ltr'>mihi</span> <span class='ocrx_word' id='word_1_586' title='bbox 3369 2081 3499 2119; x_wconf 91' lang='lat' dir='ltr'>cum</span> <span class='ocrx_word' id='word_1_587' title='bbox 3531 2065 3706 2120; x_wconf 88' lang='lat' dir='ltr'>Mani-</span> 
     </span>
    </p>
   </div>
   <div class='ocr_carea' id='block_1_83' title="bbox 2012 2153 3777 2224">
    <p class='ocr_par' dir='ltr' id='par_1_83' title="bbox 2012 2153 3777 2224">
     <span class='ocr_line' id='line_1_83' title="bbox 2012 2153 3777 2224; baseline 0.001 -16"><span class='ocrx_word' id='word_1_588' title='bbox 2012 2154 2204 2222; x_wconf 84' lang='lat' dir='ltr'>chaeis,</span> <span class='ocrx_word' id='word_1_589' title='bbox 2236 2155 2293 2208; x_wconf 89' lang='lat' dir='ltr'>id</span> <span class='ocrx_word' id='word_1_590' title='bbox 2323 2158 2423 2221; x_wconf 86' lang='lat' dir='ltr'>est,</span> <span class='ocrx_word' id='word_1_591' title='bbox 2467 2158 2529 2208; x_wconf 93' lang='lat' dir='ltr'>ut</span> <span class='ocrx_word' id='word_1_592' title='bbox 2566 2156 2745 2208; x_wconf 90' lang='lat' dir='ltr'>Deum</span> <span class='ocrx_word' id='word_1_593' title='bbox 2788 2158 2845 2207; x_wconf 91' lang='lat' dir='ltr'>et</span> <span class='ocrx_word' id='word_1_594' title='bbox 2874 2153 3201 2224; x_wconf 80' lang='lat' dir='ltr'>proximum</span> <span class='ocrx_word' id='word_1_595' title='bbox 3231 2154 3573 2224; x_wconf 86' lang='lat' dir='ltr'>diligamus:</span> <span class='ocrx_word' id='word_1_596' title='bbox 3609 2155 3703 2210; x_wconf 81' lang='lat' dir='ltr'>sed</span> <span class='ocrx_word' id='word_1_597' title='bbox 3766 2220 3777 2223; x_wconf 20' lang='lat' dir='ltr'><em>A</em></span> 
     </span>
    </p>
   </div>
   <div class='ocr_carea' id='block_1_84' title="bbox 2008 2242 3707 2314">
    <p class='ocr_par' dir='ltr' id='par_1_84' title="bbox 2008 2242 3707 2314">
     <span class='ocr_line' id='line_1_84' title="bbox 2008 2242 3707 2314; baseline -0.001 -17"><span class='ocrx_word' id='word_1_598' title='bbox 2008 2242 2118 2297; x_wconf 92' lang='lat' dir='ltr'>hoc</span> <span class='ocrx_word' id='word_1_599' title='bbox 2143 2243 2326 2297; x_wconf 87' lang='lat' dir='ltr'>Veteri</span> <span class='ocrx_word' id='word_1_600' title='bbox 2355 2244 2714 2297; x_wconf 89' lang='lat' dir='ltr'>Testamento</span> <span class='ocrx_word' id='word_1_601' title='bbox 2742 2246 2957 2312; x_wconf 88' lang='lat' dir='ltr'>negant</span> <span class='ocrx_word' id='word_1_602' title='bbox 2977 2242 3259 2298; x_wconf 90' lang='lat' dir='ltr'>contineri</span> <span class='ocrx_word' id='word_1_603' title='bbox 3282 2259 3294 2309; x_wconf 94' lang='lat'>;</span> <span class='ocrx_word' id='word_1_604' title='bbox 3314 2242 3374 2296; x_wconf 91' lang='lat' dir='ltr'>in</span> <span class='ocrx_word' id='word_1_605' title='bbox 3391 2259 3504 2314; x_wconf 91' lang='lat' dir='ltr'>quo</span> <span class='ocrx_word' id='word_1_606' title='bbox 3531 2259 3707 2313; x_wconf 90' lang='lat' dir='ltr'>quan-</span> 
     </span>
    </p>
   </div>
   <div class='ocr_carea' id='block_1_85' title="bbox 2009 2330 3709 2407">
    <p class='ocr_par' dir='ltr' id='par_1_85' title="bbox 2009 2330 3709 2407">
     <span class='ocr_line' id='line_1_85' title="bbox 2009 2330 3709 2407; baseline -0.001 -22"><span class='ocrx_word' id='word_1_607' title='bbox 2009 2335 2134 2386; x_wconf 89' lang='lat' dir='ltr'>tum</span> <span class='ocrx_word' id='word_1_608' title='bbox 2166 2335 2378 2399; x_wconf 89' lang='lat' dir='ltr'>errent,</span> <span class='ocrx_word' id='word_1_609' title='bbox 2407 2331 2563 2397; x_wconf 90' lang='lat' dir='ltr'>satis,</span> <span class='ocrx_word' id='word_1_610' title='bbox 2596 2335 2661 2384; x_wconf 93' lang='lat' dir='ltr'>ut</span> <span class='ocrx_word' id='word_1_611' title='bbox 2684 2330 2907 2407; x_wconf 86' lang='lat' dir='ltr'>opinor,</span> <span class='ocrx_word' id='word_1_612' title='bbox 2935 2335 3172 2402; x_wconf 88' lang='lat' dir='ltr'>apparet</span> <span class='ocrx_word' id='word_1_613' title='bbox 3192 2348 3260 2385; x_wconf 83' lang='lat' dir='ltr'>ex</span> <span class='ocrx_word' id='word_1_614' title='bbox 3303 2331 3391 2393; x_wconf 90' lang='lat' dir='ltr'>iis,</span> <span class='ocrx_word' id='word_1_615' title='bbox 3425 2348 3565 2402; x_wconf 82' lang='lat' dir='ltr'>quas</span> <span class='ocrx_word' id='word_1_616' title='bbox 3614 2348 3709 2385; x_wconf 85' lang='lat' dir='ltr'>su-</span> 
     </span>
    </p>
   </div>
   <div class='ocr_carea' id='block_1_86' title="bbox 2010 2418 3708 2491">
    <p class='ocr_par' dir='ltr' id='par_1_86' title="bbox 2010 2418 3708 2491">
     <span class='ocr_line' id='line_1_86' title="bbox 2010 2418 3708 2491; baseline -0.001 -17"><span class='ocrx_word' id='word_1_617' title='bbox 2010 2420 2203 2491; x_wconf 90' lang='lat' dir='ltr'>perius</span> <span class='ocrx_word' id='word_1_618' title='bbox 2220 2419 2583 2490; x_wconf 91' lang='lat' dir='ltr'>protulimus,</span> <span class='ocrx_word' id='word_1_619' title='bbox 2609 2418 2677 2472; x_wconf 89' lang='lat' dir='ltr'>de</span> <span class='ocrx_word' id='word_1_620' title='bbox 2697 2423 2944 2487; x_wconf 89' lang='lat' dir='ltr'>utroque</span> <span class='ocrx_word' id='word_1_621' title='bbox 2966 2419 3284 2472; x_wconf 90' lang='lat' dir='ltr'>sententiis.</span> <span class='ocrx_word' id='word_1_622' title='bbox 3303 2419 3708 2473; x_wconf 90' lang='lat' dir='ltr'>Verumtamen</span> 
     </span>
    </p>
   </div>
   <div class='ocr_carea' id='block_1_87' title="bbox 2010 2494 3708 2579">
    <p class='ocr_par' dir='ltr' id='par_1_87' title="bbox 2010 2494 3708 2579">
     <span class='ocr_line' id='line_1_87' title="bbox 2010 2494 3708 2579; baseline -0.001 -17"><span class='ocrx_word' id='word_1_623' title='bbox 2010 2512 2073 2562; x_wconf 89' lang='lat' dir='ltr'>ut</span> <span class='ocrx_word' id='word_1_624' title='bbox 2097 2494 2266 2563; x_wconf 82' lang='lat' dir='ltr'>breve</span> <span class='ocrx_word' id='word_1_625' title='bbox 2296 2507 2511 2579; x_wconf 88' lang='lat' dir='ltr'>aliquid</span> <span class='ocrx_word' id='word_1_626' title='bbox 2542 2506 2747 2574; x_wconf 91' lang='lat' dir='ltr'>dicam,</span> <span class='ocrx_word' id='word_1_627' title='bbox 2777 2507 2869 2560; x_wconf 92' lang='lat' dir='ltr'>sed</span> <span class='ocrx_word' id='word_1_628' title='bbox 2893 2507 3005 2560; x_wconf 90' lang='lat' dir='ltr'>tale</span> <span class='ocrx_word' id='word_1_629' title='bbox 3025 2506 3117 2561; x_wconf 88' lang='lat' dir='ltr'>cui</span> <span class='ocrx_word' id='word_1_630' title='bbox 3142 2506 3402 2560; x_wconf 89' lang='lat' dir='ltr'>resistere</span> <span class='ocrx_word' id='word_1_631' title='bbox 3429 2507 3503 2561; x_wconf 92' lang='lat' dir='ltr'>sit</span> <span class='ocrx_word' id='word_1_632' title='bbox 3534 2524 3708 2561; x_wconf 69' lang='lat' dir='ltr'>merae</span> 
     </span>
    </p>
   </div>
   <div class='ocr_carea' id='block_1_88' title="bbox 2011 2594 3708 2667">
    <p class='ocr_par' dir='ltr' id='par_1_88' title="bbox 2011 2594 3708 2667">
     <span class='ocr_line' id='line_1_88' title="bbox 2011 2594 3708 2667; baseline -0.002 -14"><span class='ocrx_word' id='word_1_633' title='bbox 2011 2596 2338 2663; x_wconf 62' lang='lat' dir='ltr'>dementiae,</span> <span class='ocrx_word' id='word_1_634' title='bbox 2390 2612 2580 2650; x_wconf 91' lang='lat' dir='ltr'>nonne</span> <span class='ocrx_word' id='word_1_635' title='bbox 2609 2594 3074 2649; x_wconf 90' lang='lat' dir='ltr'>animadvertunt</span> <span class='ocrx_word' id='word_1_636' title='bbox 3102 2595 3220 2648; x_wconf 80' lang='lat' dir='ltr'>haec</span> <span class='ocrx_word' id='word_1_637' title='bbox 3260 2595 3383 2665; x_wconf 88' lang='lat' dir='ltr'>ipsa</span> <span class='ocrx_word' id='word_1_638' title='bbox 3411 2596 3545 2662; x_wconf 88' lang='lat' dir='ltr'>duo,</span> <span class='ocrx_word' id='word_1_639' title='bbox 3578 2612 3708 2667; x_wconf 68' lang='lat' dir='ltr'>quas</span> 
     </span>
    </p>
   </div>
   <div class='ocr_carea' id='block_1_89' title="bbox 2011 2681 3775 2753">
    <p class='ocr_par' dir='ltr' id='par_1_89' title="bbox 2011 2681 3775 2753">
     <span class='ocr_line' id='line_1_89' title="bbox 2011 2681 3775 2753; baseline -0.002 -12"><span class='ocrx_word' id='word_1_640' title='bbox 2011 2687 2243 2741; x_wconf 88' lang='lat' dir='ltr'>laudare</span> <span class='ocrx_word' id='word_1_641' title='bbox 2264 2687 2567 2752; x_wconf 84' lang='lat' dir='ltr'>coguntur,</span> <span class='ocrx_word' id='word_1_642' title='bbox 2591 2698 2763 2753; x_wconf 90' lang='lat' dir='ltr'>quam</span> <span class='ocrx_word' id='word_1_643' title='bbox 2780 2685 2802 2717; x_wconf 66' lang='grc'><strong>⁵</strong></span> <span class='ocrx_word' id='word_1_644' title='bbox 2828 2681 3364 2751; x_wconf 87' lang='lat' dir='ltr'>importunissimea</span> <span class='ocrx_word' id='word_1_645' title='bbox 3388 2683 3631 2737; x_wconf 90' lang='lat' dir='ltr'>Domino</span> <span class='ocrx_word' id='word_1_646' title='bbox 3648 2684 3708 2737; x_wconf 92' lang='lat' dir='ltr'>in</span> <span class='ocrx_word' id='word_1_647' title='bbox 3772 2714 3775 2721; x_wconf 66' lang='grc' dir='ltr'><strong>η</strong></span> 
     </span>
    </p>
   </div>
   <div class='ocr_carea' id='block_1_90' title="bbox 2011 2767 3702 2839">
    <p class='ocr_par' dir='ltr' id='par_1_90' title="bbox 2011 2767 3702 2839">
     <span class='ocr_line' id='line_1_90' title="bbox 2011 2767 3702 2839; baseline 0 -17"><span class='ocrx_word' id='word_1_648' title='bbox 2011 2768 2314 2839; x_wconf 88' lang='lat' dir='ltr'>Evangelio</span> <span class='ocrx_word' id='word_1_649' title='bbox 2346 2768 2416 2821; x_wconf 88' lang='lat' dir='ltr'>de</span> <span class='ocrx_word' id='word_1_650' title='bbox 2443 2768 2641 2821; x_wconf 89' lang='lat' dir='ltr'>Vetere</span> <span class='ocrx_word' id='word_1_651' title='bbox 2674 2769 3032 2821; x_wconf 89' lang='lat' dir='ltr'>Testamento</span> <span class='ocrx_word' id='word_1_652' title='bbox 3064 2782 3185 2820; x_wconf 90' lang='lat' dir='ltr'>esse</span> <span class='ocrx_word' id='word_1_653' title='bbox 3218 2767 3439 2836; x_wconf 86' lang='lat' dir='ltr'>prolata</span> <span class='ocrx_word' id='word_1_654' title='bbox 3470 2774 3702 2838; x_wconf 87' lang='lat' dir='ltr'>negent,</span> 
     </span>
    </p>
   </div>
   <div class='ocr_carea' id='block_1_91' title="bbox 2009 2848 3706 2925">
    <p class='ocr_par' dir='ltr' id='par_1_91' title="bbox 2009 2848 3706 2925">
     <span class='ocr_line' id='line_1_91' title="bbox 2009 2848 3706 2925; baseline 0 -16"><span class='ocrx_word' id='word_1_655' title='bbox 2009 2855 2109 2909; x_wconf 92' lang='lat' dir='ltr'>ubi</span> <span class='ocrx_word' id='word_1_656' title='bbox 2139 2855 2412 2925; x_wconf 90' lang='lat' dir='ltr'>scriptum</span> <span class='ocrx_word' id='word_1_657' title='bbox 2445 2859 2548 2922; x_wconf 90' lang='lat' dir='ltr'>est,</span> <span class='ocrx_word' id='word_1_658' title='bbox 2581 2857 2785 2921; x_wconf 82' lang='lat' dir='ltr'>Diliges</span> <span class='ocrx_word' id='word_1_659' title='bbox 2811 2856 3095 2908; x_wconf 80' lang='lat' dir='ltr'>Dominum</span> <span class='ocrx_word' id='word_1_660' title='bbox 3126 2857 3292 2909; x_wconf 87' lang='lat' dir='ltr'>Deum</span> <span class='ocrx_word' id='word_1_661' title='bbox 3324 2848 3473 2908; x_wconf 73' lang='lat' dir='ltr'>tuum</span> <span class='ocrx_word' id='word_1_662' title='bbox 3501 2871 3568 2908; x_wconf 77' lang='lat' dir='ltr'>ea:</span> <span class='ocrx_word' id='word_1_663' title='bbox 3599 2860 3706 2909; x_wconf 84' lang='lat' dir='ltr'>toto</span> 
     </span>
    </p>
   </div>
   <div class='ocr_carea' id='block_1_92' title="bbox 2009 2944 3707 3009">
    <p class='ocr_par' dir='ltr' id='par_1_92' title="bbox 2009 2944 3707 3009">
     <span class='ocr_line' id='line_1_92' title="bbox 2009 2944 3707 3009; baseline 0 -12"><span class='ocrx_word' id='word_1_664' title='bbox 2009 2944 2165 2998; x_wconf 85' lang='lat' dir='ltr'>corde</span> <span class='ocrx_word' id='word_1_665' title='bbox 2194 2950 2303 3009; x_wconf 80' lang='lat' dir='ltr'>tuo,</span> <span class='ocrx_word' id='word_1_666' title='bbox 2331 2948 2380 2997; x_wconf 86' lang='lat' dir='ltr'>et</span> <span class='ocrx_word' id='word_1_667' title='bbox 2397 2959 2463 2996; x_wconf 78' lang='lat' dir='ltr'>ea:</span> <span class='ocrx_word' id='word_1_668' title='bbox 2484 2947 2595 2996; x_wconf 85' lang='lat' dir='ltr'>tota</span> <span class='ocrx_word' id='word_1_669' title='bbox 2620 2945 2805 2997; x_wconf 84' lang='lat' dir='ltr'>anima</span> <span class='ocrx_word' id='word_1_670' title='bbox 2833 2948 2947 3009; x_wconf 86' lang='lat' dir='ltr'>tua,</span> <span class='ocrx_word' id='word_1_671' title='bbox 2980 2948 3030 2997; x_wconf 83' lang='lat' dir='ltr'>et</span> <span class='ocrx_word' id='word_1_672' title='bbox 3050 2958 3117 2996; x_wconf 78' lang='lat' dir='ltr'>ea:</span> <span class='ocrx_word' id='word_1_673' title='bbox 3148 2946 3257 2996; x_wconf 82' lang='lat' dir='ltr'>tota</span> <span class='ocrx_word' id='word_1_674' title='bbox 3277 2948 3447 2997; x_wconf 66' lang='lat' dir='ltr'>metite</span> <span class='ocrx_word' id='word_1_675' title='bbox 3476 2947 3597 3006; x_wconf 83' lang='lat' dir='ltr'>tua;</span> <span class='ocrx_word' id='word_1_676' title='bbox 3616 2944 3707 2997; x_wconf 91' lang='lat' dir='ltr'>vel</span> 
     </span>
    </p>
   </div>
   <div class='ocr_carea' id='block_1_93' title="bbox 2008 3031 3708 3102">
    <p class='ocr_par' dir='ltr' id='par_1_93' title="bbox 2008 3031 3708 3102">
     <span class='ocr_line' id='line_1_93' title="bbox 2008 3031 3708 3102; baseline 0 -16"><span class='ocrx_word' id='word_1_677' title='bbox 2008 3031 2153 3086; x_wconf 89' lang='lat' dir='ltr'>illud</span> <span class='ocrx_word' id='word_1_678' title='bbox 2166 3032 2430 3099; x_wconf 90' lang='lat' dir='ltr'>alterum,</span> <span class='ocrx_word' id='word_1_679' title='bbox 2449 3033 2657 3099; x_wconf 85' lang='lat' dir='ltr'>Diliges</span> <span class='ocrx_word' id='word_1_680' title='bbox 2668 3033 2982 3101; x_wconf 71' lang='lat' dir='ltr'>promimum</span> <span class='ocrx_word' id='word_1_681' title='bbox 3000 3036 3146 3085; x_wconf 81' lang='lat' dir='ltr'>tuum</span> <span class='ocrx_word' id='word_1_682' title='bbox 3162 3036 3421 3102; x_wconf 83' lang='lat' dir='ltr'>tanquam</span> <span class='ocrx_word' id='word_1_683' title='bbox 3437 3035 3485 3085; x_wconf 80' lang='lat' dir='ltr'>te</span> <span class='ocrx_word' id='word_1_684' title='bbox 3497 3034 3708 3101; x_wconf 85' lang='lat' dir='ltr'>ipsum?</span> 
     </span>
    </p>
   </div>
   <div class='ocr_carea' id='block_1_94' title="bbox 2011 3118 3704 3192">
    <p class='ocr_par' dir='ltr' id='par_1_94' title="bbox 2011 3118 3704 3192">
     <span class='ocr_line' id='line_1_94' title="bbox 2011 3118 3704 3192; baseline -0.004 -15"><span class='ocrx_word' id='word_1_685' title='bbox 2011 3121 2205 3192; x_wconf 83' lang='lat' dir='ltr'>(Deut.</span> <span class='ocrx_word' id='word_1_686' title='bbox 2254 3138 2331 3191; x_wconf 78' lang='lat' dir='ltr'>v1,</span> <span class='ocrx_word' id='word_1_687' title='bbox 2384 3123 2447 3187; x_wconf 81' lang='lat'>5;</span> <span class='ocrx_word' id='word_1_688' title='bbox 2497 3121 2667 3175; x_wconf 63' lang='lat' dir='ltr'>Lavit.</span> <span class='ocrx_word' id='word_1_689' title='bbox 2722 3136 2834 3185; x_wconf 79' lang='lat' dir='ltr'>XIX,</span> <span class='ocrx_word' id='word_1_690' title='bbox 2889 3122 2980 3187; x_wconf 85' lang='lat' dir='ltr'>l8;</span> <span class='ocrx_word' id='word_1_691' title='bbox 3012 3120 3217 3173; x_wconf 80' lang='lat' dir='ltr'>Matth.</span> <span class='ocrx_word' id='word_1_692' title='bbox 3270 3134 3401 3179; x_wconf 82' lang='lat' dir='ltr'>xxn,</span> <span class='ocrx_word' id='word_1_693' title='bbox 3434 3121 3525 3187; x_wconf 79' lang='lat'>37,</span> <span class='ocrx_word' id='word_1_694' title='bbox 3576 3118 3704 3188; x_wconf 89' lang='lat'>39.)</span> 
     </span>
    </p>
   </div>
   <div class='ocr_carea' id='block_1_95' title="bbox 2010 3206 3701 3279">
    <p class='ocr_par' dir='ltr' id='par_1_95' title="bbox 2010 3206 3701 3279">
     <span class='ocr_line' id='line_1_95' title="bbox 2010 3206 3701 3279; baseline -0.003 -15"><span class='ocrx_word' id='word_1_695' title='bbox 2010 3211 2124 3264; x_wconf 84' lang='lat' dir='ltr'>Aut</span> <span class='ocrx_word' id='word_1_696' title='bbox 2149 3208 2197 3262; x_wconf 92' lang='lat' dir='ltr'>si</span> <span class='ocrx_word' id='word_1_697' title='bbox 2217 3209 2339 3264; x_wconf 68' lang='lat' dir='ltr'>haec</span> <span class='ocrx_word' id='word_1_698' title='bbox 2368 3224 2580 3279; x_wconf 88' lang='lat' dir='ltr'>negare</span> <span class='ocrx_word' id='word_1_699' title='bbox 2602 3223 2717 3261; x_wconf 92' lang='lat' dir='ltr'>non</span> <span class='ocrx_word' id='word_1_700' title='bbox 2741 3206 2992 3273; x_wconf 88' lang='lat' dir='ltr'>audent;</span> <span class='ocrx_word' id='word_1_701' title='bbox 3022 3211 3367 3278; x_wconf 88' lang='lat' dir='ltr'>premuntur</span> <span class='ocrx_word' id='word_1_702' title='bbox 3396 3206 3548 3260; x_wconf 91' lang='lat' dir='ltr'>enim</span> <span class='ocrx_word' id='word_1_703' title='bbox 3578 3206 3701 3260; x_wconf 90' lang='lat' dir='ltr'>luce</span> 
     </span>
    </p>
   </div>
   <div class='ocr_carea' id='block_1_96' title="bbox 2009 3295 3703 3367">
    <p class='ocr_par' dir='ltr' id='par_1_96' title="bbox 2009 3295 3703 3367">
     <span class='ocr_line' id='line_1_96' title="bbox 2009 3295 3703 3367; baseline -0.001 -16"><span class='ocrx_word' id='word_1_704' title='bbox 2009 3297 2260 3353; x_wconf 89' lang='lat' dir='ltr'>veritatis</span> <span class='ocrx_word' id='word_1_705' title='bbox 2287 3316 2301 3364; x_wconf 90' lang='lat'>;</span> <span class='ocrx_word' id='word_1_706' title='bbox 2330 3297 2468 3351; x_wconf 90' lang='lat' dir='ltr'>illud</span> <span class='ocrx_word' id='word_1_707' title='bbox 2496 3312 2705 3367; x_wconf 88' lang='lat' dir='ltr'>negare</span> <span class='ocrx_word' id='word_1_708' title='bbox 2727 3296 2994 3361; x_wconf 89' lang='lat' dir='ltr'>audeant,</span> <span class='ocrx_word' id='word_1_709' title='bbox 3026 3296 3272 3349; x_wconf 89' lang='lat' dir='ltr'>salubria</span> <span class='ocrx_word' id='word_1_710' title='bbox 3296 3311 3414 3349; x_wconf 88' lang='lat' dir='ltr'>esse</span> <span class='ocrx_word' id='word_1_711' title='bbox 3436 3295 3542 3349; x_wconf 89' lang='lat' dir='ltr'>ista</span> <span class='ocrx_word' id='word_1_712' title='bbox 3561 3311 3703 3366; x_wconf 68' lang='lat' dir='ltr'>pra:-</span> 
     </span>
    </p>
   </div>
   <div class='ocr_carea' id='block_1_97' title="bbox 2010 3383 3700 3457">
    <p class='ocr_par' dir='ltr' id='par_1_97' title="bbox 2010 3383 3700 3457">
     <span class='ocr_line' id='line_1_97' title="bbox 2010 3383 3700 3457; baseline -0.002 -17"><span class='ocrx_word' id='word_1_713' title='bbox 2010 3389 2193 3457; x_wconf 90' lang='lat' dir='ltr'>cepta,</span> <span class='ocrx_word' id='word_1_714' title='bbox 2223 3386 2311 3440; x_wconf 92' lang='lat' dir='ltr'>his</span> <span class='ocrx_word' id='word_1_715' title='bbox 2340 3401 2528 3440; x_wconf 88' lang='lat' dir='ltr'>mores</span> <span class='ocrx_word' id='word_1_716' title='bbox 2557 3384 2803 3455; x_wconf 88' lang='lat' dir='ltr'>optimos</span> <span class='ocrx_word' id='word_1_717' title='bbox 2825 3384 3102 3439; x_wconf 88' lang='lat' dir='ltr'>contineri</span> <span class='ocrx_word' id='word_1_718' title='bbox 3131 3388 3342 3454; x_wconf 90' lang='lat' dir='ltr'>negent</span> <span class='ocrx_word' id='word_1_719' title='bbox 3371 3383 3417 3437; x_wconf 93' lang='lat' dir='ltr'>si</span> <span class='ocrx_word' id='word_1_720' title='bbox 3444 3385 3700 3453; x_wconf 83' lang='lat' dir='ltr'>possunt,</span> 
     </span>
    </p>
   </div>
   <div class='ocr_carea' id='block_1_98' title="bbox 2010 3472 3704 3545">
    <p class='ocr_par' dir='ltr' id='par_1_98' title="bbox 2010 3472 3704 3545">
     <span class='ocr_line' id='line_1_98' title="bbox 2010 3472 3704 3545; baseline -0.002 -16"><span class='ocrx_word' id='word_1_721' title='bbox 2010 3475 2268 3529; x_wconf 90' lang='lat' dir='ltr'>etdicant</span> <span class='ocrx_word' id='word_1_722' title='bbox 2304 3490 2419 3528; x_wconf 91' lang='lat' dir='ltr'>non</span> <span class='ocrx_word' id='word_1_723' title='bbox 2453 3478 2716 3545; x_wconf 90' lang='lat' dir='ltr'>oportere</span> <span class='ocrx_word' id='word_1_724' title='bbox 2746 3474 2929 3527; x_wconf 87' lang='lat' dir='ltr'>Deum</span> <span class='ocrx_word' id='word_1_725' title='bbox 2956 3472 3138 3541; x_wconf 88' lang='lat' dir='ltr'>diligi,</span> <span class='ocrx_word' id='word_1_726' title='bbox 3167 3488 3284 3526; x_wconf 91' lang='lat' dir='ltr'>non</span> <span class='ocrx_word' id='word_1_727' title='bbox 3298 3475 3704 3542; x_wconf 87' lang='lat' dir='ltr'>oporterepro—</span> 
     </span>
    </p>
   </div>
   <div class='ocr_carea' id='block_1_99' title="bbox 2011 3558 3705 3632">
    <p class='ocr_par' dir='ltr' id='par_1_99' title="bbox 2011 3558 3705 3632">
     <span class='ocr_line' id='line_1_99' title="bbox 2011 3558 3705 3632; baseline -0.004 -15"><span class='ocrx_word' id='word_1_728' title='bbox 2011 3563 2231 3618; x_wconf 86' lang='lat' dir='ltr'>ximum</span> <span class='ocrx_word' id='word_1_729' title='bbox 2260 3562 2457 3632; x_wconf 89' lang='lat' dir='ltr'>diligi;</span> <span class='ocrx_word' id='word_1_730' title='bbox 2487 3578 2672 3631; x_wconf 88' lang='lat' dir='ltr'>neque</span> <span class='ocrx_word' id='word_1_731' title='bbox 2688 3560 3060 3629; x_wconf 85' lang='lat' dir='ltr'>diligentibus</span> <span class='ocrx_word' id='word_1_732' title='bbox 3081 3562 3262 3613; x_wconf 91' lang='lat' dir='ltr'>Deum</span> <span class='ocrx_word' id='word_1_733' title='bbox 3292 3558 3485 3612; x_wconf 88' lang='lat' dir='ltr'>omnia</span> <span class='ocrx_word' id='word_1_734' title='bbox 3515 3575 3705 3628; x_wconf 90' lang='lat' dir='ltr'>proce-</span> 
     </span>
    </p>
   </div>
   <div class='ocr_carea' id='block_1_100' title="bbox 2014 3647 3705 3719">
    <p class='ocr_par' dir='ltr' id='par_1_100' title="bbox 2014 3647 3705 3719">
     <span class='ocr_line' id='line_1_100' title="bbox 2014 3647 3705 3719; baseline -0.003 -14"><span class='ocrx_word' id='word_1_735' title='bbox 2014 3652 2146 3706; x_wconf 87' lang='lat' dir='ltr'>dere</span> <span class='ocrx_word' id='word_1_736' title='bbox 2197 3651 2258 3704; x_wconf 91' lang='lat' dir='ltr'>in</span> <span class='ocrx_word' id='word_1_737' title='bbox 2294 3650 2511 3704; x_wconf 89' lang='lat' dir='ltr'>bonum</span> <span class='ocrx_word' id='word_1_738' title='bbox 2569 3651 2736 3719; x_wconf 81' lang='lat' dir='ltr'>(Rom.</span> <span class='ocrx_word' id='word_1_739' title='bbox 2789 3664 2904 3714; x_wconf 81' lang='lat' dir='ltr'>VIII,</span> <span class='ocrx_word' id='word_1_740' title='bbox 2955 3650 3065 3717; x_wconf 79' lang='lat'>28),</span> <span class='ocrx_word' id='word_1_741' title='bbox 3119 3663 3304 3718; x_wconf 92' lang='lat' dir='ltr'>neque</span> <span class='ocrx_word' id='word_1_742' title='bbox 3344 3647 3705 3701; x_wconf 87' lang='lat' dir='ltr'>dilectionem</span> 
     </span>
    </p>
   </div>
   <div class='ocr_carea' id='block_1_101' title="bbox 2010 3734 3707 3810">
    <p class='ocr_par' dir='ltr' id='par_1_101' title="bbox 2010 3734 3707 3810">
     <span class='ocr_line' id='line_1_101' title="bbox 2010 3734 3707 3810; baseline -0.002 -19"><span class='ocrx_word' id='word_1_743' title='bbox 2010 3738 2256 3810; x_wconf 85' lang='lat' dir='ltr'>proximi</span> <span class='ocrx_word' id='word_1_744' title='bbox 2303 3737 2517 3790; x_wconf 91' lang='lat' dir='ltr'>malum</span> <span class='ocrx_word' id='word_1_745' title='bbox 2565 3752 2685 3790; x_wconf 90' lang='lat' dir='ltr'>non</span> <span class='ocrx_word' id='word_1_746' title='bbox 2722 3734 2947 3806; x_wconf 90' lang='lat' dir='ltr'>operari</span> <span class='ocrx_word' id='word_1_747' title='bbox 2977 3734 3138 3804; x_wconf 82' lang='lat' dir='ltr'>(Ibid.</span> <span class='ocrx_word' id='word_1_748' title='bbox 3171 3751 3286 3799; x_wconf 81' lang='lat' dir='ltr'>x111,</span> <span class='ocrx_word' id='word_1_749' title='bbox 3334 3734 3464 3801; x_wconf 85' lang='lat' dir='ltr'>lO);</span> <span class='ocrx_word' id='word_1_750' title='bbox 3498 3734 3707 3804; x_wconf 89' lang='lat' dir='ltr'>quibus</span> 
     </span>
    </p>
   </div>
   <div class='ocr_carea' id='block_1_102' title="bbox 2015 3821 3708 3894">
    <p class='ocr_par' dir='ltr' id='par_1_102' title="bbox 2015 3821 3708 3894">
     <span class='ocr_line' id='line_1_102' title="bbox 2015 3821 3708 3894; baseline -0.003 -13"><span class='ocrx_word' id='word_1_751' title='bbox 2015 3827 2237 3882; x_wconf 91' lang='lat' dir='ltr'>duobus</span> <span class='ocrx_word' id='word_1_752' title='bbox 2268 3824 2641 3880; x_wconf 81' lang='lat' dir='ltr'>saluberrime</span> <span class='ocrx_word' id='word_1_753' title='bbox 2671 3827 2840 3894; x_wconf 89' lang='lat' dir='ltr'>atque</span> <span class='ocrx_word' id='word_1_754' title='bbox 2861 3823 3075 3894; x_wconf 88' lang='lat' dir='ltr'>optime</span> <span class='ocrx_word' id='word_1_755' title='bbox 3108 3823 3359 3876; x_wconf 89' lang='lat' dir='ltr'>humana</span> <span class='ocrx_word' id='word_1_756' title='bbox 3390 3821 3500 3876; x_wconf 88' lang='lat' dir='ltr'>vita</span> <span class='ocrx_word' id='word_1_757' title='bbox 3523 3821 3708 3892; x_wconf 88' lang='lat' dir='ltr'>dispo-</span> 
     </span>
    </p>
   </div>
   <div class='ocr_carea' id='block_1_103' title="bbox 2012 3909 3705 3978">
    <p class='ocr_par' dir='ltr' id='par_1_103' title="bbox 2012 3909 3705 3978">
     <span class='ocr_line' id='line_1_103' title="bbox 2012 3909 3705 3978; baseline -0.004 -9"><span class='ocrx_word' id='word_1_758' title='bbox 2012 3914 2190 3969; x_wconf 90' lang='lat' dir='ltr'>nitur.</span> <span class='ocrx_word' id='word_1_759' title='bbox 2223 3913 2359 3978; x_wconf 75' lang='lat' dir='ltr'>Quae</span> <span class='ocrx_word' id='word_1_760' title='bbox 2386 3912 2431 3966; x_wconf 89' lang='lat' dir='ltr'>si</span> <span class='ocrx_word' id='word_1_761' title='bbox 2448 3912 2664 3968; x_wconf 86' lang='lat' dir='ltr'>dicunt.</span> <span class='ocrx_word' id='word_1_762' title='bbox 2687 3927 2803 3964; x_wconf 92' lang='lat' dir='ltr'>non</span> <span class='ocrx_word' id='word_1_763' title='bbox 2829 3912 3013 3964; x_wconf 93' lang='lat' dir='ltr'>solum</span> <span class='ocrx_word' id='word_1_764' title='bbox 3051 3909 3163 3963; x_wconf 92' lang='lat' dir='ltr'>illis</span> <span class='ocrx_word' id='word_1_765' title='bbox 3191 3926 3321 3964; x_wconf 92' lang='lat' dir='ltr'>cum</span> <span class='ocrx_word' id='word_1_766' title='bbox 3352 3909 3705 3974; x_wconf 88' lang='lat' dir='ltr'>Christianis,</span> 
     </span>
    </p>
   </div>
   <div class='ocr_carea' id='block_1_104' title="bbox 2014 3994 3709 4070">
    <p class='ocr_par' dir='ltr' id='par_1_104' title="bbox 2014 3994 3709 4070">
     <span class='ocr_line' id='line_1_104' title="bbox 2014 3994 3709 4070; baseline -0.006 -13"><span class='ocrx_word' id='word_1_767' title='bbox 2014 4003 2113 4057; x_wconf 90' lang='lat' dir='ltr'>sed</span> <span class='ocrx_word' id='word_1_768' title='bbox 2142 4018 2246 4056; x_wconf 91' lang='lat' dir='ltr'>nec</span> <span class='ocrx_word' id='word_1_769' title='bbox 2275 4017 2404 4055; x_wconf 91' lang='lat' dir='ltr'>cum</span> <span class='ocrx_word' id='word_1_770' title='bbox 2434 3999 2769 4054; x_wconf 89' lang='lat' dir='ltr'>hominibus</span> <span class='ocrx_word' id='word_1_771' title='bbox 2799 3997 3031 4070; x_wconf 91' lang='lat' dir='ltr'>quidem</span> <span class='ocrx_word' id='word_1_772' title='bbox 3061 3996 3209 4050; x_wconf 88' lang='lat' dir='ltr'>ratio</span> <span class='ocrx_word' id='word_1_773' title='bbox 3234 4000 3336 4051; x_wconf 89' lang='lat' dir='ltr'>est.</span> <span class='ocrx_word' id='word_1_774' title='bbox 3361 3995 3459 4051; x_wconf 91' lang='lat' dir='ltr'>Sin</span> <span class='ocrx_word' id='word_1_775' title='bbox 3486 3995 3607 4049; x_wconf 75' lang='lat' dir='ltr'>haec</span> <span class='ocrx_word' id='word_1_776' title='bbox 3635 3994 3709 4049; x_wconf 87' lang='lat' dir='ltr'>di-</span> 
     </span>
    </p>
   </div>
   <div class='ocr_carea' id='block_1_105' title="bbox 2015 4083 3707 4158">
    <p class='ocr_par' dir='ltr' id='par_1_105' title="bbox 2015 4083 3707 4158">
     <span class='ocr_line' id='line_1_105' title="bbox 2015 4083 3707 4158; baseline -0.005 -14"><span class='ocrx_word' id='word_1_777' title='bbox 2015 4106 2140 4144; x_wconf 91' lang='lat' dir='ltr'>cere</span> <span class='ocrx_word' id='word_1_778' title='bbox 2170 4104 2285 4143; x_wconf 92' lang='lat' dir='ltr'>non</span> <span class='ocrx_word' id='word_1_779' title='bbox 2335 4088 2569 4154; x_wconf 87' lang='lat' dir='ltr'>audent,</span> <span class='ocrx_word' id='word_1_780' title='bbox 2611 4090 3008 4158; x_wconf 88' lang='lat' dir='ltr'>cogunturque</span> <span class='ocrx_word' id='word_1_781' title='bbox 3037 4083 3295 4139; x_wconf 89' lang='lat' dir='ltr'>conﬁteri</span> <span class='ocrx_word' id='word_1_782' title='bbox 3324 4100 3443 4137; x_wconf 91' lang='lat' dir='ltr'>esse</span> <span class='ocrx_word' id='word_1_783' title='bbox 3479 4083 3707 4147; x_wconf 89' lang='lat' dir='ltr'>divina;</span> 
     </span>
    </p>
   </div>
   <div class='ocr_carea' id='block_1_106' title="bbox 2017 4171 3710 4249">
    <p class='ocr_par' dir='ltr' id='par_1_106' title="bbox 2017 4171 3710 4249">
     <span class='ocr_line' id='line_1_106' title="bbox 2017 4171 3710 4249; baseline -0.004 -18"><span class='ocrx_word' id='word_1_784' title='bbox 2017 4177 2155 4249; x_wconf 91' lang='lat' dir='ltr'>quid</span> <span class='ocrx_word' id='word_1_785' title='bbox 2185 4193 2282 4231; x_wconf 91' lang='lat' dir='ltr'>eos</span> <span class='ocrx_word' id='word_1_786' title='bbox 2313 4176 2511 4231; x_wconf 90' lang='lat' dir='ltr'>Libros</span> <span class='ocrx_word' id='word_1_787' title='bbox 2548 4178 2699 4230; x_wconf 90' lang='lat' dir='ltr'>unde</span> <span class='ocrx_word' id='word_1_788' title='bbox 2729 4176 2835 4229; x_wconf 92' lang='lat' dir='ltr'>ista</span> <span class='ocrx_word' id='word_1_789' title='bbox 2865 4174 3088 4245; x_wconf 88' lang='lat' dir='ltr'>prolata</span> <span class='ocrx_word' id='word_1_790' title='bbox 3117 4176 3251 4226; x_wconf 90' lang='lat' dir='ltr'>sunt</span> <span class='ocrx_word' id='word_1_791' title='bbox 3277 4171 3570 4241; x_wconf 89' lang='lat' dir='ltr'>impietate</span> <span class='ocrx_word' id='word_1_792' title='bbox 3609 4186 3710 4225; x_wconf 79' lang='lat' dir='ltr'>ne—</span> 
     </span>
    </p>
   </div>
   <div class='ocr_carea' id='block_1_107' title="bbox 2016 4258 3513 4333">
    <p class='ocr_par' dir='ltr' id='par_1_107' title="bbox 2016 4258 3513 4333">
     <span class='ocr_line' id='line_1_107' title="bbox 2016 4258 3513 4333; baseline -0.005 -14"><span class='ocrx_word' id='word_1_793' title='bbox 2016 4264 2160 4319; x_wconf 86' lang='lat' dir='ltr'>faria</span> <span class='ocrx_word' id='word_1_794' title='bbox 2186 4264 2461 4317; x_wconf 88' lang='lat' dir='ltr'>lacessere</span> <span class='ocrx_word' id='word_1_795' title='bbox 2492 4266 2663 4333; x_wconf 91' lang='lat' dir='ltr'>atque</span> <span class='ocrx_word' id='word_1_796' title='bbox 2695 4262 3021 4332; x_wconf 89' lang='lat' dir='ltr'>improbare</span> <span class='ocrx_word' id='word_1_797' title='bbox 3052 4276 3172 4313; x_wconf 93' lang='lat' dir='ltr'>non</span> <span class='ocrx_word' id='word_1_798' title='bbox 3202 4258 3513 4312; x_wconf 82' lang='lat' dir='ltr'>desinunt?</span> 
     </span>
    </p>
   </div>
   <div class='ocr_carea' id='block_1_108' title="bbox 2091 4348 3715 4418">
    <p class='ocr_par' dir='ltr' id='par_1_108' title="bbox 2091 4348 3715 4418">
     <span class='ocr_line' id='line_1_108' title="bbox 2091 4348 3715 4418; baseline -0.005 -11"><span class='ocrx_word' id='word_1_799' title='bbox 2091 4355 2176 4407; x_wconf 82' lang='lat'>58.</span> <span class='ocrx_word' id='word_1_800' title='bbox 2206 4354 2293 4406; x_wconf 84' lang='lat' dir='ltr'>An</span> <span class='ocrx_word' id='word_1_801' title='bbox 2324 4350 2477 4406; x_wconf 90' lang='lat' dir='ltr'>aliud</span> <span class='ocrx_word' id='word_1_802' title='bbox 2515 4350 2719 4406; x_wconf 88' lang='lat' dir='ltr'>dicturi</span> <span class='ocrx_word' id='word_1_803' title='bbox 2758 4354 2912 4418; x_wconf 86' lang='lat' dir='ltr'>sunt,</span> <span class='ocrx_word' id='word_1_804' title='bbox 2956 4364 3071 4403; x_wconf 90' lang='lat' dir='ltr'>non</span> <span class='ocrx_word' id='word_1_805' title='bbox 3118 4362 3238 4401; x_wconf 89' lang='lat' dir='ltr'>esse</span> <span class='ocrx_word' id='word_1_806' title='bbox 3269 4360 3620 4416; x_wconf 88' lang='lat' dir='ltr'>consequens</span> <span class='ocrx_word' id='word_1_807' title='bbox 3649 4348 3715 4399; x_wconf 91' lang='lat' dir='ltr'>ut</span> 
     </span>
    </p>
   </div>
   <div class='ocr_carea' id='block_1_109' title="bbox 2020 4432 3713 4505">
    <p class='ocr_par' dir='ltr' id='par_1_109' title="bbox 2020 4432 3713 4505">
     <span class='ocr_line' id='line_1_109' title="bbox 2020 4432 3713 4505; baseline -0.006 -9"><span class='ocrx_word' id='word_1_808' title='bbox 2020 4440 2215 4496; x_wconf 91' lang='lat' dir='ltr'>omnia</span> <span class='ocrx_word' id='word_1_809' title='bbox 2230 4440 2309 4494; x_wconf 91' lang='lat' dir='ltr'>ibi</span> <span class='ocrx_word' id='word_1_810' title='bbox 2332 4440 2483 4493; x_wconf 91' lang='lat' dir='ltr'>bona</span> <span class='ocrx_word' id='word_1_811' title='bbox 2511 4440 2643 4505; x_wconf 89' lang='lat' dir='ltr'>sint,</span> <span class='ocrx_word' id='word_1_812' title='bbox 2670 4438 2767 4493; x_wconf 92' lang='lat' dir='ltr'>ubi</span> <span class='ocrx_word' id='word_1_813' title='bbox 2793 4439 2916 4493; x_wconf 66' lang='lat' dir='ltr'>haec</span> <span class='ocrx_word' id='word_1_814' title='bbox 2937 4434 3191 4491; x_wconf 82' lang='lat' dir='ltr'>invenire</span> <span class='ocrx_word' id='word_1_815' title='bbox 3217 4432 3510 4504; x_wconf 88' lang='lat' dir='ltr'>potuimus</span> <span class='ocrx_word' id='word_1_816' title='bbox 3528 4432 3556 4485; x_wconf 71' lang='grc' dir='ltr'>’ἶ</span> <span class='ocrx_word' id='word_1_817' title='bbox 3577 4448 3713 4486; x_wconf 90' lang='lat' dir='ltr'>nam</span> 
     </span>
    </p>
   </div>
   <div class='ocr_carea' id='block_1_110' title="bbox 2018 4521 3716 4598">
    <p class='ocr_par' dir='ltr' id='par_1_110' title="bbox 2018 4521 3716 4598">
     <span class='ocr_line' id='line_1_110' title="bbox 2018 4521 3716 4598; baseline -0.007 -12"><span class='ocrx_word' id='word_1_818' title='bbox 2018 4532 2129 4586; x_wconf 91' lang='lat' dir='ltr'>hoc</span> <span class='ocrx_word' id='word_1_819' title='bbox 2148 4530 2334 4585; x_wconf 89' lang='lat' dir='ltr'>solent</span> <span class='ocrx_word' id='word_1_820' title='bbox 2362 4528 2569 4593; x_wconf 85' lang='lat' dir='ltr'>dicere.</span> <span class='ocrx_word' id='word_1_821' title='bbox 2601 4527 2817 4598; x_wconf 87' lang='lat' dir='ltr'>Cuiego</span> <span class='ocrx_word' id='word_1_822' title='bbox 2845 4522 3300 4595; x_wconf 86' lang='lat' dir='ltr'>tergiversationi</span> <span class='ocrx_word' id='word_1_823' title='bbox 3322 4521 3461 4592; x_wconf 91' lang='lat' dir='ltr'>quid</span> <span class='ocrx_word' id='word_1_824' title='bbox 3487 4537 3716 4591; x_wconf 91' lang='lat' dir='ltr'>respon-</span> 
     </span>
    </p>
   </div>
   <div class='ocr_carea' id='block_1_111' title="bbox 2021 4609 3713 4688">
    <p class='ocr_par' dir='ltr' id='par_1_111' title="bbox 2021 4609 3713 4688">
     <span class='ocr_line' id='line_1_111' title="bbox 2021 4609 3713 4688; baseline -0.005 -15"><span class='ocrx_word' id='word_1_825' title='bbox 2021 4619 2207 4685; x_wconf 89' lang='lat' dir='ltr'>deam,</span> <span class='ocrx_word' id='word_1_826' title='bbox 2242 4622 2298 4672; x_wconf 91' lang='lat' dir='ltr'>et</span> <span class='ocrx_word' id='word_1_827' title='bbox 2326 4616 2815 4688; x_wconf 88' lang='lat' dir='ltr'>quemadmodum</span> <span class='ocrx_word' id='word_1_828' title='bbox 2838 4626 3153 4677; x_wconf 91' lang='lat' dir='ltr'>occurram,</span> <span class='ocrx_word' id='word_1_829' title='bbox 3187 4626 3304 4664; x_wconf 94' lang='lat' dir='ltr'>non</span> <span class='ocrx_word' id='word_1_830' title='bbox 3332 4609 3497 4663; x_wconf 89' lang='lat' dir='ltr'>facile</span> <span class='ocrx_word' id='word_1_831' title='bbox 3529 4609 3713 4674; x_wconf 83' lang='lat' dir='ltr'>video,</span> 
     </span>
    </p>
   </div>
   <div class='ocr_carea' id='block_1_112' title="bbox 2022 4700 3717 4776">
    <p class='ocr_par' dir='ltr' id='par_1_112' title="bbox 2022 4700 3717 4776">
     <span class='ocr_line' id='line_1_112' title="bbox 2022 4700 3717 4776; baseline -0.007 -11"><span class='ocrx_word' id='word_1_832' title='bbox 2022 4709 2406 4766; x_wconf 91' lang='lat' dir='ltr'>Discutiamne</span> <span class='ocrx_word' id='word_1_833' title='bbox 2450 4708 2622 4762; x_wconf 91' lang='lat' dir='ltr'>verba</span> <span class='ocrx_word' id='word_1_834' title='bbox 2652 4706 2878 4776; x_wconf 88' lang='lat' dir='ltr'>singula</span> <span class='ocrx_word' id='word_1_835' title='bbox 2918 4702 3137 4758; x_wconf 90' lang='lat' dir='ltr'>Veteris</span> <span class='ocrx_word' id='word_1_836' title='bbox 3164 4700 3533 4768; x_wconf 91' lang='lat' dir='ltr'>Testamenti,</span> <span class='ocrx_word' id='word_1_837' title='bbox 3565 4707 3628 4754; x_wconf 95' lang='lat' dir='ltr'>ut</span> <span class='ocrx_word' id='word_1_838' title='bbox 3656 4700 3717 4755; x_wconf 89' lang='lat' dir='ltr'>in</span> 
     </span>
    </p>
   </div>
   <div class='ocr_carea' id='block_1_113' title="bbox 2019 4787 3715 4863">
    <p class='ocr_par' dir='ltr' id='par_1_113' title="bbox 2019 4787 3715 4863">
     <span class='ocr_line' id='line_1_113' title="bbox 2019 4787 3715 4863; baseline -0.008 -10"><span class='ocrx_word' id='word_1_839' title='bbox 2019 4797 2110 4853; x_wconf 88' lang='lat' dir='ltr'>his</span> <span class='ocrx_word' id='word_1_840' title='bbox 2135 4813 2420 4851; x_wconf 89' lang='lat' dir='ltr'>summam</span> <span class='ocrx_word' id='word_1_841' title='bbox 2466 4811 2596 4849; x_wconf 92' lang='lat' dir='ltr'>cum</span> <span class='ocrx_word' id='word_1_842' title='bbox 2630 4791 2935 4863; x_wconf 89' lang='lat' dir='ltr'>Evangelio</span> <span class='ocrx_word' id='word_1_843' title='bbox 2981 4806 3101 4844; x_wconf 87' lang='lat' dir='ltr'>esse</span> <span class='ocrx_word' id='word_1_844' title='bbox 3135 4788 3499 4843; x_wconf 82' lang='lat' dir='ltr'>concordiam</span> <span class='ocrx_word' id='word_1_845' title='bbox 3528 4787 3715 4858; x_wconf 87' lang='lat' dir='ltr'>pervi-</span> 
     </span>
    </p>
   </div>
   <div class='ocr_carea' id='block_1_114' title="bbox 2023 4876 3713 4954">
    <p class='ocr_par' dir='ltr' id='par_1_114' title="bbox 2023 4876 3713 4954">
     <span class='ocr_line' id='line_1_114' title="bbox 2023 4876 3713 4954; baseline -0.008 -12"><span class='ocrx_word' id='word_1_846' title='bbox 2023 4886 2248 4941; x_wconf 88' lang='lat' dir='ltr'>cacibus</span> <span class='ocrx_word' id='word_1_847' title='bbox 2288 4884 2649 4954; x_wconf 89' lang='lat' dir='ltr'>indoctisque</span> <span class='ocrx_word' id='word_1_848' title='bbox 2691 4882 3121 4937; x_wconf 86' lang='lat' dir='ltr'>demonstrem?</span> <span class='ocrx_word' id='word_1_849' title='bbox 3149 4877 3261 4932; x_wconf 91' lang='lat' dir='ltr'>Sed</span> <span class='ocrx_word' id='word_1_850' title='bbox 3305 4877 3535 4948; x_wconf 89' lang='lat' dir='ltr'>quando</span> <span class='ocrx_word' id='word_1_851' title='bbox 3565 4876 3713 4930; x_wconf 90' lang='lat' dir='ltr'>istud</span> 
     </span>
    </p>
   </div>
   <div class='ocr_carea' id='block_1_115' title="bbox 2023 4965 3715 5046">
    <p class='ocr_par' dir='ltr' id='par_1_115' title="bbox 2023 4965 3715 5046">
     <span class='ocr_line' id='line_1_115' title="bbox 2023 4965 3715 5046; baseline -0.008 -16"><span class='ocrx_word' id='word_1_852' title='bbox 2023 4975 2177 5029; x_wconf 80' lang='lat' dir='ltr'>erit?</span> <span class='ocrx_word' id='word_1_853' title='bbox 2208 4974 2434 5046; x_wconf 88' lang='lat' dir='ltr'>quando</span> <span class='ocrx_word' id='word_1_854' title='bbox 2484 4975 2582 5026; x_wconf 90' lang='lat' dir='ltr'>aut</span> <span class='ocrx_word' id='word_1_855' title='bbox 2612 4986 2716 5041; x_wconf 92' lang='lat' dir='ltr'>ego</span> <span class='ocrx_word' id='word_1_856' title='bbox 2748 4967 3048 5035; x_wconf 88' lang='lat' dir='ltr'>sufﬁciam,</span> <span class='ocrx_word' id='word_1_857' title='bbox 3094 4972 3193 5022; x_wconf 91' lang='lat' dir='ltr'>aut</span> <span class='ocrx_word' id='word_1_858' title='bbox 3222 4965 3334 5036; x_wconf 90' lang='lat' dir='ltr'>ipsi</span> <span class='ocrx_word' id='word_1_859' title='bbox 3379 4965 3715 5037; x_wconf 86' lang='lat' dir='ltr'>patientur?</span> 
     </span>
    </p>
   </div>
   <div class='ocr_carea' id='block_1_116' title="bbox 2023 5053 3719 5134">
    <p class='ocr_par' dir='ltr' id='par_1_116' title="bbox 2023 5053 3719 5134">
     <span class='ocr_line' id='line_1_116' title="bbox 2023 5053 3719 5134; baseline -0.008 -17"><span class='ocrx_word' id='word_1_860' title='bbox 2023 5063 2163 5129; x_wconf 89' lang='lat' dir='ltr'>Quid</span> <span class='ocrx_word' id='word_1_861' title='bbox 2198 5078 2333 5134; x_wconf 91' lang='lat' dir='ltr'>ergo</span> <span class='ocrx_word' id='word_1_862' title='bbox 2364 5059 2568 5114; x_wconf 89' lang='lat' dir='ltr'>faciam</span> <span class='ocrx_word' id='word_1_863' title='bbox 2589 5060 2618 5113; x_wconf 84' lang='lat'><strong>?</strong></span> <span class='ocrx_word' id='word_1_864' title='bbox 2650 5060 2989 5112; x_wconf 90' lang='lat' dir='ltr'>Deseramne</span> <span class='ocrx_word' id='word_1_865' title='bbox 3017 5072 3264 5121; x_wconf 91' lang='lat' dir='ltr'>causam,</span> <span class='ocrx_word' id='word_1_866' title='bbox 3298 5058 3355 5108; x_wconf 90' lang='lat' dir='ltr'>et</span> <span class='ocrx_word' id='word_1_867' title='bbox 3382 5071 3476 5107; x_wconf 90' lang='lat' dir='ltr'>eos</span> <span class='ocrx_word' id='word_1_868' title='bbox 3501 5053 3560 5107; x_wconf 91' lang='lat' dir='ltr'>in</span> <span class='ocrx_word' id='word_1_869' title='bbox 3591 5066 3719 5105; x_wconf 86' lang='lat' dir='ltr'>sen-</span> 
     </span>
    </p>
   </div>
   <div class='ocr_carea' id='block_1_117' title="bbox 2022 5140 3719 5222">
    <p class='ocr_par' dir='ltr' id='par_1_117' title="bbox 2022 5140 3719 5222">
     <span class='ocr_line' id='line_1_117' title="bbox 2022 5140 3719 5222; baseline -0.009 -14"><span class='ocrx_word' id='word_1_870' title='bbox 2022 5152 2207 5208; x_wconf 88' lang='lat' dir='ltr'>tentia</span> <span class='ocrx_word' id='word_1_871' title='bbox 2234 5149 2493 5222; x_wconf 87' lang='lat' dir='ltr'>quamvis</span> <span class='ocrx_word' id='word_1_872' title='bbox 2548 5147 2811 5218; x_wconf 88' lang='lat' dir='ltr'>improba</span> <span class='ocrx_word' id='word_1_873' title='bbox 2840 5151 2896 5201; x_wconf 91' lang='lat' dir='ltr'>et</span> <span class='ocrx_word' id='word_1_874' title='bbox 2942 5145 3102 5215; x_wconf 86' lang='lat' dir='ltr'>falsa,</span> <span class='ocrx_word' id='word_1_875' title='bbox 3149 5149 3345 5199; x_wconf 89' lang='lat' dir='ltr'>tamen</span> <span class='ocrx_word' id='word_1_876' title='bbox 3383 5140 3600 5196; x_wconf 89' lang='lat' dir='ltr'>difﬁcili</span> <span class='ocrx_word' id='word_1_877' title='bbox 3647 5140 3719 5194; x_wconf 92' lang='lat' dir='ltr'>ad</span> 
     </span>
    </p>
   </div>
   <div class='ocr_carea' id='block_1_118' title="bbox 2094 5317 3533 5389">
    <p class='ocr_par' dir='ltr' id='par_1_118' title="bbox 2094 5317 3533 5389">
     <span class='ocr_line' id='line_1_118' title="bbox 2094 5317 3533 5389; baseline -0.008 -15"><span class='ocrx_word' id='word_1_878' title='bbox 2094 5329 2107 5361; x_wconf 81' lang='grc'>¹</span> <span class='ocrx_word' id='word_1_879' title='bbox 2139 5327 2213 5374; x_wconf 89' lang='lat' dir='ltr'>Ite</span> <span class='ocrx_word' id='word_1_880' title='bbox 2242 5326 2363 5389; x_wconf 66' lang='lat' dir='ltr'>Mes.</span> <span class='ocrx_word' id='word_1_881' title='bbox 2389 5324 2461 5389; x_wconf 6' lang='lat' dir='ltr'>(At</span> <span class='ocrx_word' id='word_1_882' title='bbox 2484 5323 2663 5373; x_wconf 77' lang='lat' dir='ltr'>excusi</span> <span class='ocrx_word' id='word_1_883' title='bbox 2691 5323 2920 5389; x_wconf 49' lang='lat' dir='ltr'>habent,</span> <span class='ocrx_word' id='word_1_884' title='bbox 2933 5322 3141 5389; x_wconf 62' lang='lat' dir='ltr'>quiaibi</span> <span class='ocrx_word' id='word_1_885' title='bbox 3159 5317 3407 5389; x_wconf 62' lang='lat' dir='ltr'>servitus,</span> <span class='ocrx_word' id='word_1_886' title='bbox 3435 5318 3533 5389; x_wconf 73' lang='lat' dir='ltr'>etc.</span> 
     </span>
    </p>
   </div>
   <div class='ocr_carea' id='block_1_119' title="bbox 2088 5380 3722 5496">
    <p class='ocr_par' dir='ltr' id='par_1_119' title="bbox 2088 5380 3722 5496">
     <span class='ocr_line' id='line_1_119' title="bbox 2088 5380 3722 5496; baseline 0.001 -60"><span class='ocrx_word' id='word_1_887' title='bbox 2088 5390 2109 5423; x_wconf 68' lang='lat'><strong><em>9</em></strong></span> <span class='ocrx_word' id='word_1_888' title='bbox 2134 5389 2256 5436; x_wconf 87' lang='lat' dir='ltr'>Mss.</span> <span class='ocrx_word' id='word_1_889' title='bbox 2270 5387 2524 5450; x_wconf 85' lang='lat' dir='ltr'>plerique,</span> <span class='ocrx_word' id='word_1_890' title='bbox 2536 5398 2867 5496; x_wconf 55' lang='lat' dir='ltr'>quanquam.</span> <span class='ocrx_word' id='word_1_891' title='bbox 2883 5380 3015 5435; x_wconf 76' lang='lat' dir='ltr'>Tum</span> <span class='ocrx_word' id='word_1_892' title='bbox 3026 5383 3188 5456; x_wconf 75' lang='lat' dir='ltr'>aliqui</span> <span class='ocrx_word' id='word_1_893' title='bbox 3208 5380 3513 5450; x_wconf 49' lang='lat' dir='ltr'>subjiciunt.</span> <span class='ocrx_word' id='word_1_894' title='bbox 3534 5390 3722 5443; x_wconf 73' lang='grc' dir='ltr'>οΡΡον-</span> 
     </span>
     <span class='ocr_line' id='line_1_120' title="bbox 2088 5440 3722 5496; baseline -0.001 0"><span class='ocrx_word' id='word_1_895' title='bbox 2088 5452 2326 5496; x_wconf 80' lang='lat' dir='ltr'>:ntssime.</span> <span class='ocrx_word' id='word_1_896' title='bbox 2348 5450 2421 5496; x_wconf 84' lang='lat' dir='ltr'>Ac</span> <span class='ocrx_word' id='word_1_897' title='bbox 2444 5462 2544 5496; x_wconf 84' lang='lat' dir='ltr'>nau</span> <span class='ocrx_word' id='word_1_898' title='bbox 2571 5463 2600 5496; x_wconf 93' lang='lat' dir='ltr'>o</span> <span class='ocrx_word' id='word_1_899' title='bbox 2614 5452 2733 5496; x_wconf 80' lang='lat' dir='ltr'>uost</span> <span class='ocrx_word' id='word_1_900' title='bbox 2743 5449 2850 5496; x_wconf 77' lang='lat' dir='ltr'>alii.</span> <span class='ocrx_word' id='word_1_901' title='bbox 2864 5449 2931 5496; x_wconf 81' lang='lat' dir='ltr'>ibi</span> <span class='ocrx_word' id='word_1_902' title='bbox 2948 5459 3064 5496; x_wconf 83' lang='lat' dir='ltr'>esse</span> <span class='ocrx_word' id='word_1_903' title='bbox 3075 5444 3331 5496; x_wconf 68' lang='lat' dir='ltr'>scriptum</span> <span class='ocrx_word' id='word_1_904' title='bbox 3347 5457 3366 5496; x_wconf 84' lang='grc'><strong><em>;</em></strong></span> <span class='ocrx_word' id='word_1_905' title='bbox 3389 5440 3477 5490; x_wconf 75' lang='lat'>8111</span> <span class='ocrx_word' id='word_1_906' title='bbox 3495 5453 3618 5490; x_wconf 68' lang='lat' dir='ltr'>vero</span> <span class='ocrx_word' id='word_1_907' title='bbox 3634 5441 3722 5489; x_wconf 80' lang='lat' dir='ltr'>ha-</span> 
     </span>
    </p>
   </div>
   <div class='ocr_carea' id='block_1_120' title="bbox 2036 5440 3724 5513">
    <p class='ocr_par' dir='ltr' id='par_1_120' title="bbox 2036 5440 3724 5513">
     <span class='ocr_line' id='line_1_121' title="bbox 2036 5440 3724 5513; baseline -0.008 -10"><span class='ocrx_word' id='word_1_908' title='bbox 2036 5453 2127 5503; x_wconf 76' lang='lat' dir='ltr'>lun</span> <span class='ocrx_word' id='word_1_909' title='bbox 2135 5440 2326 5513; x_wconf 57' lang='lat' dir='ltr'>tssinfe.</span> <span class='ocrx_word' id='word_1_910' title='bbox 2348 5440 2600 5513; x_wconf 44' lang='lat' dir='ltr'>Ac‘paulo</span> <span class='ocrx_word' id='word_1_911' title='bbox 2614 5440 2733 5512; x_wconf 70' lang='lat' dir='ltr'>post</span> <span class='ocrx_word' id='word_1_912' title='bbox 2743 5449 2850 5509; x_wconf 88' lang='lat' dir='ltr'>alii,</span> <span class='ocrx_word' id='word_1_913' title='bbox 2864 5449 2931 5498; x_wconf 83' lang='lat' dir='ltr'>ibi</span> <span class='ocrx_word' id='word_1_914' title='bbox 2948 5459 3064 5499; x_wconf 83' lang='lat' dir='ltr'>esse</span> <span class='ocrx_word' id='word_1_915' title='bbox 3075 5440 3331 5506; x_wconf 73' lang='lat' dir='ltr'>séripturh</span> <span class='ocrx_word' id='word_1_916' title='bbox 3347 5457 3366 5501; x_wconf 84' lang='grc'><strong><em>;</em></strong></span> <span class='ocrx_word' id='word_1_917' title='bbox 3389 5440 3477 5490; x_wconf 87' lang='lat' dir='ltr'>alii</span> <span class='ocrx_word' id='word_1_918' title='bbox 3495 5440 3618 5490; x_wconf 73' lang='lat' dir='ltr'>vero</span> <span class='ocrx_word' id='word_1_919' title='bbox 3634 5441 3724 5489; x_wconf 90' lang='lat' dir='ltr'>ha-</span> 
     </span>
    </p>
   </div>
   <div class='ocr_carea' id='block_1_121' title="bbox 2037 5511 2737 5575">
    <p class='ocr_par' dir='ltr' id='par_1_121' title="bbox 2037 5511 2737 5575">
     <span class='ocr_line' id='line_1_122' title="bbox 2037 5511 2737 5575; baseline -0.004 -13"><span class='ocrx_word' id='word_1_920' title='bbox 2037 5513 2181 5567; x_wconf 84' lang='lat' dir='ltr'>bent.</span> <span class='ocrx_word' id='word_1_921' title='bbox 2211 5512 2302 5562; x_wconf 82' lang='lat' dir='ltr'>ubi</span> <span class='ocrx_word' id='word_1_922' title='bbox 2330 5511 2737 5575; x_wconf 59' lang='lat' dir='ltr'>esse&#39;scriptum.</span> 
     </span>
    </p>
   </div>
  </div>
