4036 6182
352 285 482 337 1335

349 403 774 460 dissolvendum
804 400 1131 456 delitescere
1163 397 1348 451 sinam
1367 396 1394 447 ?
1424 395 1556 449 Non
1585 393 1824 448 faciam:
1855 392 2045 448 aderit

347 495 416 550 de
440 491 703 564 proximo
722 488 1021 559 Deusipse,
1042 487 1202 556 cujus
1225 486 1320 538 illa
1340 487 1623 554 praecepta
1643 486 1802 549 sunt;
1828 499 1929 536 nec
1949 497 2041 536 me

349 583 411 636 in
443 581 613 636 tantis
643 577 920 648 angustiis
949 576 1174 646 inopem
1219 589 1283 626 ac
1303 572 1595 626 desertum
1621 587 1743 625 esse
1767 571 2036 641 patietur.

471 668 694 723 CAPUT
723 667 894 720 XXIX.
928 694 995 702 —
1013 667 1088 717 De
1114 663 1526 731 Scripturarum
1547 662 1897 715 auctoritate.

425 761 511 811 59.
535 755 917 820 Quamobrem
949 751 1200 804 adestote
1229 748 1456 814 animis,
1501 747 1814 809 Manichaei,
1869 747 1916 801 si
1946 747 2046 817 qui

353 849 498 901 forte
534 845 632 898 illa
659 840 1062 913 superstitione
1092 839 1171 892 ita
1219 836 1518 903 tenemini,
1566 840 1628 890 ut
1666 837 1901 890 evadere
1950 832 2048 888 ali-

355 933 582 1006 quando
613 930 857 1002 possitis.
911 929 1201 993 Adestote,
1259 925 1516 996 inquam,
1558 923 1680 978 sine
1711 922 2046 994 pertinacia,

355 1022 475 1076 sine
504 1019 688 1073 studio
720 1015 1020 1071 resistendi
1045 1032 1058 1068 :
1091 1030 1227 1068 nam
1253 1013 1420 1067 aliter
1453 1012 1608 1066 vobis
1637 1010 2049 1083 perniciosissi-

356 1125 514 1164 mum
547 1113 630 1161 est
638 1106 915 1177 judicare.
947 1105 1108 1158 Certe
1131 1103 1285 1157 enim
1307 1100 1523 1156 nemini
1555 1101 1796 1155 dubium
1814 1104 1916 1161 est,
1946 1115 2054 1153 nec

357 1197 539 1252 aversi
570 1212 664 1249 vos
693 1194 773 1248 ita
802 1192 934 1246 estis
964 1208 996 1244 a
1025 1208 1175 1255 vero,
1212 1195 1272 1244 ut
1303 1205 1421 1244 non
1451 1189 1802 1260 intelligatis,
1835 1188 1881 1242 si
1921 1187 2052 1242 dili-

359 1302 493 1357 gere
527 1286 706 1342 Deum
746 1286 800 1336 et
844 1281 1191 1351 proximum,
1247 1279 1466 1332 bonum
1495 1281 1599 1344 est,
1642 1276 1799 1348 quod
1843 1290 2054 1345 negare

358 1391 530 1429 nemo
559 1376 776 1443 potest;
811 1368 1090 1440 quidquid
1123 1368 1185 1421 in
1214 1367 1302 1420 his
1330 1366 1552 1421 duobus
1582 1364 1880 1435 praeceptis
1910 1380 2057 1435 pen-

360 1465 475 1529 det,
505 1458 817 1529 vituperari
840 1459 969 1527 jure
993 1472 1112 1510 non
1144 1472 1328 1526 posse.
1361 1454 1504 1518 Quid
1537 1469 1673 1523 ergo
1711 1454 1772 1506 in
1801 1452 1871 1506 iis
1912 1468 2055 1523 pen-

364 1551 516 1614 deat,
549 1546 857 1600 ridiculum
897 1547 981 1598 est
1009 1543 1114 1596 sia
1140 1559 1232 1596 me
1285 1541 1661 1612 qumrendum
1691 1556 1810 1595 esse
1853 1544 2055 1611 putas;

363 1637 554 1708 ipsum
581 1632 867 1688 Christum
902 1631 1055 1696 audi,
1089 1629 1241 1696 audi,
1292 1630 1551 1700 inquam,
1585 1629 1892 1698 Christum,
1925 1628 2059 1683 audi

367 1725 466 1779 Dei
497 1720 878 1792 Sapientiam:
910 1721 993 1787 jIn
1021 1719 1125 1786 his,
1151 1717 1359 1788 inquit,
1406 1717 1611 1771 duobus
1636 1719 1919 1786 praeceptis
1949 1721 2062 1772 tota

365 1815 477 1867 Lea:
501 1810 718 1880 pendet,
752 1811 800 1861 ct
829 1821 1004 1860 omnes
1024 1805 1302 1874 Propheta?
1330 1805 1544 1874 (Matth.
1571 1820 1704 1871 χχιι,
1735 1803 1845 1874 40).

435 1901 524 1952 60.
557 1895 704 1962 Quid
742 1896 850 1949 hoc
894 1895 1018 1948 loco
1076 1897 1261 1964 potest
1308 1892 1495 1947 dicere
1562 1891 2064 1963 impudentissima

367 1984 719 2059 pertinacia?
750 1985 870 2038 Non
893 1984 1001 2037 hoc
1027 1982 1315 2037 Christum
1342 1981 1545 2036 dixisse
1565 1983 1594 2034 ?
1620 1984 1693 2035 At
1720 1981 1780 2034 in
1808 1982 2061 2051 Evange-

369 2077 445 2130 lio
482 2074 650 2128 verba
672 2074 793 2143 ejus
815 2072 921 2125 ista
947 2070 1265 2141 conscripta
1295 2075 1448 2123 sunt.
1482 2070 1710 2124 Falsum
1739 2085 1859 2123 esse
1897 2068 2066 2139 scrip-

368 2166 539 2218 tum?
579 2161 723 2227 Quid
771 2161 880 2214 hoc
933 2159 1228 2230 sacrilegio
1284 2158 1466 2228 magis
1523 2158 1769 2228 impium
1821 2157 2066 2229 reperiri

369 2252 606 2322 potest?
635 2248 773 2320 quid
798 2247 904 2302 ista
932 2263 1064 2300 voce
1113 2246 1552 2317 impudentius?
1582 2245 1723 2317 quid
1750 2245 2018 2299 audacius
2037 2247 2066 2301 ?

368 2339 509 2410 quid
546 2335 910 2392 sceleratius?
941 2335 1388 2389 Simulacrorum
1418 2335 1684 2398 cultores,
1731 2334 1830 2404 qui
1856 2334 2066 2389 Christi

370 2427 544 2481 etiam
581 2440 790 2478 nomen
821 2423 1083 2487 oderunt,
1120 2437 1419 2492 nunquam
1457 2422 1566 2474 hoc
1603 2421 1873 2476 adversus
1919 2423 2065 2476 Scri-

371 2520 567 2585 pturas
612 2512 736 2565 illas
775 2511 896 2564 ausi
944 2513 1076 2563 sunt
1130 2509 1339 2564 dicere.
1370 2510 1762 2580 Consequetur
1816 2527 2066 2581 namque

371 2601 630 2658 omnium
657 2600 980 2654 litterarum
1010 2614 1234 2652 summa
1265 2598 1570 2668 perversio,
1605 2601 1660 2652 et
1681 2598 1941 2653 omnium
1969 2600 2069 2671 qui

380 2689 676 2745 memoriae
721 2686 976 2741 mandati
1032 2692 1165 2741 sunt
1212 2687 1493 2740 librorum
1528 2685 1782 2753 abolitio,
1825 2687 1870 2739 si
1913 2687 2065 2758 quod

373 2783 529 2834 tanta
541 2777 891 2848 populorum
914 2775 1195 2846 religione
1223 2775 1559 2829 roboratum
1578 2780 1682 2843 est,
1705 2779 1862 2829 tanta
1882 2775 2069 2830 homi-

373 2883 516 2921 num
547 2871 602 2921 et
632 2870 958 2934 temporum
980 2862 1353 2917 consensione
1385 2861 1698 2930 ﬁrmatum,
1723 2863 1784 2916 in
1815 2864 1958 2917 hanc
1979 2865 2073 2918 du-

373 2953 710 3009 bitationem
741 2951 1060 3016 adducitur,
1094 2955 1156 3004 ut
1178 2967 1247 3003 ne
1273 2949 1526 3004 historiae
1557 2951 1790 3021 quidem
1821 2951 2072 3022 vulgaris

376 3043 552 3098 ﬁdem
577 3039 756 3112 possit
790 3039 1242 3109 gravitatemque
1273 3038 1551 3092 obtinere.
1607 3041 1900 3094 Postremo
1932 3041 2072 3111 quid

374 3131 443 3186 de
476 3128 770 3198 scripturis
805 3127 934 3181 ullis
975 3127 1234 3197 proferre
1263 3125 1500 3197 poteris,
1535 3125 1630 3181 ubi
1663 3125 1806 3180 mihi
1855 3126 1939 3180 uti
1968 3126 2073 3179 hac

385 3233 513 3273 voce
544 3233 657 3270 non
696 3216 880 3282 liceat,
922 3215 971 3269 si
1015 3220 1212 3268 contra
1254 3231 1442 3269 meam
1469 3215 1960 3270 ratiocinationem
1989 3213 2074 3268 in-

379 3305 813 3374 tentionemque
843 3303 1214 3374 proferatur?

451 3397 538 3447 61.
573 3392 715 3447 Illud
737 3408 872 3445 vero
900 3390 1027 3462 quis
1064 3390 1208 3444 ferre
1256 3389 1454 3460 possit,
1516 3389 1670 3461 quod
1701 3406 1806 3443 nos
1843 3390 2072 3445 notissi-

380 3481 489 3537 mis
517 3497 580 3535 ac
602 3482 724 3552 jam
744 3481 803 3534 in
836 3479 1100 3534 manibus
1121 3478 1377 3534 omnium
1399 3478 1579 3533 Libris
1603 3478 1923 3533 constitutis
1953 3496 2073 3534 cre-

381 3571 514 3626 dere
541 3573 753 3636 vetant,
788 3574 844 3622 et
874 3569 943 3622 iis
975 3585 1104 3639 quae
1157 3567 1267 3638 ipsi
1300 3568 1614 3639 proferunt,
1666 3567 1957 3639 imperant
2011 3573 2077 3623 ut

380 3659 721 3713 credamus?
764 3656 821 3712 Si
850 3656 918 3710 de
977 3657 1260 3726 scriptura
1290 3655 1669 3710 dubitandum
1721 3660 1822 3722 est,
1861 3656 1930 3709 de
1963 3671 2078 3726 qua

383 3745 564 3817 magis
584 3761 757 3816 quam
788 3761 916 3816 quae
945 3744 1228 3799 diffamari
1259 3760 1374 3797 non
1406 3745 1636 3812 meruit,
1668 3760 1867 3814 quaeve
1887 3743 2077 3815 potuit

382 3835 486 3890 sub
517 3833 752 3888 nomine
782 3833 892 3886 alio
931 3836 1048 3886 tota
1076 3831 1354 3886 mentiri?
1381 3832 1454 3900 _Si
1490 3831 1656 3885 istam
1684 3831 1846 3885 obdis
1875 3832 2075 3900 invito,

383 3927 442 3977 et
470 3921 824 3976 auctoritatis
855 3920 1294 3990 exaggeratione
1324 3920 1478 3989 cogis
1522 3919 1582 3972 in
1612 3919 1785 3973 ﬁdem
1814 3919 1831 3952 ¹
1855 3937 1868 3986 ;
1893 3935 2075 3990 egone

382 4010 453 4065 de
483 4009 601 4075 illa,
634 4023 808 4080 quam
834 4011 1160 4061 constanter
1207 4006 1481 4060 latissime
1512 4006 1856 4078 divulgatam
1887 4007 2073 4074 video,

381 4104 440 4153 et
461 4097 833 4152 Ecclesiarum
853 4111 956 4167 per
985 4099 1166 4149 totum
1213 4094 1411 4149 orbem
1450 4093 1835 4165 dispersarum
1885 4098 2074 4149 co'nte-

382 4189 619 4243 statione
649 4186 952 4252 munitam,
986 4185 1258 4240 dubitabo
1291 4185 1483 4252 miser,
1517 4189 1590 4253 et,
1625 4185 1779 4256 quod
1798 4190 1882 4239 est
1910 4185 2076 4240 mise-

379 4277 518 4344 rius,
553 4281 607 4330 te
634 4279 861 4330 auctore
882 4274 1151 4329 dubitabo
1178 4272 1205 4324 ?
1235 4275 1376 4328 Cum
1403 4273 1450 4327 si
1480 4273 1826 4345 exemplaria
1857 4275 2075 4345 profer-

382 4382 468 4419 res
494 4367 694 4434 altera,
722 4369 918 4419 tenere
948 4379 1066 4416 non
1095 4362 1383 4429 deberem,
1423 4362 1532 4416 nisi
1563 4379 1629 4416 ea
1658 4379 1786 4434 quas
1819 4361 2076 4433 plurium

379 4453 749 4508 consensione
795 4451 1370 4517 commendarentur;
1408 4467 1561 4505 nunc
1606 4451 1751 4505 nihil
1795 4456 1852 4506 te
1878 4451 2074 4522 profe-

379 4547 540 4594 rente
589 4540 743 4610 quod
775 4540 1050 4607 conferas,
1091 4543 1302 4610 prater
1327 4537 1719 4592 inanissimam
1763 4555 1959 4594 vocem
1990 4543 2074 4593 te-

383 4628 775 4701 meritatisque
791 4627 1206 4700 plenissimam,
1237 4625 1464 4698 putabis
1497 4642 1674 4697 usque
1714 4626 1855 4681 adeo
1891 4643 2074 4698 genus

381 4717 699 4772 humanum
722 4732 842 4770 esse
871 4733 1226 4786 perversum,
1261 4721 1317 4770 et
1340 4714 1543 4769 divinae
1565 4715 1936 4785 providentiae
1967 4732 2075 4787 ope

382 4805 692 4868 desertum,
723 4808 805 4870 ,ut
852 4804 964 4858 illis
993 4804 1320 4875 Scripturis,
1356 4821 1470 4858 non
1505 4819 1539 4857 a
1575 4807 1631 4858 te
1661 4804 1907 4874 prolatas
1938 4804 2075 4859 alias

381 4893 590 4965 quibus
605 4892 1045 4963 redarguantur,
1074 4895 1174 4949 sed
1205 4898 1300 4948 tua
1317 4897 1541 4948 tantum
1565 4893 1736 4947 verba
1747 4896 2076 4963 praeponat?

381 4980 763 5038 Proferendus
793 4986 876 5035 est
904 4997 1152 5053 namque
1183 4981 1290 5037 tibi
1321 4983 1465 5037 alius
1497 4982 1675 5037 codex
1705 4982 1904 5036 eadem
1933 4999 2072 5037 con-

378 5072 591 5140 tinens,
623 5071 719 5125 sed
751 5075 943 5124 tamen
971 5070 1333 5142 incorruptus
1362 5075 1420 5126 et
1446 5071 1655 5141 verior,
1683 5071 1784 5126 ubi
1825 5071 1953 5126 sola
1971 5072 2070 5128 de-

379 5161 491 5216 sint
519 5177 585 5216 ea
614 5177 744 5232 quae
790 5158 882 5214 hic
909 5159 1165 5214 immissa
1193 5145 1314 5215 esse
1344 5160 1680 5215 criminaris.
1715 5162 1786 5215 Ut
1813 5160 1882 5223 si,
1911 5160 2072 5215 verbi

379 5266 568 5318 causa,
601 5249 762 5305 Pauli
795 5247 1124 5321 Epistolam,
1157 5264 1286 5320 quae
1317 5249 1387 5303 ad
1417 5251 1705 5304 Romanos
1734 5249 1944 5320 scripta
1963 5253 2066 5317 est,

441 5402 456 5434 1
479 5398 908 5462 Theodericensis
926 5397 1110 5447 codex:
1136 5399 1198 5446 Et
1223 5397 1560 5448 auctoritatis
1581 5401 1784 5448 ratione
1800 5401 1942 5462 cogis
1963 5401 2070 5450 exi-

376 5463 562 5524 gerein
579 5457 751 5524 ﬁdem.
775 5461 877 5511 Alii
887 5474 979 5511 sex
1002 5463 1091 5511 :Et
1105 5462 1442 5512 auctoritatis
1467 5472 1788 5524 exaggerem
1809 5457 2071 5524 rationem

376 5521 511 5585 cogis
528 5521 585 5573 in
604 5521 780 5587 ﬁnem.

1147 273 1263 344 {DE
1303 273 1615 328 MOltlBUS
1654 269 2075 326 CATHOLIUIE
2114 253 2496 335 ECCLESlz'E,
2541 268 2590 322 S.
2638 264 3021 322 AUGUSTINI

3733 272 3749 320 Ι
3765 272 3863 321 336

2150 397 2477 463 corruptam
2534 406 2654 445 esse
2697 387 3009 456 contendis,
3063 387 3234 442 aliam
3292 389 3548 460 proferas
3595 388 3865 442 incorru-

2151 487 2331 553 ptam,
2353 482 2438 536 vel
2458 479 2635 535 alium
2659 478 2914 533 codicem
2943 476 3152 549 potius,
3186 477 3246 531 in
3274 494 3388 550 quo
3419 478 3691 549 ejusdem
3720 481 3865 549 Apo-

2153 571 2282 625 stoli
2312 570 2512 624 eadem
2553 568 2804 639 Epistula
2835 567 3054 621 sincera
3091 571 3149 620 et
3177 566 3504 637 incorrupta
3531 567 3870 636 conscripta

2154 659 2248 714 sit.
2291 661 2415 713 Non
2463 657 2687 726 faciam,
2742 656 2949 726 inquis,
2989 671 3060 709 ne
3107 655 3228 724 ipse
3268 655 3592 726 corrupisse
3623 654 3869 708 credar:

2155 750 2262 802 hoc
2291 748 2447 802 enim
2477 745 2670 800 soletis
2699 745 2920 811 dicere;
2953 748 3009 798 et
3037 760 3235 798 verum
3257 743 3444 798 dicitis
3469 760 3481 797 :
3515 743 3669 797 nihil
3705 760 3872 815 pror-

2157 853 2250 890 sus
2270 835 2425 890 aliud
2456 833 2895 905 suspicabuntur
2919 833 3006 886 vel
3035 832 3398 887 mediocriter
3423 832 3647 886 cordati
3681 833 3874 885 homi-

2159 941 2281 991 nes,
2315 924 2362 977 si
2393 924 2498 977 hoc
2519 923 2734 977 feceris.
2757 921 2895 977 Vide
2925 937 3060 991 ergo
3089 925 3152 975 tu
3182 921 3304 992 ipse
3335 921 3473 992 quid
3501 921 3574 974 de
3607 921 3875 974 auctori-

2158 1019 2274 1069 tate
2301 1017 2400 1066 tua
2443 1011 2827 1082 judicaveris:
2861 1013 2917 1064 et
2945 1009 3200 1080 intellige
3253 1015 3446 1063 utrum
3504 1010 3624 1063 tuis
3682 1008 3875 1061 verbis

2162 1106 2354 1156 contra
2382 1100 2508 1154 illas
2536 1099 2854 1169 Scripturas
2895 1098 3122 1152 credere
3165 1097 3431 1161 debeant,
3468 1097 3514 1150 si
3545 1095 3772 1160 codici,
3804 1097 3872 1148 ob

2161 1191 2269 1244 hoc
2299 1189 2485 1243 solum
2509 1188 2660 1259 quod
2691 1187 2788 1241 abs
2815 1191 2868 1242 te
2892 1186 3199 1258 profertur,
3241 1201 3464 1257 magna:
3514 1185 3877 1240 temeritatis

2164 1282 2247 1333 est
2277 1277 2524 1331 credere.

2167 1367 2390 1422 CAPUT
2419 1367 2564 1420 XXX.
2617 1395 2682 1403 ——
2727 1363 3066 1433 Apostrophe
3103 1362 3178 1417 ad
3227 1363 3522 1417 Ecclesium
3571 1365 3752 1416 totius
3794 1379 3881 1417 sa-

2265 1456 2488 1524 pientiae
2520 1455 2858 1522 magistram.
2893 1453 3150 1507 Doctrina
3181 1453 3455 1506 catholicae
3483 1452 3778 1506 Ecclesia.

2239 1546 2327 1598 62.
2351 1542 2457 1598 Sed
2488 1541 2626 1612 quid
2653 1541 2786 1594 hinc
2814 1541 2981 1610 plura
3006 1540 3034 1593 ?
3063 1538 3199 1604 Quis
3229 1539 3384 1593 enim
3415 1554 3530 1592 non
3558 1538 3766 1591 videat
3795 1554 3884 1590 eos

2167 1632 2267 1704 qui
2282 1635 2478 1686 contra
2493 1629 2809 1700 Scripturas
2832 1627 3166 1683 christianas
3192 1628 3314 1682 haec
3334 1627 3546 1681 audent
3568 1626 3802 1694 dicere,
3829 1633 3884 1679 ut

2169 1720 2333 1774 illlud
2364 1735 2478 1773 non
2498 1717 2610 1770 sint
2627 1717 2780 1788 quod
2796 1716 3060 1770 homines
3078 1715 3462 1785 suspicantur,
3497 1719 3658 1768 certe
3688 1718 3883 1767 tamen

2171 1824 2286 1862 non
2335 1823 2454 1861 esse
2485 1804 2869 1859 christianos?
2900 1805 3042 1857 Nam
3093 1802 3426 1858 Christianis
3455 1802 3583 1855 haec
3618 1802 3765 1856 data
3805 1807 3884 1856 est

2172 1897 2353 1952 forma
2377 1892 2622 1960 vivendi,
2651 1898 2715 1946 ut
2734 1891 3039 1962 diligamus
3065 1889 3372 1944 Dominum
3397 1892 3583 1944 Deum
3617 1896 3885 1944 nostram

2173 2002 2236 2040 ex
2249 1987 2365 2039 toto
2378 1982 2570 2046 corde,
2594 1985 2651 2036 et
2673 1997 2739 2034 ex
2757 1984 2873 2034 tota
2894 1980 3106 2047 anima,
3129 1983 3185 2033 et
3205 1996 3270 2034 ex
3292 1983 3410 2033 tota
3425 1984 3649 2045 mente,
3673 1979 3882 2032 deinde

2172 2071 2499 2145 proximum
2521 2074 2778 2125 nostrum
2795 2071 3068 2140 tanquam
3089 2067 3493 2138 nosmetipsos:
3519 2069 3581 2120 in
3614 2068 3705 2121 his
3736 2067 3883 2121 enim

2175 2162 2380 2217 duobus
2407 2161 2691 2231 praeceptis
2741 2162 2851 2212 tota
2881 2159 2990 2211 Lea:
3015 2157 3233 2226 pendet,
3265 2161 3314 2210 et
3359 2171 3536 2210 omnes
3572 2157 3881 2224 Propheta.

2179 2251 2358 2320 (Deut.
2381 2266 2454 2317 v1,
2485 2252 2568 2315 5.;
2601 2248 2796 2303 Matth.
2842 2263 2976 2312 xxu,
3010 2246 3120 2316 37).
3158 2244 3373 2310 Merito,
3405 2244 3660 2298 Ecclesia
3692 2245 3882 2297 catho-

2175 2339 2283 2392 lica
2310 2342 2492 2391 mater
2520 2336 2970 2392 Christianorum
2991 2334 3303 2399 verissima,
3334 2349 3448 2387 non
3471 2333 3667 2386 solum
3695 2333 3885 2403 ipsum

2178 2428 2378 2491 Deum,
2399 2425 2561 2496 cujus
2592 2423 2815 2494 adeptio
2840 2422 2952 2476 vita
2975 2427 3058 2476 est
3087 2421 3426 2476 beatissima.
3463 2420 3790 2491 purissime
3813 2427 3883 2474 at-

2178 2531 2290 2586 que
2320 2513 2628 2568 castissime
2650 2512 2953 2566 colendum
2982 2511 3286 2582 praedicas;
3310 2511 3742 2579 nullamﬁobis
3768 2511 3886 2563 ado-

2177 2602 2412 2657 randam
2431 2606 2750 2655 creaturam
2777 2600 3076 2668 inducens,
3106 2599 3198 2652 cui
3219 2599 3427 2652 servire
3445 2598 3805 2668 jubeamur;
3835 2605 3882 2650 et

2181 2689 2362 2744 abilla
2380 2689 2710 2760 incorrupta
2724 2692 2778 2742 et
2790 2687 3105 2741 inviolabili
3122 2686 3461 2752 aeternitate,
3482 2686 3577 2740 cui
3593 2687 3707 2740 soli
3727 2686 3888 2740 homo

2181 2777 2568 2848 subjiciendus
2601 2781 2704 2842 est,
2736 2775 2828 2830 cui
2851 2775 2956 2830 soli
2991 2775 3284 2829 rationalis
3317 2775 3513 2828 anima
3531 2775 3880 2829 cohzerendo

2179 2882 2297 2920 non
2313 2865 2517 2920 misera
2538 2869 2639 2932 est,
2666 2864 2974 2918 excludens
2995 2879 3165 2918 omne
3197 2863 3347 2935 quod
3373 2863 3592 2918 factum
3614 2869 3725 2930 est,
3743 2864 3888 2934 quod

2181 2954 2491 3010 obnoxium
2537 2952 2992 3018 commutationi,
3043 2952 3195 3023 quod
3246 2951 3539 3006 subditum
3605 2952 3888 3023 tempori;

2181 3059 2365 3114 neque
2398 3041 2746 3096 confundens
2769 3041 2923 3112 quod
2940 3040 3248 3106 aeternitas,
3283 3041 3436 3111 quod
3458 3041 3698 3106 veritas,
3737 3040 3882 3112 quod

2183 3131 2428 3202 denique
2439 3146 2551 3202 pax
2575 3130 2696 3201 ipsa
2721 3129 3040 3200 distinguit,
3057 3145 3159 3183 nec
3188 3145 3415 3182 rursum
3447 3145 3734 3200 separans
3749 3129 3889 3200 quod

2183 3220 2450 3290 majestas
2479 3235 2593 3272 una
2621 3219 2954 3289 conjungit:
2989 3218 3085 3272 sed
3133 3218 3305 3272 etiam
3332 3217 3588 3287 proximi
3637 3218 3885 3272 dilectio-

2184 3324 2315 3362 nem
2345 3311 2515 3378 atque
2537 3307 2870 3361 charitatem
2901 3306 2980 3360 ita
3017 3306 3429 3377 complecteris,
3464 3312 3529 3360 ut
3593 3308 3885 3361 variorum

2183 3396 2536 3462 morborum,
2569 3395 2776 3466 quibus
2796 3411 2900 3466 pro
2922 3394 3168 3464 peccatis
3199 3394 3315 3449 suis
3345 3395 3556 3449 anima:
3582 3401 3889 3466 aegrotant,

2186 3484 2373 3539 omnis
2401 3484 2553 3554 apud
2585 3489 2639 3537 te
2669 3483 2952 3537 medicina
2980 3483 3333 3553 praepolleat.

2257 3577 2342 3628 53.
2374 3574 2456 3626 Tu
2497 3571 2796 3642 pueriliter
2838 3587 3069 3641 pueros,
3121 3571 3343 3626 fortiter
3383 3571 3658 3642 juvenes,
3707 3571 3890 3643 quiete

2185 3677 2364 3725 senes,
2400 3664 2570 3728 prout
2599 3660 2875 3730 cujusque
2925 3675 3038 3712 non
3085 3659 3338 3730 corporis
3374 3664 3633 3726 tantum,
3690 3661 3793 3714 sed
3835 3669 3884 3712 et

2186 3748 2364 3804 animi
2396 3755 2534 3804 tetas
2591 3752 2695 3816 est,
2755 3765 2980 3803 exerces
3009 3764 3072 3802 ac
3102 3748 3283 3802 doces.
3330 3749 3414 3802 Tu
3469 3747 3729 3803 feminas

2187 3837 2321 3904 suis,
2354 3853 2468 3891 non
2497 3837 2570 3891 ad
2608 3837 2949 3907 explendam
2980 3836 3297 3903 libidinem,
3329 3837 3424 3891 sed
3453 3837 3525 3891 ad
3555 3854 3891 3909 propagan-

2186 3925 2315 3979 dam
2347 3925 2590 4002 prolem,
2626 3930 2683 3978 et
2721 3925 2792 3979 ad
2822 3926 2903 3979 rei
2933 3925 3232 3979 familiaris
3262 3925 3621 3992 societatem,
3659 3934 3816 3980 casta
3842 3935 3888 3978 et

2187 4013 2342 4068 ﬁdeli
2372 4013 2700 4068 obedientia
2727 4013 2977 4084 subjicis.
3000 4015 3082 4068 Tu
3118 4013 3260 4068 viros
3287 4015 3665 4084 conjugibus,
3682 4031 3802 4068 non
3824 4014 3883 4066 ad

2185 4101 2543 4156 illudendum
2573 4101 3006 4157 imbecilliorem
3037 4118 3257 4168 sexum,
3309 4102 3408 4156 sed
3435 4101 3657 4155 sinceri
3691 4102 3891 4156 amoris

2187 4191 2404 4261 legibus
2444 4190 2707 4262 praeficis.
2749 4192 2833 4246 Tu
2870 4190 3205 4261 parentibus
3235 4189 3381 4244 ﬁlios
3420 4189 3612 4244 libera
3647 4191 3890 4262 quadam

2188 4278 2455 4334 servitute
2502 4279 2819 4350 subjungis,
2868 4284 3135 4350 parentes
3183 4279 3317 4333 ﬁliis
3360 4279 3457 4348 pia
3489 4279 3892 4333 dominatione

2186 4367 2498 4438 praeponis.
2530 4369 2614 4421 Tu
2644 4362 2914 4422 fratribus
2959 4368 3161 4421 fratres
3206 4366 3506 4438 religionis
3537 4367 3778 4422 vinculo
3807 4367 3892 4421 ﬁr-

2187 4456 2364 4510 miore
2395 4461 2564 4527 atque
2594 4455 2835 4509 arctiore
2867 4471 3041 4526 quam
3088 4454 3385 4526 sanguinis
3414 4455 3620 4509 nectis.
3659 4457 3744 4510 'l‘u
3779 4472 3891 4510 om-

2186 4560 2319 4598 nem
2350 4543 2576 4615 generis
2604 4543 3098 4615 propinquitatem
3127 4548 3182 4597 et
3211 4543 3504 4596 afﬁnitatis
3525 4545 3895 4598 necessitudi-

2185 4649 2339 4701 nem,
2382 4633 2615 4687 servatis
2661 4639 2879 4686 naturaa
2911 4633 3334 4702 voluntatisque
3375 4631 3648 4700 nexibus,
3702 4639 3894 4687 mutua

2184 4722 2457 4776 charitate
2478 4721 2840 4791 constringis.
2859 4722 2940 4776 Tu
2962 4720 3211 4775 dominis
3232 4736 3443 4784 servos,
3477 4736 3595 4774 non
3623 4727 3752 4776 tam
3777 4739 3892 4776 cen~

2184 4808 2415 4864 ditionis
2467 4809 2824 4879 necessitate,
2884 4825 3057 4880 quam
3102 4808 3275 4863 ofﬁcii
3329 4809 3729 4865 delectatione
3805 4812 3890 4865 do-

2186 4913 2276 4952 ces
2347 4897 2655 4953 adhaerere.
2733 4898 2816 4951 Tu
2882 4895 3145 4951 dominos
3218 4895 3414 4961 servis,
3496 4899 3724 4953 summi
3807 4899 3888 4954 De;

2184 4986 2504 5040 communis
2544 4985 2777 5040 Domini
2823 4985 3277 5040 consideratione
3327 4984 3671 5056 placabiles,
3726 4994 3786 5042 et
3834 4988 3889 5040 ai-

2184 5074 2597 5129 consulendum
2628 5090 2803 5146 quam
2833 5073 3212 5128 coercendum
3271 5072 3693 5146 propensiores
3742 5077 3888 5130 facis.

2183 5164 2264 5218 Tu
2294 5163 2441 5217 cives
2462 5163 2708 5234 civibus,
2730 5167 2926 5233 gentes
2950 5163 3240 5234 gentibus,
3273 5168 3328 5218 et
3358 5179 3594 5234 prorsus
3627 5163 3891 5219 homines

2181 5251 2500 5321 primorum
2530 5255 2834 5323 parentum
2865 5251 3275 5318 recordatione,
3309 5267 3426 5308 non
3461 5251 3743 5309 societate
3777 5261 3892 5308 tan-

2180 5343 2324 5407 tum,
2357 5341 2454 5395 sed
2473 5341 2722 5412 quadam
2753 5341 2925 5396 etiam
2953 5340 3308 5396 fraternitate
3353 5341 3686 5410 conjungis.
3727 5345 3896 5398 Doces

2180 5445 2344 5500 reges
2372 5429 2694 5500 prospicere
2737 5430 2995 5501 populis;
3030 5445 3231 5484 mones
3271 5430 3516 5500 populos
3556 5447 3620 5485 se
3655 5433 3892 5488 subdere

2186 5517 2435 5588 regibus.
2467 5518 2682 5582 Quibus
2709 5519 2895 5574 honor
2914 5518 3210 5585 debeatur,
3235 5517 3442 5588 quibus
3465 5517 3739 5586 aﬂ'ectus,
3773 5523 3896 5593 qui-
