4036 6182
225 296 332 346 1337

213 414 305 468 bus
335 414 671 483 reverentia,
701 414 907 486 quibus
938 416 1130 480 timor,
1166 417 1371 489 quibus
1398 418 1731 482 consolatio,
1764 418 1887 491 qui-

216 503 304 557 bus
324 502 654 567 admonitio,
683 504 891 574 quibus
915 506 1229 561 cohortatio
1254 505 1292 574 ⁴,
1327 509 1535 579 quibus
1565 508 1884 579 disciplina,

214 590 401 661 quibus
436 591 778 661 objurgatio,
813 594 1018 664 quibus
1048 597 1416 667 supplicium,
1452 598 1650 651 sedulo
1680 598 1882 663 doces;

214 678 493 732 ostendens
523 681 1009 749 quemadmodum
1049 690 1102 737 et
1143 701 1258 737 non
1289 686 1555 739 omnibus
1586 686 1799 751 omnia,
1830 690 1888 740 et

215 768 457 821 omnibus
489 769 751 835 Charitas,
786 776 840 824 et
866 772 1008 825 nulli
1037 773 1315 827 debeatur
1344 774 1573 845 injuria.

273 857 350 909 64.
381 856 408 908 J
414 872 506 908 am
527 873 660 910 vero
682 874 811 911 cum
832 859 955 913 habe
974 860 1226 915 humana
1251 862 1477 916 dilectio
1507 863 1884 916 inhaerentem

212 944 461 997 uberibus
490 945 602 998 tuis
646 947 963 1015 nutriverit,
1011 955 1065 1003 et
1104 951 1453 1005 roboraverit
1492 951 1770 1015 animum,
1805 967 1886 1003 se-

212 1033 415 1103 quendo
452 1034 565 1086 Deo
598 1034 805 1088 factum
852 1036 907 1089 id
930 1053 1163 1105 meum;
1218 1039 1316 1094 ubi
1363 1040 1484 1110 ejus
1523 1041 1787 1110 majestas
1819 1055 1881 1092 ex

210 1124 350 1175 tanta
375 1128 534 1191 parte
560 1128 774 1193 quanta
795 1125 1036 1191 homini,
1062 1128 1199 1182 dum
1222 1133 1388 1183 terra:
1410 1130 1580 1199 hujus
1602 1129 1881 1183 inhabita-

209 1211 288 1261 tor
314 1214 410 1275 est,
454 1210 681 1276 sufﬁcit,
719 1214 940 1283 aperire
974 1232 1031 1269 se
1064 1218 1336 1287 coeperit;
1372 1222 1560 1271 tantus
1592 1216 1881 1271 charitatis

142 1328 171 1357 .
210 1296 359 1349 ardor
375 1297 706 1365 innascitur,
732 1307 788 1354 et
808 1306 1028 1357 tantum
1049 1305 1224 1359 divini
1248 1307 1461 1360 amoris
1484 1306 1779 1375 consurgit
1798 1306 1882 1358 in-

207 1384 474 1451 cendium,
495 1392 558 1440 ut
584 1389 794 1443 exustis
821 1392 1087 1446 omnibus
1110 1393 1280 1463 vitiis,
1303 1400 1358 1449 et
1380 1395 1611 1448 homine
1638 1399 1880 1465 purgato

207 1479 358 1543 atque
388 1475 754 1542 sanctificato,
788 1479 922 1532 satis
943 1487 1216 1551 appareat
1246 1498 1416 1553 quam
1448 1482 1636 1537 divine
1665 1482 1878 1536 dictum

205 1562 293 1614 sit:
310 1564 418 1629 Ego
434 1578 551 1618 sum
564 1566 709 1630 ignis
726 1582 1040 1623 consumens
1061 1572 1238 1639 (Deut.
1260 1588 1332 1636 1v,
1359 1571 1445 1639 24)
1465 1571 1542 1641 (a)
1565 1588 1576 1638 ;
1603 1575 1677 1638 et,
1698 1574 1879 1637 Ignem

201 1652 312 1703 veni
335 1654 542 1705 mittere
566 1658 622 1707 in
649 1656 909 1710 mundum
940 1659 1085 1727 (Luc.
1119 1675 1215 1725 xu,
1244 1662 1354 1730 49).
1387 1660 1523 1724 Quae
1563 1661 1687 1714 duae
1720 1676 1880 1713 voces

203 1738 357 1792 unius
399 1740 498 1793 Dei
528 1741 589 1794 in
619 1742 839 1797 duobus
868 1746 1240 1801 Testamentis
1272 1748 1533 1818 signatae,
1565 1748 1878 1801 sanctiﬁca-

200 1827 401 1883 tionem
432 1831 639 1886 animas
668 1836 934 1889 concordi
958 1837 1317 1891 attestatione
1349 1838 1657 1903 declarant,
1694 1841 1753 1891 ut
1782 1838 1882 1891 ﬁat

200 1917 492 1987 aliquando
523 1920 662 1975 illud
703 1924 853 1993 quod
903 1924 1040 1979 item
1072 1926 1129 1978 in
1176 1927 1386 1979 Novam
1417 1927 1767 1996 Scripturam
1811 1926 1879 1979 de

198 2006 370 2058 Veteri
401 2015 756 2080 assumptum
788 2016 891 2080 est,
913 2014 1193 2083 Absorpta
1214 2018 1292 2068 est
1316 2030 1457 2068 mors
1488 2018 1546 2068 in
1574 2016 1876 2068 victoriam.

203 2093 295 2146 Ubi
322 2098 417 2159 est,
448 2112 609 2163 mors,
640 2100 855 2152 aculeus
884 2105 1005 2153 tuus
1023 2105 1050 2155 ?
1078 2102 1171 2155 ubi
1209 2108 1305 2167 est,
1329 2118 1470 2157 mors
1496 2105 1758 2157 contentio
1786 2108 1879 2156 tua

197 2180 237 2247 (Ι
257 2183 379 2236 Cor.
401 2200 490 2250 xv,
518 2188 606 2247 54,
627 2187 713 2256 55)
736 2188 763 2239 ?
783 2187 945 2250 Quod
967 2204 1147 2243 unum
1169 2189 1261 2243 isti
1285 2190 1539 2244 haeretici
1559 2191 1879 2261 intelligere

195 2269 239 2322 si
266 2272 530 2337 valerent,
566 2290 851 2345 nusquam
882 2277 1132 2346 profecto
1166 2281 1343 2332 Deum
1376 2279 1487 2332 nisi
1520 2280 1674 2349 apud
1705 2284 1757 2334 te
1788 2284 1879 2333 at—

194 2374 298 2429 que
314 2359 483 2414 intuo
511 2362 752 2432 gremio,
770 2365 1009 2418 minime
1030 2368 1260 2437 superbi
1275 2373 1329 2421 et
1354 2368 1495 2422 bene
1514 2369 1699 2439 pacati
1717 2385 1881 2423 vene-

193 2453 465 2502 rarentur.
508 2451 705 2505 Merito
732 2454 883 2523 apud
906 2458 959 2508 te
991 2455 1179 2509 divina
1200 2463 1482 2527 praecepta
1518 2459 1629 2512 late
1655 2458 1880 2512 diffuse-

189 2551 295 2604 que
310 2542 623 2595 servantur.
644 2541 839 2594 Merito
852 2544 1000 2612 apud
1014 2546 1069 2596 te
1083 2544 1226 2597 bene
1240 2544 1600 2615 intelligitur,
1619 2562 1788 2616 quam
1810 2547 1881 2601 sit

186 2624 406 2692 gravius
430 2628 674 2696 cognita,
707 2645 880 2699 quam
912 2631 1201 2702 incognita
1223 2634 1355 2703 lege
1376 2650 1627 2705 peccare.
1646 2635 1878 2690 Aculcus

186 2716 323 2766 enim
344 2718 532 2769 mortis
548 2722 846 2787 peccatum,
863 2721 1037 2774 virtus
1055 2726 1232 2776 autem
1242 2726 1453 2791 peccati
1473 2726 1560 2777 lca:
1577 2724 1735 2789 (Ibid.
1763 2727 1874 2793 56).

187 2816 300 2870 qua
336 2802 562 2871 gravius
590 2804 754 2859 feriat
779 2810 800 2841 ²
827 2812 882 2860 et
924 2808 1220 2863 interimat
1249 2811 1560 2881 contempti
1606 2811 1878 2881 praecepit

186 2891 548 2945 conscientia.
585 2894 779 2948 Merito
824 2896 977 2965 apud
1017 2902 1069 2950 te
1103 2898 1296 2951 «visum
1325 2904 1430 2963 est,
1464 2916 1638 2969 quam
1670 2900 1742 2953 sit
1772 2900 1875 2954 sub

188 2978 309 3047 lege
341 2981 592 3049 operatio
622 2998 787 3051 vana,
819 3000 950 3037 cum
981 2984 1156 3039 libido
1185 2985 1441 3040 animum
1469 2991 1669 3052 vastat,
1703 2991 1755 3041 et
1782 3005 1879 3041 co-

189 3065 412 3119 hibetur
438 3084 620 3138 pmnaa
642 3075 815 3135 metu,
842 3088 957 3125 non
983 3088 1178 3127 amore
1207 3073 1432 3127 virtutis
1455 3076 1734 3129 obruitur.
1769 3078 1878 3131 Me-

188 3153 295 3206 rito
335 3156 435 3209 tibi
485 3162 601 3211 tam
633 3160 799 3213 multi
844 3160 1174 3231 hospitales,
1213 3163 1377 3216 multi
1417 3163 1674 3230 officiosi,
1708 3167 1874 3220 multi

183 3241 597 3311 misericordes,
638 3247 808 3300 multi
857 3247 1031 3315 docti,
1076 3249 1242 3303 multi
1270 3251 1431 3316 casti,
1464 3252 1631 3305 multi
1673 3254 1872 3316 sancti,

182 3329 350 3383 multi
383 3348 561 3402 usque
616 3334 757 3387 adeo
807 3336 910 3389 Dei
961 3353 1153 3391 amore
1198 3338 1521 3409 ﬂagrantes,
1574 3345 1637 3393 ut
1681 3358 1777 3395 eos
1818 3344 1874 3396 in

180 3433 407 3474 summa
427 3422 777 3477 continentia
798 3428 969 3495 atque
990 3426 1194 3481 mundi
1216 3428 1389 3499 hujus
1408 3429 1727 3485 incredibili
1744 3448 1875 3486 con-

178 3509 406 3575 temptu
436 3509 607 3563 etiam
634 3512 877 3565 solitudo
906 3513 1161 3568 delectet.
1536 3582 1541 3587 η

175 3594 407 3648 CAPUT
455 3598 628 3651 XXXI.
690 3629 756 3639 ——-
801 3603 1220 3657 Manichaeorum
1272 3608 1609 3662 continentiae
1653 3611 1874 3678 opponit

444 3688 891 3743 anachoretarum
920 3695 970 3745 et
1000 3693 1383 3747 camobitarum
1412 3698 1604 3749 vitam.

246 3774 333 3824 65.
366 3771 509 3836 Quid
558 3780 660 3841 est,
692 3793 907 3847 quaeso,
942 3781 1091 3850 quod
1134 3781 1328 3836 vident
1358 3783 1457 3854 qui
1487 3800 1604 3838 non
1634 3791 1875 3855 possunt

171 3861 470 3915 hominem
502 3878 619 3917 non
667 3865 927 3936 diligere,
971 3874 1027 3923 et
1072 3874 1263 3924 tamen
1305 3877 1543 3941 possunt
1581 3874 1873 3931 hominem

169 3964 290 4001 non
315 3950 505 4004 videre
525 3952 552 4005 ‘?
582 3954 839 4009 Profecto
870 3957 1033 4025 illud,
1067 3960 1347 4031 quidquid
1371 3967 1473 4030 est,
1508 3965 1870 4034 praestantius

165 4041 257 4089 est
276 4038 447 4093 rebus
475 4041 762 4105 humanis,
793 4046 951 4115 cujus
978 4049 1458 4118 contemplatione
1480 4058 1668 4121 potest
1696 4054 1871 4109 homo

165 4124 295 4178 sine
343 4127 577 4209 homine
626 4130 829 4185 vivere.
883 4135 1009 4187 Jam
1055 4136 1211 4189 enim
1254 4137 1507 4207 accipite,
1556 4141 1867 4209 Manichaei,

162 4215 559 4283 perfectorum
588 4217 1060 4290 Christianorum,
1110 4224 1318 4295 quibus
1352 4242 1577 4280 summa
1620 4229 1869 4299 castitas,

162 4318 285 4355 non
319 4304 603 4359 laudanda
630 4310 877 4376 tantum,
910 4311 1007 4364 sed
1037 4311 1209 4366 etiam
1241 4316 1584 4385 capessenda
1615 4317 1733 4369 visa
1763 4322 1865 4386 est,

158 4407 365 4445 mores
386 4397 439 4447 et
463 4395 875 4451 continentiam
905 4398 1254 4469 singularem
1283 4418 1296 4467 ;
1331 4418 1401 4455 ne
1433 4419 1529 4455 vos
1561 4402 1868 4474 impuden-

158 4479 254 4528 ter
275 4477 494 4545 jactare
516 4481 664 4549 apud
687 4480 1341 4554 animosimperitorum,
1356 4486 1517 4555 quasi
1533 4488 1869 4544 difﬁcillima

154 4579 364 4619 rerum
383 4566 748 4637 abstinentia,
775 4570 822 4623 si
848 4571 984 4641 quid
1009 4572 1067 4625 in
1088 4572 1248 4626 vobis
1271 4574 1510 4643 pudoris
1531 4581 1633 4642 est,
1663 4578 1868 4633 audea-

151 4652 256 4705 tis.
296 4655 412 4708 Nec
447 4672 513 4709 ea
553 4656 737 4711 dicam
783 4675 911 4729 quae
942 4676 1040 4713 vos
1075 4660 1370 4731 ignoratis,
1407 4664 1503 4717 sed
1538 4681 1667 4735 quae
1699 4666 1865 4721 nobis

148 4741 481 4798 occultatis.
516 4744 651 4807 Quis
690 4746 845 4800 enim
886 4748 1062 4801 nescit
1094 4766 1334 4804 summae
1364 4752 1730 4808 continentiae
1759 4755 1863 4810 ho-

144 4828 393 4884 minum
416 4832 858 4889 christianorum
885 4836 1315 4893 multitudinem
1335 4857 1438 4910 per
1458 4844 1637 4896 totum
1667 4844 1863 4898 orbem

142 4916 210 4969 in
236 4917 369 4972 dies
394 4921 577 4989 magis
601 4923 898 4994 magisque
921 4924 1187 4993 diffundi,
1211 4932 1267 4981 et
1283 4928 1341 4981 in
1364 4928 1594 4983 Oriente
1616 4932 1862 4987 maxime

136 5010 336 5074 atque
364 5009 623 5078 A‘Zgypto,
657 5012 809 5080 quod
842 5028 939 5066 vos
967 5014 1125 5067 nullo
1151 5016 1322 5069 modo
1350 5022 1539 5087 potest
1569 5018 1745 5073 latere
1764 5021 1793 5074 ?

220 5095 320 5147 66.
360 5094 512 5149 Nihil
553 5097 622 5150 de
656 5097 724 5151 iis
758 5099 941 5154 dicam
972 5118 1117 5173 quos
1147 5105 1318 5173 paulo
1349 5110 1479 5160 aute
1508 5123 1861 5164 commemo-

132 5180 272 5235 ravi
304 5183 410 5253 qui
440 5185 804 5241 sacratissimi
834 5190 1062 5259 penitus
1095 5192 1163 5247 ab
1196 5193 1355 5247 omni
1385 5194 1690 5250 hominum
1719 5214 1858 5252 con-

131 5276 383 5342 spectu,
414 5289 563 5342 pane
596 5275 736 5345 solo,
770 5278 868 5348 qui
899 5278 981 5333 eis
1010 5297 1115 5350 per
1138 5288 1291 5336 certa
1316 5282 1616 5338 intervalla
1643 5290 1861 5357 tempo-

206 5362 224 5428 ξ
256 5360 482 5428 godiccs
511 5363 712 5426 aliquot
734 5364 930 5428 habent
950 5373 1172 5427 coertio,
1200 5372 1324 5428 sive,
1354 5376 1621 5423 coercitio.

202 5422 227 5456 2
256 5423 390 5496 M‘ss.
416 5422 661 5487 quatuor,
685 5427 1060 5496 quod_gravius
1089 5422 1272 5496 feriat.
1297 5422 1569 5485 Sorbonici
1596 5422 1714 5494 tres,
1744 5437 1858 5487 alii-

126 5497 249 5555 qu’e
273 5485 589 5555 negotium
614 5485 776 5555 grtiae
803 5485 987 5555 feriat.

200 5546 286 5609 (α)
329 5546 448 5598 VidI
470 5546 695 5603 Retract.
727 5546 818 5604 lib'.
850 5556 896 5615 1,
928 5569 1039 5619 cap.
1070 5558 1117 5620 7,
1146 5570 1196 5606 n.
1227 5560 1273 5607 5.

1679 296 1889 351 LIBER
1948 296 2225 350 PRIMUS.

3560 300 3692 351 1338

2000 434 2128 471 rum
2172 418 2422 483 affertur,
2471 422 2528 472 et
2566 434 2715 488 aqua
2754 419 3027 488 contenti,
3068 419 3480 473 desertissimas
3518 424 3700 473 terras

1996 507 2280 574 incolunt;
2314 507 2670 577 perfruentes
2702 508 2986 579 colloquio
3018 508 3134 574 Dei,
3170 509 3261 563 cui
3290 508 3451 578 puris
3484 508 3695 563 menti-

1996 596 2103 649 bus
2127 597 2497 663 inhaaserunt,
2530 601 2587 650 et
2612 597 2732 667 ejus
2752 598 3189 666 pulchritudinis
3210 599 3693 668 contemplatione

1996 685 2325 746 beatissimi,
2357 702 2487 756 quae
2517 685 2624 738 nisi
2645 690 2969 739 sanctorum
3001 686 3296 741 intellectu
3326 688 3544 757 percipi
3574 703 3690 740 non

1995 779 2201 843 potest.
2236 775 2407 839 Nihil,
2448 774 2706 845 inquam,
2744 775 2811 829 de
2850 774 2937 827 his
2970 775 3207 845 loquar:
3242 776 3510 829 videntur
3538 775 3691 829 enim

1994 863 2286 916 nonnullis
2316 879 2404 916 res
2436 863 2714 917 humanas
2740 863 2868 933 plus
2898 878 3069 932 quam
3102 868 3389 932 oporteret
3418 864 3691 918 deseruis-

1994 966 2070 1017 se,
2103 967 2219 1004 non
2250 950 2703 1021 intelligentibus
2734 955 3013 1021 quantum
3037 950 3201 1004 nobis
3231 966 3429 1003 eorum
3465 950 3691 1004 animus

1994 1038 2053 1092 in
2083 1039 2436 1092 orationibus
2474 1040 2667 1110 prosit,
2710 1044 2764 1093 et
2800 1039 2915 1091 vita
2954 1039 3023 1093 ad
3054 1038 3403 1107 exemplum,
3446 1052 3691 1107 quorum

1992 1143 2231 1197 corpora
2265 1128 2450 1182 videre
2481 1145 2595 1182 non
2626 1128 2887 1182 sinimur.
2924 1128 3033 1182 Sed
3076 1127 3206 1180 hinc
3245 1126 3534 1196 disputare
3566 1125 3691 1178 lon-

1990 1231 2127 1285 gum
2159 1221 2215 1269 et
2243 1233 2730 1287 supervacaneum
2760 1220 2899 1286 puto
2925 1233 2937 1270 :
2974 1232 3106 1269 nam
3138 1216 3243 1268 hoc
3268 1220 3383 1268 tam
3416 1213 3692 1267 excellens

1990 1304 2281 1374 fastigium
2302 1304 2637 1371 sanctitatis,
2670 1305 2761 1358 cui
2786 1320 2899 1358 non
2930 1322 3031 1358 sua
3058 1309 3257 1375 sponte
3286 1303 3613 1357 mirandum
3637 1306 3695 1355 et

1991 1392 2392 1447 honorandum
2432 1394 2672 1459 videtur,
2711 1393 2969 1447 oratione
3011 1397 3208 1447 nostra
3246 1391 3426 1446 videri
3458 1391 3556 1461 qui
3589 1407 3690 1460 po-

1990 1481 2136 1532 test?
2165 1481 2407 1534 Tantum
2444 1480 2539 1535 isti
2568 1481 2915 1535 admonendi
2953 1486 3104 1547 sunt,
3138 1480 3238 1551 qui
3282 1496 3402 1533 sese
3442 1479 3691 1533 inaniter

1985 1567 2221 1637 jactant,
2256 1568 2313 1621 in
2337 1572 2558 1623 tantum
2591 1568 2929 1639 processisse
2959 1568 3399 1637 temperantiam
3431 1572 3486 1621 et
3513 1567 3689 1620 conti-

1991 1656 2246 1710 nentiam
2263 1657 2747 1710 sanctissimorum
2765 1658 3057 1711 catholicae
3077 1656 3210 1711 fidei
3226 1656 3688 1721 Christianorum,

1993 1746 2055 1795 ut
2085 1743 2476 1814 restringenda
2504 1744 2817 1811 nonnullis,
2850 1749 2904 1798 et
2933 1745 3092 1815 quasi
3132 1745 3201 1797 ad
3234 1746 3517 1797 humanos
3548 1744 3690 1798 fines

1992 1832 2306 1886 revocanda
2344 1833 2631 1887 videatur:
2674 1849 2854 1903 usque
2894 1833 3037 1885 adeo
3068 1849 3240 1902 supra
3270 1832 3533 1886 homines
3561 1831 3688 1885 illo-

1993 1934 2121 1972 rum
2148 1920 2368 1974 animos
2397 1920 2655 1985 evasisse,
2692 1921 2761 1974 ab
2781 1920 2851 1973 iis
2884 1920 3054 1975 etiam
3077 1921 3283 1991 quibus
3315 1920 3372 1973 id
3408 1919 3689 1989 displicet,

1986 2006 2295 2077 judicatur.

2063 2098 2148 2151 67.
2180 2097 2285 2151 Sed
2320 2097 2366 2150 si
2401 2098 2508 2152 hoc
2555 2096 2774 2151 excedit
2818 2100 3073 2150 nostram
3124 2096 3510 2161 tolerantiam,
3558 2095 3687 2166 quis

1990 2200 2108 2238 non
2136 2185 2261 2238 illos
2300 2186 2539 2239 miretur
2569 2190 2623 2238 et
2669 2184 2958 2254 praadicet,
2994 2184 3095 2256 qui
3138 2184 3477 2255 contemptis
3516 2189 3687 2255 atque

1990 2272 2223 2327 desertis
2253 2275 2456 2328 mundi
2487 2274 2656 2343 hujus
2691 2274 2990 2340 illecebris,
3035 2274 3094 2327 in
3125 2290 3489 2328 communem
3516 2273 3687 2327 vitam

1990 2361 2364 2416 castissimam
2392 2362 2924 2431 sanctissimamque
2956 2361 3306 2431 congregati,
3341 2360 3510 2415 simul
3551 2366 3688 2415 teta—

1990 2455 2105 2503 tem
2138 2456 2333 2522 agunt,
2369 2452 2619 2505 viventes
2655 2451 2713 2504 in
2745 2450 3117 2516 orationibus,
3149 2451 3207 2503 in
3239 2450 3597 2515 lectionibus,
3629 2450 3690 2504 in

1989 2539 2495 2609 disputationibus;
2524 2540 2681 2593 nulla
2710 2539 2980 2609 superbia
3006 2539 3234 2607 tumidi,
3262 2540 3417 2593 nulla
3442 2539 3690 2608 pervica-

1990 2630 2076 2683 cia
2100 2629 2435 2694 turbulenti,
2482 2629 2641 2682 nulla
2685 2627 2999 2680 invidentia
3042 2627 3234 2681 lividi:
3285 2627 3380 2681 sed
3419 2626 3685 2693 modesti,

1988 2717 2311 2781 verecundi,
2335 2716 2541 2785 pacati,
2560 2715 3061 2769 concordissimam
3082 2716 3256 2769 vitam
3277 2719 3333 2767 et
3355 2720 3409 2767 et
3432 2714 3688 2769 intentis-

1989 2806 2191 2859 simam
2223 2805 2280 2857 in
2315 2806 2511 2869 Deum,
2552 2803 2939 2874 gratissimum
2976 2820 3183 2856 munus
3214 2803 3324 2873 ipsi
3355 2803 3623 2870 offerunt,
3654 2821 3688 2858 a

1988 2911 2102 2965 quo
2133 2894 2238 2946 ista
2266 2909 2432 2963 posse
2466 2893 2834 2945 meruerunt?
2877 2893 3056 2945 Nemo
3089 2890 3405 2962 quidquam
3436 2891 3688 2959 possidet

1986 2981 2309 3053 proprium,
2360 2996 2529 3033 nemo
2572 2979 2841 3050 cuiquam
2889 2995 3165 3033 onerosus
3214 2983 3314 3032 est.
3368 2979 3687 3048 Operantur

1988 3071 2250 3124 manibus
2281 3086 2345 3122 ea
2392 3068 2603 3140 quibus
2632 3074 2688 3122 et
2721 3083 2927 3138 corpus
2971 3067 3122 3138 pasci
3172 3067 3370 3139 possit,
3422 3073 3479 3121 et
3507 3083 3541 3120 θ.
3572 3069 3686 3121 Deo

1990 3175 2150 3213 mens
2187 3157 2453 3228 impediri
2500 3173 2615 3210 non
2662 3156 2859 3226 possit.
2912 3157 3065 3227 Opus
3114 3160 3305 3210 autem
3356 3172 3523 3209 suum
3570 3161 3686 3210 tra-

1988 3245 2169 3301 dunt'
2198 3248 2278 3301 eis
2305 3262 2446 3318 quos
2482 3246 2723 3300 decanos
2770 3250 2993 3312 vocant,
3045 3261 3112 3299 eo
3161 3246 3314 3316 quod
3363 3245 3475 3299 sint
3524 3245 3686 3299 denis

1986 3336 2298 3408 praepositi,
2329 3340 2391 3389 ut
2418 3335 2707 3389 neminem
2738 3335 2965 3389 illorum
2998 3351 3132 3389 cura
3162 3334 3250 3389 sui
3275 3334 3527 3405 corporis
3556 3337 3683 3388 tan-

1986 3430 2102 3495 gat,
2135 3441 2319 3496 neque
2338 3424 2399 3477 in
2423 3424 2570 3484 cibo,
2591 3440 2776 3495 neque
2804 3423 2863 3477 in
2884 3424 3244 3487 vestimento,
3270 3440 3455 3494 neque
3477 3423 3522 3477 si
3544 3422 3681 3494 quid

1985 3515 2138 3567 aliud
2162 3530 2305 3584 opus
2336 3517 2438 3577 est,
2465 3513 2550 3566 vel
2582 3511 2929 3582 quotidiana:
2951 3512 3290 3579 necessitati,
3315 3512 3400 3564 vel
3425 3516 3681 3577 mutatas,

1984 3608 2047 3655 ut
2076 3603 2302 3665 assolet,
2334 3600 2667 3654 valetudini.
2710 3600 2799 3653 Illi
2838 3604 3029 3653 autem
3063 3599 3263 3652 decani
3302 3615 3431 3652 cum
3471 3614 3682 3669 magna

1986 3690 2365 3744 sollicitudine
2414 3688 2609 3741 omnia
2652 3688 3040 3757 disponentes,
3073 3692 3129 3740 et
3158 3692 3364 3758 praesto
3409 3687 3715 3742 facientes
3804 3680 3809 3687 κ

1985 3778 2262 3849 quidquid
2294 3777 2392 3830 illa
2419 3776 2535 3830 vita
2564 3780 2798 3847 propter
2822 3775 3267 3830 imbecillitatem
3300 3776 3552 3847 corporis
3580 3793 3682 3846 po-

1984 3869 2173 3933 stulat,
2196 3866 2478 3920 rationem
2500 3863 2523 3897 ²
2549 3869 2741 3918 tamen
2763 3864 2935 3918 etiam
2960 3864 3069 3935 ipsi
3090 3865 3335 3919 reddunt
3359 3865 3480 3931 uni,
3506 3882 3679 3936 quem

1982 3960 2204 4027 patrem
2238 3954 2548 4026 appellant.
2585 3954 2651 4007 Hi
2680 3970 2811 4007 vero
2848 3958 3037 4024 patres
3071 3970 3187 4008 non
3217 3955 3403 4008 solum
3444 3954 3681 4008 sanctis-

1983 4045 2111 4099 simi
2142 4045 2414 4109 moribus,
2448 4044 2541 4097 sed
2576 4043 2748 4097 etiam
2781 4041 2971 4096 divina
3000 4043 3257 4097 doctrina
3283 4042 3683 4097 excellentissi-

1982 4134 2063 4188 mi
2091 4134 2356 4187 omnibus
2387 4132 2554 4185 rebus
2595 4132 2821 4196 excelsi,
2862 4133 3023 4185 nulla
3067 4132 3331 4202 superbia
3371 4133 3680 4185 consulunt

1981 4222 2051 4276 iis
2081 4238 2223 4292 quos
2243 4221 2392 4274 ﬁlios
2415 4224 2638 4286 vocant,
2662 4235 2871 4289 magna
2890 4236 2991 4273 sua
3016 4219 3076 4272 in
3091 4219 3348 4289 jubendo
3375 4218 3674 4272 auctorita-

1979 4316 2054 4378 te,
2076 4326 2287 4381 magna
2306 4309 2534 4362 illorum
2556 4308 2615 4362 in
2644 4307 3090 4379 obteniperando
3113 4308 3424 4361 voluntate.
3462 4307 3675 4361 Conve-

1979 4399 2147 4453 niunt
2175 4403 2365 4452 autem
2396 4397 2509 4451 diei
2554 4403 2813 4467 tempore
2849 4403 3101 4451 extremo
3151 4396 3220 4450 de
3266 4395 3382 4449 suis
3430 4396 3676 4466 quisque

1979 4487 2334 4553 habitaculis,
2386 4487 2525 4541 dum
2562 4487 2746 4541 adhuc
2782 4486 2966 4557 jejuni
3012 4490 3161 4552 sunt,
3210 4485 3281 4539 ad
3325 4485 3675 4540 audiendum

1977 4576 2141 4629 illum
2172 4580 2411 4646 patrem,
2446 4580 2503 4629 et
2523 4576 2871 4629 conveniunt
2898 4575 2970 4628 ad
3000 4576 3252 4645 singulos
3272 4579 3461 4644 patres
3489 4579 3673 4643 terna,

1976 4667 2040 4717 ut
2068 4663 2392 4728 minimum,
2425 4662 2726 4716 hominum
2750 4661 2931 4715 millia
2957 4678 2969 4715 :
3001 4677 3134 4715 nam
3156 4661 3328 4715 etiam
3360 4662 3541 4715 multo
3564 4677 3672 4715 nu-

1976 4750 2315 4804 merosiores
2341 4750 2443 4803 sub
2476 4767 2588 4803 uno
2619 4752 2818 4819 agunt.
2850 4748 3109 4801 Audiunt
3135 4753 3326 4803 autem
3350 4747 3671 4803 incredibili

1974 4839 2181 4904 studio,
2224 4854 2449 4892 summo
2492 4836 2753 4902 silentio;
2804 4836 3128 4891 affectiones
3169 4836 3494 4892 animorum
3536 4853 3671 4891 suo-

1974 4943 2123 4996 rum,
2151 4932 2324 4998 prout
2355 4943 2451 4980 eos
2479 4924 2767 4996 pepulerit
2789 4924 3117 4979 disserentis
3144 4925 3344 4993 oratio,
3370 4927 3458 4980 vel
3489 4926 3670 4997 gemi-

1971 5019 2055 5082 tu,
2087 5016 2173 5070 vel
2203 5018 2361 5084 tletu,
2391 5016 2479 5068 vel
2509 5014 2764 5069 modesto
2796 5022 2849 5069 et
2880 5014 3037 5068 omni
3063 5016 3308 5069 clamore
3328 5031 3504 5069 vacuo
3526 5030 3668 5085 gau-

1973 5104 2065 5158 dio
2091 5104 2474 5175 signiﬁcantes
2496 5107 2536 5158 ⁸.
2581 5104 2797 5174 Corpus
2830 5102 3036 5158 deinde
3076 5104 3347 5170 reﬁcitur,
3389 5107 3668 5172 quantum

2036 5194 2048 5225 ¹
2066 5192 2201 5254 Lov.
2217 5194 2268 5239 et
2282 5190 2408 5239 Arn.
2427 5206 2438 5239 :
2455 5194 2597 5254 Opus
2616 5196 2793 5240 autem
2809 5191 2982 5241 simul
2992 5191 3228 5242 tradunt.
3251 5189 3518 5240 Tredecim
3541 5192 3663 5239 Mss.

1972 5253 2095 5301 Bad.
2125 5258 2177 5301 et
2200 5253 2284 5301 Er.
2304 5268 2315 5301 :
2346 5256 2481 5303 Onus
2498 5253 2681 5302 autem
2699 5266 2869 5303 suum.
3246 5297 3251 5301 .

2032 5315 2312 5381 9_Plerique
2334 5313 2461 5381 Cdd.
2488 5315 2702 5381 habent,
2724 5315 3094 5381 traditionem;
3112 5328 3208 5381 pro
3226 5313 3560 5381 quo_l.atinus
3580 5316 3668 5381 [3a-

1969 5377 2132 5425 tinius
2154 5382 2207 5441 et
2230 5377 2495 5441 Antonius
2509 5378 2634 5441 Arn.
2658 5377 2943 5441 legendum
2965 5377 3234 5441 putarunt,
3262 5377 3549 5441 nationem.
3581 5377 3663 5426 Sic

1970 5438 2347 5502 porrpglegitur
2367 5440 2420 5487 in
2450 5440 2546 5487 Ms.
2578 5438 2829 5489 Vaticano
2853 5445 2904 5490 et
2933 5438 2987 5487 in
3016 5439 3244 5487 editione
3274 5438 3398 5502 Bad.

2029 5502 2050 5535 3
2074 5498 2242 5572 Editi‘:
2275 5502 2376 5572 βοά
2399 5502 2634 5572 modesto
2658 5506 2709 5572 _e_t
2728 5502 2965 5572 clamore
2990 5514 3159 5572 pecua
3187 5500 3449 5572 pendium
3471 5498 3663 5566 signiﬁ-

1968 5566 2169 5613 cantes.
2194 5562 2291 5612 Sed
2323 5564 2632 5614 concinnior
2656 5566 2777 5615 Mss.
2808 5564 2963 5614 lectio
2990 5563 3076 5612 hic
3100 5562 3359 5611 restituta.
