4036 6182
383 295 517 349 1339

374 411 543 467 saluti
573 416 628 466 et
679 408 1001 465 salubritati
1047 407 1181 463 satis
1223 411 1326 474 est,
1382 411 1676 462 coercente
1726 423 2072 479 unoquoque

378 499 922 572 concupiscentiam,
953 514 1024 552 ne
1059 513 1116 550 se
1153 495 1462 567 profundat
1489 497 1576 550 vel
1602 495 1662 550 in
1694 512 1762 551 ea
1789 497 1914 567 ipsa
1943 513 2072 567 quae

377 593 589 662 praesto
621 593 756 644 sunt
782 604 953 658 parca
975 589 1028 639 et
1057 585 1345 640 vilissima.
1374 586 1457 639 Ita
1487 601 1601 639 non
1621 585 1810 639 solum
1837 603 1870 640 a
1896 586 2073 639 carni-

382 680 486 733 bus
517 681 572 732 et
598 677 732 730 vino
765 675 1045 729 abstinent
1073 689 1178 742 pro
1202 672 1544 727 sufficientia
1573 674 1986 728 domandarum
2013 674 2075 728 li-

380 764 667 828 bidinum,
699 763 794 815 sed
826 762 894 815 ab
925 760 992 814 iis
1024 759 1195 814 etiam
1227 777 1356 830 qua:
1386 763 1541 814 tanto
1573 760 1908 815 concitatius
1938 778 2072 816 ven-

378 852 480 908 tris
517 857 571 906 et
611 849 856 922 gutturis
907 853 1214 920 provocant
1263 849 1602 919 appetitum,
1653 855 1865 920 quanto
1913 851 2076 921 quasi

379 939 682 996 mundiora
713 938 1003 992 nonnullis
1031 937 1294 991 videntur
1319 953 1332 991 :
1367 954 1482 1008 quo
1511 939 1743 992 nomine
1774 939 1916 992 solet
1944 943 2070 992 tur-

379 1046 450 1100 pe
472 1028 816 1083 desiderium
838 1027 1254 1097 exquisitorum
1277 1026 1553 1093 ciborum,
1578 1028 1726 1097 quod
1747 1044 1779 1080 a
1806 1028 2071 1082 carnibus

380 1118 631 1172 alienum
663 1121 764 1183 est,
801 1117 1037 1170 ridicule
1067 1115 1424 1187 turpiterque
1454 1116 1698 1170 defendi.
1735 1117 1878 1171 Sane
1911 1117 2075 1187 quid-

381 1207 518 1278 quid
549 1206 868 1260 necessario
898 1205 1069 1258 victui
1094 1205 1376 1258 redundat
1406 1205 1562 1276 (nam
1591 1205 1872 1259 redundat
1896 1206 2075 1275 pluri-

378 1312 538 1351 mum
561 1311 628 1348 ex
648 1295 914 1365 operibus
945 1310 1244 1360 manuum,
1269 1298 1325 1347 et
1348 1294 1646 1364 epularum
1678 1294 2075 1364 restrictione),

375 1389 537 1439 tanta
567 1400 702 1438 cura
731 1383 1028 1454 egentibus
1052 1382 1432 1451 distribuitur,
1467 1387 1680 1452 quanta
1710 1399 1827 1436 non
1847 1383 1916 1437 ab
1941 1383 2078 1452 ipsis

376 1474 476 1544 qui
508 1473 857 1528 distribuunt
885 1476 1278 1541 comparatum
1300 1475 1401 1524 est.
1437 1471 1603 1526 Nullo
1637 1471 1808 1526 modo
1831 1488 2079 1543 namque

375 1563 660 1630 satagunt,
695 1563 758 1612 ut
785 1558 907 1612 haec
928 1557 1034 1611 sibi
1057 1558 1366 1623 abundent,
1397 1558 1493 1612 sed
1517 1557 1676 1612 omni
1702 1560 1871 1614 modo
1904 1564 2083 1630 agunt

377 1653 576 1702 utnon
601 1647 750 1718 apud
773 1662 830 1700 se
844 1647 1301 1717 remaneatquod
1329 1647 1725 1715 abundaverit,
1746 1664 1926 1719 usque
1940 1649 2081 1703 adeo

378 1741 443 1792 ut
473 1741 735 1790 oneratas
774 1735 947 1790 etiam
986 1751 1154 1789 naves
1182 1735 1243 1789 in
1273 1751 1338 1789 ea
1374 1736 1500 1789 loca
1533 1735 1784 1803 mittant,
1822 1753 1950 1808 qua:
1994 1737 2080 1791 in-

377 1841 516 1896 opes
547 1824 824 1878 incolunt.
877 1825 1000 1877 Non
1049 1839 1193 1894 opus
1235 1827 1318 1879 est
1362 1825 1530 1894 plura
1581 1825 1651 1879 de
1695 1841 1754 1878 re
1787 1825 2084 1880 notissima

373 1914 580 1970 dicere.

450 2005 536 2057 68.
590 2003 720 2056 Haec
764 2003 849 2054 est
896 1999 1070 2054 etiam
1116 1999 1231 2054 vita
1279 1999 1625 2055 feminarum
1678 2001 1793 2054 Deo
1845 2000 2082 2054 sollicite

375 2094 645 2161 casteque
685 2089 1077 2154 servientium,
1122 2105 1251 2159 quae
1287 2088 1629 2142 habitaculis
1667 2094 1978 2160 segregata:
2021 2105 2084 2143 ac

378 2183 614 2234 remotas
646 2196 675 2232 a
705 2177 840 2231 viris
870 2193 1043 2248 quam
1073 2177 1405 2247 longissime
1437 2177 1615 2245 decet,
1649 2177 1746 2248 pia
1769 2182 1992 2232 tantum
2020 2177 2084 2231 il-

377 2269 450 2323 lis
485 2267 757 2322 charitate
774 2268 1099 2337 junguntur
1119 2269 1174 2320 et
1201 2266 1525 2338 imitatione
1548 2266 1807 2320 virtutis:
1841 2267 1912 2320 ad
1945 2282 2083 2337 quas

372 2358 654 2429 juvenum
684 2356 876 2408 nullus
908 2370 1160 2408 accessus
1192 2359 1294 2421 est,
1323 2369 1512 2424 neque
1543 2353 1799 2425 ipsorum
1825 2353 2084 2424 quamvis

378 2444 850 2517 gravissimorum
875 2445 931 2496 et
955 2441 1491 2511 probatissimorum
1515 2458 1736 2508 senum,
1769 2442 1880 2496 nisi
1906 2459 2081 2512 usque

378 2535 450 2589 ad
484 2532 831 2586 vestibulum
879 2530 1196 2584 necessaria
1231 2530 1527 2599 praebendi
1575 2530 1783 2600 quibus
1822 2531 2085 2602 indigent

378 2621 583 2694 gratia.
616 2619 884 2674 Laniﬁcio
925 2634 1175 2689 namque
1205 2635 1409 2689 corpus
1447 2623 1712 2673 exercent
1749 2625 1921 2690 atque
1955 2637 2083 2674 sus-

377 2713 620 2776 tentant,
652 2713 949 2778 vestesque
990 2707 1141 2777 ipsas
1182 2706 1453 2761 fratribus
1483 2708 1734 2772 tradunt,
1768 2709 1838 2763 ab
1885 2708 1954 2762 iis
1992 2709 2081 2762 in-

379 2800 564 2854 vicem
595 2797 748 2869 quod
794 2795 968 2850 victui
997 2811 1139 2865 opus
1170 2798 1253 2849 est
1297 2799 1670 2850 resumentes.
1719 2797 1831 2850 Hos
1871 2813 2082 2867 mores,

383 2890 532 2944 hanc
567 2887 760 2954 vitam,
791 2885 943 2937 hunc
974 2884 1253 2947 ordinem,
1281 2883 1389 2937 hoc
1417 2875 1747 2937 institutum
1776 2885 1822 2937 si
1852 2885 2084 2939 laudare

381 2977 577 3045 velim,
607 2989 794 3045 neque
826 2973 995 3044 digne
1015 2973 1197 3035 valeo,
1223 2977 1280 3026 et
1304 2987 1505 3026 vereor
1529 2988 1600 3025 ne
1616 2973 1871 3043 judicare
1891 2974 2087 3028 videar

380 3083 484 3138 per
538 3064 787 3135 seipsum
854 3061 1251 3116 tantummodo
1309 3061 1632 3130 expositum
1684 3063 1909 3132 placere
1966 3078 2082 3116 non

381 3166 567 3220 posse,
603 3150 650 3202 si
694 3165 864 3220 super
907 3150 1220 3204 narratoris
1264 3149 1690 3221 simplicitatem
1733 3152 2082 3206 cothurnum

383 3237 553 3293 etiam
585 3237 891 3292 laudatoris
910 3238 1236 3292 addendum
1259 3243 1552 3307 putavero.
1585 3241 1730 3304 Haec,
1765 3241 2082 3307 Manichzei,

383 3325 802 3397 reprehendite,
837 3326 884 3379 si
932 3326 1190 3396 potestis.
1238 3327 1421 3381 Nolite
1460 3326 1624 3381 caecis
1668 3329 2001 3383 hominibus
2032 3332 2088 3383 et

383 3415 703 3469 discernere
731 3415 994 3469 invalidis
1026 3419 1310 3469 ostentare
1337 3420 1527 3470 nostra
1561 3416 1796 3472 zizania.

697 3504 922 3558 CAPUT
951 3505 1148 3559 XXXII.
1183 3532 1250 3544 —
1281 3504 1605 3561 Clericorum
1637 3506 1774 3560 laus.

455 3596 542 3648 69.
591 3594 783 3664 Neque
815 3597 1008 3649 tamen
1048 3593 1128 3648 ita
1164 3609 1284 3647 sese
1315 3598 1555 3664 anguste
1587 3594 1801 3648 habent
1831 3591 2094 3648 Ecclesiae

388 3682 680 3737 catholica:
711 3698 899 3737 mores
931 3683 1157 3753 optimi,
1193 3687 1253 3737 ut
1289 3699 1486 3738 eorum
1527 3688 1749 3738 tantum
1780 3683 1916 3748 vita,
1949 3698 2092 3753 quos

387 3771 843 3836 commemoravi,
879 3771 1120 3826 arbitrer
1161 3788 1282 3826 esse
1328 3772 1661 3826 laudandos.
1709 3772 1892 3836 Quam
1937 3772 2092 3825 enim

393 3861 600 3914 multos
630 3860 925 3930 episcopos
959 3860 1206 3930 optimos
1242 3860 1412 3926 viros,
1464 3859 1967 3931 sanctissimosque
1995 3876 2093 3914 co—

393 3947 586 4018 gnovi,
619 3963 792 4017 quam
813 3948 1026 4001 multos
1053 3949 1435 4018 presbyteros,
1464 3964 1640 4018 quam
1667 3949 1878 4001 multos
1910 3948 2095 4002 diaco-

396 4052 520 4105 nos,
553 4039 609 4089 et
637 4035 1020 4106 cujuscemodi
1051 4035 1338 4090 ministros
1361 4036 1687 4090 divinorum
1710 4036 2096 4091 Sacramento—

397 4141 548 4191 rum,
583 4141 828 4195 quorum
859 4125 1038 4179 virtns
1057 4142 1121 4179 eo
1141 4125 1283 4180 mihi
1303 4125 1620 4180 mirabilior
1639 4129 1696 4180 et
1721 4126 1934 4197 majore
1956 4141 2098 4196 prae-

397 4213 683 4269 dicatione
715 4213 948 4285 dignior
989 4212 1231 4284 videtur,
1269 4230 1383 4285 quo
1426 4212 1715 4268 difﬁcilius
1755 4219 1838 4268 est
1872 4231 1997 4268 eam
2037 4214 2098 4268 in

372 4328 374 4330 τ
400 4302 705 4374 multiplici
745 4301 1048 4357 hominum
1089 4318 1318 4373 genere,
1348 4306 1404 4357 et
1431 4302 1491 4357 in
1524 4303 1631 4357 ista
1659 4304 1772 4357 vita
1799 4303 2097 4358 turbulen-

399 4391 541 4446 tiore
563 4390 813 4445 servare!
851 4392 974 4445 Non
1005 4391 1158 4445 enim
1187 4391 1400 4446 sanatis
1421 4392 1605 4463 magis
1634 4408 1807 4463 quam
1837 4392 2102 4447 sanandis

399 4479 730 4534 hominibus
759 4485 1030 4551 praesunt.
1066 4480 1443 4552 Perpetienda
1472 4486 1606 4534 sunt
1625 4481 1758 4535 vitia
1783 4481 2104 4535 multitudi-

400 4569 490 4624 nis
521 4573 580 4622 ut
617 4573 908 4638 curentur,
942 4573 997 4623 et
1037 4569 1196 4640 prius
1222 4569 1518 4624 toleranda
1544 4585 1716 4640 quam
1746 4569 1992 4624 sedanda
2020 4573 2104 4624 est

399 4657 744 4729 pestilentia.
779 4658 1190 4713 Difficillimum
1220 4663 1304 4713 est
1331 4658 1422 4712 hic
1446 4663 1640 4712 tenere
1663 4659 1939 4729 optimum
1972 4658 2103 4713 vitae

402 4746 662 4812 modum,
733 4751 790 4800 et
843 4747 1102 4802 animum
1165 4752 1433 4818 pacatum
1489 4753 1660 4818 atque
1708 4748 2101 4818 tranquillum.

404 4835 649 4906 Quippe,
681 4838 745 4888 ut
771 4835 1021 4891 breviter
1055 4837 1354 4908 explicem,
1384 4837 1444 4891 hi
1472 4839 1651 4908 agunt
1675 4836 1777 4891 ubi
1806 4837 1990 4892 vivere
2018 4836 2103 4891 di-

401 4925 598 4990 scitur,
624 4925 708 4978 illi
733 4924 829 4979 ubi
856 4925 1082 4980 vivitur.
1523 4959 1528 4962 -

407 5015 632 5070 CAPUT
671 5015 897 5069 XXXIII.
937 5045 1005 5054 —
1047 5015 1221 5069 Aliud
1258 5030 1433 5082 genus.
1460 5017 1518 5069 in
1556 5016 1782 5071 ciuitate
1827 5014 1989 5068 simul
2020 5015 2104 5069 vi-

851 5105 1110 5158 ventium.
1135 5104 1354 5173 Jejunia
1381 5104 1656 5158 triduana.

473 5196 564 5248 '70.
600 5194 711 5248 Nec
750 5192 876 5247 ideo
906 5195 1100 5246 tamen
1143 5193 1423 5248 laudabile
1463 5192 1896 5247 christianorum
1928 5207 2109 5263 genus

408 5281 873 5352 contempserim,
909 5295 1106 5334 eorum
1155 5280 1367 5335 scilicet
1406 5280 1504 5352 qui
1551 5280 1611 5334 in
1650 5280 1972 5334 civitatibus
2011 5279 2107 5332 de-

411 5374 576 5442 gunt,
609 5388 641 5424 a
669 5369 892 5441 vulgari
912 5368 1027 5423 vita
1043 5369 1429 5423 remotissimi.
1458 5369 1584 5424 Vidi
1605 5387 1710 5440 ego
1733 5367 2110 5424 diversorium

408 5463 736 5513 sanctorum
769 5457 1090 5524 Mediolani,
1135 5474 1248 5512 non
1278 5475 1595 5530 paucorum
1630 5458 1952 5525 hominum,
1991 5454 2110 5527 qui-

408 5552 514 5605 bus
545 5565 696 5603 unus
744 5550 1044 5619 presbyter
1084 5552 1330 5619 praeerat
1373 5547 1460 5602 vir
1490 5547 1738 5619 optimus
1764 5550 1823 5602 et
1851 5543 2109 5601 doctissi-

1194 288 1288 342 DE
1326 286 1641 343 MOBIBUS
1678 285 2040 343 ECCLESIIE
2079 284 2524 352 CATHOLICIE,
2565 284 2620 340 S.
2663 281 3047 340 AUGUSTINI

3757 285 3776 334 l
3787 282 3881 335 344]

2186 424 2333 464 mus.
2381 410 2584 462 Romae
2613 404 2785 460 etiam
2820 405 2992 475 plura
3027 405 3292 475 cognovi,
3333 405 3395 459 in
3426 406 3641 476 quibus
3677 395 3884 477 singuli

2184 497 2466 570 gravitate
2490 500 2659 567 atque
2676 493 2982 566 prudentia
3002 497 3058 548 et
3081 494 3273 549 divina
3293 494 3531 550 scicntia
3549 497 3886 567 prmpollen-

2183 591 2289 653 tes,
2330 585 2552 640 caeteris
2594 600 2786 638 secum
2834 583 3223 638 habitantibus
3255 589 3532 655 praesunt,
3575 585 3887 640 christiana

2185 676 2480 737 charitate,
2530 673 2826 728 sanctitate
2857 677 2913 726 et
2958 672 3217 727 libertate
3265 673 3621 729 viventibus:
3673 690 3748 728 ne
3789 674 3887 744 ipsi

2186 765 2419 835 quidem
2467 762 2735 834 cuiquam
2770 761 2995 816 onerosi
3026 765 3178 828 sunt,
3214 762 3313 816 sed
3344 761 3592 818 Orientis
3626 779 3812 823 more,
3843 771 3890 817 et

2186 853 2348 908 Pauli
2383 851 2625 924 apostoli
2655 849 2987 905 auctoritate
3010 851 3275 905 manibus
3304 850 3421 905 suis
3448 868 3506 904 se
3536 853 3884 922 transigunt.

2187 940 2414 1012 Jejunia
2444 941 2615 994 etiam
2637 955 2870 1010 prorsus
2901 937 3258 992 incredibilia
3288 938 3496 992 multos
3522 955 3794 992 exercere
3819 939 3889 992 di-

2188 1030 2318 1097 dici,
2350 1045 2466 1083 non
2515 1027 2769 1099 quotidie
2801 1028 2972 1081 semel
3013 1027 3116 1081 sub
3157 1031 3384 1081 noctem
3424 1026 3739 1082 reﬁciendo
3768 1042 3889 1080 cor-

2188 1135 2318 1190 pus,
2353 1119 2506 1188 quod
2532 1120 2615 1170 est
2639 1131 3050 1187 usquequaque
3079 1114 3538 1181 usitatissimum,
3570 1116 3677 1169 sed
3707 1117 3891 1169 conti-

2189 1223 2372 1262 nuum
2425 1206 2681 1260 triduum
2723 1205 2809 1258 vel
2858 1203 3104 1274 amplius
3148 1203 3460 1274 saepissime
3505 1203 3630 1257 sine
3673 1204 3805 1258 cibo
3837 1221 3894 1258 ac.

2191 1300 2334 1366 potu
2359 1295 2585 1348 ducere.
2608 1295 2804 1363 Neque
2832 1293 2939 1346 hoc
2968 1292 3028 1348 in
3060 1291 3193 1344 viris
3222 1296 3465 1356 tantum,
3502 1292 3600 1345 sed
3627 1291 3812 1345 etiam
3841 1293 3894 1346 in

2189 1383 2421 1438 feminis
2448 1400 2460 1450 ;
2483 1382 2689 1453 quibus
2708 1381 2846 1435 item
2870 1379 3068 1434 multis
3097 1379 3280 1434 viduis
3302 1383 3360 1434 et
3379 1379 3707 1450 virginibus
3727 1380 3893 1435 simul

2192 1470 2604 1538 habitantibus,
2636 1475 2693 1525 et
2731 1471 2862 1525 lana
2894 1486 2958 1524 ac
2999 1471 3112 1524 tela
3162 1469 3373 1524 victum
3426 1469 3892 1540 queritantibus,

2193 1565 2447 1633 praesunt
2493 1560 2733 1630 singulae
2790 1557 3140 1629 gravissima
3185 1557 3726 1628 probatissimteque
3787 1574 3894 1611 non

2190 1655 2416 1706 tantum
2437 1649 2498 1703 in
2517 1647 2882 1703 instituendis
2901 1646 3424 1722 componendisque
3448 1647 3716 1701 moribus
3738 1649 3782 1712 ί,
3809 1648 3894 1701 sed

2193 1739 2364 1794 etiam
2394 1737 2741 1792 instruendis
2771 1735 3057 1790 mentibus
3084 1735 3284 1806 peritae
3306 1751 3370 1789 ac
3394 1739 3634 1806 paratae.

2263 1832 2353 1884 7t.
2393 1829 2579 1898 Atque
2616 1825 2766 1880 inter
2808 1825 2931 1878 haec
2967 1840 3140 1878 nemo
3171 1829 3408 1895 urgetur
3438 1823 3499 1877 in
3529 1839 3747 1894 aspera
3778 1840 3896 1894 qua

2193 1918 2342 1971 ferre
2373 1931 2487 1970 non
2534 1919 2734 1986 potest,
2778 1913 2926 1968 nulli
2961 1913 3123 1984 quod
3152 1917 3375 1968 recusat
3408 1913 3761 1983 imponitur,
3802 1929 3894 1966 nec

2192 2005 2320 2060 ideo
2349 2005 2762 2059 condemnatur
2786 2020 2819 2057 a
2861 2001 3099 2068 caeteris,
3123 2002 3278 2073 quod
3308 2002 3368 2055 in
3400 2002 3480 2056 eis
3511 2018 3569 2055 se
3599 2001 3894 2056 imitandis

2193 2095 2404 2149 fatetur
2461 2093 2776 2161 invalidum
2819 2109 2833 2146 :
2886 2090 3277 2145 meminerunt
3332 2090 3486 2144 enim
3536 2094 3894 2161 quantopere

2196 2181 2503 2254 Scripturis
2534 2181 2801 2235 omnibus
2833 2180 3234 2234 commendata
3265 2179 3337 2233 sit
3364 2179 3617 2234 Charitas
3645 2199 3661 2245 ;
3698 2180 3898 2232 memi-

2198 2277 2429 2338 nerunt,
2475 2272 2668 2326 Omnia
2705 2270 2909 2324 munda
2965 2269 3185 2323 mundis
3237 2269 3366 2339 (Tit.
3406 2285 3447 2335 1,
3501 2269 3592 2337 15)
3623 2289 3640 2334 ;
3675 2274 3755 2333 et,
3791 2271 3896 2322 Non

2197 2362 2342 2431 quod
2379 2364 2552 2414 intrat
2594 2362 2652 2413 in
2698 2374 2754 2414 os
2808 2363 3044 2413 vestrum
3094 2373 3186 2412 vos
3237 2357 3578 2426 coinquinat,
3628 2357 3730 2411 sed
3765 2357 3899 2424 quod

2194 2454 2308 2506 eguit
2341 2451 2559 2521 (Matth.
2602 2466 2692 2517 xv,
2733 2448 2837 2517 11).
2874 2450 3072 2518 Itaque
3104 2463 3223 2500 non
3254 2446 3558 2516 rejicendis
3589 2446 3897 2516 generibus

2196 2540 2456 2594 ciborum
2504 2536 2667 2608 quasi
2717 2537 2975 2606 pollutis,
3021 2535 3117 2591 sed
3162 2533 3653 2602 concupiscentiae
3700 2535 3896 2604 perdo-

2194 2627 2442 2693 mandae,
2457 2629 2511 2680 et
2527 2623 2817 2680 dilectioni
2837 2626 3077 2678 fratrum
3095 2622 3409 2677 retinendae
3427 2623 3705 2693 invigilat
3726 2622 3900 2676 omnis

2195 2716 2494 2770 industria.
2541 2714 2953 2769 Meminerunt:
2988 2715 3130 2767 Esca
3169 2715 3365 2778 ventri,
3408 2717 3458 2766 et
3503 2717 3698 2766 venter
3733 2716 3899 2770 escis;

2195 2808 2334 2859 Deus
2364 2808 2542 2859 autem
2571 2808 2620 2857 et
2663 2804 2800 2857 hunc
2833 2808 2882 2856 et
2912 2803 3036 2856 illas
3066 2801 3303 2856 destruet
3333 2802 3379 2870 (Ι
3411 2802 3534 2858 Cor.
3574 2818 3659 2868 v1,
3703 2804 3783 2870 13}
3810 2819 3824 2866 ;
3855 2807 3902 2854 et

2196 2893 2332 2948 alibi
2374 2895 2556 2961 Neque
2599 2894 2649 2946 si
2690 2891 3216 2955 manducaverimus,
3258 2889 3710 2957 abundabimus;
3747 2906 3902 2958 neque

2195 2985 2246 3036 si
2271 2997 2378 3036 non
2406 2980 2937 3045 manducaverimus,
2970 2979 3236 3047 egebimus
3268 2978 3368 3048 (1d.
3394 2995 3511 3043 VIII,
3547 2981 3608 3046 8)
3634 2996 3650 3044 ;
3687 2985 3744 3033 et
3774 2978 3900 3032 illud

2195 3087 2314 3142 prae
2336 3069 2574 3136 caeteris,
2601 3071 2806 3124 Bonum
2834 3073 2932 3130 est,
2953 3070 3180 3136 fratres,
3203 3083 3307 3121 non
3329 3067 3674 3120 manducare
3703 3082 3899 3131 carnes,

2194 3175 2365 3230 neque
2391 3159 2567 3214 bibere
2587 3161 2791 3224 vinum,
2823 3173 2991 3225 neque
3016 3159 3074 3210 in
3100 3171 3205 3226 quo
3233 3158 3411 3221 frater
3433 3160 3560 3210 tuus
3583 3156 3899 3223 offenditur.

2199 3249 2298 3303 Hic
2327 3248 2482 3302 enim
2514 3247 2765 3302 ostendit
2805 3261 2978 3316 quam
3006 3245 3120 3299 sint
3149 3245 3220 3299 ad
3247 3243 3423 3299 ﬁnem
3453 3244 3766 3298 charitatis
3794 3245 3903 3297 hac

2199 3339 2393 3392 omnia
2424 3336 2739 3408 dirigenda.
2774 3337 2936 3390 Alius
2961 3337 3102 3389 enim
3125 3334 3296 3388 credit
3315 3333 3663 3388 manducare
3692 3339 3904 3398 omnia;

2199 3428 2298 3496 qui
2338 3431 2515 3480 autem
2565 3428 2813 3494 inﬁrmus
2861 3428 2958 3493 est,
3007 3425 3144 3489 olus,
3187 3422 3396 3492 inquit,
3437 3423 3763 3477 manducet.
3809 3423 3909 3486 Qui

2199 3515 2512 3580 manducat,
2543 3529 2650 3567 non
2686 3512 3100 3567 manducantem
3129 3528 3236 3566 non
3271 3515 3532 3581 spernat:
3566 3516 3622 3565 et
3670 3514 3770 3580 qui
3814 3527 3906 3563 nes

2199 3605 2495 3659 manducat
2531 3602 2944 3657 manducantem
2972 3617 3077 3655 non
3099 3601 3347 3669 judicet;
3394 3603 3537 3654 Deus
3580 3603 3737 3654 enim
3769 3601 3910 3653 aliis:

2203 3695 2447 3748 assumit.
2486 3695 2564 3747 Tu
2593 3693 2716 3760 quis
2758 3706 2834 3758 es,
2871 3693 2969 3758 qui
2993 3690 3207 3758 judices
3238 3690 3473 3743 alienum
3499 3703 3732 3743 sertum
3753 3692 3786 3741 ‘?
3819 3689 3910 3741 Su.1

2201 3785 2424 3838 Domino
2463 3786 2572 3835 stat
2610 3785 2706 3834 aut
2735 3779 2914 3834 cadit:
2946 3779 3115 3833 stabit
3146 3781 3360 3842 autem;
3404 3782 3596 3846 potens
3646 3785 3730 3832 est
3784 3780 3913 3830 enim

2202 3875 2341 3926 Deus
2372 3877 2606 3925 statuere
2635 3885 2772 3924 eum.
2825 3869 2888 3922 Et
2913 3867 3086 3938 paulo
3111 3872 3278 3938 post:
3312 3867 3421 3932 Qui
3450 3866 3785 3931 manducat,
3820 3869 3912 3920 De-

2203 3962 2349 4014 mino
2373 3957 2690 4025 manducat,
2721 3962 2770 4010 et
2793 3958 3003 4023 gratias
3028 3957 3147 4024 agit
3179 3956 3289 4008 Deo
3316 3971 3329 4008 :
3360 3959 3410 4007 et
3438 3956 3540 4022 qui
3558 3970 3676 4008 non
3699 3954 3916 4009 man-viu-

2206 4052 2312 4111 cat,
2341 4049 2565 4101 Domino
2589 4062 2697 4100 non
2721 4046 3034 4110 manducat,
3063 4048 3112 4098 et
3140 4047 3349 4112 gratias
3371 4045 3488 4109 agit
3518 4046 3654 4098 Deo.
3692 4045 3756 4098 Et
3790 4045 3918 4096 item

2208 4137 2270 4192 in
2296 4134 2815 4207 consequentibus:
2851 4137 3040 4201 Itaque
3079 4134 3452 4201 unusquisque
3489 4138 3752 4185 nostrum
3799 4145 3920 4198 prs-

2207 4243 2263 4282 se
2306 4230 2569 4280 rationem
2597 4225 2806 4279 reddet.
2845 4225 2960 4278 Non
2990 4237 3114 4290 ergo
3155 4222 3388 4291 amplius
3417 4220 3750 4289 judicemus
3777 4220 3916 4271 int;-

2210 4333 2356 4380 cem;
2388 4317 2482 4370 sed
2525 4317 2620 4369 hoc
2658 4315 2912 4384 judicate
2946 4315 3142 4379 magis,
3175 4328 3240 4366 ne
3277 4313 3496 4380 ponatis
3529 4310 3916 4378 offendiculm

2208 4407 2383 4473 fratri
2418 4406 2501 4459 vel
2529 4403 2864 4458 scandalum.
2900 4404 3019 4457 Scio
3066 4405 3116 4455 et
3164 4398 3374 4470 conﬁdo
3404 4400 3462 4453 in
3506 4401 3749 4453 Domino
3778 4397 3914 4451 less.

2212 4496 2346 4564 quia
2363 4494 2506 4547 nihil
2521 4507 2800 4546 commune
2819 4505 2918 4560 per
2940 4493 3140 4558 ipsum,
3159 4491 3272 4542 nisi
3289 4489 3338 4542 ei
3358 4489 3452 4557 qui
3477 4489 3779 4542 existimat

2211 4599 2483 4639 commune
2512 4597 2641 4648 esse,
2675 4583 2760 4635 illi
2788 4597 3060 4635 commune
3096 4585 3192 4634 est.
3227 4578 3489 4634 Potuitne
3518 4579 3719 4649 magis
3749 4585 3920 4631 osten-

2215 4674 2372 4739 dere,
2413 4687 2533 4724 non
2576 4669 2636 4723 in
2684 4669 2824 4740 ipsis
2869 4669 3040 4722 rebus
3084 4667 3292 4739 quibus
3346 4665 3664 4731 vescimur,
3721 4667 3822 4720 sed
3875 4668 3916 4717 1:

2215 4761 2409 4815 animo
2441 4775 2562 4814 esse
2593 4758 2710 4832 vim
2739 4758 3067 4828 quamdam,
3096 4772 3227 4827 qua:
3253 4755 3320 4810 ad
3353 4770 3486 4809 eum
3515 4755 3720 4809 valeat
3748 4769 3918 4808 maes-

2214 4849 2492 4914 landum;
2537 4851 2593 4901 et
2644 4851 2948 4918 propterea
2994 4845 3063 4899 iis
3094 4844 3265 4899 etiam
3314 4843 3414 4915 qui
3457 4843 3531 4897 ad
3563 4843 3702 4898 haec
3744 4851 3920 4897 ωειδ-

2217 4937 2466 4992 mnenda
2498 4940 2634 4990 sunt
2660 4935 2876 5002 idonei,
2903 4939 3168 5005 certoque
3199 4933 3382 4987 sciunt
3411 4948 3528 4986 non
3556 4949 3622 4986 se
3651 4933 3869 5004 pollui,
3887 4947 3919 4979 ξε

2218 5027 2356 5098 quid
2397 5025 2657 5080 ciborum
2693 5025 2814 5078 sine
2845 5023 3001 5094 turpi
3031 5022 3340 5094 cupiditate
3369 5021 3695 5076 altitudine
3733 5022 3919 5077 metu;~

2220 5113 2652 5184 assumpserint,
2670 5112 3007 5168 charitatem
3028 5116 3218 5166 tamen
3240 5126 3359 5165 esse
3384 5110 3792 5166 intuendam?
3813 5111 3920 5161 \‘i—i-z

2220 5205 2359 5277 quid
2386 5207 2694 5274 sequatur:
2733 5205 2874 5259 Nam
2912 5203 2962 5256 si
2981 5206 3206 5272 propter
3234 5216 3408 5255 escam
3442 5202 3631 5266 frater
3667 5207 3802 5255 tuus
3833 5215 3924 5250 ns-

2222 5297 2494 5417 tristitia;i
2505 5365 2519 5432 )
2521 5293 2644 5362 jam
2670 5307 2777 5346 non
2800 5291 3092 5346 secundum
3120 5291 3442 5344 charitatem
3470 5289 3742 5344 ambulas
3775 5292 3924 5354 ιιΗεςι.

2222 5382 2332 5432 xxv,
2367 5393 2428 5418 μ·
2529 5403 2542 5418 .

2220 5382 2332 5434 xxv,
2364 5369 2542 5432 2-21).

2286 5491 2302 5524 1
2338 5491 2397 5538 In
2427 5489 2550 5536 Mss.
2581 5487 2842 5550 plerisque
2871 5485 2986 5536 haec
3013 5485 3235 5536 desunt:
3267 5483 3337 5535 In
3361 5483 3724 5535 “attinendi:
3749 5495 3935 5546 mur

2224 5552 2510 5614 nendisque
2535 5549 2786 5601 moribus.
