4036 6182
200 312 299 365 1341

251 440 298 491 2.
340 437 486 506 Lege
516 439 756 506 cratera;
799 453 932 490 nam
986 438 1225 508 longum
1255 442 1338 491 est
1367 439 1558 492 omnia
1598 437 1849 509 interpo-

188 542 332 592 nere;
360 529 415 579 et
437 525 691 579 invenies
720 532 1074 596 praeceptum
1102 526 1169 580 iis
1201 527 1300 597 qui
1330 531 1569 596 possunt
1588 528 1693 581 ista
1722 543 1844 581 cor-

186 620 427 679 temnere,
458 614 514 668 id
544 619 628 668 est
655 615 1007 669 ﬁrmioribus
1048 621 1105 669 et
1140 616 1545 679 securioribus,
1596 617 1721 670 ideo
1762 622 1847 670 ta-

188 720 294 758 men
318 720 431 757 esse
479 704 939 773 temperandum,
1002 720 1072 758 ne
1121 705 1480 759 otiendantur
1526 705 1610 759 illi
1644 706 1849 776 quibus

186 794 340 847 adhuc
368 808 471 863 pro
505 809 605 846 sua
634 792 1023 847 imbecillitate
1054 794 1383 863 huiusmodi
1416 811 1555 865 opus
1579 800 1662 848 est
1702 800 1847 848 tem-

186 878 434 952 perantia.
478 883 605 934 Hzec
634 882 718 934 illi
738 882 805 935 de
824 882 1032 953 quibus
1058 883 1296 953 agebam
1315 889 1526 937 norunt
1547 890 1600 937 et
1618 887 1845 937 tenent:

185 969 447 1023 christiani
476 972 608 1023 sunt
640 970 811 1036 enim,
848 988 964 1024 non
998 972 1283 1039 haeretici;
1334 973 1659 1042 intelligunt
1700 972 1848 1026 Scri-

182 1063 348 1129 pturas
376 1059 693 1112 secundum
708 1060 1073 1129 apostolicam
1093 1061 1474 1131 disciplinam,
1509 1079 1621 1115 non
1648 1077 1845 1115 secun-

184 1149 302 1201 dum
325 1147 628 1218 superbum
670 1153 726 1201 et
772 1150 1229 1204 eommentitium
1260 1167 1470 1204 nomen
1516 1150 1774 1221 Apostoli
1804 1149 1844 1205 ί.

186 1238 289 1290 Non
307 1236 741 1289 manducantem
764 1253 931 1291 nemo
952 1239 1189 1307 spernit,
1221 1240 1657 1293 manducantem
1682 1256 1847 1293 nemo

178 1324 366 1392 judicat
396 1340 407 1376 :
443 1325 541 1394 qui
560 1324 822 1377 inﬁrmus
846 1330 950 1393 est,
974 1327 1099 1380 olus
1124 1328 1445 1381 manducet.
1476 1328 1634 1381 Multi
1657 1333 1849 1381 tamen

180 1412 312 1466 ﬁrmi
338 1418 573 1481 propter
618 1412 879 1466 inﬁrmos
919 1414 1070 1468 idem
1098 1416 1351 1469 faciunt:
1384 1417 1580 1469 multis
1624 1433 1737 1469 non
1767 1421 1850 1470 est

178 1518 325 1555 causa
351 1501 455 1554 ista
503 1501 769 1567 faciendi,
802 1503 900 1557 sed
930 1505 1081 1574 quod
1112 1504 1308 1558 viliore
1338 1504 1489 1559 victu
1513 1505 1699 1558 vivere
1726 1506 1847 1575 pla-

176 1595 272 1659 cet,
298 1589 644 1660 minimeque
665 1596 1000 1660 sumptuoso
1024 1593 1273 1663 corporis
1297 1595 1679 1647 sustentaculo
1712 1598 1846 1647 aeta-

174 1682 276 1731 tem
301 1677 825 1748 tranquillissimam
856 1681 1314 1749 ducere.‘,0mnia
1363 1686 1502 1737 enim
1530 1686 1669 1737 mihi
1697 1684 1849 1737 licita

174 1771 301 1831 sunt,
331 1765 531 1836 inquit.
565 1768 659 1821 sed
697 1785 789 1837 ego
818 1786 924 1824 non
953 1772 1177 1838 redigar
1223 1773 1323 1825 sub
1377 1776 1638 1841 potestate
1686 1774 1848 1825 ullius

172 1854 219 1925 (Ι
248 1855 352 1909 Cor.
375 1872 448 1921 v1,
498 1860 597 1921 l2).
636 1859 717 1910 Ita
748 1858 913 1911 multi
964 1875 1149 1929 neque
1203 1864 1506 1913 vescuntur
1560 1858 1846 1926 carnibus,

170 1958 337 2012 neque
367 1949 557 1997 tamen
590 1962 681 1999 eas
712 1946 1039 2001 immundus
1072 1947 1459 2018 superstitiose
1484 1952 1707 2017 putant.
1746 1949 1849 1999 Ita-

172 2048 272 2102 que
300 2032 470 2087 iidem
498 2034 607 2103 ipsi
640 2035 738 2105 qui
766 2035 1306 2106 sanitemperant,si
1334 2037 1478 2090 ratio
1509 2035 1849 2089 valetudinis

169 2125 336 2190 cogat,
369 2124 569 2191 {egroti
595 2122 715 2177 sine
747 2124 859 2177 ulla
886 2124 1191 2178 formidine
1220 2126 1522 2195 accipiunt.
1578 2125 1733 2179 Multi
1765 2124 1847 2177 vi-

170 2225 299 2262 num
328 2227 442 2264 non
470 2211 696 2278 bibunt,
731 2229 833 2265 nec
863 2217 1056 2266 tamen
1107 2230 1173 2266 eo
1214 2230 1272 2267 se
1300 2213 1655 2284 coinquinari
1695 2213 1847 2266 arbi-

168 2300 402 2351 trantur’
424 2315 436 2351 :
459 2315 589 2352 nam
623 2304 677 2353 et
704 2300 1043 2370 quibusdam
1088 2300 1564 2371 languidioribus,
1604 2306 1659 2354 et
1683 2316 1849 2370 pror-

167 2401 257 2438 sus
284 2387 543 2441 omnibus
574 2387 673 2458 qni
703 2388 822 2442 sine
856 2390 951 2442 illo
1005 2395 1299 2459 nequeunt
1328 2391 1569 2443 salutem
1598 2388 1847 2460 corporis

163 2474 432 2539 obtinere,
480 2470 890 2531 humanissime
923 2495 986 2531 ac
1018 2479 1435 2533 modestissime
1468 2479 1711 2549 praeberi
1765 2481 1847 2532 fa-

162 2562 324 2616 ciunt.
358 2565 421 2617 Et
451 2566 617 2618 stulte
650 2568 956 2620 nonnullos
989 2572 1331 2634 recusantes,
1366 2569 1613 2621 fraterne
1645 2569 1846 2622 admo-

163 2655 312 2716 nent,
344 2668 413 2705 ne
445 2670 587 2707 vana
640 2656 1041 2726 superstitione
1092 2657 1394 2711 debiliores
1448 2657 1613 2710 citius
1673 2674 1845 2727 quam

159 2739 463 2793 sanctiores
494 2741 652 2796 liant.
685 2744 905 2813 Legunt
926 2745 1006 2797 eis
1020 2748 1359 2814 Apostolum
1390 2744 1665 2815 discipulo
1698 2760 1842 2812 prm-

157 2825 482 2898 cipientem,
514 2834 576 2883 nt
626 2830 988 2901 aliquantum
1038 2833 1155 2885 vini
1210 2839 1399 2887 sumat
1445 2837 1679 2902 propter
1732 2832 1843 2884 fre-

155 2919 388 2982 quentes
421 2915 780 2971 inﬁrmitates
835 2934 964 2971 suas
986 2923 1006 2953 ³
1038 2919 1078 2986 (Ι
1113 2920 1246 2972 Tim.
1298 2937 1349 2986 v,
1401 2922 1507 2988 23).
1542 2921 1629 2971 Ita
1658 2921 1847 2987 pieta-

155 3005 268 3053 tem
298 3003 489 3057 sedulo
520 3011 783 3059 exercent
814 3023 825 3059 :
870 3008 1125 3077 corporis
1168 3024 1301 3061 vero
1357 3006 1841 3069 exercitationem,

154 3092 213 3140 ut
242 3088 317 3141 ait
345 3090 497 3143 idem
527 3095 852 3162 Apostolus,
887 3095 959 3147 ad
989 3095 1258 3165 exiguum
1304 3099 1529 3165 tempus
1560 3095 1846 3165 pertinere

152 3184 433 3232 noverunt
464 3181 564 3249 (Id.
601 3198 670 3250 Iv,
706 3183 777 3252 8).

220 3262 307 3319 73.
336 3268 639 3323 Continent
663 3288 719 3324 se
752 3271 928 3343 igitur
980 3271 1021 3326 ii
1069 3272 1169 3343 qui
1221 3277 1481 3344 possunt,
1527 3272 1625 3344 qui
1655 3278 1846 3326 tamen

146 3357 288 3405 sunt
320 3353 790 3425 innumerabiles,
821 3365 878 3413 et
904 3376 937 3412 a
966 3359 1231 3413 carnibus
1270 3364 1325 3413 et
1358 3377 1388 3413 a
1419 3360 1550 3414 vino
1605 3360 1743 3414 dhas
1774 3360 1845 3413 ob

141 3456 376 3495 causas:
404 3445 489 3497 vel
518 3447 1004 3515 propterfratrum
1020 3447 1594 3515 imbecillitatem,vel
1615 3452 1847 3519 prepter

137 3544 305 3582 suam
337 3530 686 3586 libertatem.
730 3535 986 3588 Charitas
1018 3536 1305 3605 prmcipue
1347 3537 1687 3603 custoditur;
1713 3538 1843 3590 cha-

138 3616 301 3671 ritati
326 3618 530 3687 victus,
564 3620 826 3675 charitati
857 3638 1065 3691 sermo,
1098 3624 1358 3678 charitati
1390 3625 1634 3690 habitus,
1666 3624 1845 3678 chari-

130 3705 244 3757 tati
279 3706 469 3758 vultus
525 3712 788 3775 aptatur;
846 3709 1030 3763 coitur
1060 3711 1119 3764 in
1150 3728 1321 3765 unam
1370 3712 1843 3782 conspiraturque

128 3793 479 3849 charitatem
514 3812 525 3848 :
559 3796 705 3851 hanc
737 3798 945 3852 violare
976 3804 1247 3870 tanquam
1280 3802 1459 3854 Deum
1491 3801 1648 3855 nefas
1680 3801 1843 3855 duci-

123 3886 267 3947 tur;
300 3883 436 3936 huic
457 3884 659 3955 siquid
691 3887 958 3953 resistit‘,
989 3894 1345 3960 expugnatur
1368 3894 1539 3961 atque
1579 3890 1843 3961 ejicitur;

122 3970 285 4023 hanc
320 3971 367 4023 si
399 3973 534 4042 quid
558 3975 815 4043 offendit,
848 3993 1027 4031 unum
1062 3978 1215 4032 diem
1243 3980 1448 4034 durare
1472 3996 1585 4033 non
1617 3979 1840 4033 sinitur.

122 4058 335 4113 Sciunt
368 4060 445 4114 ita
496 4066 951 4119 commendatam
985 4083 1104 4121 esse
1136 4085 1164 4120 a
1196 4068 1415 4121 Christo
1444 4073 1499 4121 et
1536 4068 1839 4137 Apostolis,

120 4149 195 4198 ut
238 4146 288 4198 si
319 4147 445 4201 haec
476 4167 589 4203 una
618 4152 780 4219 desit,
808 4153 1036 4221 inania;
1062 4155 1109 4208 si
1159 4157 1281 4209 haec
1314 4156 1476 4223 adsit,
1522 4158 1691 4226 plena
1732 4156 1845 4210 sint

120 4250 362 4289 omnia.

117 4322 365 4377 CAPUT
404 4325 624 4380 XXXIV.
674 4357 741 4367 —
771 4329 858 4382 Ea:
887 4330 1152 4384 malorum
1209 4331 1629 4386 Christianorum
1670 4335 1843 4387 mori-

201 4410 309 4465 bus
342 4428 450 4467 non
477 4416 895 4484 vituperandam
919 4420 1231 4473 Ecclesium.
1264 4420 1643 4488 Scpulcrorum
1676 4425 1725 4474 et
1746 4423 1843 4491 pi—

192 4506 489 4557 cturarum
519 4505 849 4561 adoratores.

188 4591 295 4645 74.
332 4592 487 4662 Istis,
525 4594 838 4662 Manichzei,
873 4595 919 4649 si
948 4596 1207 4667 potestis,
1254 4596 1541 4665 obsistite;
1576 4598 1711 4653 istos
1759 4599 1842 4652 in-

1639 314 1849 371 LIBER
1890 312 2173 369 PRIMUS.

3520 318 3651 371 1342

1955 435 2292 491 modestiam
2326 433 2637 500 modestiae,
2684 434 3021 488 charitatem
3054 434 3302 505 denique
3360 436 3647 506 charitati,

1958 530 2033 595 et,
2065 525 2220 596 quod
2270 540 2358 577 res
2415 522 2659 576 maxime
2710 523 2981 591 postulat,
3040 523 3336 594 praeceptis
3366 529 3649 594 praecepta

1957 616 2229 668 conferte.
2265 615 2389 668 Jam
2444 611 2707 666 videbitis
2758 612 2894 681 quid
2924 613 3071 666 inter
3126 614 3563 667 ostentationem
3596 617 3651 666 et

1958 703 2365 768 sinceritatem,
2398 701 2546 755 inter
2572 701 2721 753 viam
2752 704 2969 769 rectam.
2995 705 3050 754 et
3081 716 3353 766 errorem,
3387 700 3535 753 inter
3575 700 3646 752 ﬁ—

1956 792 2084 845 dem
2114 797 2285 862 atque
2316 789 2617 855 fallaciam,
2651 788 2800 841 inter
2850 788 3028 841 robur
3061 792 3115 841 et
3161 793 3469 853 tumorem,
3502 788 3651 841 inter

1956 879 2367 933 beatitudinem
2399 883 2454 932 et
2482 875 2789 942 miseriam,
2819 875 2969 929 inter
2999 875 3277 929 unitatem
3321 880 3377 929 et
3406 876 3648 929 conscis-

1957 967 2198 1033 sionem,
2229 972 2517 1036 postremo
2547 965 2686 1036 quid
2716 964 2865 1017 inter
2902 964 3316 1036 superstitionis
3338 964 3552 1016 sirenas
3586 968 3642 1016 et

1955 1061 2191 1127 portum
2225 1055 2520 1125 religionis
2552 1054 2795 1108 intersit.

2024 1148 2112 1198 75.
2148 1143 2331 1197 Nolite
2363 1142 2506 1197 mihi
2531 1142 2798 1211 colligere
2829 1140 3174 1210 professores
3206 1139 3454 1193 nominis
3500 1138 3651 1192 chri-

1957 1231 2145 1297 stiani,
2182 1248 2280 1285 nec
2310 1231 2678 1301 professionis
2705 1245 2820 1282 suae
2849 1229 2962 1281 vim
2996 1234 3091 1282 aut
3113 1228 3353 1282 scientes
3378 1232 3476 1281 aut
3500 1227 3652 1281 exhi-

1958 1321 2172 1374 bentes.
2213 1320 2396 1373 Nolite
2428 1318 2739 1373 consectari
2764 1318 2957 1371 turbas
2984 1316 3403 1386 imperitorum,
3438 1316 3537 1387 qui
3568 1317 3655 1369 vel

1958 1408 2015 1460 in
2049 1408 2169 1478 ipsa
2197 1424 2327 1462 vera
2357 1407 2632 1477 religione
2663 1406 3039 1475 superstitiosi
3084 1411 3236 1471 sunt,
3280 1406 3363 1458 vel
3393 1404 3473 1457 ita
3521 1402 3654 1455 libi-

1959 1496 2187 1550 dinibus
2219 1496 2413 1561 dediti,
2468 1500 2529 1548 ut
2565 1495 2727 1548 obliti
2758 1494 2871 1547 sint
2901 1493 3037 1564 quid
3095 1492 3469 1563 promiserint
3520 1493 3653 1545 Deo.

1957 1584 2095 1639 Novi
2120 1585 2328 1638 multos
2368 1600 2486 1637 esse
2516 1583 2909 1652 sepulcrorum
2937 1586 2992 1634 et
3012 1580 3364 1651 picturarum
3387 1579 3653 1632 adorato-

1956 1691 2045 1727 res
2077 1692 2091 1726 :
2120 1674 2250 1727 novi
2278 1674 2486 1726 multos
2518 1688 2636 1725 esse
2665 1671 2761 1741 qui
2797 1669 3244 1723 luxuriosissime
3294 1684 3466 1737 super
3496 1683 3655 1720 mor-

1956 1767 2086 1816 tuos
2118 1761 2335 1827 bibant,
2368 1765 2423 1814 et
2455 1762 2652 1829 epulas
2681 1758 3051 1813 cadaveribus
3092 1757 3443 1823 exhibentes,
3486 1771 3657 1826 super

1956 1850 2207 1919 sepultos
2235 1849 2448 1919 seipsos
2471 1848 2766 1917 sepeliant,
2792 1850 2847 1899 et
2876 1845 3210 1898 voracitates
3240 1845 3657 1913 ebrietatesque

1955 1955 2083 1991 suas
2114 1939 2389 2007 deputent
2414 1934 2705 2005 religioni.
2750 1934 2889 1987 Novi
2921 1935 3130 1987 multos
3158 1950 3279 1986 esse
3313 1931 3412 2003 qui
3442 1948 3654 1985 renun-

1954 2028 2239 2081 tiaverunt
2263 2025 2448 2079 verbis
2493 2024 2627 2077 huic
2680 2024 2907 2088 saeculo,
2965 2028 3021 2075 et
3063 2038 3119 2075 se
3165 2020 3432 2075 omnibus
3484 2021 3656 2089 hujus

1957 2113 2150 2166 saeculi
2184 2113 2428 2167 molibus
2458 2112 2707 2183 opprimi
2738 2111 2931 2176 velint,
2966 2111 3337 2181 Oppressique
3369 2111 3654 2164 laetentur.

1960 2202 2072 2255 Nec
2104 2202 2315 2255 mirum
2342 2207 2426 2254 est
2457 2201 2516 2254 in
2550 2205 2703 2253 tanta
2735 2200 2899 2269 copia
2948 2200 3318 2268 populorum,
3360 2198 3509 2269 quod
3540 2214 3659 2251 non

1954 2288 2112 2343 vobis
2144 2290 2345 2355 desint,
2370 2306 2616 2359 quorum
2648 2289 2759 2342 vita
2785 2290 3104 2359 vituperata
3135 2288 3432 2358 decipiatis
3460 2287 3654 2340 incau-

1954 2380 2062 2444 tos,
2098 2382 2153 2431 et
2192 2395 2222 2430 a
2265 2378 2538 2430 catholica
2598 2378 2775 2430 salute
2828 2378 3116 2441 avertatis,
3172 2393 3301 2429 cum
3360 2377 3421 2430 in
3471 2379 3657 2429 vestra

1952 2467 2237 2535 paucitate
2274 2466 2289 2499 ‘
2323 2482 2556 2535 magnas
2587 2465 2888 2535 patiamini
2920 2464 3231 2535 angustias,
3265 2465 3403 2519 dum
3435 2482 3465 2517 a
3493 2463 3652 2517 vobis

1955 2555 2217 2625 exigitur,
2254 2555 2337 2608 vel
2366 2571 2512 2607 unus
2534 2570 2599 2607 ex
2630 2554 2697 2607 iis
2719 2570 2861 2623 quos
2893 2555 3099 2607 electos
3126 2553 3356 2621 vocatis,
3386 2551 3483 2622 qui
3514 2566 3655 2622 prae-

1954 2652 2118 2713 cepta
2147 2644 2245 2696 illa
2279 2643 2401 2713 ipsa
2430 2642 2728 2706 custodiat,
2792 2658 2919 2711 qua:
2973 2641 3349 2694 irrationabili
3382 2640 3656 2710 supersti-

1956 2731 2112 2784 tione
2143 2730 2462 2784 defenditis.
2501 2730 2608 2783 Sed
2656 2733 2710 2781 et
2766 2728 2864 2781 illa
2913 2744 3086 2795 quam
3118 2743 3261 2780 vana
3291 2727 3424 2794 sint,
3485 2742 3657 2797 quam

1954 2819 2143 2884 noxia,
2178 2834 2353 2888 quam
2400 2818 2695 2887 sacrilega,
2731 2821 2786 2869 et
2836 2816 3325 2886 quemadmodum
3368 2832 3400 2867 τι
3449 2830 3659 2883 magna

1953 2912 2114 2977 parte
2146 2912 2416 2975 vestrum,
2448 2912 2617 2975 atque
2671 2904 2809 2957 adeo
2870 2920 3016 2973 pene
3068 2904 3136 2957 ab
3178 2902 3445 2957 omnibus
3494 2903 3651 2955 vobis

1953 3011 2071 3049 non
2104 2996 2497 3060 observentur,
2555 2994 2667 3047 alio
2700 2993 2988 3046 volumine
3049 2993 3350 3046 ostendere
3406 2990 3653 3044 institui.

2023 3087 2112 3137 76.
2147 3084 2307 3136 Nunc
2350 3098 2447 3135 vos
2501 3081 2642 3135 illud
2699 3081 3001 3146 admoneo,
3033 3085 3099 3134 ut
3129 3080 3435 3151 aliquando
3470 3080 3658 3133 Eccle-

1953 3171 2050 3225 siae
2080 3172 2372 3225 catholica:
2402 3169 2739 3224 maledicere
2756 3169 3043 3233 desinatis,
3072 3168 3447 3239 vituperando
3468 3184 3655 3221 mores

1952 3260 2254 3315 hominum
2286 3276 2428 3331 quos
2458 3264 2513 3313 et
2536 3259 2659 3330 ipsa
2704 3258 3068 3325 condemnat,
3129 3263 3185 3313 et
3212 3274 3355 3329 quos
3403 3257 3660 3329 quotidie

1954 3353 2228 3420 tanquam
2254 3350 2434 3403 malos
2456 3348 2607 3403 ﬁlios
2634 3348 2919 3418 corrigere
2952 3348 3158 3402 studet.
3191 3347 3295 3401 Sed
3313 3347 3659 3418 quicumque

1953 3435 2186 3490 illorum
2219 3437 2370 3490 bona
2400 3438 2686 3489 voluntate
2739 3435 2951 3504 Deique
3010 3434 3223 3488 auxilio
3273 3434 3655 3504 corriguntur,

1955 3525 2111 3595 quod
2144 3525 2453 3578 amiserant
2481 3524 2787 3593 peccando,
2822 3523 3526 3593 poenitendorecuperant.
3552 3521 3660 3585 Qui

1953 3616 2147 3665 autem
2188 3613 2477 3665 voluntate
2509 3612 2659 3664 mala
2688 3611 2748 3663 in
2777 3609 3036 3680 pristinis
3074 3610 3228 3662 vitiis
3268 3614 3657 3678 perseverant,

1953 3705 2049 3752 aut
2084 3699 2257 3753 etiam
2281 3700 2492 3753 addant
2530 3699 2788 3768 graviora
2816 3698 3129 3767 prioribus,
3159 3697 3220 3751 in
3266 3714 3403 3767 agro
3430 3697 3661 3768 quidem

1955 3788 2180 3841 Domini
2210 3787 2481 3840 sinuntur
2536 3802 2673 3849 esse,
2707 3791 2763 3840 et
2802 3802 2933 3839 cum
2976 3786 3141 3839 bonis
3181 3786 3494 3840 seminibus
3540 3802 3661 3839 cre-

1954 3892 2128 3942 scere,
2166 3876 2262 3929 sed
2298 3875 2485 3928 veniet
2514 3878 2739 3944 tempus
2772 3890 2884 3945 quo
2912 3874 3129 3928 zizania
3159 3879 3513 3945 separentur.
3543 3876 3663 3929 Aut

1953 3964 2146 4034 sijam
2197 3969 2435 4034 propter
2477 3963 2667 4033 ipsum
2711 3962 3086 4016 christianum
3129 3978 3341 4016 nomen
3387 3963 3570 4034 magis
3600 3963 3660 4017 in

1950 4054 2114 4122 palea
2147 4069 2321 4122 quam
2368 4053 2428 4106 in
2482 4052 2661 4122 spinis
2719 4067 2838 4104 esse
2896 4050 3211 4105 arbitrandi
3259 4057 3409 4115 sunt,
3471 4051 3662 4106 veniet

1952 4140 2125 4193 etiam
2157 4141 2256 4210 qui
2286 4156 2475 4193 aream
2502 4144 2727 4209 purget,
2760 4144 2815 4192 et
2846 4155 2875 4190 a
2904 4138 3210 4193 frumentis
3240 4140 3463 4208 paleam
3494 4156 3657 4209 sepa-

1950 4235 2058 4294 ret,
2090 4234 2145 4283 et
2184 4229 2424 4299 singulis
2471 4228 2732 4298 partibus
2780 4244 2884 4299 pro
2941 4244 3042 4282 suo
3096 4228 3373 4297 cujusque
3430 4228 3657 4295 merito,

1951 4318 2109 4389 quod
2140 4322 2381 4387 oportet,
2417 4333 2640 4371 summa
2688 4318 2958 4389 aequitate
3011 4314 3313 4371 distribuat
3344 4316 3530 4386 (Math.
3575 4333 3656 4386 in,

1955 4409 2040 4474 13,
2077 4411 2125 4460 et
2155 4423 2270 4475 x111,
2296 4406 2513 4477 24—43).

1951 4494 2175 4549 CAPUT
2234 4496 2423 4548 XXXV.
2472 4524 2539 4535 —-
2590 4495 2921 4565 Conjugium
2971 4498 3023 4547 et
3067 4493 3422 4562 possessiones
3471 4493 3657 4563 bapti—

2260 4586 2401 4637 zatis
2431 4586 2592 4637 etiam
2624 4598 2867 4638 concessa
2882 4598 2982 4651 per
3004 4582 3339 4650 Apostolum.

2016 4676 2106 4725 ‘77.
2141 4673 2248 4725 Vos
2278 4673 2497 4726 interea
2528 4673 2665 4742 quid
2700 4671 2943 4738 saevitis,
2979 4670 3118 4741 quid
3151 4670 3510 4724 excmcamini
3541 4674 3657 4725 stu-

1949 4759 2044 4814 dio
2072 4761 2319 4830 partium
2340 4762 2536 4825 ‘rQuid
2552 4761 2715 4814 tandi
2753 4759 2963 4813 erroris
2993 4760 3166 4828 longa
3199 4759 3529 4813 defensione
3550 4759 3655 4814 im-

1948 4850 2238 4919 plicamiui
2259 4852 2286 4904 ‘2
2316 4852 2524 4920 Fruges
2554 4849 2613 4902 in
2643 4866 2802 4919 agro,
2836 4849 3123 4902 frumenta
3154 4848 3214 4901 in
3242 4865 3372 4902 area
3414 4850 3655 4920 quaerite

1948 4939 2307 5009 apparebunt
2337 4939 2521 5003 facile,
2556 4954 2792 5008 seseque
2822 4938 3061 4992 offerent
3089 4938 3215 5006 ipsa
3261 4938 3654 5008 quaerentibus

1948 5027 2093 5091 Quid
2126 5028 2297 5081 nimis
2326 5028 2388 5081 in
2414 5032 2793 5097 purgamenta
2823 5028 3014 5084 oculos
3042 5026 3341 5081 intenditis
3361 5026 3387 5080 ‘I
3416 5026 3552 5096 quid
3585 5024 3654 5078 ab

1948 5116 2125 5186 Opimi
2154 5116 2303 5170 horti
2336 5117 2591 5170 ubertate
2622 5116 2920 5187 imperitos
2946 5117 3209 5172 homines
3233 5116 3455 5187 sepium
3488 5131 3651 5185 aspe-

1945 5205 2111 5258 ritate
2154 5206 2378 5259 terretis
2400 5206 2427 5260 ?
2458 5207 2551 5259 Est
2597 5211 2785 5259 certus
2814 5206 3022 5276 aditus,
3055 5205 3315 5277 quamvis
3370 5202 3654 5273 pauciori-

1944 5294 2071 5361 bus,
2114 5298 2295 5356 notus,
2325 5312 2437 5365 qua
2467 5295 2643 5366 possit
2665 5295 2887 5361 intrari,
2922 5312 3093 5367 quem
3137 5312 3231 5348 vos
3261 5297 3357 5347 aut
3387 5309 3505 5345 esse
3537 5308 3653 5347 non

1945 5383 2189 5443 creditis,
2225 5388 2321 5437 aut
2345 5384 2599 5438 invenire
2631 5384 2965 5452 nonvultis.
3001 5385 3144 5439 Sunt
3186 5382 3247 5436 in
3285 5380 3525 5436 Fcclesia
3559 5397 3652 5434 ca-

101 4678 411 4749 tuemini,
445 4682 579 4736 istos
609 4684 730 4738 sine
763 4685 1077 4753 mendacio,
1112 4685 1158 4739 si
1182 4686 1425 4751 audetis,
1463 4691 1518 4740 et
1551 4704 1679 4741 cum
1714 4705 1843 4741 con-

101 4769 375 4822 tumelia
422 4772 748 4828 nominate:
793 4774 1037 4828 istorum
1077 4775 1313 4846 jejuniis
1367 4780 1552 4829 vestra
1598 4778 1838 4848 jejunia,

96 4856 382 4911 castitati
412 4861 746 4929 castitatem,
780 4863 1046 4917 vestitum
1099 4863 1345 4928 vestitui,
1381 4867 1579 4934 epulas
1635 4867 1836 4936 epulis,

175 4999 190 5030 ¹
226 4996 778 5066 Εξᾱίὶί,ᾼροεεοιαιτιε.
813 5004 931 5051 Mss.
957 5004 1220 5059 nonnulli,
1243 5004 1535 5065 Apostolus.
1564 5008 1841 5057 Gemmeti-

89 5062 303 5134 censis
324 5062 526 5134 ‘qodex‘,
558 5067 797 5134 Apostoli.
829 5066 1036 5134 Scilicet
1064 5062 1605 5134 alludit‘hugustinus
1636 5072 1699 5117 ad
1731 5073 1840 5133 epi-

85 5118 288 5192 stol’as
323 5118 848 5192 Manichseiquarum
870 5130 1108 5192 omnium
1121 5118 1549 5178 exordiumistud
1562 5137 1701 5180 erat:
1726 5118 1839 5182 iid-

80 5180 369 5231 nichmus
398 5180 669 5246 apostolus
696 5189 821 5237 Jesu
855 5188 1065 5248 Christi,
1108 5196 1225 5247 etc.,
1256 5196 1314 5240 ut
1342 5192 1534 5241 dicitur
1574 5194 1627 5241 in
1659 5194 1746 5244 lib.
1781 5180 1837 5245 t3

92 5250 319 5310 contra
356 5247 631 5307 Faustum,
663 5264 776 5310 cap.
800 5254 845 5299 4.

81 5308 368 5422 “33113:.
384 5314 515 5421 ,octo
545 5325 555 5359 :
587 5314 694 5362 Nec
724 5308 909 5363 tamen
938 5327 1022 5363 eos
1050 5318 1137 5377 qui
1163 5315 1350 5366 bibunt
1389 5316 1728 5379 coinquinari
1751 5330 1839 5370 ar-

166 5404 167 5409 η
346 5388 377 5421 ιι
418 5411 428 5421 .

159 5432 187 5503 3_
219 5435 497 5503 [indemni
531 5437 652 5503 Mss.
677 5451 689 5503 ς
712 5439 941 5503 Ρζοριθζ·
969 5442 1155 5503 uarias
1178 5438 1515 5503 inﬁrmitates
1543 5454 1684 5491 suas.

170 5496 195 5529 ⁴
232 5498 324 5566 Ita
348 5498 643 5566 in_Mss:rAt
674 5500 729 5548 in
751 5496 883 5549 Edd.
911 5501 1153 5563 habetur,
1177 5496 1373 5566 si'quis
1390 5504 1617 5563 resistit;
1645 5508 1695 5555 et
1714 5518 1836 5556 mox

279 5513 324 5571 si
348 5505 643 5574 inmiilss:_At
674 5505 729 5548 in
751 5505 883 5549 Edd.
912 5505 1153 5563 habetur,
1177 5505 1224 5551 si
1254 5505 1373 5566 quis
1390 5505 1617 5563 resistit;
1645 5508 1695 5555 et
1714 5518 1836 5556 mox
1943 5569 1989 5574 __
2010 5509 2045 5555 ¹.
2076 5507 2213 5574 Editi
2246 5508 2547 5569 praeferunt.
2573 5510 2919 5574 paupertate,
2960 5509 3187 5570 excepto
3223 5505 3376 5565 Bad.,
3407 5506 3497 5568 qui
3529 5519 3653 5559 cum

73 5562 138 5611 si
180 5563 321 5620 quis
352 5560 592 5626 offendit.

1940 5569 2064 5618 Mss.
2100 5570 2273 5631 habet,
2298 5569 2589 5633 paucitate:
