4036 6182
406 258 540 311 1343

398 375 608 431 tholica
663 371 1110 428 innumerabiles
1160 370 1358 426 ﬁdeles
1411 369 1512 440 qui
1565 369 1676 423 hoc
1726 368 1944 424 mundo
1979 382 2096 421 non

403 467 656 530 utantur,
686 466 818 516 sunt
846 461 1190 534 quiutantur
1217 464 1490 528 tanquam
1504 473 1623 511 non
1648 459 1869 511 utentes
1896 456 1936 526 (Ι
1961 457 2092 510 Cor.

402 569 498 618 vn,
532 551 642 622 31),
673 555 740 605 ut
766 551 834 604 ab
854 549 1124 620 Apostolo
1155 547 1359 602 dicitur
1384 567 1399 614 ;
1429 546 1582 617 quod
1613 545 1723 599 illis
1742 544 2094 616 temporibus

396 641 516 711 jam
545 640 852 710 probatum
884 643 986 704 cst,
1019 637 1226 707 quibus
1272 635 1345 690 ad
1377 635 1659 689 idolorum
1691 634 1905 688 cultum
1933 633 2094 687 Chri-

403 728 570 783 stiani
605 729 978 797 cogebantur.
1016 725 1164 788 Quot
1185 724 1338 778 enim
1381 728 1518 778 tunc
1546 722 1838 794 pecuniOsi
1871 723 1887 756 ί
1911 721 2096 775 homi-

405 835 525 885 nes,
557 821 699 887 quot
727 813 1161 885 patresfamilias
1188 813 1481 878 rusticani,
1515 817 1658 883 quot
1693 811 2096 882 negotiatores,

405 909 543 976 quot
571 904 866 963 militares,
899 906 1041 974 quot
1067 901 1340 972 primates
1387 901 1618 956 urbium
1675 915 1928 967 suarum,
1961 902 2101 970 quot

401 993 648 1064 denique
677 995 988 1057 senatores,
1037 991 1336 1062 utriusque
1366 1007 1553 1056 sexus,
1587 991 1709 1043 haec
1738 988 1932 1042 omnia
1955 1004 2101 1041 vana

401 1087 458 1135 et
492 1080 828 1151 temporalia
882 1080 1290 1150 relinquentes,
1345 1079 1551 1150 quibus
1608 1077 1806 1148 utique
1838 1075 2099 1148 quamvis

404 1173 721 1236 uterentur,
774 1185 888 1222 non
940 1168 1363 1237 detinebantur,
1432 1170 1671 1221 mortem
1725 1182 1831 1237 pro
1888 1163 2100 1219 salubri

399 1259 510 1314 ﬁde
542 1274 605 1313 ac
632 1257 908 1329 religione
943 1257 1261 1325 subierunt,
1287 1257 1939 1325 demonstraveruntquc
1961 1252 2092 1306 inﬁ-

401 1348 621 1402 delibus
647 1363 680 1400 a
709 1363 766 1401 se
792 1345 983 1417 potius
1039 1345 1136 1399 illa
1184 1345 1397 1410 omnia,
1453 1361 1628 1416 quam
1657 1359 1715 1398 se
1772 1344 1840 1398 ab
1869 1343 1951 1396 eis
1982 1357 2101 1395 esse

404 1453 710 1509 possessos.

472 1529 502 1578 7
512 1527 563 1580 8.
586 1525 730 1588 Quid
755 1522 1207 1585 calumniamini,
1233 1521 1384 1593 quod
1407 1520 1604 1575 ﬁdeles
1617 1521 1739 1592 jam
1760 1519 2103 1591 Baptismate

406 1612 684 1679 renovati,
710 1629 1012 1684 procreare
1045 1612 1214 1677 ﬁlios,
1229 1615 1284 1664 et
1304 1627 1470 1681 agros
1483 1627 1547 1664 ac
1567 1611 1768 1664 domos
1779 1608 2105 1680 pecuniam-

405 1717 516 1772 que
545 1701 723 1755 ullam
753 1701 1044 1772 possidere
1073 1717 1186 1754 non
1219 1700 1503 1754 debeant?
1524 1698 1930 1753 Permittithoc
1953 1699 2102 1751 Pau-

401 1790 509 1843 lus.
543 1791 681 1843 Nam
712 1791 863 1861 quod
894 1789 1091 1860 negari
1123 1805 1238 1842 non
1267 1791 1474 1859 potest,
1535 1787 1801 1841 ﬁdelibus
1856 1785 2100 1856 scripsit,

400 1882 531 1948 post
558 1879 870 1933 multorum
885 1879 1096 1949 quippe
1113 1877 1447 1932 vitibsorum
1466 1874 2095 1946 euumerationem,qui

399 1983 645 2038 regnum
674 1966 774 2022 Dei
799 1984 913 2021 non
937 1967 1330 2038 possidebunt,
1364 1968 1433 2019 Et
1486 1966 1595 2019 hac
1639 1965 1855 2033 quidem
1884 1965 2095 2030 fuistis,

402 2055 712 2127 inquit,sed
740 2057 916 2111 abluti
944 2059 1089 2124 estis,
1151 2055 1246 2109 sed
1273 2055 1604 2119 sanctiﬁcati
1622 2055 1770 2120 estis,
1793 2053 1886 2108 sed
1908 2053 2108 2120 justiﬁ-

400 2148 512 2199 cati
541 2146 668 2199 estis
697 2143 755 2198 in
784 2146 994 2198 nomine
1020 2145 1244 2197 Domini
1270 2145 1394 2197 Jesu
1443 2143 1663 2208 Christi,
1715 2146 1765 2195 et
1792 2143 1851 2196 in
1879 2141 2100 2210 Spiritu

403 2235 505 2288 Dei
533 2235 721 2287 nostri.
754 2233 991 2286 Ablutos
1020 2232 1216 2302 procul
1240 2230 1506 2297 dubio,et
1535 2229 1908 2284 sanctiﬁcatos
1939 2245 2104 2283 nemo

405 2319 517 2374 nisi
545 2319 762 2386 ﬁdeles,
811 2325 867 2374 et
907 2337 1003 2374 eos
1042 2319 1142 2391 qui
1195 2319 1330 2373 huic
1359 2319 1574 2373 mundo
1628 2318 2106 2385 renuntiaverint,

405 2407 728 2478 intelligere
794 2407 1045 2463 audebit.
1103 2408 1210 2462 Sed
1267 2407 1538 2478 quoniam
1606 2407 1852 2461 ostendit
1900 2406 2107 2478 quibus

406 2495 716 2566 scripserit,
745 2496 1040 2550 videamus
1056 2501 1252 2550 utrum
1279 2495 1366 2549 his
1392 2496 1490 2548 illa
1513 2495 1822 2566 permittat.
1840 2496 1921 2548 Ita
1951 2495 2106 2550 enim

408 2584 668 2655 sequitur
699 2602 711 2639 :
749 2585 1091 2640 Omniamihi
1116 2586 1269 2639 licita
1297 2588 1443 2650 sunt,
1475 2584 1570 2637 sed
1593 2599 1700 2637 non
1729 2585 1911 2637 omnia
1939 2597 2108 2651 empe-

407 2674 569 2727 diunt
600 2689 612 2726 :
646 2675 826 2726 omnia
844 2675 983 2727 mihi
1011 2674 1162 2727 licita
1191 2676 1335 2738 sunt,
1365 2673 1459 2726 sed
1496 2688 1588 2740 ego
1617 2672 1716 2726 sub
1745 2672 1947 2725 nullius
1977 2671 2108 2724 red-

409 2764 537 2829 igar
556 2767 840 2832 potestate.
872 2765 1011 2816 Esca
1045 2763 1244 2830 ventri,
1274 2766 1323 2814 et
1351 2766 1533 2815 venter
1569 2765 1731 2827 escis;
1767 2763 1902 2814 Deus
1931 2763 2108 2813 autem

408 2856 457 2905 et
485 2853 582 2904 has
613 2856 662 2904 et
688 2852 828 2905 hunc
865 2851 1120 2905 destruet.
1152 2851 1357 2919 Corpus
1377 2853 1555 2903 autem
1583 2864 1690 2902 non
1730 2848 2105 2915 fornicationi,

403 2939 498 2994 sed
519 2941 757 3005 Domino,
785 2944 834 2992 et
865 2941 1124 2994 Dominus
1173 2941 1404 3007 corpori.
1448 2939 1591 2992 Deus
1646 2953 1767 2991 vero
1817 2937 2106 2991 suscitavit

408 3030 713 3096 Dominum,
746 3033 795 3082 ct
828 3043 920 3082 nos
952 3043 1160 3098 quoque
1188 3028 1491 3094 suscitabit,
1517 3042 1618 3096 per
1643 3028 1898 3080 virtutem
1932 3040 2106 3079 suam.

409 3118 500 3170 An
547 3119 762 3169 nescitis
812 3119 1068 3185 quoniam
1114 3131 1342 3185 corpora
1392 3120 1574 3170 vestra
1616 3115 1854 3168 membra
1909 3114 2113 3169 Christi

410 3207 586 3259 sunt?
617 3205 822 3258 Tollens
877 3220 1002 3272 ergo
1038 3204 1276 3258 membra
1323 3204 1546 3271 Christi,
1591 3205 1828 3270 efﬁciam
1873 3201 2113 3254 membra

411 3294 707 3348 meretricis
730 3295 758 3346 ?
780 3292 958 3348 Absit.
992 3294 1082 3347 An
1102 3294 1320 3347 nescitis
1349 3293 1605 3362 quoniam
1635 3294 1730 3359 qui
1745 3290 1984 3344 adhaeret
2002 3303 2112 3341 me-

411 3385 617 3450 retrici,
651 3399 817 3436 unum
837 3398 1028 3452 corpus
1059 3384 1299 3452 efﬁcitur
1323 3384 1352 3435 ?
1378 3383 1555 3436 Erunt
1585 3383 1744 3447 enim,
1776 3381 1975 3446 inquit,
2008 3377 2113 3430 duo

413 3472 472 3523 in
499 3485 661 3524 carne
679 3486 808 3524 una.
845 3471 952 3536 Qui
979 3474 1158 3524 autem
1189 3470 1428 3525 adhzret
1458 3471 1702 3535 Domino,
1720 3467 1858 3521 unus
1883 3467 2114 3536 spiritus

411 3563 505 3613 est.
532 3561 723 3628 Fugite
747 3561 1180 3626 fornicationem.
1213 3561 1376 3615 Omne
1415 3561 1694 3629 peccatum
1745 3556 2115 3625 quodcumque

407 3649 599 3714 fecerit
629 3650 798 3718 homo,
831 3654 988 3703 extra
1017 3663 1209 3718 corpus
1234 3653 1312 3703 est
1336 3663 1350 3703 :
1383 3649 1480 3717 qui
1503 3652 1681 3701 autem
1704 3647 2034 3714 fornicatur,
2058 3644 2118 3695 in

411 3751 605 3806 corpus
634 3752 791 3791 suum
811 3743 1015 3806 peccat.
1043 3739 1130 3792 An
1147 3739 1365 3792 nescitis
1396 3738 1652 3806 quoniam
1679 3734 1916 3789 membra
1936 3735 2118 3786 vestra

414 3826 670 3895 templum
699 3831 778 3880 est
801 3826 1045 3894 Spiritus
1071 3827 1271 3889 sancti,
1306 3827 1402 3894 qui
1427 3827 1484 3878 in
1512 3824 1661 3878 vobis
1696 3827 1792 3889 est,
1826 3836 1981 3891 quem
2011 3820 2116 3872 ha.

417 3917 551 3969 betis
581 3931 616 3968 a
642 3917 763 3981 Deo,
797 3917 847 3966 et
870 3929 976 3967 non
1002 3915 1128 3966 estis
1157 3916 1326 3967 vestri
1344 3917 1372 3967 ?
1406 3915 1593 3982 Empti
1620 3914 1760 3965 enim
1796 3913 1924 3964 estis
1941 3909 2118 3978 pretio

418 4017 650 4070 magno:
682 4003 980 4070 gloriﬁcate
1008 4005 1058 4054 et
1099 4005 1314 4071 portate
1360 4001 1536 4055 Deum
1587 4002 1643 4052 in
1689 4014 1904 4068 corpore
1943 4000 2118 4050 vestro

417 4093 460 4163 (Ι
501 4092 620 4149 Cor.
647 4108 718 4160 v1,
758 4090 970 4161 11-20).
997 4091 1077 4144 De
1106 4089 1302 4160 quibus
1331 4094 1508 4144 autem
1523 4089 1819 4158 scripsistis
1843 4087 1998 4151 mihi,
2027 4086 2119 4138 Bo-

421 4196 550 4235 num
581 4184 658 4234 est
688 4179 892 4234 homini
915 4180 1192 4233 mulierem
1219 4194 1325 4233 non
1355 4181 1571 4247 tangere
1600 4195 1612 4232 :
1644 4181 1866 4247 propter
1885 4174 2118 4228 inconti-

419 4271 660 4325 nentiam
691 4273 868 4323 autem
898 4270 1268 4337 unusquisque
1286 4281 1508 4322 umorem
1524 4281 1678 4321 suam
1692 4266 1904 4332 habeat,
1929 4267 1978 4317 et
1993 4277 2120 4315 una-

417 4373 641 4428 quaque
660 4359 838 4411 virum
863 4372 1019 4411 suum
1050 4356 1263 4410 habeat.
1293 4357 1463 4410 Umori
1495 4358 1583 4409 vir
1635 4355 1873 4409 debitum
1899 4351 2114 4418 reddat,

417 4450 672 4504 similiter
691 4451 870 4502 autem
891 4451 941 4501 et
970 4462 1110 4500 umor
1129 4448 1264 4500 viro.
1297 4447 1493 4500 Mulier
1511 4447 1599 4500 sui
1627 4447 1866 4515 corporis
1891 4443 2118 4512 potesta-

418 4543 520 4592 tem
548 4553 654 4591 non
681 4538 856 4605 habet,
884 4536 978 4591 sed
990 4538 1103 4590 vir:
1122 4536 1377 4592 similiter
1405 4539 1582 4588 autem
1607 4537 1754 4589 etvir
1770 4537 1858 4588 sui
1876 4540 2117 4604 corporis

415 4629 735 4693 potestatem
747 4642 852 4680 non
867 4626 1039 4688 habet,
1053 4628 1146 4680 sed
1162 4627 1374 4680 mulier.
1399 4626 1578 4680 Nolite
1588 4625 1855 4691 fraudare
1865 4627 2115 4688 invicem,

425 4714 540 4766 nisi
563 4715 705 4779 forte
734 4730 800 4768 ea:
843 4730 1098 4770 consensu
1125 4715 1199 4769 ad
1242 4719 1472 4784 tempus,
1523 4717 1584 4767 ut
1606 4716 1806 4769 vacetis
1835 4716 2070 4769 orationi
2098 4731 2112 4770 :

486 4811 500 4843 ¹
534 4808 619 4860 Sic
639 4810 764 4860 Bad.
786 4815 839 4862 et
856 4812 1108 4876 plerique,
1122 4814 1242 4862 Mss.
1266 4813 1331 4862 At
1347 4812 1439 4862 Er.
1463 4812 1586 4861 Lov.
1605 4813 1658 4860 et
1667 4809 2113 4874 Arn.,perniciosi.

931 251 1024 305 DE
1063 247 1378 306 MORIBUS
1416 245 1780 304 ECCLESIAS
1819 241 2240 300 CATHOLICAS
2280 241 2335 296 S.
2377 239 2782 307 AUGUSTINI,
2828 241 3040 296 LIBER
3081 239 3363 298 PRIMUS.

3773 246 3787 295 1
3800 245 3890 297 344

2209 372 2258 422 et
2287 369 2481 422 iterum
2508 368 2846 422 revertimini
2887 369 2947 421 in
2991 365 3254 436 idipsum,
3297 382 3362 422 ne
3387 382 3480 422 vos
3509 371 3677 423 tentet
3713 374 3894 424 satana

2204 462 2429 526 propter
2471 458 2915 511 incontinentiam
2941 461 3195 511 vestram.
3231 458 3341 511 Hoc
3371 462 3548 512 autem
3572 457 3696 511 dico
3717 474 3892 510 secun-

2209 546 2337 600 dum
2366 546 2783 614 indulgentiam,
2812 561 2918 599 non
2945 545 3236 600 secundum
3287 548 3593 616 imperium.
3644 547 3777 601 Volo
3805 563 3895 598 au-

2209 641 2311 689 tem
2339 651 2515 690 omnes
2546 637 2782 690 homines
2811 649 2921 689 esse
2948 636 3087 688 sicut
3129 637 3430 703 meipsum;
3477 635 3572 689 sed
3607 639 3896 702 unusquis-

2211 739 2311 794 que
2345 726 2630 793 proprium
2655 723 2813 777 habet
2843 722 3043 777 donum
3083 739 3150 777 ea:
3181 723 3316 790 Deo,
3361 725 3503 777 alius
3544 723 3768 792 quidem
3813 726 3896 784 sic.

2210 815 2351 868 alius
2381 829 2502 866 vero
2531 814 2606 866 sic
2638 811 2803 882 (Ibid.
2838 827 2936 878 vn,
2974 810 3104 880 1-7).
3385 797 3388 800 ’

2279 903 2370 954 79.
2417 900 2634 956 Satisne
2697 899 2859 954 vobis
2911 898 3134 952 videtur
3174 899 3499 969 Apostolus,
3558 903 3618 953 et
3675 899 3903 953 fortibus

2213 990 2628 1044 demonstrasse
2643 988 2778 1060 quid
2793 1004 3084 1042 summum
3098 987 3189 1054 sit,
3209 992 3266 1041 et
3296 987 3777 1042 imbecillioribus
3792 1005 3905 1057 per-

2214 1077 2432 1131 misisse
2458 1077 2611 1148 quod
2639 1077 2968 1148 proximum
3002 1078 3132 1131 est?
3164 1078 3307 1130 Nam
3335 1093 3449 1131 non
3479 1076 3771 1148 attingere
3794 1093 3906 1130 mu-

2211 1167 2431 1233 lierem,
2465 1181 2750 1221 summurn
2783 1165 3034 1220 ostendit
3055 1182 3195 1231 esse,
3223 1181 3356 1219 cum
3384 1167 3481 1232 ait,
3512 1167 3720 1220 Vellem

2213 1257 2448 1310 homines
2473 1271 2582 1310 esse
2607 1257 2744 1310 sicut
2766 1258 3048 1323 meipsum.
3110 1255 3250 1309 Huic
3294 1259 3484 1308 autem
3523 1271 3762 1308 summo
3789 1271 3908 1308 con-

2207 1344 2420 1416 jugalis
2452 1343 2678 1398 castitas
2732 1343 2996 1414 proxima
3049 1347 3153 1410 est,
3208 1359 3280 1398 ne
3332 1344 3503 1397 homo
3534 1343 3910 1398 fornicatione

2211 1437 2482 1488 vastetur.
2515 1431 2803 1504 Numquid
2835 1436 3139 1504 propterea
3167 1431 3305 1486 istos
3339 1432 3480 1487 dixit
3501 1431 3698 1486 adhuc
3728 1432 3912 1487 ﬁdeles

2213 1538 2327 1576 non
2359 1539 2500 1590 esse,
2533 1522 2670 1593 quia
2717 1521 3061 1594 conjugibus
3119 1521 3409 1576 utuntur?
3437 1521 3912 1593 Quandoquidem

2213 1612 2319 1665 hac
2343 1611 2595 1665 castitate
2623 1609 2899 1681 conjugii,
2929 1613 2986 1664 et
3012 1626 3075 1663 ex
3107 1626 3164 1663 se
3189 1609 3435 1663 invicem
3463 1609 3624 1680 ipsos
3655 1610 3763 1681 qui
3792 1625 3912 1664 con-

2207 1699 2392 1770 juncti
2424 1704 2573 1761 sunt,
2630 1699 2676 1752 si
2734 1701 2877 1754 alter
2908 1714 3110 1753 eorum
3139 1698 3313 1752 fuerit
3368 1697 3640 1764 inﬁdelis,
3684 1703 3745 1752 et
3803 1715 3916 1752 eam

2215 1804 2345 1858 quia
2374 1788 2505 1842 inde
2524 1786 2776 1843 nascitur
2802 1787 3022 1858 prolem
3055 1786 3396 1841 sanctiﬁcari
3447 1786 3589 1840 dixit
3616 1804 3631 1840 :
3663 1788 3916 1854 Sanctiﬁ-

2215 1883 2365 1931 catus
2401 1881 2478 1931 est
2505 1879 2664 1945 enim,
2699 1876 2910 1948 inquit,
2939 1879 3026 1931 vir
3067 1877 3302 1946 inﬁdelis
3331 1878 3390 1929 in
3418 1877 3647 1930 muliere
3673 1876 3849 1944 ﬁdeli,
3875 1884 3919 1932 et

2215 1969 2556 2034 sanctiﬁcata
2599 1969 2677 2020 est
2724 1967 2919 2020 mulier
2989 1965 3223 2035 inﬁdelis
3277 1981 3378 2034 per
3436 1967 3620 2019 virum
3674 1965 3915 2033 ﬁdelem:

2215 2055 2459 2124 alioquin
2482 2056 2590 2125 ﬁlii
2609 2057 2775 2109 vestri
2810 2055 3080 2108 immundi
3111 2059 3284 2110 essent
3313 2069 3490 2120 ;nunc
3530 2059 3719 2108 autem
3751 2059 3919 2109 Sancti

2215 2149 2343 2198 sunt
2373 2143 2532 2214 (Ibid.
2574 2143 2677 2213 14).
2725 2143 2870 2208 Quid
2919 2143 3246 2214 obstrepitis
3275 2143 3589 2214 pertinacia
3623 2147 3807 2198 tanta:
3836 2161 3918 2197 ve-

2218 2233 2370 2287 ritati
2395 2234 2425 2286 ?
2446 2232 2586 2304 quid
2617 2233 2804 2286 lucem
2843 2232 3265 2304 Scripturarum
3294 2231 3455 2286 vanis
3483 2231 3715 2286 umbris
3747 2233 3920 2287 obnu-

2217 2321 2396 2376 bilare
2427 2320 2717 2375 conamini
2738 2322 2767 2375 ‘l

2290 2412 2376 2466 80.
2415 2409 2597 2463 Nolite
2623 2409 2743 2479 jam
2771 2407 2977 2474 dicere,
3009 2407 3427 2462 catechumenis
3455 2407 3632 2462 licere
3679 2409 3770 2462 uti
3797 2425 3921 2463 con-

2211 2499 2468 2569 jugibus,
2492 2497 2756 2552 ﬁdelibus
2787 2500 2979 2551 autem
3005 2514 3120 2551 non
3150 2497 3358 2565 licere;
3391 2497 3831 2551 catechumenis
3861 2499 3918 2552 li-

2217 2604 2343 2642 cere
2392 2587 2604 2640 habere
2650 2586 2977 2657 pecuniam,
3037 2585 3302 2640 ﬁdelibus
3336 2590 3526 2639 autem
3576 2602 3706 2639 non
3739 2586 3917 2641 licere.

2221 2678 2362 2730 Nam
2387 2679 2443 2729 et
2471 2675 2630 2729 multi
2665 2675 2915 2746 suntqui
2952 2680 3197 2729 utuntur
3225 2680 3504 2746 tanquam
3530 2691 3652 2729 non
3685 2681 3920 2730 utentes.

2221 2767 2287 2819 Et
2317 2765 2412 2819 illo
2450 2768 2806 2818 sacrosancto
2837 2765 3062 2818 lavacro
3093 2764 3396 2818 inchoatur
3442 2765 3752 2819 innovatio
3805 2767 3926 2819 novi

2218 2853 2490 2920 hominis,
2518 2857 2582 2907 ut
2611 2851 2958 2923 proﬁciendo
2988 2852 3335 2922 perﬁciatur,
3369 2852 3430 2906 in
3472 2852 3602 2906 aliis
3633 2853 3832 2918 citius,
3877 2871 3926 2908 in

2221 2943 2346 2997 aliis
2401 2941 2661 2996 tardius:
2694 2957 2727 2994 a
2758 2942 2952 2994 multis
3005 2945 3201 2994 tamen
3256 2941 3591 3011 proceditur
3635 2941 3700 2994 in
3731 2959 3926 2996 novam

2220 3031 2418 3098 vitam,
2453 3027 2500 3082 si
2530 3028 2840 3100 quisquam
2864 3044 2976 3080 non
3009 3027 3262 3092 inimice,
3287 3027 3382 3081 sed
3407 3027 3730 3098 diligenter
3759 3029 3929 3082 inten-

2223 3119 2339 3174 dat.
2373 3119 2498 3189 Ipse
2521 3117 2760 3189 quippe,
2783 3117 2928 3171 sicut
2949 3116 3028 3170 ait
3044 3117 3365 3187 Apostolus,
3388 3119 3493 3170 etsi
3511 3120 3764 3171 emtenbr
3793 3119 3929 3171 homo

2221 3212 2401 3268 noster
2437 3208 2824 3274 corrumpitur,
2871 3205 2966 3259 sed
3005 3207 3233 3258 interior
3280 3209 3575 3258 renovatur
3618 3206 3690 3259 de
3748 3206 3840 3259 die
3881 3210 3933 3259 in

2224 3297 2366 3351 diem
2395 3296 2467 3364 (II
2499 3295 2616 3350 Cor.
2654 3311 2728 3360 vr,
2763 3295 2870 3363 16).
2901 3294 3207 3364 Apostolus
3239 3293 3308 3348 de
3346 3293 3437 3347 die
3491 3294 3549 3346 in
3603 3294 3772 3348 diem
3800 3295 3932 3349 inte-

2225 3384 2436 3438 riorem
2465 3381 2762 3437 hominem
2793 3381 3054 3436 renovari
3085 3381 3223 3436 dicit
3251 3386 3314 3435 ut
3341 3382 3704 3452 perﬁciatur,
3759 3390 3818 3438 et
3845 3400 3934 3436 vos

2225 3490 2258 3527 a
2287 3471 2637 3543 perfectione
2687 3470 2858 3525 vultis
2921 3470 3174 3542 incipiat.
3218 3471 3376 3534 Quod
3434 3471 3670 3526 utinam
3718 3472 3933 3526 velitis:

2227 3563 2328 3616 sed
2357 3559 2613 3632 quaeritis
2639 3559 2848 3632 potius,
2891 3576 3006 3613 non
3056 3559 3206 3613 unde
3236 3559 3464 3631 erigatis
3494 3559 3817 3622 invalidos,
3845 3561 3935 3614 sed

2227 3651 2378 3706 unde
2407 3649 2613 3705 fallatis
2642 3649 2916 3703 incautos.
2952 3650 3066 3703 Hoc
3093 3647 3248 3702 enim
3299 3665 3414 3702 non
3469 3648 3764 3704 debuistis
3793 3655 3935 3703 tanta

2229 3740 2414 3794 dicere
2445 3737 2700 3805 audacia,
2750 3754 2853 3791 nec
2909 3737 2957 3790 si
3012 3754 3110 3791 vos
3165 3736 3225 3790 in
3282 3736 3363 3790 eis
3416 3736 3556 3806 ipsis
3619 3737 3934 3808 nugatoriis

2228 3827 2512 3882 mandatis
2545 3825 2744 3880 vestris
2772 3827 3052 3898 perfectos
3108 3842 3227 3880 esse
3269 3829 3570 3879 constaret.
3615 3827 3769 3881 Cum
3813 3841 3935 3877 vere

2230 3915 2450 3970 noverit
2479 3920 2665 3969 vestra
2692 3913 3038 3969 conscientia
3070 3931 3166 3968 eos
3196 3931 3341 3985 quos
3369 3914 3429 3968 in
3450 3918 3676 3969 sectam
3700 3920 3937 3968 vestram

2229 4003 2610 4070 introducitis,
2651 4019 2780 4057 cum
2808 4003 2967 4057 vobis
3020 4002 3357 4058 familiarius
3405 4001 3581 4074 jungi
3640 4003 3938 4075 coeperint

2231 4092 2412 4146 multa
2442 4090 2799 4161 inventuros,
2832 4107 2961 4162 quae
2985 4091 3043 4145 in
3073 4091 3232 4146 vobis
3259 4107 3400 4155 esse,
3433 4107 3567 4145 cum
3600 4093 3754 4146 alios
3787 4108 3940 4145 acu»

2231 4181 2450 4250 saretis,
2497 4196 2666 4234 nemo
2697 4179 3132 4250 suspicabatur;
3183 4195 3311 4250 qua:
3366 4182 3526 4232 tanta
3572 4179 3942 4250 impudentia

2230 4274 2333 4341 est,
2367 4268 2776 4342 perfectionem
2825 4267 2884 4321 in
2933 4267 3221 4321 catholicis
3269 4265 3760 4321 imbecillioribus
3795 4284 3941 4339 qua-

2230 4377 2373 4425 rere,
2410 4362 2473 4414 ut
2501 4358 2632 4413 inde
2678 4355 2980 4427 imperitos
3028 4359 3266 4419 avertas,
3318 4359 3374 4408 et
3415 4371 3544 4408 eam
3576 4357 3754 4410 nullo
3787 4357 3937 4410 mode

2228 4449 2382 4521 apud
2412 4453 2466 4502 te
2495 4447 2566 4501 iis
2620 4462 2762 4518 quos
2808 4443 3076 4499 averteris
3102 4444 3370 4498 exhibere
3389 4443 3416 4497 ?
3438 4443 3553 4497 Sed
3586 4461 3668 4499 ne
3699 4446 3849 4516 quid
3895 4444 3938 4496 ir

2227 4555 2325 4593 vos
2354 4543 2567 4592 temere
2614 4537 2736 4608 jam
2766 4535 3060 4590 videamus
3109 4533 3424 4601 effundere,
3482 4532 3594 4587 iste
3654 4535 3731 4588 sit
3784 4535 3941 4600 huius

2228 4624 2535 4682 voluminis
2595 4624 2822 4690 modus,
2876 4627 2939 4677 ut
2993 4622 3064 4676 ad
3141 4621 3595 4676 demonstranda
3658 4627 3939 4692 praecepta

2228 4715 2356 4770 vita;
2404 4718 2623 4782 vestrae,
2682 4727 2985 4783 moresque
3041 4709 3441 4766 memorabiles
3496 4709 3838 4783 aliquando
3871 4726 3938 4761 ve-

2225 4818 2451 4857 mamus
2460 4841 2472 4855 .
