4008 6184
93 308 253 360 1345

732 300 827 357 DE
864 299 1178 357 MORIBUS
1214 298 1788 367 MANICHEORUM,
1832 298 1883 353 S.
1928 296 2312 355 AUGUSTINI
2354 298 2567 356 LIBER
2606 298 2992 357 SECUNDUS.

3477 306 3614 360 1346

1070 454 1621 576 LIBER
1716 450 2692 575 SECUNDUS.

1394 617 1473 660 DE
1518 615 1791 659 MORIBUS
1839 613 2339 657 MANICILEORUM.

169 693 239 740 In
261 704 365 753 quo
388 689 616 763 refutatu
636 690 916 763 diligenter
934 690 1122 763 horum
1146 689 1514 763 haereticorum
1541 690 1780 763 doctrina
1799 688 1862 763 de
1883 688 2086 763 origine
2107 692 2367 763 etpatura
2386 689 2528 748 mali,
2551 690 2891 763 excutiuntur
2904 690 3005 763 tria
3022 690 3110 762 illa
3132 690 3257 749 oris,
3282 703 3537 763 manuum
3559 695 3609 741 et

90 750 542 826 si.n_us,’_quaanipsi
559 754 613 801 in
634 750 808 826 impiis
828 753 936 801 suis
950 754 1186 826 moribus
1205 753 1563 826 praedicabant
1583 750 1871 826 signacula,
1885 754 1937 826 et
1950 751 2312 826 superstitiosa
2321 764 2503 800 eorum
2526 752 2846 801 abstinentia
2864 753 3219 816 mysteriaque
3240 752 3469 801 nefanda
3489 766 3610 815 sug-

90 813 384 879 gillantur.
412 813 756 864 Postmodum
780 815 1041 864 nonnulla
1068 816 1119 862 in
1152 813 1222 862 iis
1246 815 1573 877 deprehensa
1597 814 1793 876 ﬂagitia
1820 813 2142 861 referuntur.

93 914 342 968 CAPUT
380 913 677 967 PRIMUM.
708 941 777 953 —-
825 912 1109 967 Summum
1140 912 1334 966 bonum
1361 915 1440 966 est
1470 910 1529 965 id
1557 913 1647 965 cui
1670 925 1811 964 com-

705 994 843 1061 petit
871 1007 1073 1045 summe
1101 1007 1229 1046 esse.

188 1086 239 1135 1.
266 1079 419 1135 Nulli
446 1096 565 1133 esse
591 1079 830 1134 dubium
860 1080 1127 1145 arbitror,
1159 1095 1289 1134 cum
1319 1079 1388 1133 de
1417 1078 1581 1132 bonis
1607 1081 1664 1131 et
1694 1091 1817 1130 ma-

96 1169 180 1223 lis
214 1167 513 1239 quaaritur,
538 1169 644 1223 hoc
668 1185 852 1239 genus
883 1168 1219 1239 quazslionis
1241 1168 1312 1223 ad
1339 1168 1614 1221 moralem
1639 1165 1815 1235 perti-

99 1273 253 1311 nere
275 1256 655 1326 disciplinam,
670 1256 729 1309 in
747 1273 863 1327 qua
878 1256 986 1310 isto
1001 1272 1263 1309 sermone
1283 1271 1595 1309 versamur.
1614 1255 1818 1317 Quam-

100 1348 318 1400 obrem
350 1346 555 1399 vellem
581 1345 833 1416 quidem,
871 1349 933 1398 ut
964 1350 1080 1399 tam
1110 1360 1374 1398 serenam
1400 1343 1609 1397 mentis
1637 1341 1817 1395 aciem

101 1436 383 1488 homines
431 1435 501 1487 ad
554 1435 677 1488 haec
718 1434 1114 1504 investiganda
1143 1433 1451 1497 deferrent,
1486 1436 1552 1485 ut
1586 1432 1818 1500 possent

100 1523 308 1576 videre
338 1521 479 1575 illud
509 1537 801 1575 summum
829 1522 1066 1586 bonum,
1097 1537 1209 1591 quo
1241 1536 1357 1572 non
1388 1524 1473 1572 est
1502 1517 1815 1588 quidquam

105 1608 325 1660 melius
351 1611 449 1659 aut
476 1605 758 1675 superius,
781 1604 871 1658 cui
900 1603 1192 1657 rationalis
1221 1603 1414 1655 anima
1442 1617 1587 1672 pura
1616 1605 1671 1654 et
1694 1616 1820 1671 per-

100 1696 267 1749 fecta
294 1694 678 1764 subjungitur.
707 1695 819 1746 Hoc
849 1692 1000 1745 enim
1024 1691 1310 1745 intellecto
1340 1696 1513 1761 atque
1544 1689 1815 1760 perfecto,

103 1784 291 1836 simul
321 1781 579 1835 viderent
610 1781 664 1835 id
705 1796 825 1835 esse
864 1780 1019 1850 quod
1051 1795 1273 1832 summe
1307 1796 1369 1832 ac
1398 1778 1668 1848 primitus
1698 1793 1819 1831 esse

104 1870 432 1925 rectissime
464 1869 689 1923 dicitur.
734 1870 847 1921 Hoc
888 1868 1043 1920 enim
1084 1867 1332 1921 maxime
1365 1883 1486 1921 esse
1516 1866 1819 1920 dicendum

106 1964 223 2026 est,
257 1959 411 2029 quod
436 1973 660 2027 semper
679 1956 880 2010 eodem
904 1955 1073 2009 modo
1096 1971 1217 2009 sese
1238 1955 1428 2022 habet,
1454 1954 1610 2025 quod
1631 1954 1819 2008 omni-

106 2048 316 2109 modo,
349 2046 437 2099 sui
464 2045 647 2098 simile
669 2048 771 2109 est,
796 2046 953 2115 quod
980 2044 1141 2097 nulla
1167 2060 1234 2097 ex
1256 2049 1417 2113 parte
1440 2043 1733 2113 corrumpi
1754 2058 1819 2096 ac

110 2135 336 2190 mutari
371 2139 575 2205 potest,
612 2134 766 2204 quod
802 2150 917 2187 non
948 2133 1200 2203 subjacet
1234 2133 1498 2202 tempori,
1533 2132 1686 2202 quod
1717 2130 1819 2184 ali-

111 2234 209 2279 ter
242 2239 394 2278 nunc
426 2239 485 2276 se
519 2222 726 2277 habere
756 2239 929 2293 quam
960 2222 1208 2276 habebat
1248 2225 1432 2287 antea,
1468 2236 1586 2274 non
1615 2223 1817 2289 potest.

113 2316 185 2368 Id
217 2313 374 2367 enim
405 2316 489 2365 est
523 2311 678 2381 quod
706 2327 825 2364 esse
853 2311 1145 2364 verissime
1178 2309 1405 2363 dicitur.
1439 2309 1643 2363 Subest
1668 2308 1823 2361 enim

116 2402 260 2455 huic
308 2401 481 2454 verbo
520 2401 804 2453 manentis
850 2399 909 2452 in
951 2415 1009 2451 se
1058 2403 1227 2469 atque
1276 2396 1825 2450 incommutabiliter

117 2506 248 2545 sese
300 2489 562 2543 habentis
609 2492 831 2541 naturai
885 2486 1242 2557 signiﬁcatio.
1288 2487 1441 2539 Hanc
1485 2484 1627 2539 nihil
1668 2484 1821 2538 aliud

118 2594 302 2649 quam
343 2580 524 2631 Deum
569 2591 873 2647 possumus
903 2576 1111 2639 dicere,
1154 2574 1246 2628 cui
1281 2574 1327 2626 si
1354 2573 1705 2627 contrarium
1736 2589 1827 2625 re-

117 2674 213 2722 cte
245 2682 467 2737 quaeras
500 2664 644 2718 nihil
698 2663 933 2717 omnino
977 2668 1078 2716 est.
1126 2663 1255 2716 Esse
1287 2661 1443 2715 enim
1473 2661 1824 2715 contrarium

118 2771 246 2811 non
275 2756 464 2821 habet,
498 2753 608 2806 nisi
646 2768 760 2805 non
794 2768 939 2805 esse.
981 2752 1147 2805 Nulla
1192 2754 1276 2803 est
1304 2766 1440 2820 ergo
1474 2750 1588 2802 Deo
1623 2753 1827 2801 natura

121 2843 427 2898 contraria.
451 2841 557 2895 Sed
581 2841 855 2912 quoniam
871 2840 940 2893 ad
964 2840 1083 2892 haec
1109 2837 1549 2907 contemplanda
1570 2836 1825 2889 sauciam

122 2938 183 2986 et
210 2931 472 2985 hebetem
504 2929 819 2998 nugatoriis
854 2926 1223 2997 opinionibus
1250 2930 1306 2979 et
1329 2926 1604 2995 pravitate
1630 2925 1828 2977 volun-

125 3020 262 3074 tatis
284 3019 460 3072 aciem
489 3017 695 3071 mentis
715 3017 1006 3070 atterimus
1028 3032 1041 3081 ;
1066 3030 1359 3079 conemur,
1392 3018 1671 3084 quantum
1696 3028 1827 3082 pos-

128 3124 349 3173 sumus,
382 3108 453 3161 ad
481 3106 961 3177 qualemcumque
992 3107 1167 3157 tantae
1205 3102 1288 3155 rei
1327 3102 1588 3155 notitiam
1630 3117 1827 3171 perve-

130 3197 259 3251 nire
288 3195 633 3267 pedetentim
662 3200 831 3264 atque
862 3199 1043 3259 caute,
1084 3208 1200 3246 non
1234 3195 1297 3245 ut
1325 3190 1598 3257 videntes,
1643 3190 1741 3244 sed
1769 3193 1831 3243 ut

132 3286 431 3356 palpantes
457 3284 641 3336 solent
670 3298 952 3353 quaarere.

134 3373 363 3428 CAPUT
396 3372 463 3426 ΙΙ.
481 3373 564 3410 “--
592 3372 797 3425 Malum
827 3371 963 3439 quid
991 3372 1081 3425 sit.
1124 3370 1327 3424 Malum
1354 3382 1463 3421 esse
1492 3368 1553 3421 id
1581 3367 1726 3437 quod
1754 3372 1832 3420 est

204 3465 393 3515 contra
425 3464 680 3514 naturam
713 3459 903 3513 dicunt
932 3460 1211 3512 verissime
1242 3457 1548 3523 Manichaei,
1580 3455 1677 3511 sed
1707 3457 1832 3509 hinc

207 3551 537 3604 subvertitur
565 3564 746 3603 eorum
777 3548 1029 3609 limosis:

208 3641 261 3692 ‘2.
293 3638 451 3706 Saepe
483 3641 653 3707 atque
682 3636 825 3690 adeo
865 3651 1011 3705 pene
1042 3649 1286 3704 semper,
1320 3630 1633 3697 Manichati,
1663 3632 1734 3685 ab
1766 3632 1834 3685 iis

135 3725 348 3797 quibus
375 3724 637 3778 haeresim
667 3727 913 3777 vestram
939 3721 1282 3792 persuadere
1313 3718 1618 3786 molimini,
1645 3719 1837 3789 requi-

136 3814 262 3868 ritis
293 3813 440 3867 unde
469 3812 541 3866 sit
562 3813 802 3866 malum.
836 3813 1036 3866 Putate
1061 3826 1151 3864 me
1182 3826 1334 3863 nunc
1357 3808 1621 3880 primitus
1648 3808 1709 3861 in
1738 3824 1836 3861 vos

135 3902 439 3967 incidisse;
490 3900 792 3971 impetrem
851 3899 1071 3970 aliquid
1120 3916 1154 3953 a
1202 3899 1385 3968 vobis,
1435 3896 1483 3951 si
1527 3897 1733 3967 placet,
1774 3900 1838 3950 ut

135 3990 310 4046 etiam
348 4008 443 4044 vos
491 3989 747 4059 deposita
776 3988 1071 4059 paulisper
1102 3986 1397 4058 opinione,
1440 4002 1554 4057 qua
1591 4002 1691 4039 vos
1731 3985 1838 4038 ista

140 4082 284 4136 scire
314 4078 652 4151 opinamini,
687 4095 811 4133 rem
854 4084 1075 4132 tantam
1106 4093 1331 4131 mecum
1363 4082 1635 4146 tanquam
1667 4075 1838 4129 rudes

138 4171 404 4240 indigare
434 4168 678 4223 tentetis.
714 4165 1169 4222 Percunctamini
1192 4182 1282 4220 me
1305 4165 1456 4218 unde
1480 4164 1551 4217 sit
1580 4164 1796 4217 malum
1822 4179 1835 4228 ;

141 4265 201 4314 at
227 4276 329 4329 ego
360 4257 602 4311 vicissim
632 4260 972 4327 percunctor
999 4271 1094 4307 vos
1125 4254 1262 4324 quid
1294 4254 1365 4305 sit
1394 4250 1630 4304 malum.
1666 4251 1839 4321 Cujus

141 4351 231 4401 est
251 4347 461 4417 justior
479 4343 775 4416 inquisitio
799 4344 826 4399 ?
854 4357 1127 4397 eorumne
1155 4341 1254 4412 qui
1284 4342 1551 4411 quazrunt
1572 4337 1724 4391 unde
1746 4337 1837 4405 sit,

141 4437 301 4507 quod
329 4436 467 4507 quid
505 4434 577 4488 sit
614 4434 916 4504 ignorant;
957 4448 1027 4485 an
1059 4431 1179 4499 ejus
1212 4428 1310 4500 qui
1340 4427 1498 4498 prius
1527 4429 1692 4497 putat
1721 4441 1840 4479 esse

142 4523 521 4595 quaerendum
553 4521 692 4593 quid
722 4521 813 4585 sit,
848 4524 911 4574 ut
938 4535 1053 4572 non
1085 4516 1295 4588 ignota:
1326 4514 1407 4568 rei
1439 4514 1617 4586 (quod
1646 4514 1843 4567 absur-

143 4612 447 4666 dissimum
494 4615 599 4678 est)
645 4609 804 4680 origo
844 4607 1178 4678 quaaratur?
1224 4602 1528 4658 Verissime
1572 4601 1757 4656 dicitis
1788 4603 1831 4656 ί.

142 4700 283 4765 Quis
314 4700 467 4754 enim
500 4700 579 4753 ita
608 4703 693 4752 est
719 4700 907 4751 mente
937 4684 1140 4763 caicus,
1164 4692 1265 4765 qui
1285 4708 1402 4747 non
1420 4691 1609 4745 videat
1634 4690 1693 4745 id
1714 4690 1839 4745 cui-

142 4806 259 4861 que
285 4788 483 4860 generi
502 4788 720 4840 malum
739 4802 881 4851 esse,
903 4782 1056 4855 quod
1073 4787 1270 4836 contra
1292 4783 1413 4853 ejus
1433 4784 1697 4835 naturam
1719 4778 1842 4834 est?

141 4879 253 4934 Sed
301 4880 410 4932 hoc
453 4876 779 4942 constituto,
829 4872 1100 4927 evertitur
1141 4871 1376 4925 haeresis
1414 4875 1636 4924 vestra:
1683 4869 1844 4923 nulla

143 4967 303 5023 enim
335 4969 541 5018 natura
578 4964 811 5025 malum,
854 4962 901 5015 si
932 4961 1087 5032 quod
1123 4965 1322 5014 contra
1353 4963 1617 5013 naturam
1649 4962 1754 5026 est,
1787 4956 1843 5011 id

145 5055 258 5110 erit
300 5053 539 5108 malum.
583 5051 697 5105 Nos
729 5056 921 5105 autem
962 5048 1210 5103 asseritis
1240 5047 1550 5119 quamdam
1579 5049 1844 5100 naturam

1924 911 2094 978 atque
2125 908 2498 962 substantiam
2545 908 2760 962 malum
2793 924 2932 963 esse.
2984 908 3199 963 Accidit
3236 910 3408 963 etiam
3446 910 3617 975 illud,

1925 996 2077 1066 quod
2102 1000 2295 1050 contra
2320 1000 2584 1050 naturam
2611 996 2887 1067 quidquid
2916 1003 3020 1062 est,
3049 997 3250 1068 utique
3276 1004 3500 1051 natura:
3532 998 3619 1052 ad-

1924 1089 2202 1151 versatur,
2227 1089 2284 1138 et
2302 1099 2426 1139 eam
2448 1084 2730 1155 perimere
2757 1085 2972 1138 nititur.
2999 1086 3202 1139 Tendit
3232 1102 3365 1156 ergo
3388 1086 3445 1139 id
3468 1086 3618 1156 quod

1926 1176 2029 1238 est,
2081 1173 2264 1227 facere
2302 1177 2365 1226 ut
2409 1189 2524 1227 non
2568 1173 2657 1227 sit.
2694 1174 2836 1227 Nam
2867 1179 2922 1226 et
2958 1173 3082 1243 ipsa
3110 1179 3316 1227 natura
3346 1174 3495 1227 nihil
3533 1179 3621 1227 est

1926 1261 2100 1327 aliud,
2133 1277 2306 1332 quam
2336 1262 2394 1315 id
2419 1261 2572 1331 quod
2598 1260 2939 1331 intelligitur
2959 1260 3019 1314 in
3046 1278 3147 1315 suo
3175 1277 3382 1330 genere
3403 1260 3619 1330 aliquid
3641 1284 3661 1308 κ

1926 1365 2067 1403 esse.
2111 1352 2307 1419 Itaque
2340 1356 2401 1403 ut
2430 1366 2529 1402 nos
2552 1351 2674 1419 jam
2708 1366 2853 1403 novo
2886 1350 3119 1402 nomine
3152 1350 3219 1402 ab
3251 1366 3317 1402 eo
3350 1348 3505 1419 quod
3535 1354 3619 1401 est

1928 1452 2071 1502 esse,
2102 1453 2367 1491 vocamus
2402 1437 2725 1503 essentiam,
2769 1454 2940 1507 quam
2984 1438 3325 1507 plerumque
3356 1437 3618 1490 substan-

1927 1525 2066 1579 tiam
2107 1524 2279 1579 etiam
2313 1525 2713 1578 nominamus:
2750 1525 2831 1578 ita
2858 1529 3078 1577 veteres
3108 1525 3207 1594 qui
3238 1526 3358 1577 haec
3387 1524 3622 1581 nomina

1927 1630 2044 1667 non
2074 1614 2381 1679 habebant,
2409 1629 2511 1683 pro
2542 1613 2785 1667 essentia
2814 1616 2869 1667 et
2889 1611 3209 1665 substantia
3240 1618 3503 1665 naturam
3527 1628 3624 1663 vo-

1928 1702 2151 1756 cabant.
2191 1702 2445 1771 ldipsum
2485 1717 2619 1771 ergo
2650 1702 2867 1754 malum
2908 1706 3013 1766 est,
3048 1700 3094 1752 si
3124 1704 3333 1770 praeter
3362 1699 3625 1769 pertina-

1929 1791 2073 1844 ciam
2105 1790 2290 1843 velitis
2322 1790 2639 1855 attendere,
2685 1789 2926 1843 deﬁcere
2972 1789 3042 1842 ab
3082 1788 3327 1841 essentia
3369 1792 3425 1841 et
3466 1786 3537 1841 ad
3568 1786 3626 1841 id

1928 1878 2163 1934 tendere
2194 1883 2257 1932 ut
2282 1895 2397 1932 non
2430 1878 2526 1933 sit.

2002 1970 2051 2021 3.
2086 1966 2359 2031 Quocirca
2389 1982 2519 2020 cum
2561 1965 2619 2018 in
2651 1964 2936 2018 Catholica
2965 1963 3190 2031 dicitur,
3226 1962 3489 2017 omnium
3519 1978 3627 2016 na-

1926 2058 2188 2109 turarum
2219 2061 2389 2125 atque
2438 2052 2887 2107 substantiarum
2930 2068 3047 2105 esse
3086 2056 3377 2105 auctorem
3420 2053 3625 2114 Deum,

1929 2142 2094 2196 simul
2126 2142 2467 2212 intelligitur
2507 2142 2578 2195 ab
2610 2140 2689 2193 eis
2739 2140 2838 2210 qui
2866 2140 2973 2194 hoc
3013 2143 3251 2210 possunt
3280 2139 3623 2209 intelligere,

1932 2245 2047 2283 non
2078 2246 2197 2284 esse
2224 2232 2402 2283 Deum
2422 2234 2713 2284 auctorem
2742 2229 2900 2282 mali.
2933 2228 3231 2292 Quomodo
3260 2228 3415 2281 enim
3439 2231 3629 2298 potest

1932 2318 2048 2383 ille,
2081 2319 2182 2389 qui
2228 2318 2487 2374 omnium
2535 2333 2663 2388 quas
2696 2321 2847 2382 sunt,
2879 2332 3048 2369 causa
3076 2320 3161 2369 est
3200 2320 3266 2369 ut
3294 2315 3426 2380 sint,
3461 2330 3629 2369 causa

1934 2421 2054 2459 esse
2110 2422 2307 2459 rursus
2371 2409 2431 2459 ut
2497 2421 2613 2458 non
2664 2404 2798 2468 sint,
2866 2403 2923 2456 id
2980 2407 3081 2464 est,
3148 2407 3215 2455 ut
3261 2404 3330 2457 ab
3390 2402 3631 2457 essentia

1932 2493 2197 2548 deficiant
2226 2498 2282 2547 et
2329 2494 2396 2547 ad
2446 2509 2563 2547 non
2612 2509 2732 2547 esse
2769 2491 3053 2545 tendant?
3088 2490 3243 2560 quod
3274 2492 3490 2544 malum
3524 2506 3631 2560 ge-

1934 2583 2127 2637 nerale
2175 2587 2297 2636 esse
2328 2584 2536 2635 clamat
2576 2580 2874 2635 verissima
2919 2579 3085 2633 ratio.
3128 2581 3200 2632 At
3239 2595 3372 2633 vero
3407 2579 3509 2633 illa
3544 2594 3636 2631 ve-

1935 2676 2051 2725 stra
2080 2688 2219 2742 gens
2268 2670 2428 2737 mali,
2478 2686 2651 2739 quam
2693 2667 2863 2721 vultis
2900 2683 3021 2721 esse
3061 2683 3350 2720 summum
3390 2668 3633 2735 malum,

1936 2759 2223 2829 quomodo
2251 2757 2361 2811 erit
2389 2762 2588 2811 contra
2618 2760 2902 2820 naturam,
2936 2754 2992 2808 id
3022 2759 3107 2807 est
3135 2760 3335 2808 contra
3365 2755 3634 2807 substan-

1934 2848 2097 2911 tiam,
2125 2861 2253 2900 cum
2285 2860 2411 2898 eam
2442 2848 2704 2897 naturam
2736 2847 2905 2912 atque
2936 2841 3309 2895 substantiam
3340 2858 3459 2894 esse
3489 2842 3635 2895 dica-

1934 2936 2055 2990 tis?
2092 2935 2147 2989 Si
2187 2933 2342 2987 enim
2373 2936 2575 2986 contra
2604 2948 2661 2985 se
2694 2930 2850 2996 facit,
2884 2930 3073 2999 ipsum
3105 2944 3225 2982 esse
3257 2929 3364 2982 sibi
3393 2929 3631 2982 adimit:

1937 3023 2092 3095 quod
2110 3022 2155 3076 si
2177 3021 2496 3093 perfecerit,
2525 3025 2661 3074 tunc
2682 3020 2915 3073 demum
2937 3017 3231 3088 perveniet
3251 3017 3321 3071 ad
3342 3032 3633 3070 summum

1937 3112 2176 3166 malum.
2201 3111 2323 3164 Non
2336 3113 2529 3163 autem
2550 3106 2829 3179 perﬁciet,
2852 3106 2987 3177 quia
3008 3121 3135 3159 eam
3156 3121 3273 3158 non
3292 3105 3464 3159 modo
3485 3121 3633 3169 esse,

1938 3215 2137 3253 verum
2169 3197 2340 3252 etiam
2363 3196 2773 3265 sempiternam
2798 3210 2919 3248 esse
2944 3191 3134 3247 vultis.
3168 3193 3293 3246 Non
3320 3195 3506 3263 potest
3536 3192 3636 3261 igi-

1939 3293 2034 3343 tur
2064 3303 2185 3341 esse
2215 3301 2506 3340 summum
2534 3284 2770 3351 malum,
2806 3282 2961 3354 quod
2989 3280 3322 3352 perhibetur
3352 3295 3473 3335 esse
3506 3280 3643 3334 sub-

1940 3376 2173 3432 stantia.

2011 3469 2061 3521 4.
2104 3465 2213 3521 Sed
2245 3464 2381 3535 quid
2412 3462 2653 3518 faciam?
2685 3460 2808 3516 Scio
2840 3461 3029 3532 plures
3072 3475 3191 3514 esse
3222 3459 3284 3512 in
3322 3457 3505 3525 vobis,
3540 3456 3642 3527 qui

1942 3555 2065 3609 Ι]ωο
2110 3552 2429 3623 intelligere
2483 3551 2717 3604 omnino
2766 3552 3073 3619 nequeant.
3119 3547 3242 3601 Scio
3287 3561 3486 3599 rursus
3517 3560 3639 3598 esse

1943 3642 2243 3714 quosdam,
2266 3640 2364 3711 qui
2399 3654 2731 3711 quanquam
2752 3638 2903 3692 bono
2932 3636 3164 3706 ingenio
3190 3638 3501 3705 utcumque
3533 3632 3641 3686 ista

1941 3732 2187 3795 videant,
2232 3729 2383 3783 mala
2430 3732 2623 3781 tamen
2660 3727 2969 3790 voluntate,
3019 3740 3133 3794 qua
3180 3722 3369 3793 ipsum
3412 3737 3643 3792 quoque

1942 3818 2238 3889 ingenium
2279 3821 2413 3870 sunt
2456 3814 2739 3878 amissuri,
2780 3811 3144 3884 pertinaciter
3173 3814 3364 3881 agant,
3397 3816 3455 3863 et
3483 3825 3641 3880 quaa-

1945 3912 2076 3962 rant
2118 3904 2309 3977 potius
2340 3903 2478 3974 quid
2505 3902 2774 3969 adversus
2806 3900 2913 3953 ista
2946 3900 3155 3967 dicant,
3196 3897 3346 3968 quod
3381 3897 3559 3951 tardis
3589 3902 3643 3951 et

1944 3994 2243 4051 imbecillis
2267 3993 2428 4047 facile
2454 3991 2886 4063 persuadeatur,
2911 4004 3087 4059 quam
3112 4003 3245 4041 vera
3268 4002 3389 4041 esse
3411 4002 3647 4040 consen-

1945 4086 2107 4139 tiant.
2136 4084 2259 4138 Non
2278 4098 2367 4135 me
2383 4086 2573 4135 tamen
2590 4078 2880 4149 scripsisse
2902 4076 3203 4147 paenitebit
3224 4076 3380 4145 quod
3403 4079 3502 4128 aut
3518 4075 3645 4144 quis

1948 4188 2120 4244 quam
2151 4170 2210 4223 in
2238 4168 2395 4223 vobis
2424 4167 2654 4221 tandem
2684 4182 2800 4219 non
2820 4164 3024 4234 iniquo
3049 4161 3266 4232 judicio
3295 4161 3640 4227 consideret,

1946 4240 2312 4326 vestrumque
2343 4254 2632 4324 relinquat
2651 4268 2904 4307 errorem
2932 4272 2946 4319 ;
2976 4255 3074 4303 aut
3094 4249 3245 4319 quod
3275 4248 3561 4318 ingeniosi
3590 4253 3646 4301 et
3732 4240 3735 4241 ⁷

1950 4349 2063 4401 Deo
2091 4342 2323 4408 subditi,
2356 4346 2527 4412 atque
2550 4341 2730 4395 adhuc
2752 4341 2822 4395 ab
2852 4338 3042 4394 studio
3065 4341 3251 4390 vestro
3281 4335 3492 4405 integri
3512 4350 3642 4389 cum

1949 4432 2214 4504 legerint,
2254 4447 2370 4485 non
2398 4430 2617 4499 possint
2645 4430 2841 4483 vestris
2873 4424 3233 4481 sermonibus
3264 4423 3471 4494 decipi.

1949 4522 2175 4577 CAPUT
2208 4521 2306 4574 III.
2340 4549 2410 4559 —
2437 4520 2642 4574 Malum
2676 4522 2725 4573 si
2759 4518 3018 4587 deﬁnitur
3041 4513 3103 4567 id
3143 4528 3254 4567 esse
3296 4512 3441 4581 quod
3469 4517 3643 4583 nocet,

2233 4615 2300 4653 ea:
2330 4600 2424 4653 hoc
2452 4614 2642 4653 rursus
2673 4596 2957 4651 Manichaei
2988 4596 3358 4646 revincuntur.

2022 4695 2071 4744 5.
2108 4689 2438 4753 Quaeramus
2459 4703 2594 4756 ergo
2620 4685 2726 4737 ista
2754 4681 3102 4752 diligentius,
3132 4685 3187 4735 et
3207 4685 3489 4752 quantum
3520 4680 3646 4735 ﬁeri

1950 4783 2155 4850 potest,
2187 4776 2432 4847 planius.
2472 4775 2814 4828 Percunctor
2853 4786 2949 4824 vos
2987 4769 3198 4824 iterum
3231 4770 3372 4841 quid
3418 4769 3490 4823 sit
3518 4787 3646 4825 ma—

1952 4868 2117 4922 lum?
2145 4866 2201 4919 Si
2227 4862 2501 4930 dixeritis,
2534 4861 2597 4914 Id
2630 4859 2786 4929 quod
2822 4863 3023 4925 nocet;
3058 4875 3246 4930 neque
3281 4859 3373 4913 hic
3404 4859 3646 4914 mentie-

1952 4953 2115 5008 mini.
2170 4952 2297 5017 Sed,
2348 4965 2561 5020 quaaso,
2600 4946 3075 5013 animadvertite;
3119 4963 3335 5017 quasso,
3377 4946 3647 5016 vigilate;

1954 5057 2172 5115 quaeso,
2208 5037 2476 5108 deponite
2516 5034 2699 5089 studia
2729 5034 3003 5106 partium,
3036 5040 3093 5090 et
3125 5051 3343 5103 verum,
3377 5051 3491 5089 non
3520 5034 3648 5087 vin-

1473 5147 1749 5183 ADIONITIO
1776 5148 1852 5181 PP.
1884 5139 2333 5182 DEIEDICTINORUI.

213 5211 443 5259 Collatus
460 5212 540 5258 est
556 5209 709 5269 (liber
724 5209 788 5258 de
799 5208 1033 5257 Moribus
1050 5206 1484 5268 Manichaaorum)
1498 5218 1617 5253 cum
1632 5193 2549 5269 Mss.So_rbonicis_tri_b}_lsLV'ict‘orinis
2562 5192 2923 5269 totidem.cu‘m
2936 5190 3647 5269 Navarripo,Christingapo,

150 5252 513 5330 eiité'r'aéHsi,‘
521 5252 963 5335 Hegidlhidnten—si
971 5252 1484 5335 éé'ixiﬁiéﬁééh’si:
1495 5252 1644 5335 unde
1656 5266 1756 5335 maj
1764 5267 1841 5314 ori
1853 5252 2117 5335 conventu
2132 5260 2234 5308 RR.
2251 5252 2347 5306 PP.
2364 5256 2829 5305 Franciscanorum
2844 5257 3003 5305 Paris.
3021 5270 3143 5304 cum
3156 5253 3472 5303 lectionibus
3486 5252 3651 5316 Belgi-

152 5348 337 5384 corum
362 5329 758 5397 quinquevapud
779 5335 923 5389 Lov.,
956 5336 1217 5394 postremo
1239 5344 1360 5379 cum
1381 5329 1700 5377 editionibus
1710 5329 1805 5397 Er:
1819 5333 1871 5377 et
1888 5329 2010 5378 Lov.

248 5380 1165 5485 Cumparuvi‘inuspréterea
1216 5414 1327 5459 eas
1374 5412 1593 5458 omnes
1643 5389 1957 5457 editiones
2008 5384 2196 5453 initio
2232 5385 2807 5448 Retractationum
2840 5393 2902 5448 et
2952 5380 3478 5447 Confessionum
3515 5399 3647 5444 me-

152 5499 469 5552 moratas.
568 5488 653 5551 M.

221 5588 236 5619 ι
259 5586 337 5633 Ita
368 5586 424 5634 in
452 5584 708 5633 hactenus
736 5581 906 5632 editis.
935 5580 1001 5643 At
1032 5579 1087 5627 in
1112 5580 1233 5629 Mss.
1254 5581 1452 5643 septem
1474 5577 1766 5627 omittitur:
1807 5574 2089 5629 Verissime
2106 5569 2311 5628 dicitis;
2343 5569 2396 5618 in
2419 5570 2536 5619 aliis
2563 5572 2789 5631 quatuor
2810 5566 3034 5616 habetur
3058 5579 3067 5612 :
3112 5566 3168 5613 Si
3190 5563 3384 5625 dicitis,
3408 5564 3556 5627 quod
3579 5566 3652 5614 est

156 5650 348 5698 contra
365 5651 650 5709 naturam,
676 5646 949 5696 verissime
967 5642 1161 5693 dicitis.
