4036 6182
395 277 415 326 1
427 273 526 328 347

391 393 575 462 cendi,
614 391 711 447 sed
745 389 1073 446 inveniendi
1104 387 1288 460 gratia
1316 386 1574 457 quaerite.
1605 385 1894 457 Quidquid
1925 385 2080 441 enim

387 484 574 548 nocet,
605 481 756 534 bono
793 479 983 549 aliquo
1014 478 1196 549 privat
1225 492 1350 530 eam
1379 491 1498 528 rem
1521 475 1612 528 cui
1639 479 1836 528 nocet:
1872 491 2006 528 nam
2035 473 2082 527 si

386 570 610 624 nullum
640 569 856 622 bonum
887 567 1103 632 adimit,
1147 565 1288 619 nihil
1321 581 1552 634 prorsus
1584 568 1767 618 nocet.
1801 563 1949 627 Quid
1977 563 2083 616 hoc

387 657 657 727 apertius,
683 658 916 710 obsecro
938 671 1036 708 vos
1052 657 1080 708 ?
1107 653 1245 724 quid
1272 653 1498 723 planius
1514 651 1540 704 ?
1565 653 1701 722 quid
1723 657 1839 706 tam
1861 651 2082 721 exposi-

387 749 509 799 tum
527 744 700 798 cuivis
723 742 996 798 mediocri
1017 741 1378 811 intellectori,
1413 743 1580 796 modo
1613 758 1729 795 non
1759 741 2082 812 pertinaci?

390 835 505 886 Hoc
527 838 717 886 autem
729 831 959 901 positio,
985 831 1368 900 videturjam,
1387 836 1451 884 ut
1474 830 1696 901 opinor,
1722 831 1859 901 quid
1881 847 2084 900 sequa-

389 926 500 975 tur.
532 922 595 974 In
620 919 718 973 illa
744 919 956 989 quippe
989 922 1156 989 gente
1188 935 1360 989 quam
1387 935 1677 972 summum
1713 918 1929 972 malum
1960 933 2081 971 esse

387 1007 778 1079 suspicamini,
810 1007 1005 1061 noceri
1030 1007 1299 1077 cuiquam
1330 1007 1411 1060 rei
1435 1023 1550 1060 non
1578 1009 1782 1077 potest,
1810 1006 1910 1059 ubi
1938 1005 2078 1060 nihil

385 1102 470 1151 est
497 1097 651 1151 boni.
685 1097 844 1160 Quod
872 1097 919 1150 si
954 1096 1081 1150 duae
1112 1101 1334 1150 natura:
1361 1102 1512 1165 sunt,
1545 1100 1610 1148 ut
1651 1094 1968 1157 afﬁrmatis,
1998 1111 2082 1148 re-

384 1201 560 1256 gnum
584 1185 747 1252 lucis,
772 1191 828 1239 et
851 1202 1093 1255 regnum
1113 1185 1478 1239 tenebrarum
1505 1204 1520 1252 ;
1543 1186 1815 1255 quoniam
1839 1200 2082 1254 regnum

385 1275 545 1341 lucis,
588 1276 766 1328 Deum
799 1291 916 1328 esse
963 1273 1246 1341 fatemini,
1289 1274 1380 1327 cui
1417 1274 1735 1343 simplicem
1775 1273 2082 1343 quamdam

383 1369 647 1418 naturam
683 1363 1008 1430 conceditis,
1041 1363 1121 1416 ita
1151 1367 1213 1416 ut
1243 1363 1320 1415 ibi
1352 1378 1467 1416 non
1497 1363 1570 1415 sit
1598 1361 1753 1416 aliud
1784 1363 1896 1416 alio
1929 1361 2083 1416 dete-

383 1453 536 1507 rius:
571 1452 961 1506 conﬁteamini
987 1466 1212 1504 necesse
1244 1455 1348 1517 est,
1385 1451 1537 1520 quod
1564 1451 1930 1504 vehementer
1960 1449 2084 1520 qui-

387 1541 519 1594 dem
554 1545 637 1593 est
675 1540 976 1593 adversum
1011 1555 1125 1604 vos,
1171 1539 1270 1591 sed
1302 1544 1493 1592 tamen
1525 1555 1753 1592 necesse
1789 1545 1875 1591 est
1905 1539 2082 1592 eonﬁ-

384 1627 640 1691 teamini,
674 1627 839 1680 istam
870 1631 1152 1690 naturam,
1188 1642 1360 1696 quam
1397 1642 1689 1680 summum
1721 1627 1937 1680 bonum
1968 1643 2082 1679 non

386 1717 554 1770 modo
588 1732 701 1768 non
733 1715 974 1784 negatis,
1007 1713 1104 1767 sed
1137 1714 1307 1766 etiam
1339 1713 1707 1767 vehementer
1735 1715 2082 1784 persuadere

383 1803 691 1869 conamini,
729 1819 849 1857 esse
882 1802 1429 1866 incommutabilem,
1467 1808 1525 1856 et
1563 1802 2078 1872 impenetrabilem,

385 1895 442 1946 et
478 1891 994 1960 incorruptibilem,
1041 1895 1099 1944 et
1145 1890 1570 1945 inviolabilem:
1624 1907 1738 1944 non
1780 1891 1932 1944 enim
1975 1891 2084 1945 erit

384 1980 549 2034 aliter
579 1995 868 2034 summum
897 1979 1140 2033 bonum:
1166 1978 1222 2033 id
1246 1983 1329 2032 est
1358 1979 1509 2032 enim
1542 1996 1654 2049 quo
1693 1979 1835 2032 nihil
1865 1985 1947 2033 est
1967 1995 2084 2033 me-

385 2068 529 2122 lius:
564 2068 664 2122 tali
694 2073 886 2122 autem
917 2073 1136 2122 natura;
1169 2067 1358 2141 noceri
1383 2068 1537 2121 nullo
1568 2072 1731 2137 pacto
1762 2071 1974 2137 potest.
2012 2070 2084 2122 At

384 2156 431 2211 si
461 2173 684 2222 nocere,
715 2156 867 2210 bono
898 2156 1120 2226 privare
1151 2161 1253 2221 est,
1279 2155 1423 2209 sicut
1453 2156 1674 2210 ostendi
1701 2173 1713 2221 ;
1748 2155 1940 2210 noceri
1969 2173 2082 2210 non

383 2249 575 2316 potest
599 2261 776 2313 regno
805 2245 1196 2310 tenebrarum,
1231 2244 1368 2314 quia
1395 2242 1536 2297 nihil
1566 2244 1799 2298 ibiboni
1825 2249 1943 2310 est;
1976 2260 2082 2298 no-

384 2335 498 2388 ceri
527 2351 646 2388 non
691 2338 876 2404 potest
904 2348 1081 2402 regno
1108 2332 1269 2397 lucis,
1305 2332 1440 2402 quia
1467 2332 1793 2387 inviolabile
1827 2337 1940 2388 est:
1990 2332 2082 2387 cui

385 2423 564 2492 igitur
591 2422 818 2475 nocebit
846 2421 1001 2490 quod
1031 2420 1216 2473 dicitis
1247 2421 1463 2474 malum
1483 2421 1512 2473 ‘P

388 2511 612 2566 CAPUT
642 2511 728 2562 1V.
761 2536 827 2546 ——
857 2510 992 2562 Boni
1029 2524 1130 2577 per
1176 2523 1230 2561 se
1273 2513 1323 2562 et
1363 2510 1786 2578 participatione
1824 2509 2080 2579 differen-

1178 2598 1275 2650 tia.

455 2692 506 2742 6.
539 2685 943 2752 Quamobrem,
973 2700 1103 2738 cum
1138 2701 1235 2738 vos
1273 2683 1540 2754 expedire
1573 2684 1889 2754 nequeatis,
1922 2685 2079 2740 vide-

385 2782 440 2832 te
474 2792 646 2848 quam
693 2774 957 2845 expedita
995 2773 1070 2826 sit
1111 2773 1396 2826 sententia
1424 2773 1711 2827 catholicze
1744 2773 2076 2844 disciplinae,

385 2883 514 2938 qua:
544 2865 696 2918 aliud
728 2864 862 2918 dicit
884 2863 1101 2917 bonum
1131 2863 1286 2933 quod
1310 2878 1532 2916 summe
1554 2878 1617 2916 ac
1648 2879 1749 2933 per
1777 2880 1834 2917 se
1865 2864 2079 2917 bonum

381 2959 486 3022 est,
533 2958 589 3008 et
631 2969 749 3007 non
782 2950 1224 3022 participatione
1255 2951 1494 3020 alicujus
1523 2951 1678 3012 boni,
1711 2953 1809 3005 sed
1849 2953 2081 3022 propria

379 3047 583 3096 natura
613 3044 629 3078 ¹
663 3046 720 3096 et
752 3041 1029 3106 essentia;
1065 3039 1221 3094 aliud
1256 3039 1408 3110 quod
1437 3039 1834 3111 participando
1864 3041 2079 3096 bonum

380 3135 436 3184 et
459 3131 722 3184 habendo
748 3147 760 3196 ;
795 3129 964 3183 habet
998 3134 1190 3183 autem
1225 3129 1293 3183 de
1323 3129 1420 3181 illo
1451 3145 1675 3182 summo
1708 3131 1857 3183 bono
1889 3135 1953 3183 ut
1982 3131 2080 3184 bo-

381 3237 522 3274 num
543 3221 635 3285 sit,
659 3219 718 3273 in
735 3235 794 3273 se
821 3223 1017 3273 tamen
1040 3222 1308 3272 manente
1331 3217 1451 3285 illo,
1475 3217 1736 3288 nihilque
1758 3218 2074 3273 amittente.

384 3310 500 3362 Hoc
532 3311 724 3361 autem
752 3306 969 3360 bonum
1019 3306 1174 3376 quod
1223 3309 1419 3374 postea
1457 3305 1726 3372 diximus,
1759 3311 2078 3361 creaturam

379 3400 562 3462 vocat,
601 3395 692 3450 cui
721 3395 916 3450 noceri
945 3411 1051 3465 per
1077 3394 1363 3448 defectum
1389 3399 1608 3464 petest:
1637 3395 1798 3464 cujus
1828 3395 2079 3450 defectus

382 3485 529 3539 Deus
559 3495 753 3539 auctor
781 3501 897 3538 non
942 3488 1045 3551 est,
1093 3483 1229 3555 quia
1259 3483 1558 3550 existendi,
1601 3488 1657 3538 et
1694 3489 1755 3538 ut
1789 3483 1866 3538 ita
1893 3485 2077 3539 dicam

380 3575 626 3640 essendi,
660 3577 857 3627 auctor
887 3576 992 3626 est.
1019 3573 1100 3626 Ita
1130 3576 1186 3626 et
1207 3571 1423 3625 malum
1446 3572 1764 3626 ostenditur
1792 3574 2077 3644 quomodo

377 3663 631 3728 dicatur;
675 3678 792 3715 non
823 3660 978 3715 enim
1029 3660 1345 3714 secundum
1375 3660 1701 3728 essentiam,
1735 3663 1830 3716 sed
1871 3678 2075 3716 secun-

379 3751 516 3804 dum
545 3749 928 3820 privationem
960 3748 1250 3803 verissime
1274 3749 1516 3803 dicitur:
1545 3755 1600 3805 et
1627 3755 1832 3805 natura
1860 3751 1951 3804 cui
1981 3768 2078 3804 no-

379 3838 494 3892 ceri
523 3837 703 3908 possit
732 3841 993 3906 apparet.
1030 3838 1152 3890 Non
1183 3837 1336 3890 enim
1368 3837 1492 3908 ipsa
1521 3843 1606 3892 est
1635 3856 1922 3893 summum
1954 3856 2075 3893 ma-

377 3925 522 3989 lum,
555 3924 646 3977 cui
671 3924 887 3978 bonum
918 3925 1194 3977 adimitur
1223 3941 1353 3978 cum
1382 3930 1656 3993 nocetur;
1691 3944 1878 3998 neque
1911 3945 2074 3982 sum-

379 4027 539 4066 mum
572 4011 810 4077 bonum,
843 4027 970 4081 quae
999 4016 1301 4082 propterea
1333 4012 1574 4066 deﬁcere
1607 4030 1640 4066 a
1677 4014 1828 4068 bono
1867 4019 2074 4085 potest,

379 4100 514 4170 quia
542 4116 662 4153 non
693 4099 982 4154 existendo
1009 4100 1246 4167 bonum,
1271 4101 1370 4155 s'ed
1394 4101 1612 4155 bonum
1642 4103 1904 4157 habendo
1937 4103 2076 4157 dici-

357 4194 473 4243 ‘tur
511 4190 680 4245 bona.
730 4190 923 4260 Neque
956 4191 1295 4244 naturaliter
1341 4192 1494 4246 bona
1521 4209 1611 4246 res
1641 4198 1742 4259 est,
1775 4208 1904 4264 qua:
1944 4210 2075 4248 cum

377 4278 523 4332 facta
545 4277 773 4344 dicitur,
807 4277 1005 4348 utique
1034 4283 1095 4332 ut
1128 4278 1278 4332 bona
1302 4285 1450 4334 esset
1477 4281 1707 4352 accepit.
1743 4282 1827 4334 Ita
1853 4286 1908 4336 et
1931 4283 2076 4336 Deus

378 4383 671 4420 summum
698 4367 918 4421 bonum
943 4372 1048 4435 est,
1071 4372 1126 4422 et
1141 4384 1206 4421 ea
1222 4385 1348 4438 quae
1362 4369 1513 4436 fecit,
1533 4370 1685 4424 bona
1705 4375 1840 4425 sunt
1858 4371 2074 4442 omnia,

378 4455 638 4526 quamvis
671 4472 787 4510 non
830 4455 945 4510 sint
989 4461 1108 4510 tam
1146 4456 1317 4524 bona,
1359 4473 1531 4528 quam
1568 4463 1651 4512 est
1691 4459 1785 4512 ille
1823 4461 1944 4530 ipse
1975 4460 2076 4531 qui

377 4544 527 4598 fecit.
578 4545 716 4609 Quis
755 4545 912 4600 enim
956 4546 1064 4600 hoc
1103 4550 1221 4600 tam
1261 4547 1494 4601 insanus
1523 4547 1695 4602 audet
1735 4548 1982 4617 exigere,
2012 4553 2076 4602 ut

380 4632 624 4703 mqualia
652 4633 766 4688 sint
795 4633 1000 4688 artiﬁci
1030 4651 1223 4705 opera,
1253 4640 1312 4689 et
1340 4635 1566 4688 condita
1594 4636 2085 4701 eonditori?Quid,

381 4720 628 4789 amplius
659 4721 988 4776 desideratis
1005 4725 1034 4777 ?
1061 4726 1149 4777 An
1171 4724 1345 4778 etiam
1374 4723 1542 4778 vultis
1567 4724 1781 4795 aliquid
1803 4726 2073 4796 planius?

379 4809 604 4862 CAPUT
641 4810 703 4862 ν.
743 4839 814 4850 -
851 4814 1059 4867 Malum
1105 4815 1156 4867 si
1205 4813 1462 4882 deﬁnitur
1495 4828 1605 4867 esse
1643 4817 1916 4883 corruptio
1949 4816 2074 4870 inde

601 4899 767 4950 etiam
797 4900 1051 4964 funditus
1080 4903 1339 4954 evertitur
1366 4902 1582 4955 illorum
1611 4901 1848 4956 hazresis.

449 4988 500 5039 7.
533 4984 796 5050 Quzeram
819 5001 954 5056 ergo
980 4987 1150 5042 tertio
1175 4987 1309 5060 quid
1337 4988 1408 5041 sit
1424 4990 1659 5042 malum.
1688 4989 2074 5058 Respondebi-

377 5073 448 5128 tis
473 5073 731 5136 fortasse.
763 5075 1085 5144 Corruptio.
1109 5076 1244 5141 Quis
1266 5083 1321 5131 et
1345 5078 1453 5131 hoc
1475 5079 1786 5148 negaverit,
1808 5081 2072 5148 generale

378 5163 596 5219 malum
625 5162 788 5219 esse?
829 5164 969 5217 Nam
1001 5164 1108 5218 hoc
1143 5169 1225 5218 est
1259 5171 1457 5220 contra
1487 5170 1772 5234 naturam,
1806 5168 1914 5222 hoc
1944 5173 2027 5222 est
2053 5166 2077 5199 ²

442 5271 456 5302 ί
482 5267 661 5317 Plures
685 5270 804 5317 Mss.
825 5268 1005 5318 isthaec
1025 5269 1302 5319 omittunt:
1324 5272 1392 5320 Et
1407 5284 1516 5321 non
1535 5274 1957 5336 participatione
1974 5273 2074 5326 ali-

442 5331 522 5381 ius
551 5332 692 5381 boni.
718 5331 813 5381 sed
836 5333 1052 5381 nronria
1079 5335 1309 5381 natura.

376 5335 522 5390 cujus
551 5335 692 5390 boni,
718 5335 813 5381 sed
832 5335 1052 5395 propria
1079 5335 1309 5382 natura.
1538 5335 1550 5336 “
1739 5335 1753 5336 “

443 5394 464 5427 ²
490 5393 585 5466 Hie
606 5408 669 5441 ex
709 5395 832 5466 _Mss.
863 5393 1211 5466 restituimus,
1259 5393 1359 5444 hoc
1391 5399 1490 5454 est,
1531 5411 1740 5466 necnon
1763 5397 1938 5466 intra,
1953 5402 2075 5466 post

381 5467 487 5563 nan
513 5457 838 5563 esttrnaiu-m,
869 5471 930 5506 ex
960 5457 1020 5504 iis
1041 5457 1346 5519 ndjecimus,
1372 5471 1477 5506 non
1499 5465 1593 5516 est,
1622 5475 1738 5522 qme
1761 5461 1814 5509 in
1832 5457 1971 5509 Edilf
1989 5461 2074 5510 de-

377 5529 419 5562 s:
461 5530 583 5564 erau
615 5531 691 5564 ur.

1351 264 1446 319 DE
1483 261 1798 319 MORIBUS
1837 255 2410 322 MANICHJEORUM,
2453 255 2507 310 S.
2551 251 2930 310 AUGUSTINI

3766 258 3785 306 ι
3796 257 3883 309 348

2195 381 2347 454 quod
2379 384 2561 435 nocet.
2590 379 2700 435 Sed
2725 377 3011 448 corruptio
3029 392 3144 431 non
3163 379 3249 432 est
3278 378 3336 431 in
3359 377 3563 449 seipsa,
3593 377 3696 432 sed
3715 378 3775 431 in
3796 379 3886 432 ali-

2191 487 2303 542 qua
2334 468 2647 524 substantia
2667 483 2839 538 quam
2862 466 3214 536 corrumpit:
3240 483 3358 520 non
3391 467 3544 524 enim
3579 467 3889 521 substantia

2191 565 2276 614 est
2306 559 2425 629 ipsa
2457 557 2769 627 corruptio.
2796 557 2872 609 Ea
2893 555 3068 626 igitur
3085 571 3175 608 res
3201 573 3377 626 quam
3408 557 3756 628 corrumpit,
3781 573 3889 610 coro

2189 647 2382 719 ruptio
2415 663 2527 701 non
2560 651 2662 712 est,
2688 645 2905 699 malum
2928 660 3043 697 non
3073 648 3158 697 est
3178 643 3221 698 ί.
3253 645 3419 708 Quod
3451 645 3612 698 enim
3641 661 3889 698 corrum-

2190 738 2364 808 pitur,
2415 735 2742 805 integritate
2775 736 2830 787 et
2860 731 3184 787 sinceritate
3227 734 3500 804 privatur.
3554 734 3728 798 Quod
3772 750 3892 798 ergo

2191 842 2304 880 non
2332 825 2504 880 habet
2535 825 2713 878 ullam
2744 822 3128 876 sinceritatem
3155 838 3268 893 qua
3295 822 3577 892 privetur,
3607 823 3894 891 corrumpi

2191 931 2304 968 non
2333 917 2545 984 potest;
2597 913 2752 984 quod
2785 915 2977 966 autem
3024 912 3217 974 habet,
3264 911 3517 981 profecto
3567 911 3797 965 bonum
3827 919 3897 963 est

2189 1002 2626 1074 participatione
2675 999 3034 1055 sinceritatis.
3090 1001 3232 1054 Item
3283 1001 3434 1071 quod
3485 1001 3896 1071 corrumpitur,

2190 1093 2439 1163 profecto
2479 1091 2852 1162 pervertitur;
2896 1090 3046 1161 quod
3078 1093 3268 1142 autem
3300 1089 3669 1158 pervertitur,
3710 1089 3896 1142 ordine

2189 1181 2444 1252 privatur
2468 1195 2482 1232 :
2504 1179 2641 1233 ordo
2661 1182 2853 1232 autem
2881 1179 3096 1231 bonum
3123 1181 3228 1232 est.
3254 1178 3374 1230 Non
3399 1177 3580 1247 igitur
3608 1177 3773 1248 quod
3795 1194 3899 1230 cor-

2189 1271 2497 1342 rumpitur,
2545 1271 2694 1324 bono
2735 1273 2920 1322 caret:
2967 1284 3032 1322 eo
3065 1284 3312 1340 namque
3345 1268 3466 1338 ipso
3511 1284 3633 1337 quo
3669 1284 3794 1321 non
3823 1284 3899 1320 ca-

2192 1365 2296 1425 ret,
2329 1358 2552 1413 viduari
2589 1359 2726 1412 dum
2767 1357 3154 1427 corrumpitur
3202 1361 3405 1427 potest.
3455 1357 3611 1411 Gens
3642 1373 3788 1426 ergo
3818 1357 3900 1409 illa

2189 1448 2577 1513 tenebrarum,
2606 1446 2653 1499 si
2674 1446 2829 1500 omni
2853 1447 3004 1500 bono
3027 1446 3273 1512 carebat,
3301 1451 3361 1499 ut
3379 1445 3593 1514 dicitis,
3613 1445 3897 1515 corrumpi

2192 1553 2306 1590 non
2327 1540 2550 1606 poterat
2578 1552 2590 1588 :
2623 1551 2739 1588 non
2767 1534 2918 1588 enim
2940 1534 3184 1588 habebat
3216 1535 3364 1604 quod
3391 1533 3440 1587 ei
3460 1539 3664 1604 posset
3689 1536 3897 1588 auferre

2190 1624 2498 1696 corruptio,
2520 1641 2647 1694 quae
2676 1623 2722 1676 si
2749 1624 2893 1677 nihil
2915 1623 3155 1690 auferat,
3186 1640 3298 1676 non
3319 1624 3665 1693 corrumpit.
3695 1624 3899 1677 Audete

2184 1715 2304 1784 jam
2337 1714 2544 1780 dicere,
2579 1713 2624 1766 si
2653 1712 2911 1783 potestis,
2943 1713 3123 1766 Deum
3153 1717 3209 1766 et
3243 1712 3337 1766 Dei
3375 1728 3626 1782 regnum
3655 1714 3902 1783 potuisse

2190 1802 2504 1872 corrumpi,
2528 1801 2574 1854 si
2605 1802 2817 1855 diaboli
2837 1818 3081 1872 regnum
3106 1802 3273 1871 quale
3296 1800 3642 1867 describitis,
3675 1819 3904 1872 quomo-

2191 1891 2264 1945 do
2295 1890 2587 1961 corrumpi
2617 1895 2810 1961 posset
2840 1906 2954 1944 non
2979 1890 3267 1944 invenitis.

2193 1980 2418 2034 CAPUT
2448 1980 2539 2032 VI.
2585 2006 2640 2015 --
2669 1979 2954 2048 Corruptio
2986 1995 3149 2046 quam
3178 1995 3289 2032 rem
3310 1980 3530 2046 ofﬁciat,
3561 1981 3619 2031 et
3650 1978 3797 2046 quid
3824 1983 3898 2032 sit.

2263 2071 2313 2122 8.
2345 2067 2489 2131 Quid
2513 2083 2648 2137 ergo
2670 2067 2804 2121 hinc
2830 2068 2926 2120 lux
2949 2067 3227 2120 catholica
3249 2066 3272 2097 ’
3297 2067 3466 2120 dicit?
3487 2066 3645 2130 Quid
3677 2070 3901 2138 putatis.

2191 2156 2300 2210 nisi
2328 2157 2383 2209 id
2413 2157 2567 2227 quod
2598 2156 2768 2210 habet
2788 2155 3014 2221 veritas,
3037 2155 3327 2225 corrumpi
3353 2171 3516 2225 posse
3543 2156 3773 2209 factam
3797 2159 3905 2210 sub

2191 2245 2495 2298 stantiam:
2539 2261 2670 2298 nam
2717 2248 2774 2298 et
2802 2244 2958 2298 illam
2996 2261 3113 2297 non
3152 2244 3379 2310 factam,
3429 2260 3564 2314 quae
3615 2261 3905 2298 summum

2189 2333 2406 2387 bonum
2440 2336 2543 2400 est,
2578 2349 2698 2386 esse
2730 2332 3248 2402 incorruptibilem,
3279 2336 3335 2386 et
3363 2331 3552 2402 ipsam
3582 2336 3906 2404 corruptio-

2192 2439 2344 2488 nem,
2376 2439 2505 2494 qum
2537 2438 2829 2476 summum
2860 2423 3075 2475 malum
3105 2426 3207 2489 est,
3243 2439 3354 2475 non
3386 2438 3555 2492 posse
3590 2425 3904 2493 corrumpi.

2192 2511 2289 2564 sed
2331 2511 2476 2564 hanc
2525 2528 2639 2564 non
2685 2528 2804 2565 esse
2848 2510 3262 2564 substantiam?
3298 2511 3354 2564 Si
3405 2514 3607 2564 autem
3656 2513 3902 2582 quaeritis

2192 2599 2328 2670 quid
2361 2599 2451 2666 sit,
2484 2599 2668 2653 videte
2706 2616 2818 2676 quo
2847 2603 3086 2653 conetur
3127 2599 3438 2670 perducere
3481 2616 3620 2670 qua:
3649 2616 3900 2654 corrum—

2191 2685 2310 2756 pit?
2365 2703 2431 2740 ex
2479 2687 2663 2757 seipsa
2712 2687 2866 2740 enim
2914 2686 3088 2741 afﬁcit
3131 2703 3196 2741 ea
3248 2705 3375 2758 quae
3423 2695 3899 2758 corrumpuntur.

2192 2774 2473 2829 Deficiunt
2501 2780 2694 2830 autem
2723 2775 2916 2829 omnia
2947 2793 3048 2847 per
3077 2776 3512 2846 corruptionem
3546 2776 3625 2830 ab
3660 2794 3731 2830 eo
3766 2779 3900 2848 quod

2190 2868 2371 2930 erant,
2405 2869 2460 2917 et
2483 2881 2598 2918 non
2617 2881 2952 2936 permanere
2981 2871 3282 2935 coguntur,
3311 2881 3426 2919 non
3447 2882 3571 2919 esse
3597 2873 3898 2937 coguntur.

2189 2952 2316 3004 Esse
2349 2951 2504 3005 enim
2531 2953 2599 3006 ad
2644 2953 2992 3006 manendum
3030 2955 3292 3007 refertur.
3328 2955 3529 3024 Itaque
3564 2956 3728 3025 quod
3760 2973 3896 3008 sum-

2189 3057 2279 3093 me
2307 3044 2362 3094 et
2386 3041 2633 3094 maxime
2666 3058 2784 3095 esse
2811 3042 3039 3108 dicitur,
3071 3043 3461 3127 permanendo
3486 3043 3547 3097 in
3584 3061 3647 3097 se
3677 3045 3897 3098 dicitur.

2190 3131 2331 3184 Nam
2364 3131 2515 3200 quod
2546 3135 2799 3184 mutatur
2829 3131 2888 3183 in
2916 3131 3139 3192 melius,
3176 3148 3290 3184 non
3320 3132 3455 3202 quia
3487 3133 3776 3187 manebat
3805 3151 3898 3186 nu-

2188 3222 2360 3282 tatur,
2389 3217 2490 3272 sed
2511 3219 2648 3288 quia
2667 3219 3098 3288 pervertebatur
3123 3219 3180 3272 in
3202 3220 3389 3290 pejus,
3413 3219 3468 3273 id
3497 3226 3589 3274 est
3611 3222 3688 3275 ab
3713 3239 3896 3275 essen-

2187 3305 2266 3359 tia
2286 3305 2614 3360 deticiebat:
2645 3307 2807 3376 cujus
2829 3307 3161 3361 defectionis
3188 3315 3386 3361 auctor
3415 3325 3538 3361 non
3572 3315 3666 3362 est
3695 3310 3802 3380 qui
3827 3317 3900 3364 est

2186 3399 2383 3448 auctor
2411 3394 2693 3449 essentiaa.
2737 3396 3026 3450 Mutantur
3055 3412 3192 3466 ergo
3228 3396 3495 3466 quaedam
3533 3397 3600 3451 in
3645 3400 3897 3456 meliora.

2187 3487 2241 3536 et
2267 3487 2570 3552 propterea
2589 3483 2835 3537 tendunt
2856 3500 3005 3537 esse:
3032 3500 3136 3537 nec
3156 3484 3422 3538 dicuntur
3442 3484 3555 3538 ista
3579 3488 3900 3541 mutatione

2184 3571 2456 3641 perverti,
2487 3572 2586 3626 sed
2638 3573 2847 3626 reverti
2895 3575 3063 3642 atque
3095 3573 3362 3627 converti.
3403 3575 3713 3628 Perversio
3755 3577 3901 3629 enim

2185 3659 2470 3714 contraria
2498 3663 2582 3713 est
2612 3660 2982 3714 ordinationi.
3008 3661 3138 3715 Iltec
3163 3679 3296 3715 vero
3321 3679 3451 3732 quae
3476 3665 3740 3718 tendunt
3768 3683 3898 3720 esse.

2185 3747 2258 3800 ad
2298 3747 2559 3801 ordinem
2596 3748 2871 3802 tendunt:
2904 3764 3075 3818 quem
3127 3765 3257 3802 cum
3299 3749 3515 3804 fuerint
3568 3759 3897 3812 consecuta,

2184 3834 2373 3906 ipsum
2405 3852 2524 3889 esse
2563 3840 3016 3908 consequuntur,
3059 3843 3336 3908 quantum
3370 3838 3424 3892 id
3466 3846 3744 3894 creatura
3776 3858 3898 3894 cen-

2185 3923 2347 3994 sequi
2369 3929 2575 3994 potest.
2611 3925 2761 3979 Ordo
2793 3925 2946 3980 enim
2979 3926 3050 3980 ad
3080 3926 3546 3981 convenientiam
3583 3931 3901 4000 quamdam

2185 4013 2335 4083 quod
2362 4012 2582 4068 ordinat
2604 4014 2831 4084 redigit.
2857 4015 3103 4083 Nihiljest
3128 4020 3318 4069 autem
3341 4032 3485 4082 esse,
3511 4033 3698 4087 quam
3723 4037 3901 4073 unum

2185 4117 2326 4156 esse.
2357 4102 2631 4172 Itaquein
2655 4109 2931 4173 quantum
2957 4104 3208 4176 quidque
3233 4105 3509 4158 unitatem
3531 4107 3898 4178 adipiscitur.

2182 4189 2244 4244 in
2273 4193 2495 4244 tantum
2517 4195 2619 4244 est.
2651 4191 2893 4246 Unitatis
2911 4197 2996 4246 est
3012 4192 3165 4246 enim
3188 4193 3465 4263 operatio,
3493 4196 3904 4249 convenientia

2185 4282 2239 4332 et
2267 4279 2586 4349 concordia,
2618 4297 2732 4351 qua
2755 4285 2888 4334 sunt
2908 4281 2966 4334 in
2992 4286 3273 4352 quantum
3301 4286 3452 4348 sunt,
3480 4299 3548 4336 ea
3580 4301 3720 4354 qua:
3752 4302 3900 4338 com-

2183 4367 2370 4438 posita
2400 4373 2565 4423 sunt:
2611 4386 2744 4424 nam
2788 4370 3221 4441 simpliciaper
3276 4387 3334 4424 se
3382 4375 3535 4435 sunt,
3591 4374 3741 4443 quia
3795 4389 3902 4426 una

2184 4460 2355 4523 sunt;
2385 4473 2514 4527 quin
2543 4461 2738 4512 autem
2766 4475 2884 4512 non
2919 4463 3055 4513 sunt
3085 4458 3386 4529 simplicia,
3418 4463 3739 4515 concordia
3776 4479 3898 4534 par-

2182 4542 2326 4597 tium
2345 4544 2649 4599 imitantur
2662 4546 2964 4610 unitatem,
2985 4551 3040 4602 et
3059 4547 3118 4601 in
3133 4552 3353 4603 tantum
3371 4553 3507 4602 sunt
3524 4548 3588 4602 in
3613 4559 3901 4621 quantum

2183 4637 2566 4704 assequuntur
2607 4635 2793 4700 Quare
2828 4635 3111 4690 ordinatio
3153 4653 3274 4691 esse
3315 4635 3489 4707 cogit,
3529 4637 3898 4693 inordinatic

2181 4738 2315 4775 vero
2345 4737 2462 4776 non
2489 4739 2646 4791 esse;
2673 4741 2800 4795 qum
2831 4725 3120 4796 perversio
3151 4725 3322 4780 etiam
3350 4726 3701 4780 nominatur
3733 4735 3898 4798 atque

2181 4811 2493 4880 corruptio.
2529 4812 2819 4884 Quidquid
2849 4813 3024 4884 igitur
3054 4815 3460 4885 corrumpitur,
3497 4832 3564 4868 eo
3611 4817 3814 4870 tendit
3848 4827 3895 4868 υς

2183 4915 2295 4953 non
2327 4899 2424 4955 sit.
2473 4901 2598 4954 1am
2631 4906 2883 4956 vestrum
2917 4907 3002 4956 est
3031 4903 3388 4956 considerare
3419 4919 3535 4972 quo
3569 4910 3752 4974 cogat
3783 4919 3893 4956 cer-

2182 4987 2392 5057 ruptio,
2422 4992 2483 5042 ut
2505 4990 2738 5059 possitis
2768 4990 3024 5045 invenire
3057 5008 3348 5045 summum
3377 4992 3631 5045 malum:
3671 5008 3818 5046 nam
3851 4992 3892 5043 i-s

2183 5079 2268 5129 est
2295 5092 2409 5146 quo
2439 5078 2731 5149 corruptio
2759 5080 3070 5150 perducere
3101 5079 3320 5134 nititur.

2251 5214 2444 5278 igApud
2473 5215 2556 5264 Er.
2591 5216 2754 5278 Lugd.
2790 5217 2918 5266 Ven.
2951 5218 3074 5267 Lov.
3102 5218 3309 5267 omissis
3337 5217 3531 5275 verbis,
3562 5233 3678 5269 non
3702 5223 3810 5276 est,
3837 5223 3896 5266 in.

2182 5277 2403 5343 legitur:
2436 5281 2516 5328 Ea
2543 5277 2716 5343 igitur
2734 5291 2820 5329 res
2843 5292 3006 5342 quam
3037 5281 3324 5342 corrumpit
3353 5285 3653 5343 corruptio,
3686 5297 3804 5331 non
3830 5289 3896 5330 es:

2183 5341 2411 5388 malum.
2452 5341 2604 5398 Quod
2637 5342 2792 5390 enim.
2848 5341 2930 5390 Μ.

2245 5402 2267 5435 2
2295 5402 2428 5450 Editi
2451 5417 2472 5467 ε.
2495 5401 2632 5467 Quid
2660 5415 2784 5467 ergo
2815 5404 2914 5467 tua:
2936 5403 3208 5455 catholica
3226 5407 3249 5452 ?
3269 5405 3404 5467 Mss.
3422 5418 3513 5452 sex
3543 5419 3553 5452 :
3600 5407 3744 5462 Quid
3779 5419 3894 5467 erga

2180 5461 2308 5574 {ituri
2353 5461 2643 5516 Catholica.
2676 5461 2775 5515 Alii
2820 5466 3054 5529 quinque
3111 5471 3343 5516 nostram
3399 5461 3689 5516 lectionem
3753 5461 3896 5518 exili-

2197 5539 2283 5574 ien
2313 5562 2324 5573 .

2197 5539 2324 5574 Jenl.
