4008 6184
100 251 118 299 I
135 249 244 301 349

87 369 336 423 CAPUT
376 368 488 422 VII.
530 397 598 405 ——
630 367 728 420 Dei
756 364 964 419 bonitas
991 379 1098 420 non
1128 366 1262 419 sinit
1285 380 1395 419 rem
1426 366 1595 419 ullam
1625 382 1809 420 corru-

168 460 360 527 ptione
389 473 445 511 eo
470 455 699 526 perduci
714 458 773 508 ut
796 469 902 508 non
924 456 1014 508 sit.
1042 455 1234 510 Creare
1252 459 1302 509 et
1330 456 1550 510 condere
1574 470 1676 524 quo
1703 455 1813 521 dif-

170 549 382 612 ferant.

174 638 229 688 9.
267 634 372 689 Sed
411 633 507 687 Dei
533 630 758 685 bonitas
788 646 852 684 eo
876 646 999 684 rem
1021 629 1256 701 perduci
1287 646 1403 683 non
1428 631 1583 697 sinit,
1608 634 1663 685 et
1689 648 1811 685 om-

88 724 201 777 nia
230 720 555 776 deﬁcientia
585 720 662 774 sic
694 718 941 785 ordinat,
967 723 1029 771 ut
1056 718 1137 771 ibi
1163 718 1275 770 sint
1307 718 1401 771 ubi
1429 720 1816 789 congruentis-

95 811 253 865 sime
293 810 513 880 possint
544 824 687 874 esse,
730 808 909 861 donec
946 806 1224 860 ordinatis
1256 807 1502 860 motibus
1537 808 1607 861 ad
1637 808 1692 862 id
1725 825 1813 861 re-

95 903 344 953 currant
373 897 525 951 unde
559 895 891 949 defecerunt
920 893 1014 964 (a).
1051 895 1244 963 Itaque
1277 894 1447 946 etiam
1481 894 1698 948 animas
1722 912 1813 948 ra-

92 987 372 1049 tionales,
404 986 464 1038 in
504 984 714 1055 quibus
758 988 844 1037 est
882 981 1343 1053 potentissimum
1378 982 1620 1036 liberum
1660 981 1815 1035 arbi-

102 1077 287 1130 trium
302 1074 669 1136 1,deticientes
684 1089 712 1126 a
725 1073 869 1138 se,in
884 1071 1249 1125 inferioribus
1262 1076 1532 1124 creatura:
1546 1070 1816 1142 gradibus

101 1165 360 1230 ordinat,
391 1162 489 1217 ubi
510 1163 652 1215 tales
675 1177 796 1215 esse
818 1162 995 1214 decet.
1026 1160 1189 1213 Fiunt
1213 1176 1349 1229 ergo
1371 1160 1595 1214 miserae
1623 1159 1814 1213 divino

90 1252 347 1323 judicio,
376 1253 515 1305 dum
544 1249 949 1303 convenienter
978 1264 1079 1318 pro
1110 1249 1325 1301 meritis
1356 1249 1711 1303 ordinantur.
1740 1249 1816 1300 Ex

101 1358 227 1410 quo
262 1341 405 1394 illud
437 1339 653 1409 optime
687 1338 898 1391 dictum
935 1341 1037 1403 est,
1071 1337 1225 1407 quod
1268 1336 1533 1389 insectari
1576 1335 1814 1388 maxime

100 1430 340 1483 soletis:
393 1432 506 1495 Ego
555 1430 699 1493 facio
751 1427 906 1492 bona,
948 1430 997 1479 et
1042 1440 1157 1478 creo
1199 1427 1344 1478 mala
1389 1426 1544 1494 (Isai.
1586 1440 1705 1489 XLV,
1740 1425 1813 1492 7).

103 1520 316 1573 Creare
347 1533 599 1586 namque
627 1515 833 1569 dicitur
862 1514 1105 1567 condere
1139 1517 1194 1567 et
1220 1513 1504 1566 ordinare.
1534 1514 1729 1582 Itaque
1757 1511 1817 1565 in

102 1608 400 1677 plerisque
446 1604 869 1674 exemplaribus
914 1602 994 1655 sic
1040 1602 1313 1671 scriptum
1362 1605 1463 1665 est,
1514 1603 1627 1667 Ego
1670 1603 1816 1665 facio

104 1698 252 1749 bona
276 1700 325 1748 et
347 1694 512 1749 condo
536 1694 699 1747 mala.
737 1693 936 1744 Facere
962 1689 1116 1743 enim
1140 1694 1242 1752 est,
1264 1690 1416 1758 quod
1443 1689 1676 1741 omnino
1701 1704 1817 1741 non

103 1789 264 1849 erat;
307 1783 551 1836 condere
591 1786 805 1845 autem,
848 1778 1113 1832 ordinare
1161 1778 1312 1847 quod
1354 1781 1663 1847 utcumque
1694 1778 1816 1846 jam

102 1876 254 1933 erat,
280 1875 342 1923 ut
371 1870 578 1923 melius
608 1868 904 1938 magisque
935 1867 1024 1920 sit.
1052 1868 1125 1920 Ea
1158 1881 1404 1936 namque
1427 1865 1617 1919 condit
1650 1867 1812 1931 Deus,

106 1961 169 2013 id
203 1964 291 2013 est
309 1960 554 2027 ordinat,
577 1973 704 2009 cum
728 1956 883 2021 dicit,
905 1955 1081 2011 Condo
1101 1956 1267 2021 mala,
1294 1971 1421 2025 quae
1444 1953 1734 2021 deﬁciunt,
1759 1954 1817 2006 id

106 2052 199 2101 est
225 2062 343 2100 non
376 2062 496 2099 esse
524 2044 800 2110 tendunt;
823 2059 939 2096 non
973 2059 1037 2096 ea
1070 2059 1199 2113 qua:
1231 2043 1297 2096 ad
1331 2043 1387 2096 id
1409 2059 1522 2112 quo
1552 2043 1818 2110 tendunt,

104 2139 520 2207 pervenerunt.
576 2134 799 2186 Dictum
848 2136 933 2185 est
980 2132 1173 2185 enim:
1225 2132 1376 2184 Nihil
1419 2147 1520 2201 per
1567 2130 1819 2184 divinam

107 2222 557 2295 providentiam,
589 2221 659 2274 ad
690 2221 749 2274 id
777 2224 839 2273 ut
870 2236 987 2273 non
1021 2220 1095 2272 sit
1121 2218 1415 2289 pervenire
1447 2219 1815 2289 permittitur.

194 2314 277 2365 10.
312 2312 646 2364 Tractantur
675 2312 696 2344 ³
724 2310 843 2361 haec
868 2308 1036 2361 latius
1062 2312 1118 2361 et
1144 2307 1394 2371 uberius,
1426 2308 1524 2361 sed
1554 2308 1693 2360 dum
1722 2323 1819 2360 vo-

112 2400 340 2454 biscum
368 2400 576 2469 agitur,
604 2396 738 2451 satis
764 2401 863 2451 est.
899 2396 1263 2451 Ostendcnda
1284 2396 1439 2449 enim
1459 2396 1618 2450 vobis
1641 2396 1821 2465 janua

115 2490 247 2555 fuit,
283 2505 456 2559 quam
496 2486 830 2557 desperatis,
865 2490 921 2539 et
951 2485 1361 2555 desperandam
1393 2485 1575 2539 facitis
1604 2485 1817 2553 imper-

110 2578 230 2632 itis.
283 2579 425 2631 Nam
466 2593 565 2629 vos
606 2575 918 2629 introducit
964 2589 1132 2627 nemo
1178 2573 1287 2627 nisi
1331 2574 1592 2628 voluntas
1636 2574 1815 2640 bona;

113 2681 293 2736 quam
323 2667 583 2734 pacatam
609 2663 782 2717 efﬁcit
812 2661 1006 2715 divina
1036 2662 1354 2728 clementia,
1385 2662 1529 2715 sicut
1556 2661 1618 2714 in
1649 2663 1822 2715 Evan-

113 2754 269 2825 gelio
299 2752 559 2806 canitur:
604 2753 789 2807 Gloria
833 2753 891 2804 in
924 2752 1146 2804 excelsis
1186 2754 1306 2817 Deo,
1341 2755 1390 2804 et
1436 2755 1492 2803 in
1533 2754 1677 2803 terra
1703 2766 1822 2818 pauc

112 2843 419 2897 hominibus
460 2842 604 2895 bona;
638 2842 933 2894 voluntatis
978 2840 1121 2908 (Luc.
1167 2855 1223 2904 II,
1275 2840 1376 2907 14).
1412 2838 1556 2891 Satis
1595 2841 1696 2903 est,
1730 2838 1819 2890 in-

115 2947 310 3001 quam,
344 2935 408 2983 ut
437 2929 673 2983 videatis
703 2929 925 2981 nullum
967 2943 1085 2980 esse
1124 2927 1191 2980 de
1220 2927 1373 2979 bono
1415 2930 1469 2979 et
1498 2926 1649 2979 malo
1692 2926 1822 2978 reli-

114 3019 292 3090 giosae
313 3018 714 3087 disputationis
736 3017 973 3080 exitum,
999 3015 1110 3068 nisi
1136 3014 1414 3085 quidquid
1441 3020 1543 3080 est,
1563 3016 1622 3068 in
1644 3030 1822 3085 quan-

116 3113 244 3161 tum
277 3111 381 3173 est,
416 3123 483 3160 ex
532 3108 646 3160 Deo
679 3105 750 3158 sit
777 3120 789 3156 ε
825 3104 883 3157 in
915 3108 1193 3173 quantum
1225 3108 1416 3157 autem
1464 3104 1531 3157 ab
1578 3103 1823 3156 essentia

117 3195 326 3261 deﬁcit,
362 3212 480 3249 non
510 3195 582 3247 sit
610 3212 679 3248 ex
722 3195 858 3257 Deo,
893 3194 989 3246 sed
1018 3198 1209 3246 tamen
1242 3192 1433 3246 divina
1463 3191 1824 3262 providentia

118 3300 366 3353 semper,
395 3284 539 3337 sicut
565 3282 919 3337 universitati
935 3281 1220 3352 congruit,
1253 3282 1569 3335 ordinetur.
1593 3280 1753 3344 Quod
1776 3280 1822 3333 si

118 3374 375 3428 nondum
400 3372 624 3437 videtis,
649 3371 787 3442 quid
810 3371 1052 3440 amplius
1074 3387 1226 3423 nunc
1256 3370 1461 3424 faciam
1484 3369 1693 3435 nescio,
1714 3368 1825 3422 nisi

118 3468 188 3516 ut
201 3461 474 3515 minutius
488 3460 659 3515 etiam
677 3464 912 3513 tractem
926 3460 1031 3512 ista
1051 3476 1179 3529 quae
1195 3459 1343 3512 dicta
1356 3464 1504 3512 sunt.
1524 3459 1647 3511 Non
1669 3456 1824 3511 enim

122 3552 193 3605 ad
226 3552 439 3620 majora
470 3554 717 3603 mentem
750 3548 859 3601 nisi
888 3548 1069 3618 pietas
1099 3548 1431 3617 puritasque
1462 3546 1733 3617 perducit.

123 3641 349 3695 CAPUT
388 3639 530 3692 VIII.
560 3668 629 3677 ——
676 3639 880 3691 Malum
928 3641 1024 3703 est,
1058 3651 1165 3689 non
1220 3636 1528 3688 substantia
1569 3635 1701 3703 ulla,
1730 3634 1825 3687 sed

434 3728 750 3781 substantiae
788 3726 1013 3779 inimica
1050 3725 1505 3777 inconvenientia.

200 3820 281 3870 11.
315 3815 459 3879 Quid
496 3816 649 3869 enim
684 3814 862 3880 aliud,
895 3830 1027 3867 cum
1070 3829 1265 3884 quazro
1297 3811 1433 3883 quid
1467 3811 1539 3864 sit
1582 3811 1821 3877 malum,

119 3904 455 3974 responsuri
493 3903 646 3969 estis,
679 3902 791 3956 nisi
830 3908 928 3956 aut
971 3903 1123 3972 quod
1172 3904 1369 3954 contra
1409 3904 1672 3953 naturam
1716 3903 1821 3966 est,

120 3998 223 4046 aut
248 3992 401 4063 quod
423 3995 641 4057 noceat,
667 3995 764 4044 aut
785 3990 1236 4061 corruptionem,
1260 3994 1359 4043 aut
1386 3988 1601 4059 aliquid
1630 3988 1827 4057 hujus-

120 4080 313 4133 modi‘t
340 4083 412 4133 At
449 4079 509 4133 in
548 4078 637 4132 his
676 4079 900 4132 ostendi
943 4082 1126 4131 vestra
1155 4077 1473 4145 naufragia,
1506 4076 1616 4128 nisi
1654 4077 1821 4142 forte,

120 4172 188 4221 ut
219 4167 406 4221 soletis
432 4184 560 4221 cum
593 4166 785 4237 pueris
814 4166 1112 4235 pueriliter
1140 4181 1307 4235 agere
1338 4161 1380 4230 ³,
1414 4164 1824 4233 respondebitis

121 4256 340 4309 malum
366 4271 486 4309 esse
515 4255 731 4326 ignem,
762 4270 1069 4315 venenum,
1095 4253 1296 4320 feram,
1328 4255 1384 4305 et
1411 4256 1612 4304 caetera
1634 4252 1825 4321 hujus-

122 4344 299 4397 modi.
346 4347 487 4398 Nam
530 4344 702 4398 etiam
743 4344 811 4397 de
861 4342 1108 4413 quodam
1150 4341 1391 4405 dicente,
1432 4340 1651 4392 nullam
1688 4330 1822 4394 sub-

123 4433 393 4488 stantiam
423 4433 639 4487 malum
670 4448 815 4498 esse,
853 4448 999 4486 unus
1025 4431 1093 4483 de
1123 4428 1461 4499 primatibus
1504 4429 1672 4499 hujus
1704 4430 1822 4483 hae-

120 4521 290 4590 resis,
322 4539 495 4592 quem
533 4521 873 4576 familiarius
912 4519 1277 4588 crebriusque
1309 4516 1700 4583 audiebamus,
1733 4518 1823 4572 di-

119 4611 323 4666 cebat:
360 4612 572 4665 Vellem
620 4611 980 4679 scorpionem
1010 4608 1069 4661 in
1108 4623 1283 4660 manu
1312 4606 1560 4660 hominis
1590 4624 1821 4677 ponere,

120 4717 189 4755 ac
219 4699 409 4753 videre
442 4704 638 4754 utrum
667 4715 784 4752 non
817 4696 1173 4751 subtraheret
1200 4710 1465 4761 manum;
1498 4696 1653 4765 quod
1684 4695 1730 4748 si
1750 4696 1826 4748 fa-

117 4793 293 4851 ceret,
326 4806 444 4841 non
485 4788 688 4853 verbis,
723 4788 820 4840 sed
857 4803 915 4839 re
956 4786 1078 4855 ipsa
1116 4784 1545 4838 convinceretur
1574 4784 1824 4855 aliquam

115 4877 498 4933 substantiam
526 4877 742 4929 malum
769 4890 913 4943 esse,
946 4873 1410 4944 quandoquidem
1440 4873 1583 4926 illud
1613 4872 1825 4925 animal

112 4982 239 5023 esse
271 4964 646 5017 substantiam
678 4979 792 5016 non
822 4966 1075 5033 negaret.
1107 4963 1173 5015 Et
1201 4962 1422 5015 dicebat
1447 4961 1553 5015 hoc
1582 4978 1699 5015 non
1728 4977 1822 5014 co-

182 5073 199 5104 ί
232 5070 384 5124 Editi.
416 5068 776 5131 potissimum,
809 5083 903 5131 pro
926 5081 1030 5131 quo
1060 5069 1187 5116 Mss.
1217 5066 1463 5115 undecim
1494 5065 1706 5126 habent,
1735 5079 1825 5129 po-

116 5134 509 5188 tentissi-mum.

181 5198 202 5229 ²
234 5197 309 5243 Ita
333 5196 387 5242 in
417 5195 539 5242 Mss.
571 5193 636 5242 At
665 5192 719 5240 in
740 5192 948 5241 excusis
973 5207 983 5239 :
1016 5192 1420 5243 Tractarentur.

182 5256 200 5285 ³
233 5258 359 5307 Mss.
389 5262 593 5319 septem;
609 5260 661 5303 et
679 5255 1083 5319 Chevalloniana
1102 5255 1261 5302 editio
1278 5253 1351 5319 sic
1376 5252 1576 5319 habent
1592 5266 1607 5319 :_
1624 5252 1825 5302 Soletis

114 5334 243 5371 cum
257 5313 550 5381 angustiam“
562 5317 595 5379 Γ
592 5320 777 5365 ueritis
788 5317 1073 5379 pueriliter
1094 5329 1266 5381 age-re.
1281 5317 1346 5363 Pa
1356 5315 1583 5381 nlopost
1597 5313 1653 5381 i_n_
1669 5328 1824 5362 excu-

119 5385 194 5432 sis
216 5376 422 5445 legitur,
442 5376 645 5445 nullam
656 5376 1001 5429 substantiam
1025 5376 1229 5428 malam
1251 5390 1393 5435 esse;
1410 5376 1500 5425 ubi
1522 5376 1587 5424 ad
1608 5378 1730 5424 Mss.
1744 5390 1823 5425 ca-

124 5443 452 5505 stigavimus,
487 5443 689 5493 malum
704 5456 839 5505 esse.

192 5503 267 5567 (α)
294 5507 408 5555 V’id.
444 5506 670 5555 Retract.
703 5504 788 5554 lib.
823 5507 865 5561 1,
898 5516 1008 5564 cap.
1040 5505 1088 5560 7,
1120 5515 1174 5550 n.
1209 5503 1254 5549 6.

1548 242 1760 299 LIBER
1800 241 2187 301 SECUNDUS.

3487 252 3622 305 1350

1921 382 2043 420 ram
2092 366 2211 433 illo,
2271 366 2367 420 sed
2404 380 2531 419 cum
2572 364 2641 419 ad
2682 382 2811 419 eum
2841 382 2946 419 nos
2980 367 3251 421 commoti
3276 367 3617 424 referremus

1922 455 2073 525 quod
2105 454 2196 508 ille
2228 453 2495 508 dixisset:
2529 454 2907 523 respondebat
2928 470 3085 523 ergo,
3120 460 3185 508 ut
3205 454 3340 515 dixi,
3372 457 3615 526 puerili-

1921 548 2009 595 ter
2035 543 2247 611 pueris.
2265 543 2400 606 Quis
2426 542 2578 595 enim
2604 543 2933 597 meliuscule
2956 543 3209 597 imbutus
3254 548 3310 598 et
3336 546 3615 613 eruditus,

1922 647 2035 684 non
2091 631 2276 685 videat
2312 647 2416 701 per
2449 631 2968 685 inconvenientiam
3000 632 3306 702 corporalis
3328 638 3617 703 tempera-

1922 719 2097 772 tionis
2125 720 2245 774 haec
2274 720 2497 785 laedere,
2537 737 2601 773 ac
2638 736 2832 773 rursus
2863 736 2966 790 per
2995 722 3451 775 convenientiam
3502 740 3618 777 non

1921 807 2150 874 laedere,
2184 825 2333 879 saepe
2389 809 2557 863 etiam
2610 809 2909 863 commoda
2965 825 3078 862 non
3104 826 3278 879 parva
3309 812 3566 864 conferre
3588 812 3616 866 ?

1927 896 2067 949 Nam
2094 896 2141 949 si
2161 896 2301 951 illud
2330 914 2612 951 venenum
2643 914 2743 968 per
2759 898 3007 968 seipsum
3032 899 3249 952 malum
3272 905 3435 965 esset,
3462 916 3617 954 eum-

1925 984 2055 1037 dem
2083 986 2437 1057 scorpionem
2456 987 2638 1057 magis
2661 986 2936 1057 priusque
2957 986 3280 1057 perimeret.
3306 989 3377 1041 At
3398 993 3616 1058 contra,

1925 1072 1971 1125 si
2001 1073 2051 1126 ei
2076 1075 2302 1143 penitus
2335 1075 2525 1145 aliquo
2548 1080 2709 1145 pacto
2732 1076 3079 1141 detrahatur,
3104 1076 3225 1129 sine
3262 1076 3619 1131 dubitatione

1925 1161 2202 1228 interiret.
2236 1165 2381 1234 Ergo
2411 1164 2563 1217 illius
2584 1165 2809 1234 corpori
2830 1165 3043 1218 malum
3070 1168 3151 1218 est
3177 1165 3437 1219 amittere
3463 1166 3617 1235 quod

1924 1253 2118 1302 nostro
2152 1250 2433 1319 recipere:
2467 1251 2607 1304 item
2624 1251 2707 1304 illi
2726 1252 2940 1305 bonum
2964 1256 3047 1305 est
3065 1252 3271 1306 habere
3293 1254 3348 1307 id
3373 1270 3486 1324 quo
3510 1270 3613 1307 no-

1926 1338 2012 1391 bis
2042 1338 2254 1391 bonum
2289 1344 2373 1392 est
2410 1355 2621 1393 carere.
2660 1339 2775 1391 Erit
2804 1355 2939 1408 ergo
2970 1340 3169 1393 eadem
3201 1357 3289 1394 res
3320 1348 3376 1395 et
3403 1344 3617 1396 bonum

1925 1428 1980 1478 et
1994 1427 2209 1479 malum
2229 1428 2256 1478 ?
2276 1427 2442 1479 Nullo
2467 1427 2633 1479 modo
2652 1444 2665 1491 ;
2690 1427 2786 1479 sed
2806 1428 3020 1480 malum
3041 1433 3121 1481 est
3143 1430 3297 1497 quod
3310 1435 3503 1484 contra
3525 1448 3620 1484 na-

1924 1517 2113 1566 turam
2128 1517 2212 1567 est
2232 1529 2245 1566 :
2264 1514 2368 1566 hoc
2390 1514 2543 1566 enim
2565 1518 2619 1566 et
2633 1514 2829 1567 bestiae
2848 1514 2931 1567 illi
2948 1515 3178 1568 etnobis
3191 1518 3407 1570 malum
3426 1524 3527 1583 est,
3564 1520 3618 1573 id

1928 1601 2633 1670 estipsainconvenientia,
2655 1618 2784 1671 qua:
2799 1603 2918 1659 sine
2935 1603 3105 1656 dubio
3120 1619 3236 1657 non
3264 1610 3346 1658 est
3370 1607 3624 1660 substan-

1926 1690 2025 1755 tia,
2044 1689 2160 1742 imo
2178 1694 2260 1743 est
2273 1689 2503 1743 inimica
2542 1690 2893 1744 substantias.
2914 1691 3068 1744 Unde
3104 1693 3413 1763 estigitur?
3434 1697 3626 1749 Atten-

1927 1779 1995 1832 de
2027 1796 2141 1849 quo
2172 1786 2357 1849 cogat,
2390 1786 2444 1834 et
2486 1780 2694 1847 disces;
2729 1782 2776 1834 si
2820 1785 3013 1835 tamen
3040 1782 3099 1835 in
3137 1787 3192 1837 te
3222 1784 3437 1854 aliquid
3476 1786 3621 1841 inte-

1926 1867 2092 1920 rioris
2119 1869 2349 1921 luminis
2378 1868 2531 1922 vivit.
2566 1870 2691 1921 Non
2730 1885 2850 1923 esse
2891 1869 3046 1922 enim
3091 1870 3243 1939 cogit
3274 1888 3441 1927 omne
3473 1876 3625 1943 quod

1926 1956 2178 2026 perimit.
2216 1958 2363 2011 Deus
2392 1973 2524 2010 vero
2572 1960 2772 2010 auctor
2823 1957 3079 2011 essentiaa
3130 1964 3246 2013 est:
3297 1977 3401 2014 nec
3433 1961 3625 2032 aliqua

1928 2045 2171 2097 essentia
2207 2050 2396 2115 potest
2423 2045 2605 2099 videri
2646 2062 2786 2111 esse,
2829 2046 2983 2116 quod
3027 2046 3089 2099 in
3120 2063 3232 2117 qua
3270 2049 3443 2102 fuerit
3474 2050 3627 2120 cogit

1928 2148 2044 2185 non
2074 2148 2212 2187 esse.
2252 2133 2465 2187 Dicitur
2493 2149 2628 2203 ergo
2660 2133 2877 2203 aliquid
2923 2134 3073 2188 unde
3114 2151 3229 2189 non
3257 2136 3329 2190 sit
3357 2136 3623 2193 inconve-

1928 2221 2179 2287 nientia;
2213 2238 2346 2275 nam
2376 2222 2528 2275 unde
2561 2221 2632 2275 sit
2663 2221 2805 2275 nihil
2837 2222 2947 2276 dici
2975 2226 3179 2293 potest.

2003 2312 2086 2363 12.
2117 2309 2386 2373 Quaedam
2416 2310 2733 2364 facinorosa
2761 2310 2969 2364 mulier
2996 2311 3376 2380 Atheniensis,
3406 2318 3469 2367 ut
3497 2331 3626 2385 pro-

1930 2398 2015 2452 dit
2044 2398 2300 2463 historia,
2333 2415 2617 2453 venenum
2652 2400 2805 2469 quod
2835 2404 2989 2452 certo
3024 2401 3252 2454 modulo
3284 2402 3540 2456 damnati
3566 2408 3631 2457 ut

1932 2493 2291 2541 morerentur
2306 2488 2669 2552 hauriebant,
2687 2488 2966 2556 paulatim
2991 2487 3239 2543 bibendo
3262 2489 3382 2544 sine
3406 2492 3521 2545 ullo
3544 2493 3630 2545 vel

1929 2576 2040 2629 levi
2071 2576 2435 2630 incommodo
2466 2575 2808 2629 valetudinis
2823 2575 3009 2630 effecit
3039 2581 3099 2629 ut
3133 2577 3374 2632 biberet.
3409 2580 3627 2650 Itaque,

1931 2680 2060 2717 cum
2096 2669 2239 2718 esset
2270 2664 2577 2733 aliquando
2613 2664 2902 2731 damnata,
2934 2663 3252 2731 legitimam
3277 2666 3437 2719 illam
3459 2683 3633 2737 quan-

1931 2752 2151 2805 titatem
2204 2752 2427 2817 veneni,
2467 2767 2642 2820 quam
2682 2750 3094 2804 consuetudine
3124 2752 3369 2819 vicerat,
3415 2754 3633 2824 accepit

1931 2844 1995 2893 ut
2023 2839 2238 2906 caeteri,
2271 2854 2375 2892 nec
2407 2844 2471 2891 ut
2500 2839 2691 2892 caeteri
2715 2839 2986 2892 exstincta
3008 2843 3113 2893 est.
3145 2840 3305 2903 Quod
3326 2857 3456 2894 cum
3486 2846 3632 2896 esset

1930 2942 2140 2996 magno
2175 2926 2466 2991 miraculo,
2489 2926 2661 2979 missa
2673 2931 2758 2980 est
2787 2926 2847 2980 in
2862 2926 3142 2980 exsilium.
3167 2928 3311 2991 Quid
3333 2933 3627 2998 putamus,

1932 3014 1977 3068 si
2010 3030 2295 3068 venenum
2326 3016 2541 3068 malum
2579 3020 2682 3080 est,
2712 3015 2879 3069 istam
2910 3016 3109 3069 fecisse
3139 3020 3202 3071 ut
3250 3017 3357 3071 sibi
3413 3020 3629 3072 malum

1932 3119 2047 3156 non
2073 3105 2263 3156 esset?
2282 3103 2428 3166 Quid
2445 3104 2551 3156 hoc
2571 3104 2874 3157 absurdius
2896 3104 3040 3158 ?Sed
3061 3105 3196 3175 quia
3216 3105 3631 3159 inconvenien-

1931 3192 2010 3245 tia
2060 3191 2276 3244 malum
2329 3196 2429 3257 est,
2485 3191 2617 3244 fecit
2653 3191 2844 3261 potius
2885 3196 2948 3245 ut
2993 3194 3351 3248 moderatam
3392 3211 3630 3250 consue-

1932 3280 2194 3333 tudinem
2238 3280 2379 3334 illud
2426 3295 2629 3350 corpus
2676 3297 2779 3334 suo
2825 3281 3050 3351 corpori
3098 3283 3445 3338 conveniret.
3490 3286 3631 3338 Nam

1934 3370 2159 3440 quando
2191 3370 2289 3423 illa
2319 3369 2576 3439 qualibet
2605 3369 2911 3423 calliditate
2940 3376 3133 3440 posset
3162 3372 3407 3439 efﬁcere,
3446 3374 3630 3427 utsibi

1933 3458 2394 3511 inconvenientia
2424 3475 2541 3511 non
2562 3458 2836 3512 noceret?
2856 3459 3002 3522 Quid
3026 3459 3143 3514 ita?
3163 3460 3305 3523 Quia
3331 3461 3483 3531 quod
3504 3478 3633 3516 vere

1934 3553 1990 3601 et
2020 3548 2365 3616 generaliter
2386 3548 2600 3601 malum
2626 3551 2799 3612 est,et
2816 3563 3042 3617 semper
3062 3554 3117 3603 et
3147 3550 3415 3604 omnibus
3445 3556 3633 3605 nocet.

1932 3636 2131 3689 Oleum
2162 3634 2371 3688 nostris
2402 3636 2732 3705 corporibus
2763 3637 3128 3691 commodum
3161 3644 3261 3701 est,
3295 3639 3633 3694 animalium

1935 3729 2126 3777 autem
2155 3722 2371 3787 multis,
2406 3738 2535 3792 qua:
2548 3738 2640 3775 sex
2673 3723 2844 3793 pedes
2874 3724 3103 3791 habent,
3136 3728 3506 3782 vehementer
3535 3729 3637 3782 ad-

1932 3827 2177 3864 versum.
2201 3811 2548 3877 Elleborum,
2564 3827 2755 3864 nonne
2772 3811 2882 3865 alio
2904 3812 3072 3866 modo
3091 3813 3249 3867 cibus
3264 3820 3362 3877 est,
3387 3816 3499 3869 alio
3520 3833 3637 3870 me-

1935 3899 2342 3965 dicamentum,
2368 3898 2478 3952 alio
2505 3899 2818 3953 venenum?
2839 3900 3469 3957 Salemimmoderatius
3488 3920 3639 3958 acce-

1933 3994 2117 4058 ptum,
2132 3988 2259 4059 quis
2274 4005 2391 4041 non
2410 4004 2697 4042 venenum
2711 4004 2831 4042 esse
2845 3990 3203 4045 clamaverit?
3218 3998 3356 4062 quot
3373 3998 3566 4047 autem
3582 3998 3639 4049 et

1935 4081 2161 4146 quantae
2194 4076 2452 4145 corporis
2482 4076 2917 4130 commoditates
2939 4094 3005 4131 ex
3036 4095 3102 4131 eo
3130 4078 3258 4141 sint,
3297 4080 3423 4149 quis
3454 4086 3639 4150 potest

1935 4168 2282 4219 numerare?
2309 4167 2475 4244 A-qua
2506 4164 2679 4216 maris
2695 4166 2935 4219 terrenis
2962 4166 3306 4220 animalibus
3338 4184 3467 4221 cum
3490 4169 3634 4222 bibi-

1935 4257 2047 4318 tur,
2077 4252 2249 4305 noxia
2280 4256 2362 4305 est
2392 4268 2404 4305 :
2439 4253 2754 4306 multorum
2787 4258 2978 4309 autem
3010 4254 3518 4323 corporibus,dum
3541 4257 3637 4310 illa

1934 4340 2357 4408 humectantur,
2389 4342 2974 4396 accommodatissima
3006 4346 3062 4396 et
3099 4343 3285 4397 utilis:
3308 4343 3371 4396 in
3393 4349 3635 4415 utroque

1935 4433 2124 4483 autem
2151 4428 2402 4498 piscibus
2432 4430 2602 4483 saluti
2628 4435 2684 4484 et
2711 4430 3099 4501 voluptatiest.
3144 4430 3311 4484 Panis
3343 4432 3635 4487 hominem

1933 4517 2056 4585 alit,
2088 4517 2416 4586 accipitrem
2431 4522 2611 4572 necat.
2639 4519 3267 4589 Coenumipsum,quod
3288 4524 3341 4573 et
3368 4521 3634 4575 haustum

1934 4612 1991 4661 et
2020 4606 2289 4660 olfactum
2322 4607 2571 4677 graviter
2602 4607 2839 4660 oIfendit
2859 4611 2913 4659 et
2940 4607 3115 4673 laedit,
3138 4623 3329 4661 nonne
3359 4614 3415 4663 et
3442 4614 3635 4665 aestate

1932 4699 2147 4749 tactum
2178 4695 2494 4765 refrigerat,
2529 4700 2585 4749 et
2611 4694 2941 4748 vulneribus
2971 4712 3099 4765 quae
3129 4697 3198 4750 ab
3242 4696 3379 4767 igne
3410 4699 3634 4754 accide-

1934 4789 2087 4850 runt,
2120 4785 2599 4838 medicamentum
2622 4785 2733 4837 est?
2755 4783 2901 4847 Quid
2927 4788 3175 4839 stercore
3194 4788 3638 4857 aspernabilius‘?

1935 4873 2072 4943 quid
2106 4874 2296 4927 cinere
2326 4871 2604 4942 abjectius
2623 4872 2652 4925 ?
2678 4874 2752 4926 At
2802 4873 2924 4927 haec
2955 4877 3138 4928 tantas
3182 4875 3333 4946 agris
3363 4876 3635 4931 utilitates

1934 4962 2198 5027 aII‘erunt,
2232 4965 2295 5015 ut
2323 4976 2525 5015 eorum
2554 4959 2859 5023 inventori,
2890 4978 2920 5016 a
2942 4978 3055 5033 quo
3089 4963 3261 5018 etiam
3286 4969 3500 5019 stercus
3530 4982 3632 5018 no.

1934 5067 2069 5105 men
2102 5049 2337 5120 accepit,
2368 5049 2648 5103 Stercutio
2682 5050 2906 5106 divinos
2953 5052 3201 5108 honores
3251 5054 3493 5108 Romani
3536 5054 3634 5107 de-

1934 5140 2203 5194 ferendos
2230 5142 2520 5208 putarent.

2010 5232 2094 5282 13.
2126 5227 2235 5281 Sed
2262 5226 2399 5297 quid
2421 5242 2595 5297 parva
2614 5227 2898 5299 colligam,
2930 5246 3060 5302 quae
3082 5235 3215 5285 sunt
3242 5230 3633 5285 innumerabi-

1933 5316 2012 5369 lia
2028 5318 2057 5369 ?
2088 5317 2341 5379 Quatuor
2356 5315 2480 5385 ipsa
2500 5332 2629 5386 quae
2649 5316 2709 5370 in
2730 5325 3000 5389 promptu
3014 5316 3157 5373 'sunt
3173 5320 3477 5387 elementa,
3504 5320 3633 5390 quis

1935 5404 2159 5459 dubitet
2215 5404 2482 5473 prodesse
2507 5420 2614 5474 per
2641 5408 3119 5474 convenientiam,
3166 5407 3632 5463 inconvenienter

1936 5498 2127 5546 autem
2158 5492 2431 5563 adhibita,
2473 5494 2844 5552 vehementer
2897 5497 3128 5551 adversa
3182 5512 3302 5551 esse
3360 5500 3579 5552 natura:
3606 5497 3634 5551 ?
