4036 6182
405 230 533 282 1351

402 354 517 407 Nos
546 351 646 424 qui
666 365 796 405 aere
819 347 1079 412 vivimus,
1105 350 1164 400 et
1191 351 1342 400 terra
1371 348 1427 397 et
1447 359 1597 414 aqua
1616 342 1850 396 obrutos
1868 345 2090 395 necant:

397 438 847 497 innumerabilia
877 453 1009 490 vero
1040 433 1354 489 animantia
1382 447 1487 502 per
1533 446 1766 485 arenam
1796 429 2096 484 laxiorem-

399 547 512 602 que
541 533 753 583 terram
783 529 991 596 repunt
1019 522 1295 576 vitaliter:
1317 519 1501 590 pisces
1520 524 1712 573 autem
1742 518 1801 572 in
1826 518 1936 572 hoc
1965 533 2094 571 aere

398 617 745 673 moriuntur.
781 613 936 684 Ignis
974 627 1216 682 corpora
1245 613 1440 663 nostra
1471 606 1808 678 corrumpit,
1843 606 1942 660 sed
1967 622 2094 660 con-

397 706 693 761 venienter
718 700 1026 765 adhibitus,
1062 703 1118 753 et
1159 697 1398 752 resumit
1429 714 1462 751 a
1492 697 1722 766 frigore,
1767 701 1824 749 et
1861 695 2092 749 morbos

396 790 842 849 innumerabiles
871 787 1051 859 pellit.
1088 787 1180 841 Sol
1206 786 1312 840 iste
1341 785 1433 840 cui
1477 801 1629 855 genu
1677 782 1922 849 ﬂectitis,
1977 798 2091 852 quo

395 899 523 939 vere
537 881 677 935 nihil
694 880 845 933 inter
864 876 1110 932 visibilia
1124 876 1419 946 pulchrius
1435 873 1748 941 invenitur,
1768 871 2093 942 aquilarum

393 971 587 1026 oculos
618 971 859 1039 vegetat,
889 969 1112 1020 nostros
1142 963 1357 1018 sauciat
1385 963 1674 1033 inspectus
1712 965 1767 1014 et
1795 960 2088 1014 tenebrat:

393 1059 489 1113 sed
520 1057 586 1112 ﬁt
604 1072 708 1127 per
727 1054 1202 1110 consuetudinem
1221 1057 1285 1106 ut
1323 1068 1428 1105 nos
1447 1066 1676 1121 quoque
1698 1049 1756 1102 in
1778 1065 1845 1102 eo
1869 1048 1992 1102 sine
2009 1047 2092 1101 in-

393 1140 692 1201 commodo
725 1144 900 1198 aciem
933 1142 1200 1213 ﬁgamus.
1236 1141 1385 1194 Num
1417 1155 1551 1210 ergo
1584 1138 1768 1192 sinitis
1797 1140 1861 1190 ut
1887 1136 1974 1190 illi
1996 1151 2088 1190 ve-

392 1252 544 1290 neno
575 1250 706 1289 eum
738 1246 1152 1302 comparemus,
1173 1228 1324 1299 quod
1344 1226 1572 1281 mulieri
1591 1225 1924 1280 Atheniensi
1951 1240 2089 1278 con-

391 1323 634 1377 suetudo
666 1320 799 1375 fecit
837 1317 1135 1372 innoxium
1157 1317 1185 1371 ?
1215 1315 1498 1385 Respicite
1527 1330 1664 1384 ergo
1695 1313 2006 1383 aliquando
2037 1315 2092 1365 et

394 1410 688 1471 advertite,
716 1409 764 1461 si
793 1406 1107 1460 substantia
1134 1405 1252 1458 ulla
1285 1404 1499 1456 malum
1526 1409 1629 1468 est,
1662 1401 1789 1455 ideo
1819 1401 1974 1470 quod
1998 1401 2091 1454 lae-

394 1500 478 1552 dit
514 1499 788 1568 aliquem,
823 1497 1007 1548 lucem
1040 1508 1213 1563 quam
1245 1491 1433 1545 colitis
1463 1491 1534 1543 ab
1565 1491 1673 1543 hoc
1705 1489 1945 1542 crimine
1973 1504 2091 1541 non

391 1603 558 1657 posse
589 1583 838 1640 defendi.
872 1582 1232 1637 Considerate
1284 1579 1469 1650 potius
1505 1579 1651 1632 hanc
1693 1577 2091 1631 inconvenien-

391 1677 529 1729 tiam
558 1672 876 1729 universale
908 1670 1123 1724 malum
1157 1685 1299 1733 esse,
1339 1683 1442 1738 per
1489 1683 1662 1738 quam
1714 1666 1847 1719 solis
1897 1664 2089 1732 radius

389 1763 779 1816 tenebrascere
833 1758 1028 1813 oculos
1080 1745 1234 1824 facit,
1292 1772 1423 1810 cum
1455 1755 1534 1809 eis
1589 1753 1730 1809 nihil
1761 1753 1832 1807 sit
1861 1754 2090 1824 luceju-

388 1851 648 1906 cundius.

390 1941 616 1996 CAPUT
665 1939 752 1992 IX.
798 1965 868 1978 -
926 1937 1000 1991 Ne
1053 1936 1341 1989 consistere
1390 1931 1607 2001 quidem
1655 1932 2088 1986 Manichaeorum

847 2025 1070 2091 fabulas
1094 2023 1158 2076 de
1190 2023 1341 2076 bonis
1371 2025 1421 2075 et
1440 2023 1620 2076 malis.

464 2119 547 2171 14.
581 2117 710 2170 Haec
737 2113 873 2179 dixi,
906 2116 988 2177 ut,
1021 2111 1066 2164 si
1099 2109 1225 2164 ﬁeri
1253 2113 1456 2179 potest,
1503 2109 1730 2163 tandem
1771 2108 1955 2163 dicere
1989 2109 2084 2163 de-

389 2206 588 2260 sinatis
616 2203 833 2257 malum
869 2217 988 2254 esse
1023 2204 1231 2253 terram
1258 2214 1363 2268 per
1382 2197 1726 2252 immensum
1744 2197 2085 2268 profundam

389 2298 447 2348 ct
476 2294 743 2362 longam;
776 2290 994 2344 malum
1042 2303 1162 2341 esse
1203 2290 1453 2340 mentem
1500 2303 1604 2356 per
1631 2292 1841 2340 terram
1873 2301 2084 2354 vagan-

387 2386 505 2436 tem
529 2401 544 2448 ;
565 2380 782 2433 malum
814 2393 935 2431 esse
967 2376 1222 2446 quinque
1253 2379 1416 2428 antra
1447 2375 1883 2442 elementorum,
1933 2374 2085 2428 aliud

390 2466 664 2534 tenebris,
701 2464 858 2518 aliud
890 2461 1073 2532 aquis,
1107 2460 1261 2514 aliud
1317 2461 1522 2525 ventis,
1555 2460 1710 2514 aliud
1739 2459 1882 2529 igni,
1929 2459 2085 2513 aliud

386 2557 546 2610 fumo
577 2555 813 2625 plenum
841 2567 857 2618 ;
891 2550 1106 2604 malum
1141 2564 1262 2602 esse
1303 2548 1570 2602 animalia
1601 2548 1662 2601 in
1703 2548 1814 2601 illis
1846 2547 2086 2618 singulis

383 2648 518 2697 nata
569 2639 888 2707 elementis,
939 2635 1228 2707 serpentia
1284 2635 1346 2689 in
1403 2636 1674 2702 tenebris,
1729 2635 1984 2689 natantia
2024 2635 2085 2689 in

380 2731 564 2802 aquis,
596 2727 849 2783 volatilia
872 2727 931 2780 in
963 2725 1168 2793 ventis,
1201 2725 1597 2795 quadrupedia
1640 2725 1700 2778 in
1731 2723 1887 2794 igne,
1919 2723 2081 2793 bipe-

380 2821 474 2874 dia
504 2819 564 2873 in
595 2818 771 2872 fumo.
829 2817 959 2870 Haec
989 2813 1145 2868 enim
1181 2812 1326 2866 sicut
1377 2829 1409 2866 a
1457 2812 1618 2866 vobis
1673 2812 2085 2866 describuntur

382 2908 542 2961 nullo
571 2905 740 2959 modo
772 2919 892 2957 esse
918 2905 1223 2972 poterunt;
1247 2900 1522 2971 quoniam
1542 2900 1824 2970 quidquid
1846 2901 1954 2953 tale
1976 2905 2079 2968 est,

380 2997 439 3050 in
471 2999 750 3066 quantum
800 2996 907 3057 est,
939 3007 972 3044 a
1023 3006 1248 3044 summo
1293 2991 1408 3044 Deo
1439 2989 1510 3042 sit
1538 3005 1765 3042 necesse
1791 2993 1893 3054 est,
1930 3004 2078 3058 quo-

381 3085 538 3138 niam
567 3083 629 3135 in
661 3083 941 3151 quantum
961 3082 1064 3142 est,
1089 3077 1289 3149 utique
1320 3077 1535 3131 bonum
1557 3075 1895 3130 est.Sienim
1917 3075 2082 3151 dolor

381 3176 436 3226 et
466 3169 832 3225 imbecillitas
863 3169 1081 3222 malum
1104 3171 1209 3236 est,
1237 3171 1400 3220 erant
1430 3166 1510 3220 ibi
1535 3165 1806 3219 animalia
1834 3165 1894 3218 in
1923 3169 2081 3218 tanta

379 3259 633 3329 corporis
682 3256 974 3322 ﬁrmitate,
1023 3259 1086 3309 ut
1123 3271 1322 3309 eorum
1359 3254 1644 3308 abortivos
1707 3254 1872 3313 fetus,
1919 3257 2079 3323 post-

380 3363 554 3419 quam
583 3346 653 3401 de
680 3345 771 3400 his
800 3343 1113 3399 secundum
1141 3347 1386 3397 vestram
1421 3346 1629 3396 sectam
1661 3341 1963 3396 fabricatus
1997 3345 2079 3395 est

378 3437 648 3500 mundus,
680 3435 749 3489 de
779 3434 918 3488 coelo
946 3433 1008 3486 in
1036 3436 1247 3486 terram
1277 3430 1540 3485 cecidisse
1571 3434 1628 3485 et
1653 3429 1802 3484 mori
1825 3446 1943 3484 non
1971 3446 2076 3500 po-

374 3525 550 3579 tuisse
597 3522 814 3578 dicatis.
879 3521 937 3576 Si
1003 3519 1224 3574 caecitas
1273 3520 1488 3574 malum
1547 3523 1653 3586 est,
1687 3519 1987 3573 videbant:
2030 3519 2078 3572 si

377 3613 643 3681 surditas,
677 3610 1005 3666 audiebant.
1038 3608 1097 3664 Si
1139 3608 1531 3663 obmutescere
1563 3611 1660 3662 aut
1697 3611 1924 3662 mutum
1955 3623 2075 3661 esse

375 3703 594 3756 malum
625 3705 730 3770 est,
762 3715 944 3770 usque
976 3698 1115 3752 adeo
1164 3697 1402 3768 signatae
1451 3701 1622 3768 atque
1668 3696 1948 3750 distinctae
1995 3694 2075 3749 ibi

372 3805 538 3843 voces
571 3794 753 3853 erant,
789 3792 852 3840 ut
877 3787 1147 3841 adversus
1184 3787 1367 3840 Deum
1403 3785 1620 3839 bellum
1669 3801 1889 3855 gerere,
1934 3783 2079 3837 sicut

374 3875 644 3940 asseritis,
672 3874 752 3927 eis
796 3874 858 3927 in
912 3872 1186 3926 concione
1226 3888 1340 3925 uno
1369 3871 1746 3940 persuadente
1775 3871 2071 3941 placuerit.

377 3965 435 4018 Si
465 3961 729 4018 sterilitas
754 3962 972 4015 malum
1003 3963 1106 4024 est,
1131 3964 1254 4013 erat
1283 3959 1362 4012 ibi
1389 3958 1536 4013 ﬁlios
1587 3958 1930 4029 procreandi
1951 3975 2072 4012 ma-

376 4068 490 4123 gna
521 4049 855 4106 fecunditas.
888 4047 946 4103 Si
973 4047 1234 4102 exsilium
1275 4047 1490 4101 malum
1537 4051 1640 4116 est,
1673 4047 1733 4100 in
1781 4063 1882 4100 sua
1923 4052 2075 4101 terra

373 4144 557 4207 erant,
597 4154 841 4206 suasque
890 4135 1155 4206 regiones
1204 4135 1548 4190 incolebant.
1587 4135 1642 4190 Si
1689 4135 1926 4189 servitus
1956 4151 2074 4189 ma-

373 4230 495 4284 lum
523 4233 628 4296 est,
661 4231 823 4282 erant
850 4224 932 4280 ibi
965 4225 1138 4279 etiam
1170 4225 1270 4295 qui
1301 4225 1633 4295 regnabant.
1681 4225 1736 4281 Si
1764 4241 1919 4280 mors
1950 4241 2072 4279 ma-

373 4319 494 4372 lum
523 4320 624 4383 est,
675 4315 960 4380 vivebant,
993 4317 1049 4367 et
1075 4312 1155 4366 ita
1186 4313 1468 4383 vivebant,
1509 4319 1573 4368 ut
1604 4319 1858 4369 mentem
1888 4314 2070 4385 ipsam

369 4421 624 4478 prorsus,
658 4421 765 4460 nec
791 4408 925 4475 post
948 4401 1248 4458 victoriam
1306 4402 1407 4456 Dei
1437 4403 1554 4457 ullo
1587 4404 1762 4458 modo
1816 4419 2071 4474 unquam

368 4494 518 4548 mori
550 4510 716 4564 posse
755 4491 1095 4564 praedicetis.

446 4586 532 4636 15.
577 4583 707 4649 Cur,
764 4598 981 4653 quaeso,
1039 4581 1100 4634 in
1157 4595 1382 4634 summo
1435 4579 1587 4634 malo
1639 4580 1868 4634 invenio
1915 4583 2073 4634 tanta

367 4669 522 4724 bona
548 4669 618 4723 iis
646 4671 835 4740 malis,
856 4682 988 4742 qua
1019 4669 1486 4737 commemoravi,
1514 4669 1799 4723 contraria
1824 4671 1852 4723 ?
1882 4672 1996 4723 Aut
2023 4670 2073 4724 si

364 4758 489 4813 haec
513 4774 632 4812 non
681 4764 814 4813 sunt
867 4760 1041 4826 mala,
1100 4760 1294 4813 ullane
1357 4758 1586 4812 tandem
1645 4758 1983 4824 substantia,
2009 4758 2071 4812 in

366 4853 649 4920 quantum
697 4848 1016 4902 substantia
1045 4852 1151 4914 est,
1183 4848 1402 4902 malum
1435 4847 1544 4902 erit
1574 4847 1675 4902 ?Si
1706 4847 1925 4900 malum
1956 4846 2068 4901 im-

363 4936 641 4992 becillitas
671 4951 787 4989 non
817 4942 920 5003 est,
953 4937 1245 4992 malumne
1277 4937 1385 4991 erit
1413 4952 1619 5006 corpus
1645 4935 1940 4989 inﬁrmum
1960 4937 1988 4988 ?
2013 4936 2070 4990 Si

364 5025 585 5080 malum
635 5023 859 5078 caecitas
880 5039 998 5077 non
1030 5028 1134 5091 est,
1168 5024 1462 5078 malumne
1501 5027 1672 5077 erunt
1695 5022 1988 5077 tenebrae?
2013 5022 2070 5077 Si

364 5115 584 5168 malum
629 5112 878 5167 surditas
926 5127 1040 5165 non
1096 5116 1201 5182 est,
1250 5113 1543 5166 malumne
1572 5112 1683 5166 erit
1730 5112 1931 5165 surdus
1959 5111 1986 5164 ?
2014 5111 2070 5165 Si

361 5202 584 5256 malum
615 5217 734 5256 non
781 5203 868 5254 est
894 5203 1122 5254 mutum
1153 5215 1296 5268 esse,
1349 5201 1646 5254 malumne
1704 5199 1813 5253 erit
1853 5198 2070 5269 piscis?

361 5290 421 5344 Si
454 5290 721 5345 sterilitas
778 5289 998 5344 malum
1044 5304 1162 5343 non
1216 5293 1316 5356 est,
1363 5289 1659 5360 quomodo
1711 5289 1929 5342 malum
1987 5291 2070 5342 est

364 5378 574 5433 animal
614 5379 805 5432 sterile
825 5381 854 5432 ?
883 5378 940 5433 Si
970 5376 1233 5431 exsilium
1254 5377 1470 5430 malum
1500 5393 1617 5431 non
1646 5381 1749 5442 est,
1775 5376 2066 5447 quomodo

361 5467 578 5520 malum
610 5472 696 5521 est
757 5467 966 5521 animal
1014 5465 1300 5531 exsulans,
1334 5466 1420 5518 vel
1452 5465 1663 5519 animal
1711 5465 1770 5518 in
1800 5464 2067 5518 exsilium

1358 221 1453 275 DE
1491 218 1806 276 MORIBUS
1843 215 2419 286 MANICHZEORUM,
2462 215 2512 272 ἓ.
2557 215 2938 272 AUGUSTINI

3771 221 3895 273 135‘2

2203 341 2455 411 aliquem
2500 340 2772 394 mittens?
2805 339 2863 395 Si
2911 340 3153 394 servitus
3195 340 3416 394 malum
3461 356 3579 396 non
3620 345 3728 408 est,
3767 357 3899 412 quo-

2200 429 2369 483 modo
2447 429 2665 482 malum
2749 432 2834 482 est
2907 427 3120 483 animal
3194 429 3469 494 serviens,
3538 431 3627 485 vel
3709 431 3901 484 servire

2201 517 2532 588 quempiam
2605 533 2812 588 cogens
2883 513 2965 571 ‘?
3021 516 3080 570 Si
3130 532 3283 570 mors
3354 518 3569 571 malum
3639 534 3763 571 non
3810 525 3900 581 est,

2201 606 2490 676 quomodo
2545 607 2760 659 malum
2810 609 2896 659 est
2941 604 3154 660 animal
3209 607 3475 672 mortale,
3521 607 3614 661 vel
3663 606 3903 660 inferens

2199 693 2482 748 mortem?
2509 692 2568 748 Si
2598 710 2730 748 vero
2760 695 2882 748 haec
2912 695 3064 747 mala
3093 699 3248 760 sunt,
3278 694 3566 766 quomodo
3598 710 3722 748 non
3752 700 3905 748 erunt

2199 783 2350 837 bona
2394 782 2634 836 ﬁrmitas
2677 783 2949 853 corporis,
3000 783 3170 843 visus,
3220 783 3465 846 auditus,
3516 783 3741 838 locutio
3788 800 3903 854 per-

2200 871 2462 930 suadens.
2514 870 2851 935 fecunditas,
2902 871 3089 924 solum
3159 871 3427 941 genitale,
3480 871 3745 938 libertas,
3777 873 3900 938 vita,

2199 975 2328 1030 quae
2377 958 2571 1012 omnia
2617 958 2678 1012 in
2724 958 2821 1012 illo
2865 960 3004 1012 mali
3047 975 3224 1030 regno
3271 960 3442 1014 fuisse
3480 961 3826 1031 perhibetis,
3861 968 3904 1015 et

2199 1064 2490 1101 summum
2520 1047 2737 1101 malum
2769 1047 2991 1102 audetis
3023 1051 3310 1103 asserere?

2273 1139 2356 1190 l6.
2389 1137 2686 1190 Postremo
2709 1135 2757 1189 si
2785 1135 2958 1207 (quod
2987 1137 3224 1191 omnino
3251 1154 3421 1192 nemo
3446 1153 3719 1210 unquam
3749 1155 3905 1209 nega—

2196 1223 2292 1287 vit)
2341 1224 2801 1278 inconvenientia
2855 1226 3072 1279 malum
3132 1231 3236 1291 est,
3289 1227 3425 1297 quid
3475 1227 3904 1281 convenientius

2203 1326 2373 1380 quam
2403 1311 2500 1364 illa
2529 1312 2644 1365 suis
2675 1312 2998 1383 quibusque
3028 1314 3370 1368 animalibus
3399 1315 3727 1379 elementa;
3762 1320 3904 1368 tene-

2197 1399 2315 1452 brze
2347 1400 2730 1470 serpentibus,
2769 1417 2934 1470 aquai
2974 1401 3324 1467 natantibus,
3363 1403 3518 1456 venti
3562 1403 3903 1461 volantibus.

2199 1486 2348 1556 ignis
2394 1487 2771 1554 edacioribus,
2821 1489 3012 1542 fumus
3049 1489 3422 1544 elatioribus?
3461 1491 3650 1543 Tanta
3689 1491 3847 1544 enim
3881 1509 3902 1542 a

2195 1576 2352 1630 vobis
2381 1575 2443 1630 in
2472 1576 2772 1630 discordiae
2813 1582 2983 1648 gente
3013 1577 3328 1642 concordia,
3368 1583 3426 1632 et
3461 1582 3663 1632 tantus
3697 1579 3762 1632 in
3790 1595 3904 1648 per-

2196 1664 2475 1718 versitatis
2523 1663 2654 1718 sede
2703 1665 2842 1719 ordo
2891 1665 3245 1720 describitur.
3282 1665 3340 1720 Si
3378 1666 3528 1736 quod
3575 1671 3779 1733 nocet,
3809 1683 3907 1719 ma-

2195 1752 2317 1805 lum
2357 1757 2463 1822 est,
2505 1753 2707 1807 omitto
2743 1753 2886 1807 illud
2925 1753 3380 1808 valentissimum
3419 1755 3576 1825 quod
3615 1771 3804 1825 supra
3839 1757 3909 1809 di-

2195 1846 2351 1897 ctum
2395 1848 2500 1911 est,
2536 1843 2734 1897 noceri
2761 1859 2881 1897 non
2933 1843 3204 1913 potuisse,
3235 1843 3334 1897 ubi
3377 1844 3609 1898 nullum
3643 1849 3778 1898 erat
3821 1845 3906 1898 bo-

2194 1948 2371 1986 num:
2405 1932 2502 1986 sed
2542 1931 2590 1985 si
2626 1932 2735 1986 hoc
2776 1932 3085 1985 obscurum
3124 1935 3228 1997 est,
3268 1932 3408 1985 illud
3449 1936 3607 1986 certe
3648 1933 3908 1987 omnibus

2195 2021 2410 2075 eminet
2445 2025 2501 2074 et
2530 2026 2787 2090 apparet,
2823 2019 2977 2090 quia,
3011 2020 3155 2074 sicut
3186 2020 3320 2085 dixi,
3352 2025 3408 2074 et
3436 2026 3495 2074 ut
3527 2037 3749 2074 omnes
3789 2037 3905 2074 cou—

2196 2109 2470 2174 sentiunt,
2504 2109 2657 2180 quod
2685 2114 2852 2163 nocet
2882 2114 2965 2163 est
2996 2109 3248 2163 malum:
3283 2110 3477 2163 fumus
3507 2109 3569 2163 in
3614 2111 3724 2164 illa
3753 2115 3905 2180 gente

2194 2195 2500 2266 bipedibus
2531 2196 2874 2250 animalibus
2905 2213 3018 2250 non
3044 2196 3312 2263 nocebat;
3341 2196 3541 2267 genuit
3565 2214 3660 2265 ea,
3697 2205 3760 2252 et
3782 2199 3905 2252 aluit

2196 2289 2365 2355 atque
2414 2285 2688 2339 sustinuit
2737 2285 2860 2339 sine
2906 2286 3030 2339 labe
3078 2285 3384 2352 nascentia,
3432 2289 3783 2353 crescentia,
3839 2305 3906 2340 re-

2195 2373 2448 2442 gnantia.
2483 2374 2644 2427 Nunc
2681 2389 2814 2427 vero
2851 2379 3158 2443 postquam
3197 2374 3440 2428 mixtum
3481 2380 3571 2427 est
3617 2376 3782 2429 malo
3824 2376 3904 2429 bo-

2193 2475 2354 2526 num,
2381 2462 2682 2514 nocentior
2710 2458 2916 2514 fumus'
2935 2460 3166 2515 effectus
3197 2467 3311 2527 est;
3346 2461 3424 2515 ita
3453 2465 3518 2514 ut
3547 2477 3585 2514 a
3617 2462 3793 2515 nobis
3822 2463 3905 2532 qui

2194 2553 2342 2602 certe
2388 2548 2624 2618 bipedes
2665 2565 2884 2618 sumus,
2917 2549 3186 2603 sustineri
3225 2565 3342 2603 non
3391 2549 3598 2620 possit,
3647 2557 3900 2610 excaecat

2194 2637 2493 2706 opprimit,
2533 2642 2715 2692 necat.
2759 2640 3008 2693 Tantane
3061 2637 3224 2692 malis
3271 2638 3570 2692 elementis
3625 2641 3902 2693 commix-

2192 2725 2348 2778 tione
2391 2725 2531 2778 boni
2578 2727 2812 2780 accessit
2849 2726 3223 2780 immanitas?
3265 2731 3421 2780 tanta
3463 2727 3584 2780 Deo
3631 2734 3902 2799 regnante

2191 2815 2570 2882 perversitas?

2267 2906 2348 2956 l7.
2383 2902 2544 2956 Certe
2591 2918 2692 2956 cur
2729 2902 2789 2956 in
2829 2903 3046 2957 caeteris
3078 2903 3337 2958 videmus
3374 2903 3545 2957 istam
3579 2921 3901 2975 congruen-

2189 2991 2347 3058 tiam,
2381 3007 2511 3061 quae
2542 2997 2832 3045 auctorem
2867 2998 3118 3046 vestrum
3147 2993 3370 3064 decepit
3397 2998 3576 3064 atque
3628 2994 3816 3048 illexit
3843 2995 3900 3046 ad

2188 3078 2586 3146 componenda
2628 3079 2968 3133 mendacia?
3009 3081 3139 3146 Cur,
3180 3079 3440 3150 inquam,
3481 3080 3750 3135 tenebrae
3792 3099 3898 3134 ser-

2186 3165 2476 3235 pentibus,
2535 3182 2700 3236 aquae
2763 3167 3111 3234 natantibus,
3168 3169 3322 3222 venti
3375 3169 3719 3224 volantibus
3779 3187 3900 3224 cou-

2188 3259 2435 3323 gruunt;
2481 3254 2913 3325 quadrupedem
2957 3272 3091 3309 vero
3151 3256 3302 3326 ignis
3356 3256 3646 3327 incendit,
3696 3265 3758 3313 et
3809 3276 3902 3313 nos

2185 3342 2378 3395 fumus
2407 3342 2651 3396 oﬁ'ocat?
2677 3343 2824 3406 Quid
2857 3344 3010 3414 quod
3041 3344 3212 3398 etiam
3242 3350 3536 3416 serpentes
3571 3348 3902 3402 acutissime

2184 3429 2398 3497 vident,
2456 3435 2513 3484 et
2572 3431 2874 3501 praesentia
2932 3432 3064 3486 solis
3136 3435 3439 3499 exsultant,
3495 3434 3704 3506 ibique
3782 3442 3904 3490 sunt

2185 3519 2650 3583 abundantiores,
2696 3519 2794 3574 ubi
2842 3536 2938 3574 aer
2975 3521 3232 3575 serenior
3269 3521 3560 3576 difﬁcilius
3616 3530 3676 3578 et
3726 3527 3902 3578 rarius

2185 3607 2400 3661 nubem
2427 3608 2755 3662 contrahit?
2785 3608 2928 3672 Quid
2971 3608 3292 3679 absurdius,
3322 3626 3498 3681 quam
3547 3611 3638 3666 ibi
3669 3629 3798 3668 esse
3827 3630 3902 3666 ar;-

2184 3695 2597 3751 commodatius
2625 3702 2683 3751 et
2722 3696 2910 3767 aptius
2945 3697 3156 3752 incolas
3187 3704 3592 3769 amatoresque
3644 3703 3905 3756 tenebra-

2184 3799 2334 3851 rum,
2366 3783 2468 3839 ubi
2508 3783 2648 3838 lucis
2693 3784 3101 3856 perspicuitate
3140 3787 3450 3857 gaudetur?
3502 3787 3672 3851 Quod
3717 3791 3769 3843 si
3817 3807 3902 3844 eos

2182 3872 2370 3926 dicitis
2414 3873 2683 3927 delectari
2729 3874 2920 3944 potius
2960 3874 3146 3929 calore
3194 3891 3369 3946 quam
3413 3875 3669 3944 lumine,
3725 3880 3902 3932 multo

2181 3961 2591 4031 congruentius
2619 3961 2680 4015 in
2724 3962 2857 4031 igne
2900 3967 3192 4033 serpentes
3237 3963 3452 4017 alacres
3495 3969 3690 4028 natos,
3735 3983 3902 4037 quam

2179 4049 2406 4103 tardum
2437 4049 2662 4103 asinum
2691 4050 2990 4104 diceretis:
3025 4055 3082 4105 et
3109 4055 3301 4105 tamen
3333 4051 3449 4105 luci
3483 4053 3628 4107 huic
3657 4055 3902 4108 amicam

2181 4137 2436 4207 aspidem
2484 4138 2613 4208 quis
2659 4142 2846 4209 neget,
2895 4154 3024 4192 cum
3082 4138 3206 4209 ejus
3251 4139 3402 4193 oculi
3451 4141 3675 4210 aquilae
3728 4144 3901 4196 oculis

2179 4227 2621 4296 comparentur?
2659 4225 2766 4280 Sed
2806 4226 2875 4279 de
2911 4226 3105 4280 bestiis
3159 4226 3374 4282 videro.
3421 4228 3537 4282 Nos
3586 4231 3779 4300 ipsos,
3814 4232 3901 4284 ob-

2179 4331 2358 4382 secro,
2391 4315 2817 4370 consideremus
2854 4315 2976 4370 sine
3005 4316 3339 4386 pertinacia,
3373 4322 3428 4371 et
3463 4319 3712 4374 tandem
3745 4322 3900 4375 fabu-

2179 4403 2249 4457 lis
2278 4403 2438 4457 vanis
2475 4407 2531 4457 et
2567 4403 2903 4473 perniciosis
2935 4403 3191 4458 animum
3235 4420 3533 4460 exuamus.
3566 4407 3715 4470 Quis
3750 4410 3900 4463 enim

2177 4494 2396 4545 tantam
2412 4491 2842 4562 perversitatem
2871 4492 3036 4560 ferat,
3061 4509 3174 4564 qua
3196 4493 3404 4548 dicitur
3426 4494 3490 4548 in
3517 4497 3899 4551 tenebrarum

2179 4585 2369 4650 gente,
2419 4579 2512 4634 cui
2568 4580 2714 4634 nihil
2773 4580 3091 4636 admixtum
3140 4586 3261 4636 erat
3312 4582 3576 4650 luminis,
3628 4585 3898 4640 animalia

2177 4667 2410 4738 bipedia
2445 4672 2562 4722 tam
2605 4668 2849 4736 ﬁrmam,
2883 4673 3001 4723 tam
3040 4674 3320 4740 vegetam,
3350 4675 3467 4726 tam
3507 4671 3781 4744 denique

2178 4755 2509 4810 credibilem
2546 4755 2664 4810 vim
2700 4757 2964 4812 habuisse
3007 4757 3066 4811 in
3113 4758 3410 4812 oculorum
3447 4759 3598 4827 acie,
3639 4767 3712 4815 ut
3756 4769 3816 4814 et
3851 4761 3895 4812 in

2177 4843 2427 4898 tenebris
2453 4844 2572 4898 suis
2606 4844 2864 4900 viderent
2892 4845 3282 4916 purissimam,
3310 4863 3439 4917 quas
3483 4864 3517 4900 a
3544 4850 3724 4903 vobis
3756 4866 3893 4903 com-

2177 4933 2505 5000 mendatur,
2531 4949 2843 5004 regnorum
2865 4935 2967 4990 Dei
2989 4936 3177 4990 lucem
3203 4936 3506 5007 (siquidem
3531 4937 3707 4992 illam
3732 4940 3892 4993 etim

2176 5022 2386 5076 talibus
2421 5021 2704 5076 visibilem
2743 5022 2918 5077 fuisse
2955 5023 3168 5093 vultis),
3211 5029 3267 5079 et
3295 5024 3649 5094 aspicerent,
3681 5034 3748 5080 et
3782 5044 3895 5080 eos.

2178 5111 2513 5177 siderarent,
2555 5114 2611 5164 et
2661 5111 3101 5180 delectarentur,
3147 5117 3204 5166 et
3243 5118 3623 5183 appeterent:
3676 5123 3898 5171 nostris?

2178 5204 2368 5254 autem
2400 5200 2596 5254 oculos
2625 5200 3027 5255 commixtione
3056 5200 3219 5268 lucis,
3240 5201 3661 5258 commixtione
3687 5205 3896 5259 summ?

2241 5351 2257 5384 ¹
2282 5349 2418 5398 Editi
2439 5353 2492 5398 et
2508 5349 2634 5398 pleri

2241 5351 2257 5384 ¹
2282 5349 2418 5398 Editi
2439 5353 2492 5398 et
2508 5349 2742 5461 pleriqpe
2763 5351 2882 5399 Mss.
2899 5364 3006 5421 non
3023 5350 3334 5423 habentwel
3352 5352 3564 5424 seruire
3583 5358 3882 5426 (τιμωρίαι

2179 5423 2367 5472 cogens
2389 5428 2401 5472 ;
2423 5426 2540 5473 quae
2563 5427 2656 5460 ver
2693 5427 2722 5460 a
2742 5426 2805 5461 ex
2829 5413 3006 5461 codice
3031 5413 3483 5473 Regio-Montem:
3499 5420 3555 5464 et
3577 5419 3764 5467 tribus
3791 5420 3882 5468 5w

2178 5473 2382 5521 bonicis
2412 5474 2717 5536 adjeeimus.

2715 5363 2742 5399 e
2763 5351 2882 5399 Mss.
2899 5364 3006 5420 non
3023 5350 3334 5420 habent,g:el
3351 5352 3564 5420 seruire
3583 5358 3898 5420 magis:
