4036 6182
145 270 277 341 1353

140 411 296 480 boni,
326 409 732 464 commixtione
790 408 1035 481 denique
1072 409 1172 464 Dei
1226 414 1344 465 tam
1387 409 1666 479 inﬁrmos,
1715 415 1833 465 tam

139 500 456 554 imbecillos
486 515 605 553 esse
645 498 919 567 redditos,
951 502 1015 553 ut
1065 506 1252 571 neque
1300 499 1612 571 quidquam
1640 500 1832 555 videa-

140 606 268 644 mus
301 588 360 642 in
391 587 655 650 tenebris,
688 592 745 642 et
791 588 926 641 solis
952 593 1243 659 aspectum
1288 590 1445 644 nullo
1485 590 1655 645 modo
1687 590 1835 645 ferre

139 678 443 750 possimus,
486 683 656 748 atque
712 676 846 731 inde
879 678 1153 745 conversi,
1185 678 1357 733 etiam
1414 696 1543 751 quae
1594 698 1626 734 a
1670 680 1835 735 nobis

141 768 502 836 videbantur,
531 783 857 838 quaeramus
875 768 904 821 ‘?

217 860 299 911 l8.
338 858 465 910 Haec
510 855 622 910 dici
651 860 909 926 possunt,
950 855 1119 909 etiam
1174 855 1222 909 si
1272 857 1558 928 corruptio
1618 858 1833 912 malum

142 950 246 1011 est,
272 945 424 1016 quod
456 961 619 1016 aeque
648 961 816 998 nemo
840 944 1111 1016 ambigit:
1154 961 1271 999 non
1300 946 1454 999 enim
1480 951 1612 1000 tunc
1642 946 1834 1000 fumus

143 1035 549 1104 corrumpebat
582 1049 765 1104 genus
796 1034 1150 1100 animalium,
1180 1035 1333 1105 quod
1377 1036 1548 1089 modo
1576 1052 1834 1089 corrum-

143 1124 241 1195 pit.
280 1124 342 1178 Et
394 1140 465 1177 ne
513 1139 752 1194 pergam
800 1140 903 1195 per
949 1124 1197 1194 singula,
1232 1125 1383 1196 quod
1412 1126 1649 1196 longum
1677 1131 1761 1179 est
1781 1129 1835 1179 et

143 1229 259 1267 non
316 1212 719 1276 necessarium,
776 1229 957 1283 usque
1008 1214 1148 1267 adeo
1200 1216 1390 1267 minus
1436 1219 1597 1268 erant
1639 1230 1833 1268 corru-

139 1302 323 1372 ptioni
343 1301 605 1368 obnoxia,
656 1318 784 1373 quae
825 1301 905 1355 ibi
940 1301 1255 1356 animantia
1282 1302 1453 1357 fuisse
1484 1302 1830 1372 conﬁngitis,

142 1395 202 1445 ut
235 1391 477 1444 abortivi
513 1407 715 1444 eorum
741 1391 886 1445 fetus
916 1392 1173 1445 nondum
1204 1392 1273 1445 ad
1320 1392 1665 1445 nascendum
1709 1391 1833 1445 ido-

141 1478 257 1548 nei,
288 1479 356 1533 de
391 1480 533 1533 cmlo
565 1478 625 1532 in
672 1483 883 1532 terram
915 1478 1277 1549 praecipitati,
1310 1484 1367 1533 et
1396 1480 1604 1545 vivere,
1654 1483 1707 1534 et
1753 1478 1834 1549 gi-

140 1583 335 1638 gnere,
386 1571 442 1621 et
470 1583 666 1620 rursus
697 1568 993 1637 conjurare
1035 1568 1349 1638 potuerint,
1398 1568 1669 1622 habentes
1720 1568 1834 1621 uti-

140 1672 252 1726 que
295 1655 595 1726 pristinam
638 1655 988 1723 ﬁrmitatem,
1022 1656 1156 1727 quia
1180 1656 1301 1727 jam
1331 1663 1493 1711 erant
1517 1653 1779 1727 concepti
1816 1659 1834 1694 ί

141 1750 271 1799 ante
300 1745 770 1799 commixtionem
799 1745 937 1799 boni
975 1750 1030 1799 et
1066 1745 1255 1805 .mali:
1316 1762 1450 1800 nam
1500 1751 1629 1815 post
1667 1747 1833 1799 istam

139 1832 559 1888 concretionem
605 1850 734 1904 quae
786 1834 854 1888 de
885 1833 954 1886 iis
997 1839 1130 1888 nata
1178 1838 1329 1900 sunt,
1362 1851 1429 1888 ea
1484 1834 1668 1887 dicitis
1714 1851 1832 1887 esse

139 1922 429 1991 animalia,
460 1939 588 1993 quae
620 1938 771 1977 nunc
791 1922 1183 1976 inﬁrmissima
1204 1927 1259 1976 et
1286 1922 1449 1976 facile
1480 1922 1833 1992 corruptioni

140 2011 396 2065 cedentia
426 2012 719 2066 videmus:
779 2011 905 2081 quis
953 2011 1107 2064 hunc
1138 2011 1351 2065 diutius
1379 2011 1621 2064 tolerare
1652 2010 1834 2081 possit

140 2116 414 2167 errorem,
448 2101 557 2154 nisi
588 2103 687 2171 qui
718 2106 815 2153 aut
843 2100 949 2154 ista
1003 2116 1121 2155 non
1150 2099 1319 2166 videt,
1352 2103 1451 2153 aut
1494 2098 1685 2154 nescio
1718 2116 1833 2169 qua

138 2188 458 2244 incredibili
506 2188 915 2243 consuetudine
972 2204 1036 2241 ac
1096 2187 1482 2243 familiaritate
1537 2188 1833 2243 vobiscum

139 2282 336 2332 contra
367 2294 565 2332 omnes
597 2278 775 2331 moles
804 2276 1042 2330 rationis
1069 2277 1342 2331 obduruit
1361 2277 1388 2331 ?

139 2363 364 2418 CAPUT
396 2364 455 2418 X.
489 2391 558 2404 --
588 2362 721 2416 Tria
751 2363 1034 2430 signacula
1057 2377 1264 2416 morum
1302 2379 1337 2417 α
1365 2363 1676 2419 Μαηίοὴκίε
1703 2379 1832 2432 per-

720 2468 910 2521 peram
925 2454 1247 2518 saccogitata.

216 2544 296 2595 19.
325 2540 434 2594 Sed
462 2539 736 2610 quoniam
765 2540 1005 2606 ostendi,
1054 2546 1113 2594 ut
1164 2539 1427 2605 arbitror,
1460 2539 1528 2593 de
1573 2538 1737 2593 bonis
1776 2543 1834 2593 et

132 2630 299 2684 malis
345 2630 729 2699 generalibus,
773 2630 833 2683 in
873 2630 1101 2700 quantis
1143 2628 1394 2684 tenebris
1433 2633 1488 2682 et
1528 2628 1589 2682 in
1620 2632 1834 2699 quanta

132 2718 378 2773 falsitate
413 2719 714 2772 versemini
740 2739 754 2785 ;
784 2734 937 2772 nunc
957 2719 1245 2772 videamus
1262 2717 1371 2772 tria
1399 2717 1497 2771 illa
1519 2717 1828 2786 signacula,

137 2822 267 2879 qua:
292 2806 350 2860 in
372 2806 572 2861 vestris
602 2807 860 2861 moribus
900 2823 1112 2877 magna
1150 2806 1314 2860 laude
1338 2822 1400 2859 ac
1425 2805 1831 2875 praedicatione

122 2892 373 2963 jactatis.
412 2894 547 2958 Quae
582 2900 716 2948 sunt
746 2894 978 2948 tandem
1005 2895 1113 2948 ista
1139 2894 1474 2964 signacula?
1505 2894 1630 2947 Oris
1659 2897 1828 2958 certe,

132 2986 191 3034 et
210 2997 502 3049 manuum,
536 2987 593 3036 et
620 2982 795 3037 sinus.
825 2982 973 3047 Quid
995 2988 1079 3037 est
1107 2983 1211 3036 hoc
1232 2984 1261 3036 ?
1295 2983 1363 3036 Ut
1385 2998 1504 3047 ore,
1540 2981 1750 3052 inquit,
1776 2986 1832 3036 et

132 3068 421 3136 manibus,
460 3074 516 3124 et
545 3070 670 3123 sinu
710 3074 895 3124 castus
922 3075 980 3124 et
1006 3069 1279 3123 innocens
1309 3069 1380 3122 sit
1426 3070 1621 3123 homo.
1663 3068 1827 3132 Quid,

132 3156 181 3209 si
218 3156 414 3224 oculis,
450 3158 703 3227 auribus,
756 3158 989 3212 naribus
1020 3160 1253 3229 peccet?
1310 3157 1446 3228 quid
1500 3158 1545 3210 si
1585 3157 1831 3210 calcibus

131 3244 427 3300 hominem
458 3246 694 3317 afﬂigat,
744 3248 835 3302 vel
880 3248 1050 3301 etiam
1082 3246 1287 3301 necet?
1335 3246 1630 3310 Quomodo
1657 3245 1829 3300 istum

129 3334 457 3389 tenebimus
486 3352 671 3405 reum,
694 3336 794 3407 qui
824 3352 929 3391 nec
955 3352 1071 3403 ore,
1111 3351 1215 3389 nec
1244 3334 1529 3401 manibus,
1573 3350 1677 3389 nec
1702 3334 1830 3388 sinu

129 3423 433 3491 peccavit?
470 3424 578 3479 Sed
628 3441 759 3479 cum
806 3442 888 3491 os,
934 3424 1142 3495 inquit,
1190 3424 1445 3490 nomino,
1480 3437 1679 3476 omnes
1709 3437 1831 3475 sen-

128 3529 230 3567 sus
256 3512 354 3582 qui
376 3515 509 3566 sunt
538 3511 595 3565 in
629 3512 830 3581 capite,
865 3510 1110 3581 intelligi
1138 3511 1266 3564 volo
1288 3513 1459 3575 {cum
1490 3512 1682 3562 autem
1706 3524 1825 3561 ma-

124 3617 295 3669 num,
327 3615 558 3653 omnem
590 3599 1024 3669 operationem;
1072 3614 1201 3651 cum
1251 3598 1461 3663 sinum,
1497 3613 1729 3651 omnem
1761 3596 1827 3649 li-

126 3690 391 3746 bidinem
433 3687 788 3742 seminalem.
838 3688 960 3751 Quo
1005 3703 1140 3757 ergo
1186 3686 1356 3741 vultis
1386 3686 1674 3756 pertinere
1716 3685 1831 3738 bla-

126 3778 470 3847 sphemias?
502 3777 573 3831 ad
603 3793 687 3846 os,
720 3793 792 3830 an
823 3776 893 3830 ad
918 3791 1153 3830 manum
1173 3778 1201 3829 ?
1240 3777 1333 3830 Est
1375 3774 1529 3829 enim
1572 3773 1828 3845 operatio

126 3870 242 3923 ista
270 3884 373 3939 per
399 3868 677 3939 linguam.
724 3870 921 3939 Itaque
959 3867 1005 3921 si
1052 3884 1166 3922 uno
1198 3882 1405 3938 genere
1437 3865 1830 3937 Operationem

124 3973 366 4011 omnem
396 3957 751 4021 concluditis,
783 3973 884 4011 cur
923 3957 1318 4027 operationem
1345 3956 1559 4026 pedum
1585 3955 1829 4025 conjun-

123 4045 268 4118 gitis
296 4046 581 4115 manibus,
604 4046 817 4116 linguae
847 4046 1119 4115 separatis
1138 4046 1165 4101 ‘I
1188 4048 1296 4112 An,
1330 4044 1467 4115 quia
1491 4044 1687 4114 lingua
1713 4060 1831 4098 ver-

127 4134 223 4189 bis
248 4133 530 4205 significat
562 4133 799 4204 aliquid,
833 4150 959 4187 eam
990 4134 1159 4188 vultis
1183 4134 1481 4204 sejungere
1516 4134 1583 4187 ab
1614 4149 1679 4186 ea
1702 4149 1833 4203 ope-

126 4223 359 4278 ratione
382 4239 509 4294 quae
538 4238 654 4276 non
683 4220 1041 4291 significandi
1067 4222 1251 4292 gratia
1276 4222 1365 4288 iit;
1399 4220 1479 4275 ita
1509 4225 1571 4275 ut
1601 4220 1832 4275 deﬁnia-

125 4318 233 4368 tur
263 4312 621 4383 signaculum
672 4326 972 4377 manuum,
1012 4311 1082 4365 ab
1132 4311 1464 4381 operatione
1492 4311 1665 4379 mala,
1704 4326 1832 4380 quas

128 4417 255 4457 non
288 4400 647 4472 significandi
678 4416 848 4453 causa
877 4403 979 4465 est,
1012 4399 1409 4453 continentia?
1446 4399 1551 4453 Sed
1585 4399 1722 4470 quid
1748 4399 1831 4452 fa-

128 4490 286 4544 cturi
317 4489 471 4559 estis,
509 4488 556 4542 si
594 4488 722 4560 quis
751 4492 943 4558 peccet
984 4486 1357 4558 signiﬁcando
1402 4485 1619 4556 aliquid
1650 4486 1831 4540 mani-

127 4580 263 4644 bus,
292 4578 437 4633 utﬁt
465 4594 596 4632 cum
624 4576 946 4646 scribimus,
976 4577 1065 4631 vel
1109 4580 1273 4646 gestu
1320 4574 1531 4645 aliquid
1563 4575 1715 4646 quod
1744 4574 1833 4628 in-

130 4665 431 4737 telligatur
480 4665 876 4721 ostendimus?
923 4666 1032 4719 hoc
1073 4664 1227 4718 enim
1275 4664 1360 4717 ori
1402 4668 1572 4734 atque
1623 4664 1833 4735 linguae

130 4754 394 4809 tribuere
426 4772 542 4810 non
573 4754 829 4825 potestis,
881 4753 1017 4825 quia
1068 4752 1334 4806 manibus
1384 4752 1467 4806 fit.
1502 4752 1646 4817 Quid
1679 4752 1834 4807 enim

135 4843 463 4911 absurdius,
493 4860 667 4915 quam
693 4847 752 4898 ut
784 4859 914 4897 cum
952 4842 1054 4896 tria
1076 4841 1336 4896 dicantur
1352 4840 1663 4911 signacula,
1697 4840 1831 4907 oris,

130 4948 443 5000 manuum,
477 4937 533 4986 et
582 4932 759 4999 sinus,
805 4932 1071 5002 quaedam
1122 4934 1350 5001 peccata
1396 4930 1750 5000 deprehensa
1774 4929 1835 4983 in

128 5022 408 5079 manibus
434 5021 758 5075 tribuantur
782 5021 914 5075 ori?
935 5020 992 5075 Si
1033 5024 1222 5075 autem
1272 5020 1523 5090 operatio
1554 5018 1836 5090 generalis

129 5110 407 5168 manibus
429 5110 614 5177 datur,
638 5126 767 5181 quae
792 5110 1023 5164 tandem
1046 5109 1190 5163 ratio
1208 5113 1290 5162 est
1311 5109 1524 5178 pedum
1554 5107 1837 5177 Operatio-

134 5216 276 5256 nem
307 5198 441 5253 huic
472 5198 699 5265 addere,
732 5197 944 5267 lingua
976 5214 1088 5252 non
1121 5197 1366 5251 addere?
1398 5195 1680 5249 Videtisne
1706 5209 1839 5264 quo-

132 5289 317 5346 modo
340 5287 611 5342 novitatis
642 5286 917 5358 appetitio
939 5286 1146 5341 comite
1177 5301 1369 5341 errore
1397 5284 1457 5338 in
1485 5299 1718 5353 magnas
1738 5282 1836 5336 de-

100 5386 115 5398 '
144 5380 389 5434 ducatur
415 5376 754 5447 angustias?
802 5375 1005 5430 Tribus
1049 5390 1299 5445 namque
1346 5373 1469 5427 istis
1513 5371 1836 5442 signaculis,

210 5501 224 5534 ¹
246 5499 398 5559 Editi,
418 5511 524 5571 qua
524 5497 639 5564 jam
668 5499 825 5549 erant
848 5496 1366 5563 concepti..Undecim
1388 5494 1532 5556 Mss.,
1558 5493 1701 5558 quia.
1723 5493 1842 5543 For-

142 5567 266 5613 tean
290 5576 401 5624 pro,
426 5567 480 5612 in
510 5575 637 5625 qua.

458 5653 734 5719 PATROL.
785 5651 1033 5718 XXXII.

1565 286 1779 344 LIBER
1819 285 2212 345 SECUNDUS.

3512 296 3653 351 1354

1949 427 2076 481 quas
2092 427 2233 465 nova
2246 411 2493 481 quadam
2513 410 2791 467 divisione
2812 413 3162 484 predicatis,
3179 405 3472 485 quomodo
3492 416 3646 472 inclu

1947 500 2092 554 datis
2115 499 2374 554 omnium
2400 492 2761 571 péccatorum
2790 502 3190 574 purgationem
3217 521 3334 559 non
3354 505 3643 560 invenitis.

1948 590 2171 644 CAPUT
2201 591 2285 644 XI.
2310 618 2374 629 -
2411 591 2762 658 Signaculum
2793 595 2901 647 oris
2928 595 3085 661 quale
3116 596 3270 663 apud
3300 594 3646 661 Manz'chwos,

2054 681 2151 747 qui
2181 678 2529 748 blasphemia?
2557 682 2617 733 in
2657 681 2831 734 Deum
2862 684 2942 735 rei
2978 697 3088 736 esse
3117 686 3524 738 convincuntur.

2015 771 2104 821 20.
2137 767 2246 822 Sed
2290 767 2527 823 dividite
2559 772 2623 823 ut
2661 770 2846 838 vultis,
2892 771 3311 840 praetermittite
3361 772 3641 845 quidquid

1944 857 2145 911 vultis:
2196 872 2263 911 ea
2308 874 2437 928 quae
2467 858 2711 912 maxime
2752 858 2941 913 soletis
2973 860 3392 926 commendare,
3435 866 3646 916 tracte-

1945 961 2091 999 mus.
2126 945 2209 999 Ad
2247 945 2361 999 oris
2390 946 2543 1000 enim
2586 946 2942 1017 signaculum
2990 948 3173 1001 dicitis
3225 948 3533 1018 pertinere,
3578 950 3646 1002 ab

1946 1033 2105 1087 omni
2144 1034 2435 1088 continere
2478 1035 2853 1105 blasphemia.
2907 1038 3002 1090 Est
3032 1042 3221 1090 autem
3261 1037 3636 1107 blasphemia,

1944 1138 2074 1176 cum
2105 1122 2300 1193 aliqua
2325 1123 2475 1177 mala
2501 1124 2772 1178 dicuntur
2801 1124 2870 1178 de
2892 1124 3075 1179 bonis.
3097 1126 3295 1195 Itaque
3320 1125 3439 1194 jam
3471 1125 3639 1195 vulgo

1944 1210 2299 1281 blasphemia
2324 1227 2439 1265 non
2458 1211 2753 1281 accipitur,
2788 1212 2901 1265 nisi
2931 1213 3082 1266 mala
3113 1214 3286 1267 verba
3308 1214 3377 1266 de
3413 1215 3524 1266 Deo
3549 1213 3633 1266 di-

1944 1316 2108 1353 cere:
2158 1300 2226 1353 de
2255 1299 2585 1354 hominibus
2636 1317 2884 1371 namque
2933 1301 3180 1355 dubitari
3220 1306 3441 1372 potest;
3496 1304 3645 1356 Deus

1944 1402 2076 1442 vero
2110 1386 2229 1441 sine
2260 1389 2643 1442 controversia
2684 1390 2870 1443 bonus
2902 1394 3005 1444 est.
3041 1390 3098 1444 Si
3127 1406 3263 1459 ergo
3288 1390 3431 1443 ratio
3455 1391 3645 1445 convi-

1945 1475 2101 1544 cerit,
2131 1476 2425 1529 neminem
2455 1477 2523 1530 de
2567 1478 2680 1530 Deo
2707 1480 2902 1547 pejora
2931 1494 3103 1548 quam
3153 1494 3251 1531 vos
3301 1479 3508 1541 dicere,
3542 1479 3643 1533 ubi

1945 1564 2053 1618 erit
2084 1565 2455 1619 memorabile
2499 1565 2612 1619 oris
2642 1566 2999 1636 signaculum
3024 1568 3053 1619 ?
3092 1568 3265 1620 Docet
3294 1566 3445 1620 enim
3474 1567 3644 1636 ratio,

1945 1668 2047 1706 nec
2091 1669 2225 1707 sane
2275 1654 2587 1720 recondita,
2622 1655 2718 1708 sed
2749 1654 2808 1707 in
2839 1660 3113 1725 promptu
3143 1655 3250 1709 sita
3278 1659 3333 1709 et
3386 1656 3645 1726 exposita

1945 1740 2207 1795 omnium
2244 1741 2557 1808 intellectu,
2602 1742 2699 1795 sed
2732 1743 2936 1796 invicta
2982 1748 3039 1796 et
3068 1759 3134 1797 eo
3178 1744 3445 1798 invictior
3488 1746 3641 1815 quod

1944 1846 2069 1883 eam
2093 1846 2263 1884 nemo
2294 1830 2560 1900 ignorare
2590 1831 2965 1900 permittitur,
3001 1833 3179 1885 Deum
3212 1848 3331 1885 esse
3381 1832 3641 1886 incorru-

1943 1918 2225 1989 ptibilem,
2280 1917 2834 1985 incommutabilem,
2910 1918 3319 1985 inviolabilem,
3370 1920 3429 1972 in
3469 1936 3642 1989 quem

1946 2007 2103 2061 nulla
2159 2006 2694 2075 indigentia,-nulla
2755 2006 3137 2076 imbecillitas,
3202 2008 3362 2061 nulla
3418 2008 3647 2062 miseria

1945 2096 2144 2150 cadere
2183 2096 2384 2166 possit.
2429 2098 2617 2167 Usque
2646 2097 2789 2151 adeo
2834 2101 3027 2152 autem
3074 2096 3181 2150 ista
3219 2096 3406 2150 omnis
3449 2096 3642 2151 anima

1944 2181 2237 2236 rationalis
2286 2185 2668 2240 communiter
2716 2185 2888 2239 sentit
2934 2189 2997 2240 ut
3038 2185 3211 2240 etiam
3259 2202 3359 2240 vos
3398 2202 3527 2240 cum
3559 2185 3644 2241 di-

1946 2274 2172 2338 cuntur,
2204 2272 2491 2329 annuatis.
2862 2261 2867 2265 ’

2013 2363 2104 2414 2t.
2152 2360 2258 2415 Sed
2310 2377 2441 2416 cum
2504 2361 2723 2416 fabulas
2781 2366 2992 2415 vestras
3054 2378 3287 2417 narrare
3338 2363 3643 2433 cosperitis,

1945 2451 2001 2502 et
2020 2449 2470 2520 corruptibilem,
2503 2454 2558 2504 et
2586 2450 3071 2516 commutabilem,
3115 2454 3171 2504 et
3210 2450 3557 2518 violabilem,
3591 2455 3649 2505 et

1943 2537 2279 2610 indigentiae
2335 2539 2669 2604 obnoxium,
2737 2542 2792 2592 et
2847 2538 3299 2594 imbecillitatem
3345 2540 3648 2594 admitten-

1944 2630 2081 2693 tem,
2137 2631 2193 2681 et
2235 2644 2268 2681 a
2314 2627 2545 2681 miseria
2592 2643 2712 2681 non
2747 2630 2935 2681 tutum
2977 2629 3155 2681 Deum
3206 2628 3352 2681 mira
3395 2628 3644 2683 caecitate

1941 2715 2187 2785 possessi
2222 2715 2490 2781 suadetis,
2525 2719 2580 2769 et
2626 2714 2775 2768 mira
2829 2714 3078 2769 caecitate
3135 2716 3408 2785 possessis
3467 2716 3639 2771 etiam

1941 2803 2313 2873 persuadetis.
2356 2806 2541 2872 Atque
2584 2802 2692 2856 hoc
2731 2819 2937 2872 parum
2996 2808 3109 2857 est:
3166 2819 3281 2857 non
3324 2803 3479 2856 enim
3523 2820 3645 2857 cor-

1944 2891 2273 2961 ruptibilem
2326 2895 2549 2944 tantum
2611 2893 2792 2944 Deum
2856 2889 3062 2957 dicitis,
3124 2891 3221 2944 sed
3284 2894 3642 2961 corruptum,

1942 2994 2045 3032 nec
2075 2982 2130 3031 et
2159 2978 2644 3045 commutabilem,
2679 2978 2776 3031 sed
2808 2980 3252 3045 commutatum;
3280 2994 3380 3032 nec
3406 2978 3635 3033 violabi-

1942 3066 2077 3131 lem,
2107 3065 2205 3119 sed
2235 3065 2508 3119 violatum
2533 3083 2546 3131 ;
2594 3082 2697 3119 nec
2737 3065 2835 3136 qui
2884 3066 3061 3135 possit
3090 3065 3467 3136 indigentiam
3497 3066 3636 3135 pati,

1943 3156 2038 3208 sed
2066 3153 2417 3224 indigentem
2447 3169 2460 3219 ;
2494 3169 2598 3207 nec
2627 3154 2687 3207 in
2708 3169 2877 3224 quem
2901 3170 3099 3207 casura
3131 3154 3223 3220 sit,
3257 3154 3350 3207 sed
3384 3155 3443 3208 in
3468 3170 3642 3225 quem

1943 3242 2206 3297 ceciderit
2243 3241 2642 3307 imbecillitas;
2675 3257 2777 3295 nec
2805 3242 2904 3313 qui
2935 3242 3109 3296 miser
3145 3258 3266 3296 esse
3294 3241 3495 3313 possit,
3535 3242 3638 3297 sed

1942 3331 2235 3386 miserum.
2270 3330 2535 3385 Animam
2563 3330 2775 3401 quippe
2808 3332 2987 3385 Deum
3020 3346 3140 3384 esse
3178 3330 3361 3385 dicitis
3386 3331 3640 3401 velipar-

1940 3425 2058 3474 tem
2086 3420 2201 3475 Dei.
2237 3422 2348 3474 Nec
2378 3420 2541 3474 video
2574 3420 2859 3490 quomodo
2893 3422 3041 3473 Deus
3072 3437 3188 3473 non
3220 3419 3311 3487 sit,
3346 3435 3476 3490 qua:
3508 3434 3642 3490 pars

1942 3508 2259 3563 Deidicitur
2282 3525 2294 3563 :
2329 3524 2461 3562 nam
2485 3507 2673 3561 etauri
2700 3524 2832 3577 pars
2850 3523 3078 3576 aurum,
3101 3513 3158 3562 et
3184 3507 3409 3574 argenti
3432 3522 3634 3577 argen-

1940 3601 2086 3658 tum,
2103 3600 2157 3649 et
2172 3594 2376 3666 lapidis
2398 3594 2573 3665 lapis;
2600 3599 2676 3663 et,
2715 3600 2775 3648 ut
2807 3595 2876 3648 ad
2906 3596 3028 3648 haec
3065 3595 3284 3665 majora
3317 3594 3637 3662 veniamus,

1940 3701 2071 3755 pars
2096 3688 2250 3739 terra
2279 3688 2381 3749 est,
2412 3688 2468 3737 et
2496 3700 2660 3753 aquae
2690 3699 2821 3752 pars
2854 3699 3022 3754 aqua,
3056 3687 3113 3737 et
3143 3682 3289 3736 aeris
3333 3699 3451 3752 aer,
3494 3686 3552 3737 et
3593 3683 3639 3736 si

1941 3774 2079 3845 quid
2108 3774 2176 3828 de
2206 3772 2338 3843 igne
2369 3771 2701 3838 detraxeris,
2746 3771 2939 3841 ignem
2970 3787 3090 3825 esse
3119 3788 3236 3825 non
3287 3771 3544 3842 negabis,
3584 3776 3641 3826 et

1942 3862 2211 3934 quaslibet
2260 3878 2390 3931 pars
2420 3860 2561 3914 lucis
2591 3860 2735 3914 nihil
2765 3864 2954 3930 potest
2983 3876 3104 3914 esse
3136 3859 3289 3915 aliud
3320 3876 3493 3931 quam
3522 3860 3636 3917 lux.

1942 3953 2053 4007 Cur
2083 3967 2218 4021 ergo
2245 3966 2376 4022 pars
2406 3949 2507 4003 Dei
2537 3965 2652 4003 non
2683 3949 2793 4003 erit
2840 3950 3031 4003 Deus?
3072 3950 3160 4008 An
3189 3948 3491 4003 articulata
3540 3949 3640 4003 Dei

1942 4039 2126 4094 forma
2139 4043 2223 4093 est
2246 4036 2283 4105 ‘,
2303 4038 2445 4092 sicut
2461 4036 2727 4102 hominis,
2744 4036 3214 4109 reliquorumque
3229 4037 3640 4093 animantium?

1944 4145 2076 4183 nam
2107 4144 2235 4199 pars
2265 4126 2516 4181 hominis
2541 4143 2658 4180 non
2679 4131 2763 4180 est
2782 4126 2976 4180 homo.

2013 4221 2100 4271 22.
2137 4217 2242 4271 Sed
2265 4216 2335 4270 ad
2354 4216 2667 4287 quamlibet
2697 4215 2933 4269 istarum
2964 4212 3305 4285 opinionum
3331 4213 3633 4274 descendo,

1944 4314 1999 4363 et
2028 4304 2357 4375 singillatim
2399 4306 2699 4374 utramque
2729 4302 3047 4357 considero.
3081 4301 3222 4354 Nam
3274 4300 3321 4354 si
3351 4302 3532 4353 Deum
3561 4299 3642 4354 ita

1945 4410 2065 4449 esse
2094 4393 2265 4447 vultis
2290 4396 2351 4445 ut
2382 4392 2587 4457 lucem,
2617 4406 2878 4444 recusare
2902 4406 3019 4443 non
3046 4386 3285 4459 potestis
3305 4388 3485 4441 Deum
3518 4403 3639 4442 esse

1946 4482 2195 4553 aliquam
2218 4484 2435 4551 partem
2452 4480 2570 4533 Dei.
2586 4479 2990 4544 Quamobrem,
3010 4492 3140 4530 cum
3167 4480 3387 4545 partem
3401 4476 3502 4530 Dei
3520 4492 3640 4530 esse

1945 4572 2197 4627 animam
2228 4568 2432 4635 dicitis,
2456 4584 2629 4639 quam
2661 4584 2777 4622 non
2807 4566 3027 4636 negatis
3063 4570 3117 4618 et
3141 4568 3467 4636 corruptam
3497 4581 3640 4636 esse,

1946 4674 2073 4730 qua:
2102 4658 2274 4711 stulta
2295 4661 2376 4710 est
2401 4673 2414 4723 ;
2457 4661 2511 4710 et
2542 4659 2972 4721 commutatam,
3003 4670 3132 4725 quae
3160 4653 3386 4724 sapiens
3418 4654 3560 4720 fuit;
3586 4659 3643 4708 et

1944 4747 2237 4813 violatam,
2267 4761 2395 4816 quae
2425 4744 2721 4815 propriam
2750 4742 3161 4813 perfectionem
3210 4758 3325 4796 non
3352 4742 3558 4811 habet;
3586 4746 3644 4798 et

1946 4834 2321 4906 indigentem,
2356 4850 2483 4904 quae
2501 4831 2685 4903 poscit
2705 4830 3013 4897 auxilium;
3043 4834 3099 4884 et
3122 4830 3488 4898 imbecillam,
3514 4846 3642 4902 quae

1947 4923 2229 4979 medicina
2255 4925 2410 4992 eget;
2446 4924 2501 4974 et
2519 4920 2801 4985 miseram,
2837 4936 2964 4990 qum
2985 4919 3151 4973 beata
3182 4935 3302 4973 esse
3329 4919 3640 4974 desiderat:

1946 5014 2069 5069 haec
2090 5012 2284 5068 omnia
2310 5011 2371 5065 in
2396 5012 2574 5064 Deum
2607 5008 2881 5078 sacrilega
2906 5007 3177 5079 opinione
3209 5008 3495 5062 confertis.
3529 5009 3644 5060 Aut

1949 5102 1995 5156 si
2024 5118 2141 5155 non
2172 5098 2478 5154 conceditis
2507 5097 2628 5151 haec
2653 5097 2721 5151 de
2741 5097 2952 5161 anima,
2979 5113 3082 5150 nec
3101 5096 3344 5166 Spiritus
3359 5099 3441 5150 est
3457 5110 3646 5148 neces-

1948 5191 2128 5245 sarius
2146 5189 2192 5259 ³,
2215 5188 2311 5259 qui
2340 5186 2593 5241 animam
2611 5185 2667 5239 in
2698 5185 2992 5239 veritatem
3021 5185 3275 5251 inducat,
3305 5183 3441 5254 quia
3472 5183 3649 5237 stulta

2015 5309 2029 5341 ¹
2056 5306 2149 5354 Ms.
2174 5302 2367 5365 Regius
2388 5302 2462 5349 sic
2480 5301 2656 5359 habet,
2679 5314 2750 5365 ait
2766 5298 3040 5363 particula
3062 5300 3373 5365 Deianirng
3394 5300 3472 5365 est
3491 5298 3647 5365 sicut.

2013 5369 2034 5402 2
2058 5369 2177 5415 Mss.
2201 5358 2416 5428 septem,
2428 5376 2527 5413 nec
2538 5358 2807 5430 qpostplds
2821 5366 2897 5430 est
2910 5361 3253 5430 necessarius.
3276 5359 3376 5430 Alii
3399 5358 3653 5430 Cdd.._nec

1952 5430 2186 5485 Spiritus
2200 5423 2275 5477 est
2287 5423 2640 5474 necessarias.
2673 5425 2821 5473 Forte
2841 5428 3120 5485 utrumque
3133 5423 3199 5470 ad
3211 5424 3411 5485 textum
3426 5423 3652 5485 pertinet

2002 5495 2177 5541 otatur
2200 5490 2341 5537 enim
2364 5488 2702 5541 Manichmus,
2722 5486 2810 5549 qui
2834 5483 3057 5549 apostoli
3072 5485 3169 5533 sibi
3186 5484 3399 5549 titulum
3420 5483 3652 5549 viudica-

1957 5556 2065 5615 bat,
2096 5566 2161 5601 ex
2181 5551 2313 5601 libro
2340 5551 2402 5599 de
2432 5550 2663 5600 Moribus
2692 5545 2830 5598 Eccl.
2852 5545 2965 5611 cap.
2995 5549 3053 5597 33
3078 5560 3132 5594 n.
3154 5547 3215 5595 72
3235 5561 3246 5607 ;
3265 5546 3457 5609 quique
3484 5545 3654 5610 Spirin

2716 5635 3333 5721 (Quarante-lroz's.)
