4036 6182
399 277 539 329 1355

391 412 508 451 non
535 399 622 450 est
646 415 660 463 ;
685 410 789 450 nec
819 399 1124 450 renovatur
1149 395 1340 449 anima
1374 411 1479 466 per
1505 410 1700 448 veram
1721 393 2094 464 religionem,

389 486 525 556 quia
553 485 866 539 inveterata
896 499 1012 538 non
1041 487 1155 551 est;
1190 499 1294 537 nec
1312 483 1619 554 signaculis
1649 483 1848 538 vestris
1869 483 2089 554 perﬁci-

388 581 504 641 tur,
535 574 670 644 quia
705 573 957 642 perfecta
988 577 1109 638 est;
1153 587 1258 626 nec
1289 571 1340 625 ei
1383 573 1534 626 Deus
1580 587 1748 642 opem
1796 571 1922 637 fert,
1957 570 2097 641 quia

389 680 507 718 non
533 662 780 732 indiget;
811 677 914 715 nec
939 661 1192 714 medicus
1215 664 1300 714 est
1331 659 1604 725 Christus,
1637 660 1775 730 quia
1800 675 1938 713 sana
1967 663 2052 714 est
2079 675 2092 713 :

390 768 494 806 nec
522 751 688 805 beata
711 749 764 802 ei
787 749 903 802 vita
933 753 1084 802 recte
1113 748 1495 817 promittitur.
1524 749 1675 813 Quid
1708 749 1861 819 quod
1894 748 2098 802 libera-

390 845 479 895 tor
507 838 714 892 dicitur
755 837 936 903 Jesus,
969 837 1124 906 quod
1153 841 1211 891 et
1255 837 1378 907 ipse
1412 836 1472 891 in
1511 836 1816 907 Evangelio
1847 837 2092 891 clamat:

389 929 451 984 Si
485 941 577 981 vos
603 927 782 981 Filius
813 925 1145 991 liberaverit,
1182 930 1320 980 tunc
1341 942 1461 980 vere
1500 927 1659 981 liberi
1688 928 1837 980 eritis
1857 927 1886 980 ?
1915 927 2094 993 (Joan.

387 1032 503 1080 vui,
537 1015 648 1083 36.)
683 1016 748 1068 Et
785 1015 1075 1084 apostolus
1123 1016 1332 1069 Paulus
1389 1015 1506 1070 ait:
1565 1018 1668 1071 Vos
1695 1017 1753 1069 in
1797 1015 2098 1070 libertatem

385 1105 564 1160 vocati
583 1105 709 1157 estis
729 1103 941 1173 (Galat.
962 1119 1014 1170 v,
1057 1104 1154 1172 l3).
1187 1103 1373 1158 Servit
1399 1120 1534 1173 ergo
1561 1104 1754 1158 anima
1783 1119 1913 1175 quae
1930 1103 2096 1157 istam

385 1194 710 1249 libertatem
739 1191 1001 1246 nondum
1031 1197 1117 1246 est
1139 1197 1415 1246 assecuta.
1453 1194 1600 1246 Deus
1621 1192 1798 1263 igitur
1817 1191 1977 1246 vobis
2001 1208 2090 1246 au-

390 1282 663 1350 ctoribus,
695 1280 979 1352 siquidem
1010 1297 1144 1351 pars
1181 1281 1281 1334 Dei
1324 1286 1408 1335 est
1439 1281 1587 1334 Deus
1616 1284 1671 1334 et
1699 1280 1941 1335 stultitia
1969 1296 2092 1334 cor-

389 1370 701 1442 rumpitur,
751 1375 806 1423 et
843 1369 1097 1424 cadendo
1153 1372 1408 1423 mutatus
1441 1373 1544 1435 est,
1587 1373 1644 1422 et
1671 1369 1878 1423 amissa
1907 1369 2094 1440 perfe-

387 1457 572 1512 ctione
599 1456 858 1521 violatus,
911 1459 965 1509 et
995 1455 1121 1525 opis
1160 1455 1399 1525 indiget,
1451 1461 1508 1510 et
1531 1456 1732 1511 debilis
1782 1457 2006 1517 morbo,
2041 1460 2098 1510 et

389 1561 696 1615 oppressus
718 1543 974 1605 miseria,
1007 1547 1064 1596 et
1090 1543 1361 1596 servitute
1387 1548 1651 1614 turpatus
1683 1547 1784 1598 est.

460 1635 551 1686 23.
583 1632 744 1696 Quod
775 1631 821 1684 si
843 1630 944 1685 Dei
973 1647 1106 1701 pars
1137 1632 1285 1684 Deus
1313 1647 1434 1685 non
1464 1636 1576 1699 est;
1601 1648 1704 1686 nec
1729 1632 2096 1704 incorruptus

387 1723 580 1790 potest
614 1735 755 1786 esse,
787 1719 848 1773 in
878 1719 1040 1789 cujus
1068 1724 1231 1789 parte
1264 1720 1556 1791 corruptio
1585 1724 1701 1788 est;
1736 1737 1841 1775 nec
1872 1720 2094 1776 incom-

390 1812 666 1874 mutatus,
699 1807 797 1878 qui
829 1823 897 1860 ex
927 1807 1121 1879 aliqua
1151 1811 1311 1878 parte
1341 1813 1596 1864 mutatus
1625 1813 1741 1880 est;
1778 1825 1884 1864 nec
1910 1809 2095 1864 invio-

387 1898 557 1961 latus,
599 1897 699 1968 qui
740 1913 862 1952 non
907 1913 975 1951 ex
1011 1897 1169 1951 omni
1203 1902 1362 1968 parte
1393 1898 1711 1969 perfectus;
1760 1915 1947 1971 neque
1975 1917 2094 1954 non

387 1986 674 2057 indigens,
697 1985 798 2056 qui
829 1985 1026 2040 sedulo
1044 1985 1164 2056 agit
1184 1990 1245 2040 ut
1264 1986 1373 2040 sibi
1398 1986 1660 2040 restituat
1672 1990 1892 2056 partem
1907 1999 2090 2049 suam;

391 2089 496 2129 nec
548 2075 785 2128 omnino
816 2089 1008 2140 sanus,
1049 2073 1148 2145 qui
1163 2073 1355 2145 aliqua
1376 2078 1538 2144 parte
1563 2072 1837 2128 imbecilli
1855 2077 1966 2138 est;
1992 2086 2094 2125 nec

387 2162 773 2230 beatissimus,
797 2161 897 2232 qui
916 2162 1087 2216 habet
1115 2163 1364 2233 aliquam
1389 2167 1614 2233 partem
1644 2161 1957 2232 subiectam
1988 2159 2094 2214 mi-

388 2252 586 2320 seriae;
620 2267 725 2305 nec
755 2250 990 2304 omnino
1020 2250 1185 2316 liber,
1236 2251 1398 2320 cujus
1437 2261 1568 2320 pars
1593 2250 1783 2321 aliqua
1816 2248 2095 2321 premitur

391 2340 681 2394 servitute.
715 2339 846 2392 Haec
875 2338 1069 2392 omnia
1098 2337 1373 2408 cogimini
1411 2338 1621 2407 dicere,
1653 2354 1784 2393 cum
1815 2338 2091 2408 animam,

389 2442 565 2499 quam
595 2426 771 2480 tantis
801 2426 1076 2481 obrutam
1111 2426 1531 2481 calamitatibus
1579 2425 1834 2496 cernitis,
1869 2431 2090 2496 partem

388 2515 493 2570 Dei
546 2529 667 2568 esse
701 2512 1035 2584 perhibetis.
1087 2515 1217 2568 Haec
1259 2519 1316 2568 et
1365 2515 1548 2569 multa
1593 2514 1988 2586 hujuscemodi
2021 2515 2090 2570 de

389 2607 540 2658 secta
565 2605 753 2656 vestra
778 2601 827 2654 si
856 2600 1090 2671 potestis
1127 2601 1373 2668 auferre,
1406 2606 1542 2657 tunc
1570 2602 1802 2657 demum
1834 2602 2000 2657 dicite
2031 2619 2093 2657 os

390 2695 640 2745 vestrum
682 2704 873 2743 carere
895 2688 1284 2760 blasphemiis.
1312 2691 1433 2744 lmo
1481 2693 1692 2745 sectam
1721 2690 1879 2744 illam
1926 2691 2089 2745 dese-

387 2782 495 2834 rite
521 2795 534 2834 :
567 2794 703 2833 nam
728 2776 775 2831 si
800 2777 908 2831 hoc
937 2777 1090 2848 quod
1122 2777 1218 2832 ille
1248 2777 1472 2847 scripsit
1496 2779 1828 2834 destiteritis
1856 2779 2088 2834 credere

388 2886 453 2924 ac
481 2867 690 2934 dicere,
725 2865 1029 2920 manicbasi
1058 2865 1257 2937 utique
1287 2882 1408 2921 non
1429 2867 1604 2922 eritis.

457 2953 543 3005 24.
573 2951 875 3005 Summum
904 2949 1122 3004 bonum
1145 2949 1404 3016 omnino,
1435 2953 1492 3004 et
1520 2955 1640 3021 quo‘
1659 2965 1781 3005 esse
1813 2955 1913 3005 aut
1932 2951 2085 3023 cogi-

385 3039 496 3094 tari
522 3039 728 3094 melius
751 3037 896 3092 nihil
912 3037 1111 3108 possit,
1139 3041 1239 3092 aut
1255 3037 1688 3109 intelligendus,
1719 3044 1819 3094 aut
1847 3040 2086 3095 creden-

387 3129 495 3183 dus
523 3129 674 3182 Deus
704 3130 809 3191 est,
841 3125 889 3179 si
918 3126 1290 3197 blasphemiis
1323 3142 1515 3180 carere
1545 3127 1881 3198 cogitamus.
1916 3128 2083 3183 Ratio

385 3216 580 3286 aliqua
606 3229 984 3268 numerorum
1024 3213 1226 3268 violari
1257 3219 1314 3268 et
1355 3215 1697 3270 commutari
1727 3217 1886 3270 nullo
1916 3222 2084 3287 pacto

383 3307 589 3376 potest,
620 3318 728 3356 nec
758 3301 869 3355 ulla
901 3306 1105 3356 natura
1135 3301 1389 3372 qualibet
1435 3303 1705 3358 violentia
1745 3305 1992 3359 eﬁ'ecerit
2021 3310 2084 3360 ut

382 3396 516 3464 post
533 3406 716 3445 unum
743 3388 843 3460 qui
873 3389 1131 3460 sequitur
1152 3405 1444 3458 numerus,
1477 3406 1595 3445 non
1615 3391 1788 3462 duplo
1819 3393 1872 3447 ei
1891 3393 2081 3448 conci-

384 3485 499 3536 nat.
531 3481 644 3534 Hoc
670 3477 1010 3532 commutari
1050 3478 1208 3532 nullo
1236 3483 1402 3548 pacto
1430 3482 1634 3550 potest,
1662 3485 1718 3535 et
1749 3482 1896 3536 Deus
1921 3499 1954 3536 a
1981 3499 2081 3537 vo-

382 3571 468 3626 bis
509 3566 929 3624 commutabilis
960 3565 1166 3620 dicitur
1195 3567 1207 3622 l
1253 3569 1432 3622 Tenet
1469 3567 1577 3622 ista
1602 3569 1746 3623 ratio
1776 3569 2084 3625 inviolabi—

375 3659 497 3714 lem
516 3656 900 3727 integritatem
922 3670 1106 3722 suam,
1132 3660 1186 3708 et
1217 3655 1270 3709 ei
1302 3657 1503 3711 saltem
1522 3673 1721 3728 parem
1747 3659 1930 3714 Deum
1960 3676 2080 3716 esse

378 3763 498 3802 non
522 3745 690 3800 vultis
715 3750 725 3799 !
764 3742 952 3798 Faciat
980 3743 1254 3813 quaslibet
1282 3761 1422 3816 gens
1449 3745 1836 3814 tenebrarum,
1877 3751 1942 3801 ut
1967 3751 2081 3801 ter-

382 3833 578 3888 narius
624 3829 1000 3900 intelligibilis
1044 3846 1342 3899 numerus,
1386 3832 1448 3886 in
1479 3849 1592 3903 quo
1620 3833 1700 3888 ita
1748 3850 1930 3888 unum
1973 3839 2076 3901 est,

379 3921 536 3994 quod
554 3935 738 3974 unum
768 3922 871 3982 est,
906 3923 969 3972 ut
997 3919 1258 3988 partibus
1289 3925 1480 3975 careat
1505 3937 1520 3987 ;
1551 3921 1720 3976 faciat
1757 3939 1894 3994 ergo
1941 3938 2080 3994 gens

378 4011 485 4065 ista
520 4008 907 4074 tenebrarum,
938 4012 1003 4061 ut
1046 4023 1322 4062 numerus
1363 4007 1468 4062 iste
1506 4009 1792 4065 ternarius
1845 4009 1906 4064 in
1938 4011 2079 4066 duas

379 4101 571 4169 partes
599 4096 848 4167 aequales
869 4094 1175 4149 dividatur.
1200 4094 1367 4149 Videt
1394 4099 1547 4150 certe
1574 4111 1738 4152 mens
1757 4103 1944 4152 vestra
1955 4100 2080 4153 nul-

379 4187 488 4241 lius
517 4185 574 4240 id
621 4184 1022 4240 malevolentia
1071 4199 1238 4252 posse
1269 4183 1625 4255 contingere.
1659 4185 1795 4250 Quae
1821 4203 1956 4257 ergo
1980 4203 2078 4241 ra-

377 4276 595 4330 tionem
617 4272 847 4327 numeri
866 4271 1084 4324 violare
1104 4285 1222 4324 non
1243 4275 1486 4341 poterat,
1519 4277 1743 4344 poterat
1779 4276 1998 4330 Deum?
2019 4275 2077 4330 Si

377 4369 568 4418 autem
580 4378 696 4416 non
707 4363 956 4432 poterat,
976 4374 1125 4429 quas,
1145 4359 1406 4430 obsecro,
1429 4360 1732 4416 necessitas
1750 4362 1861 4418 fuit
1874 4367 1929 4418 ut
1944 4379 2078 4434 pars

379 4455 502 4523 ejus
514 4451 849 4505 misceretur
872 4447 1038 4513 malo,
1064 4451 1122 4501 et
1137 4447 1198 4502 in
1224 4451 1411 4502 tantas
1431 4448 1692 4505 miserias
1710 4453 2078 4507 traderetur?

485 4539 711 4596 CAPUT
736 4536 851 4590 XII.
875 4565 943 4576 —-
972 4536 1237 4592 Excludit
1259 4539 1678 4593 Manichzorum
1704 4540 1964 4609 suffugia.

445 4632 535 4683 25.
569 4626 710 4681 Hinc
738 4623 896 4679 enim
943 4623 1087 4679 illud
1127 4630 1390 4680 exortum
1423 4630 1528 4693 est,
1561 4627 1714 4698 quod
1743 4628 1914 4682 etiam
1943 4645 2072 4684 cum

377 4715 628 4772 studiose
652 4729 754 4768 vos
781 4711 1134 4778 audiremus,
1169 4728 1278 4768 nos
1308 4713 1538 4784 magnis
1567 4716 1868 4784 premebat
1889 4733 2072 4788 angu-

375 4804 497 4860 stiis
521 4819 536 4870 ;
557 4819 662 4858 nec
680 4803 861 4857 ullum
885 4801 1105 4857 exitum
1130 4801 1578 4872 reperiebamus,
1601 4807 1922 4873 quaerentes
1933 4803 2073 4874 quid

374 4888 592 4942 factura
613 4890 734 4941 erat
767 4887 881 4941 Deo
912 4903 1054 4958 gens
1101 4888 1494 4949 tenebrarum,
1545 4887 1591 4942 si
1627 4904 1758 4943 cum
1795 4905 1862 4942 ea
1889 4889 2070 4944 nollet

372 4990 503 5028 cum
519 4977 674 5028 tanta
701 4974 880 5045 partis
910 4992 1026 5029 sure
1048 4975 1370 5031 calamitate
1396 4993 1675 5048 pugnare.
1702 4975 1759 5032 Si
1779 4976 1933 5031 enim
1954 4993 2072 5032 non

371 5066 494 5116 erat
521 5061 783 5116 nocitura
811 5061 1153 5132 quiescenti,
1181 5063 1488 5117 crudeliter
1534 5063 1830 5119 nobiscum
1876 5071 2068 5120 actum

371 5150 774 5221 querebamur,
806 5149 906 5222 qui
933 5150 1005 5205 ad
1030 5150 1164 5205 istas
1208 5167 1493 5206 (erumnas
1523 5152 1684 5207 missi
1731 5169 1966 5208 sumus:
2021 5155 2067 5209 si

369 5267 481 5326 tum
509 5266 750 5326 sanctum
781 5261 1126 5326 personaliter
1151 5263 1204 5312 in
1235 5277 1291 5312 se
1322 5278 1435 5313 esse
1447 5265 1815 5324 mentiebatur,
1847 5281 1911 5316 ex
1933 5267 2066 5318 libro

369 5325 831 5392 bConfessionum,
858 5339 971 5388 cap.
998 5327 1044 5382 5,
1071 5338 1124 5373 n.
1153 5327 1198 5375 8.
1230 5326 1323 5392 Hic
1351 5331 1527 5375 autem
1559 5327 1716 5390 paulo
1746 5333 1864 5391 post
1890 5330 2066 5392 legen-

366 5388 493 5454 dum
506 5387 730 5454 videtur,
742 5401 839 5454 nec
852 5387 1151 5454 renovatur
1163 5391 1349 5454 anima
1361 5401 1464 5454 per
1474 5387 1703 5454 vestram
1720 5387 2060 5454 r'eligion'em:

365 5453 417 5498 et
439 5448 598 5515 paulo
625 5449 853 5515 inferius
870 5449 1065 5498 habent
1088 5449 1325 5515 plerique
1361 5448 1525 5512 'Mss.,
1546 5452 1674 5515 quia
1697 5448 1913 5505 mutata
1949 5467 2062 5505 non

367 5511 477 5570 est;
508 5511 600 5558 ubi
630 5512 808 5558 excusi
839 5511 1149 5561 inveterata.

1367 273 1460 327 DE
1500 272 1814 328 MORIBUS
1854 267 2428 335 MANICHIEORUM,
2471 265 2525 321 S.
2570 265 2956 323 AUGUSTINI

3807 273 3940 323 13336

2219 394 2412 444 autem
2443 391 2706 444 nocitura
2734 394 2874 453 erat,
2892 405 3010 443 non
3050 405 3170 444 esse
3199 389 3359 444 illam
3388 395 3660 446 naturam
3681 391 3944 446 incorru-

2207 479 2490 550 ptibilem,
2521 479 2704 550 qualis
2725 483 2933 533 natura
2965 477 3068 532 Dei
3097 494 3219 533 esse
3249 479 3512 535 debebat.
3542 481 3610 534 In
3630 481 3748 535 hac
3780 497 3939 551 qua:-

2207 567 2390 622 stione
2419 584 2540 622 non
2567 567 2746 622 defuit
2776 567 2877 638 qui
2903 567 3135 634 diceret,
3170 583 3290 622 non
3330 569 3513 623 Deum
3540 570 3705 624 malo
3740 585 3936 623 carere

2206 656 2476 726 voluisse,
2524 662 2624 711 aut
2666 672 2737 710 ne
2780 656 2890 710 sibi
2931 661 3240 710 noceretur
3268 657 3500 723 cavisse,
3554 658 3660 712 sed
3692 663 3937 728 propter

2206 745 2524 799 naturalem
2554 745 2867 799 bonitatem
2896 761 3058 799 suam
3079 745 3355 816 inquietae
3376 747 3808 817 'perverszeque
3838 762 3930 799 na-

2205 837 2371 896 turas,
2410 839 2474 887 ut
2513 833 2776 888 ordinata
2820 838 2965 888 esset
3003 834 3272 904 prodesse
3319 834 3590 888 voluisse.
3637 835 3779 889 Non
3830 835 3929 888 hoc

2205 926 2410 975 sonant
2443 921 2579 976 libri
2609 921 2913 976 manichaei
2940 939 2953 988 ;
2977 921 3189 977 cavisse
3229 923 3409 976 Deum
3444 938 3517 977 ne
3544 923 3932 977 invaderetur

2204 1008 2275 1063 ab
2304 1009 2581 1078 hostibus,
2613 1009 2926 1081 saepissime
2955 1011 3035 1066 ibi
3075 1011 3448 1082 signiﬁcatur,
3477 1011 3816 1084 saepissime
3849 1013 3929 1066 di-

2205 1098 2372 1152 citur.
2420 1099 2528 1154 Sed
2566 1099 2944 1154 concedamus
2977 1100 3086 1154 ista
3136 1101 3508 1156 Manichaaum
3547 1101 3844 1166 sensisse,
3879 1109 3930 1155 nt

2203 1186 2300 1240 ille
2331 1187 2572 1254 dicebat,
2627 1187 2726 1259 qui
2768 1203 2888 1242 non
2915 1187 3242 1243 inveniebat
3286 1190 3439 1244 aliud
3467 1190 3630 1260 quod
3661 1189 3929 1252 diceret;

2203 1291 2343 1328 num
2360 1274 2468 1329 ista
2487 1275 2706 1330 ratione
2737 1278 2934 1331 Deusa
2961 1277 3294 1332 crudelitate
3323 1282 3421 1332 aut
3439 1277 3804 1332 inﬁrmitate
3837 1278 3926 1332 de-

2202 1362 2456 1418 fenditur
2471 1365 2500 1418 ⁸2
2524 1365 2654 1418 Haec
2673 1365 2829 1420 enim
2841 1366 2966 1435 ejus
2986 1365 3048 1420 in
3077 1366 3371 1420 adversam
3397 1369 3636 1436 gentem
3657 1366 3926 1434 bonitas,

2203 1450 2263 1506 in
2284 1469 2416 1507 suos
2445 1453 2660 1507 exstitit
2687 1470 2896 1525 magna
2924 1453 3227 1525 pernicies.
3269 1455 3389 1508 Huc
3416 1454 3664 1524 accedit,
3704 1457 3852 1525 quia
3883 1459 3922 1508 si

2203 1545 2410 1594 natura
2439 1541 2592 1596 illius
2612 1542 2903 1614 corrumpi
2921 1541 3379 1614 commutarique
3409 1558 3527 1596 non
3553 1548 3795 1613 posset,
3829 1560 3923 1598 nec

2203 1644 2308 1683 nos
2340 1629 2454 1683 ulla
2482 1630 2654 1701 pestis
2681 1636 3062 1686 commutaret
3081 1636 3251 1703 atque
3277 1635 3685 1702 corrumperet
3710 1648 3727 1698 ;
3755 1636 3816 1685 et
3837 1631 3922 1686 ille

2203 1717 2345 1772 ordo
2383 1718 2484 1790 qui
2510 1723 2733 1774 naturae
2762 1719 2964 1775 alienae
3011 1720 3367 1791 praestandus
3395 1719 3525 1788 fuit,
3562 1725 3776 1792 posset
3807 1721 3920 1777 sine

2202 1810 2395 1861 nostra
2423 1808 2793 1879 perversitate
2823 1809 3101 1880 praistari.

2273 1895 2368 1950 26.
2418 1895 2566 1950 Illud
2614 1912 2747 1951 vero
2792 1897 3051 1952 nondum
3093 1897 3310 1952 dictum
3359 1901 3500 1965 erat,
3535 1899 3705 1970 quod
3743 1916 3921 1970 nuper

2204 1982 2360 2052 apud
2409 1983 2810 2055 Carthaginem
2853 1985 3048 2039 audivi
3096 1984 3196 2056 (α).
3253 1986 3392 2040 Cum
3435 1985 3600 2040 enim
3654 1985 3919 2056 quidam,

2202 2087 2376 2142 quem
2397 2074 2645 2127 maxime
2664 2073 2763 2127 illo
2785 2089 2976 2128 errore
2996 2074 3166 2144 cupio
3189 2073 3437 2142 liberari,
3453 2074 3562 2128 hac
3583 2075 3915 2146 quaestione

2201 2158 2263 2214 in
2292 2160 2521 2215 easdem
2551 2161 3020 2233 compingeretur
3049 2162 3359 2232 angustias,
3380 2178 3554 2216 ausus
3584 2167 3679 2217 est
3711 2163 3918 2227 dicere,

2200 2247 2412 2303 scilicet
2437 2265 2680 2320 regnum
2707 2249 2974 2304 habuisse
2994 2250 3277 2320 quosdam
3297 2250 3442 2304 ﬁnes
3467 2265 3633 2318 suos,
3666 2251 3782 2322 qui
3803 2268 3918 2322 pos-

2201 2339 2328 2390 sent
2356 2335 2548 2390 invadi
2570 2353 2602 2390 a
2627 2341 2795 2408 gente
2817 2336 3136 2404 contraria;
3167 2353 3304 2392 nam
3326 2337 3518 2407 ipsum
3543 2338 3744 2392 Deum
3766 2340 3916 2392 nullo

2201 2425 2374 2480 modo
2401 2424 2659 2495 potuisse
2709 2425 2928 2481 violari.
2961 2426 3072 2481 Sed
3101 2425 3243 2480 dixit
3270 2426 3425 2497 quod
3483 2442 3682 2497 neque
3722 2433 3915 2481 auctor

2199 2511 2295 2566 ille
2335 2518 2520 2568 vester
2548 2514 2666 2568 ullo
2711 2514 2880 2569 modo
2909 2513 3095 2570 dicere
3121 2519 3459 2585 cogeretur:
3484 2515 3726 2570 videret
3765 2517 3907 2570 enim

2199 2601 2438 2656 fortasse
2480 2607 2892 2673 consequentes
2939 2603 3137 2658 ruinas
3174 2619 3293 2658 sua:
3363 2608 3530 2658 secta:
3577 2605 3776 2659 multo
3821 2622 3906 2676 per

2199 2689 2347 2744 hanc
2377 2691 2744 2760 sententiam,
2767 2707 2942 2763 quam
2957 2708 3062 2763 per
3081 2691 3252 2746 aliam
3278 2693 3585 2746 faciliores.
3620 2694 3690 2747 Et
3721 2710 3910 2748 revera

2195 2777 2278 2832 ita
2304 2795 2362 2834 se
2391 2778 2500 2834 hoc
2522 2779 2714 2847 habet,
2741 2785 2808 2834 ut
2835 2779 2884 2834 si
2913 2780 3217 2852 quisquam
3248 2781 3554 2835 mediocris
3599 2783 3802 2837 cordis
3820 2800 3909 2835 an-

2195 2865 2365 2920 dierit
2391 2866 2454 2922 in
2481 2872 2686 2923 natura
2715 2867 2814 2922 illa
2839 2869 3010 2924 fuisse
3033 2869 3189 2925 aliud
3210 2869 3498 2939 violabile,
3528 2871 3695 2925 aliud
3731 2872 3901 2926 invio-

2193 2953 2386 3025 labile,
2411 2956 2574 3011 facile
2617 2957 2898 3029 intelligat
2927 2974 3046 3012 non
3090 2959 3214 3028 jam
3263 2959 3426 3025 duas,
3458 2959 3559 3013 sed
3623 2965 3748 3015 tres
3787 2976 3898 3016 esse

2193 3046 2444 3110 naturas,
2478 3060 2657 3099 unam
2684 3043 3096 3115 inviolabilem,
3127 3047 3370 3101 alteram
3399 3045 3766 3118 violabilem,
3799 3055 3899 3104 ter-

2197 3130 2336 3185 tiam
2367 3132 2745 3188 violatricem.

2192 3220 2420 3275 CAPUT
2453 3223 2686 3277 XlIl.—
2711 3224 2832 3279 Non
2871 3237 2940 3276 ea:
2980 3221 3140 3277 rebus
3163 3221 3260 3278 sed
3295 3238 3362 3277 ex
3391 3226 3700 3280 intentione
3749 3228 3890 3293 facta

2261 3312 2637 3366 wstimantur:
2673 3312 2796 3366 hinc
2817 3311 2883 3366 de
2901 3312 3322 3368 Manichaeorum
3351 3312 3700 3369 abstinentia
3726 3317 3895 3382 feren-

2263 3397 2393 3454 dum
2417 3399 2712 3468 judicium.

2259 3489 2347 3542 27.
2381 3489 2479 3542 Hae
2506 3488 2686 3560 igitur
2717 3489 3109 3560 blasphemiae,
3150 3505 3283 3544 cum
3319 3505 3353 3543 a
3393 3489 3573 3545 corde
3605 3491 3892 3562 profectae,

2189 3575 2445 3646 quotidie
2487 3577 2548 3630 in
2603 3593 2701 3633 ore
2750 3582 2937 3633 vestro
2967 3577 3248 3646 habitent,
3281 3579 3529 3634 desinite
3591 3580 3894 3652 aliquando

2189 3664 2548 3735 signaculum
2592 3666 2708 3720 oris
2759 3666 2954 3733 vestri,
2999 3667 3069 3722 ad
3099 3666 3504 3738 imperitorum
3542 3668 3892 3736 illecebram,

2189 3752 2354 3823 quasi
2380 3769 2656 3824 magnum
2679 3753 2894 3826 aliquid
2915 3755 3250 3826 praedicare.
3278 3756 3398 3810 Nisi
3418 3756 3572 3810 forte
3603 3760 3767 3829 quod
3794 3775 3890 3813 non

2187 3841 2484 3896 vescimini
2503 3842 2793 3912 carnibus,
2827 3850 2885 3899 et
2907 3844 3107 3898 vinum
3138 3860 3255 3898 non
3284 3844 3502 3911 bibitis,
3530 3845 3889 3918 signaculum

2189 3929 2304 3983 oris
2341 3929 2669 3986 mirandum
2706 3936 2765 3986 et
2793 3931 3148 3987 laudandum
3176 3933 3411 4004 putatis.
3444 3935 3613 3996 Quod
3647 3953 3843 4007 quam
3867 3954 3892 3990 ε

2187 4017 2347 4072 vobis
2375 4033 2488 4089 quo
2518 4017 2633 4074 ﬁne
2655 4019 2890 4075 faciatis.
2939 4021 3093 4075 Finis
3132 4021 3288 4076 enim
3320 4038 3435 4092 quo
3467 4022 3810 4080 referuntur
3833 4043 3888 4080 ea

2188 4122 2318 4178 quae
2347 4107 2610 4177 facimus,
2640 4108 2699 4163 id
2722 4114 2807 4164 est
2835 4115 3072 4180 propter
3112 4126 3287 4181 quem
3322 4110 3570 4166 facimus
3618 4115 3886 4186 quidquid

2185 4195 2442 4260 facimus,
2466 4196 2513 4250 si
2541 4212 2658 4251 non
2686 4197 2873 4251 solum
2901 4197 3288 4269 inculpabilis,
3313 4199 3410 4253 sed
3425 4199 3614 4256 etiam
3642 4203 3889 4258 laudabi-

2189 4284 2258 4339 lis
2286 4284 2472 4347 fuerit,
2504 4289 2639 4340 tunc
2669 4285 2905 4341 demum
2935 4286 3110 4341 etiam
3157 4287 3306 4342 facta
3331 4293 3528 4343 nostra
3565 4289 3750 4347 laude
3781 4293 3888 4364 .ali-

2185 4389 2299 4444 qua
2349 4372 2524 4444 digna
2557 4378 2726 4429 sunt:
2796 4374 2887 4428 sin
2927 4375 3024 4430 ille
3062 4376 3191 4448 jure
3233 4376 3563 4448 meritoque
3610 4381 3884 4452 culpatur.

2185 4477 2357 4532 quem
2381 4467 2702 4532 spectamus
2715 4467 2772 4518 et
2792 4463 3108 4532 intuemur,
3131 4481 3262 4519 cum
3280 4465 3342 4519 in
3370 4465 3572 4538 aliquo
3602 4485 3886 4525 versamur

2185 4550 2394 4618 ofﬁcio,
2426 4550 2484 4605 id
2513 4567 2747 4622 quoque
2778 4551 3031 4607 ofﬁcium
3061 4569 3230 4609 nemo
3256 4553 3731 4625 improbandnm
3760 4561 3883 4612 vita-

2183 4638 2619 4710 perandumque
2646 4639 3014 4696 dubitaverit.

2252 4728 2435 4781 28.De
2465 4727 2707 4782 Catilina
2735 4728 3030 4784 memoriae
3060 4729 3360 4800 proditum
3390 4736 3477 4786 est
3514 4735 3687 4804 quod
3717 4736 3879 4807 frigus

2247 4900 2320 4960 (α)
2337 4899 2456 4969 Etsi
2472 4914 2591 4969 vox,
2606 4913 2790 4969 nuper,
2804 4903 2869 4951 ad
2892 4903 3092 4969 aliquot
3110 4917 3281 4953 annos
3300 4905 3615 4969 porrigatur
3653 4923 3878 4959 nomine

2181 4974 2338 5033 quam
2363 4977 2375 5022 ;
2389 4962 2489 5011 hoc
2497 4962 3090 5033 tamen—loconescimus
3101 4962 3485 5033 anprox'imum
3499 4972 3724 5033 tempus
3746 4973 3878 5020 den-:-

2179 5027 2271 5098 tet:
2281 5025 2324 5095 Ν
2335 5037 2415 5072 am
2430 5026 2764 5098 subindicare
2775 5027 2984 5098 videtur
2993 5042 3059 5090 qu
3067 5025 3505 5098 :esti_oni_i_lli(quaa
3520 5025 3752 5098 quidem
3767 5036 3874 5098 apii;

2179 5085 2381 5159 Italiam
2405 5104 2430 5131 κ
2447 5087 2693 5159 abusque
2708 5085 3029 5159 Carthagine
3055 5105 3086 5139 a
3101 5085 3601 5159 Nebridio‘propohi
3635 5085 3874 5150 solebat:

2178 5147 2253 5217 uti
2270 5147 2494 5211 legimus
2515 5149 2580 5217 in
2596 5147 2735 5217 lib.7
2775 5147 3011 5217 Confessi,
3034 5167 3147 5216 cap.
3179 5156 3227 5210 2,
3251 5167 3307 5201 [ι.
3337 5147 3731 5217 3δτθὲροῑιευω
3765 5147 3877 5206 ista;

2177 5208 2404 5286 alterum
2422 5212 2837 5286 pro‘ltlanic‘baais
2857 5208 3121 5286 redditum
3150 5208 3281 5286 esse,
3307 5208 3415 5264 non
3442 5208 3627 5286 primo
3654 5225 3870 5286 tempore

2175 5274 2456 5334 propositas
2471 5286 2502 5343 a
2520 5274 2766 5322 Nebridia
2786 5276 3113 5346 quaestionis,
3136 5274 3310 5348 auteo
3327 5292 3433 5340 quo
3446 5274 3710 5330 studiose
3723 5274 3877 5332 Ham-

2176 5332 2350 5405 chaaos
2381 5334 2625 5405 aud-iebat
2655 5337 3006 5405 Augustinus,
3045 5339 3136 5388 sed
3175 5339 3446 5405 aliquanto
3463 5345 3799 5405 recentiore,
3833 5360 3876 5392 ις

2175 5394 2307 5462 forte
2325 5396 2534 5462 nonnisi
2554 5401 2672 5459 post
2689 5394 2854 5460 ipsius
2873 5394 3172 5462 regressum
3185 5415 3251 5450 ex
3264 5394 3438 5450 Italia.
3463 5403 3628 5460 Quod
3651 5407 3695 5454 si
3709 5394 3878 5454 ita'est.

2175 5456 2310 5526 libro
2339 5458 2462 5526 huic
2491 5456 2670 5526 Ridmaa
2702 5456 2733 5508 ὁ
2759 5456 3028 5526 ξβέοήριο
3057 5462 3233 5513 locum
3263 5463 3407 5514 hunc
3435 5456 3683 5517 secunda
3707 5483 3877 5518 manu.

2173 5519 2288 5581 ejus
2309 5520 2718 5582 publicationem
2749 5519 2939 5572 differt.
