4036 6182
144 279 261 330 1357

137 396 303 465 sitim,
327 395 537 450 famem
566 393 712 448 ferre
740 398 963 465 poterat
991 395 1327 468 (Sallustius,
1353 398 1411 449 in
1434 396 1644 465 prolog.
1678 392 1822 451 Cati-

142 486 228 540 lin.
258 500 371 554 cap.
404 485 474 539 3).
511 484 638 537 Haec
668 486 831 537 erant
865 483 949 537 illi
984 499 1188 555 spurco
1229 486 1617 555 sacrilegoque
1648 483 1821 538 etiam

141 590 260 629 cum
281 572 558 643 Apostolis
588 571 795 626 nostris
821 572 1169 627 communia.
1206 572 1366 627 Unde
1391 589 1526 643 ergo
1556 570 1823 626 discerni-

142 668 228 718 tur
251 661 530 734 parricida
560 662 667 716 iste
698 662 768 716 ab
797 660 1081 732 Apostolis
1129 662 1356 728 nostris,
1404 661 1517 715 nisi
1564 660 1677 715 ﬁne
1721 660 1819 714 illo

141 768 299 824 quem
316 750 768 806 diversissimam
787 751 1174 822 sequebatur?
1196 751 1451 820 Namque
1471 749 1568 803 ille
1596 748 1702 802 ista
1730 752 1823 801 to—

139 841 358 906 lerabat,
388 843 451 894 ut
481 839 1049 894 immoderatissimas
1079 844 1135 893 et
1162 837 1609 893 immanissimas
1639 837 1824 913 exples

136 934 220 986 ret
244 928 597 1000 cupiditates:
633 927 717 981 illi
749 943 779 982 e
799 932 1019 994 contra,
1054 931 1116 981 ut
1137 943 1230 981 eas
1258 930 1608 997 premerent,
1642 929 1699 979 et
1729 924 1823 979 do-

138 1018 362 1074 minanti
393 1016 619 1071 ratione
664 1016 874 1070 servire
904 1020 1191 1086 cogerent.
1224 1016 1426 1071 Soletis
1456 1020 1513 1070 et
1541 1032 1661 1083 vos,
1693 1030 1823 1068 cum

138 1107 526 1163 catholicarum
560 1104 721 1159 vobis
762 1105 1054 1175 virginum
1097 1104 1406 1159 multitudo
1452 1102 1820 1175 praedicatur,

139 1194 334 1250 dicere:
384 1194 564 1248 Etiam
614 1194 771 1248 mula
815 1194 973 1264 virgo
1018 1197 1120 1248 est.
1171 1195 1405 1247 Temere
1456 1192 1516 1247 id
1562 1191 1820 1263 quidem,

140 1288 358 1355 propter
393 1282 743 1352 imperitiam
778 1281 1072 1337 catholicae
1111 1281 1455 1351 disciplinas;
1498 1281 1597 1335 sed
1631 1285 1823 1334 tamen

141 1368 505 1438 signiﬁcantes
546 1383 750 1421 vanam
790 1384 911 1422 esse
950 1368 1362 1423 continentiam
1389 1368 1579 1435 istam,
1610 1365 1723 1419 nisi
1754 1365 1826 1419 ad

142 1457 375 1529 aliquem
410 1455 795 1511 rectissimum
831 1456 1007 1511 ﬁnem
1045 1461 1199 1511 certa
1251 1457 1476 1511 ratione
1522 1455 1822 1509 referatur.

141 1548 367 1600 Possunt
394 1550 451 1600 et
478 1545 752 1601 Catholici
790 1545 1084 1600 christiani
1112 1549 1359 1600 vestram
1395 1561 1427 1599 a
1454 1544 1587 1600 vino
1618 1546 1675 1597 et
1704 1558 1826 1596 car-

140 1635 296 1689 nibus
339 1633 766 1701 abstinentiam,
812 1634 1089 1705 jumentis
1139 1638 1195 1689 et
1241 1633 1437 1689 multis
1479 1632 1826 1703 passeribus,

140 1728 418 1795 postremo
443 1723 616 1779 etiam
654 1723 1171 1779 innumerabilibus
1209 1722 1514 1793 generibus
1545 1718 1830 1775 vermium

142 1828 481 1883 comparare.
516 1812 624 1867 Sed
650 1828 722 1867 ne
765 1812 827 1865 in
855 1815 1103 1866 vestram
1140 1809 1393 1864 incidam
1425 1808 1827 1873 temeritatem,

142 1918 250 1955 non
277 1901 330 1956 id
356 1917 726 1972 praepropere
756 1900 982 1969 faciam,
1025 1899 1120 1953 sed
1157 1898 1458 1954 discutiam
1490 1895 1685 1968 'primo
1716 1911 1830 1966 quo

141 1990 245 2045 ista
268 1990 379 2045 ﬁne
419 1988 659 2045 faciatis.
691 1991 817 2044 Jam
847 1989 1000 2043 enim
1029 1992 1253 2042 constat
1280 1986 1429 2041 inter
1458 2001 1584 2047 nos,
1614 1990 1679 2039 ut
1708 1984 1831 2055 opi-

144 2095 264 2147 nor,
294 2078 689 2150 hujuscemodi
737 2077 994 2132 moribus
1040 2076 1185 2131 nihil
1234 2075 1386 2130 aliud
1416 2090 1537 2129 esse
1569 2089 1833 2144 quaeren-

144 2168 292 2222 dum.
324 2167 379 2221 Si
408 2183 545 2238 ergo
570 2165 939 2239 parcimonia:
978 2164 1161 2236 gratia
1198 2168 1254 2219 et
1289 2162 1614 2219 coercenda:
1642 2160 1837 2215 libidi-

144 2255 248 2322 nis,
276 2272 387 2326 qua
411 2255 551 2309 escis
581 2254 789 2309 talibus
831 2258 889 2307 et
916 2258 1058 2325 potu
1094 2252 1445 2307 delectamur
1472 2253 1529 2306 et
1555 2248 1835 2320 capimur,

147 2343 311 2398 audio
340 2346 395 2397 et
421 2344 602 2413 probo
628 2360 641 2399 :
674 2342 774 2397 sed
802 2358 919 2397 non
950 2342 1028 2396 ita
1058 2346 1160 2397 est.

214 2434 298 2487 29.
329 2433 472 2486 Nam
499 2447 695 2502 quaero
720 2447 753 2485 a
793 2430 972 2493 vobis,
1015 2430 1063 2485 si
1092 2430 1220 2501 quis
1255 2428 1480 2497 existat,
1520 2427 1679 2498 quod
1711 2425 1838 2481 ﬁeri

144 2523 342 2590 potest,
374 2519 454 2574 ita
481 2520 651 2574 homo
672 2536 874 2590 parcus
898 2523 955 2574 et
982 2518 1156 2589 frugi,
1188 2522 1255 2573 ut
1282 2516 1603 2589 appetitum
1623 2514 1839 2569 ventris

144 2612 200 2663 et
244 2608 488 2679 gutturis
530 2608 857 2676 moderans,
904 2624 1023 2663 non
1071 2604 1470 2678 epuletur'bis
1514 2620 1617 2676 per
1661 2618 1838 2657 unum

145 2696 320 2765 diem;
353 2701 409 2751 et
436 2696 568 2751 huic
596 2697 843 2751 coenanti
874 2696 1129 2751 oluscula
1146 2712 1275 2751 cum
1306 2694 1518 2765 exiguo
1547 2692 1708 2747 lardo
1739 2708 1839 2762 ap-

142 2789 445 2856 ponantur,
478 2785 681 2840 eodem
708 2786 870 2840 lardo
890 2789 1061 2841 uncta
1089 2789 1261 2854 atque
1286 2783 1536 2849 condita,
1561 2784 1841 2851 quantum

144 2873 587 2944 comprimendae
619 2874 758 2929 fami
789 2878 875 2928 sat
902 2878 1017 2940 est;
1058 2872 1328 2942 sitimque
1370 2870 1573 2939 irriget
1612 2870 1844 2939 propter

142 2961 495 3032 diligentiam
523 2961 886 3028 valetudinis,
918 2961 1139 3016 duabus
1167 2963 1265 3015 aut
1289 2958 1473 3014 tribus
1500 2956 1620 3011 vini
1648 2971 1840 3010 mera-

144 3051 224 3105 cis
252 3051 579 3123 potionibus
610 3050 653 3121 ί,
683 3050 846 3122 isque
863 3050 948 3104 illi
963 3049 1145 3105 victus
1172 3050 1246 3104 sit
1265 3047 1633 3120 quotidianus
1656 3062 1669 3100 :
1699 3044 1845 3099 alius

143 3155 278 3195 vero
307 3156 375 3194 ex
403 3141 516 3195 alia
544 3144 704 3212 parte
734 3140 880 3194 nihil
912 3143 1146 3211 gustans
1183 3137 1464 3204 carnium,
1511 3135 1658 3189 nihil
1702 3132 1841 3199 vini,

144 3227 453 3299 exquisitas
481 3234 539 3283 et
568 3228 900 3299 peregrinas
920 3228 1114 3298 fruges
1133 3226 1330 3281 multis
1351 3223 1579 3279 ferculis
1604 3221 1845 3277 variatas

144 3322 204 3371 et
235 3317 394 3389 largo
426 3318 621 3389 pipere
652 3333 908 3388 aspersas
944 3332 1096 3371 nona
1132 3316 1274 3371 hora
1301 3315 1547 3369 libenter
1576 3316 1843 3378 assumat,

143 3406 330 3460 noctis
368 3406 540 3460 etiam
583 3405 865 3476 principio
905 3404 1042 3459 talia
1070 3408 1419 3470 coenaturus;
1464 3401 1621 3456 bibat
1656 3404 1847 3456 autem

141 3496 421 3561 mulsum,
446 3510 737 3549 caroenum
758 3509 1010 3564 passum,
1033 3498 1088 3547 et
1108 3492 1521 3546 nonnullorum
1540 3505 1848 3560 pomorum

142 3599 440 3655 expressos
478 3598 694 3649 succos,
738 3581 856 3636 vini
884 3581 1131 3653 speciem
1160 3580 1296 3635 satis
1329 3579 1640 3644 imitantes,
1678 3582 1849 3649 atque

140 3673 201 3727 id
234 3672 411 3727 etiam
431 3672 705 3725 suavitate
733 3671 1049 3738 vincentes;
1084 3674 1141 3725 et
1164 3670 1323 3725 bibat
1341 3684 1458 3723 non
1480 3670 1760 3740 quantum
1782 3666 1852 3720 si-

138 3761 237 3826 tit,
271 3761 372 3815 sed
400 3763 681 3831 quantum
710 3760 878 3826 libet;
925 3759 1099 3830 idque
1135 3757 1244 3813 sibi
1274 3756 1663 3813 exhibendum
1694 3760 1853 3811 curet

142 3847 430 3919 quotidie,
451 3848 668 3919 talique
687 3848 840 3903 victu
861 3846 1190 3919 deliciisque
1211 3846 1557 3917 perfruatur,
1580 3845 1738 3899 nulla
1759 3860 1855 3898 [ιθ-

138 3936 435 4004 cessitate,
458 3953 667 4008 magna
687 3937 973 4007 voluptate
997 3953 1010 3990 :
1042 3952 1214 4008 quem
1238 3935 1469 3990 tandem
1490 3935 1698 3989 horum
1718 3933 1855 3987 duo-

139 4042 303 4092 rum,
334 4026 487 4096 quod
516 4026 587 4080 ad
616 4025 923 4079 cibandum
965 4024 1401 4094 potandumque
1427 4022 1650 4090 attinet,
1681 4020 1854 4075 absti-

138 4113 387 4169 nentius
434 4113 609 4168 vitam
654 4113 861 4167 ducere
902 4111 1205 4182 judicatis?
1250 4112 1373 4165 Non
1425 4110 1631 4180 opinor
1675 4126 1856 4180 usque

1551 272 1764 329 LIBER
1805 270 2190 329 SECUNDUS.

1929 393 2104 461 tibus,
2128 392 2497 464 judicabitur.
2522 394 2743 463 Quaeso,
2768 396 3077 469 relinquite
3102 414 3384 469 errorem;
3409 418 3626 473 quaeso,

3494 282 3513 333 t
3530 281 3631 336 358

1932 482 2204 537 advertite
2242 482 2556 551 rationem;
2605 500 2821 554 quasso,
2864 486 3287 557 aliquantulum
3324 495 3631 545 consuetu—

1932 570 2052 625 dini
2081 570 2354 627 obsistite.
2378 571 2524 637 Quid
2547 573 2701 627 enim
2724 577 2809 628 est
2829 574 2937 628 ista
2961 576 3240 645 pravitate
3269 579 3590 649 perversius
3608 578 3635 632 ?

1932 659 2069 730 quid
2096 660 2278 730 magis
2308 661 2596 716 delirum?
2620 662 2769 726 Quid
2797 680 2967 734 porro
2996 664 3253 720 insanius
3277 667 3387 721 dici
3419 672 3514 723 aut
3545 685 3632 723 co-

1933 747 2102 819 gitari
2132 753 2353 831 potest,
2376 750 2670 805 hominem
2715 751 2956 819 boletos,
2987 752 3223 824 orizam,
3254 755 3472 823 tubera,
3504 758 3630 827 pla-

1933 841 2145 905 centas,
2185 854 2498 905 carmnum,
2533 838 2719 910 piper,
2762 840 2930 907 laser,
2968 840 3215 896 distento
3261 847 3457 897 ventre
3500 861 3629 898 cum

1933 924 2316 994 gratulatione
2338 931 2680 996 ructantem,
2711 933 2766 983 et
2789 929 3047 1000 quotidie
3069 930 3202 984 talia
3222 931 3630 1001 requirentem,

1933 1029 2049 1068 non
2095 1012 2341 1069 inveniri
2386 1017 2873 1087 quemadmodum
2913 1034 2945 1071 a
2984 1018 3165 1073 tribus
3214 1020 3537 1090 signaculis,
3574 1019 3632 1074 id

1934 1106 2019 1155 est
2043 1118 2075 1156 a
2105 1104 2303 1173 regula
2326 1104 2639 1158 sanctitatis
2670 1104 2940 1160 excidisse
2970 1105 3257 1172 videatur;
3291 1107 3468 1161 alium
3499 1124 3633 1162 vero

1933 1190 2127 1262 fruges
2150 1192 2449 1247 vilissimas
2475 1194 2697 1247 fumoso
2725 1194 2964 1248 obsonio
2981 1196 3365 1263 condientem,
3389 1200 3635 1251 tantum-

1936 1295 2047 1349 que
2094 1280 2227 1334 hinc
2265 1287 2671 1348 assumentem,
2713 1287 2994 1353 quantum
3044 1284 3337 1338 refectioni
3384 1285 3638 1356 corporis

1934 1366 2161 1434 sufficit,
2203 1372 2259 1422 et
2286 1373 2400 1422 tres
2444 1370 2676 1439 cyathos
2715 1369 2832 1424 vini
2879 1372 3265 1425 sustentandae
3302 1373 3641 1428 valetudinis

1934 1456 2118 1527 gratia
2147 1458 2498 1524 sorbentem,
2532 1464 2589 1513 et
2618 1459 2689 1513 ab
2718 1458 2816 1513 illo
2849 1458 2999 1514 victu
3029 1460 3099 1514 ad
3131 1459 3305 1514 istum
3336 1465 3641 1517 transeun-

1936 1548 2074 1610 tem,
2103 1550 2255 1600 certo
2282 1546 2560 1618 supplicio
2592 1547 2941 1617 praeparari?

1941 1634 2166 1689 CAPUT
2198 1636 2329 1689 XIV.
2361 1665 2431 1675 —
2459 1636 2652 1689 Tribus
2684 1638 2863 1690 causis
2894 1636 3196 1690 abstinetur
3225 1637 3578 1692 laudabiliter
3608 1654 3643 1693 α

2408 1726 2570 1778 certis
2600 1724 2839 1779 ciborum
2867 1725 3169 1792 generibus.

2013 1812 2100 1864 3t.
2131 1812 2203 1864 At
2232 1810 2387 1865 enim
2416 1810 2495 1865 ait
2532 1813 2859 1882 Apostolus,
2892 1815 3095 1867 Bonum
3134 1817 3230 1880 est,
3272 1815 3497 1880 fratres,
3536 1830 3644 1868 non

1940 1899 2271 1955 manducare
2299 1915 2534 1969 carnem,
2572 1916 2741 1969 neque
2781 1902 2957 1955 bibere
2984 1904 3172 1956 vinum
3202 1904 3369 1971 (Rom.
3394 1918 3504 1970 xw,
3528 1905 3641 1971 2t).

1943 1987 2113 2051 Quasi
2131 1987 2572 2059 veroquisquam
2595 1992 2856 2043 nostrum
2876 1988 2935 2043 id
2948 1989 3164 2044 bonum
3188 1994 3360 2059 neget
3383 2007 3396 2044 :
3426 1990 3523 2045 sed
3548 1995 3649 2045 aut

1944 2091 2010 2129 eo
2031 2074 2148 2130 ﬁne
2169 2092 2339 2147 quem
2358 2075 2623 2146 superius
2646 2077 3108 2145 commemoravi,
3136 2078 3451 2133 secundum
3472 2094 3647 2149 quem

1946 2163 2170 2232 dicitur,
2187 2168 2259 2221 Et
2272 2168 2453 2221 carnis
2466 2182 2651 2221 curam
2662 2183 2728 2221 ne
2739 2169 2979 2233 feceritis
2998 2170 3056 2221 in
3068 2170 3509 2237 concupiscentiis
3525 2169 3645 2239 (1b.,

1946 2270 2064 2322 xm,
2102 2255 2180 2325 14)
2203 2270 2215 2307 :
2242 2258 2340 2309 aut
2368 2254 2449 2309 eis
2471 2272 2615 2326 quos
2644 2272 2843 2310 rursus
2869 2255 3025 2310 idem
3050 2256 3260 2311 Paulus
3285 2257 3562 2324 ostendit;
3592 2256 3649 2311 id

1948 2346 2051 2409 est,
2070 2347 2169 2397 aut
2187 2343 2544 2398 refrenandm
2566 2344 2716 2415 gulae
2737 2360 2927 2413 causa,
2954 2361 3083 2416 quae
3106 2343 3195 2399 his
3214 2344 3383 2398 rebus
3404 2345 3545 2399 solet
3566 2360 3653 2399 ra-

1947 2430 2135 2485 bidius
2160 2430 2707 2503 immoderatiusque
2750 2432 2993 2503 raptari;
3037 2436 3136 2487 aut
3164 2448 3236 2487 ne
3262 2435 3440 2489 frater
3470 2433 3648 2488 offen-

1950 2519 2137 2586 datur,
2171 2524 2270 2574 aut
2299 2519 2369 2573 ab
2399 2519 2644 2573 infirmis
2674 2520 2848 2574 idolio
2880 2520 3352 2576 communicetur.
3388 2523 3465 2575 Eo
3496 2520 3651 2576 enim

1950 2612 2226 2678 tempore,
2256 2624 2368 2678 quo
2388 2608 2510 2661 haec
2530 2608 2811 2662 scribebat
2835 2609 3159 2678 Apostolus,
3183 2609 3364 2662 multa
3393 2609 3656 2665 immola-

1950 2696 2076 2751 titia
2106 2712 2235 2750 caro
2262 2696 2321 2749 in
2351 2696 2592 2751 macello
2641 2696 3008 2750 vendebatur.
3046 2697 3110 2750 Et
3141 2696 3279 2767 quia
3319 2696 3452 2751 vino
3483 2698 3654 2751 etiam

1951 2785 2239 2840 libabatur
2266 2784 2375 2838 diis
2406 2784 2695 2852 Gentium,
2726 2784 2896 2838 multi
2924 2784 3126 2839 fratres
3157 2784 3525 2855 inﬁrmiores,
3555 2784 3654 2856 qui

1953 2871 2124 2926 etiam
2136 2870 2307 2925 rebus
2321 2871 2410 2925 his
2432 2871 2727 2927 venalibus
2755 2871 3083 2940 utebantur,
3105 2872 3654 2943 penitusacarnibus

1954 2975 2013 3015 se
2034 2963 2090 3013 et
2107 2960 2239 3014 vino
2263 2960 2528 3015 cohibere
2549 2961 2895 3024 maluerunt,
2924 2977 3097 3033 quam
3118 2962 3204 3015 vel
3226 2961 3540 3016 nescientes
3562 2962 3653 3016 in-

1953 3049 2139 3104 cidere
2170 3048 2233 3102 in
2262 3064 2387 3102 eam
2414 3065 2588 3119 quam
2619 3049 2900 3119 putabant
2926 3066 3057 3104 cum
3083 3049 3251 3105 idolis
3274 3051 3659 3106 communica-

1953 3138 2188 3192 tionem.
2214 3139 2455 3209 Propter
2475 3138 2581 3192 hos
2603 3142 2790 3193 autem
2812 3137 2984 3193 etiam
3002 3138 3042 3193 ii
3063 3138 3455 3210 quiﬁrmiores
3473 3142 3656 3206 erant,

1956 3231 2011 3281 et
2030 3227 2151 3282 haec
2179 3226 2385 3297 majori
2413 3226 2525 3281 ﬁde
2558 3228 2976 3282 contemnenda
3013 3227 3364 3297 judicarunt,
3415 3227 3657 3283 scientes

1956 3316 2099 3370 nihil
2119 3315 2487 3371 immundum
2516 3332 2635 3370 esse
2651 3315 2761 3370 nisi
2777 3332 2877 3386 per
2896 3316 3106 3370 malam
3128 3316 3555 3383 conscientiam,
3579 3319 3661 3371 te-

1956 3409 2271 3476 nentesque
2301 3405 2458 3459 illam
2489 3404 2717 3459 Domini
2738 3404 3099 3459 sententiam.
3126 3407 3245 3462 Non
3258 3405 3585 3473 quodintrat
3600 3406 3660 3459 in

1957 3508 2013 3548 os
2056 3499 2312 3559 vestrum,
2341 3508 2433 3547 vos
2461 3495 2796 3562 coinquinat,
2848 3493 2942 3547 sed
2981 3492 3125 3561 quod
3152 3495 3267 3547 emit
3309 3492 3531 3563 (Matth.
3563 3507 3654 3561 xv,

1963 3582 2078 3650 ll);
2119 3584 2311 3635 tamen
2348 3584 2583 3651 propter
2619 3580 2723 3634 hos
2765 3580 3134 3643 inﬁrmiores,
3178 3596 3246 3635 ne
3297 3579 3660 3635 offenderen-

1960 3672 2075 3735 tur,
2134 3668 2206 3722 ab
2254 3668 2343 3722 his
2400 3668 2570 3721 rebus
2625 3666 2909 3721 abstinere
2958 3667 3260 3722 debebant.
3310 3669 3503 3739 Neque
3550 3669 3663 3724 hoc

1962 3755 2282 3828 suspicione
2322 3755 2631 3826 colligitur,
2681 3757 2772 3810 sed
2821 3756 2881 3810 in
2911 3756 3048 3827 ipsis
3096 3756 3355 3826 Apostoli
3398 3756 3665 3828 Epistolis

1964 3844 2263 3900 manifeste
2291 3844 2599 3899 invenitur.
2631 3845 2740 3898 Vos
2770 3844 2925 3899 enim
2957 3846 3063 3899 hoc
3089 3845 3274 3899 solum
3292 3845 3457 3900 nobis
3477 3844 3662 3901 dicere

1962 3933 2174 4003 soletis,
2222 3936 2427 3988 Bonum
2474 3938 2571 4000 est,
2617 3936 2845 4002 fratres,
2886 3949 2993 3988 non
3039 3932 3376 3989 manducare
3426 3950 3661 4001 carnem,

1963 4038 2132 4091 neque
2162 4023 2338 4077 bibere
2362 4025 2547 4077 vinum
2563 4040 2580 4088 ;
2608 4038 2723 4076 non
2745 4026 2939 4076 autem
2964 4021 3309 4092 subjungere
3337 4022 3479 4076 illud
3512 4023 3666 4094 quod

1966 4111 2245 4182 sequitur,
2276 4126 2444 4179 neque
2471 4112 2529 4164 in
2557 4126 2659 4178 quo
2686 4112 2866 4177 frater
2893 4114 3015 4165 tuus
3035 4109 3349 4178 offenditur,
3384 4115 3480 4165 aut
3504 4126 3667 4165 scan-

136 4201 297 4257 adeo
343 4217 443 4255 vos
488 4215 611 4253 esse
660 4215 859 4269 caecos,
906 4199 1048 4270 quin
1084 4198 1250 4253 illum
1289 4198 1359 4253 de
1407 4214 1577 4269 parco
1610 4196 1773 4251 lardo
1804 4200 1859 4251 et
1966 4202 2262 4265 dalizatur,
2312 4204 2409 4254 aut
2438 4201 2768 4269 inﬁrmatur.
2813 4199 2952 4253 Hinc
2984 4198 3139 4252 enim
3169 4198 3353 4253 elucet
3393 4215 3507 4270 quo
3552 4199 3667 4256 ﬁne

135 4289 308 4352 vino,
342 4288 474 4343 huic
498 4287 715 4359 gurgiti
741 4286 1075 4358 prmferatis.

220 4380 313 4433 30.
350 4378 433 4432 Ita
461 4377 695 4449 quidem
718 4376 927 4431 veritas
952 4375 1135 4447 cogit;
1167 4375 1266 4430 sed
1297 4378 1482 4429 vester
1510 4390 1672 4429 error
1693 4374 1860 4443 longe

136 4466 322 4522 aliter
369 4466 539 4521 canit.
597 4466 818 4521 Electus
874 4463 1033 4520 enim
1079 4468 1263 4518 vester
1314 4463 1496 4518 tribus
1554 4462 1861 4534 signaculis

134 4554 522 4628 praedicatus,
555 4554 603 4609 si
631 4553 888 4626 quotidie
921 4554 1001 4608 ita
1026 4553 1197 4620 vivat,
1231 4556 1294 4607 ut
1320 4551 1414 4606 hic
1453 4566 1624 4622 quem
1662 4553 1861 4620 poste-

134 4643 276 4698 rius
308 4643 731 4714 descripsimus,
764 4643 836 4697 ab
867 4658 1009 4710 uno,
1040 4645 1097 4696 et
1123 4640 1361 4695 fortasse
1392 4639 1615 4694 duobus
1643 4637 1864 4709 gravio-

133 4731 317 4788 ribus
369 4732 712 4801 reprehendi
769 4734 972 4802 potest,
1031 4729 1292 4784 damnari
1344 4732 1533 4782 autem
1587 4732 1863 4798 tanquam

134 4819 441 4890 signaculi
471 4819 855 4890 dissignator”
898 4817 1135 4873 omnino
1166 4833 1283 4872 non
1330 4819 1533 4888 potest.
1567 4815 1626 4870 Si
1672 4819 1865 4869 autem

134 4909 342 4964 semel
389 4924 519 4961 cum
568 4908 667 4962 illo
708 4908 900 4977 priore
949 4906 1277 4975 cmnaverit,
1324 4906 1618 4975 frustoque
1670 4918 1864 4975 perna:

131 4997 244 5051 vel
271 4995 509 5049 rancide
544 4995 702 5049 labra
741 4995 988 5061 unxerit,
1031 4998 1086 5048 et
1125 5010 1310 5065 vappa
1336 4991 1616 5056 udaverit,
1651 4991 1868 5045 solutor

134 5083 447 5155 signaculi
477 5087 533 5137 et
561 5083 839 5153 gehennae
870 5084 1022 5137 illico
1054 5083 1391 5149 destinatus,
1423 5080 1596 5135 vestri
1620 5078 1866 5133 auctoris

136 5172 473 5240 sententia,
516 5172 857 5228 mirantibus
902 5172 1084 5240 vobis,
1132 5172 1231 5226 sed
1274 5176 1468 5226 tamen
1516 5167 1867 5223 consentien-

220 5357 240 5391 ί
271 5354 400 5403 Mss.
419 5367 509 5402 sex
531 5353 712 5416 proba:
734 5357 893 5413 notze,
915 5357 1009 5416 aut
1028 5352 1190 5416 tribus
1211 5352 1433 5416 minime
1451 5351 1677 5402 meracis
1692 5352 1868 5413 potio-

137 5417 336 5469 nibus.
371 5416 471 5464 Alii
499 5414 621 5471 tres,
653 5419 744 5467 aut
769 5416 933 5477 tribus
954 5415 1073 5465 vini
1096 5414 1423 5477 potionibus.

218 5480 242 5513 9
270 5478 384 5536 ΕΓ..
408 5478 710 5543 dissipator.
735 5478 881 5543 Lov,,
901 5476 1028 5543 dissi

132 5543 375 5605 gnator.
401 5540 501 5590 Alii
526 5540 752 5604 quatuor
780 5540 994 5600 habent,
1019 5540 1349 5602 designator.

1103 5472 1222 5526 iter.
1245 5476 1311 5525 At
1334 5476 1456 5525 Mss.
1474 5477 1693 5537 septem,
1713 5472 1869 5524 dissi-

1967 4289 2269 4360 Apostolus
2298 4288 2421 4341 haec
2445 4287 2835 4358 prmeipiebat.

2040 4380 2127 4433 32.
2173 4375 2403 4431 Planius
2445 4376 2553 4430 hoc
2601 4376 2855 4430 indicant
2898 4375 3195 4447 superiora
3246 4377 3302 4429 et
3348 4374 3667 4446 sequentia,

1971 4482 2098 4537 quae
2139 4480 2586 4519 commemorare
2624 4464 2862 4536 longum
2893 4468 2979 4518 est
3023 4462 3277 4534 quidem,
3309 4462 3407 4517 sed
3436 4468 3672 4534 propter

1970 4571 2083 4621 eos,
2117 4553 2218 4623 qui
2246 4553 2316 4607 ad
2345 4552 2563 4607 divinas
2592 4552 2911 4623 Scripturas
2939 4550 3209 4621 legendas
3238 4555 3295 4605 et
3319 4555 3670 4621 pertractan-

1972 4644 2071 4698 das
2101 4641 2251 4713 pigri
2280 4646 2433 4711 sunt,
2465 4646 2653 4697 totum
2682 4641 2857 4695 istum
2886 4640 3077 4694 locum
3106 4643 3358 4695 retexere
3388 4641 3667 4709 cogimur.

1972 4735 2251 4801 Inﬁrmum
2276 4735 2455 4785 autem
2481 4732 2540 4784 in
2566 4730 2672 4799 ﬁde
2696 4731 2974 4795 assumite,
3016 4728 3223 4800 inquit,
3260 4744 3365 4784 non
3407 4732 3463 4783 in
3493 4731 3673 4786 disce-

1967 4821 2308 4891 ptationibus
2341 4820 2745 4888 cogitationum.
2780 4818 2942 4872 Atius
2980 4819 3121 4872 enim
3149 4818 3320 4872 credit
3346 4820 3677 4874 manducare

1974 4912 2186 4965 omnia:
2233 4911 2330 4978 qui
2371 4912 2550 4962 autem
2588 4910 2836 4977 inﬁrmus
2875 4910 2974 4977 est,
3005 4908 3119 4962 olus
3152 4907 3455 4962 manducet.
3496 4910 3551 4963 Is
3582 4910 3678 4976 qui

1974 4998 2286 5063 manducat,
2326 5012 2431 5050 non
2471 4995 2885 5050 manducantem
2923 5010 3030 5050 non
3067 5001 3325 5065 spernat:
3357 5000 3408 5049 et
3450 4997 3546 5064 qui
3573 5011 3678 5050 non

1975 5087 2288 5147 manducat,
2330 5084 2743 5138 manducantem
2774 5098 2878 5138 non
2902 5084 3141 5153 judicet;
3174 5088 3313 5139 Deus
3353 5086 3493 5137 enim
3526 5085 3678 5139 illum

1977 5176 2289 5243 assumpsit.
2332 5175 2409 5227 Tu
2442 5175 2564 5242 quis
2593 5187 2664 5234 es,
2700 5173 2797 5240 qui
2808 5172 3029 5240 judicas
3051 5174 3287 5227 alienum
3307 5187 3517 5226 servum
3534 5172 3679 5228 ?Suo

1978 5264 2201 5317 Domino
2233 5265 2363 5327 stat,
2398 5264 2497 5317 aut
2539 5260 2720 5314 cadit:
2748 5260 2918 5315 stabit
2963 5265 3172 5327 autem;
3216 5263 3404 5329 potens
3436 5265 3513 5315 est
3539 5263 3679 5316 enim

1980 5352 2121 5404 Deus
2150 5352 2385 5402 statuere
2407 5348 2578 5401 illum.
2604 5349 2744 5404 Nam
2770 5349 2913 5402 alius
2931 5348 3149 5417 judicat
3173 5348 3314 5401 diem
3344 5350 3488 5403 inter
3513 5350 3676 5417 diem,

1982 5438 2124 5491 alius
2164 5436 2385 5505 judicat
2432 5451 2636 5490 omnem
2679 5435 2850 5490 diem:
2887 5437 3258 5504 unusquisque
3290 5437 3351 5490 in
3387 5451 3482 5491 suo
3522 5452 3681 5494 sensu

1985 5524 2239 5580 abundet.
2259 5524 2364 5591 Qui
2388 5526 2536 5595 sapit
2554 5524 2717 5593 diem,
2738 5526 2960 5581 Domino
2980 5526 3159 5593 sapit:
3182 5527 3232 5579 et
3253 5527 3349 5595 qui
3364 5527 3677 5596 manducat,
