4036 6182
415 316 553 370 1359

411 439 641 492 Domino
668 436 1003 504 manducat;
1032 436 1245 503 gratias
1271 434 1419 486 enim
1455 433 1572 501 agit
1612 433 1733 486 Deo.
1768 431 1832 484 Et
1873 432 1971 498 qui
1998 444 2109 483 non

330 508 337 513 ’
414 530 729 595 manducat,
761 529 991 582 Domino
1020 541 1131 578 non
1172 523 1486 589 manducat,
1518 525 1566 574 et
1592 523 1807 589 gratias
1834 522 1951 589 agit
1992 520 2108 573 Deo.

411 619 577 673 Nemo
594 619 755 670 enim
784 620 1035 670 nostrum
1049 614 1155 666 sibi
1168 614 1321 678 vivit,
1348 616 1396 664 et
1416 627 1569 663 nemo
1582 611 1688 663 sibi
1712 611 1973 663 moritur.
1993 608 2116 663 Sive

412 710 559 761 enim
589 709 843 773 vivimus,
874 706 1102 758 Domino
1132 704 1400 770 vivimus;
1421 702 1531 753 sive
1558 702 1854 765 morimur,
1884 699 2114 752 Domino

413 799 708 851 morimur.
742 794 864 849 Sive
889 795 1037 846 enim
1060 794 1315 859 vivimus,
1338 792 1446 843 sive
1462 792 1756 853 morimur,
1779 788 2001 841 Domini
2027 801 2116 839 su-

410 900 552 937 mus.
574 885 639 937 In
659 883 753 936 hoc
774 885 923 936 enim
944 881 1199 938 Christus
1221 885 1269 933 et
1293 882 1431 933 vixit
1454 879 1493 943 ί,
1519 882 1567 931 et
1585 881 1837 930 mortuus
1856 880 1949 943 est,
1968 880 2015 927 et
2035 889 2116 926 re-

408 974 629 1025 surrexi
634 975 799 1035 t,utet
811 974 1062 1025 vivorum
1073 974 1121 1022 et
1138 973 1486 1023 mortuorum
1495 968 1826 1020 dominetur.
1840 966 1916 1018 Tu
1932 968 2115 1017 auarm

408 1063 544 1130 quid
550 1061 771 1129 judicas
790 1062 1028 1128 fratrem
1051 1064 1247 1113 tuum?
1266 1062 1367 1111 aut
1385 1062 1445 1109 tu
1464 1071 1635 1125 quare
1651 1056 1861 1123 spernis
1880 1054 2116 1121 fratrem

412 1156 608 1204 tuum?
628 1152 819 1205 Omnes
839 1152 987 1203 enim
1006 1149 1273 1202 stabimus
1292 1152 1421 1200 ante
1438 1146 1691 1199 tribunal
1706 1146 1816 1197 Dei.
1838 1142 2116 1210 Scriptum

408 1244 483 1292 est
509 1241 658 1292 enim
696 1240 821 1309 (Isa.
865 1253 987 1301 XLV,
1020 1236 1110 1306 23,
1155 1235 1285 1305 24):
1336 1236 1455 1288 Vivo
1498 1250 1608 1301 ego,
1648 1234 1780 1285 dicit
1826 1232 2112 1293 Dominus,

408 1330 674 1395 quoniam
704 1327 844 1381 mihi
869 1330 1113 1396 [lectetur
1135 1341 1293 1378 omne
1317 1340 1482 1392 genu,
1514 1327 1561 1374 et
1575 1320 1923 1388 conﬁtebitur
1938 1321 2117 1373 omnis

410 1418 605 1484 lingua
633 1418 754 1470 Deo.
789 1418 978 1483 Itaque
1018 1415 1396 1481 unusquisque
1430 1415 1684 1464 nostrum
1720 1426 1819 1478 pro
1855 1425 1909 1461 se
1936 1410 2116 1462 ratio-

409 1521 535 1558 nem
563 1506 744 1557 reddet
772 1506 893 1558 Deo.
923 1504 1046 1556 Non
1062 1518 1186 1570 ergo
1215 1502 1455 1569 amplius
1478 1501 1708 1553 invicem
1731 1498 2112 1566 dijudicemus,

408 1595 497 1647 sed
527 1594 620 1647 hoc
648 1594 895 1660 judicate
932 1593 1127 1659 magis,
1162 1606 1227 1643 ne
1261 1590 1482 1658 ponatis
1515 1588 1903 1654 o/fendiculum
1942 1587 2118 1654 fratri

410 1682 494 1736 vel
505 1683 849 1736 scandalum.
873 1680 993 1735 Scio
1019 1684 1067 1732 et
1084 1679 1288 1746 conﬁdo
1303 1680 1366 1731 in
1380 1679 1611 1731 Domino
1634 1677 1779 1743 Jesu,
1812 1678 1946 1743 quia
1970 1676 2117 1729 nihil

408 1785 695 1823 commune
715 1784 817 1837 per
834 1770 1036 1836 ipsum,
1058 1769 1171 1819 nisi
1189 1769 1239 1819 ei
1265 1767 1363 1833 qui
1384 1766 1662 1818 existimat
1681 1764 1815 1830 quid
1832 1779 2118 1817 commune

410 1874 531 1926 esse,
554 1859 644 1911 illi
666 1872 951 1910 commune
969 1860 1063 1908 est.
1090 1855 1153 1910 Si
1175 1857 1323 1908 enim
1334 1858 1562 1923 propter
1578 1854 1761 1906 cibum
1783 1853 1967 1920 frater
1990 1857 2117 1906 tuus

408 1949 792 2014 contristatur,
809 1947 1047 2013 nonjam
1057 1944 1358 1997 secundum
1367 1943 1527 1997 chari
1533 1947 1695 1996 tatem
1705 1942 1974 1996 ambulas.
1989 1942 2119 1995 Noli

409 2035 522 2090 cibo
566 2039 656 2087 tuo
698 2034 921 2102 perdere
961 2034 1143 2096 illum,
1168 2047 1272 2099 pro
1299 2047 1405 2098 quo
1447 2030 1697 2086 Christus
1732 2034 1985 2083 mortuus
2020 2034 2113 2084 est.

410 2125 533 2179 Non
561 2138 683 2192 ergo
701 2122 1101 2191 blasphemetur
1120 2121 1321 2174 bonum
1342 2124 1614 2173 nostrum.
1634 2120 1756 2173 Non
1780 2123 1856 2172 est
1882 2134 2117 2187 regnum

411 2214 507 2268 Dei
556 2228 670 2265 esca
717 2216 764 2264 et
794 2214 975 2278 potus,
1019 2210 1108 2262 sed
1140 2210 1369 2277 justitia
1412 2212 1461 2260 et
1506 2223 1614 2275 par
1654 2211 1703 2261 et
1740 2208 2011 2276 gaudium
2052 2209 2116 2261 in

409 2302 628 2371 Spiritu
669 2303 877 2354 sancto.
921 2298 1027 2364 Qui
1053 2300 1202 2352 enim
1228 2299 1291 2351 in
1333 2296 1426 2350 hoc
1460 2299 1627 2350 servit
1668 2296 1901 2365 Christo,
1940 2298 2116 2365 placet

413 2392 539 2456 Deo,
578 2392 627 2441 et
649 2388 919 2456 probatus
954 2391 1031 2439 est
1065 2385 1397 2449 hominibus.
1441 2386 1630 2451 Itaque
1668 2399 1787 2451 qua
1806 2385 1959 2451 pacis
1985 2387 2118 2436 sunt

413 2482 696 2539 sectemur,
744 2479 791 2527 et
833 2489 953 2542 qua
992 2475 1367 2541 aediﬁcationis
1411 2476 1544 2525 sunt
1590 2474 1655 2525 in
1686 2474 1935 2525 invicem.
1989 2473 2117 2525 Noli

408 2568 631 2633 propter
659 2578 831 2616 escam
851 2563 1125 2615 destruere
1145 2577 1276 2631 opus
1295 2562 1410 2615 Dei.
1442 2561 1642 2617 Omnia
1662 2561 1881 2627 quidem
1908 2561 2117 2613 munda

407 2656 559 2720 sunt,
589 2652 679 2705 sed
707 2652 923 2703 malum
949 2654 1023 2703 est
1055 2649 1271 2703 homini
1296 2650 1396 2715 qui
1407 2663 1507 2716 per
1525 2648 1863 2713 o/fensionem
1882 2647 2117 2700 mandu-

408 2744 516 2793 cat.
546 2740 761 2794 Bonum
790 2742 866 2792 est
906 2753 1018 2791 non
1055 2737 1393 2791 manducare
1426 2751 1670 2800 carnem,
1702 2740 1750 2788 et
1791 2751 1901 2789 non
1944 2736 2117 2790 bibere

409 2830 623 2896 vinum,
657 2843 828 2895 neque
857 2828 918 2880 in
945 2841 1054 2894 quo
1077 2827 1257 2894 frater
1284 2830 1410 2878 tuus
1430 2825 1743 2893 offenditur,
1774 2828 1873 2877 aut
1892 2825 2117 2878 scanda-

413 2918 641 2983 lizatur,
690 2920 791 2971 aut
822 2918 1170 2983 inﬁrmatur.
1211 2915 1291 2968 Tu
1330 2914 1490 2982 ﬁdem
1535 2913 1691 2967 habes
1725 2927 1887 2981 penes
1931 2917 2114 2966 temet-

410 3006 611 3072 ipsum,
662 3002 795 3057 habe
839 3019 1026 3057 coram
1070 3004 1191 3056 Deo.
1238 3003 1433 3057 Beatus
1477 3004 1576 3070 qui
1620 3017 1733 3055 non
1766 3001 1985 3068 judicat
2031 3016 2114 3053 se—

415 3094 701 3161 metipsum
746 3094 809 3146 in
847 3108 903 3145 eo
945 3092 1093 3160 quod
1123 3091 1341 3160 probat.
1391 3090 1498 3157 Qui
1533 3094 1718 3145 autem
1753 3091 2032 3156 discernit,
2067 3091 2117 3142 si

417 3181 827 3234 manducaverit
867 3181 1166 3235 damnatus
1211 3184 1305 3248 est,
1355 3181 1491 3247 quia
1531 3195 1643 3233 non
1691 3195 1754 3233 ea:
1786 3180 1904 3247 ﬁde.
1951 3178 2118 3233 Omne

412 3273 597 3323 autem
625 3268 768 3336 quod
796 3284 907 3321 non
944 3273 1017 3321 est
1046 3285 1109 3321 ea:
1133 3269 1253 3336 ﬁde,
1281 3272 1567 3337 peccatum
1593 3272 1687 3322 est.
1722 3268 1979 3322 Debemus
2006 3283 2115 3320 au-

415 3363 519 3412 tem
538 3373 635 3411 nos
652 3359 922 3425 ﬁrmiores
946 3358 1338 3411 imbecillitates
1367 3359 1726 3425 inﬁrmorum
1752 3359 2038 3425 sustinere,
2069 3360 2117 3408 et

413 3462 526 3501 non
565 3446 718 3500 nobis
753 3447 985 3516 placere.
1035 3447 1413 3514 Unusquisque
1448 3450 1701 3499 nostrum
1732 3447 1985 3515 proximo
2018 3461 2116 3499 suo

403 3537 616 3605 placeat
644 3537 707 3589 in
741 3535 963 3604 bonum,
1004 3535 1076 3589 ad
1108 3536 1575 3603 ludiﬁcationem”.
1615 3535 1829 3589 Etenim
1867 3534 2118 3590 Christus

412 3640 523 3679 non
545 3624 650 3678 sibi
670 3625 885 3693 placuit
916 3624 1087 3696 (Rom.
1116 3640 1226 3682 XIV.
1257 3628 1307 3678 el
1333 3639 1425 3694 xv,
1456 3622 1597 3694 1-3).

482 3714 570 3768 33.
610 3711 835 3767 Satisne
885 3716 1125 3784 apparet
1171 3712 1511 3784 Apostolum
1558 3710 1638 3766 eis
1674 3710 2013 3783 praecepisse
2053 3715 2117 3766 ut

412 3817 607 3856 carnes
636 3817 754 3856 non
782 3802 1216 3871 manducarent,
1246 3816 1435 3873 neque
1470 3800 1670 3856 vinum
1698 3799 1961 3855 biberent
1986 3799 2114 3871 qui-

410 3906 658 3962 cumque
701 3890 985 3945 tirmiores
1025 3893 1234 3957 essent,
1274 3890 1412 3960 quia
1444 3889 1706 3943 inﬁrmos
1748 3888 2117 3944 offendebant

411 3993 532 4033 non
563 3977 645 4032 eis
673 3977 1061 4048 congruendo,
1093 3980 1153 4032 et
1178 3976 1463 4032 faciebant
1487 3979 1553 4031 ut
1595 3980 1864 4048 putarent
1892 3992 1990 4031 eos
2014 3976 2116 4049 qui

410 4066 524 4123 ﬁde
546 4064 741 4121 omnia
765 4065 982 4121 munda
997 4064 1355 4138 judicabant,
1376 4064 1438 4120 in
1458 4064 1799 4137 obsequium
1824 4064 2115 4121 idolorum

410 4172 445 4211 a
467 4154 676 4211 talibus
697 4153 882 4226 epulis
911 4158 968 4209 et
996 4158 1137 4225 potu
1163 4154 1315 4209 nolle
1344 4152 1664 4209 abstinere?
1692 4154 1805 4209 Hoc
1835 4152 2117 4225 signiﬁcat
2166 4144 2182 4159 ’

410 4250 468 4300 et
494 4244 566 4299 ad
610 4242 935 4300 Corinthios
971 4242 1079 4298 hoc
1121 4242 1292 4298 modo
1337 4236 1623 4298 scribens:
1672 4244 1745 4297 De
1771 4245 1899 4297 escis
1930 4247 2112 4297 autem

407 4335 806 4401 sacriﬁciorum
833 4348 953 4401 quae
978 4333 1138 4386 idolis
1168 4333 1554 4402 immolantur,
1578 4334 1779 4386 scimus
1806 4333 1939 4400 quia
1965 4331 2114 4386 nihil

408 4427 485 4476 est
506 4423 716 4476 idolum
742 4424 805 4476 in
836 4421 1064 4487 mundo,
1096 4424 1146 4474 et
1173 4422 1317 4490 quod
1369 4422 1562 4475 nullus
1600 4423 1740 4476 Deus
1787 4422 1900 4475 nisi
1943 4436 2109 4474 unus.

408 4512 555 4565 Nam
595 4512 693 4564 etsi
728 4514 863 4564 sunt
897 4510 996 4577 qui
1040 4510 1306 4563 dicantur
1345 4510 1448 4578 dii,
1489 4511 1600 4563 sive
1640 4511 1703 4563 in
1738 4509 1881 4575 calo,
1913 4509 2022 4560 sive
2050 4508 2112 4559 in

412 4604 594 4667 terra;
625 4599 775 4653 nobis
804 4602 986 4651 tamen
1024 4613 1173 4651 unus
1209 4599 1351 4652 Deus
1376 4598 1560 4666 Pater,
1591 4613 1654 4652 ea;
1690 4613 1795 4664 quo
1822 4597 2030 4664 omnia,
2061 4600 2109 4648 el

406 4703 504 4741 nos
530 4689 592 4741 in
622 4689 736 4756 illo,
777 4690 826 4741 et
856 4702 1003 4739 unus
1029 4687 1299 4741 Dominus
1341 4687 1493 4740 Iesus
1525 4685 1794 4753 Christus,
1823 4701 1921 4755 per
1948 4700 2108 4752 quem

405 4778 613 4844 omnia,
644 4780 694 4828 et
720 4790 816 4829 nos
838 4789 939 4843 per
966 4776 1168 4843 ipsum.
1201 4775 1304 4831 Sed
1331 4790 1442 4829 non
1466 4776 1529 4833 in
1552 4774 1807 4829 omnibus
1835 4778 1908 4828 est
1935 4776 2108 4828 scien-

408 4867 504 4918 tia.
541 4862 776 4929 Quidam
812 4867 998 4918 autem
1026 4865 1090 4917 in
1129 4864 1457 4917 conscientia
1484 4877 1588 4917 sua
1624 4878 1793 4930 usque
1830 4862 2009 4916 adhuc
2045 4861 2109 4917 in

403 4954 570 5008 idolio
596 4954 758 5021 quasi
798 4951 1168 5020 idolothytum
1198 4953 1558 5020 manducant,
1589 4956 1639 5004 et
1664 4953 1992 5005 conscientia
2019 4967 2108 5005 eo—

404 5057 536 5096 rum
562 5058 690 5096 cum
716 5043 790 5095 sit
816 5042 1066 5109 inﬁrma,
1108 5043 1468 5108 inquinatur.
1499 5042 1636 5096 Esca
1658 5044 1845 5094 autem
1873 5056 1970 5093 nos
1997 5055 2108 5094 non

401 5131 740 5185 commendat
766 5130 890 5185 Deo.
920 5131 1102 5198 Neque
1129 5132 1278 5183 enim
1296 5132 1346 5183 si
1372 5129 1907 5196 manducaverimus,
1935 5128 2109 5180 abun-

400 5220 691 5290 dabimus;
741 5234 912 5288 neque
956 5221 1007 5273 si
1034 5234 1147 5272 non
1191 5219 1728 5288 manducaverimus,
1781 5215 2103 5285 deﬁciemus.

414 5308 582 5364 Videte
617 5312 805 5364 autem
830 5324 898 5363 ne
936 5309 1077 5376 forte
1115 5306 1221 5361 haec
1260 5307 1481 5363 licentia
1518 5312 1696 5363 vestra
1720 5307 2106 5375 o/Tendiculum

464 5455 658 5512 1Editi.
690 5458 743 5505 et
760 5454 904 5505 vivit.
930 5455 1075 5515 Mss,
1115 5456 1164 5506 et
1186 5453 1327 5506 vixit
1348 5469 1367 5503 :
1394 5468 1553 5518 porro
1587 5459 1837 5505 neutrum
1870 5452 1956 5503 hic
1998 5452 2103 5502 loci

404 5518 650 5581 inqsacris
673 5518 950 5581 Codicibus
967 5518 1244 5581 reperitur,

464 5579 486 5614 ³
510 5580 634 5630 Mss.
664 5591 872 5638 novem,
890 5578 1101 5644 placeat
1118 5578 1189 5631 ad
1218 5578 1416 5631 bonam
1442 5578 1862 5633 aediﬁcationem.

1378 309 1472 363 DE
1512 306 1823 363 MORIBITS
1863 304 2439 372 MANICHIEOBUM,
2481 305 2535 361 S.
2580 303 2964 362 AUGUSTINI

3804 312 3825 363 ί
3838 312 3932 363 360

2220 434 2317 499 ﬁat
2346 432 2603 497 inﬁrmis.
2637 429 2701 485 Si
2728 432 2877 484 enim
2905 431 3028 497 quis
3061 430 3261 483 viderit
3290 445 3415 483 eum
3441 432 3541 497 qui
3570 430 3737 484 habet
3765 435 3930 485 scim-

2228 521 2383 586 tiam,
2405 520 2467 571 in
2486 518 2650 571 idolio
2672 518 3087 582 recumbenlem,
3112 518 3294 571 no'nne
3310 520 3643 573 conscientia
3665 522 3791 586 Qus
3822 536 3932 573 cum

2222 610 2293 662 sit
2322 609 2569 675 inﬁrma,
2611 607 2973 674 .vdiﬁcabitur
3008 608 3083 660 ad
3108 608 3565 662 manducandum
3604 608 3929 677 idolothyta,

2222 700 2271 749 et
2284 697 2484 764 peribit
2498 698 2758 763 inﬁrmus
2770 698 2833 749 in
2858 700 2954 749 tua
2972 700 3300 750 conscientia
3316 698 3517 765 frater,
3530 702 3774 766 propter
3792 714 3932 765 quem

2224 786 2472 840 Christus
2498 788 2751 838 mortuus
2779 790 2891 838 est?
2919 786 3007 841 Sic
3026 791 3211 839 autem
3235 791 3511 854 peccantes
3539 789 3606 838 in
3633 787 3874 853 fratres,
3896 793 3933 837 et

2217 878 2577 944 percutientes
2584 877 2970 928 conscientiam
2980 877 3225 943 ipsorum
3240 878 3549 942 inﬁrmam,
3571 876 3635 928 in
3648 875 3930 930 Christum

2217 966 2465 1033 peccatis.
2499 964 2836 1033 Quapropter
2861 966 2911 1017 si
2936 980 3051 1017 esca
3078 965 3421 1017 scandalizat
3447 965 3702 1032 fratrem
3738 980 3931 1029 meum,

2224 1069 2336 1107 non
2367 1055 2702 1107 manducabo
2727 1068 2951 1107 carnem
2972 1056 3033 1107 in
3062 1058 3327 1107 aeternum
3347 1069 3416 1107 ne
3436 1055 3683 1122 fratrem
3705 1056 3934 1107 scanda-

2227 1144 2386 1197 lizem
2416 1142 2458 1211 (ι
2493 1143 2609 1197 Cor.
2645 1159 2761 1211 vui,
2795 1141 2826 1197 4
2854 1141 3008 1210 etc.).

2297 1230 2383 1286 34.
2417 1231 2559 1284 Item
2598 1231 2711 1285 alio
2738 1231 2893 1288 loco:
2933 1232 3074 1298 Quid
3108 1238 3269 1301 ergo?
3296 1233 3416 1286 dico
3444 1234 3591 1300 quod
3632 1234 3817 1286 idolis
3841 1237 3935 1286 im-

2225 1321 2493 1374 molatum
2520 1322 2591 1373 sil
2620 1320 2872 1388 aliquid?
2895 1325 2995 1374 aut
3016 1318 3193 1388 quod‘
3221 1322 3431 1375 idolum
3458 1324 3530 1374 sit
3550 1323 3835 1389 aliquid?
3853 1324 3934 1378 Sd

2225 1424 2344 1477 quae
2370 1410 2664 1462 immolant
2693 1409 2895 1473 Gentes,
2929 1410 3211 1463 dannoniis
3237 1411 3552 1478 immolant,
3586 1416 3637 1464 et
3672 1427 3799 1464 non
3829 1414 3932 1465 Deo.

2225 1498 2360 1552 Nolo
2388 1501 2572 1550 autem
2617 1513 2705 1550 vos
2731 1500 2896 1551 socios
2934 1500 3059 1565 ﬁeri
3098 1499 3515 1551 daemoniorum.
3557 1500 3693 1552 Non
3726 1506 3932 1568 potestis

2224 1587 2444 1639 calicem
2487 1587 2711 1639 Domini
2754 1587 2946 1654 bibere,
2988 1591 3037 1640 et
3070 1589 3295 1641 calicem
3330 1588 3759 1642 daemoniorum
3787 1609 3807 1643 :
3844 1606 3933 1642 non

2218 1677 2437 1743 potestis
2462 1690 2657 1728 mensae
2688 1677 2905 1745 Domini
2933 1678 3228 1744 participes
3255 1692 3379 1739 esse,
3412 1681 3461 1729 et
3503 1692 3719 1730 mensae
3747 1678 3935 1733 damo-

2226 1765 2472 1817 niorum.
2490 1763 2587 1817 An
2604 1766 2938 1817 aemulamur
2960 1764 3260 1818 Dominum
3274 1770 3298 1817 ν
3316 1765 3613 1832 Numquid
3628 1767 3743 1819 illo
3768 1768 3938 1834 fortio-

2226 1868 2311 1905 res
2337 1867 2530 1905 sumus
2546 1858 2571 1906 ?
2600 1853 2799 1907 Omnia
2819 1853 2960 1907 mihi
2989 1855 3142 1907 licita
3159 1858 3311 1922 sunt,
3336 1854 3425 1907 sed
3444 1869 3557 1908 non
3576 1859 3791 1909 omnia
3815 1873 3936 1924 ape

2224 1942 2428 1995 diunt:
2457 1944 2648 1995 omnia
2667 1941 2811 1996 mihi
2828 1943 2978 1995 licita
3004 1947 3149 2010 lunt,
3180 1943 3271 1995 sed
3290 1956 3399 1996 non
3423 1942 3624 1996 omnia
3643 1945 3933 2012 sdiﬁcant.

2226 2030 2393 2082 Nemo
2421 2030 2565 2097 quod
2605 2045 2772 2083 suum
2800 2035 2875 2084 est
2901 2035 3134 2099 quaerat,
3165 2031 3255 2083 sed
3279 2031 3421 2098 quod
3458 2032 3734 2087 alterius.
3790 2034 3935 2088 Omne

2225 2119 2369 2186 quod
2398 2119 2461 2172 in
2488 2121 2709 2172 macello
2736 2122 2904 2189 venit,
2948 2120 3305 2188 manducate;
3352 2119 3501 2172 nihil
3524 2122 3933 2190 interrogante:

2223 2208 2442 2274 propter
2466 2208 2869 2259 conscientiam.
2902 2204 2963 2260 Si
2985 2208 3110 2273 quis
3135 2211 3323 2260 autem
3345 2206 3572 2272 diaterit,
3609 2208 3731 2261 Hoc
3758 2212 3935 2262 imum-

2228 2295 2407 2348 latum
2435 2299 2510 2348 est
2539 2294 2732 2363 idolis;
2766 2296 2933 2348 nolite
2970 2295 3328 2363 manducare,
3366 2300 3603 2365 propter
3644 2299 3825 2351 illum
3858 2299 3935 2365 qui

2225 2383 2458 2453 indicat,
2508 2387 2556 2435 et
2594 2388 2818 2452 propter
2852 2386 3273 2438 conscientiam:
3315 2387 3722 2440 conscientiam
3772 2394 3934 2440 autem

2224 2473 2361 2542 dico,
2393 2488 2505 2526 non
2532 2476 2706 2540 tuam,
2736 2473 2826 2526 sed
2859 2475 3109 2527 alterius.
3157 2474 3355 2541 thuid
3381 2476 3530 2528 enim
3568 2476 3812 2529 libertas
3841 2493 3932 2528 mea

2218 2562 2510 2630 iudicatur
2535 2562 2603 2614 ab
2631 2562 2747 2615 alia
2774 2564 3103 2616 conscientia
3120 2567 3144 2615 ?
3171 2562 3234 2618 Si
3260 2579 3351 2632 ego
3375 2579 3503 2616 cum
3524 2567 3737 2632 gratia
3761 2570 3930 2634 parti-

2224 2652 2359 2719 cipo,
2390 2651 2525 2717 quid
2567 2650 2905 2718 blasphemor
2933 2666 3038 2720 pro
3092 2666 3199 2718 quo
3242 2654 3458 2720 gratias
3487 2659 3638 2720 ago?
3665 2654 3799 2709 Sive
3830 2670 3935 2721 erga

2227 2739 2593 2807 manducalis,
2623 2741 2732 2793 sive
2749 2740 2951 2808 bibitis,
2978 2742 3057 2793 vel
3084 2740 3244 2793 aliud
3264 2741 3401 2807 quid
3425 2742 3645 2808 facitis,
3679 2746 3869 2796 omnia
3886 2744 3933 2793 in

2223 2830 2463 2896 gloriam
2483 2830 2579 2883 Dei
2595 2830 2776 2896 facile.
2800 2827 2930 2883 Sine
2953 2830 3240 2895 o/I‘ensione
3266 2833 3422 2882 estote
3447 2830 3667 2883 Juda’is
3687 2836 3739 2883 et
3761 2830 3931 2885 Gratis

2225 2922 2274 2970 et
2301 2918 2538 2970 Ecclesia
2564 2918 2678 2985 Dei,
2710 2920 2853 2971 sicut
2884 2922 2933 2970 et
2959 2934 3050 2986 ego
3088 2917 3342 2971 omnibus
3375 2933 3479 2985 per
3515 2922 3725 2972 omnia
3750 2923 3931 2987 pum,

2226 3021 2337 3060 non
2364 3021 2608 3073 quarens
2636 3007 2779 3073 quod
2815 3006 2957 3060 mihi
2986 3007 3123 3059 utile
3161 3010 3255 3074 est,
3291 3007 3381 3059 sed
3405 3008 3555 3073 quod
3610 3009 3831 3073 multis,
3880 3016 3930 3058 ut

2224 3096 2364 3148 salvi
2398 3098 2555 3162 ﬁant.
2604 3093 2911 3148 Imitatores
2952 3097 3061 3149 mei
3091 3098 3266 3160 estote,
3314 3095 3461 3148 sicut
3500 3100 3551 3147 et
3603 3111 3704 3164 ego
3744 3096 3926 3150 Christ:

2226 3184 2272 3253 (Ι
2302 3184 2424 3240 Cor.
2457 3200 2513 3251 x,
2549 3182 2740 3253 19-33,
2772 3188 2821 3237 el
2846 3199 2919 3252 xx,
2955 3182 3029 3255 1).

2298 3274 2386 3327 35.
2425 3273 2678 3343 Apparet
2704 3270 2903 3342 igitur,
2941 3276 3004 3326 ut
3029 3271 3255 3343 opinor,
3296 3287 3411 3343 quo
3446 3270 3569 3327 ﬁne
3602 3289 3640 3327 a
3679 3272 3927 3327 carnibus

2226 3364 2284 3415 et
2309 3376 2343 3414 a
2368 3359 2500 3415 vino
2530 3359 2604 3415 sit
2621 3359 3045 3415 abstinendum.
3072 3361 3125 3415 Is
3153 3359 3286 3414 linis
3303 3364 3386 3414 est
3406 3360 3651 3431 triplex.
3679 3362 3769 3416 Ad
3796 3376 3933 3414 eom-

2226 3448 2587 3520 primendam
2626 3447 3085 3515 delectationem,
3122 3464 3252 3520 quae
3280 3448 3343 3503 in
3381 3448 3471 3503 bis
3505 3449 3769 3505 maxime
3807 3448 3929 3504 cibis

2224 3536 2424 3593 haberi
2467 3537 2629 3601 solet,
2670 3541 2842 3609 atque
2875 3537 2937 3592 in
2964 3537 3065 3592 tali
3102 3542 3243 3608 potu
3281 3553 3466 3609 usque
3495 3538 3576 3593 ad
3609 3538 3929 3593 ebrietatem

2224 3625 2543 3697 pervenire.
2574 3625 2663 3681 Ad
2690 3625 2964 3682 tuendam
2985 3625 3402 3693 inﬁrmitatem,
3423 3631 3673 3698 propter
3689 3627 3789 3682 illa
3816 3643 3927 3698 qua:

2225 3714 2615 3781 sacriﬁcantur
2656 3719 2829 3786 atque
2867 3714 3141 3770 libantur.
3183 3715 3249 3770 Et
3284 3714 3442 3786 quod
3487 3715 3751 3770 maxime
3777 3731 3919 3769 com-

2226 3803 2621 3859 mendandum
2660 3808 2766 3871 est,
2804 3807 3039 3876 propter
3077 3801 3434 3870 charitatem,
3477 3818 3552 3858 ne
3584 3803 3921 3859 imbecillio-

2224 3908 2354 3947 rum
2384 3891 2454 3948 ab
2495 3892 2584 3947 his
2624 3891 3047 3947 continentium
3088 3890 3409 3947 offendatur
3446 3890 3794 3948 inﬁrmitas.
3825 3892 3917 3945 Vos

2224 3985 2419 4037 autem
2473 3980 2775 4037 immunda
2828 3996 2951 4036 esse
3014 3980 3251 4035 obsonia
3318 3978 3529 4047 dicitis,
3593 3995 3734 4036 cum
3787 3980 3917 4035 dicat

2222 4070 2526 4141 Apostolus
2554 4069 2750 4125 omnia
2778 4068 2997 4125 munda
3024 4084 3169 4136 esse,
3207 4068 3304 4124 sed
3334 4067 3390 4123 ei
3416 4067 3642 4124 malum
3682 4084 3809 4124 esse
3832 4068 3913 4140 qui

2223 4174 2327 4230 per
2380 4157 2757 4214 olfensionem
2811 4155 3140 4213 manducet.
3189 4157 3258 4212 Et
3308 4171 3546 4228 prorsus
3604 4157 3782 4212 credo
3832 4172 3917 4210 vos

2222 4245 2347 4300 istis
2376 4245 2562 4317 epulis
2580 4244 2895 4317 inquinari,
2918 4260 2986 4299 eo
3015 4244 3140 4317 ipso
3165 4259 3282 4317 quo
3302 4242 3608 4299 immunda
3631 4260 3759 4300 esse
3786 4244 3916 4299 arbi-

2223 4334 2476 4389 tramini.
2515 4334 2611 4389 Ait
2655 4332 2849 4389 enim:
2881 4333 3046 4389 Credo
3071 4338 3122 4387 et
3167 4332 3375 4401 conﬁdo
3403 4334 3467 4387 in
3502 4333 3749 4387 Domino
3791 4335 3913 4393 Jesu,

2221 4426 2355 4492 quia
2384 4423 2531 4478 nihil
2556 4438 2841 4477 commune
2865 4438 2961 4492 per
2975 4425 3189 4492 ipsum;
3206 4423 3297 4477 sed
3313 4424 3364 4476 ei
3388 4424 3491 4491 qui
3510 4425 3801 4477 eaistimat
3818 4425 3911 4475 ab-
3988 4488 3989 4505 χ

2220 4513 2356 4581 quid
2388 4528 2674 4567 commune
2699 4528 2822 4580 esse,
2864 4514 2955 4566 illi
2989 4527 3277 4566 commune
3314 4515 3408 4567 est.
3446 4510 3552 4565 Cui
3587 4515 3788 4567 autem
3824 4511 3911 4564 de.
3988 4534 3989 4545 ι

2222 4598 2385 4654 bium
2413 4604 2517 4667 est,
2542 4616 2848 4655 commune
2876 4600 3041 4655 illum
3069 4598 3433 4655 immundum
3465 4602 3523 4654 et
3552 4598 3907 4671 inquinatam

2224 4688 2491 4744 vocasse?
2519 4688 2629 4744 Sed
2656 4689 2894 4743 stultum
2937 4693 3021 4743 est
3048 4688 3339 4743 vobiscum
3364 4702 3534 4759 agere
3564 4687 3641 4743 de
3666 4687 3904 4760 Scripta—

2221 4776 2303 4832 ris
2346 4792 2477 4833 cum
2524 4781 2581 4832 et
2623 4776 2908 4832 rationem
2959 4776 3287 4847 pollicendo
3334 4774 3662 4847 decipiatis,
3726 4784 3787 4832 et
3828 4791 3903 4831 ms

2222 4865 2438 4933 Libros,
2490 4865 2549 4919 in
2598 4863 2806 4936 quibus
2847 4880 3057 4937 magna
3105 4868 3193 4920 est
3240 4863 3538 4936 religionis
3596 4866 3899 4923 auctoritas,

2217 4954 2373 5009 falsis
2402 4953 2680 5025 capitibus
2708 4952 2982 5008 immissis
3010 4958 3312 5025 corruptos
3361 4968 3483 5007 esse
3528 4952 3766 5009 dicatis.
3812 4954 3899 5009 Bs-

2216 5041 2376 5098 tione
2394 5041 2573 5113 igitur
2594 5042 2738 5096 mihi
2764 5041 3105 5114 persuadete
3130 5042 3420 5113 quomodo
3446 5047 3787 5097 vescentem
3812 5055 3897 5096 εε-
3984 5058 3985 5114 ᾖ

2216 5147 2317 5186 nes
2345 5129 2739 5202 coinquinent,
2778 5130 2826 5185 si
2849 5130 2973 5185 sine
3000 5130 3120 5186 ulla
3148 5129 3485 5198 offensione,
3524 5130 3656 5186 sine
3697 5133 3818 5188 ulla
3838 5132 3895 5184 is-

2214 5220 2381 5275 ﬁrma
2408 5217 2700 5290 opinione,
2733 5219 2853 5274 sine
2880 5218 3001 5274 ulla
3028 5218 3268 5275 libidine
3297 5220 3658 5274 sumuntur?

2343 5306 2566 5362 CAPUT
2598 5306 2711 5363 XV.
2740 5335 2810 5349 —
2835 5308 3002 5361 Esum
3028 5309 3294 5362 carnium
3324 5321 3427 5362 cur
3452 5307 3803 5363 interdicant

2910 5395 3219 5451 Maniclwi.
3982 5416 3983 5441 ξ

2287 5485 2381 5539 36.
2429 5482 2630 5555 Operae
2669 5481 2921 5556 pretium
2960 5486 3045 5539 est
3068 5487 3254 5541 totam
3289 5481 3706 5556 superstitiose
3751 5482 3898 5555 hnjas

2286 5582 2297 5613 ί
2322 5579 2444 5630 Mss.
2473 5592 2681 5644 novem,
2712 5591 2830 5633 non
2856 5579 3017 5644 quod.
