4008 6184
68 309 230 359 1361

46 427 456 485 abstinentiae
490 428 768 483 rationem
810 444 1162 501 cognoscere,
1198 447 1327 502 quae
1367 424 1445 486 ita
1485 432 1747 487 redditur
1778 447 1792 487 :

48 518 397 585 Quoniam,
437 516 647 588 inquit,
698 518 1022 573 membrum
1071 519 1172 573 Dei
1212 522 1495 576 malorum
1540 522 1798 576 substan-

48 607 174 661 tiae
207 606 593 661 commixtum
615 610 720 676 est,
740 611 804 661 ut
823 623 947 661 eam
972 608 1303 676 refrenaret,
1327 614 1497 681 atque
1521 627 1549 663 a
1571 627 1795 665 summo

49 696 285 750 furore
330 695 739 767 comprimeret
782 695 876 763 (sic
907 696 1060 750 enim
1110 697 1333 768 dicitis),
1380 698 1450 752 de
1496 699 1797 754 commixta

50 787 337 854 utraque
386 786 612 849 natura,
644 782 701 836 id
740 786 826 837 est
856 782 991 837 boni
1023 786 1078 836 et
1122 783 1280 852 mali,
1311 784 1558 839 mundus
1601 789 1686 839 est
1712 786 1794 839 fa-

48 872 358 925 bricatus.
394 873 530 951 Pars
558 875 753 925 autem
783 870 882 925 illa
908 870 1101 926 divina
1131 889 1195 926 ex
1224 873 1383 926 omni
1404 878 1564 943 parte
1592 874 1795 929 mundi

52 960 351 1031 quotidie
388 964 687 1031 purgatur,
734 964 785 1014 et
836 960 895 1014 in
944 977 1045 1014 sua
1086 977 1263 1032 regna
1309 962 1658 1016 resumitnr:
1700 964 1793 1017 sed

52 1049 203 1103 haec
244 1065 353 1120 per
388 1053 599 1102 terram
640 1049 929 1117 exhalans,
968 1054 1023 1105 et
1068 1051 1138 1105 ad
1176 1050 1382 1105 caelum
1414 1052 1671 1119 tendens,
1707 1051 1794 1106 in-

53 1138 267 1192 currit
292 1137 353 1191 in
383 1138 607 1207 stirpes,
636 1138 909 1209 quoniam
949 1139 1232 1193 radicibus
1262 1144 1427 1194 terra
1462 1140 1788 1211 aftiguntur,

54 1231 259 1297 atque
301 1226 383 1281 ita
425 1243 625 1281 omnes
666 1228 891 1293 herbas,
931 1232 987 1282 et
1028 1228 1255 1283 arbusta
1292 1229 1486 1284 omnia
1528 1230 1796 1285 fecundat

56 1322 132 1369 et
166 1319 421 1387 vegetat.
457 1315 594 1369 Hine
623 1316 892 1370 animalia
916 1317 1105 1371 cibum
1138 1318 1387 1390 capiunt,
1423 1335 1549 1389 qua:
1581 1319 1627 1371 si
1658 1334 1793 1372 con—

54 1406 387 1471 cumbunt,
416 1404 599 1475 ligant
621 1404 682 1458 in
708 1420 876 1458 carne
907 1406 1163 1461 divinum
1194 1407 1334 1461 illud
1364 1408 1708 1473 membrum,
1738 1410 1795 1461 et

53 1512 100 1547 a
134 1498 299 1548 certo
331 1510 433 1547 suo
464 1493 670 1548 itinere
702 1509 965 1549 aversum
992 1499 1161 1567 atque
1193 1496 1555 1567 impeditum,
1585 1496 1792 1550 errori-

54 1584 186 1637 bus
210 1582 931 1654 aerumnisqueimplicant.
952 1586 1149 1655 Itaque
1179 1585 1290 1639 cibi
1312 1585 1412 1656 qui
1438 1586 1507 1639 de
1529 1584 1791 1655 frugibus

54 1678 129 1727 et
162 1672 357 1743 pomis
386 1676 685 1743 parantur,
716 1672 761 1725 si
792 1673 861 1727 ad
891 1677 1134 1738 sanctos,
1155 1672 1213 1727 id
1244 1677 1328 1727 est
1358 1673 1427 1727 ad
1452 1672 1790 1728 Maniehzeos

52 1760 335 1826 veniant,
369 1776 471 1831 per
510 1776 707 1815 eorum
738 1760 1073 1828 castitatem,
1107 1766 1162 1815 et
1208 1762 1514 1828 orationes,
1558 1764 1613 1814 et
1641 1761 1789 1831 psal-

54 1864 228 1913 mos,
264 1849 545 1921 quidquid
575 1848 635 1903 in
666 1848 744 1902 eis
777 1854 861 1903 est
890 1851 1241 1904 luculentum
1274 1855 1329 1903 et
1360 1850 1617 1904 divinum
1648 1864 1788 1919 pur-

54 1941 252 2007 gatur
282 1939 323 2004 ί,
357 1937 414 1992 id
446 1942 529 1991 est
568 1954 635 1991 ex
666 1938 821 1991 omni
861 1942 1023 2007 parte
1061 1938 1375 2008 perficitur,
1412 1942 1473 1991 ut
1516 1939 1582 1992 ad
1614 1954 1791 2008 regna

57 2026 317 2097 propria
349 2025 472 2079 sine
502 2025 617 2078 ulla
648 2024 897 2080 sordium
941 2026 1275 2080 difficultate
1306 2026 1608 2080 referatur.
1650 2026 1789 2080 llinc

55 2118 163 2168 est
194 2114 353 2185 quod
384 2112 733 2168 mendicanti
763 2114 1008 2181 homini,
1040 2115 1138 2187 qui
1172 2114 1519 2169 manichzeus
1547 2130 1663 2168 non
1693 2114 1786 2180 sit,

55 2217 291 2273 panem
341 2202 428 2255 vel
472 2201 690 2273 aliquid
738 2202 994 2273 frugum,
1025 2203 1112 2256 vel
1161 2218 1371 2273 aquam
1414 2202 1618 2273 ipsam,
1661 2218 1789 2273 qua:

53 2290 348 2347 omnibus
377 2289 502 2344 vilis
533 2294 634 2359 est,
670 2291 794 2345 dari
826 2291 1172 2362 prohibetis;
1206 2307 1277 2345 ne
1309 2292 1631 2345 membrum
1665 2289 1785 2356 Dei,

58 2380 236 2453 quod
280 2381 369 2435 his
398 2380 567 2434 rebus
610 2379 928 2435 admixtum
960 2384 1062 2447 est,
1097 2380 1213 2434 suis
1254 2379 1499 2451 peccatis
1531 2379 1785 2433 sordida-

63 2475 201 2525 tum
235 2485 268 2521 a
299 2468 486 2524 reditu
522 2468 823 2539 impediat.

152 2562 241 2613 37.
276 2558 484 2613 Games
512 2562 705 2611 autem
729 2558 849 2626 jam
883 2557 952 2610 de
984 2556 1120 2627 ipsis
1151 2557 1413 2611 sordibus
1448 2555 1635 2610 dicitis
1665 2571 1785 2610 esse

66 2651 395 2701 concretas.
435 2646 603 2715 Fugit
631 2645 787 2698 enim
826 2645 1043 2716 aliquid
1078 2646 1439 2716 partis‘illius
1468 2645 1696 2714 divinae,
1722 2649 1788 2697 ut

72 2733 419 2807 perhibetis,
455 2734 589 2788 dum
610 2734 804 2805 fruges
830 2738 883 2787 et
912 2750 1087 2804 poma
1112 2738 1454 2805 carpuntur;
1480 2734 1626 2805 fugit
1655 2750 1784 2787 cum

68 2823 423 2894 affliguntur
452 2823 536 2877 vel
576 2823 814 2877 terendo
838 2823 922 2875 vel
956 2823 1225 2877 molendo
1252 2824 1341 2876 vel
1364 2823 1677 2894 coquendo,
1702 2822 1785 2875 vel

70 2913 256 2966 etiam
314 2912 633 2965 mordendo
682 2915 853 2982 atque
901 2911 1249 2965 mandendo.
1297 2911 1463 2980 Fugit
1511 2910 1681 2964 etiam
1728 2910 1786 2962 in

72 3000 351 3056 omnibus
395 3000 645 3054 motibus
684 3000 1043 3069 animalium,
1086 3000 1171 3053 vel
1209 3016 1339 3053 cum
1382 2998 1653 3069 gestiunt,
1700 2998 1785 3051 vel

73 3107 214 3147 eum
245 3092 598 3157 exercentur,
631 3089 721 3143 vel
767 3105 897 3142 cum
938 3088 1221 3153 laborant,
1253 3089 1340 3141 vel
1381 3086 1787 3141 cum'omnino

76 3179 302 3250 aliquid
332 3183 668 3250 operantur.
712 3177 878 3248 Fugit
908 3178 1081 3231 etiam
1114 3177 1173 3231 in
1202 3176 1323 3248 ipsa
1354 3176 1543 3247 quiete
1571 3179 1785 3241 nostra,

79 3267 311 3339 dumfin
333 3283 592 3337 corpore,
616 3266 713 3319 illa
732 3282 861 3337 quae
883 3267 1204 3336 appellatur
1226 3264 1492 3335 digestio,
1518 3263 1787 3317 interiore

78 3358 273 3412 calore
318 3357 637 3410 conficitur.
685 3357 871 3426 Atque
922 3355 1001 3409 ita
1040 3358 1126 3409 tot
1164 3353 1551 3408 occasionibus
1598 3352 1790 3406 divina

80 3446 341 3515 fugiente
400 3448 625 3509 natura,
679 3444 950 3515 quiddam
1000 3443 1455 3498 sordidissimum
1509 3445 1785 3508 remanet,

80 3536 235 3589 unde
278 3550 379 3605 per
408 3532 777 3588 concubitum
810 3549 939 3587 caro
983 3532 1289 3598 formetur;
1320 3548 1449 3587 cum
1490 3531 1681 3585 anima
1710 3535 1789 3584 ta-

81 3640 219 3678 men
265 3622 401 3678 boni
446 3622 672 3693 generis
716 3620 760 3691 ’,
818 3621 1091 3692 quoniam
1140 3620 1398 3692 quamvis
1450 3619 1785 3691 plurimum,

82 3729 201 3767 non
222 3717 411 3767 tamen
442 3715 627 3765 totum
648 3711 880 3777 bonum,
905 3710 1232 3764 memoratis
1252 3709 1363 3763 illis
1389 3708 1637 3762 motibus
1656 3724 1789 3761 evo-

87 3805 183 3856 lat.
219 3800 508 3868 Quocirca,
545 3816 675 3854 cnm
723 3798 915 3853 anima
963 3798 1135 3852 etiam
1174 3813 1404 3851 carnem
1452 3796 1787 3863 deseruerit,

84 3890 295 3945 nimias
344 3889 535 3943 sordes
574 3888 823 3959 reliquas
872 3887 1017 3950 fieri,
1056 3892 1111 3941 et
1142 3887 1269 3942 ideo
1318 3902 1515 3940 eorum
1554 3885 1651 3957 qui
1694 3902 1787 3938 ve-

78 3984 321 4035 scuntur
349 3977 637 4044 carnibus,
670 3976 920 4031 animam
948 3976 1327 4048 coinquinari.

185 4068 409 4122 CAPUT
450 4067 583 4121 XVI.
617 4097 685 4105 —
715 4067 913 4135 Aperit
938 4071 1251 4136 portentosa
1278 4065 1696 4121 Manichzeorum

800 4158 1082 4223 mysteria.

161 4248 246 4299 38.
281 4245 323 4299 0
371 4259 564 4298 rerum
612 4247 834 4299 natura:
874 4244 1209 4310 obscuritas,
1244 4246 1522 4314 quantum
1563 4246 1791 4311 tegmen

88 4337 173 4387 est
202 4332 495 4387 falsitatis?
526 4332 661 4397 Quis
691 4349 829 4398 non,
861 4332 985 4386 haec
1014 4332 1272 4398 audiens,
1306 4330 1406 4402 qui
1434 4346 1629 4385 rerum
1659 4345 1791 4382 eau-

90 4439 178 4475 sas
219 4437 332 4474 non
371 4420 586 4486 didicit,
624 4420 722 4492 qui
767 4420 1023 4474 nondum
1063 4418 1315 4473 veritatis
1353 4417 1793 4488 quantulocum-

90 4527 203 4582 que
234 4509 446 4564 lumine
476 4525 738 4581 aspersus
764 4509 1054 4581 corporeis
1086 4506 1434 4578 imaginibus
1465 4506 1697 4572 fallitur,
1728 4521 1794 4559 eo

96 4602 220 4671 ipso
250 4616 360 4671 quo
383 4599 502 4653 haec
525 4598 764 4653 minime
788 4602 1088 4669 apparent,
1113 4602 1168 4652 et
1195 4612 1299 4667 per
1328 4596 1586 4666 quadam
1616 4595 1793 4648 simu-

92 4691 239 4744 lacra
264 4705 454 4743 rerum
485 4688 795 4741 visibilium
823 4687 1175 4758 cogitantur,
1203 4689 1259 4738 et
1287 4684 1496 4738 diserte
1526 4683 1636 4737 diei
1669 4699 1797 4753 pos-

98 4782 250 4844 sunt,
280 4794 411 4831 vera
450 4792 569 4830 esse
614 4776 960 4831 arbitretur?
1000 4774 1221 4829 Talium
1270 4776 1461 4827 autem
1491 4772 1794 4826 hominum

94 4881 314 4934 magna;
343 4865 525 4918 turbae
556 4870 727 4935 atque
758 4881 960 4936 greges
989 4868 1284 4931 vocantur,
1314 4878 1457 4934 quos
1498 4861 1796 4932 religiosus

95 4955 267 5007 timor
311 4952 379 5005 ab
422 4952 509 5006 his
554 4953 792 5007 fallaciis
824 4952 1017 5024 potius
1053 4968 1225 5023 quam
1267 4951 1412 5006 ratio
1449 4955 1604 5005 tutos
1643 4950 1791 5004 facit.

94 5039 472 5107 Quamobrem
514 5039 591 5093 ita
623 5057 727 5111 ego
774 5041 881 5094 ista
918 5042 1169 5096 conabor
1206 5041 1481 5106 refellere,
1517 5043 1795 5111 quantum

98 5146 187 5187 me
218 5130 357 5183 Deus
386 5128 654 5199 adjuvare
695 5129 1043 5201 dignabitur,
1077 5134 1141 5184 ut
1177 5146 1291 5184 non
1324 5129 1508 5183 solum
1538 5127 1796 5199 pruden-

165 5274 339 5333 lEditi,
360 5273 692 5325 lutulentum
706 5277 994 5337 purgatur.
1016 5274 1081 5323 At
1097 5275 1221 5322 Mss.
1252 5277 1387 5337 octo,
1405 5270 1735 5337 luculentum
1749 5272 1797 5337 et

102 5330 368 5395 «livinum;
402 5337 476 5386 uti
509 5337 609 5401 legi
636 5330 904 5400 postulant
928 5337 1198 5399 sequentia
1228 5335 1402 5395 verba,
1432 5330 1713 5398 perﬁcitur
1741 5333 1797 5379 ut

102 5402 169 5450 ad
197 5413 371 5450 reana.
397 5404 495 5449 etc.

101 5413 169 5450 na
197 5414 249 5449 re
283 5413 352 5450 na
397 5413 495 5449 etc.

164 5465 182 5497 ²
320 5438 371 5512 et
388 5464 511 5512 Lov.
538 5461 731 5510 omissa
752 5462 1140 5523 przepositione,
1159 5474 1303 5523 cum,
1321 5460 1393 5507 sic
1415 5462 1615 5523 textum
1640 5457 1794 5523 inter-

109 5530 372 5587 pungunt:
404 5538 529 5575 caro
550 5519 837 5588 formetur.
856 5519 1044 5573 Anima,
1076 5526 1261 5588 (auten.
1290 5522 1552 5588 (manete.
1579 5519 1679 5568 Sed
1712 5519 1797 5567 ali~

108 5583 297 5649 quanto
330 5583 640 5637 concinnior
674 5588 795 5636 Mss.
828 5586 981 5636 lectio
1012 5599 1166 5651 quam
1198 5586 1282 5635 hic
1312 5583 1598 5633 reddimus.

1542 309 1753 365 LIBER
1796 310 2183 367 SECUNDUS.

3486 319 3617 372 l362

1909 433 2055 488 tium
2080 433 2315 505 judicio,
2346 449 2459 504 quo
2491 432 2658 487 simul
2691 448 2753 487 ac
2785 433 2930 488 dicta
2955 434 3169 488 fuerint
3199 428 3613 508 improbentur,

1909 522 2007 577 sed
2053 522 2162 593 ipsi
2201 522 2370 577 etiam
2403 522 2624 592 vulgari
2665 520 3080 594 intelligentiae,
3117 540 3288 594 quam
3324 526 3437 580 sint
3479 528 3615 582 falsa

1908 616 1965 667 et
1994 612 2234 667 absurda
2266 610 2400 665 satis
2436 611 2674 664 eluceat.

1979 704 2064 756 39.
2100 700 2291 755 Primo
2314 698 2469 752 enim
2495 715 2714 770 quaero,
2736 699 2887 753 unde
2918 700 3168 755 doceatis
3198 702 3257 755 in
3290 702 3607 767 frumentis,

1908 805 1969 842 ac
2000 788 2309 859 legumine,
2344 791 2399 841 et
2429 788 2699 854 oleribus,
2730 792 2785 841 et
2833 789 3090 856 floribus,
3128 796 3183 843 et
3212 791 3399 861 pomis
3428 791 3609 845 inesse

1904 875 2071 930 istam
2104 876 2291 930 nescio
2313 892 2483 947 quam
2516 880 2738 946 partem
2771 876 2889 930 Dei.
2919 879 2991 931 Ex
3022 877 3144 949 ipso
3168 878 3373 932 coloris
3406 880 3609 947 nitore,

1906 964 2192 1034 inquiunt,
2231 968 2286 1017 et
2327 963 2519 1017 odoris
2555 964 2934 1034 jucunditate,
2986 969 3042 1017 et
3084 965 3299 1035 saporis
3332 967 3609 1020 suavitate

1904 1052 2271 1106 manifestum
2299 1056 2414 1105 est:
2446 1068 2574 1122 qua:
2617 1052 2752 1106 dum
2788 1068 2899 1105 non
2928 1052 3138 1106 habent
3167 1052 3377 1123 putria,
3411 1054 3606 1107 eodem

1903 1141 2054 1196 bono
2096 1157 2215 1195 sese
2255 1141 2478 1195 deserta
2516 1156 2635 1193 esse
2685 1140 3023 1211 significant.
3060 1142 3178 1194 Non
3211 1142 3386 1212 pudet
3430 1143 3609 1196 Deum

1905 1246 2041 1284 naso
2073 1234 2127 1284 et
2156 1230 2346 1301 palato
2378 1229 2672 1282 inventum
2703 1231 2940 1298 putare?
2968 1230 3061 1283 sed
3096 1230 3215 1283 haec
3248 1229 3465 1284 omitto.
3502 1231 3607 1284 La-

1904 1318 2021 1371 tine
2051 1318 2207 1372 enim
2234 1318 2394 1371 vobis
2425 1316 2629 1383 dicam,
2664 1322 2737 1383 et,
2765 1321 2827 1371 ut
2855 1317 2965 1371 dici
2997 1319 3222 1386 assolet,
3248 1320 3493 1372 multum
3528 1324 3609 1372 est

1903 1407 1972 1461 ad
1994 1424 2110 1460 vos.
2138 1405 2280 1460 lllud
2316 1405 2502 1475 potius
2526 1406 2930 1475 qualicumque
2952 1411 3145 1459 mente
3170 1406 3606 1478 intelligendum

1901 1494 2028 1560 fuit,
2064 1494 2108 1546 si
2139 1495 2325 1547 colore
2355 1498 2595 1564 apparet
2635 1494 2695 1546 in
2725 1494 3059 1563 corporibus
3102 1495 3234 1547 boni
3284 1496 3607 1566 praesentia,

1902 1584 2103 1638 timum
2131 1581 2491 1648 animalium,
2524 1582 2673 1654 quod
2706 1581 2961 1653 ipsarum
2990 1582 3160 1635 etiam
3195 1583 3451 1637 carnium
3478 1601 3610 1654 pur-

1901 1676 2236 1745 gamentum
2285 1675 2385 1737 est,
2428 1671 2665 1725 diversis
2715 1671 2895 1725 nitere
2946 1672 3247 1738 coloribus,
3290 1672 3426 1725 alias
3473 1690 3609 1726 can-

1903 1762 2059 1825 dido,
2098 1762 2438 1831 plerumque
2486 1760 2739 1827 aureolo,
2792 1765 2848 1813 et
2895 1760 3018 1813 aliis
3066 1760 3414 1828 hujusmodi,
3468 1778 3609 1832 quos

1900 1850 1957 1905 in
1987 1850 2173 1921 pomis
2206 1854 2262 1903 et
2291 1848 2525 1902 floribus
2561 1849 2718 1902 velut
2754 1852 2923 1902 testes
2966 1847 3064 1901 Dei
3100 1848 3399 1917 praesentis
3438 1854 3607 1920 atque

1900 1937 2234 1993 inhaerentis
2284 1936 2557 2008 accipitis.
2594 1936 2737 2001 Quid
2790 1937 3021 1990 tandem
3068 1952 3251 1990 causae
3302 1941 3403 2002 est,
3453 1940 3604 2008 quod

1900 2027 2172 2082 ruborem
2203 2025 2263 2079 in
2294 2041 2423 2080 rosa
2452 2024 2698 2079 indicem
2734 2023 3077 2079 abundantis
3108 2023 3245 2079 boni
3279 2041 3397 2077 esse
3419 2024 3608 2095 perhi-

1898 2114 2064 2181 betis,
2099 2118 2155 2168 et
2185 2114 2453 2167 eumdem
2485 2111 2768 2167 damnatis
2799 2112 2857 2166 in
2889 2112 3211 2182 sanguine?
3235 2113 3346 2167 Cur
3372 2112 3429 2167 in
3461 2113 3607 2167 viola

1900 2203 2168 2257 eumdem
2196 2202 2450 2256 colorem
2474 2201 2910 2272 amplectimini,
2935 2217 3105 2272 quem
3135 2200 3194 2255 in
3219 2202 3542 2256 choleribus
3564 2203 3602 2265 ¹,

1900 2288 1959 2343 in
1988 2289 2188 2342 morbo
2217 2288 2597 2354 ictericorum,
2622 2286 2679 2340 in
2711 2285 2945 2340 infantis
2975 2286 3223 2357 denique
3254 2286 3390 2340 fimo
3414 2303 3603 2357 asper-

1901 2377 2159 2432 namini?
2198 2378 2309 2432 Cur
2354 2375 2599 2430 nitorem
2638 2379 2808 2447 atque
2853 2376 3135 2445 fulgorem
3185 2375 3315 2441 olei,
3360 2376 3604 2429 clamare

1899 2465 2121 2537 copiam
2153 2465 2460 2519 coadmixti
2498 2464 2637 2519 boni
2666 2462 3045 2529 arbitramini,
3081 2467 3137 2516 et
3167 2464 3233 2517 ad
3266 2463 3323 2517 id
3351 2479 3603 2534 purgan-

1899 2556 2038 2609 dum
2058 2554 2247 2608 fauces
2274 2558 2329 2606 et
2358 2557 2610 2606 ventrem
2641 2552 2882 2622 paratis;
2901 2552 2969 2605 de
2997 2550 3198 2621 pingui
3222 2558 3413 2604 autem
3436 2566 3604 2605 carne

1899 2643 2176 2698 simillimi
2216 2642 2453 2712 fulgoris
2493 2640 2910 2696 destillantibus
2950 2639 3127 2709 guttis
3171 2639 3331 2692 labra
3380 2639 3604 2693 contin-

1899 2747 2033 2802 gere
2077 2728 2431 2784 formidatis?
2464 2729 2576 2783 Cur
2610 2728 2679 2781 de
2710 2726 2992 2781 thesauris
3036 2726 3134 2778 Dei
3175 2726 3461 2779 melonem
3505 2742 3605 2796 pu-

1899 2817 2030 2871 tatis
2077 2831 2316 2870 aureum
2366 2830 2520 2881 esse;
2556 2818 2611 2868 et
2656 2830 2848 2884 pernm
2890 2812 3116 2881 adipem
3158 2810 3475 2877 raneidam,
3516 2813 3602 2865 vel

1899 2905 1991 2958 ovi
2022 2904 2273 2957 medium
2302 2918 2417 2955 non
2444 2902 2695 2973 putatis?
2718 2902 2830 2955 Cur
2857 2899 3012 2955 vobis
3043 2899 3254 2953 candor
3282 2898 3342 2952 in
3374 2898 3604 2952 lactucis

1898 2993 2167 3064 praedicat
2210 2993 2410 3059 Deum,
2448 2990 2505 3045 in
2537 2992 2677 3044 lacte
2722 3006 2837 3043 non
2866 2987 3178 3059 praedicat?
3212 2989 3286 3041 De
3318 2986 3604 3041 coloribus

1900 3082 2053 3137 enim
2083 3080 2265 3134 adhuc
2312 3081 2536 3151 loquor,
2579 3079 2639 3133 in
2680 3078 2887 3150 quibus
2937 3078 3017 3148 (ut
3056 3076 3316 3131 omittam
3357 3076 3601 3143 caetera),

1898 3169 2071 3224 unius
2096 3168 2334 3239 pavonis
2375 3168 2582 3239 pennis
2613 3172 2668 3222 et
2695 3167 2928 3238 plumis,
2962 3183 3091 3238 qua:
3121 3169 3269 3220 certe
3304 3166 3372 3220 de
3402 3180 3604 3217 concu-

1898 3259 2023 3313 bitu
2061 3263 2117 3312 et
2155 3273 2323 3311 carne
2360 3260 2691 3323 nascuntur,
2722 3257 2883 3310 nulla
2918 3256 3158 3327 potestis
3202 3255 3401 3310 vestita
3442 3252 3601 3308 flori-

1898 3348 2005 3403 bus
2034 3351 2202 3418 prata
2227 3346 2502 3400 conferre.

1968 3438 2059 3490 40.
2094 3436 2234 3489 Nam
2274 3434 2321 3488 si
2366 3438 2423 3488 et
2469 3433 2641 3487 odore
2688 3432 2981 3487 invenitur
3017 3433 3127 3486 hoc
3174 3432 3411 3497 bonum,
3453 3447 3601 3485 non-

1898 3525 2192 3579 nullorum
2213 3522 2551 3577 animalium
2574 3521 2841 3575 carnibus
2864 3520 2994 3573 miri
3016 3519 3204 3574 odoris
3225 3519 3605 3573 conficiuntur

1898 3617 2212 3682 unguenta.
2248 3610 2369 3665 Cibi
2415 3611 2663 3681 denique
2692 3609 2821 3680 ipsi,
2855 3608 2954 3679 qui
2997 3623 3126 3661 cum
3174 3607 3438 3661 carnibus
3482 3623 3601 3660 me-

1898 3700 2151 3755 liusculis
2182 3698 2457 3769 concoqui
2484 3699 2686 3765 solent,
2707 3698 2886 3751 multo
2911 3696 3221 3767 jucundius
3246 3697 3400 3749 olent
3429 3712 3602 3767 quam

1901 3792 1948 3845 si
1978 3790 2058 3844 eis
2088 3806 2216 3844 caro
2237 3788 2525 3843 defuisset.
2552 3790 2849 3842 Postremo
2878 3786 2923 3839 si
2953 3786 3180 3839 suavius
3210 3785 3423 3840 olentia
3443 3802 3603 3839 inun-

1900 3881 2059 3935 diora
2103 3876 2393 3950 judicatis,
2446 3876 2695 3946 quodam
2757 3876 2877 3929 luto
2929 3874 3075 3927 vesci
3131 3873 3369 3940 avidius,
3430 3889 3601 3944 quam

1901 3967 2262 4023 cisterninam
2288 3980 2497 4035 aquam
2521 3963 2715 4017 bibere
2731 3962 3031 4029 debuistis;
3048 3962 3183 4033 quia
3197 3960 3602 4031 perfusaimbri

1901 4061 2052 4111 terra
2080 4055 2300 4122 siccior,
2333 4070 2501 4107 nares
2530 4053 2678 4107 miro
2715 4052 2891 4106 odore
2916 4052 3253 4122 permulcet,
3287 4049 3604 4120 meliusque

1902 4145 2016 4199 olet
2057 4146 2169 4198 tale
2210 4144 2416 4209 lutum,
2449 4158 2622 4213 quam
2666 4141 2715 4194 si
2754 4141 3105 4211 exciperetur
3150 4139 3341 4209 pluvia
3382 4138 3599 4208 purior.

1902 4234 2061 4298 Quod
2104 4232 2151 4285 si
2199 4248 2458 4302 saporem
2504 4247 2647 4301 opus
2679 4234 2763 4283 est
2802 4227 3077 4295 attestari,
3108 4232 3172 4280 ut
3201 4240 3607 4295 cognoscamus

1902 4322 2158 4376 habitare
2206 4320 2266 4374 in
2316 4336 2557 4389 corpore
2604 4318 2817 4389 aliquid
2878 4316 2996 4383 Dei,
3046 4314 3226 4385 magis
3276 4312 3497 4367 habitat
3545 4312 3604 4365 in

1902 4409 2137 4481 dactylis
2180 4413 2237 4463 et
2279 4408 2448 4462 melle
2489 4424 2662 4478 quam
2705 4408 2761 4461 in
2803 4422 2969 4461 carne
3016 4404 3270 4475 porcina,
3302 4402 3398 4455 sed
3430 4400 3607 4471 magis

1906 4499 1965 4553 in
1987 4514 2154 4553 carne
2179 4497 2419 4568 porcina
2449 4513 2623 4568 quam
2650 4496 2709 4550 in
2742 4497 2897 4562 faba;
2921 4492 3103 4563 magis
3130 4492 3188 4544 in
3214 4491 3322 4544 fico
3350 4506 3521 4561 quam
3549 4489 3608 4543 in

1905 4590 2091 4656 ficato,
2124 4603 2250 4641 ecce
2293 4586 2570 4653 concedo;
2605 4586 2703 4640 sed
2743 4590 2799 4638 et
2842 4600 2938 4637 vos
2980 4580 3289 4645 concedite,
3324 4578 3505 4649 magis
3547 4577 3607 4632 in

1905 4677 2071 4730 ficato
2104 4691 2277 4746 quam
2324 4674 2382 4728 in
2416 4675 2563 4729 beta.
2596 4674 2743 4738 Quid
2772 4672 2924 4742 quod
2958 4670 3066 4724 ista
3090 4669 3307 4723 ratione
3336 4665 3608 4737 cogimini

1906 4764 2185 4832 confiteri,
2221 4764 2499 4835 quasdam
2551 4764 2776 4831 stirpes,
2810 4776 2948 4832 quas
2997 4762 3147 4813 certe
3196 4772 3394 4810 omnes
3436 4772 3607 4810 mun-

1905 4855 2094 4909 diores
2131 4852 2299 4907 vultis
2342 4868 2511 4923 quam
2560 4865 2805 4913 carnem,
2856 4865 2920 4902 ex
2966 4848 3089 4918 ipsa
3139 4862 3305 4901 carne
3353 4844 3607 4915 accipere

1911 4944 2109 5007 Deum,
2145 4942 2190 4995 si
2224 4956 2425 5012 sapore
2461 4942 2603 4995 Dens
2632 4937 2925 4992 immixtus
2970 4935 3338 5007 agnoscitur?
3369 4935 3507 4988 Nam
3553 4937 3609 4987 et

1906 5032 2061 5085 olera
2092 5028 2373 5101 sapidiora
2413 5028 2559 5084 fiunt
2590 5030 2745 5081 cocta
2792 5042 2921 5081 cum
2961 5026 3262 5079 carnibus:
3306 5028 3361 5077 et
3405 5023 3607 5076 herbas

1908 5119 2115 5191 quibus
2172 5134 2380 5189 pecora
2436 5120 2768 5186 pascuntur,
2818 5119 3047 5186 gustare
3104 5130 3220 5167 non
3268 5126 3599 5184 possumus;

1907 5223 2207 5263 conversas
2237 5210 2427 5260 autem
2464 5205 2523 5259 in
2554 5220 2781 5259 succum
2808 5204 2988 5272 lactis,
3026 5208 3083 5257 et
3110 5204 3296 5257 colore
3328 5202 3601 5271 prmstan-

1974 5395 1986 5426 ¹
2026 5393 2082 5439 In
2114 5390 2323 5439 excusis
2351 5388 2588 5447 habetur,
2618 5385 2874 5438 coloribus
2896 5403 2912 5434 .·
2943 5384 3220 5449 manifesto
3249 5393 3439 5449 errore.
3473 5380 3605 5449 Qua-

1909 5458 2121 5519 propter
2148 5467 2211 5519 ex
2246 5453 2367 5519 Mss.
2398 5440 2784 5519 substituimus,
2825 5447 3155 5519 choleribus;
3196 5456 3375 5519 vocem
3410 5440 3605 5519 Latinis

1909 5502 2119 5571 quidem
2152 5516 2443 5571 barbaram,
2476 5514 2563 5561 sed
2598 5513 2730 5560 Afris
2765 5502 2892 5559 forte
2920 5502 3176 5571 receptum
3208 5504 3273 5555 ad
3303 5502 3601 5565 signiﬁcan-

1910 5532 2119 5565 fllluem
2152 5532 2443 5571 Dnrnnram,
2476 5532 2563 5561 μευ
2598 5532 2730 5560 [\H‘l.‘
2765 5532 2892 5559 ΙΠῐΊΕ
2922 5532 2953 5557 ΓΙ

1910 5532 2036 5628 dum
2067 5577 2331 5627 choleram
2369 5582 2458 5624 aut
2486 5576 2693 5625 cholera
2723 5574 2953 5623 affectos
