  <div class='ocr_page' id='page_1' title='image "/cluster/home/n/w/nwhite01/storage/ocr_20150623/32/hvd.32044096580550/701.png"; bbox 0 0 4014 6164; ppageno 0'>
   <div class='ocr_carea' id='block_1_1' title="bbox 326 207 461 260">
    <p class='ocr_par' dir='ltr' id='par_1_1' title="bbox 326 207 461 260">
     <span class='ocr_line' id='line_1_1' title="bbox 326 207 461 260; baseline -0.015 0"><span class='ocrx_word' id='word_1_1' title='bbox 326 207 461 260; x_wconf 79' lang='lat' dir='ltr'><strong>i363</strong></span> 
     </span>
    </p>
   </div>
   <div class='ocr_carea' id='block_1_2' title="bbox 320 325 1712 397">
    <p class='ocr_par' dir='ltr' id='par_1_2' title="bbox 320 325 1712 397">
     <span class='ocr_line' id='line_1_2' title="bbox 320 325 1712 397; baseline -0.002 -14"><span class='ocrx_word' id='word_1_2' title='bbox 320 328 516 397; x_wconf 81' lang='lat' dir='ltr'><strong>tiores,</strong></span> <span class='ocrx_word' id='word_1_3' title='bbox 547 329 605 382; x_wconf 89' lang='lat' dir='ltr'><strong>et</strong></span> <span class='ocrx_word' id='word_1_4' title='bbox 629 341 831 397; x_wconf 89' lang='lat' dir='ltr'><strong>sapore</strong></span> <span class='ocrx_word' id='word_1_5' title='bbox 856 326 1345 382; x_wconf 89' lang='lat' dir='ltr'><strong>commodissimas</strong></span> <span class='ocrx_word' id='word_1_6' title='bbox 1366 325 1712 396; x_wconf 88' lang='lat' dir='ltr'><strong>judicamus.</strong></span> 
     </span>
    </p>
   </div>
   <div class='ocr_carea' id='block_1_3' title="bbox 391 411 2027 479">
    <p class='ocr_par' dir='ltr' id='par_1_3' title="bbox 391 411 2027 479">
     <span class='ocr_line' id='line_1_3' title="bbox 391 411 2027 479; baseline -0.004 -9"><span class='ocrx_word' id='word_1_7' title='bbox 391 417 481 471; x_wconf 82' lang='grc'><strong>41.</strong></span> <span class='ocrx_word' id='word_1_8' title='bbox 515 415 604 469; x_wconf 87' lang='lat' dir='ltr'><strong>An</strong></span> <span class='ocrx_word' id='word_1_9' title='bbox 634 414 784 469; x_wconf 90' lang='lat' dir='ltr'><strong>bona</strong></span> <span class='ocrx_word' id='word_1_10' title='bbox 814 414 923 469; x_wconf 81' lang='lat' dir='ltr'><strong>tria</strong></span> <span class='ocrx_word' id='word_1_11' title='bbox 953 414 1123 469; x_wconf 88' lang='lat' dir='ltr'>simul</span> <span class='ocrx_word' id='word_1_12' title='bbox 1154 413 1253 468; x_wconf 91' lang='lat' dir='ltr'><strong>ubi</strong></span> <span class='ocrx_word' id='word_1_13' title='bbox 1282 413 1515 479; x_wconf 85' lang='lat' dir='ltr'><strong>fuerint,</strong></span> <span class='ocrx_word' id='word_1_14' title='bbox 1547 413 1605 467; x_wconf 92' lang='lat' dir='ltr'><strong>id</strong></span> <span class='ocrx_word' id='word_1_15' title='bbox 1635 416 1718 467; x_wconf 90' lang='lat' dir='ltr'><strong>est</strong></span> <span class='ocrx_word' id='word_1_16' title='bbox 1746 412 1903 467; x_wconf 89' lang='lat' dir='ltr'><strong>color</strong></span> <span class='ocrx_word' id='word_1_17' title='bbox 1931 411 2027 466; x_wconf 91' lang='lat' dir='ltr'><strong>bo-</strong></span> 
     </span>
    </p>
   </div>
   <div class='ocr_carea' id='block_1_4' title="bbox 324 501 2027 574">
    <p class='ocr_par' dir='ltr' id='par_1_4' title="bbox 324 501 2027 574">
     <span class='ocr_line' id='line_1_4' title="bbox 324 501 2027 574; baseline -0.003 -16"><span class='ocrx_word' id='word_1_18' title='bbox 324 521 430 559; x_wconf 91' lang='lat' dir='ltr'><strong>nus</strong></span> <span class='ocrx_word' id='word_1_19' title='bbox 461 506 517 558; x_wconf 90' lang='lat' dir='ltr'><strong>et</strong></span> <span class='ocrx_word' id='word_1_20' title='bbox 544 502 686 558; x_wconf 93' lang='lat' dir='ltr'><strong>odor</strong></span> <span class='ocrx_word' id='word_1_21' title='bbox 728 507 786 556; x_wconf 89' lang='lat' dir='ltr'><strong>et</strong></span> <span class='ocrx_word' id='word_1_22' title='bbox 827 519 1014 574; x_wconf 89' lang='lat' dir='ltr'><strong>sapor,</strong></span> <span class='ocrx_word' id='word_1_23' title='bbox 1051 502 1128 557; x_wconf 90' lang='lat' dir='ltr'><strong>ibi</strong></span> <span class='ocrx_word' id='word_1_24' title='bbox 1161 518 1281 557; x_wconf 91' lang='lat' dir='ltr'><strong>esse</strong></span> <span class='ocrx_word' id='word_1_25' title='bbox 1313 503 1591 573; x_wconf 85' lang='lat' dir='ltr'><strong>majorem</strong></span> <span class='ocrx_word' id='word_1_26' title='bbox 1631 501 1768 556; x_wconf 91' lang='lat' dir='ltr'><strong>boni</strong></span> <span class='ocrx_word' id='word_1_27' title='bbox 1805 505 2027 572; x_wconf 88' lang='lat' dir='ltr'><strong>partem</strong></span> 
     </span>
    </p>
   </div>
   <div class='ocr_carea' id='block_1_5' title="bbox 323 589 2030 665">
    <p class='ocr_par' dir='ltr' id='par_1_5' title="bbox 323 589 2030 665">
     <span class='ocr_line' id='line_1_5' title="bbox 323 589 2030 665; baseline -0.004 -17"><span class='ocrx_word' id='word_1_28' title='bbox 323 591 573 665; x_wconf 87' lang='lat' dir='ltr'><strong>putatis?</strong></span> <span class='ocrx_word' id='word_1_29' title='bbox 601 591 784 646; x_wconf 87' lang='lat' dir='ltr'><strong>Nolite</strong></span> <span class='ocrx_word' id='word_1_30' title='bbox 812 607 948 662; x_wconf 83' lang='lat' dir='ltr'><strong>ergo</strong></span> <span class='ocrx_word' id='word_1_31' title='bbox 976 590 1146 645; x_wconf 91' lang='lat' dir='ltr'><strong>ﬂores</strong></span> <span class='ocrx_word' id='word_1_32' title='bbox 1166 595 1461 661; x_wconf 81' lang='lat' dir='ltr'><strong>tantopere</strong></span> <span class='ocrx_word' id='word_1_33' title='bbox 1490 589 1686 645; x_wconf 86' lang='lat' dir='ltr'><strong>mirari</strong></span> <span class='ocrx_word' id='word_1_34' title='bbox 1715 594 1886 660; x_wconf 90' lang='lat' dir='ltr'><strong>atque</strong></span> <span class='ocrx_word' id='word_1_35' title='bbox 1911 589 2030 642; x_wconf 89' lang='lat' dir='ltr'><strong>lau-</strong></span> 
     </span>
    </p>
   </div>
   <div class='ocr_carea' id='block_1_6' title="bbox 327 675 2076 752">
    <p class='ocr_par' dir='ltr' id='par_1_6' title="bbox 327 675 2076 752">
     <span class='ocr_line' id='line_1_6' title="bbox 327 675 2076 752; baseline -0.005 -15"><span class='ocrx_word' id='word_1_36' title='bbox 327 682 482 748; x_wconf 86' lang='lat' dir='ltr'><strong>dare,</strong></span> <span class='ocrx_word' id='word_1_37' title='bbox 507 697 650 752; x_wconf 91' lang='lat' dir='ltr'><strong>quos</strong></span> <span class='ocrx_word' id='word_1_38' title='bbox 662 679 1001 751; x_wconf 88' lang='lat' dir='ltr'><strong>judicandos</strong></span> <span class='ocrx_word' id='word_1_39' title='bbox 1013 680 1085 734; x_wconf 89' lang='lat' dir='ltr'><strong>ad</strong></span> <span class='ocrx_word' id='word_1_40' title='bbox 1102 679 1348 734; x_wconf 83' lang='lat' dir='ltr'><strong>tribunal</strong></span> <span class='ocrx_word' id='word_1_41' title='bbox 1363 679 1540 751; x_wconf 83' lang='lat' dir='ltr'><strong>palati</strong></span> <span class='ocrx_word' id='word_1_42' title='bbox 1560 695 1677 733; x_wconf 93' lang='lat' dir='ltr'><strong>non</strong></span> <span class='ocrx_word' id='word_1_43' title='bbox 1689 677 1927 749; x_wconf 78' lang='lat' dir='ltr'><strong>potestis</strong></span> <span class='ocrx_word' id='word_1_44' title='bbox 1939 675 2029 730; x_wconf 87' lang='lat' dir='ltr'><strong>ad-</strong></span> <span class='ocrx_word' id='word_1_45' title='bbox 2073 745 2076 748; x_wconf 13' lang='lat'><strong><em>.</em></strong></span> 
     </span>
    </p>
   </div>
   <div class='ocr_carea' id='block_1_7' title="bbox 329 765 2028 837">
    <p class='ocr_par' dir='ltr' id='par_1_7' title="bbox 329 765 2028 837">
     <span class='ocr_line' id='line_1_7' title="bbox 329 765 2028 837; baseline -0.004 -14"><span class='ocrx_word' id='word_1_46' title='bbox 329 769 573 824; x_wconf 87' lang='lat' dir='ltr'><strong>mittere.</strong></span> <span class='ocrx_word' id='word_1_47' title='bbox 593 767 778 822; x_wconf 89' lang='lat' dir='ltr'><strong>Nolite</strong></span> <span class='ocrx_word' id='word_1_48' title='bbox 789 766 1144 837; x_wconf 89' lang='lat' dir='ltr'><strong>portulacam</strong></span> <span class='ocrx_word' id='word_1_49' title='bbox 1162 767 1361 821; x_wconf 84' lang='lat' dir='ltr'><strong>saltem</strong></span> <span class='ocrx_word' id='word_1_50' title='bbox 1376 765 1639 820; x_wconf 89' lang='lat' dir='ltr'><strong>carnibus</strong></span> <span class='ocrx_word' id='word_1_51' title='bbox 1661 769 2028 836; x_wconf 85' lang='lat' dir='ltr'><strong>anteponere,</strong></span> 
     </span>
    </p>
   </div>
   <div class='ocr_carea' id='block_1_8' title="bbox 327 855 2030 930">
    <p class='ocr_par' dir='ltr' id='par_1_8' title="bbox 327 855 2030 930">
     <span class='ocr_line' id='line_1_8' title="bbox 327 855 2030 930; baseline -0.004 -17"><span class='ocrx_word' id='word_1_52' title='bbox 327 874 457 930; x_wconf 67' lang='lat' dir='ltr'><strong>quas</strong></span> <span class='ocrx_word' id='word_1_53' title='bbox 477 857 548 911; x_wconf 90' lang='lat' dir='ltr'><strong>ab</strong></span> <span class='ocrx_word' id='word_1_54' title='bbox 565 855 655 911; x_wconf 90' lang='lat' dir='ltr'><strong>his</strong></span> <span class='ocrx_word' id='word_1_55' title='bbox 675 855 846 910; x_wconf 85' lang='lat' dir='ltr'><strong>coctis</strong></span> <span class='ocrx_word' id='word_1_56' title='bbox 861 859 916 910; x_wconf 91' lang='lat' dir='ltr'><strong>et</strong></span> <span class='ocrx_word' id='word_1_57' title='bbox 931 857 1124 910; x_wconf 90' lang='lat' dir='ltr'><strong>colore</strong></span> <span class='ocrx_word' id='word_1_58' title='bbox 1145 859 1200 910; x_wconf 88' lang='lat' dir='ltr'><strong>et</strong></span> <span class='ocrx_word' id='word_1_59' title='bbox 1213 871 1415 926; x_wconf 89' lang='lat' dir='ltr'><strong>sapore</strong></span> <span class='ocrx_word' id='word_1_60' title='bbox 1433 859 1489 910; x_wconf 91' lang='lat' dir='ltr'><strong>et</strong></span> <span class='ocrx_word' id='word_1_61' title='bbox 1509 855 1684 910; x_wconf 87' lang='lat' dir='ltr'><strong>odore</strong></span> <span class='ocrx_word' id='word_1_62' title='bbox 1706 857 2030 924; x_wconf 84' lang='lat' dir='ltr'><strong>superatur.</strong></span> 
     </span>
    </p>
   </div>
   <div class='ocr_carea' id='block_1_9' title="bbox 330 941 2033 1016">
    <p class='ocr_par' dir='ltr' id='par_1_9' title="bbox 330 941 2033 1016">
     <span class='ocr_line' id='line_1_9' title="bbox 330 941 2033 1016; baseline -0.004 -14"><span class='ocrx_word' id='word_1_63' title='bbox 330 946 616 1002; x_wconf 88' lang='lat' dir='ltr'><strong>Porcellus</strong></span> <span class='ocrx_word' id='word_1_64' title='bbox 661 961 820 999; x_wconf 87' lang='lat' dir='ltr'><strong>assus</strong></span> <span class='ocrx_word' id='word_1_65' title='bbox 869 943 999 1015; x_wconf 93' lang='lat' dir='ltr'><strong>(hoc</strong></span> <span class='ocrx_word' id='word_1_66' title='bbox 1029 945 1186 999; x_wconf 90' lang='lat' dir='ltr'><strong>enim</strong></span> <span class='ocrx_word' id='word_1_67' title='bbox 1225 943 1444 1016; x_wconf 81' lang='lat' dir='ltr'><strong>cogitis,</strong></span> <span class='ocrx_word' id='word_1_68' title='bbox 1477 947 1536 998; x_wconf 88' lang='lat' dir='ltr'><strong>ut</strong></span> <span class='ocrx_word' id='word_1_69' title='bbox 1567 944 1637 998; x_wconf 90' lang='lat' dir='ltr'><strong>de</strong></span> <span class='ocrx_word' id='word_1_70' title='bbox 1680 943 1832 997; x_wconf 93' lang='lat' dir='ltr'><strong>bono</strong></span> <span class='ocrx_word' id='word_1_71' title='bbox 1872 946 1927 996; x_wconf 90' lang='lat' dir='ltr'><strong>et</strong></span> <span class='ocrx_word' id='word_1_72' title='bbox 1965 941 2033 996; x_wconf 93' lang='lat' dir='ltr'><strong>de</strong></span> 
     </span>
    </p>
   </div>
   <div class='ocr_carea' id='block_1_10' title="bbox 329 1029 2033 1104">
    <p class='ocr_par' dir='ltr' id='par_1_10' title="bbox 329 1029 2033 1104">
     <span class='ocr_line' id='line_1_10' title="bbox 329 1029 2033 1104; baseline -0.004 -14"><span class='ocrx_word' id='word_1_73' title='bbox 329 1036 504 1104; x_wconf 86' lang='lat' dir='ltr'><strong>malo,</strong></span> <span class='ocrx_word' id='word_1_74' title='bbox 535 1051 653 1088; x_wconf 91' lang='lat' dir='ltr'><strong>non</strong></span> <span class='ocrx_word' id='word_1_75' title='bbox 683 1032 1056 1104; x_wconf 87' lang='lat' dir='ltr'><strong>scriptoribus</strong></span> <span class='ocrx_word' id='word_1_76' title='bbox 1087 1037 1144 1087; x_wconf 89' lang='lat' dir='ltr'><strong>et</strong></span> <span class='ocrx_word' id='word_1_77' title='bbox 1171 1032 1438 1101; x_wconf 91' lang='lat' dir='ltr'><strong>librariis,</strong></span> <span class='ocrx_word' id='word_1_78' title='bbox 1469 1032 1567 1086; x_wconf 91' lang='lat' dir='ltr'><strong>sed</strong></span> <span class='ocrx_word' id='word_1_79' title='bbox 1597 1031 1796 1102; x_wconf 89' lang='lat' dir='ltr'><strong>coquis</strong></span> <span class='ocrx_word' id='word_1_80' title='bbox 1821 1034 1878 1085; x_wconf 91' lang='lat' dir='ltr'><strong>et</strong></span> <span class='ocrx_word' id='word_1_81' title='bbox 1906 1029 2033 1085; x_wconf 92' lang='lat' dir='ltr'><strong>dul-</strong></span> 
     </span>
    </p>
   </div>
   <div class='ocr_carea' id='block_1_11' title="bbox 330 1119 2034 1192">
    <p class='ocr_par' dir='ltr' id='par_1_11' title="bbox 330 1119 2034 1192">
     <span class='ocr_line' id='line_1_11' title="bbox 330 1119 2034 1192; baseline -0.004 -14"><span class='ocrx_word' id='word_1_82' title='bbox 330 1123 516 1180; x_wconf 89' lang='lat' dir='ltr'><strong>ciariis</strong></span> <span class='ocrx_word' id='word_1_83' title='bbox 545 1121 821 1178; x_wconf 84' lang='lat' dir='ltr'><strong>ministris</strong></span> <span class='ocrx_word' id='word_1_84' title='bbox 850 1121 1143 1177; x_wconf 84' lang='lat' dir='ltr'><strong>vobiscum</strong></span> <span class='ocrx_word' id='word_1_85' title='bbox 1164 1121 1358 1192; x_wconf 91' lang='lat' dir='ltr'><strong>potius</strong></span> <span class='ocrx_word' id='word_1_86' title='bbox 1387 1121 1748 1189; x_wconf 84' lang='lat' dir='ltr'><strong>disseramus)</strong></span> <span class='ocrx_word' id='word_1_87' title='bbox 1779 1136 1791 1174; x_wconf 93' lang='lat'><strong>:</strong></span> <span class='ocrx_word' id='word_1_88' title='bbox 1816 1119 2034 1190; x_wconf 85' lang='lat' dir='ltr'><strong>porcel—</strong></span> 
     </span>
    </p>
   </div>
   <div class='ocr_carea' id='block_1_12' title="bbox 332 1209 2040 1284">
    <p class='ocr_par' dir='ltr' id='par_1_12' title="bbox 332 1209 2040 1284">
     <span class='ocr_line' id='line_1_12' title="bbox 332 1209 2040 1284; baseline -0.005 -14"><span class='ocrx_word' id='word_1_89' title='bbox 332 1216 422 1270; x_wconf 89' lang='lat' dir='ltr'><strong>lus</strong></span> <span class='ocrx_word' id='word_1_90' title='bbox 465 1229 602 1284; x_wconf 91' lang='lat' dir='ltr'><strong>ergo</strong></span> <span class='ocrx_word' id='word_1_91' title='bbox 634 1228 791 1266; x_wconf 83' lang='lat' dir='ltr'><strong>assus</strong></span> <span class='ocrx_word' id='word_1_92' title='bbox 821 1215 877 1266; x_wconf 89' lang='lat' dir='ltr'><strong>et</strong></span> <span class='ocrx_word' id='word_1_93' title='bbox 901 1212 1088 1266; x_wconf 90' lang='lat' dir='ltr'><strong>colore</strong></span> <span class='ocrx_word' id='word_1_94' title='bbox 1126 1211 1360 1278; x_wconf 90' lang='lat' dir='ltr'><strong>nitidus,</strong></span> <span class='ocrx_word' id='word_1_95' title='bbox 1394 1215 1450 1265; x_wconf 92' lang='lat' dir='ltr'><strong>et</strong></span> <span class='ocrx_word' id='word_1_96' title='bbox 1485 1210 1658 1264; x_wconf 90' lang='lat' dir='ltr'><strong>odore</strong></span> <span class='ocrx_word' id='word_1_97' title='bbox 1686 1209 1948 1276; x_wconf 88' lang='lat' dir='ltr'><strong>blandus,</strong></span> <span class='ocrx_word' id='word_1_98' title='bbox 1981 1211 2040 1262; x_wconf 88' lang='lat' dir='ltr'><strong>et</strong></span> 
     </span>
    </p>
   </div>
   <div class='ocr_carea' id='block_1_13' title="bbox 334 1297 2036 1372">
    <p class='ocr_par' dir='ltr' id='par_1_13' title="bbox 334 1297 2036 1372">
     <span class='ocr_line' id='line_1_13' title="bbox 334 1297 2036 1372; baseline -0.002 -17"><span class='ocrx_word' id='word_1_99' title='bbox 334 1317 534 1372; x_wconf 90' lang='lat' dir='ltr'><strong>sapore</strong></span> <span class='ocrx_word' id='word_1_100' title='bbox 557 1301 846 1372; x_wconf 92' lang='lat' dir='ltr'><strong>jucundus</strong></span> <span class='ocrx_word' id='word_1_101' title='bbox 875 1304 961 1354; x_wconf 92' lang='lat' dir='ltr'><strong>est</strong></span> <span class='ocrx_word' id='word_1_102' title='bbox 992 1316 1005 1354; x_wconf 90' lang='lat'><strong>:</strong></span> <span class='ocrx_word' id='word_1_103' title='bbox 1039 1300 1262 1355; x_wconf 89' lang='lat' dir='ltr'><strong>habetis</strong></span> <span class='ocrx_word' id='word_1_104' title='bbox 1297 1301 1618 1371; x_wconf 89' lang='lat' dir='ltr'><strong>perfectum</strong></span> <span class='ocrx_word' id='word_1_105' title='bbox 1647 1298 1854 1353; x_wconf 55' lang='lat' dir='ltr'><strong>divinae</strong></span> <span class='ocrx_word' id='word_1_106' title='bbox 1899 1297 2036 1351; x_wconf 88' lang='lat' dir='ltr'><strong>sub-</strong></span> 
     </span>
    </p>
   </div>
   <div class='ocr_carea' id='block_1_14' title="bbox 333 1386 2038 1458">
    <p class='ocr_par' dir='ltr' id='par_1_14' title="bbox 333 1386 2038 1458">
     <span class='ocr_line' id='line_1_14' title="bbox 333 1386 2038 1458; baseline -0.003 -14"><span class='ocrx_word' id='word_1_107' title='bbox 333 1389 557 1446; x_wconf 68' lang='lat' dir='ltr'><strong>stantia:</strong></span> <span class='ocrx_word' id='word_1_108' title='bbox 607 1387 981 1443; x_wconf 88' lang='lat' dir='ltr'><strong>inbabitantis</strong></span> <span class='ocrx_word' id='word_1_109' title='bbox 1019 1388 1324 1458; x_wconf 84' lang='lat' dir='ltr'><strong>indicium;</strong></span> <span class='ocrx_word' id='word_1_110' title='bbox 1374 1389 1528 1443; x_wconf 92' lang='lat' dir='ltr'><strong>trino</strong></span> <span class='ocrx_word' id='word_1_111' title='bbox 1567 1386 1897 1442; x_wconf 88' lang='lat' dir='ltr'><strong>testimonio</strong></span> <span class='ocrx_word' id='word_1_112' title='bbox 1940 1401 2038 1439; x_wconf 88' lang='lat' dir='ltr'><strong>vos</strong></span> 
     </span>
    </p>
   </div>
   <div class='ocr_carea' id='block_1_15' title="bbox 335 1476 2038 1548">
    <p class='ocr_par' dir='ltr' id='par_1_15' title="bbox 335 1476 2038 1548">
     <span class='ocr_line' id='line_1_15' title="bbox 335 1476 2038 1548; baseline -0.004 -15"><span class='ocrx_word' id='word_1_113' title='bbox 335 1477 560 1545; x_wconf 84' lang='lat' dir='ltr'><strong>invitat,</strong></span> <span class='ocrx_word' id='word_1_114' title='bbox 592 1482 648 1531; x_wconf 90' lang='lat' dir='ltr'><strong>et</strong></span> <span class='ocrx_word' id='word_1_115' title='bbox 694 1476 931 1548; x_wconf 88' lang='lat' dir='ltr'><strong>purgari</strong></span> <span class='ocrx_word' id='word_1_116' title='bbox 969 1482 1157 1533; x_wconf 89' lang='lat' dir='ltr'><strong>vestra</strong></span> <span class='ocrx_word' id='word_1_117' title='bbox 1195 1476 1488 1532; x_wconf 88' lang='lat' dir='ltr'><strong>sanctitate</strong></span> <span class='ocrx_word' id='word_1_118' title='bbox 1532 1476 1834 1532; x_wconf 89' lang='lat' dir='ltr'><strong>desiderat.</strong></span> <span class='ocrx_word' id='word_1_119' title='bbox 1877 1476 2038 1529; x_wconf 85' lang='lat' dir='ltr'><strong>Inva-</strong></span> 
     </span>
    </p>
   </div>
   <div class='ocr_carea' id='block_1_16' title="bbox 336 1563 2042 1638">
    <p class='ocr_par' dir='ltr' id='par_1_16' title="bbox 336 1563 2042 1638">
     <span class='ocr_line' id='line_1_16' title="bbox 336 1563 2042 1638; baseline -0.004 -16"><span class='ocrx_word' id='word_1_120' title='bbox 336 1567 472 1628; x_wconf 91' lang='lat' dir='ltr'><strong>dite,</strong></span> <span class='ocrx_word' id='word_1_121' title='bbox 526 1565 666 1637; x_wconf 91' lang='lat' dir='ltr'><strong>quid</strong></span> <span class='ocrx_word' id='word_1_122' title='bbox 723 1565 1108 1620; x_wconf 84' lang='lat' dir='ltr'><strong>cunctamini?</strong></span> <span class='ocrx_word' id='word_1_123' title='bbox 1159 1565 1296 1638; x_wconf 91' lang='lat' dir='ltr'><strong>quid</strong></span> <span class='ocrx_word' id='word_1_124' title='bbox 1347 1565 1735 1621; x_wconf 85' lang='lat' dir='ltr'><strong>contradicere</strong></span> <span class='ocrx_word' id='word_1_125' title='bbox 1789 1563 2042 1636; x_wconf 85' lang='lat' dir='ltr'><strong>paratis?</strong></span> 
     </span>
    </p>
   </div>
   <div class='ocr_carea' id='block_1_17' title="bbox 338 1653 2043 1720">
    <p class='ocr_par' dir='ltr' id='par_1_17' title="bbox 338 1653 2043 1720">
     <span class='ocr_line' id='line_1_17' title="bbox 338 1653 2043 1720; baseline -0.002 -10"><span class='ocrx_word' id='word_1_126' title='bbox 338 1655 536 1710; x_wconf 90' lang='lat' dir='ltr'><strong>Colore</strong></span> <span class='ocrx_word' id='word_1_127' title='bbox 586 1655 705 1708; x_wconf 92' lang='lat' dir='ltr'><strong>solo</strong></span> <span class='ocrx_word' id='word_1_128' title='bbox 752 1654 1079 1710; x_wconf 89' lang='lat' dir='ltr'><strong>lenticulam</strong></span> <span class='ocrx_word' id='word_1_129' title='bbox 1127 1655 1299 1710; x_wconf 92' lang='lat' dir='ltr'><strong>ﬁmus</strong></span> <span class='ocrx_word' id='word_1_130' title='bbox 1343 1654 1519 1710; x_wconf 90' lang='lat' dir='ltr'><strong>vincit</strong></span> <span class='ocrx_word' id='word_1_131' title='bbox 1565 1654 1818 1720; x_wconf 84' lang='lat' dir='ltr'><strong>infantis,</strong></span> <span class='ocrx_word' id='word_1_132' title='bbox 1869 1653 2043 1707; x_wconf 88' lang='lat' dir='ltr'><strong>odore</strong></span> 
     </span>
    </p>
   </div>
   <div class='ocr_carea' id='block_1_18' title="bbox 338 1742 2042 1816">
    <p class='ocr_par' dir='ltr' id='par_1_18' title="bbox 338 1742 2042 1816">
     <span class='ocr_line' id='line_1_18' title="bbox 338 1742 2042 1816; baseline -0.002 -18"><span class='ocrx_word' id='word_1_133' title='bbox 338 1744 459 1798; x_wconf 92' lang='lat' dir='ltr'><strong>solo</strong></span> <span class='ocrx_word' id='word_1_134' title='bbox 491 1760 616 1798; x_wconf 89' lang='lat' dir='ltr'><strong>assa</strong></span> <span class='ocrx_word' id='word_1_135' title='bbox 645 1743 833 1798; x_wconf 74' lang='lat' dir='ltr'><strong>offella</strong></span> <span class='ocrx_word' id='word_1_136' title='bbox 861 1749 1092 1816; x_wconf 91' lang='lat' dir='ltr'><strong>superat</strong></span> <span class='ocrx_word' id='word_1_137' title='bbox 1119 1745 1317 1799; x_wconf 90' lang='lat' dir='ltr'><strong>mitem</strong></span> <span class='ocrx_word' id='word_1_138' title='bbox 1347 1759 1412 1798; x_wconf 88' lang='lat' dir='ltr'><strong>ac</strong></span> <span class='ocrx_word' id='word_1_139' title='bbox 1449 1743 1690 1798; x_wconf 84' lang='lat' dir='ltr'><strong>viridem</strong></span> <span class='ocrx_word' id='word_1_140' title='bbox 1728 1742 1923 1811; x_wconf 88' lang='lat' dir='ltr'><strong>ﬁcum,</strong></span> <span class='ocrx_word' id='word_1_141' title='bbox 1953 1757 2042 1795; x_wconf 90' lang='lat' dir='ltr'><strong>sa-</strong></span> 
     </span>
    </p>
   </div>
   <div class='ocr_carea' id='block_1_19' title="bbox 341 1830 2043 1906">
    <p class='ocr_par' dir='ltr' id='par_1_19' title="bbox 341 1830 2043 1906">
     <span class='ocr_line' id='line_1_19' title="bbox 341 1830 2043 1906; baseline -0.002 -18"><span class='ocrx_word' id='word_1_142' title='bbox 341 1849 479 1906; x_wconf 87' lang='lat' dir='ltr'><strong>pore</strong></span> <span class='ocrx_word' id='word_1_143' title='bbox 501 1835 621 1889; x_wconf 93' lang='lat' dir='ltr'><strong>solo</strong></span> <span class='ocrx_word' id='word_1_144' title='bbox 650 1833 851 1888; x_wconf 81' lang='lat' dir='ltr'><strong>haedus</strong></span> <span class='ocrx_word' id='word_1_145' title='bbox 871 1834 1088 1888; x_wconf 87' lang='lat' dir='ltr'><strong>occisus</strong></span> <span class='ocrx_word' id='word_1_146' title='bbox 1108 1834 1369 1896; x_wconf 88' lang='lat' dir='ltr'><strong>herbam,</strong></span> <span class='ocrx_word' id='word_1_147' title='bbox 1393 1848 1567 1905; x_wconf 90' lang='lat' dir='ltr'><strong>quam</strong></span> <span class='ocrx_word' id='word_1_148' title='bbox 1589 1831 1746 1886; x_wconf 88' lang='lat' dir='ltr'><strong>vivus</strong></span> <span class='ocrx_word' id='word_1_149' title='bbox 1770 1830 2043 1902; x_wconf 89' lang='lat' dir='ltr'><strong>pascitur,</strong></span> 
     </span>
    </p>
   </div>
   <div class='ocr_carea' id='block_1_20' title="bbox 340 1918 2044 1994">
    <p class='ocr_par' dir='ltr' id='par_1_20' title="bbox 340 1918 2044 1994">
     <span class='ocr_line' id='line_1_20' title="bbox 340 1918 2044 1994; baseline -0.002 -19"><span class='ocrx_word' id='word_1_150' title='bbox 340 1922 552 1978; x_wconf 90' lang='lat' dir='ltr'><strong>vincit:</strong></span> <span class='ocrx_word' id='word_1_151' title='bbox 583 1921 814 1977; x_wconf 88' lang='lat' dir='ltr'><strong>inventa</strong></span> <span class='ocrx_word' id='word_1_152' title='bbox 856 1926 942 1977; x_wconf 92' lang='lat' dir='ltr'><strong>est</strong></span> <span class='ocrx_word' id='word_1_153' title='bbox 970 1922 1143 1976; x_wconf 88' lang='lat' dir='ltr'><strong>etiam</strong></span> <span class='ocrx_word' id='word_1_154' title='bbox 1171 1938 1325 1990; x_wconf 92' lang='lat' dir='ltr'><strong>caro,</strong></span> <span class='ocrx_word' id='word_1_155' title='bbox 1357 1922 1519 1994; x_wconf 87' lang='lat' dir='ltr'><strong>cujus</strong></span> <span class='ocrx_word' id='word_1_156' title='bbox 1547 1937 1717 1976; x_wconf 89' lang='lat' dir='ltr'><strong>causa</strong></span> <span class='ocrx_word' id='word_1_157' title='bbox 1755 1920 1845 1974; x_wconf 94' lang='lat' dir='ltr'><strong>his</strong></span> <span class='ocrx_word' id='word_1_158' title='bbox 1873 1918 2044 1974; x_wconf 89' lang='lat' dir='ltr'><strong>simul</strong></span> 
     </span>
    </p>
   </div>
   <div class='ocr_carea' id='block_1_21' title="bbox 341 2009 2048 2082">
    <p class='ocr_par' dir='ltr' id='par_1_21' title="bbox 341 2009 2048 2082">
     <span class='ocr_line' id='line_1_21' title="bbox 341 2009 2048 2082; baseline -0.002 -17"><span class='ocrx_word' id='word_1_159' title='bbox 341 2011 524 2066; x_wconf 90' lang='lat' dir='ltr'><strong>tribus</strong></span> <span class='ocrx_word' id='word_1_160' title='bbox 552 2011 791 2067; x_wconf 85' lang='lat' dir='ltr'><strong>testibus</strong></span> <span class='ocrx_word' id='word_1_161' title='bbox 821 2010 1139 2082; x_wconf 85' lang='lat' dir='ltr'><strong>adjuvetur.</strong></span> <span class='ocrx_word' id='word_1_162' title='bbox 1171 2011 1318 2076; x_wconf 88' lang='lat' dir='ltr'><strong>Quid</strong></span> <span class='ocrx_word' id='word_1_163' title='bbox 1345 2009 1601 2082; x_wconf 73' lang='lat' dir='ltr'><strong>quaeritis</strong></span> <span class='ocrx_word' id='word_1_164' title='bbox 1629 2009 1920 2081; x_wconf 85' lang='lat' dir='ltr'><strong>amplius?</strong></span> <span class='ocrx_word' id='word_1_165' title='bbox 1948 2010 2048 2062; x_wconf 87' lang='lat' dir='ltr'><strong>aut</strong></span> 
     </span>
    </p>
   </div>
   <div class='ocr_carea' id='block_1_22' title="bbox 343 2096 2049 2171">
    <p class='ocr_par' dir='ltr' id='par_1_22' title="bbox 343 2096 2049 2171">
     <span class='ocr_line' id='line_1_22' title="bbox 343 2096 2049 2171; baseline -0.002 -17"><span class='ocrx_word' id='word_1_166' title='bbox 343 2100 481 2171; x_wconf 90' lang='lat' dir='ltr'><strong>quid</strong></span> <span class='ocrx_word' id='word_1_167' title='bbox 521 2100 730 2156; x_wconf 92' lang='lat' dir='ltr'><strong>dicturi</strong></span> <span class='ocrx_word' id='word_1_168' title='bbox 769 2100 941 2155; x_wconf 85' lang='lat' dir='ltr'><strong>estis?</strong></span> <span class='ocrx_word' id='word_1_169' title='bbox 969 2101 1082 2156; x_wconf 87' lang='lat' dir='ltr'><strong>Cur</strong></span> <span class='ocrx_word' id='word_1_170' title='bbox 1121 2117 1219 2154; x_wconf 89' lang='lat' dir='ltr'><strong>vos</strong></span> <span class='ocrx_word' id='word_1_171' title='bbox 1265 2099 1562 2170; x_wconf 88' lang='lat' dir='ltr'><strong>epulantes</strong></span> <span class='ocrx_word' id='word_1_172' title='bbox 1598 2097 1928 2152; x_wconf 89' lang='lat' dir='ltr'><strong>immundos</strong></span> <span class='ocrx_word' id='word_1_173' title='bbox 1967 2096 2049 2151; x_wconf 87' lang='lat' dir='ltr'><strong>fa-</strong></span> 
     </span>
    </p>
   </div>
   <div class='ocr_carea' id='block_1_23' title="bbox 343 2188 2049 2262">
    <p class='ocr_par' dir='ltr' id='par_1_23' title="bbox 343 2188 2049 2262">
     <span class='ocr_line' id='line_1_23' title="bbox 343 2188 2049 2262; baseline -0.003 -18"><span class='ocrx_word' id='word_1_174' title='bbox 343 2189 495 2244; x_wconf 88' lang='lat' dir='ltr'><strong>ciant</strong></span> <span class='ocrx_word' id='word_1_175' title='bbox 531 2189 922 2262; x_wconf 87' lang='lat' dir='ltr'><strong>pulpamenta,</strong></span> <span class='ocrx_word' id='word_1_176' title='bbox 956 2193 1012 2244; x_wconf 90' lang='lat' dir='ltr'><strong>et</strong></span> <span class='ocrx_word' id='word_1_177' title='bbox 1054 2188 1407 2260; x_wconf 81' lang='lat' dir='ltr'><strong>disputantes</strong></span> <span class='ocrx_word' id='word_1_178' title='bbox 1455 2188 1576 2244; x_wconf 63' lang='lat' dir='ltr'><strong>haec</strong></span> <span class='ocrx_word' id='word_1_179' title='bbox 1620 2191 1888 2259; x_wconf 86' lang='lat' dir='ltr'><strong>portenta</strong></span> <span class='ocrx_word' id='word_1_180' title='bbox 1932 2201 2049 2240; x_wconf 92' lang='lat' dir='ltr'><strong>non</strong></span> 
     </span>
    </p>
   </div>
   <div class='ocr_carea' id='block_1_24' title="bbox 344 2275 2048 2349">
    <p class='ocr_par' dir='ltr' id='par_1_24' title="bbox 344 2275 2048 2349">
     <span class='ocr_line' id='line_1_24' title="bbox 344 2275 2048 2349; baseline -0.002 -17"><span class='ocrx_word' id='word_1_181' title='bbox 344 2277 590 2333; x_wconf 80' lang='lat' dir='ltr'><strong>faciant:</strong></span> <span class='ocrx_word' id='word_1_182' title='bbox 620 2278 945 2349; x_wconf 62' lang='lat' dir='ltr'><strong>praesertim</strong></span> <span class='ocrx_word' id='word_1_183' title='bbox 987 2293 1118 2332; x_wconf 92' lang='lat' dir='ltr'><strong>cum</strong></span> <span class='ocrx_word' id='word_1_184' title='bbox 1148 2277 1282 2332; x_wconf 90' lang='lat' dir='ltr'><strong>solis</strong></span> <span class='ocrx_word' id='word_1_185' title='bbox 1310 2276 1475 2332; x_wconf 90' lang='lat' dir='ltr'><strong>istius</strong></span> <span class='ocrx_word' id='word_1_186' title='bbox 1503 2275 1716 2343; x_wconf 86' lang='lat' dir='ltr'><strong>radius,</strong></span> <span class='ocrx_word' id='word_1_187' title='bbox 1749 2290 1921 2347; x_wconf 86' lang='lat' dir='ltr'><strong>quem</strong></span> <span class='ocrx_word' id='word_1_188' title='bbox 1950 2290 2048 2328; x_wconf 85' lang='lat' dir='ltr'><strong>vos</strong></span> 
     </span>
    </p>
   </div>
   <div class='ocr_carea' id='block_1_25' title="bbox 341 2363 2047 2435">
    <p class='ocr_par' dir='ltr' id='par_1_25' title="bbox 341 2363 2047 2435">
     <span class='ocr_line' id='line_1_25' title="bbox 341 2363 2047 2435; baseline -0.002 -15"><span class='ocrx_word' id='word_1_189' title='bbox 341 2371 493 2422; x_wconf 89' lang='lat' dir='ltr'><strong>certe</strong></span> <span class='ocrx_word' id='word_1_190' title='bbox 533 2369 590 2420; x_wconf 90' lang='lat' dir='ltr'><strong>et</strong></span> <span class='ocrx_word' id='word_1_191' title='bbox 637 2365 902 2420; x_wconf 88' lang='lat' dir='ltr'><strong>carnibus</strong></span> <span class='ocrx_word' id='word_1_192' title='bbox 948 2365 1215 2420; x_wconf 91' lang='lat' dir='ltr'><strong>omnibus</strong></span> <span class='ocrx_word' id='word_1_193' title='bbox 1263 2369 1320 2419; x_wconf 90' lang='lat' dir='ltr'><strong>et</strong></span> <span class='ocrx_word' id='word_1_194' title='bbox 1369 2365 1632 2435; x_wconf 80' lang='lat' dir='ltr'><strong>frugibus</strong></span> <span class='ocrx_word' id='word_1_195' title='bbox 1676 2363 2047 2434; x_wconf 89' lang='lat' dir='ltr'><strong>anteponitis,</strong></span> 
     </span>
    </p>
   </div>
   <div class='ocr_carea' id='block_1_26' title="bbox 343 2452 2049 2522">
    <p class='ocr_par' dir='ltr' id='par_1_26' title="bbox 343 2452 2049 2522">
     <span class='ocr_line' id='line_1_26' title="bbox 343 2452 2049 2522; baseline -0.002 -14"><span class='ocrx_word' id='word_1_196' title='bbox 343 2469 449 2508; x_wconf 88' lang='lat' dir='ltr'><strong>nec</strong></span> <span class='ocrx_word' id='word_1_197' title='bbox 491 2453 662 2520; x_wconf 90' lang='lat' dir='ltr'><strong>oleat,</strong></span> <span class='ocrx_word' id='word_1_198' title='bbox 702 2468 807 2506; x_wconf 90' lang='lat' dir='ltr'><strong>nec</strong></span> <span class='ocrx_word' id='word_1_199' title='bbox 835 2452 1038 2522; x_wconf 89' lang='lat' dir='ltr'><strong>sapiat,</strong></span> <span class='ocrx_word' id='word_1_200' title='bbox 1085 2453 1182 2508; x_wconf 90' lang='lat' dir='ltr'><strong>sed</strong></span> <span class='ocrx_word' id='word_1_201' title='bbox 1219 2454 1616 2507; x_wconf 89' lang='lat' dir='ltr'><strong>tantummodo</strong></span> <span class='ocrx_word' id='word_1_202' title='bbox 1654 2452 1808 2507; x_wconf 89' lang='lat' dir='ltr'><strong>inter</strong></span> <span class='ocrx_word' id='word_1_203' title='bbox 1847 2455 2049 2506; x_wconf 80' lang='lat' dir='ltr'><strong>caetera</strong></span> 
     </span>
    </p>
   </div>
   <div class='ocr_carea' id='block_1_27' title="bbox 343 2540 2046 2613">
    <p class='ocr_par' dir='ltr' id='par_1_27' title="bbox 343 2540 2046 2613">
     <span class='ocr_line' id='line_1_27' title="bbox 343 2540 2046 2613; baseline -0.002 -17"><span class='ocrx_word' id='word_1_204' title='bbox 343 2557 606 2613; x_wconf 89' lang='lat' dir='ltr'><strong>corpora,</strong></span> <span class='ocrx_word' id='word_1_205' title='bbox 647 2541 979 2612; x_wconf 85' lang='lat' dir='ltr'><strong>praestantia</strong></span> <span class='ocrx_word' id='word_1_206' title='bbox 1035 2540 1443 2612; x_wconf 88' lang='lat' dir='ltr'><strong>fulgentissimi</strong></span> <span class='ocrx_word' id='word_1_207' title='bbox 1490 2541 1717 2609; x_wconf 92' lang='lat' dir='ltr'><strong>coloris,</strong></span> <span class='ocrx_word' id='word_1_208' title='bbox 1766 2540 2046 2608; x_wconf 86' lang='lat' dir='ltr'><strong>emineat;</strong></span> 
     </span>
    </p>
   </div>
   <div class='ocr_carea' id='block_1_28' title="bbox 341 2628 2047 2702">
    <p class='ocr_par' dir='ltr' id='par_1_28' title="bbox 341 2628 2047 2702">
     <span class='ocr_line' id='line_1_28' title="bbox 341 2628 2047 2702; baseline -0.001 -18"><span class='ocrx_word' id='word_1_209' title='bbox 341 2629 442 2702; x_wconf 88' lang='lat' dir='ltr'><strong>qui</strong></span> <span class='ocrx_word' id='word_1_210' title='bbox 469 2646 567 2685; x_wconf 89' lang='lat' dir='ltr'><strong>vos</strong></span> <span class='ocrx_word' id='word_1_211' title='bbox 591 2645 940 2701; x_wconf 83' lang='lat' dir='ltr'><strong>magnopere</strong></span> <span class='ocrx_word' id='word_1_212' title='bbox 960 2629 1240 2697; x_wconf 88' lang='lat' dir='ltr'><strong>hortatur,</strong></span> <span class='ocrx_word' id='word_1_213' title='bbox 1274 2633 1445 2700; x_wconf 89' lang='lat' dir='ltr'><strong>atque</strong></span> <span class='ocrx_word' id='word_1_214' title='bbox 1476 2629 1618 2684; x_wconf 86' lang='lat' dir='ltr'><strong>adeo</strong></span> <span class='ocrx_word' id='word_1_215' title='bbox 1639 2629 1794 2701; x_wconf 88' lang='lat' dir='ltr'><strong>cogit</strong></span> <span class='ocrx_word' id='word_1_216' title='bbox 1815 2628 2047 2697; x_wconf 91' lang='lat' dir='ltr'><strong>invitos,</strong></span> 
     </span>
    </p>
   </div>
   <div class='ocr_carea' id='block_1_29' title="bbox 343 2717 2049 2787">
    <p class='ocr_par' dir='ltr' id='par_1_29' title="bbox 343 2717 2049 2787">
     <span class='ocr_line' id='line_1_29' title="bbox 343 2717 2049 2787; baseline -0.001 -14"><span class='ocrx_word' id='word_1_217' title='bbox 343 2722 408 2773; x_wconf 90' lang='lat' dir='ltr'><strong>ut</strong></span> <span class='ocrx_word' id='word_1_218' title='bbox 443 2718 593 2773; x_wconf 90' lang='lat' dir='ltr'><strong>inter</strong></span> <span class='ocrx_word' id='word_1_219' title='bbox 630 2719 972 2774; x_wconf 90' lang='lat' dir='ltr'><strong>documenta</strong></span> <span class='ocrx_word' id='word_1_220' title='bbox 1009 2717 1305 2773; x_wconf 81' lang='lat' dir='ltr'><strong>commixti</strong></span> <span class='ocrx_word' id='word_1_221' title='bbox 1342 2717 1500 2787; x_wconf 91' lang='lat' dir='ltr'><strong>boni,</strong></span> <span class='ocrx_word' id='word_1_222' title='bbox 1533 2718 1676 2773; x_wconf 87' lang='lat' dir='ltr'><strong>nihil</strong></span> <span class='ocrx_word' id='word_1_223' title='bbox 1706 2718 1914 2773; x_wconf 91' lang='lat' dir='ltr'><strong>coloris</strong></span> <span class='ocrx_word' id='word_1_224' title='bbox 1960 2717 2049 2772; x_wconf 91' lang='lat' dir='ltr'><strong>ni-</strong></span> 
     </span>
    </p>
   </div>
   <div class='ocr_carea' id='block_1_30' title="bbox 343 2807 838 2879">
    <p class='ocr_par' dir='ltr' id='par_1_30' title="bbox 343 2807 838 2879">
     <span class='ocr_line' id='line_1_30' title="bbox 343 2807 838 2879; baseline -0.002 -16"><span class='ocrx_word' id='word_1_225' title='bbox 343 2807 454 2863; x_wconf 91' lang='lat' dir='ltr'><strong>tori</strong></span> <span class='ocrx_word' id='word_1_226' title='bbox 483 2807 838 2879; x_wconf 76' lang='lat' dir='ltr'><strong>praeferetis?</strong></span> 
     </span>
    </p>
   </div>
   <div class='ocr_carea' id='block_1_31' title="bbox 412 2894 2051 2968">
    <p class='ocr_par' dir='ltr' id='par_1_31' title="bbox 412 2894 2051 2968">
     <span class='ocr_line' id='line_1_31' title="bbox 412 2894 2051 2968; baseline -0.001 -16"><span class='ocrx_word' id='word_1_227' title='bbox 412 2899 501 2952; x_wconf 78' lang='grc'><strong>42.</strong></span> <span class='ocrx_word' id='word_1_228' title='bbox 533 2896 620 2951; x_wconf 88' lang='lat' dir='ltr'><strong>Ad</strong></span> <span class='ocrx_word' id='word_1_229' title='bbox 664 2896 790 2952; x_wconf 90' lang='lat' dir='ltr'><strong>illas</strong></span> <span class='ocrx_word' id='word_1_230' title='bbox 837 2912 975 2968; x_wconf 89' lang='lat' dir='ltr'><strong>ergo</strong></span> <span class='ocrx_word' id='word_1_231' title='bbox 1021 2895 1365 2951; x_wconf 90' lang='lat' dir='ltr'><strong>reducimini</strong></span> <span class='ocrx_word' id='word_1_232' title='bbox 1406 2895 1719 2967; x_wconf 89' lang='lat' dir='ltr'><strong>angustias,</strong></span> <span class='ocrx_word' id='word_1_233' title='bbox 1760 2897 1826 2950; x_wconf 88' lang='lat' dir='ltr'><strong>ut</strong></span> <span class='ocrx_word' id='word_1_234' title='bbox 1864 2894 2051 2966; x_wconf 89' lang='lat' dir='ltr'><strong>magis</strong></span> 
     </span>
    </p>
   </div>
   <div class='ocr_carea' id='block_1_32' title="bbox 341 2984 2053 3056">
    <p class='ocr_par' dir='ltr' id='par_1_32' title="bbox 341 2984 2053 3056">
     <span class='ocr_line' id='line_1_32' title="bbox 341 2984 2053 3056; baseline -0.001 -17"><span class='ocrx_word' id='word_1_235' title='bbox 341 2984 404 3039; x_wconf 91' lang='lat' dir='ltr'><strong>in</strong></span> <span class='ocrx_word' id='word_1_236' title='bbox 432 2985 730 3056; x_wconf 89' lang='lat' dir='ltr'><strong>sanguine,</strong></span> <span class='ocrx_word' id='word_1_237' title='bbox 763 2989 819 3040; x_wconf 92' lang='lat' dir='ltr'><strong>et</strong></span> <span class='ocrx_word' id='word_1_238' title='bbox 847 2985 907 3040; x_wconf 93' lang='lat' dir='ltr'><strong>in</strong></span> <span class='ocrx_word' id='word_1_239' title='bbox 947 2985 1018 3040; x_wconf 91' lang='lat' dir='ltr'><strong>iis</strong></span> <span class='ocrx_word' id='word_1_240' title='bbox 1059 3002 1190 3056; x_wconf 69' lang='lat' dir='ltr'><strong>quas</strong></span> <span class='ocrx_word' id='word_1_241' title='bbox 1217 2985 1556 3040; x_wconf 89' lang='lat' dir='ltr'><strong>animalium</strong></span> <span class='ocrx_word' id='word_1_242' title='bbox 1604 2984 1873 3040; x_wconf 90' lang='lat' dir='ltr'><strong>carnibus</strong></span> <span class='ocrx_word' id='word_1_243' title='bbox 1903 2984 2053 3040; x_wconf 89' lang='lat' dir='ltr'><strong>foeti-</strong></span> 
     </span>
    </p>
   </div>
   <div class='ocr_carea' id='block_1_33' title="bbox 346 3073 2050 3153">
    <p class='ocr_par' dir='ltr' id='par_1_33' title="bbox 346 3073 2050 3153">
     <span class='ocr_line' id='line_1_33' title="bbox 346 3073 2050 3153; baseline -0.001 -25"><span class='ocrx_word' id='word_1_244' title='bbox 346 3073 600 3153; x_wconf 79' lang='lat' dir='ltr'><strong>dissimaz</strong></span> <span class='ocrx_word' id='word_1_245' title='bbox 634 3075 732 3129; x_wconf 91' lang='lat' dir='ltr'><strong>sed</strong></span> <span class='ocrx_word' id='word_1_246' title='bbox 757 3073 942 3129; x_wconf 89' lang='lat' dir='ltr'><strong>nitide</strong></span> <span class='ocrx_word' id='word_1_247' title='bbox 971 3073 1221 3129; x_wconf 88' lang='lat' dir='ltr'><strong>colorata</strong></span> <span class='ocrx_word' id='word_1_248' title='bbox 1248 3073 1311 3128; x_wconf 93' lang='lat' dir='ltr'><strong>in</strong></span> <span class='ocrx_word' id='word_1_249' title='bbox 1340 3073 1477 3128; x_wconf 85' lang='lat' dir='ltr'><strong>vicis</strong></span> <span class='ocrx_word' id='word_1_250' title='bbox 1507 3077 1840 3145; x_wconf 89' lang='lat' dir='ltr'><strong>egeruntur,</strong></span> <span class='ocrx_word' id='word_1_251' title='bbox 1875 3088 2050 3144; x_wconf 89' lang='lat' dir='ltr'><strong>quam</strong></span> 
     </span>
    </p>
   </div>
   <div class='ocr_carea' id='block_1_34' title="bbox 345 3162 2049 3234">
    <p class='ocr_par' dir='ltr' id='par_1_34' title="bbox 345 3162 2049 3234">
     <span class='ocr_line' id='line_1_34' title="bbox 345 3162 2049 3234; baseline -0.001 -16"><span class='ocrx_word' id='word_1_252' title='bbox 345 3164 406 3218; x_wconf 93' lang='lat' dir='ltr'><strong>in</strong></span> <span class='ocrx_word' id='word_1_253' title='bbox 436 3163 599 3218; x_wconf 72' lang='lat' dir='ltr'><strong>olivas</strong></span> <span class='ocrx_word' id='word_1_254' title='bbox 626 3162 775 3217; x_wconf 88' lang='lat' dir='ltr'><strong>foliis</strong></span> <span class='ocrx_word' id='word_1_255' title='bbox 802 3163 1145 3234; x_wconf 87' lang='lat' dir='ltr'><strong>pallentibus</strong></span> <span class='ocrx_word' id='word_1_256' title='bbox 1173 3167 1399 3234; x_wconf 89' lang='lat' dir='ltr'><strong>partem</strong></span> <span class='ocrx_word' id='word_1_257' title='bbox 1444 3162 1545 3217; x_wconf 89' lang='lat' dir='ltr'><strong>Dei</strong></span> <span class='ocrx_word' id='word_1_258' title='bbox 1572 3162 1830 3217; x_wconf 88' lang='lat' dir='ltr'><strong>habitare</strong></span> <span class='ocrx_word' id='word_1_259' title='bbox 1869 3162 2049 3217; x_wconf 86' lang='lat' dir='ltr'><strong>fatea-</strong></span> 
     </span>
    </p>
   </div>
   <div class='ocr_carea' id='block_1_35' title="bbox 348 3250 2052 3319">
    <p class='ocr_par' dir='ltr' id='par_1_35' title="bbox 348 3250 2052 3319">
     <span class='ocr_line' id='line_1_35' title="bbox 348 3250 2052 3319; baseline 0 -13"><span class='ocrx_word' id='word_1_260' title='bbox 348 3251 510 3306; x_wconf 91' lang='lat' dir='ltr'><strong>mini.</strong></span> <span class='ocrx_word' id='word_1_261' title='bbox 555 3252 716 3316; x_wconf 92' lang='lat' dir='ltr'><strong>Quod</strong></span> <span class='ocrx_word' id='word_1_262' title='bbox 764 3251 810 3305; x_wconf 93' lang='lat' dir='ltr'><strong>si</strong></span> <span class='ocrx_word' id='word_1_263' title='bbox 855 3252 1064 3317; x_wconf 88' lang='lat' dir='ltr'><strong>dicitis,</strong></span> <span class='ocrx_word' id='word_1_264' title='bbox 1101 3267 1237 3306; x_wconf 91' lang='lat' dir='ltr'><strong>nam</strong></span> <span class='ocrx_word' id='word_1_265' title='bbox 1279 3251 1452 3306; x_wconf 90' lang='lat' dir='ltr'><strong>etiam</strong></span> <span class='ocrx_word' id='word_1_266' title='bbox 1499 3251 1608 3306; x_wconf 89' lang='lat' dir='ltr'><strong>hoc</strong></span> <span class='ocrx_word' id='word_1_267' title='bbox 1645 3251 1850 3319; x_wconf 91' lang='lat' dir='ltr'><strong>dicitis,</strong></span> <span class='ocrx_word' id='word_1_268' title='bbox 1890 3250 2052 3306; x_wconf 68' lang='lat' dir='ltr'><strong>olivae</strong></span> 
     </span>
    </p>
   </div>
   <div class='ocr_carea' id='block_1_36' title="bbox 348 3337 2054 3410">
    <p class='ocr_par' dir='ltr' id='par_1_36' title="bbox 348 3337 2054 3410">
     <span class='ocr_line' id='line_1_36' title="bbox 348 3337 2054 3410; baseline -0.001 -16"><span class='ocrx_word' id='word_1_269' title='bbox 348 3339 504 3407; x_wconf 84' lang='lat' dir='ltr'><strong>folia,</strong></span> <span class='ocrx_word' id='word_1_270' title='bbox 539 3355 670 3393; x_wconf 92' lang='lat' dir='ltr'><strong>cum</strong></span> <span class='ocrx_word' id='word_1_271' title='bbox 698 3338 1101 3406; x_wconf 89' lang='lat' dir='ltr'><strong>incenduntur,</strong></span> <span class='ocrx_word' id='word_1_272' title='bbox 1134 3337 1331 3410; x_wconf 90' lang='lat' dir='ltr'><strong>ignem</strong></span> <span class='ocrx_word' id='word_1_273' title='bbox 1360 3338 1643 3406; x_wconf 87' lang='lat' dir='ltr'><strong>emittere,</strong></span> <span class='ocrx_word' id='word_1_274' title='bbox 1676 3338 1736 3392; x_wconf 92' lang='lat' dir='ltr'><strong>in</strong></span> <span class='ocrx_word' id='word_1_275' title='bbox 1763 3354 1876 3409; x_wconf 87' lang='lat' dir='ltr'><strong>quo</strong></span> <span class='ocrx_word' id='word_1_276' title='bbox 1902 3353 2054 3408; x_wconf 69' lang='lat' dir='ltr'><strong>pras-</strong></span> 
     </span>
    </p>
   </div>
   <div class='ocr_carea' id='block_1_37' title="bbox 349 3427 2051 3499">
    <p class='ocr_par' dir='ltr' id='par_1_37' title="bbox 349 3427 2051 3499">
     <span class='ocr_line' id='line_1_37' title="bbox 349 3427 2051 3499; baseline -0.001 -17"><span class='ocrx_word' id='word_1_277' title='bbox 349 3427 531 3483; x_wconf 89' lang='lat' dir='ltr'><strong>scntia</strong></span> <span class='ocrx_word' id='word_1_278' title='bbox 555 3427 698 3482; x_wconf 90' lang='lat' dir='ltr'><strong>lucis</strong></span> <span class='ocrx_word' id='word_1_279' title='bbox 726 3431 988 3499; x_wconf 87' lang='lat' dir='ltr'><strong>apparet;</strong></span> <span class='ocrx_word' id='word_1_280' title='bbox 1019 3443 1216 3482; x_wconf 89' lang='lat' dir='ltr'><strong>carnes</strong></span> <span class='ocrx_word' id='word_1_281' title='bbox 1245 3431 1462 3498; x_wconf 87' lang='lat' dir='ltr'><strong>autem,</strong></span> <span class='ocrx_word' id='word_1_282' title='bbox 1492 3443 1623 3482; x_wconf 91' lang='lat' dir='ltr'><strong>cum</strong></span> <span class='ocrx_word' id='word_1_283' title='bbox 1649 3427 2051 3491; x_wconf 89' lang='lat' dir='ltr'><strong>incenduntur,</strong></span> 
     </span>
    </p>
   </div>
   <div class='ocr_carea' id='block_1_38' title="bbox 348 3515 2056 3588">
    <p class='ocr_par' dir='ltr' id='par_1_38' title="bbox 348 3515 2056 3588">
     <span class='ocr_line' id='line_1_38' title="bbox 348 3515 2056 3588; baseline -0.002 -16"><span class='ocrx_word' id='word_1_284' title='bbox 348 3533 465 3572; x_wconf 93' lang='lat' dir='ltr'><strong>non</strong></span> <span class='ocrx_word' id='word_1_285' title='bbox 509 3515 666 3572; x_wconf 91' lang='lat' dir='ltr'><strong>idem</strong></span> <span class='ocrx_word' id='word_1_286' title='bbox 706 3515 924 3572; x_wconf 84' lang='lat' dir='ltr'><strong>facere:</strong></span> <span class='ocrx_word' id='word_1_287' title='bbox 967 3516 1105 3588; x_wconf 91' lang='lat' dir='ltr'><strong>quid</strong></span> <span class='ocrx_word' id='word_1_288' title='bbox 1152 3516 1221 3571; x_wconf 92' lang='lat' dir='ltr'><strong>de</strong></span> <span class='ocrx_word' id='word_1_289' title='bbox 1262 3516 1430 3586; x_wconf 88' lang='lat' dir='ltr'><strong>adipe</strong></span> <span class='ocrx_word' id='word_1_290' title='bbox 1478 3515 1910 3587; x_wconf 88' lang='lat' dir='ltr'><strong>respondebitis,</strong></span> <span class='ocrx_word' id='word_1_291' title='bbox 1954 3516 2056 3587; x_wconf 86' lang='lat' dir='ltr'><strong>qui</strong></span> 
     </span>
    </p>
   </div>
   <div class='ocr_carea' id='block_1_39' title="bbox 350 3603 2053 3677">
    <p class='ocr_par' dir='ltr' id='par_1_39' title="bbox 350 3603 2053 3677">
     <span class='ocr_line' id='line_1_39' title="bbox 350 3603 2053 3677; baseline 0 -19"><span class='ocrx_word' id='word_1_292' title='bbox 350 3621 529 3677; x_wconf 87' lang='lat' dir='ltr'><strong>prope</strong></span> <span class='ocrx_word' id='word_1_293' title='bbox 559 3620 757 3659; x_wconf 90' lang='lat' dir='ltr'><strong>omnes</strong></span> <span class='ocrx_word' id='word_1_294' title='bbox 791 3604 957 3658; x_wconf 88' lang='lat' dir='ltr'><strong>Italas</strong></span> <span class='ocrx_word' id='word_1_295' title='bbox 987 3605 1246 3660; x_wconf 90' lang='lat' dir='ltr'><strong>lucernas</strong></span> <span class='ocrx_word' id='word_1_296' title='bbox 1273 3603 1602 3659; x_wconf 85' lang='lat' dir='ltr'><strong>illuminat?</strong></span> <span class='ocrx_word' id='word_1_297' title='bbox 1630 3604 1780 3669; x_wconf 89' lang='lat' dir='ltr'><strong>Quid</strong></span> <span class='ocrx_word' id='word_1_298' title='bbox 1818 3603 1888 3659; x_wconf 91' lang='lat' dir='ltr'><strong>de</strong></span> <span class='ocrx_word' id='word_1_299' title='bbox 1917 3603 2053 3659; x_wconf 87' lang='lat' dir='ltr'><strong>ﬁmo</strong></span> 
     </span>
    </p>
   </div>
   <div class='ocr_carea' id='block_1_40' title="bbox 350 3692 2054 3765">
    <p class='ocr_par' dir='ltr' id='par_1_40' title="bbox 350 3692 2054 3765">
     <span class='ocr_line' id='line_1_40' title="bbox 350 3692 2054 3765; baseline -0.002 -17"><span class='ocrx_word' id='word_1_300' title='bbox 350 3694 587 3763; x_wconf 90' lang='lat' dir='ltr'><strong>bubulo,</strong></span> <span class='ocrx_word' id='word_1_301' title='bbox 619 3693 719 3765; x_wconf 92' lang='lat' dir='ltr'><strong>qui</strong></span> <span class='ocrx_word' id='word_1_302' title='bbox 757 3698 841 3749; x_wconf 89' lang='lat' dir='ltr'><strong>est</strong></span> <span class='ocrx_word' id='word_1_303' title='bbox 881 3698 1032 3749; x_wconf 91' lang='lat' dir='ltr'><strong>certe</strong></span> <span class='ocrx_word' id='word_1_304' title='bbox 1070 3693 1234 3749; x_wconf 88' lang='lat' dir='ltr'><strong>bovis</strong></span> <span class='ocrx_word' id='word_1_305' title='bbox 1264 3709 1435 3748; x_wconf 89' lang='lat' dir='ltr'><strong>carne</strong></span> <span class='ocrx_word' id='word_1_306' title='bbox 1473 3692 1771 3761; x_wconf 87' lang='lat' dir='ltr'><strong>sordidior,</strong></span> <span class='ocrx_word' id='word_1_307' title='bbox 1802 3708 1917 3764; x_wconf 92' lang='lat' dir='ltr'><strong>quo</strong></span> <span class='ocrx_word' id='word_1_308' title='bbox 1948 3692 2054 3746; x_wconf 89' lang='lat' dir='ltr'><strong>sic-</strong></span> 
     </span>
    </p>
   </div>
   <div class='ocr_carea' id='block_1_41' title="bbox 252 3780 2054 3865">
    <p class='ocr_par' dir='ltr' id='par_1_41' title="bbox 252 3780 2054 3865">
     <span class='ocr_line' id='line_1_41' title="bbox 252 3780 2054 3865; baseline -0.002 -28"><span class='ocrx_word' id='word_1_309' title='bbox 252 3857 257 3865; x_wconf 80' lang='lat'>_</span> <span class='ocrx_word' id='word_1_310' title='bbox 351 3787 476 3837; x_wconf 89' lang='lat' dir='ltr'><strong>cato</strong></span> <span class='ocrx_word' id='word_1_311' title='bbox 503 3783 702 3837; x_wconf 84' lang='lat' dir='ltr'><strong>rustici</strong></span> <span class='ocrx_word' id='word_1_312' title='bbox 722 3783 802 3837; x_wconf 92' lang='lat' dir='ltr'><strong>sic</strong></span> <span class='ocrx_word' id='word_1_313' title='bbox 822 3786 1066 3838; x_wconf 91' lang='lat' dir='ltr'><strong>utuntur</strong></span> <span class='ocrx_word' id='word_1_314' title='bbox 1094 3783 1164 3837; x_wconf 91' lang='lat' dir='ltr'><strong>ad</strong></span> <span class='ocrx_word' id='word_1_315' title='bbox 1189 3783 1402 3850; x_wconf 88' lang='lat' dir='ltr'><strong>focum,</strong></span> <span class='ocrx_word' id='word_1_316' title='bbox 1429 3786 1495 3838; x_wconf 86' lang='lat' dir='ltr'><strong>ut</strong></span> <span class='ocrx_word' id='word_1_317' title='bbox 1523 3782 1646 3853; x_wconf 87' lang='lat' dir='ltr'><strong>ejus</strong></span> <span class='ocrx_word' id='word_1_318' title='bbox 1672 3781 1805 3852; x_wconf 89' lang='lat' dir='ltr'><strong>igne</strong></span> <span class='ocrx_word' id='word_1_319' title='bbox 1833 3780 2054 3836; x_wconf 88' lang='lat' dir='ltr'><strong>facilius</strong></span> 
     </span>
    </p>
   </div>
   <div class='ocr_carea' id='block_1_42' title="bbox 353 3869 2058 3941">
    <p class='ocr_par' dir='ltr' id='par_1_42' title="bbox 353 3869 2058 3941">
     <span class='ocr_line' id='line_1_42' title="bbox 353 3869 2058 3941; baseline -0.002 -15"><span class='ocrx_word' id='word_1_320' title='bbox 353 3871 498 3926; x_wconf 90' lang='lat' dir='ltr'><strong>nihil</strong></span> <span class='ocrx_word' id='word_1_321' title='bbox 537 3870 610 3924; x_wconf 89' lang='lat' dir='ltr'><strong>sit</strong></span> <span class='ocrx_word' id='word_1_322' title='bbox 644 3871 918 3940; x_wconf 90' lang='lat' dir='ltr'><strong>fumoque</strong></span> <span class='ocrx_word' id='word_1_323' title='bbox 957 3869 1298 3940; x_wconf 89' lang='lat' dir='ltr'><strong>purgatius?</strong></span> <span class='ocrx_word' id='word_1_324' title='bbox 1331 3869 1476 3934; x_wconf 88' lang='lat' dir='ltr'><strong>Quid</strong></span> <span class='ocrx_word' id='word_1_325' title='bbox 1521 3869 1694 3941; x_wconf 89' lang='lat' dir='ltr'><strong>quod,</strong></span> <span class='ocrx_word' id='word_1_326' title='bbox 1725 3870 1773 3923; x_wconf 91' lang='lat' dir='ltr'><strong>si</strong></span> <span class='ocrx_word' id='word_1_327' title='bbox 1805 3869 1956 3924; x_wconf 89' lang='lat' dir='ltr'><strong>nitor</strong></span> <span class='ocrx_word' id='word_1_328' title='bbox 2001 3871 2058 3923; x_wconf 90' lang='lat' dir='ltr'><strong>et</strong></span> 
     </span>
    </p>
   </div>
   <div class='ocr_carea' id='block_1_43' title="bbox 353 3956 2054 4029">
    <p class='ocr_par' dir='ltr' id='par_1_43' title="bbox 353 3956 2054 4029">
     <span class='ocr_line' id='line_1_43' title="bbox 353 3956 2054 4029; baseline -0.001 -17"><span class='ocrx_word' id='word_1_329' title='bbox 353 3959 546 4029; x_wconf 86' lang='lat' dir='ltr'><strong>fulgor</strong></span> <span class='ocrx_word' id='word_1_330' title='bbox 586 3957 864 4028; x_wconf 89' lang='lat' dir='ltr'><strong>majorem</strong></span> <span class='ocrx_word' id='word_1_331' title='bbox 900 3958 1271 4027; x_wconf 63' lang='lat' dir='ltr'><strong>praesentiam</strong></span> <span class='ocrx_word' id='word_1_332' title='bbox 1317 3957 1526 4012; x_wconf 71' lang='lat' dir='ltr'><strong>divinas</strong></span> <span class='ocrx_word' id='word_1_333' title='bbox 1565 3957 1743 4028; x_wconf 89' lang='lat' dir='ltr'><strong>partis</strong></span> <span class='ocrx_word' id='word_1_334' title='bbox 1783 3956 2054 4027; x_wconf 80' lang='lat' dir='ltr'><strong>ostendit,</strong></span> 
     </span>
    </p>
   </div>
   <div class='ocr_carea' id='block_1_44' title="bbox 353 4045 2057 4117">
    <p class='ocr_par' dir='ltr' id='par_1_44' title="bbox 353 4045 2057 4117">
     <span class='ocr_line' id='line_1_44' title="bbox 353 4045 2057 4117; baseline -0.001 -15"><span class='ocrx_word' id='word_1_335' title='bbox 353 4063 480 4102; x_wconf 89' lang='lat' dir='ltr'><strong>eam</strong></span> <span class='ocrx_word' id='word_1_336' title='bbox 510 4061 607 4100; x_wconf 89' lang='lat' dir='ltr'><strong>vos</strong></span> <span class='ocrx_word' id='word_1_337' title='bbox 632 4061 749 4100; x_wconf 93' lang='lat' dir='ltr'><strong>non</strong></span> <span class='ocrx_word' id='word_1_338' title='bbox 775 4045 1052 4117; x_wconf 90' lang='lat' dir='ltr'><strong>purgatis,</strong></span> <span class='ocrx_word' id='word_1_339' title='bbox 1075 4062 1195 4100; x_wconf 92' lang='lat' dir='ltr'><strong>non</strong></span> <span class='ocrx_word' id='word_1_340' title='bbox 1215 4045 1583 4117; x_wconf 88' lang='lat' dir='ltr'><strong>consignatis,</strong></span> <span class='ocrx_word' id='word_1_341' title='bbox 1616 4061 1733 4100; x_wconf 94' lang='lat' dir='ltr'><strong>non</strong></span> <span class='ocrx_word' id='word_1_342' title='bbox 1762 4045 2057 4100; x_wconf 88' lang='lat' dir='ltr'><strong>liberatis?</strong></span> 
     </span>
    </p>
   </div>
   <div class='ocr_carea' id='block_1_45' title="bbox 353 4133 2059 4207">
    <p class='ocr_par' dir='ltr' id='par_1_45' title="bbox 353 4133 2059 4207">
     <span class='ocr_line' id='line_1_45' title="bbox 353 4133 2059 4207; baseline -0.001 -17"><span class='ocrx_word' id='word_1_343' title='bbox 353 4133 646 4207; x_wconf 86' lang='lat' dir='ltr'><strong>Siquidem</strong></span> <span class='ocrx_word' id='word_1_344' title='bbox 675 4138 760 4188; x_wconf 90' lang='lat' dir='ltr'><strong>est</strong></span> <span class='ocrx_word' id='word_1_345' title='bbox 787 4133 1035 4189; x_wconf 79' lang='lat' dir='ltr'><strong>maxime</strong></span> <span class='ocrx_word' id='word_1_346' title='bbox 1065 4133 1125 4188; x_wconf 93' lang='lat' dir='ltr'><strong>in</strong></span> <span class='ocrx_word' id='word_1_347' title='bbox 1155 4135 1415 4203; x_wconf 81' lang='lat' dir='ltr'><strong>floribus,</strong></span> <span class='ocrx_word' id='word_1_348' title='bbox 1448 4139 1510 4190; x_wconf 88' lang='lat' dir='ltr'><strong>ut</strong></span> <span class='ocrx_word' id='word_1_349' title='bbox 1539 4135 1802 4190; x_wconf 89' lang='lat' dir='ltr'><strong>omittam</strong></span> <span class='ocrx_word' id='word_1_350' title='bbox 1831 4134 2059 4206; x_wconf 87' lang='lat' dir='ltr'><strong>sangui-</strong></span> 
     </span>
    </p>
   </div>
   <div class='ocr_carea' id='block_1_46' title="bbox 353 4222 2056 4293">
    <p class='ocr_par' dir='ltr' id='par_1_46' title="bbox 353 4222 2056 4293">
     <span class='ocr_line' id='line_1_46' title="bbox 353 4222 2056 4293; baseline -0.001 -13"><span class='ocrx_word' id='word_1_351' title='bbox 353 4241 508 4292; x_wconf 92' lang='lat' dir='ltr'><strong>nem,</strong></span> <span class='ocrx_word' id='word_1_352' title='bbox 553 4227 609 4278; x_wconf 89' lang='lat' dir='ltr'><strong>et</strong></span> <span class='ocrx_word' id='word_1_353' title='bbox 635 4222 1080 4278; x_wconf 90' lang='lat' dir='ltr'><strong>innumerabilia</strong></span> <span class='ocrx_word' id='word_1_354' title='bbox 1118 4223 1181 4278; x_wconf 90' lang='lat' dir='ltr'><strong>in</strong></span> <span class='ocrx_word' id='word_1_355' title='bbox 1212 4240 1402 4293; x_wconf 91' lang='lat' dir='ltr'><strong>carne,</strong></span> <span class='ocrx_word' id='word_1_356' title='bbox 1446 4223 1534 4279; x_wconf 87' lang='lat' dir='ltr'><strong>vel</strong></span> <span class='ocrx_word' id='word_1_357' title='bbox 1564 4241 1634 4280; x_wconf 87' lang='lat' dir='ltr'><strong>ex</strong></span> <span class='ocrx_word' id='word_1_358' title='bbox 1669 4240 1838 4279; x_wconf 89' lang='lat' dir='ltr'><strong>carne</strong></span> <span class='ocrx_word' id='word_1_359' title='bbox 1870 4224 2056 4279; x_wconf 88' lang='lat' dir='ltr'><strong>simil-</strong></span> 
     </span>
    </p>
   </div>
   <div class='ocr_carea' id='block_1_47' title="bbox 355 4312 2054 4385">
    <p class='ocr_par' dir='ltr' id='par_1_47' title="bbox 355 4312 2054 4385">
     <span class='ocr_line' id='line_1_47' title="bbox 355 4312 2054 4385; baseline -0.001 -17"><span class='ocrx_word' id='word_1_360' title='bbox 355 4313 515 4383; x_wconf 90' lang='lat' dir='ltr'><strong>lima,</strong></span> <span class='ocrx_word' id='word_1_361' title='bbox 545 4329 690 4385; x_wconf 84' lang='lat' dir='ltr'><strong>quos</strong></span> <span class='ocrx_word' id='word_1_362' title='bbox 714 4317 865 4367; x_wconf 89' lang='lat' dir='ltr'><strong>certe</strong></span> <span class='ocrx_word' id='word_1_363' title='bbox 894 4313 1062 4366; x_wconf 88' lang='lat' dir='ltr'><strong>ﬂores</strong></span> <span class='ocrx_word' id='word_1_364' title='bbox 1097 4312 1308 4368; x_wconf 90' lang='lat' dir='ltr'><strong>habere</strong></span> <span class='ocrx_word' id='word_1_365' title='bbox 1332 4313 1394 4368; x_wconf 91' lang='lat' dir='ltr'><strong>in</strong></span> <span class='ocrx_word' id='word_1_366' title='bbox 1418 4314 1602 4384; x_wconf 91' lang='lat' dir='ltr'><strong>epulis</strong></span> <span class='ocrx_word' id='word_1_367' title='bbox 1632 4329 1748 4368; x_wconf 92' lang='lat' dir='ltr'><strong>non</strong></span> <span class='ocrx_word' id='word_1_368' title='bbox 1777 4313 2054 4385; x_wconf 87' lang='lat' dir='ltr'><strong>potestis:</strong></span> 
     </span>
    </p>
   </div>
   <div class='ocr_carea' id='block_1_48' title="bbox 355 4401 2058 4475">
    <p class='ocr_par' dir='ltr' id='par_1_48' title="bbox 355 4401 2058 4475">
     <span class='ocr_line' id='line_1_48' title="bbox 355 4401 2058 4475; baseline -0.001 -19"><span class='ocrx_word' id='word_1_369' title='bbox 355 4402 455 4475; x_wconf 89' lang='lat' dir='ltr'><strong>qui</strong></span> <span class='ocrx_word' id='word_1_370' title='bbox 488 4401 536 4456; x_wconf 92' lang='lat' dir='ltr'><strong>si</strong></span> <span class='ocrx_word' id='word_1_371' title='bbox 565 4401 737 4457; x_wconf 90' lang='lat' dir='ltr'><strong>etiam</strong></span> <span class='ocrx_word' id='word_1_372' title='bbox 767 4401 1034 4456; x_wconf 90' lang='lat' dir='ltr'><strong>carnibus</strong></span> <span class='ocrx_word' id='word_1_373' title='bbox 1060 4401 1457 4472; x_wconf 90' lang='lat' dir='ltr'><strong>vesceremini,</strong></span> <span class='ocrx_word' id='word_1_374' title='bbox 1491 4419 1760 4474; x_wconf 89' lang='lat' dir='ltr'><strong>squamas</strong></span> <span class='ocrx_word' id='word_1_375' title='bbox 1788 4407 1939 4458; x_wconf 91' lang='lat' dir='ltr'><strong>certe</strong></span> <span class='ocrx_word' id='word_1_376' title='bbox 1970 4402 2058 4474; x_wconf 87' lang='lat' dir='ltr'><strong>pi-</strong></span> 
     </span>
    </p>
   </div>
   <div class='ocr_carea' id='block_1_49' title="bbox 354 4489 2058 4562">
    <p class='ocr_par' dir='ltr' id='par_1_49' title="bbox 354 4489 2058 4562">
     <span class='ocr_line' id='line_1_49' title="bbox 354 4489 2058 4562; baseline 0.001 -18"><span class='ocrx_word' id='word_1_377' title='bbox 354 4489 558 4556; x_wconf 91' lang='lat' dir='ltr'><strong>scium,</strong></span> <span class='ocrx_word' id='word_1_378' title='bbox 605 4493 660 4544; x_wconf 88' lang='lat' dir='ltr'><strong>et</strong></span> <span class='ocrx_word' id='word_1_379' title='bbox 709 4489 988 4561; x_wconf 85' lang='lat' dir='ltr'><strong>quosdam</strong></span> <span class='ocrx_word' id='word_1_380' title='bbox 1034 4489 1377 4545; x_wconf 87' lang='lat' dir='ltr'><strong>vermiculos</strong></span> <span class='ocrx_word' id='word_1_381' title='bbox 1423 4495 1595 4562; x_wconf 88' lang='lat' dir='ltr'><strong>atque</strong></span> <span class='ocrx_word' id='word_1_382' title='bbox 1634 4507 1878 4558; x_wconf 87' lang='lat' dir='ltr'><strong>muscas,</strong></span> <span class='ocrx_word' id='word_1_383' title='bbox 1929 4507 2058 4562; x_wconf 75' lang='lat' dir='ltr'><strong>quas</strong></span> 
     </span>
    </p>
   </div>
   <div class='ocr_carea' id='block_1_50' title="bbox 356 4571 2057 4650">
    <p class='ocr_par' dir='ltr' id='par_1_50' title="bbox 356 4571 2057 4650">
     <span class='ocr_line' id='line_1_50' title="bbox 356 4571 2057 4650; baseline 0.001 -17"><span class='ocrx_word' id='word_1_384' title='bbox 356 4571 552 4633; x_wconf 84' lang='lat' dir='ltr'><strong>omnia</strong></span> <span class='ocrx_word' id='word_1_385' title='bbox 581 4578 752 4633; x_wconf 89' lang='lat' dir='ltr'><strong>etiam</strong></span> <span class='ocrx_word' id='word_1_386' title='bbox 783 4578 846 4633; x_wconf 91' lang='lat' dir='ltr'><strong>in</strong></span> <span class='ocrx_word' id='word_1_387' title='bbox 874 4578 1126 4634; x_wconf 89' lang='lat' dir='ltr'><strong>tenebris</strong></span> <span class='ocrx_word' id='word_1_388' title='bbox 1155 4580 1284 4634; x_wconf 92' lang='lat' dir='ltr'><strong>luce</strong></span> <span class='ocrx_word' id='word_1_389' title='bbox 1312 4579 1551 4650; x_wconf 88' lang='lat' dir='ltr'><strong>propria</strong></span> <span class='ocrx_word' id='word_1_390' title='bbox 1579 4584 1900 4650; x_wconf 86' lang='lat' dir='ltr'><strong>coruscant,</strong></span> <span class='ocrx_word' id='word_1_391' title='bbox 1929 4580 2057 4650; x_wconf 91' lang='lat' dir='ltr'><strong>pul-</strong></span> 
     </span>
    </p>
   </div>
   <div class='ocr_carea' id='block_1_51' title="bbox 353 4667 1326 4724">
    <p class='ocr_par' dir='ltr' id='par_1_51' title="bbox 353 4667 1326 4724">
     <span class='ocr_line' id='line_1_51' title="bbox 353 4667 1326 4724; baseline 0.001 -2"><span class='ocrx_word' id='word_1_392' title='bbox 353 4667 563 4722; x_wconf 89' lang='lat' dir='ltr'><strong>mentis</strong></span> <span class='ocrx_word' id='word_1_393' title='bbox 583 4667 781 4722; x_wconf 86' lang='lat' dir='ltr'><strong>vestris</strong></span> <span class='ocrx_word' id='word_1_394' title='bbox 810 4683 929 4722; x_wconf 90' lang='lat' dir='ltr'><strong>nou</strong></span> <span class='ocrx_word' id='word_1_395' title='bbox 959 4667 1326 4724; x_wconf 89' lang='lat' dir='ltr'><strong>adhiberetis.</strong></span> 
     </span>
    </p>
   </div>
   <div class='ocr_carea' id='block_1_52' title="bbox 424 4753 2059 4826">
    <p class='ocr_par' dir='ltr' id='par_1_52' title="bbox 424 4753 2059 4826">
     <span class='ocr_line' id='line_1_52' title="bbox 424 4753 2059 4826; baseline -0.001 -14"><span class='ocrx_word' id='word_1_396' title='bbox 424 4757 515 4812; x_wconf 84' lang='grc'><strong>43.</strong></span> <span class='ocrx_word' id='word_1_397' title='bbox 543 4754 689 4820; x_wconf 90' lang='lat' dir='ltr'><strong>Quid</strong></span> <span class='ocrx_word' id='word_1_398' title='bbox 721 4755 896 4826; x_wconf 89' lang='lat' dir='ltr'><strong>igitur</strong></span> <span class='ocrx_word' id='word_1_399' title='bbox 929 4760 1122 4823; x_wconf 88' lang='lat' dir='ltr'><strong>restat,</strong></span> <span class='ocrx_word' id='word_1_400' title='bbox 1166 4756 1277 4811; x_wconf 85' lang='lat' dir='ltr'><strong>nisi</strong></span> <span class='ocrx_word' id='word_1_401' title='bbox 1315 4760 1378 4811; x_wconf 91' lang='lat' dir='ltr'><strong>ut</strong></span> <span class='ocrx_word' id='word_1_402' title='bbox 1418 4755 1605 4810; x_wconf 91' lang='lat' dir='ltr'><strong>dicere</strong></span> <span class='ocrx_word' id='word_1_403' title='bbox 1641 4753 1931 4823; x_wconf 84' lang='lat' dir='ltr'><strong>desinatis,</strong></span> <span class='ocrx_word' id='word_1_404' title='bbox 1962 4754 2059 4810; x_wconf 90' lang='lat' dir='ltr'><strong>ha-</strong></span> 
     </span>
    </p>
   </div>
   <div class='ocr_carea' id='block_1_53' title="bbox 353 4843 2054 4916">
    <p class='ocr_par' dir='ltr' id='par_1_53' title="bbox 353 4843 2054 4916">
     <span class='ocr_line' id='line_1_53' title="bbox 353 4843 2054 4916; baseline -0.001 -15"><span class='ocrx_word' id='word_1_405' title='bbox 353 4845 489 4901; x_wconf 87' lang='lat' dir='ltr'><strong>bere</strong></span> <span class='ocrx_word' id='word_1_406' title='bbox 543 4860 642 4899; x_wconf 90' lang='lat' dir='ltr'><strong>vos</strong></span> <span class='ocrx_word' id='word_1_407' title='bbox 697 4843 935 4899; x_wconf 91' lang='lat' dir='ltr'><strong>idoneos</strong></span> <span class='ocrx_word' id='word_1_408' title='bbox 974 4845 1197 4916; x_wconf 89' lang='lat' dir='ltr'><strong>judices</strong></span> <span class='ocrx_word' id='word_1_409' title='bbox 1261 4845 1474 4913; x_wconf 91' lang='lat' dir='ltr'><strong>oculos,</strong></span> <span class='ocrx_word' id='word_1_410' title='bbox 1533 4860 1720 4913; x_wconf 89' lang='lat' dir='ltr'><strong>nares,</strong></span> <span class='ocrx_word' id='word_1_411' title='bbox 1775 4845 2054 4915; x_wconf 89' lang='lat' dir='ltr'><strong>palatum,</strong></span> 
     </span>
    </p>
   </div>
   <div class='ocr_carea' id='block_1_54' title="bbox 357 4931 2060 5004">
    <p class='ocr_par' dir='ltr' id='par_1_54' title="bbox 357 4931 2060 5004">
     <span class='ocr_line' id='line_1_54' title="bbox 357 4931 2060 5004; baseline -0.001 -17"><span class='ocrx_word' id='word_1_412' title='bbox 357 4932 568 5004; x_wconf 90' lang='lat' dir='ltr'><strong>quibus</strong></span> <span class='ocrx_word' id='word_1_413' title='bbox 596 4931 804 4986; x_wconf 67' lang='lat' dir='ltr'><strong>divina:</strong></span> <span class='ocrx_word' id='word_1_414' title='bbox 831 4931 1012 5002; x_wconf 91' lang='lat' dir='ltr'><strong>partis</strong></span> <span class='ocrx_word' id='word_1_415' title='bbox 1035 4933 1400 5004; x_wconf 73' lang='lat' dir='ltr'><strong>praesentiam</strong></span> <span class='ocrx_word' id='word_1_416' title='bbox 1420 4933 1482 4988; x_wconf 93' lang='lat' dir='ltr'><strong>in</strong></span> <span class='ocrx_word' id='word_1_417' title='bbox 1505 4931 1838 5004; x_wconf 90' lang='lat' dir='ltr'><strong>corporibus</strong></span> <span class='ocrx_word' id='word_1_418' title='bbox 1859 4948 2060 5003; x_wconf 89' lang='lat' dir='ltr'><strong>appro-</strong></span> 
     </span>
    </p>
   </div>
   <div class='ocr_carea' id='block_1_55' title="bbox 356 5020 2058 5089">
    <p class='ocr_par' dir='ltr' id='par_1_55' title="bbox 356 5020 2058 5089">
     <span class='ocr_line' id='line_1_55' title="bbox 356 5020 2058 5089; baseline 0 -13"><span class='ocrx_word' id='word_1_419' title='bbox 356 5021 544 5077; x_wconf 86' lang='lat' dir='ltr'><strong>betis?</strong></span> <span class='ocrx_word' id='word_1_420' title='bbox 583 5020 678 5076; x_wconf 86' lang='lat' dir='ltr'><strong>His</strong></span> <span class='ocrx_word' id='word_1_421' title='bbox 717 5028 907 5076; x_wconf 90' lang='lat' dir='ltr'><strong>autem</strong></span> <span class='ocrx_word' id='word_1_422' title='bbox 946 5021 1198 5089; x_wconf 88' lang='lat' dir='ltr'><strong>remotis,</strong></span> <span class='ocrx_word' id='word_1_423' title='bbox 1231 5022 1385 5077; x_wconf 90' lang='lat' dir='ltr'><strong>unde</strong></span> <span class='ocrx_word' id='word_1_424' title='bbox 1423 5021 1700 5077; x_wconf 89' lang='lat' dir='ltr'><strong>docebitis</strong></span> <span class='ocrx_word' id='word_1_425' title='bbox 1737 5037 1853 5076; x_wconf 90' lang='lat' dir='ltr'><strong>non</strong></span> <span class='ocrx_word' id='word_1_426' title='bbox 1889 5020 2058 5076; x_wconf 93' lang='lat' dir='ltr'><strong>modo</strong></span> 
     </span>
    </p>
   </div>
   <div class='ocr_carea' id='block_1_56' title="bbox 355 5109 2056 5183">
    <p class='ocr_par' dir='ltr' id='par_1_56' title="bbox 355 5109 2056 5183">
     <span class='ocr_line' id='line_1_56' title="bbox 355 5109 2056 5183; baseline -0.001 -17"><span class='ocrx_word' id='word_1_427' title='bbox 355 5111 636 5183; x_wconf 90' lang='lat' dir='ltr'><strong>majorem</strong></span> <span class='ocrx_word' id='word_1_428' title='bbox 664 5113 889 5182; x_wconf 89' lang='lat' dir='ltr'><strong>partem</strong></span> <span class='ocrx_word' id='word_1_429' title='bbox 921 5109 1020 5165; x_wconf 88' lang='lat' dir='ltr'><strong>Dei</strong></span> <span class='ocrx_word' id='word_1_430' title='bbox 1045 5110 1106 5165; x_wconf 93' lang='lat' dir='ltr'><strong>in</strong></span> <span class='ocrx_word' id='word_1_431' title='bbox 1136 5111 1407 5183; x_wconf 87' lang='lat' dir='ltr'><strong>stirpibus</strong></span> <span class='ocrx_word' id='word_1_432' title='bbox 1436 5127 1558 5167; x_wconf 91' lang='lat' dir='ltr'><strong>esse</strong></span> <span class='ocrx_word' id='word_1_433' title='bbox 1581 5127 1758 5182; x_wconf 88' lang='lat' dir='ltr'><strong>quam</strong></span> <span class='ocrx_word' id='word_1_434' title='bbox 1787 5111 1848 5164; x_wconf 91' lang='lat' dir='ltr'><strong>in</strong></span> <span class='ocrx_word' id='word_1_435' title='bbox 1872 5109 2056 5165; x_wconf 89' lang='lat' dir='ltr'><strong>carni-</strong></span> 
     </span>
    </p>
   </div>
   <div class='ocr_carea' id='block_1_57' title="bbox 356 5197 2058 5272">
    <p class='ocr_par' dir='ltr' id='par_1_57' title="bbox 356 5197 2058 5272">
     <span class='ocr_line' id='line_1_57' title="bbox 356 5197 2058 5272; baseline -0.002 -16"><span class='ocrx_word' id='word_1_436' title='bbox 356 5201 482 5268; x_wconf 88' lang='lat' dir='ltr'><strong>bus,</strong></span> <span class='ocrx_word' id='word_1_437' title='bbox 521 5201 619 5256; x_wconf 91' lang='lat' dir='ltr'><strong>sed</strong></span> <span class='ocrx_word' id='word_1_438' title='bbox 666 5197 902 5255; x_wconf 91' lang='lat' dir='ltr'><strong>omnino</strong></span> <span class='ocrx_word' id='word_1_439' title='bbox 942 5215 1060 5254; x_wconf 91' lang='lat' dir='ltr'><strong>esse</strong></span> <span class='ocrx_word' id='word_1_440' title='bbox 1100 5201 1319 5272; x_wconf 87' lang='lat' dir='ltr'><strong>aliquid</strong></span> <span class='ocrx_word' id='word_1_441' title='bbox 1363 5201 1486 5272; x_wconf 90' lang='lat' dir='ltr'><strong>ejus</strong></span> <span class='ocrx_word' id='word_1_442' title='bbox 1524 5200 1587 5255; x_wconf 91' lang='lat' dir='ltr'><strong>in</strong></span> <span class='ocrx_word' id='word_1_443' title='bbox 1624 5199 1942 5271; x_wconf 84' lang='lat' dir='ltr'><strong>stirpibus?</strong></span> <span class='ocrx_word' id='word_1_444' title='bbox 1969 5201 2058 5253; x_wconf 88' lang='lat' dir='ltr'><strong>An</strong></span> 
     </span>
    </p>
   </div>
   <div class='ocr_carea' id='block_1_58' title="bbox 353 5287 2057 5362">
    <p class='ocr_par' dir='ltr' id='par_1_58' title="bbox 353 5287 2057 5362">
     <span class='ocr_line' id='line_1_58' title="bbox 353 5287 2057 5362; baseline -0.002 -17"><span class='ocrx_word' id='word_1_445' title='bbox 353 5289 723 5362; x_wconf 83' lang='lat' dir='ltr'><strong>pulchritudo</strong></span> <span class='ocrx_word' id='word_1_446' title='bbox 753 5303 852 5344; x_wconf 90' lang='lat' dir='ltr'><strong>vos</strong></span> <span class='ocrx_word' id='word_1_447' title='bbox 881 5293 1089 5358; x_wconf 92' lang='lat' dir='ltr'><strong>movet,</strong></span> <span class='ocrx_word' id='word_1_448' title='bbox 1135 5306 1256 5345; x_wconf 94' lang='lat' dir='ltr'><strong>non</strong></span> <span class='ocrx_word' id='word_1_449' title='bbox 1282 5306 1411 5362; x_wconf 64' lang='lat' dir='ltr'><strong>quas</strong></span> <span class='ocrx_word' id='word_1_450' title='bbox 1441 5290 1504 5344; x_wconf 91' lang='lat' dir='ltr'><strong>in</strong></span> <span class='ocrx_word' id='word_1_451' title='bbox 1543 5289 1821 5344; x_wconf 89' lang='lat' dir='ltr'><strong>suavitate</strong></span> <span class='ocrx_word' id='word_1_452' title='bbox 1855 5287 2057 5343; x_wconf 88' lang='lat' dir='ltr'><strong>coloris</strong></span> 
     </span>
    </p>
   </div>
   <div class='ocr_carea' id='block_1_59' title="bbox 355 5377 2056 5451">
    <p class='ocr_par' dir='ltr' id='par_1_59' title="bbox 355 5377 2056 5451">
     <span class='ocr_line' id='line_1_59' title="bbox 355 5377 2056 5451; baseline -0.001 -18"><span class='ocrx_word' id='word_1_453' title='bbox 355 5383 460 5449; x_wconf 89' lang='lat' dir='ltr'><strong>est,</strong></span> <span class='ocrx_word' id='word_1_454' title='bbox 487 5379 587 5434; x_wconf 91' lang='lat' dir='ltr'><strong>sed</strong></span> <span class='ocrx_word' id='word_1_455' title='bbox 615 5395 746 5451; x_wconf 61' lang='lat' dir='ltr'><strong>quas</strong></span> <span class='ocrx_word' id='word_1_456' title='bbox 774 5377 836 5433; x_wconf 92' lang='lat' dir='ltr'><strong>in</strong></span> <span class='ocrx_word' id='word_1_457' title='bbox 863 5378 1116 5450; x_wconf 88' lang='lat' dir='ltr'><strong>partium</strong></span> <span class='ocrx_word' id='word_1_458' title='bbox 1145 5379 1556 5451; x_wconf 83' lang='lat' dir='ltr'><strong>congruentia?</strong></span> <span class='ocrx_word' id='word_1_459' title='bbox 1582 5378 1808 5435; x_wconf 73' lang='lat' dir='ltr'><strong>Utinam</strong></span> <span class='ocrx_word' id='word_1_460' title='bbox 1836 5379 1942 5434; x_wconf 91' lang='lat' dir='ltr'><strong>hoc</strong></span> <span class='ocrx_word' id='word_1_461' title='bbox 1965 5392 2056 5433; x_wconf 89' lang='lat' dir='ltr'><strong>es-</strong></span> 
     </span>
    </p>
   </div>
   <div class='ocr_carea' id='block_1_60' title="bbox 355 5468 2056 5541">
    <p class='ocr_par' dir='ltr' id='par_1_60' title="bbox 355 5468 2056 5541">
     <span class='ocr_line' id='line_1_60' title="bbox 355 5468 2056 5541; baseline -0.001 -18"><span class='ocrx_word' id='word_1_462' title='bbox 355 5473 457 5524; x_wconf 87' lang='lat' dir='ltr'><strong>set.</strong></span> <span class='ocrx_word' id='word_1_463' title='bbox 482 5468 719 5534; x_wconf 89' lang='lat' dir='ltr'><strong>Quando</strong></span> <span class='ocrx_word' id='word_1_464' title='bbox 750 5469 904 5525; x_wconf 90' lang='lat' dir='ltr'><strong>enim</strong></span> <span class='ocrx_word' id='word_1_465' title='bbox 935 5469 1270 5541; x_wconf 90' lang='lat' dir='ltr'><strong>corporibus</strong></span> <span class='ocrx_word' id='word_1_466' title='bbox 1295 5469 1696 5536; x_wconf 88' lang='lat' dir='ltr'><strong>animantium,</strong></span> <span class='ocrx_word' id='word_1_467' title='bbox 1723 5468 1780 5523; x_wconf 92' lang='lat' dir='ltr'><strong>in</strong></span> <span class='ocrx_word' id='word_1_468' title='bbox 1810 5482 2056 5540; x_wconf 90' lang='lat' dir='ltr'><strong>quorum</strong></span> 
     </span>
    </p>
   </div>
   <div class='ocr_carea' id='block_1_61' title="bbox 1273 197 2863 267">
    <p class='ocr_par' dir='ltr' id='par_1_61' title="bbox 1273 197 2863 267">
     <span class='ocr_line' id='line_1_61' title="bbox 1273 197 2863 267; baseline -0.003 -10"><span class='ocrx_word' id='word_1_469' title='bbox 1273 202 1367 257; x_wconf 93' lang='lat' dir='ltr'><strong>DE</strong></span> <span class='ocrx_word' id='word_1_470' title='bbox 1407 201 1719 259; x_wconf 79' lang='lat' dir='ltr'><strong>MOIllBUS</strong></span> <span class='ocrx_word' id='word_1_471' title='bbox 1757 200 2335 267; x_wconf 75' lang='lat' dir='ltr'><strong>MANlClL-EORUM,</strong></span> <span class='ocrx_word' id='word_1_472' title='bbox 2378 199 2430 255; x_wconf 93' lang='lat' dir='ltr'><strong>S.</strong></span> <span class='ocrx_word' id='word_1_473' title='bbox 2479 197 2863 255; x_wconf 81' lang='lat' dir='ltr'><strong>AUGUSTINI</strong></span> 
     </span>
    </p>
   </div>
   <div class='ocr_carea' id='block_1_62' title="bbox 3717 201 3852 253">
    <p class='ocr_par' dir='ltr' id='par_1_62' title="bbox 3717 201 3852 253">
     <span class='ocr_line' id='line_1_62' title="bbox 3717 201 3852 253; baseline 0.007 -1"><span class='ocrx_word' id='word_1_474' title='bbox 3717 201 3852 253; x_wconf 58' lang='lat' dir='ltr'><strong>i361</strong></span> 
     </span>
    </p>
   </div>
   <div class='ocr_carea' id='block_1_63' title="bbox 2139 320 3858 394">
    <p class='ocr_par' dir='ltr' id='par_1_63' title="bbox 2139 320 3858 394">
     <span class='ocr_line' id='line_1_63' title="bbox 2139 320 3858 394; baseline -0.001 -15"><span class='ocrx_word' id='word_1_475' title='bbox 2139 323 2323 379; x_wconf 82' lang='lat' dir='ltr'><strong>forma</strong></span> <span class='ocrx_word' id='word_1_476' title='bbox 2357 321 2592 394; x_wconf 90' lang='lat' dir='ltr'><strong>paribus</strong></span> <span class='ocrx_word' id='word_1_477' title='bbox 2625 321 2787 392; x_wconf 88' lang='lat' dir='ltr'><strong>paria</strong></span> <span class='ocrx_word' id='word_1_478' title='bbox 2824 320 3084 377; x_wconf 87' lang='lat' dir='ltr'><strong>membra</strong></span> <span class='ocrx_word' id='word_1_479' title='bbox 3120 321 3529 393; x_wconf 89' lang='lat' dir='ltr'><strong>respondeant,</strong></span> <span class='ocrx_word' id='word_1_480' title='bbox 3570 322 3858 378; x_wconf 88' lang='lat' dir='ltr'><strong>auderetis</strong></span> 
     </span>
    </p>
   </div>
   <div class='ocr_carea' id='block_1_64' title="bbox 2138 410 3856 483">
    <p class='ocr_par' dir='ltr' id='par_1_64' title="bbox 2138 410 3856 483">
     <span class='ocr_line' id='line_1_64' title="bbox 2138 410 3856 483; baseline 0.001 -16"><span class='ocrx_word' id='word_1_481' title='bbox 2138 412 2376 468; x_wconf 89' lang='lat' dir='ltr'><strong>distorta</strong></span> <span class='ocrx_word' id='word_1_482' title='bbox 2411 411 2570 482; x_wconf 89' lang='lat' dir='ltr'><strong>ligna</strong></span> <span class='ocrx_word' id='word_1_483' title='bbox 2603 411 2900 466; x_wconf 84' lang='lat' dir='ltr'><strong>conferre?</strong></span> <span class='ocrx_word' id='word_1_484' title='bbox 2926 411 3034 466; x_wconf 88' lang='lat' dir='ltr'><strong>Sed</strong></span> <span class='ocrx_word' id='word_1_485' title='bbox 3071 410 3120 464; x_wconf 92' lang='lat' dir='ltr'><strong>si</strong></span> <span class='ocrx_word' id='word_1_486' title='bbox 3147 411 3539 483; x_wconf 86' lang='lat' dir='ltr'><strong>corporalium</strong></span> <span class='ocrx_word' id='word_1_487' title='bbox 3579 429 3856 468; x_wconf 87' lang='lat' dir='ltr'><strong>sensuum</strong></span> 
     </span>
    </p>
   </div>
   <div class='ocr_carea' id='block_1_65' title="bbox 2137 499 3856 572">
    <p class='ocr_par' dir='ltr' id='par_1_65' title="bbox 2137 499 3856 572">
     <span class='ocr_line' id='line_1_65' title="bbox 2137 499 3856 572; baseline 0 -16"><span class='ocrx_word' id='word_1_488' title='bbox 2137 499 2479 556; x_wconf 88' lang='lat' dir='ltr'><strong>testimoniis</strong></span> <span class='ocrx_word' id='word_1_489' title='bbox 2510 499 2892 566; x_wconf 88' lang='lat' dir='ltr'><strong>delectamini,</strong></span> <span class='ocrx_word' id='word_1_490' title='bbox 2925 499 3077 571; x_wconf 89' lang='lat' dir='ltr'><strong>quod</strong></span> <span class='ocrx_word' id='word_1_491' title='bbox 3109 515 3340 555; x_wconf 90' lang='lat' dir='ltr'><strong>necesse</strong></span> <span class='ocrx_word' id='word_1_492' title='bbox 3371 505 3456 556; x_wconf 90' lang='lat' dir='ltr'><strong>est</strong></span> <span class='ocrx_word' id='word_1_493' title='bbox 3484 501 3557 555; x_wconf 91' lang='lat' dir='ltr'><strong>iis</strong></span> <span class='ocrx_word' id='word_1_494' title='bbox 3611 501 3720 572; x_wconf 89' lang='lat' dir='ltr'><strong>qui</strong></span> <span class='ocrx_word' id='word_1_495' title='bbox 3750 501 3856 556; x_wconf 86' lang='lat' dir='ltr'><strong>vim</strong></span> 
     </span>
    </p>
   </div>
   <div class='ocr_carea' id='block_1_66' title="bbox 2140 588 3859 661">
    <p class='ocr_par' dir='ltr' id='par_1_66' title="bbox 2140 588 3859 661">
     <span class='ocr_line' id='line_1_66' title="bbox 2140 588 3859 661; baseline 0 -17"><span class='ocrx_word' id='word_1_496' title='bbox 2140 589 2396 644; x_wconf 76' lang='lat' dir='ltr'><strong>essentiae</strong></span> <span class='ocrx_word' id='word_1_497' title='bbox 2416 593 2608 645; x_wconf 89' lang='lat' dir='ltr'><strong>mente</strong></span> <span class='ocrx_word' id='word_1_498' title='bbox 2629 588 2820 644; x_wconf 90' lang='lat' dir='ltr'><strong>videre</strong></span> <span class='ocrx_word' id='word_1_499' title='bbox 2849 603 2965 643; x_wconf 95' lang='lat' dir='ltr'><strong>non</strong></span> <span class='ocrx_word' id='word_1_500' title='bbox 2991 593 3254 659; x_wconf 89' lang='lat' dir='ltr'><strong>possunt,</strong></span> <span class='ocrx_word' id='word_1_501' title='bbox 3277 589 3569 661; x_wconf 88' lang='lat' dir='ltr'><strong>quomodo</strong></span> <span class='ocrx_word' id='word_1_502' title='bbox 3600 590 3859 660; x_wconf 83' lang='lat' dir='ltr'><strong>probatis</strong></span> 
     </span>
    </p>
   </div>
   <div class='ocr_carea' id='block_1_67' title="bbox 2142 676 3862 750">
    <p class='ocr_par' dir='ltr' id='par_1_67' title="bbox 2142 676 3862 750">
     <span class='ocr_line' id='line_1_67' title="bbox 2142 676 3862 750; baseline 0 -17"><span class='ocrx_word' id='word_1_503' title='bbox 2142 695 2243 750; x_wconf 90' lang='lat' dir='ltr'><strong>per</strong></span> <span class='ocrx_word' id='word_1_504' title='bbox 2272 694 2494 733; x_wconf 89' lang='lat' dir='ltr'><strong>moram</strong></span> <span class='ocrx_word' id='word_1_505' title='bbox 2521 677 2819 749; x_wconf 88' lang='lat' dir='ltr'><strong>temporis,</strong></span> <span class='ocrx_word' id='word_1_506' title='bbox 2848 680 2907 732; x_wconf 89' lang='lat' dir='ltr'><strong>et</strong></span> <span class='ocrx_word' id='word_1_507' title='bbox 2934 693 3040 748; x_wconf 84' lang='lat' dir='ltr'><strong>per</strong></span> <span class='ocrx_word' id='word_1_508' title='bbox 3065 676 3407 733; x_wconf 88' lang='lat' dir='ltr'><strong>obtritiones</strong></span> <span class='ocrx_word' id='word_1_509' title='bbox 3433 678 3756 750; x_wconf 87' lang='lat' dir='ltr'><strong>quasdam,</strong></span> <span class='ocrx_word' id='word_1_510' title='bbox 3789 679 3862 733; x_wconf 85' lang='lat' dir='ltr'><strong>fu-</strong></span> 
     </span>
    </p>
   </div>
   <div class='ocr_carea' id='block_1_68' title="bbox 2142 765 3862 839">
    <p class='ocr_par' dir='ltr' id='par_1_68' title="bbox 2142 765 3862 839">
     <span class='ocr_line' id='line_1_68' title="bbox 2142 765 3862 839; baseline -0.001 -18"><span class='ocrx_word' id='word_1_511' title='bbox 2142 783 2277 839; x_wconf 85' lang='lat' dir='ltr'><strong>gere</strong></span> <span class='ocrx_word' id='word_1_512' title='bbox 2315 767 2384 822; x_wconf 91' lang='lat' dir='ltr'><strong>de</strong></span> <span class='ocrx_word' id='word_1_513' title='bbox 2423 766 2757 838; x_wconf 90' lang='lat' dir='ltr'><strong>corporibus</strong></span> <span class='ocrx_word' id='word_1_514' title='bbox 2787 765 3167 821; x_wconf 88' lang='lat' dir='ltr'><strong>substantiam</strong></span> <span class='ocrx_word' id='word_1_515' title='bbox 3196 766 3352 832; x_wconf 88' lang='lat' dir='ltr'><strong>boni,</strong></span> <span class='ocrx_word' id='word_1_516' title='bbox 3398 765 3512 820; x_wconf 91' lang='lat' dir='ltr'><strong>nisi</strong></span> <span class='ocrx_word' id='word_1_517' title='bbox 3553 766 3706 837; x_wconf 87' lang='lat' dir='ltr'><strong>quia</strong></span> <span class='ocrx_word' id='word_1_518' title='bbox 3737 766 3862 819; x_wconf 81' lang='lat' dir='ltr'><strong>inde</strong></span> 
     </span>
    </p>
   </div>
   <div class='ocr_carea' id='block_1_69' title="bbox 2143 853 3863 922">
    <p class='ocr_par' dir='ltr' id='par_1_69' title="bbox 2143 853 3863 922">
     <span class='ocr_line' id='line_1_69' title="bbox 2143 853 3863 922; baseline -0.002 -12"><span class='ocrx_word' id='word_1_519' title='bbox 2143 856 2381 911; x_wconf 86' lang='lat' dir='ltr'><strong>discedit</strong></span> <span class='ocrx_word' id='word_1_520' title='bbox 2419 856 2587 922; x_wconf 91' lang='lat' dir='ltr'><strong>Deus,</strong></span> <span class='ocrx_word' id='word_1_521' title='bbox 2624 859 2689 909; x_wconf 88' lang='lat' dir='ltr'><strong>ut</strong></span> <span class='ocrx_word' id='word_1_522' title='bbox 2725 853 2994 922; x_wconf 89' lang='lat' dir='ltr'><strong>asseritis,</strong></span> <span class='ocrx_word' id='word_1_523' title='bbox 3038 858 3094 909; x_wconf 92' lang='lat' dir='ltr'><strong>et</strong></span> <span class='ocrx_word' id='word_1_524' title='bbox 3139 854 3208 909; x_wconf 89' lang='lat' dir='ltr'><strong>de</strong></span> <span class='ocrx_word' id='word_1_525' title='bbox 3247 855 3374 908; x_wconf 94' lang='lat' dir='ltr'><strong>loco</strong></span> <span class='ocrx_word' id='word_1_526' title='bbox 3413 854 3474 908; x_wconf 91' lang='lat' dir='ltr'><strong>in</strong></span> <span class='ocrx_word' id='word_1_527' title='bbox 3517 855 3722 908; x_wconf 88' lang='lat' dir='ltr'><strong>locum</strong></span> <span class='ocrx_word' id='word_1_528' title='bbox 3765 854 3863 907; x_wconf 83' lang='lat' dir='ltr'><strong>mi-</strong></span> 
     </span>
    </p>
   </div>
   <div class='ocr_carea' id='block_1_70' title="bbox 2144 943 3867 1016">
    <p class='ocr_par' dir='ltr' id='par_1_70' title="bbox 2144 943 3867 1016">
     <span class='ocr_line' id='line_1_70' title="bbox 2144 943 3867 1016; baseline -0.002 -17"><span class='ocrx_word' id='word_1_529' title='bbox 2144 945 2306 1016; x_wconf 82' lang='lat' dir='ltr'><strong>grat?</strong></span> <span class='ocrx_word' id='word_1_530' title='bbox 2334 945 2573 1000; x_wconf 90' lang='lat' dir='ltr'><strong>Plenum</strong></span> <span class='ocrx_word' id='word_1_531' title='bbox 2621 947 2705 998; x_wconf 88' lang='lat' dir='ltr'><strong>est</strong></span> <span class='ocrx_word' id='word_1_532' title='bbox 2747 943 3072 998; x_wconf 72' lang='lat' dir='ltr'><strong>dementiae.</strong></span> <span class='ocrx_word' id='word_1_533' title='bbox 3107 944 3520 998; x_wconf 80' lang='lat' dir='ltr'><strong>Verumtamen</strong></span> <span class='ocrx_word' id='word_1_534' title='bbox 3561 943 3747 1013; x_wconf 85' lang='lat' dir='ltr'><strong>signa</strong></span> <span class='ocrx_word' id='word_1_535' title='bbox 3784 959 3867 996; x_wconf 76' lang='lat' dir='ltr'><strong>vos</strong></span> 
     </span>
    </p>
   </div>
   <div class='ocr_carea' id='block_1_71' title="bbox 2145 1031 3867 1103">
    <p class='ocr_par' dir='ltr' id='par_1_71' title="bbox 2145 1031 3867 1103">
     <span class='ocr_line' id='line_1_71' title="bbox 2145 1031 3867 1103; baseline -0.002 -15"><span class='ocrx_word' id='word_1_536' title='bbox 2145 1035 2216 1089; x_wconf 92' lang='lat' dir='ltr'><strong>ad</strong></span> <span class='ocrx_word' id='word_1_537' title='bbox 2252 1033 2419 1088; x_wconf 90' lang='lat' dir='ltr'><strong>istam</strong></span> <span class='ocrx_word' id='word_1_538' title='bbox 2459 1031 2801 1088; x_wconf 88' lang='lat' dir='ltr'><strong>sententiam</strong></span> <span class='ocrx_word' id='word_1_539' title='bbox 2843 1035 2897 1087; x_wconf 88' lang='lat' dir='ltr'><strong>et</strong></span> <span class='ocrx_word' id='word_1_540' title='bbox 2935 1031 3168 1100; x_wconf 90' lang='lat' dir='ltr'><strong>indicia,</strong></span> <span class='ocrx_word' id='word_1_541' title='bbox 3213 1036 3496 1103; x_wconf 89' lang='lat' dir='ltr'><strong>quantum</strong></span> <span class='ocrx_word' id='word_1_542' title='bbox 3537 1032 3867 1086; x_wconf 81' lang='lat' dir='ltr'><strong>existimare</strong></span> 
     </span>
    </p>
   </div>
   <div class='ocr_carea' id='block_1_72' title="bbox 2146 1119 3869 1194">
    <p class='ocr_par' dir='ltr' id='par_1_72' title="bbox 2146 1119 3869 1194">
     <span class='ocr_line' id='line_1_72' title="bbox 2146 1119 3869 1194; baseline -0.003 -16"><span class='ocrx_word' id='word_1_543' title='bbox 2146 1138 2403 1194; x_wconf 87' lang='lat' dir='ltr'><strong>possum,</strong></span> <span class='ocrx_word' id='word_1_544' title='bbox 2430 1122 2591 1176; x_wconf 90' lang='lat' dir='ltr'><strong>nulla</strong></span> <span class='ocrx_word' id='word_1_545' title='bbox 2613 1121 2920 1176; x_wconf 87' lang='lat' dir='ltr'><strong>duxerunt.</strong></span> <span class='ocrx_word' id='word_1_546' title='bbox 2950 1120 3121 1175; x_wconf 84' lang='lat' dir='ltr'><strong>Multa</strong></span> <span class='ocrx_word' id='word_1_547' title='bbox 3151 1119 3306 1175; x_wconf 91' lang='lat' dir='ltr'><strong>enim</strong></span> <span class='ocrx_word' id='word_1_548' title='bbox 3343 1125 3546 1191; x_wconf 87' lang='lat' dir='ltr'><strong>carpta</strong></span> <span class='ocrx_word' id='word_1_549' title='bbox 3579 1120 3662 1174; x_wconf 91' lang='lat' dir='ltr'><strong>de</strong></span> <span class='ocrx_word' id='word_1_550' title='bbox 3709 1121 3869 1174; x_wconf 83' lang='lat' dir='ltr'><strong>arbo-</strong></span> 
     </span>
    </p>
   </div>
   <div class='ocr_carea' id='block_1_73' title="bbox 2147 1209 3870 1279">
    <p class='ocr_par' dir='ltr' id='par_1_73' title="bbox 2147 1209 3870 1279">
     <span class='ocr_line' id='line_1_73' title="bbox 2147 1209 3870 1279; baseline -0.002 -14"><span class='ocrx_word' id='word_1_551' title='bbox 2147 1211 2306 1265; x_wconf 90' lang='lat' dir='ltr'><strong>ribus</strong></span> <span class='ocrx_word' id='word_1_552' title='bbox 2347 1210 2435 1264; x_wconf 88' lang='lat' dir='ltr'><strong>vel</strong></span> <span class='ocrx_word' id='word_1_553' title='bbox 2479 1209 2674 1263; x_wconf 88' lang='lat' dir='ltr'><strong>evulsa</strong></span> <span class='ocrx_word' id='word_1_554' title='bbox 2721 1209 2789 1263; x_wconf 85' lang='lat' dir='ltr'><strong>de</strong></span> <span class='ocrx_word' id='word_1_555' title='bbox 2827 1211 3002 1276; x_wconf 89' lang='lat' dir='ltr'><strong>terra,</strong></span> <span class='ocrx_word' id='word_1_556' title='bbox 3049 1212 3357 1279; x_wconf 89' lang='lat' dir='ltr'><strong>antequam</strong></span> <span class='ocrx_word' id='word_1_557' title='bbox 3399 1209 3472 1262; x_wconf 90' lang='lat' dir='ltr'><strong>ad</strong></span> <span class='ocrx_word' id='word_1_558' title='bbox 3522 1209 3735 1263; x_wconf 80' lang='lat' dir='ltr'><strong>cibum</strong></span> <span class='ocrx_word' id='word_1_559' title='bbox 3779 1224 3870 1262; x_wconf 86' lang='lat' dir='ltr'><strong>no-</strong></span> 
     </span>
    </p>
   </div>
   <div class='ocr_carea' id='block_1_74' title="bbox 2149 1296 3872 1368">
    <p class='ocr_par' dir='ltr' id='par_1_74' title="bbox 2149 1296 3872 1368">
     <span class='ocr_line' id='line_1_74' title="bbox 2149 1296 3872 1368; baseline -0.002 -15"><span class='ocrx_word' id='word_1_560' title='bbox 2149 1303 2329 1354; x_wconf 90' lang='lat' dir='ltr'><strong>strum</strong></span> <span class='ocrx_word' id='word_1_561' title='bbox 2355 1297 2606 1365; x_wconf 89' lang='lat' dir='ltr'><strong>veniant,</strong></span> <span class='ocrx_word' id='word_1_562' title='bbox 2631 1296 3067 1367; x_wconf 88' lang='lat' dir='ltr'><strong>interpositione</strong></span> <span class='ocrx_word' id='word_1_563' title='bbox 3099 1297 3293 1368; x_wconf 89' lang='lat' dir='ltr'><strong>aliqua</strong></span> <span class='ocrx_word' id='word_1_564' title='bbox 3315 1296 3606 1367; x_wconf 86' lang='lat' dir='ltr'><strong>temporis</strong></span> <span class='ocrx_word' id='word_1_565' title='bbox 3637 1297 3872 1350; x_wconf 84' lang='lat' dir='ltr'><strong>meliora</strong></span> 
     </span>
    </p>
   </div>
   <div class='ocr_carea' id='block_1_75' title="bbox 2147 1385 3871 1457">
    <p class='ocr_par' dir='ltr' id='par_1_75' title="bbox 2147 1385 3871 1457">
     <span class='ocr_line' id='line_1_75' title="bbox 2147 1385 3871 1457; baseline -0.003 -14"><span class='ocrx_word' id='word_1_566' title='bbox 2147 1387 2499 1455; x_wconf 88' lang='lat' dir='ltr'><strong>redduntur;</strong></span> <span class='ocrx_word' id='word_1_567' title='bbox 2532 1391 2598 1441; x_wconf 88' lang='lat' dir='ltr'><strong>ut</strong></span> <span class='ocrx_word' id='word_1_568' title='bbox 2639 1385 2798 1457; x_wconf 91' lang='lat' dir='ltr'><strong>porri</strong></span> <span class='ocrx_word' id='word_1_569' title='bbox 2845 1388 2902 1440; x_wconf 89' lang='lat' dir='ltr'><strong>et</strong></span> <span class='ocrx_word' id='word_1_570' title='bbox 2946 1385 3149 1451; x_wconf 89' lang='lat' dir='ltr'><strong>intiba,</strong></span> <span class='ocrx_word' id='word_1_571' title='bbox 3197 1385 3453 1451; x_wconf 65' lang='lat' dir='ltr'><strong>lactucas,</strong></span> <span class='ocrx_word' id='word_1_572' title='bbox 3499 1401 3666 1451; x_wconf 72' lang='lat' dir='ltr'><strong>uvae,</strong></span> <span class='ocrx_word' id='word_1_573' title='bbox 3709 1387 3871 1451; x_wconf 79' lang='lat' dir='ltr'><strong>mala,</strong></span> 
     </span>
    </p>
   </div>
   <div class='ocr_carea' id='block_1_76' title="bbox 2149 1474 3869 1546">
    <p class='ocr_par' dir='ltr' id='par_1_76' title="bbox 2149 1474 3869 1546">
     <span class='ocr_line' id='line_1_76' title="bbox 2149 1474 3869 1546; baseline -0.003 -14"><span class='ocrx_word' id='word_1_574' title='bbox 2149 1476 2313 1540; x_wconf 87' lang='lat' dir='ltr'><strong>ﬁcus,</strong></span> <span class='ocrx_word' id='word_1_575' title='bbox 2343 1478 2400 1530; x_wconf 90' lang='lat' dir='ltr'><strong>et</strong></span> <span class='ocrx_word' id='word_1_576' title='bbox 2426 1474 2694 1546; x_wconf 83' lang='lat' dir='ltr'><strong>quaedam</strong></span> <span class='ocrx_word' id='word_1_577' title='bbox 2723 1474 2849 1545; x_wconf 89' lang='lat' dir='ltr'><strong>pira</strong></span> <span class='ocrx_word' id='word_1_578' title='bbox 2875 1489 2889 1528; x_wconf 88' lang='lat'><strong>:</strong></span> <span class='ocrx_word' id='word_1_579' title='bbox 2920 1478 2977 1528; x_wconf 91' lang='lat' dir='ltr'><strong>ct</strong></span> <span class='ocrx_word' id='word_1_580' title='bbox 3003 1474 3183 1528; x_wconf 88' lang='lat' dir='ltr'><strong>multa</strong></span> <span class='ocrx_word' id='word_1_581' title='bbox 3211 1478 3496 1544; x_wconf 61' lang='lat' dir='ltr'><strong>praeterea</strong></span> <span class='ocrx_word' id='word_1_582' title='bbox 3527 1489 3677 1545; x_wconf 78' lang='lat' dir='ltr'><strong>quae</strong></span> <span class='ocrx_word' id='word_1_583' title='bbox 3709 1477 3768 1527; x_wconf 85' lang='lat' dir='ltr'><strong>et</strong></span> <span class='ocrx_word' id='word_1_584' title='bbox 3794 1491 3869 1528; x_wconf 85' lang='lat' dir='ltr'><strong>co-</strong></span> 
     </span>
    </p>
   </div>
   <div class='ocr_carea' id='block_1_77' title="bbox 2152 1561 3872 1633">
    <p class='ocr_par' dir='ltr' id='par_1_77' title="bbox 2152 1561 3872 1633">
     <span class='ocr_line' id='line_1_77' title="bbox 2152 1561 3872 1633; baseline -0.003 -13"><span class='ocrx_word' id='word_1_585' title='bbox 2152 1567 2410 1620; x_wconf 88' lang='lat' dir='ltr'><strong>lorantur</strong></span> <span class='ocrx_word' id='word_1_586' title='bbox 2435 1563 2661 1631; x_wconf 91' lang='lat' dir='ltr'><strong>melius,</strong></span> <span class='ocrx_word' id='word_1_587' title='bbox 2688 1562 2826 1617; x_wconf 90' lang='lat' dir='ltr'><strong>dum</strong></span> <span class='ocrx_word' id='word_1_588' title='bbox 2856 1578 2970 1617; x_wconf 92' lang='lat' dir='ltr'><strong>non</strong></span> <span class='ocrx_word' id='word_1_589' title='bbox 3001 1562 3193 1616; x_wconf 89' lang='lat' dir='ltr'><strong>statim</strong></span> <span class='ocrx_word' id='word_1_590' title='bbox 3223 1566 3288 1616; x_wconf 91' lang='lat' dir='ltr'><strong>ut</strong></span> <span class='ocrx_word' id='word_1_591' title='bbox 3327 1561 3610 1633; x_wconf 81' lang='lat' dir='ltr'><strong>decerpta</strong></span> <span class='ocrx_word' id='word_1_592' title='bbox 3641 1563 3872 1626; x_wconf 84' lang='lat' dir='ltr'><strong>fuerint,</strong></span> 
     </span>
    </p>
   </div>
   <div class='ocr_carea' id='block_1_78' title="bbox 2153 1650 3878 1722">
    <p class='ocr_par' dir='ltr' id='par_1_78' title="bbox 2153 1650 3878 1722">
     <span class='ocr_line' id='line_1_78' title="bbox 2153 1650 3878 1722; baseline -0.002 -13"><span class='ocrx_word' id='word_1_593' title='bbox 2153 1655 2556 1720; x_wconf 90' lang='lat' dir='ltr'><strong>absumuntur,</strong></span> <span class='ocrx_word' id='word_1_594' title='bbox 2597 1657 2654 1707; x_wconf 92' lang='lat' dir='ltr'><strong>et</strong></span> <span class='ocrx_word' id='word_1_595' title='bbox 2698 1667 2938 1722; x_wconf 89' lang='lat' dir='ltr'><strong>corpore</strong></span> <span class='ocrx_word' id='word_1_596' title='bbox 2989 1650 3296 1722; x_wconf 90' lang='lat' dir='ltr'><strong>capiuntur</strong></span> <span class='ocrx_word' id='word_1_597' title='bbox 3334 1650 3667 1716; x_wconf 88' lang='lat' dir='ltr'><strong>salubrius,</strong></span> <span class='ocrx_word' id='word_1_598' title='bbox 3715 1658 3773 1706; x_wconf 87' lang='lat' dir='ltr'><strong>et</strong></span> <span class='ocrx_word' id='word_1_599' title='bbox 3809 1669 3878 1705; x_wconf 84' lang='lat' dir='ltr'><strong>sa-</strong></span> 
     </span>
    </p>
   </div>
   <div class='ocr_carea' id='block_1_79' title="bbox 2152 1738 3878 1814">
    <p class='ocr_par' dir='ltr' id='par_1_79' title="bbox 2152 1738 3878 1814">
     <span class='ocr_line' id='line_1_79' title="bbox 2152 1738 3878 1814; baseline -0.002 -16"><span class='ocrx_word' id='word_1_600' title='bbox 2152 1742 2323 1814; x_wconf 88' lang='lat' dir='ltr'><strong>piunt</strong></span> <span class='ocrx_word' id='word_1_601' title='bbox 2351 1741 2412 1796; x_wconf 92' lang='lat' dir='ltr'><strong>in</strong></span> <span class='ocrx_word' id='word_1_602' title='bbox 2442 1757 2541 1796; x_wconf 89' lang='lat' dir='ltr'><strong>ore</strong></span> <span class='ocrx_word' id='word_1_603' title='bbox 2572 1738 2856 1795; x_wconf 89' lang='lat' dir='ltr'><strong>conditius</strong></span> <span class='ocrx_word' id='word_1_604' title='bbox 2881 1756 2894 1795; x_wconf 89' lang='lat'><strong>:</strong></span> <span class='ocrx_word' id='word_1_605' title='bbox 2920 1756 3051 1812; x_wconf 67' lang='lat' dir='ltr'><strong>quas</strong></span> <span class='ocrx_word' id='word_1_606' title='bbox 3075 1743 3234 1794; x_wconf 86' lang='lat' dir='ltr'><strong>tanta</strong></span> <span class='ocrx_word' id='word_1_607' title='bbox 3255 1739 3657 1794; x_wconf 80' lang='lat' dir='ltr'><strong>commoditas</strong></span> <span class='ocrx_word' id='word_1_608' title='bbox 3691 1745 3749 1795; x_wconf 85' lang='lat' dir='ltr'><strong>et</strong></span> <span class='ocrx_word' id='word_1_609' title='bbox 3770 1757 3878 1794; x_wconf 81' lang='lat' dir='ltr'><strong>sua-</strong></span> 
     </span>
    </p>
   </div>
   <div class='ocr_carea' id='block_1_80' title="bbox 2153 1828 3876 1897">
    <p class='ocr_par' dir='ltr' id='par_1_80' title="bbox 2153 1828 3876 1897">
     <span class='ocr_line' id='line_1_80' title="bbox 2153 1828 3876 1897; baseline -0.002 -11"><span class='ocrx_word' id='word_1_610' title='bbox 2153 1832 2297 1886; x_wconf 89' lang='lat' dir='ltr'><strong>vitas</strong></span> <span class='ocrx_word' id='word_1_611' title='bbox 2333 1830 2518 1885; x_wconf 91' lang='lat' dir='ltr'><strong>inesse</strong></span> <span class='ocrx_word' id='word_1_612' title='bbox 2556 1829 2646 1884; x_wconf 92' lang='lat' dir='ltr'><strong>his</strong></span> <span class='ocrx_word' id='word_1_613' title='bbox 2687 1829 2858 1884; x_wconf 89' lang='lat' dir='ltr'><strong>rebus</strong></span> <span class='ocrx_word' id='word_1_614' title='bbox 2894 1828 3135 1883; x_wconf 90' lang='lat' dir='ltr'><strong>minime</strong></span> <span class='ocrx_word' id='word_1_615' title='bbox 3174 1828 3429 1897; x_wconf 87' lang='lat' dir='ltr'><strong>deberet,</strong></span> <span class='ocrx_word' id='word_1_616' title='bbox 3463 1829 3516 1882; x_wconf 92' lang='lat' dir='ltr'><strong>si</strong></span> <span class='ocrx_word' id='word_1_617' title='bbox 3557 1829 3876 1884; x_wconf 85' lang='lat' dir='ltr'><strong>secundum</strong></span> 
     </span>
    </p>
   </div>
   <div class='ocr_carea' id='block_1_81' title="bbox 2157 1916 3874 1986">
    <p class='ocr_par' dir='ltr' id='par_1_81' title="bbox 2157 1916 3874 1986">
     <span class='ocr_line' id='line_1_81' title="bbox 2157 1916 3874 1986; baseline -0.003 -10"><span class='ocrx_word' id='word_1_618' title='bbox 2157 1924 2402 1976; x_wconf 89' lang='lat' dir='ltr'><strong>vestram</strong></span> <span class='ocrx_word' id='word_1_619' title='bbox 2449 1917 2815 1985; x_wconf 90' lang='lat' dir='ltr'><strong>sententiam,</strong></span> <span class='ocrx_word' id='word_1_620' title='bbox 2865 1922 3026 1972; x_wconf 91' lang='lat' dir='ltr'><strong>tanto</strong></span> <span class='ocrx_word' id='word_1_621' title='bbox 3074 1917 3384 1972; x_wconf 87' lang='lat' dir='ltr'><strong>desertiora</strong></span> <span class='ocrx_word' id='word_1_622' title='bbox 3429 1916 3594 1972; x_wconf 91' lang='lat' dir='ltr'><strong>bono</strong></span> <span class='ocrx_word' id='word_1_623' title='bbox 3658 1918 3874 1986; x_wconf 81' lang='lat' dir='ltr'><strong>ﬁerent,</strong></span> 
     </span>
    </p>
   </div>
   <div class='ocr_carea' id='block_1_82' title="bbox 2158 2005 3875 2082">
    <p class='ocr_par' dir='ltr' id='par_1_82' title="bbox 2158 2005 3875 2082">
     <span class='ocr_line' id='line_1_82' title="bbox 2158 2005 3875 2082; baseline -0.002 -18"><span class='ocrx_word' id='word_1_624' title='bbox 2158 2012 2374 2082; x_wconf 86' lang='lat' dir='ltr'><strong>quanto</strong></span> <span class='ocrx_word' id='word_1_625' title='bbox 2399 2005 2725 2063; x_wconf 90' lang='lat' dir='ltr'><strong>diuturnius</strong></span> <span class='ocrx_word' id='word_1_626' title='bbox 2746 2010 3125 2077; x_wconf 87' lang='lat' dir='ltr'><strong>reponuntur,</strong></span> <span class='ocrx_word' id='word_1_627' title='bbox 3147 2011 3450 2077; x_wconf 89' lang='lat' dir='ltr'><strong>postquam</strong></span> <span class='ocrx_word' id='word_1_628' title='bbox 3473 2022 3512 2060; x_wconf 91' lang='lat' dir='ltr'><strong>a</strong></span> <span class='ocrx_word' id='word_1_629' title='bbox 3533 2010 3708 2060; x_wconf 84' lang='lat' dir='ltr'><strong>terra</strong></span> <span class='ocrx_word' id='word_1_630' title='bbox 3731 2007 3875 2078; x_wconf 74' lang='lat' dir='ltr'><strong>quasi</strong></span> 
     </span>
    </p>
   </div>
   <div class='ocr_carea' id='block_1_83' title="bbox 2158 2095 3876 2168">
    <p class='ocr_par' dir='ltr' id='par_1_83' title="bbox 2158 2095 3876 2168">
     <span class='ocr_line' id='line_1_83' title="bbox 2158 2095 3876 2168; baseline -0.003 -14"><span class='ocrx_word' id='word_1_631' title='bbox 2158 2116 2192 2154; x_wconf 90' lang='lat' dir='ltr'><strong>a</strong></span> <span class='ocrx_word' id='word_1_632' title='bbox 2238 2102 2420 2153; x_wconf 89' lang='lat' dir='ltr'><strong>matre</strong></span> <span class='ocrx_word' id='word_1_633' title='bbox 2466 2100 2728 2168; x_wconf 85' lang='lat' dir='ltr'><strong>separata</strong></span> <span class='ocrx_word' id='word_1_634' title='bbox 2773 2100 2926 2151; x_wconf 88' lang='lat' dir='ltr'><strong>sunt.</strong></span> <span class='ocrx_word' id='word_1_635' title='bbox 2961 2096 3104 2151; x_wconf 86' lang='lat' dir='ltr'><strong>Caro</strong></span> <span class='ocrx_word' id='word_1_636' title='bbox 3151 2095 3277 2166; x_wconf 87' lang='lat' dir='ltr'><strong>ipsa</strong></span> <span class='ocrx_word' id='word_1_637' title='bbox 3315 2095 3508 2167; x_wconf 86' lang='lat' dir='ltr'><strong>pridie</strong></span> <span class='ocrx_word' id='word_1_638' title='bbox 3559 2096 3876 2151; x_wconf 88' lang='lat' dir='ltr'><strong>occisorum</strong></span> 
     </span>
    </p>
   </div>
   <div class='ocr_carea' id='block_1_84' title="bbox 2159 2183 3874 2256">
    <p class='ocr_par' dir='ltr' id='par_1_84' title="bbox 2159 2183 3874 2256">
     <span class='ocr_line' id='line_1_84' title="bbox 2159 2183 3874 2256; baseline -0.002 -14"><span class='ocrx_word' id='word_1_639' title='bbox 2159 2187 2494 2242; x_wconf 90' lang='lat' dir='ltr'><strong>animalium</strong></span> <span class='ocrx_word' id='word_1_640' title='bbox 2523 2185 2774 2256; x_wconf 88' lang='lat' dir='ltr'><strong>profecto</strong></span> <span class='ocrx_word' id='word_1_641' title='bbox 2805 2188 2889 2240; x_wconf 88' lang='lat' dir='ltr'><strong>est</strong></span> <span class='ocrx_word' id='word_1_642' title='bbox 2909 2183 3220 2255; x_wconf 89' lang='lat' dir='ltr'><strong>jucundior</strong></span> <span class='ocrx_word' id='word_1_643' title='bbox 3255 2187 3429 2255; x_wconf 89' lang='lat' dir='ltr'><strong>atque</strong></span> <span class='ocrx_word' id='word_1_644' title='bbox 3458 2186 3874 2240; x_wconf 87' lang='lat' dir='ltr'><strong>commodior:</strong></span> 
     </span>
    </p>
   </div>
   <div class='ocr_carea' id='block_1_85' title="bbox 2157 2273 3879 2345">
    <p class='ocr_par' dir='ltr' id='par_1_85' title="bbox 2157 2273 3879 2345">
     <span class='ocr_line' id='line_1_85' title="bbox 2157 2273 3879 2345; baseline -0.002 -13"><span class='ocrx_word' id='word_1_645' title='bbox 2157 2293 2276 2332; x_wconf 91' lang='lat' dir='ltr'><strong>non</strong></span> <span class='ocrx_word' id='word_1_646' title='bbox 2316 2279 2508 2331; x_wconf 87' lang='lat' dir='ltr'><strong>autem</strong></span> <span class='ocrx_word' id='word_1_647' title='bbox 2552 2275 2633 2330; x_wconf 87' lang='lat' dir='ltr'><strong>ita</strong></span> <span class='ocrx_word' id='word_1_648' title='bbox 2670 2289 2792 2328; x_wconf 89' lang='lat' dir='ltr'><strong>esse</strong></span> <span class='ocrx_word' id='word_1_649' title='bbox 2831 2273 3158 2345; x_wconf 87' lang='lat' dir='ltr'><strong>oportebat,</strong></span> <span class='ocrx_word' id='word_1_650' title='bbox 3199 2273 3265 2340; x_wconf 90' lang='lat' dir='ltr'><strong>si,</strong></span> <span class='ocrx_word' id='word_1_651' title='bbox 3314 2277 3378 2327; x_wconf 93' lang='lat' dir='ltr'><strong>ut</strong></span> <span class='ocrx_word' id='word_1_652' title='bbox 3424 2273 3724 2340; x_wconf 83' lang='lat' dir='ltr'><strong>asseritis,</strong></span> <span class='ocrx_word' id='word_1_653' title='bbox 3765 2275 3879 2345; x_wconf 77' lang='lat' dir='ltr'><strong>plus</strong></span> 
     </span>
    </p>
   </div>
   <div class='ocr_carea' id='block_1_86' title="bbox 2160 2361 3875 2434">
    <p class='ocr_par' dir='ltr' id='par_1_86' title="bbox 2160 2361 3875 2434">
     <span class='ocr_line' id='line_1_86' title="bbox 2160 2361 3875 2434; baseline -0.002 -15"><span class='ocrx_word' id='word_1_654' title='bbox 2160 2364 2396 2420; x_wconf 90' lang='lat' dir='ltr'><strong>haberet</strong></span> <span class='ocrx_word' id='word_1_655' title='bbox 2438 2363 2597 2429; x_wconf 91' lang='lat' dir='ltr'><strong>boni,</strong></span> <span class='ocrx_word' id='word_1_656' title='bbox 2640 2377 2706 2417; x_wconf 90' lang='lat' dir='ltr'><strong>eo</strong></span> <span class='ocrx_word' id='word_1_657' title='bbox 2757 2361 2849 2417; x_wconf 90' lang='lat' dir='ltr'><strong>die</strong></span> <span class='ocrx_word' id='word_1_658' title='bbox 2894 2377 3094 2416; x_wconf 91' lang='lat' dir='ltr'><strong>recens</strong></span> <span class='ocrx_word' id='word_1_659' title='bbox 3149 2361 3442 2417; x_wconf 88' lang='lat' dir='ltr'><strong>animante</strong></span> <span class='ocrx_word' id='word_1_660' title='bbox 3498 2361 3875 2434; x_wconf 74' lang='lat' dir='ltr'><strong>interempto,</strong></span> 
     </span>
    </p>
   </div>
   <div class='ocr_carea' id='block_1_87' title="bbox 2159 2449 3876 2526">
    <p class='ocr_par' dir='ltr' id='par_1_87' title="bbox 2159 2449 3876 2526">
     <span class='ocr_line' id='line_1_87' title="bbox 2159 2449 3876 2526; baseline -0.002 -18"><span class='ocrx_word' id='word_1_661' title='bbox 2159 2469 2334 2526; x_wconf 86' lang='lat' dir='ltr'><strong>quam</strong></span> <span class='ocrx_word' id='word_1_662' title='bbox 2380 2450 2656 2524; x_wconf 89' lang='lat' dir='ltr'><strong>postridie</strong></span> <span class='ocrx_word' id='word_1_663' title='bbox 2695 2465 2828 2506; x_wconf 91' lang='lat' dir='ltr'><strong>cum</strong></span> <span class='ocrx_word' id='word_1_664' title='bbox 2872 2449 3081 2506; x_wconf 74' lang='lat' dir='ltr'><strong>divinas</strong></span> <span class='ocrx_word' id='word_1_665' title='bbox 3132 2450 3465 2506; x_wconf 71' lang='lat' dir='ltr'><strong>substantiae</strong></span> <span class='ocrx_word' id='word_1_666' title='bbox 3510 2453 3719 2522; x_wconf 87' lang='lat' dir='ltr'><strong>major</strong></span> <span class='ocrx_word' id='word_1_667' title='bbox 3761 2452 3876 2522; x_wconf 76' lang='lat' dir='ltr'><strong>fuga</strong></span> 
     </span>
    </p>
   </div>
   <div class='ocr_carea' id='block_1_88' title="bbox 2162 2543 2509 2598">
    <p class='ocr_par' dir='ltr' id='par_1_88' title="bbox 2162 2543 2509 2598">
     <span class='ocr_line' id='line_1_88' title="bbox 2162 2543 2509 2598; baseline 0 0"><span class='ocrx_word' id='word_1_668' title='bbox 2162 2543 2310 2598; x_wconf 88' lang='lat' dir='ltr'><strong>facta</strong></span> <span class='ocrx_word' id='word_1_669' title='bbox 2338 2545 2509 2598; x_wconf 89' lang='lat' dir='ltr'><strong>esset.</strong></span> 
     </span>
    </p>
   </div>
   <div class='ocr_carea' id='block_1_89' title="bbox 2230 2628 3873 2702">
    <p class='ocr_par' dir='ltr' id='par_1_89' title="bbox 2230 2628 3873 2702">
     <span class='ocr_line' id='line_1_89' title="bbox 2230 2628 3873 2702; baseline -0.001 -16"><span class='ocrx_word' id='word_1_670' title='bbox 2230 2633 2319 2686; x_wconf 78' lang='grc'><strong>44.</strong></span> <span class='ocrx_word' id='word_1_671' title='bbox 2372 2629 2580 2684; x_wconf 86' lang='lat' dir='ltr'><strong>Vinum</strong></span> <span class='ocrx_word' id='word_1_672' title='bbox 2620 2643 2755 2683; x_wconf 88' lang='lat' dir='ltr'><strong>vero</strong></span> <span class='ocrx_word' id='word_1_673' title='bbox 2802 2631 3083 2683; x_wconf 87' lang='lat' dir='ltr'><strong>vetustate</strong></span> <span class='ocrx_word' id='word_1_674' title='bbox 3129 2628 3330 2698; x_wconf 87' lang='lat' dir='ltr'><strong>purius</strong></span> <span class='ocrx_word' id='word_1_675' title='bbox 3376 2629 3730 2702; x_wconf 84' lang='lat' dir='ltr'><strong>meliusque</strong></span> <span class='ocrx_word' id='word_1_676' title='bbox 3767 2632 3873 2686; x_wconf 76' lang='lat' dir='ltr'><strong>ﬁeri</strong></span> 
     </span>
    </p>
   </div>
   <div class='ocr_carea' id='block_1_90' title="bbox 2163 2716 3872 2792">
    <p class='ocr_par' dir='ltr' id='par_1_90' title="bbox 2163 2716 3872 2792">
     <span class='ocr_line' id='line_1_90' title="bbox 2163 2716 3872 2792; baseline -0.001 -17"><span class='ocrx_word' id='word_1_677' title='bbox 2163 2721 2290 2792; x_wconf 91' lang='lat' dir='ltr'><strong>quis</strong></span> <span class='ocrx_word' id='word_1_678' title='bbox 2331 2717 2597 2791; x_wconf 89' lang='lat' dir='ltr'><strong>ignoret?</strong></span> <span class='ocrx_word' id='word_1_679' title='bbox 2626 2733 2732 2772; x_wconf 90' lang='lat' dir='ltr'><strong>nec</strong></span> <span class='ocrx_word' id='word_1_680' title='bbox 2776 2716 2849 2772; x_wconf 91' lang='lat' dir='ltr'><strong>ad</strong></span> <span class='ocrx_word' id='word_1_681' title='bbox 2897 2717 3304 2788; x_wconf 89' lang='lat' dir='ltr'><strong>pervertendos</strong></span> <span class='ocrx_word' id='word_1_682' title='bbox 3351 2734 3565 2773; x_wconf 89' lang='lat' dir='ltr'><strong>sensus</strong></span> <span class='ocrx_word' id='word_1_683' title='bbox 3615 2721 3872 2775; x_wconf 84' lang='lat' dir='ltr'><strong>redolen-</strong></span> 
     </span>
    </p>
   </div>
   <div class='ocr_carea' id='block_1_91' title="bbox 2161 2806 3876 2880">
    <p class='ocr_par' dir='ltr' id='par_1_91' title="bbox 2161 2806 3876 2880">
     <span class='ocr_line' id='line_1_91' title="bbox 2161 2806 3876 2880; baseline -0.001 -17"><span class='ocrx_word' id='word_1_684' title='bbox 2161 2810 2274 2864; x_wconf 92' lang='lat' dir='ltr'><strong>tius</strong></span> <span class='ocrx_word' id='word_1_685' title='bbox 2315 2810 2356 2876; x_wconf 80' lang='grc' dir='ltr'><strong>ί,</strong></span> <span class='ocrx_word' id='word_1_686' title='bbox 2389 2813 2456 2863; x_wconf 92' lang='lat' dir='ltr'><strong>ut</strong></span> <span class='ocrx_word' id='word_1_687' title='bbox 2481 2806 2715 2880; x_wconf 90' lang='lat' dir='ltr'><strong>putatis,</strong></span> <span class='ocrx_word' id='word_1_688' title='bbox 2751 2806 2850 2862; x_wconf 88' lang='lat' dir='ltr'><strong>sed</strong></span> <span class='ocrx_word' id='word_1_689' title='bbox 2878 2806 2950 2861; x_wconf 89' lang='lat' dir='ltr'><strong>ad</strong></span> <span class='ocrx_word' id='word_1_690' title='bbox 2978 2807 3360 2877; x_wconf 89' lang='lat' dir='ltr'><strong>vegetandum</strong></span> <span class='ocrx_word' id='word_1_691' title='bbox 3391 2823 3614 2879; x_wconf 84' lang='lat' dir='ltr'><strong>corpus</strong></span> <span class='ocrx_word' id='word_1_692' title='bbox 3655 2810 3876 2864; x_wconf 84' lang='lat' dir='ltr'><strong>utilius:</strong></span> 
     </span>
    </p>
   </div>
   <div class='ocr_carea' id='block_1_92' title="bbox 2161 2895 3874 2967">
    <p class='ocr_par' dir='ltr' id='par_1_92' title="bbox 2161 2895 3874 2967">
     <span class='ocr_line' id='line_1_92' title="bbox 2161 2895 3874 2967; baseline -0.001 -13"><span class='ocrx_word' id='word_1_693' title='bbox 2161 2901 2387 2954; x_wconf 88' lang='lat' dir='ltr'><strong>tantum</strong></span> <span class='ocrx_word' id='word_1_694' title='bbox 2415 2897 2563 2952; x_wconf 88' lang='lat' dir='ltr'><strong>adsit</strong></span> <span class='ocrx_word' id='word_1_695' title='bbox 2605 2895 2832 2966; x_wconf 89' lang='lat' dir='ltr'><strong>modus,</strong></span> <span class='ocrx_word' id='word_1_696' title='bbox 2863 2911 3036 2967; x_wconf 88' lang='lat' dir='ltr'><strong>quem</strong></span> <span class='ocrx_word' id='word_1_697' title='bbox 3066 2895 3129 2950; x_wconf 90' lang='lat' dir='ltr'><strong>in</strong></span> <span class='ocrx_word' id='word_1_698' title='bbox 3156 2895 3314 2952; x_wconf 78' lang='lat' dir='ltr'><strong>omni</strong></span> <span class='ocrx_word' id='word_1_699' title='bbox 3342 2912 3408 2950; x_wconf 90' lang='lat' dir='ltr'><strong>re</strong></span> <span class='ocrx_word' id='word_1_700' title='bbox 3453 2897 3766 2953; x_wconf 79' lang='lat' dir='ltr'><strong>dominari</strong></span> <span class='ocrx_word' id='word_1_701' title='bbox 3793 2900 3874 2953; x_wconf 85' lang='lat' dir='ltr'><strong>de-</strong></span> 
     </span>
    </p>
   </div>
   <div class='ocr_carea' id='block_1_93' title="bbox 2161 2984 3874 3055">
    <p class='ocr_par' dir='ltr' id='par_1_93' title="bbox 2161 2984 3874 3055">
     <span class='ocr_line' id='line_1_93' title="bbox 2161 2984 3874 3055; baseline -0.001 -13"><span class='ocrx_word' id='word_1_702' title='bbox 2161 2992 2270 3043; x_wconf 90' lang='lat' dir='ltr'><strong>cet.</strong></span> <span class='ocrx_word' id='word_1_703' title='bbox 2305 2989 2450 3042; x_wconf 87' lang='lat' dir='ltr'><strong>Nam</strong></span> <span class='ocrx_word' id='word_1_704' title='bbox 2478 2989 2666 3041; x_wconf 90' lang='lat' dir='ltr'><strong>musto</strong></span> <span class='ocrx_word' id='word_1_705' title='bbox 2693 2984 3010 3040; x_wconf 90' lang='lat' dir='ltr'><strong>recentiore</strong></span> <span class='ocrx_word' id='word_1_706' title='bbox 3034 2985 3374 3055; x_wconf 89' lang='lat' dir='ltr'><strong>perversitas</strong></span> <span class='ocrx_word' id='word_1_707' title='bbox 3403 3001 3701 3042; x_wconf 88' lang='lat' dir='ltr'><strong>sensuum</strong></span> <span class='ocrx_word' id='word_1_708' title='bbox 3731 2989 3874 3042; x_wconf 66' lang='lat' dir='ltr'><strong>citius</strong></span> 
     </span>
    </p>
   </div>
   <div class='ocr_carea' id='block_1_94' title="bbox 2162 3072 3873 3145">
    <p class='ocr_par' dir='ltr' id='par_1_94' title="bbox 2162 3072 3873 3145">
     <span class='ocr_line' id='line_1_94' title="bbox 2162 3072 3873 3145; baseline -0.001 -15"><span class='ocrx_word' id='word_1_709' title='bbox 2162 3077 2304 3132; x_wconf 88' lang='lat' dir='ltr'><strong>solet</strong></span> <span class='ocrx_word' id='word_1_710' title='bbox 2335 3074 2624 3131; x_wconf 89' lang='lat' dir='ltr'><strong>accidere:</strong></span> <span class='ocrx_word' id='word_1_711' title='bbox 2656 3073 2736 3128; x_wconf 90' lang='lat' dir='ltr'><strong>ita</strong></span> <span class='ocrx_word' id='word_1_712' title='bbox 2758 3077 2822 3127; x_wconf 90' lang='lat' dir='ltr'><strong>ut</strong></span> <span class='ocrx_word' id='word_1_713' title='bbox 2848 3072 2894 3127; x_wconf 92' lang='lat' dir='ltr'><strong>si</strong></span> <span class='ocrx_word' id='word_1_714' title='bbox 2924 3073 3234 3145; x_wconf 85' lang='lat' dir='ltr'><strong>aliquando</strong></span> <span class='ocrx_word' id='word_1_715' title='bbox 3267 3073 3329 3128; x_wconf 92' lang='lat' dir='ltr'><strong>in</strong></span> <span class='ocrx_word' id='word_1_716' title='bbox 3350 3075 3480 3128; x_wconf 87' lang='lat' dir='ltr'><strong>lacu</strong></span> <span class='ocrx_word' id='word_1_717' title='bbox 3514 3077 3873 3136; x_wconf 84' lang='lat' dir='ltr'><strong>remanserit,</strong></span> 
     </span>
    </p>
   </div>
   <div class='ocr_carea' id='block_1_95' title="bbox 2163 3162 3873 3238">
    <p class='ocr_par' dir='ltr' id='par_1_95' title="bbox 2163 3162 3873 3238">
     <span class='ocr_line' id='line_1_95' title="bbox 2163 3162 3873 3238; baseline -0.002 -17"><span class='ocrx_word' id='word_1_718' title='bbox 2163 3165 2641 3238; x_wconf 87' lang='lat' dir='ltr'><strong>aliquantumque</strong></span> <span class='ocrx_word' id='word_1_719' title='bbox 2669 3162 2964 3230; x_wconf 87' lang='lat' dir='ltr'><strong>ferbuerit,</strong></span> <span class='ocrx_word' id='word_1_720' title='bbox 2997 3162 3290 3218; x_wconf 85' lang='lat' dir='ltr'><strong>intuentes</strong></span> <span class='ocrx_word' id='word_1_721' title='bbox 3319 3162 3583 3235; x_wconf 87' lang='lat' dir='ltr'><strong>desuper</strong></span> <span class='ocrx_word' id='word_1_722' title='bbox 3621 3180 3873 3236; x_wconf 75' lang='lat' dir='ltr'><strong>percusso</strong></span> 
     </span>
    </p>
   </div>
   <div class='ocr_carea' id='block_1_96' title="bbox 2163 3251 3876 3324">
    <p class='ocr_par' dir='ltr' id='par_1_96' title="bbox 2163 3251 3876 3324">
     <span class='ocr_line' id='line_1_96' title="bbox 2163 3251 3876 3324; baseline -0.002 -15"><span class='ocrx_word' id='word_1_723' title='bbox 2163 3254 2396 3310; x_wconf 89' lang='lat' dir='ltr'><strong>cerebro</strong></span> <span class='ocrx_word' id='word_1_724' title='bbox 2444 3251 2768 3324; x_wconf 69' lang='lat' dir='ltr'><strong>praecipites</strong></span> <span class='ocrx_word' id='word_1_725' title='bbox 2802 3255 2952 3322; x_wconf 88' lang='lat' dir='ltr'><strong>agat,</strong></span> <span class='ocrx_word' id='word_1_726' title='bbox 2985 3255 3043 3306; x_wconf 91' lang='lat' dir='ltr'><strong>et</strong></span> <span class='ocrx_word' id='word_1_727' title='bbox 3082 3251 3193 3306; x_wconf 88' lang='lat' dir='ltr'><strong>nisi</strong></span> <span class='ocrx_word' id='word_1_728' title='bbox 3233 3251 3429 3323; x_wconf 91' lang='lat' dir='ltr'><strong>aliquo</strong></span> <span class='ocrx_word' id='word_1_729' title='bbox 3471 3254 3662 3309; x_wconf 89' lang='lat' dir='ltr'><strong>modo</strong></span> <span class='ocrx_word' id='word_1_730' title='bbox 3704 3255 3876 3309; x_wconf 78' lang='lat' dir='ltr'><strong>subve-</strong></span> 
     </span>
    </p>
   </div>
   <div class='ocr_carea' id='block_1_97' title="bbox 2162 3339 3873 3412">
    <p class='ocr_par' dir='ltr' id='par_1_97' title="bbox 2162 3339 3873 3412">
     <span class='ocr_line' id='line_1_97' title="bbox 2162 3339 3873 3412; baseline -0.002 -14"><span class='ocrx_word' id='word_1_731' title='bbox 2162 3343 2377 3412; x_wconf 89' lang='lat' dir='ltr'><strong>niatur,</strong></span> <span class='ocrx_word' id='word_1_732' title='bbox 2409 3341 2751 3412; x_wconf 83' lang='lat' dir='ltr'><strong>exstinguat.</strong></span> <span class='ocrx_word' id='word_1_733' title='bbox 2777 3341 2902 3396; x_wconf 86' lang='lat' dir='ltr'><strong>Jam</strong></span> <span class='ocrx_word' id='word_1_734' title='bbox 2930 3340 3083 3412; x_wconf 90' lang='lat' dir='ltr'><strong>quod</strong></span> <span class='ocrx_word' id='word_1_735' title='bbox 3131 3339 3204 3394; x_wconf 91' lang='lat' dir='ltr'><strong>ad</strong></span> <span class='ocrx_word' id='word_1_736' title='bbox 3231 3340 3638 3396; x_wconf 87' lang='lat' dir='ltr'><strong>valetudinem</strong></span> <span class='ocrx_word' id='word_1_737' title='bbox 3673 3345 3873 3402; x_wconf 73' lang='lat' dir='ltr'><strong>attinet.</strong></span> 
     </span>
    </p>
   </div>
   <div class='ocr_carea' id='block_1_98' title="bbox 2163 3428 3873 3502">
    <p class='ocr_par' dir='ltr' id='par_1_98' title="bbox 2163 3428 3873 3502">
     <span class='ocr_line' id='line_1_98' title="bbox 2163 3428 3873 3502; baseline -0.001 -15"><span class='ocrx_word' id='word_1_738' title='bbox 2163 3431 2354 3487; x_wconf 88' lang='lat' dir='ltr'><strong>inﬂari</strong></span> <span class='ocrx_word' id='word_1_739' title='bbox 2399 3447 2466 3486; x_wconf 90' lang='lat' dir='ltr'><strong>eo</strong></span> <span class='ocrx_word' id='word_1_740' title='bbox 2510 3445 2748 3501; x_wconf 90' lang='lat' dir='ltr'><strong>corpora</strong></span> <span class='ocrx_word' id='word_1_741' title='bbox 2794 3428 3226 3500; x_wconf 88' lang='lat' dir='ltr'><strong>pernicioseque</strong></span> <span class='ocrx_word' id='word_1_742' title='bbox 3274 3429 3560 3497; x_wconf 89' lang='lat' dir='ltr'><strong>distendi,</strong></span> <span class='ocrx_word' id='word_1_743' title='bbox 3615 3432 3752 3502; x_wconf 84' lang='lat' dir='ltr'><strong>quis</strong></span> <span class='ocrx_word' id='word_1_744' title='bbox 3801 3432 3873 3485; x_wconf 80' lang='lat' dir='ltr'><strong>ab-</strong></span> 
     </span>
    </p>
   </div>
   <div class='ocr_carea' id='block_1_99' title="bbox 2164 3518 3872 3591">
    <p class='ocr_par' dir='ltr' id='par_1_99' title="bbox 2164 3518 3872 3591">
     <span class='ocr_line' id='line_1_99' title="bbox 2164 3518 3872 3591; baseline -0.003 -15"><span class='ocrx_word' id='word_1_745' title='bbox 2164 3522 2341 3576; x_wconf 87' lang='lat' dir='ltr'><strong>nuat?</strong></span> <span class='ocrx_word' id='word_1_746' title='bbox 2368 3520 2518 3574; x_wconf 87' lang='lat' dir='ltr'><strong>Num</strong></span> <span class='ocrx_word' id='word_1_747' title='bbox 2553 3519 2683 3574; x_wconf 90' lang='lat' dir='ltr'><strong>ideo</strong></span> <span class='ocrx_word' id='word_1_748' title='bbox 2721 3521 2879 3574; x_wconf 84' lang='lat' dir='ltr'><strong>tanta</strong></span> <span class='ocrx_word' id='word_1_749' title='bbox 2921 3518 3288 3573; x_wconf 86' lang='lat' dir='ltr'><strong>incommoda</strong></span> <span class='ocrx_word' id='word_1_750' title='bbox 3326 3519 3559 3588; x_wconf 92' lang='lat' dir='ltr'><strong>insunt,</strong></span> <span class='ocrx_word' id='word_1_751' title='bbox 3595 3519 3746 3590; x_wconf 86' lang='lat' dir='ltr'><strong>quia</strong></span> <span class='ocrx_word' id='word_1_752' title='bbox 3769 3521 3872 3591; x_wconf 76' lang='lat' dir='ltr'><strong>plus</strong></span> 
     </span>
    </p>
   </div>
   <div class='ocr_carea' id='block_1_100' title="bbox 2164 3605 3872 3679">
    <p class='ocr_par' dir='ltr' id='par_1_100' title="bbox 2164 3605 3872 3679">
     <span class='ocr_line' id='line_1_100' title="bbox 2164 3605 3872 3679; baseline -0.004 -14"><span class='ocrx_word' id='word_1_753' title='bbox 2164 3610 2336 3665; x_wconf 87' lang='lat' dir='ltr'><strong>habet</strong></span> <span class='ocrx_word' id='word_1_754' title='bbox 2362 3607 2527 3675; x_wconf 90' lang='lat' dir='ltr'><strong>boni;</strong></span> <span class='ocrx_word' id='word_1_755' title='bbox 2561 3611 2866 3679; x_wconf 82' lang='lat' dir='ltr'><strong>prapterea</strong></span> <span class='ocrx_word' id='word_1_756' title='bbox 2888 3605 2997 3662; x_wconf 77' lang='lat' dir='ltr'><strong>ista</strong></span> <span class='ocrx_word' id='word_1_757' title='bbox 3020 3606 3084 3662; x_wconf 91' lang='lat' dir='ltr'><strong>in</strong></span> <span class='ocrx_word' id='word_1_758' title='bbox 3111 3605 3228 3661; x_wconf 92' lang='lat' dir='ltr'><strong>vini</strong></span> <span class='ocrx_word' id='word_1_759' title='bbox 3256 3610 3545 3662; x_wconf 87' lang='lat' dir='ltr'><strong>vetustate</strong></span> <span class='ocrx_word' id='word_1_760' title='bbox 3583 3625 3707 3663; x_wconf 90' lang='lat' dir='ltr'><strong>non</strong></span> <span class='ocrx_word' id='word_1_761' title='bbox 3739 3613 3872 3673; x_wconf 87' lang='lat' dir='ltr'><strong>sunt,</strong></span> 
     </span>
    </p>
   </div>
   <div class='ocr_carea' id='block_1_101' title="bbox 2167 3695 3871 3770">
    <p class='ocr_par' dir='ltr' id='par_1_101' title="bbox 2167 3695 3871 3770">
     <span class='ocr_line' id='line_1_101' title="bbox 2167 3695 3871 3770; baseline -0.003 -17"><span class='ocrx_word' id='word_1_762' title='bbox 2167 3698 2303 3770; x_wconf 89' lang='lat' dir='ltr'><strong>quia</strong></span> <span class='ocrx_word' id='word_1_763' title='bbox 2331 3697 2541 3753; x_wconf 69' lang='lat' dir='ltr'><strong>divinas</strong></span> <span class='ocrx_word' id='word_1_764' title='bbox 2565 3695 2899 3752; x_wconf 66' lang='lat' dir='ltr'><strong>substantias</strong></span> <span class='ocrx_word' id='word_1_765' title='bbox 2930 3711 3063 3766; x_wconf 88' lang='lat' dir='ltr'><strong>pars</strong></span> <span class='ocrx_word' id='word_1_766' title='bbox 3091 3711 3301 3765; x_wconf 88' lang='lat' dir='ltr'><strong>magna</strong></span> <span class='ocrx_word' id='word_1_767' title='bbox 3330 3695 3638 3751; x_wconf 82' lang='lat' dir='ltr'><strong>discessit?</strong></span> <span class='ocrx_word' id='word_1_768' title='bbox 3671 3698 3871 3752; x_wconf 76' lang='lat' dir='ltr'><strong>Absur-</strong></span> 
     </span>
    </p>
   </div>
   <div class='ocr_carea' id='block_1_102' title="bbox 2167 3783 3874 3857">
    <p class='ocr_par' dir='ltr' id='par_1_102' title="bbox 2167 3783 3874 3857">
     <span class='ocr_line' id='line_1_102' title="bbox 2167 3783 3874 3857; baseline -0.002 -14"><span class='ocrx_word' id='word_1_769' title='bbox 2167 3789 2306 3843; x_wconf 92' lang='lat' dir='ltr'><strong>dum</strong></span> <span class='ocrx_word' id='word_1_770' title='bbox 2323 3785 2640 3853; x_wconf 88' lang='lat' dir='ltr'><strong>estdicere;</strong></span> <span class='ocrx_word' id='word_1_771' title='bbox 2660 3784 2820 3840; x_wconf 89' lang='lat' dir='ltr'><strong>vobis</strong></span> <span class='ocrx_word' id='word_1_772' title='bbox 2833 3783 3154 3855; x_wconf 62' lang='lat' dir='ltr'><strong>praesertim</strong></span> <span class='ocrx_word' id='word_1_773' title='bbox 3175 3783 3275 3856; x_wconf 91' lang='lat' dir='ltr'><strong>qui</strong></span> <span class='ocrx_word' id='word_1_774' title='bbox 3299 3785 3688 3855; x_wconf 65' lang='lat' dir='ltr'><strong>praesentiam</strong></span> <span class='ocrx_word' id='word_1_775' title='bbox 3715 3786 3874 3857; x_wconf 60' lang='lat' dir='ltr'><strong>part3</strong></span> 
     </span>
    </p>
   </div>
   <div class='ocr_carea' id='block_1_103' title="bbox 2169 3873 3872 3943">
    <p class='ocr_par' dir='ltr' id='par_1_103' title="bbox 2169 3873 3872 3943">
     <span class='ocr_line' id='line_1_103' title="bbox 2169 3873 3872 3943; baseline -0.003 -12"><span class='ocrx_word' id='word_1_776' title='bbox 2169 3876 2290 3943; x_wconf 89' lang='lat' dir='ltr'><strong>Dei,</strong></span> <span class='ocrx_word' id='word_1_777' title='bbox 2351 3875 2551 3942; x_wconf 91' lang='lat' dir='ltr'><strong>oculis,</strong></span> <span class='ocrx_word' id='word_1_778' title='bbox 2610 3873 2863 3942; x_wconf 90' lang='lat' dir='ltr'><strong>naribus,</strong></span> <span class='ocrx_word' id='word_1_779' title='bbox 2915 3873 3126 3943; x_wconf 90' lang='lat' dir='ltr'><strong>palato,</strong></span> <span class='ocrx_word' id='word_1_780' title='bbox 3176 3888 3307 3927; x_wconf 90' lang='lat' dir='ltr'><strong>cum</strong></span> <span class='ocrx_word' id='word_1_781' title='bbox 3359 3873 3422 3928; x_wconf 92' lang='lat' dir='ltr'><strong>hi</strong></span> <span class='ocrx_word' id='word_1_782' title='bbox 3477 3890 3697 3929; x_wconf 84' lang='lat' dir='ltr'><strong>sensus</strong></span> <span class='ocrx_word' id='word_1_783' title='bbox 3751 3876 3872 3929; x_wconf 71' lang='lat' dir='ltr'><strong>bene</strong></span> 
     </span>
    </p>
   </div>
   <div class='ocr_carea' id='block_1_104' title="bbox 2166 3962 3869 4035">
    <p class='ocr_par' dir='ltr' id='par_1_104' title="bbox 2166 3962 3869 4035">
     <span class='ocr_line' id='line_1_104' title="bbox 2166 3962 3869 4035; baseline -0.003 -15"><span class='ocrx_word' id='word_1_784' title='bbox 2166 3964 2516 4027; x_wconf 83' lang='lat' dir='ltr'><strong>afﬁciuntur,</strong></span> <span class='ocrx_word' id='word_1_785' title='bbox 2547 3962 2834 4035; x_wconf 89' lang='lat' dir='ltr'><strong>judicatis.</strong></span> <span class='ocrx_word' id='word_1_786' title='bbox 2875 3964 3003 4018; x_wconf 85' lang='lat' dir='ltr'><strong>Jam</strong></span> <span class='ocrx_word' id='word_1_787' title='bbox 3038 3977 3170 4017; x_wconf 89' lang='lat' dir='ltr'><strong>vero</strong></span> <span class='ocrx_word' id='word_1_788' title='bbox 3208 3977 3341 4034; x_wconf 68' lang='lat' dir='ltr'><strong>quas</strong></span> <span class='ocrx_word' id='word_1_789' title='bbox 3379 3966 3549 4016; x_wconf 84' lang='lat' dir='ltr'><strong>tanta</strong></span> <span class='ocrx_word' id='word_1_790' title='bbox 3591 3963 3869 4034; x_wconf 66' lang='lat' dir='ltr'><strong>pervenio</strong></span> 
     </span>
    </p>
   </div>
   <div class='ocr_carea' id='block_1_105' title="bbox 2168 4050 3870 4124">
    <p class='ocr_par' dir='ltr' id='par_1_105' title="bbox 2168 4050 3870 4124">
     <span class='ocr_line' id='line_1_105' title="bbox 2168 4050 3870 4124; baseline -0.005 -14"><span class='ocrx_word' id='word_1_791' title='bbox 2168 4059 2272 4124; x_wconf 87' lang='lat' dir='ltr'><strong>est,</strong></span> <span class='ocrx_word' id='word_1_792' title='bbox 2297 4053 2496 4110; x_wconf 90' lang='lat' dir='ltr'><strong>vinum</strong></span> <span class='ocrx_word' id='word_1_793' title='bbox 2529 4057 2733 4124; x_wconf 88' lang='lat' dir='ltr'><strong>putare</strong></span> <span class='ocrx_word' id='word_1_794' title='bbox 2771 4052 2847 4107; x_wconf 92' lang='lat' dir='ltr'><strong>fel</strong></span> <span class='ocrx_word' id='word_1_795' title='bbox 2874 4051 3202 4123; x_wconf 90' lang='lat' dir='ltr'><strong>principum</strong></span> <span class='ocrx_word' id='word_1_796' title='bbox 3231 4050 3640 4116; x_wconf 88' lang='lat' dir='ltr'><strong>tenebrarum,</strong></span> <span class='ocrx_word' id='word_1_797' title='bbox 3688 4057 3746 4105; x_wconf 84' lang='lat' dir='ltr'><strong>et</strong></span> <span class='ocrx_word' id='word_1_798' title='bbox 3769 4051 3870 4104; x_wconf 80' lang='lat' dir='ltr'><strong>uvis</strong></span> 
     </span>
    </p>
   </div>
   <div class='ocr_carea' id='block_1_106' title="bbox 2166 4138 3870 4212">
    <p class='ocr_par' dir='ltr' id='par_1_106' title="bbox 2166 4138 3870 4212">
     <span class='ocr_line' id='line_1_106' title="bbox 2166 4138 3870 4212; baseline -0.004 -14"><span class='ocrx_word' id='word_1_799' title='bbox 2166 4142 2532 4198; x_wconf 89' lang='lat' dir='ltr'><strong>comedendis</strong></span> <span class='ocrx_word' id='word_1_800' title='bbox 2555 4157 2671 4196; x_wconf 90' lang='lat' dir='ltr'><strong>non</strong></span> <span class='ocrx_word' id='word_1_801' title='bbox 2701 4141 2972 4212; x_wconf 87' lang='lat' dir='ltr'><strong>parcere?</strong></span> <span class='ocrx_word' id='word_1_802' title='bbox 2999 4139 3248 4210; x_wconf 85' lang='lat' dir='ltr'><strong>Magisne</strong></span> <span class='ocrx_word' id='word_1_803' title='bbox 3273 4138 3450 4194; x_wconf 88' lang='lat' dir='ltr'><strong>inerit</strong></span> <span class='ocrx_word' id='word_1_804' title='bbox 3473 4138 3626 4195; x_wconf 87' lang='lat' dir='ltr'><strong>illud</strong></span> <span class='ocrx_word' id='word_1_805' title='bbox 3653 4140 3732 4194; x_wconf 84' lang='lat' dir='ltr'><strong>fel</strong></span> <span class='ocrx_word' id='word_1_806' title='bbox 3763 4155 3870 4192; x_wconf 80' lang='lat' dir='ltr'><strong>cum</strong></span> 
     </span>
    </p>
   </div>
   <div class='ocr_carea' id='block_1_107' title="bbox 2168 4227 3870 4304">
    <p class='ocr_par' dir='ltr' id='par_1_107' title="bbox 2168 4227 3870 4304">
     <span class='ocr_line' id='line_1_107' title="bbox 2168 4227 3870 4304; baseline -0.003 -18"><span class='ocrx_word' id='word_1_807' title='bbox 2168 4232 2227 4286; x_wconf 90' lang='lat' dir='ltr'><strong>in</strong></span> <span class='ocrx_word' id='word_1_808' title='bbox 2271 4248 2438 4304; x_wconf 91' lang='lat' dir='ltr'><strong>cupa,</strong></span> <span class='ocrx_word' id='word_1_809' title='bbox 2489 4246 2663 4302; x_wconf 91' lang='lat' dir='ltr'><strong>quam</strong></span> <span class='ocrx_word' id='word_1_810' title='bbox 2705 4245 2838 4284; x_wconf 92' lang='lat' dir='ltr'><strong>cum</strong></span> <span class='ocrx_word' id='word_1_811' title='bbox 2871 4228 2935 4284; x_wconf 92' lang='lat' dir='ltr'><strong>in</strong></span> <span class='ocrx_word' id='word_1_812' title='bbox 2982 4227 3162 4284; x_wconf 90' lang='lat' dir='ltr'><strong>acinis</strong></span> <span class='ocrx_word' id='word_1_813' title='bbox 3200 4227 3415 4284; x_wconf 81' lang='lat' dir='ltr'><strong>fuerit?</strong></span> <span class='ocrx_word' id='word_1_814' title='bbox 3443 4228 3613 4292; x_wconf 88' lang='lat' dir='ltr'><strong>Quod</strong></span> <span class='ocrx_word' id='word_1_815' title='bbox 3657 4229 3710 4283; x_wconf 86' lang='lat' dir='ltr'><strong>si</strong></span> <span class='ocrx_word' id='word_1_816' title='bbox 3741 4228 3870 4282; x_wconf 65' lang='lat' dir='ltr'><strong>bona.</strong></span> 
     </span>
    </p>
   </div>
   <div class='ocr_carea' id='block_1_108' title="bbox 2169 4315 3870 4390">
    <p class='ocr_par' dir='ltr' id='par_1_108' title="bbox 2169 4315 3870 4390">
     <span class='ocr_line' id='line_1_108' title="bbox 2169 4315 3870 4390; baseline -0.006 -13"><span class='ocrx_word' id='word_1_817' title='bbox 2169 4321 2493 4377; x_wconf 87' lang='lat' dir='ltr'><strong>discedente</strong></span> <span class='ocrx_word' id='word_1_818' title='bbox 2547 4319 2710 4390; x_wconf 90' lang='lat' dir='ltr'><strong>quasi</strong></span> <span class='ocrx_word' id='word_1_819' title='bbox 2765 4317 3045 4373; x_wconf 88' lang='lat' dir='ltr'><strong>meracius</strong></span> <span class='ocrx_word' id='word_1_820' title='bbox 3093 4320 3357 4372; x_wconf 89' lang='lat' dir='ltr'><strong>remanet</strong></span> <span class='ocrx_word' id='word_1_821' title='bbox 3412 4316 3668 4384; x_wconf 88' lang='lat' dir='ltr'><strong>malum,</strong></span> <span class='ocrx_word' id='word_1_822' title='bbox 3723 4321 3778 4371; x_wconf 85' lang='lat' dir='ltr'><strong>et</strong></span> <span class='ocrx_word' id='word_1_823' title='bbox 3827 4315 3870 4368; x_wconf 60' lang='lat' dir='ltr'><strong>id</strong></span> 
     </span>
    </p>
   </div>
   <div class='ocr_carea' id='block_1_109' title="bbox 2167 4403 3870 4482">
    <p class='ocr_par' dir='ltr' id='par_1_109' title="bbox 2167 4403 3870 4482">
     <span class='ocr_line' id='line_1_109' title="bbox 2167 4403 3870 4482; baseline -0.007 -17"><span class='ocrx_word' id='word_1_824' title='bbox 2167 4410 2443 4482; x_wconf 84' lang='lat' dir='ltr'><strong>temporis</strong></span> <span class='ocrx_word' id='word_1_825' title='bbox 2472 4423 2634 4463; x_wconf 90' lang='lat' dir='ltr'><strong>mora</strong></span> <span class='ocrx_word' id='word_1_826' title='bbox 2662 4406 2972 4477; x_wconf 88' lang='lat' dir='ltr'><strong>contingit;</strong></span> <span class='ocrx_word' id='word_1_827' title='bbox 3003 4421 3120 4460; x_wconf 90' lang='lat' dir='ltr'><strong>non</strong></span> <span class='ocrx_word' id='word_1_828' title='bbox 3149 4403 3458 4476; x_wconf 89' lang='lat' dir='ltr'><strong>oportebat</strong></span> <span class='ocrx_word' id='word_1_829' title='bbox 3482 4404 3731 4459; x_wconf 87' lang='lat' dir='ltr'><strong>easdem</strong></span> <span class='ocrx_word' id='word_1_830' title='bbox 3759 4418 3870 4457; x_wconf 59' lang='lat' dir='ltr'><strong>uvas</strong></span> 
     </span>
    </p>
   </div>
   <div class='ocr_carea' id='block_1_110' title="bbox 2169 4493 3869 4570">
    <p class='ocr_par' dir='ltr' id='par_1_110' title="bbox 2169 4493 3869 4570">
     <span class='ocr_line' id='line_1_110' title="bbox 2169 4493 3869 4570; baseline -0.006 -16"><span class='ocrx_word' id='word_1_831' title='bbox 2169 4515 2473 4570; x_wconf 90' lang='lat' dir='ltr'><strong>suspensas</strong></span> <span class='ocrx_word' id='word_1_832' title='bbox 2519 4501 2688 4567; x_wconf 87' lang='lat' dir='ltr'><strong>atque</strong></span> <span class='ocrx_word' id='word_1_833' title='bbox 2755 4500 3003 4550; x_wconf 90' lang='lat' dir='ltr'><strong>servatas</strong></span> <span class='ocrx_word' id='word_1_834' title='bbox 3054 4495 3181 4550; x_wconf 86' lang='lat' dir='ltr'><strong>ﬁeri</strong></span> <span class='ocrx_word' id='word_1_835' title='bbox 3230 4493 3518 4558; x_wconf 89' lang='lat' dir='ltr'><strong>mitiores,</strong></span> <span class='ocrx_word' id='word_1_836' title='bbox 3582 4495 3869 4549; x_wconf 70' lang='lat' dir='ltr'><strong>dulciores.</strong></span> 
     </span>
    </p>
   </div>
   <div class='ocr_carea' id='block_1_111' title="bbox 2169 4581 3868 4657">
    <p class='ocr_par' dir='ltr' id='par_1_111' title="bbox 2169 4581 3868 4657">
     <span class='ocr_line' id='line_1_111' title="bbox 2169 4581 3868 4657; baseline -0.005 -13"><span class='ocrx_word' id='word_1_837' title='bbox 2169 4587 2550 4644; x_wconf 89' lang='lat' dir='ltr'><strong>salubriores:</strong></span> <span class='ocrx_word' id='word_1_838' title='bbox 2585 4601 2772 4657; x_wconf 87' lang='lat' dir='ltr'><strong>neque</strong></span> <span class='ocrx_word' id='word_1_839' title='bbox 2802 4585 2991 4656; x_wconf 90' lang='lat' dir='ltr'><strong>ipsum</strong></span> <span class='ocrx_word' id='word_1_840' title='bbox 3020 4583 3222 4638; x_wconf 91' lang='lat' dir='ltr'><strong>vinum</strong></span> <span class='ocrx_word' id='word_1_841' title='bbox 3258 4581 3417 4654; x_wconf 89' lang='lat' dir='ltr'><strong>quod</strong></span> <span class='ocrx_word' id='word_1_842' title='bbox 3449 4598 3642 4654; x_wconf 86' lang='lat' dir='ltr'><strong>supra</strong></span> <span class='ocrx_word' id='word_1_843' title='bbox 3678 4583 3868 4638; x_wconf 70' lang='lat' dir='ltr'><strong>dictum</strong></span> 
     </span>
    </p>
   </div>
   <div class='ocr_carea' id='block_1_112' title="bbox 2169 4671 3866 4745">
    <p class='ocr_par' dir='ltr' id='par_1_112' title="bbox 2169 4671 3866 4745">
     <span class='ocr_line' id='line_1_112' title="bbox 2169 4671 3866 4745; baseline -0.006 -13"><span class='ocrx_word' id='word_1_844' title='bbox 2169 4681 2272 4744; x_wconf 89' lang='lat' dir='ltr'><strong>est,</strong></span> <span class='ocrx_word' id='word_1_845' title='bbox 2320 4681 2375 4731; x_wconf 89' lang='lat' dir='ltr'><strong>et</strong></span> <span class='ocrx_word' id='word_1_846' title='bbox 2433 4674 2641 4732; x_wconf 89' lang='lat' dir='ltr'><strong>amissa</strong></span> <span class='ocrx_word' id='word_1_847' title='bbox 2681 4675 2806 4730; x_wconf 91' lang='lat' dir='ltr'><strong>luce</strong></span> <span class='ocrx_word' id='word_1_848' title='bbox 2848 4672 3121 4745; x_wconf 90' lang='lat' dir='ltr'><strong>liquidius</strong></span> <span class='ocrx_word' id='word_1_849' title='bbox 3169 4676 3342 4742; x_wconf 90' lang='lat' dir='ltr'><strong>atque</strong></span> <span class='ocrx_word' id='word_1_850' title='bbox 3410 4671 3794 4740; x_wconf 85' lang='lat' dir='ltr'><strong>luculentius,</strong></span> <span class='ocrx_word' id='word_1_851' title='bbox 3827 4675 3866 4722; x_wconf 70' lang='lat' dir='ltr'><strong>et</strong></span> 
     </span>
    </p>
   </div>
   <div class='ocr_carea' id='block_1_113' title="bbox 2169 4759 3494 4821">
    <p class='ocr_par' dir='ltr' id='par_1_113' title="bbox 2169 4759 3494 4821">
     <span class='ocr_line' id='line_1_113' title="bbox 2169 4759 3494 4821; baseline -0.005 0"><span class='ocrx_word' id='word_1_852' title='bbox 2169 4764 2462 4821; x_wconf 85' lang='lat' dir='ltr'><strong>salutifera</strong></span> <span class='ocrx_word' id='word_1_853' title='bbox 2490 4762 2809 4818; x_wconf 89' lang='lat' dir='ltr'><strong>substantia</strong></span> <span class='ocrx_word' id='word_1_854' title='bbox 2834 4761 3158 4817; x_wconf 88' lang='lat' dir='ltr'><strong>discedente</strong></span> <span class='ocrx_word' id='word_1_855' title='bbox 3184 4759 3494 4816; x_wconf 91' lang='lat' dir='ltr'><strong>salubrius.</strong></span> 
     </span>
    </p>
   </div>
   <div class='ocr_carea' id='block_1_114' title="bbox 2237 4848 3864 4921">
    <p class='ocr_par' dir='ltr' id='par_1_114' title="bbox 2237 4848 3864 4921">
     <span class='ocr_line' id='line_1_114' title="bbox 2237 4848 3864 4921; baseline -0.005 -12"><span class='ocrx_word' id='word_1_856' title='bbox 2237 4857 2326 4910; x_wconf 81' lang='grc'><strong>45.</strong></span> <span class='ocrx_word' id='word_1_857' title='bbox 2360 4852 2508 4918; x_wconf 92' lang='lat' dir='ltr'><strong>Quid</strong></span> <span class='ocrx_word' id='word_1_858' title='bbox 2548 4851 2736 4907; x_wconf 89' lang='lat' dir='ltr'><strong>dicam</strong></span> <span class='ocrx_word' id='word_1_859' title='bbox 2775 4851 2845 4906; x_wconf 87' lang='lat' dir='ltr'><strong>de</strong></span> <span class='ocrx_word' id='word_1_860' title='bbox 2891 4849 3063 4921; x_wconf 90' lang='lat' dir='ltr'><strong>lignis</strong></span> <span class='ocrx_word' id='word_1_861' title='bbox 3101 4853 3160 4904; x_wconf 88' lang='lat' dir='ltr'><strong>et</strong></span> <span class='ocrx_word' id='word_1_862' title='bbox 3205 4848 3536 4915; x_wconf 89' lang='lat' dir='ltr'><strong>frondibus,</strong></span> <span class='ocrx_word' id='word_1_863' title='bbox 3582 4865 3720 4921; x_wconf 66' lang='lat' dir='ltr'><strong>qua</strong></span> <span class='ocrx_word' id='word_1_864' title='bbox 3761 4854 3864 4902; x_wconf 68' lang='lat' dir='ltr'><strong>tem-</strong></span> 
     </span>
    </p>
   </div>
   <div class='ocr_carea' id='block_1_115' title="bbox 2167 4936 3863 5016">
    <p class='ocr_par' dir='ltr' id='par_1_115' title="bbox 2167 4936 3863 5016">
     <span class='ocr_line' id='line_1_115' title="bbox 2167 4936 3863 5016; baseline -0.006 -17"><span class='ocrx_word' id='word_1_865' title='bbox 2167 4959 2305 5016; x_wconf 90' lang='lat' dir='ltr'><strong>pore</strong></span> <span class='ocrx_word' id='word_1_866' title='bbox 2343 4946 2627 5008; x_wconf 88' lang='lat' dir='ltr'><strong>arescunt,</strong></span> <span class='ocrx_word' id='word_1_867' title='bbox 2671 4955 2776 4995; x_wconf 90' lang='lat' dir='ltr'><strong>nec</strong></span> <span class='ocrx_word' id='word_1_868' title='bbox 2819 4955 2886 4994; x_wconf 86' lang='lat' dir='ltr'><strong>ex</strong></span> <span class='ocrx_word' id='word_1_869' title='bbox 2924 4954 2992 4994; x_wconf 91' lang='lat' dir='ltr'><strong>eo</strong></span> <span class='ocrx_word' id='word_1_870' title='bbox 3035 4955 3069 4993; x_wconf 91' lang='lat' dir='ltr'><strong>a</strong></span> <span class='ocrx_word' id='word_1_871' title='bbox 3104 4937 3262 4994; x_wconf 90' lang='lat' dir='ltr'><strong>vobis</strong></span> <span class='ocrx_word' id='word_1_872' title='bbox 3301 4936 3416 4992; x_wconf 88' lang='lat' dir='ltr'><strong>dici</strong></span> <span class='ocrx_word' id='word_1_873' title='bbox 3454 4943 3708 5008; x_wconf 85' lang='lat' dir='ltr'><strong>possunt</strong></span> <span class='ocrx_word' id='word_1_874' title='bbox 3742 4937 3863 4993; x_wconf 60' lang='lat' dir='ltr'><strong>dcte</strong></span> 
     </span>
    </p>
   </div>
   <div class='ocr_carea' id='block_1_116' title="bbox 2167 5023 3862 5098">
    <p class='ocr_par' dir='ltr' id='par_1_116' title="bbox 2167 5023 3862 5098">
     <span class='ocr_line' id='line_1_116' title="bbox 2167 5023 3862 5098; baseline -0.008 -10"><span class='ocrx_word' id='word_1_875' title='bbox 2167 5033 2324 5088; x_wconf 89' lang='lat' dir='ltr'><strong>riora</strong></span> <span class='ocrx_word' id='word_1_876' title='bbox 2350 5030 2512 5087; x_wconf 90' lang='lat' dir='ltr'><strong>ﬁeri?</strong></span> <span class='ocrx_word' id='word_1_877' title='bbox 2542 5030 2604 5084; x_wconf 89' lang='lat' dir='ltr'><strong>Id</strong></span> <span class='ocrx_word' id='word_1_878' title='bbox 2637 5029 2792 5084; x_wconf 91' lang='lat' dir='ltr'><strong>enim</strong></span> <span class='ocrx_word' id='word_1_879' title='bbox 2822 5027 3097 5083; x_wconf 90' lang='lat' dir='ltr'><strong>amittunt</strong></span> <span class='ocrx_word' id='word_1_880' title='bbox 3125 5042 3244 5098; x_wconf 92' lang='lat' dir='ltr'><strong>quo</strong></span> <span class='ocrx_word' id='word_1_881' title='bbox 3290 5025 3488 5081; x_wconf 86' lang='lat' dir='ltr'><strong>fumus</strong></span> <span class='ocrx_word' id='word_1_882' title='bbox 3513 5026 3801 5097; x_wconf 75' lang='lat' dir='ltr'><strong>gignitur,</strong></span> 
     </span>
    </p>
   </div>
   <div class='ocr_carea' id='block_1_117' title="bbox 2170 5115 3864 5187">
    <p class='ocr_par' dir='ltr' id='par_1_117' title="bbox 2170 5115 3864 5187">
     <span class='ocr_line' id='line_1_117' title="bbox 2170 5115 3864 5187; baseline -0.008 -10"><span class='ocrx_word' id='word_1_883' title='bbox 2170 5126 2363 5177; x_wconf 89' lang='lat' dir='ltr'><strong>autem</strong></span> <span class='ocrx_word' id='word_1_884' title='bbox 2391 5118 2645 5174; x_wconf 90' lang='lat' dir='ltr'><strong>retinent</strong></span> <span class='ocrx_word' id='word_1_885' title='bbox 2680 5118 2832 5173; x_wconf 89' lang='lat' dir='ltr'><strong>unde</strong></span> <span class='ocrx_word' id='word_1_886' title='bbox 2871 5116 3057 5172; x_wconf 90' lang='lat' dir='ltr'><strong>lucida</strong></span> <span class='ocrx_word' id='word_1_887' title='bbox 3105 5115 3344 5170; x_wconf 87' lang='lat' dir='ltr'><strong>ﬂamma</strong></span> <span class='ocrx_word' id='word_1_888' title='bbox 3372 5116 3707 5187; x_wconf 85' lang='lat' dir='ltr'><strong>consurgit,</strong></span> <span class='ocrx_word' id='word_1_889' title='bbox 3740 5120 3790 5170; x_wconf 80' lang='lat' dir='ltr'><strong>et</strong></span> <span class='ocrx_word' id='word_1_890' title='bbox 3823 5129 3864 5164; x_wconf 72' lang='lat' dir='ltr'><strong>ei</strong></span> 
     </span>
    </p>
   </div>
   <div class='ocr_carea' id='block_1_118' title="bbox 2168 5203 3864 5280">
    <p class='ocr_par' dir='ltr' id='par_1_118' title="bbox 2168 5203 3864 5280">
     <span class='ocr_line' id='line_1_118' title="bbox 2168 5203 3864 5280; baseline -0.006 -14"><span class='ocrx_word' id='word_1_891' title='bbox 2168 5210 2421 5267; x_wconf 89' lang='lat' dir='ltr'><strong>claritate</strong></span> <span class='ocrx_word' id='word_1_892' title='bbox 2447 5224 2620 5280; x_wconf 89' lang='lat' dir='ltr'><strong>quam</strong></span> <span class='ocrx_word' id='word_1_893' title='bbox 2647 5207 2895 5262; x_wconf 90' lang='lat' dir='ltr'><strong>multum</strong></span> <span class='ocrx_word' id='word_1_894' title='bbox 2920 5204 3185 5276; x_wconf 88' lang='lat' dir='ltr'><strong>diligitis,</strong></span> <span class='ocrx_word' id='word_1_895' title='bbox 3212 5204 3419 5275; x_wconf 89' lang='lat' dir='ltr'><strong>purius</strong></span> <span class='ocrx_word' id='word_1_896' title='bbox 3447 5203 3678 5259; x_wconf 88' lang='lat' dir='ltr'><strong>bonum</strong></span> <span class='ocrx_word' id='word_1_897' title='bbox 3703 5204 3762 5258; x_wconf 83' lang='lat' dir='ltr'><strong>in</strong></span> <span class='ocrx_word' id='word_1_898' title='bbox 3789 5219 3864 5256; x_wconf 74' lang='lat' dir='ltr'><strong>ar:</strong></span> 
     </span>
    </p>
   </div>
   <div class='ocr_carea' id='block_1_119' title="bbox 2168 5293 3863 5368">
    <p class='ocr_par' dir='ltr' id='par_1_119' title="bbox 2168 5293 3863 5368">
     <span class='ocr_line' id='line_1_119' title="bbox 2168 5293 3863 5368; baseline -0.009 -12"><span class='ocrx_word' id='word_1_899' title='bbox 2168 5299 2443 5367; x_wconf 91' lang='lat' dir='ltr'><strong>dioribus,</strong></span> <span class='ocrx_word' id='word_1_900' title='bbox 2477 5313 2649 5368; x_wconf 91' lang='lat' dir='ltr'><strong>quam</strong></span> <span class='ocrx_word' id='word_1_901' title='bbox 2679 5295 2740 5351; x_wconf 92' lang='lat' dir='ltr'><strong>in</strong></span> <span class='ocrx_word' id='word_1_902' title='bbox 2787 5293 3160 5350; x_wconf 88' lang='lat' dir='ltr'><strong>viridioribus</strong></span> <span class='ocrx_word' id='word_1_903' title='bbox 3189 5309 3310 5349; x_wconf 91' lang='lat' dir='ltr'><strong>esse</strong></span> <span class='ocrx_word' id='word_1_904' title='bbox 3362 5297 3633 5348; x_wconf 86' lang='lat' dir='ltr'><strong>testatur.</strong></span> <span class='ocrx_word' id='word_1_905' title='bbox 3669 5294 3748 5348; x_wconf 77' lang='lat' dir='ltr'><strong>Ex</strong></span> <span class='ocrx_word' id='word_1_906' title='bbox 3775 5307 3863 5363; x_wconf 67' lang='lat' dir='ltr'><strong>qléi!</strong></span> 
     </span>
    </p>
   </div>
   <div class='ocr_carea' id='block_1_120' title="bbox 2236 5467 2945 5533">
    <p class='ocr_par' dir='ltr' id='par_1_120' title="bbox 2236 5467 2945 5533">
     <span class='ocr_line' id='line_1_120' title="bbox 2236 5467 2945 5533; baseline -0.006 -13"><span class='ocrx_word' id='word_1_907' title='bbox 2236 5475 2247 5506; x_wconf 81' lang='grc'>¹</span> <span class='ocrx_word' id='word_1_908' title='bbox 2287 5471 2412 5520; x_wconf 82' lang='lat' dir='ltr'><strong>Mss.</strong></span> <span class='ocrx_word' id='word_1_909' title='bbox 2442 5471 2637 5533; x_wconf 87' lang='lat' dir='ltr'><strong>plures,</strong></span> <span class='ocrx_word' id='word_1_910' title='bbox 2668 5467 2945 5520; x_wconf 78' lang='lat' dir='ltr'><strong>dolentius.</strong></span> 
     </span>
    </p>
   </div>
  </div>
