4014 6164
170 242 303 295 1366

164 361 233 416 ﬁt
262 364 330 416 ut
355 363 456 415 aut
482 360 709 431 negetis
748 360 850 415 Dei
895 364 1118 432 partem
1149 362 1209 417 in
1237 363 1363 419 luce
1402 379 1548 435 pura
1590 380 1763 437 quam
1808 365 1871 420 in

170 448 402 504 fumosa
433 464 553 503 esse
582 449 881 519 majorem,
912 454 969 505 et
988 450 1069 504 ita
1094 451 1287 507 omnia
1315 453 1656 509 documenta
1684 460 1870 509 vestra

163 537 447 604 turbetis;
480 542 576 591 aut
602 537 897 591 fateamini
926 537 1051 593 ﬁeri
1078 556 1243 610 posse
1274 544 1335 595 ut
1354 542 1423 596 de
1445 543 1715 614 stirpibus
1746 559 1868 597 am-

164 627 378 699 putatis
402 628 491 681 vel
522 627 749 695 evulsis,
782 628 829 681 si
858 627 1216 683 diuturniore
1241 634 1501 701 tempore
1532 636 1862 703 reponatur,

166 716 453 788 copiosius
476 715 659 786 fugiat
676 716 815 770 mali
838 720 1042 771 natura
1057 733 1229 788 quam
1250 718 1405 773 boui.
1435 720 1558 784 Quo
1580 736 1862 788 concesso,

165 804 493 860 tenebimus
542 805 612 859 de
654 805 916 875 frugibus
969 807 1177 876 carptis
1215 807 1401 879 majus
1441 810 1660 863 malum
1702 826 1864 881 posse

165 894 344 961 abire,
368 898 538 965 atque
577 893 655 948 ita
682 893 746 948 in
774 894 1039 949 carnibus
1067 896 1253 966 majus
1304 897 1522 952 bonum
1552 914 1718 968 posse
1774 915 1863 953 re-

164 999 421 1038 manere.
455 984 519 1036 Et
539 983 647 1037 hoc
672 983 903 1053 quidem
933 984 1002 1038 de
1031 988 1289 1055 tempore
1316 985 1534 1041 dictum
1550 986 1639 1041 sit.

233 1073 322 1126 46.
359 1072 500 1125 Nam
533 1070 577 1123 si
598 1071 982 1126 commotione
1015 1076 1070 1126 et
1100 1072 1429 1128 subactione
1463 1079 1519 1128 et
1566 1074 1862 1129 attritione

162 1161 370 1215 harum
400 1175 616 1227 rerum,
648 1160 801 1231 fugae
834 1160 1189 1215 occasionem
1248 1161 1466 1217 invenit
1521 1163 1714 1217 divina
1764 1164 1863 1217 illa

162 1252 388 1315 natura,
420 1249 604 1302 multa
638 1264 734 1303 vos
759 1248 970 1303 similia
997 1249 1369 1321 redarguunt,
1406 1266 1534 1321 qua:
1560 1251 1708 1305 ﬁunt
1737 1268 1863 1305 mo-

161 1337 348 1391 vendo
379 1336 638 1391 meliora.
674 1338 881 1392 Hordei
912 1336 1145 1408 quidam
1177 1354 1341 1393 succo
1370 1340 1571 1393 vinum
1626 1339 1860 1393 imitan-

158 1428 273 1491 tur,
304 1424 456 1495 quod
487 1426 769 1480 movendo
800 1425 867 1479 ﬁt
896 1426 1201 1496 optimum.
1234 1427 1403 1493 Sane,
1426 1428 1580 1499 quod
1619 1428 1860 1482 minime

156 1513 622 1585 praetereundum
647 1517 749 1580 est,
782 1514 889 1568 hoc
917 1520 1279 1586 genuspotus
1292 1516 1559 1570 citissime
1579 1516 1856 1571 inebriat:

158 1618 263 1656 nec
292 1606 483 1656 tamen
541 1617 798 1673 unquam
854 1617 1083 1657 succum
1131 1604 1356 1674 hordei,
1404 1604 1479 1658 fel
1530 1604 1857 1676 principum

158 1706 284 1745 esse
313 1688 552 1744 dixistis.
586 1691 789 1745 Farina
819 1691 1074 1761 parciore
1101 1708 1251 1764 aqua
1294 1693 1476 1763 perite
1506 1693 1859 1747 contrahitur

156 1779 328 1850 paulo
357 1778 577 1846 durius,
608 1783 672 1834 ut
700 1780 1015 1851 subigendo
1045 1780 1145 1835 ﬁat
1189 1781 1414 1848 melior,
1472 1785 1528 1836 et
1578 1798 1692 1852 quo
1747 1780 1858 1836 dici

154 1867 475 1938 perversius
506 1868 651 1922 nihil
710 1872 915 1939 potest,
958 1870 1085 1923 luce
1114 1869 1369 1939 fugiente
1399 1870 1714 1924 candidior.
1748 1871 1855 1924 Pa-

154 1956 424 2012 stillarius
448 1956 621 2011 mella
650 1956 749 2011 diu
780 1956 1008 2027 subigit,
1046 1962 1110 2012 ut
1125 1958 1195 2012 ad
1215 1957 1379 2011 illum
1401 1959 1708 2012 candorem
1729 1974 1856 2028 per-

156 2044 407 2112 veniant,
437 2049 495 2100 et
523 2044 715 2099 minus
763 2044 990 2100 noxiam
1020 2045 1422 2117 mitioremque
1448 2046 1809 2101 dulcedinem
1835 2064 1849 2102 :

153 2132 263 2187 hoc
317 2134 611 2205 quomodo
686 2133 913 2189 eveniat
967 2135 1119 2189 bono
1179 2133 1523 2201 discedente,
1571 2134 1849 2189 disserite.

153 2221 315 2286 Quod
352 2221 400 2276 si
427 2238 547 2277 non
584 2222 704 2277 visu
737 2226 794 2277 et
849 2222 1090 2277 odoratu
1144 2228 1202 2278 et
1256 2227 1446 2293 gustu,
1501 2224 1599 2278 sed
1654 2223 1853 2277 auditu

154 2311 329 2365 etiam
360 2312 635 2367 delectata
662 2311 1028 2383 praesentiam
1063 2311 1161 2366 Dei
1186 2312 1372 2382 placet
1400 2313 1661 2383 probare,
1721 2328 1849 2367 caro

152 2398 385 2452 citharis
422 2415 647 2466 nervos,
678 2404 734 2453 et
762 2399 914 2454 tibiis
945 2416 1073 2455 ossa
1127 2401 1403 2471 largitur;
1461 2417 1590 2471 quas
1647 2399 1852 2455 siccata

151 2491 210 2541 et
238 2486 431 2541 attrita
459 2491 516 2541 et
539 2491 691 2542 torta
719 2504 924 2543 sonora
957 2489 1294 2544 redduntur.
1328 2491 1412 2544 Ita
1438 2489 1674 2544 dulcedo
1721 2505 1849 2543 mu-

150 2574 286 2641 sica,
325 2590 499 2645 quam
531 2576 600 2629 de
634 2576 841 2630 divinis
883 2577 1075 2648 regnis
1104 2578 1323 2631 venisse
1350 2577 1714 2644 contenditis,
1747 2594 1851 2632 no-

146 2662 237 2717 bis
266 2667 626 2717 mortuarum
655 2663 914 2717 carnium
941 2664 1200 2719 sordibus
1228 2664 1548 2733 exhibetur,
1598 2670 1653 2719 et
1705 2669 1848 2719 tem-

148 2766 289 2821 pore
344 2751 624 2818 arefactis,
684 2754 741 2805 et
796 2751 1085 2806 attritione
1136 2753 1406 2819 tenuatis,
1470 2758 1526 2807 et
1601 2754 1848 2807 tortione

148 2839 412 2894 distentis
435 2856 448 2894 :
474 2839 684 2911 quibus
696 2839 1162 2894 afﬂictationibus
1183 2840 1355 2894 etiam
1376 2841 1444 2895 de
1465 2841 1636 2895 rebus
1659 2842 1847 2895 viven-

144 2928 297 2983 tibus
339 2928 587 2982 divinam
644 2928 1019 2983 substantiam
1070 2927 1271 2998 fugere
1301 2928 1656 2998 prmdicatis:
1694 2929 1847 2999 quod

144 3016 320 3071 etiam
357 3017 689 3071 decoctione
747 3032 946 3071 earum
992 3016 1243 3070 accidere
1280 3016 1485 3070 dicitis.
1547 3018 1660 3070 Cur
1711 3032 1847 3087 ergo

142 3104 334 3161 elixati
358 3105 555 3161 cardui
580 3104 820 3159 minime
840 3106 1051 3160 obsunt
1070 3105 1426 3159 valetudini?
1450 3106 1650 3160 Utrum
1674 3105 1744 3159 ab
1763 3104 1845 3159 eis

142 3195 283 3251 dum
314 3195 392 3249 ita
442 3199 790 3266 coquuntur,
822 3196 1005 3249 Deum
1054 3210 1127 3249 an
1156 3197 1377 3265 partem
1418 3193 1518 3248 Dei
1557 3193 1845 3248 discedere

144 3283 591 3339 existimandum
621 3287 706 3337 est
721 3285 740 3320 ί
756 3284 784 3336 ?

216 3374 303 3427 47.
342 3372 487 3437 Quid
548 3375 752 3426 caetera
806 3386 1138 3442 persequar,
1193 3386 1323 3441 quae
1369 3369 1561 3424 omnia
1602 3369 1713 3425 dici
1742 3386 1846 3425 nec

141 3459 307 3515 facile
339 3464 441 3525 est,
473 3464 577 3515 nec
607 3459 1034 3514 necessarium?
1065 3459 1166 3515 Cui
1224 3458 1379 3512 enim
1434 3475 1550 3512 non
1578 3460 1841 3527 occurrit,

142 3565 318 3621 quam
348 3550 526 3604 multa
556 3552 713 3603 cocta
743 3547 1006 3601 suaviora
1061 3551 1116 3601 et
1146 3547 1461 3601 salubriora
1491 3546 1604 3601 sint
1624 3547 1651 3602 ‘I
1681 3549 1841 3611 Quod

142 3654 261 3692 non
300 3638 596 3705 deberent,
648 3636 717 3703 si,
747 3640 814 3690 ut
842 3635 1184 3705 opinamini,
1237 3635 1632 3706 hujuscemodi
1684 3652 1841 3689 com-

141 3725 499 3781 motionibus
525 3725 866 3778 deseruntur
892 3724 1065 3778 bono.
1102 3723 1256 3777 Nihil
1294 3740 1390 3777 vos
1418 3740 1648 3794 prorsus
1677 3723 1843 3778 inve-

140 3812 268 3867 nire
297 3812 562 3879 arbitror,
585 3812 738 3866 unde
762 3811 883 3866 istis
913 3812 1165 3883 corporis
1195 3812 1455 3867 sensibus
1489 3812 1839 3884 approbetis,

138 3902 271 3957 ideo
301 3918 499 3957 carnes
530 3902 857 3957 immundas
893 3918 1034 3968 esse,
1067 3906 1241 3973 atque
1280 3901 1502 3957 animas
1536 3902 1842 3973 inquinare

139 3991 509 4058 vescentium,
539 3992 692 4063 quod
714 3996 921 4062 carptas
953 3992 1143 4063 fruges
1182 3996 1310 4063 post
1353 3993 1563 4046 multas
1592 4008 1842 4046 commo-

141 4079 330 4134 tiones
358 4083 651 4134 vertantur
678 4079 740 4132 in
765 4095 993 4133 carnem
1017 4096 1029 4147 ;
1063 4080 1383 4150 prmsertim
1426 4096 1557 4134 cum
1597 4084 1652 4134 et
1680 4085 1839 4134 vetu-

140 4172 344 4221 statem
377 4167 913 4238 corruptionemque
938 4168 1099 4234 aceti,
1130 4170 1342 4237 putetis
1363 4168 1496 4222 vino
1528 4184 1650 4223 esse
1672 4185 1839 4223 mun-

142 4256 390 4322 diorem,
436 4260 493 4309 et
519 4270 813 4309 carmnum
843 4255 995 4326 quod
1024 4255 1234 4322 bibitis,
1269 4256 1417 4311 nihil
1467 4256 1622 4310 aliud
1668 4273 1842 4328 quam

141 4348 369 4400 coctum
399 4343 597 4398 vinum
627 4359 747 4397 esse
775 4342 1089 4411 videamus,
1122 4344 1276 4415 quod
1300 4344 1433 4398 vino
1463 4345 1694 4399 deberet
1722 4361 1841 4399 esse

142 4432 451 4502 sordidius,
480 4432 790 4487 simotibus
816 4435 872 4486 et
895 4431 1247 4487 coctionibus
1260 4432 1330 4486 de
1359 4431 1529 4487 rebus
1554 4432 1842 4502 corporeis

140 4522 402 4577 membra
433 4521 625 4577 divina
654 4520 978 4576 discedunt.
1012 4520 1070 4575 Si
1097 4525 1290 4575 autem
1334 4537 1453 4575 non
1482 4520 1561 4575 ita
1591 4526 1694 4586 est,
1727 4538 1839 4575 non

139 4614 226 4665 est
254 4627 355 4665 cur
384 4610 741 4667 arbitremini
769 4610 983 4681 fruges,
1011 4625 1143 4664 cum
1182 4614 1513 4681 carpuntur,
1548 4626 1840 4680 reponun-

139 4704 255 4766 tur,
279 4704 617 4770 tractantur,
646 4704 990 4771 coquuntur,
1024 4699 1384 4769 digeruntur,
1411 4698 1666 4770 fugiente
1688 4699 1840 4753 bono

138 4788 345 4856 deseri,
402 4792 459 4842 et
485 4792 792 4859 propterea
821 4785 1272 4841 sordidissimam
1302 4786 1564 4841 creandis
1587 4786 1841 4857 corpori-

140 4877 247 4931 bus
276 4877 534 4947 praabere
564 4875 883 4931 materiam.

209 4965 303 5019 48.
343 4964 504 5027 Quod
531 4965 579 5018 si
608 4981 723 5018 non
753 4965 938 5018 colore
961 4966 1016 5018 et
1042 4963 1228 5017 forma
1258 4966 1314 5017 et
1350 4963 1525 5018 odore
1554 4966 1610 5017 et
1641 4979 1842 5034 sapore

140 5050 442 5119 ducimini,
476 5056 540 5106 ut
562 5053 779 5106 bonum
826 5052 916 5106 his
958 5052 1131 5106 rebus
1160 5051 1345 5107 inesse
1381 5051 1671 5123 judicetis,
1703 5051 1842 5124 quid

140 5140 299 5196 aliud
326 5140 565 5211 potestis
594 5140 796 5195 afferre
811 5142 938 5195 ?An
949 5144 1289 5211 argumento
1313 5140 1474 5195 vobis
1496 5146 1579 5196 est
1595 5141 1840 5195 ﬁrmitas

208 5290 224 5323 ἴ
250 5286 333 5337 Sic
353 5287 458 5353 Ern,
490 5288 575 5353 cui
599 5287 1095 5353 suﬁ'ragauturAMss.
1124 5290 1400 5341 Sorbonici
1426 5293 1549 5349 tres,
1581 5293 1632 5339 et
1661 5290 1844 5353 Regio-

146 5350 459 5464 ἒιὲίᾶιέξὲηείδ.
473 5350 540 5400 At
559 5351 697 5414 apud
710 5350 833 5401 Lo’v.
853 5350 1047 5401 etalios
1059 5353 1179 5402 Mss.
1198 5353 1514 5413 habetur,an
1529 5355 1719 5417 pestem
1746 5350 1780 5401 ιι
1802 5368 1843 5403 s-

1601 242 1814 299 LIBER
1865 242 2251 300 SECUNDUS.

3535 254 3673 307 1365

1982 367 2249 438 quaedam
2279 371 2449 439 atque
2471 369 2735 437 valentia,
2768 386 2899 442 quae
2927 371 3050 427 istis
3072 372 3240 427 rebus
3275 374 3497 429 detrahi
3525 374 3681 431 vide-

1980 460 2094 525 tur,
2125 457 2265 512 dum
2290 473 2321 511 a
2351 462 2504 513 terra
2542 465 2881 529 separantur
2911 466 3082 533 atque
3112 466 3431 518 tractantur
3450 465 3479 517 ‘P
3499 463 3605 519 Sed
3634 466 3681 520 si

1979 540 2085 595 hoc
2113 558 2211 596 vos
2240 550 2495 600 moveret
2523 549 2878 616 (quanquam
2918 550 3122 605 falsum
3166 551 3222 604 id
3263 568 3382 605 esse
3415 552 3525 606 cito
3555 553 3679 605 ani-

1976 630 2255 685 madverti
2282 637 2490 703 potest,
2521 639 2767 705 propter
2810 638 3221 693 nonnullorum
3269 645 3493 694 auctam
3522 646 3679 711 post-

1976 734 2151 788 quam
2182 724 2346 775 terras
2386 722 2639 777 detracta
2659 727 2809 790 sunt,
2834 724 3185 793 ﬁrmitatem,
3219 732 3282 781 ut
3305 729 3425 798 jam
3449 729 3517 783 de
3548 729 3679 783 vino

1975 815 2490 864 commemoratum
2524 815 2629 877 est,
2668 812 2820 882 quod
2874 813 2938 866 ﬁt
2994 814 3282 868 robustius
3334 818 3675 888 vetustate):

1974 900 2167 951 tamen
2194 897 2241 951 si
2280 898 2402 953 haec
2435 899 2674 954 ﬁrmitas
2705 917 2803 954 vos
2832 906 3106 968 moveret,
3143 906 3204 956 ut
3250 903 3385 971 dixi,
3419 905 3481 958 in
3519 906 3677 959 nullo

1973 985 2156 1055 magis
2186 986 2310 1040 cibo
2359 1004 2532 1059 quam
2583 988 2644 1042 in
2698 989 2988 1056 carnibus,
3022 991 3401 1061 copiosiorem
3452 997 3676 1062 partem

1975 1073 2075 1128 Dei
2106 1075 2425 1144 probaretis
2454 1093 2593 1131 esse.
2632 1079 2757 1131 Non
2789 1081 2943 1133 enim
2993 1081 3242 1147 athletas,
3292 1080 3499 1151 quibus
3537 1080 3678 1135 illud

1972 1163 2151 1217 robur
2196 1168 2251 1217 et
2306 1165 2554 1219 valentia
2594 1166 2842 1221 maxime
2891 1168 3211 1221 necessaria
3257 1174 3360 1235 est,
3412 1169 3565 1224 olere
3613 1186 3676 1223 ac

1971 1252 2180 1321 pomis,
2214 1256 2270 1306 et
2295 1269 2410 1307 non
2440 1270 2608 1308 carne
2638 1259 2965 1309 vescuntur.

2041 1342 2128 1394 49.
2162 1343 2250 1394 An
2280 1341 2415 1411 quia
2453 1357 2652 1395 carnes
2673 1343 2906 1396 aluntur
2936 1344 3264 1411 arboribus,
3303 1346 3537 1401 arbores
3573 1363 3675 1400 au-

1971 1432 2085 1482 tem
2115 1429 2383 1483 carnibus
2403 1444 2518 1482 non
2537 1430 2786 1496 aluntur,
2818 1430 3029 1486 idcirco
3062 1433 3423 1487 arbitramini
3446 1434 3675 1490 illarum

1971 1532 2146 1587 quam
2174 1522 2369 1572 nostra
2397 1533 2637 1588 corpora
2675 1534 2797 1572 esse
2828 1520 3110 1573 meliora?
3136 1522 3263 1575 Non
3306 1522 3676 1577 consideratis

1967 1619 2090 1657 rem
2120 1604 2324 1658 tamin
2352 1610 2627 1676 promptu
2652 1606 2843 1675 sitam,
2875 1607 3106 1661 arbusta
3139 1607 3358 1661 laetiora
3389 1613 3444 1663 et
3472 1609 3672 1663 fecun-

1968 1692 2151 1760 diora,
2179 1696 2515 1764 segetesque
2543 1693 2875 1763 pinguiores
2897 1695 3170 1749 alimento
3193 1700 3510 1750 stercorum
3526 1697 3673 1762 ﬁeri,

1968 1796 2099 1834 cum
2128 1797 2227 1834 vos
2256 1781 2317 1834 in
2349 1782 2707 1836 aceusatione
2739 1784 2925 1836 carnis
2955 1784 3099 1837 nihil
3136 1784 3365 1854 gravius
3395 1784 3554 1839 vobis
3596 1784 3676 1839 di-

1966 1884 2091 1922 cere
2120 1868 2447 1936 videamini,
2474 1886 2645 1941 quam
2676 1886 2808 1925 cum
2837 1871 3023 1925 dicitis
3053 1888 3175 1925 esse
3207 1877 3522 1927 stercorum
3573 1873 3672 1927 do-

1964 1972 2147 2011 mum.
2177 1956 2316 2011 Hiuc
2347 1973 2481 2028 ergo
2530 1958 2763 2014 aluntur
2789 1975 2856 2012 ea
2894 1975 3025 2029 quae
3055 1959 3218 2014 vobis
3245 1960 3463 2014 munda
3515 1965 3669 2027 sunt,

1965 2045 2118 2117 quod
2148 2045 2210 2099 in
2259 2061 2327 2100 ea
2380 2063 2442 2101 re
2488 2062 2619 2118 quas
2648 2047 2808 2102 vobis
2841 2047 3146 2103 immunda
3190 2052 3292 2115 est,
3337 2049 3518 2103 multo
3549 2065 3671 2103 esse

1965 2134 2323 2190 immundius
2350 2135 2692 2206 praedicatis.
2726 2136 2890 2200 Quod
2908 2136 2955 2190 si
2987 2153 3217 2191 carnem
3246 2137 3317 2191 ob
3347 2136 3455 2191 hoc
3483 2152 3670 2208 asper-

1964 2224 2204 2287 nemini,
2252 2225 2409 2295 quod
2464 2228 2595 2295 post
2650 2225 3018 2280 concubitum
3062 2225 3334 2291 nascitur,
3384 2225 3669 2280 vermium

1963 2329 2062 2366 vos
2101 2329 2231 2367 caro
2256 2313 2521 2382 delectet,
2561 2313 2660 2385 qui
2702 2313 2762 2367 in
2794 2314 3003 2384 pomis,
3038 2314 3228 2384 lignis,
3257 2314 3317 2367 in
3346 2317 3501 2368 terra
3545 2314 3670 2383 ipsa

1964 2400 2212 2472 denique
2242 2400 2363 2454 sine
2393 2402 2512 2455 ullo
2542 2401 2855 2455 concubitu
2884 2406 3002 2455 tam
3034 2402 3203 2455 multi
3228 2401 3541 2471 magnique
3574 2418 3669 2455 ua-

1962 2492 2218 2542 scuntur.
2264 2488 2370 2542 Sed
2414 2487 2605 2542 nescio
2646 2504 2777 2560 quas
2821 2487 2930 2562 ista
2975 2488 3262 2543 simulatio
3308 2493 3413 2543 est.
3447 2490 3589 2543 Nam
3621 2490 3668 2543 si

1960 2575 2123 2630 vobis
2170 2581 2477 2646 propterea
2506 2575 2832 2646 displiceret
2888 2592 3041 2643 caro,
3078 2577 3235 2647 quod
3272 2575 3451 2647 patris
3497 2582 3667 2648 atque

1960 2665 2161 2718 matris
2190 2665 2598 2719 commixtione
2631 2664 2930 2730 formatur,
2961 2681 3077 2718 non
3105 2664 3237 2718 illos
3266 2664 3552 2734 principes
3578 2671 3666 2720 te-

1958 2753 2269 2807 nebrarum
2298 2752 2367 2806 de
2399 2752 2680 2806 fructibus
2718 2752 2994 2806 arborum
3028 2768 3264 2806 suarum
3293 2756 3458 2806 natos
3478 2752 3654 2807 fuisse

1958 2841 2237 2907 diceretis,
2275 2856 2418 2911 quos
2455 2844 2605 2894 certe
2634 2840 2883 2909 amplius
2914 2840 3302 2911 aspernamini
3335 2855 3509 2910 quam
3537 2856 3658 2894 car-

1961 2945 2080 2991 nes,
2103 2945 2244 2999 quas
2274 2931 2502 2999 gustare
2531 2943 2645 2982 non
2674 2928 2865 2983 vultis.

2031 3018 2120 3071 50.
2151 3018 2293 3070 Nam
2332 3015 2487 3087 quod
2540 3015 2861 3086 opinamini
2909 3030 3106 3070 omnes
3161 3015 3395 3087 quidem
3442 3014 3661 3069 animas

1959 3104 2298 3161 animalium
2329 3105 2399 3159 de
2428 3108 2735 3175 parentum
2766 3104 2906 3159 cibis
2934 3104 3150 3167 venire,
3181 3122 3215 3158 a
3246 3104 3452 3175 quibus
3481 3120 3663 3158 carce—

1958 3195 2116 3249 ribus
2146 3210 2244 3248 vos
2290 3193 2535 3248 liberare
2581 3192 2911 3263 gloriamini
2952 3192 3204 3247 divinam
3260 3192 3656 3258 substantiam,

1959 3300 2088 3355 quas
2116 3284 2177 3337 in
2207 3282 2407 3338 vestris
2437 3286 2665 3336 tenetur
2692 3281 3003 3348 alimentis,
3037 3281 3284 3336 nimium
3312 3286 3512 3335 contra
3539 3298 3657 3346 vos,

1958 3378 2014 3427 et
2042 3372 2114 3426 ad
2152 3387 2352 3426 carnes
2382 3371 2629 3425 edendas
2661 3387 2759 3425 vos
2789 3370 3201 3425 instantissime
3238 3370 3503 3441 impellit.
3550 3371 3662 3424 Cur

1957 3457 2113 3512 enim
2158 3458 2397 3518 animas,
2430 3475 2571 3530 quas
2610 3458 2887 3528 illigaturi
2935 3463 3067 3513 sunt
3092 3458 3315 3528 corpori
3343 3457 3444 3528 qui
3473 3457 3657 3511 carni-

1954 3546 2060 3600 bus
2090 3547 2416 3618 epulantur,
2450 3563 2565 3600 non
2599 3546 3051 3617 praeoccupando
3098 3550 3154 3600 et
3194 3545 3475 3599 vescendo
3508 3545 3656 3599 libe-

1954 3633 2140 3687 ratis?
2168 3633 2299 3701 Sed,
2350 3632 2558 3703 inquit,
2610 3649 2727 3687 non
2774 3632 2842 3687 de
2891 3632 3155 3686 carnibus
3207 3631 3423 3702 aliquid
3474 3631 3544 3685 ab
3575 3630 3658 3685 eis

1954 3722 2119 3775 bona:
2156 3721 2334 3793 partis
2364 3721 2642 3791 illigatur,
2677 3720 2774 3774 sed
2806 3720 2875 3775 de
2905 3720 3165 3791 frugibus
3194 3736 3333 3791 quas
3364 3736 3493 3773 cum
3534 3735 3654 3773 car-

1955 3810 2125 3865 nibus
2156 3812 2408 3863 sumunt.
2434 3808 2581 3873 Quid
2615 3825 2751 3879 ergo
2778 3808 2847 3862 de
2878 3807 3085 3861 animis
3123 3809 3376 3876 leonum,
3408 3823 3655 3878 quorum

1954 3899 2113 3953 cibus
2143 3899 2261 3953 sola
2315 3914 2443 3952 caro
2475 3903 2580 3964 est,
2621 3897 3085 3968 respondendum
3122 3896 3393 3951 videtur?
3426 3896 3653 3965 Bibunt,

1954 3985 2161 4057 inquit,
2194 3991 2248 4042 et
2276 3986 2403 4041 ideo
2424 3986 2617 4041 anima
2645 3985 2745 4040 illa
2773 3986 2841 4039 de
2865 4002 3013 4056 aqua
3041 3989 3217 4040 tracta
3247 3984 3517 4056 cernique
3546 3985 3654 4038 im-

1954 4075 2159 4146 plicata
2190 4079 2292 4129 est.
2314 4074 2463 4139 Quid
2491 4075 2561 4129 de
2591 4073 3108 4128 innumerabilibus
3138 4074 3380 4127 avibus?
3407 4072 3547 4143 quid
3586 4072 3655 4126 de

1954 4163 2093 4235 ipsis
2123 4162 2332 4235 aquilis
2362 4162 2473 4216 dici
2503 4165 2715 4232 potest,
2750 4177 2877 4232 quae
2925 4177 3044 4215 non
3074 4160 3183 4213 nisi
3213 4176 3380 4214 carne
3410 4175 3652 4229 pascun-

1954 4257 2067 4313 tur,
2101 4267 2204 4305 nec
2234 4252 2352 4305 ullo
2404 4255 2547 4320 potu
2593 4250 2906 4321 indigent?
2953 4250 3113 4304 Certe
3161 4249 3252 4302 hic
3290 4247 3550 4301 deﬁcitur
3600 4252 3656 4300 et

1955 4340 2092 4411 quid
2121 4339 2455 4411 responderi
2484 4338 2665 4409 possit
2686 4355 2803 4393 non
2826 4338 3134 4392 invenitur.
3176 4336 3233 4391 Si
3276 4335 3432 4390 enim
3462 4335 3655 4389 anima

1954 4430 2025 4484 de
2055 4428 2194 4483 cibis
2221 4428 2400 4497 venit,
2432 4432 2487 4482 et
2508 4432 2638 4482 sunt
2668 4427 2938 4481 animalia
2959 4427 3137 4480 fetum
3165 4424 3482 4496 gignentia,
3510 4440 3653 4495 quo-

1954 4534 2084 4572 rum
2115 4522 2170 4572 et
2209 4517 2404 4571 nullus
2459 4520 2647 4588 potus,
2678 4522 2735 4571 et
2790 4516 2949 4570 cibus
3005 4514 3125 4569 sola
3174 4513 3245 4567 sit
3294 4528 3447 4579 caro,
3481 4517 3565 4567 est
3593 4512 3651 4566 in

1955 4622 2122 4661 carne
2180 4605 2392 4675 anima,
2444 4605 2537 4660 cui
2576 4605 2890 4676 purgandae
2930 4619 3087 4657 more
3137 4605 3319 4656 vestro
3351 4601 3650 4656 subvenire

1956 4694 2238 4750 deberetis
2267 4695 2542 4750 vescendo
2574 4710 2824 4747 carnem.
2861 4692 2977 4746 Nisi
3020 4694 3163 4745 forte
3192 4706 3453 4760 porcum,
3501 4690 3654 4761 quod

1955 4787 2013 4838 et
2041 4783 2302 4855 frugibus
2343 4783 2538 4850 alitur,
2571 4786 2628 4836 et
2656 4797 2863 4851 aquam
2892 4780 3057 4846 bibit,
3106 4779 3357 4833 animam
3387 4778 3527 4833 lucis
3552 4778 3653 4832 ha-

1954 4871 2089 4926 bere
2120 4870 2519 4939 arbitramini;
2548 4869 2757 4941 aquilae
2795 4885 2952 4936 vero,
2984 4867 3075 4922 cui
3104 4868 3188 4922 sol
3231 4866 3479 4922 maxime
3510 4883 3652 4921 con-

1953 4961 2129 5031 gruit,
2161 4960 2530 5015 tenebrarum
2573 4957 2846 5025 animam,
2906 4956 3043 5029 quia
3095 4958 3215 5011 sola
3270 4972 3440 5011 carne
3495 4954 3652 5017 vivit,

1954 5048 2139 5103 inesse
2172 5047 2495 5103 defenditis.

2026 5142 2113 5193 5t.
2139 5138 2181 5193 Ο
2204 5153 2399 5191 rerum
2430 5135 2742 5208 angustias,
2773 5152 2805 5190 o
2836 5134 3198 5192 incredibiles
3244 5130 3651 5188 absurditates!

1954 5226 2015 5281 in
2044 5243 2186 5298 quas
2214 5225 2470 5296 profecto
2504 5242 2619 5280 non
2662 5224 3023 5292 incidissetis,
3067 5224 3113 5278 si
3144 5242 3177 5278 a
3223 5220 3542 5276 vanissimis
3570 5219 3654 5274 fa-

1953 5315 2105 5369 bulis
2155 5313 2349 5381 alieni,
2387 5314 2492 5368 hoc
2522 5314 2591 5368 ad
2623 5313 3036 5367 continentiam
3083 5312 3342 5366 ciborum
3387 5324 3653 5379 sequere-

1956 5403 2101 5457 mini
2132 5403 2285 5473 quod
2332 5402 2537 5457 veritas
2590 5402 2825 5474 probat;
2879 5407 2942 5456 ut
2986 5398 3459 5469 concupiscentiae
3507 5412 3658 5451 coer-

1961 5492 2155 5545 cenda:
2222 5492 2422 5561 gratia,
2480 5509 2593 5545 non
2647 5492 2887 5545 vitamlm
2922 5487 3302 5544 immunditize
3343 5503 3469 5558 qua:
3502 5487 3658 5540 nulla
