4014 6164
388 249 520 303 1367

377 377 482 442 est,
515 371 814 428 deliciosas
871 383 1026 425 escas
1078 368 1428 440 respuendas
1449 367 1808 439 judicaretis.
1844 369 1986 424 Nam
2031 368 2082 423 si

377 461 506 534 quis
537 461 709 516 etiam
741 475 934 514 rerum
965 461 1230 512 naturam
1258 456 1490 528 vimque
1516 455 1726 512 anima:
1756 457 2080 527 etcorporis

378 552 572 606 minus
619 550 871 616 intuens,
903 547 1063 602 vobis
1093 545 1364 602 concedat
1421 545 1674 600 animam
1724 545 2082 618 coinquinari

379 642 449 696 de
481 639 746 702 obsonio,
770 637 952 692 multo
985 635 1166 707 magis
1197 651 1324 690 eam
1344 638 1536 690 tamen
1559 634 1916 690 immundam
1957 635 2082 690 ﬁeri

377 729 688 802 cupiditate
720 725 1049 781 conceditis.
1097 723 1235 789 Quae
1280 739 1418 794 ergo
1450 723 1595 778 ratio
1635 728 1741 793 est,
1771 725 1859 778 vel
1889 723 2083 794 potius

379 819 648 882 amentia,
703 816 772 870 de
824 829 1066 868 numero
1135 813 1446 866 electorum
1497 811 1790 866 hominem
1846 813 2081 884 pellere,

379 908 480 980 qui
508 907 652 962 forte
683 919 913 959 carnem
968 901 1310 956 valetudinis
1339 917 1527 968 causa,
1562 902 1720 955 nulla
1775 902 2083 973 cupiditate

377 994 728 1068 gustaverit:
761 993 808 1047 si
841 996 1033 1047 autem
1064 991 1555 1062 piperata;tiibera
1600 991 1876 1045 veraciter
1918 992 2084 1046 edere

379 1082 752 1152 concupierit,
787 1080 1170 1136 immodestiae
1200 1084 1428 1134 tantum
1458 1079 1603 1134 forte
1633 1079 1864 1150 possitis
1894 1096 2087 1151 repre-

379 1173 656 1240 hendere,
690 1187 807 1225 non
835 1175 1025 1224 autem
1055 1174 1117 1224 ut
1145 1173 1544 1240 corruptorem
1575 1169 1846 1223 damnare
1895 1168 2083 1240 signa-

379 1261 542 1316 culi?
567 1262 651 1316 Ita
679 1260 745 1314 ﬁt
793 1264 857 1314 ut
886 1259 947 1313 in
977 1258 1172 1313 electis
1201 1258 1402 1312 vestris
1433 1274 1554 1312 esse
1583 1274 1700 1312 non
1752 1257 1954 1328 possit,
1987 1256 2086 1328 qui

383 1350 637 1423 proditus
682 1349 874 1414 fuerit,
933 1364 1050 1402 non
1100 1347 1576 1418 concupiscendo,
1631 1347 1728 1402 sed
1760 1347 2086 1401 medendoi

383 1443 606 1511 partem
634 1438 885 1509 aliquam
915 1451 1165 1490 cosnasse
1212 1435 1440 1506 gallinze
1467 1451 1478 1490 :
1536 1451 1655 1488 esse
1706 1440 1897 1489 autem
1931 1435 1990 1488 in
2021 1435 2089 1489 iis

383 1526 562 1612 possit
617 1525 716 1596 qui
764 1525 1131 1578 vehementer
1188 1523 1504 1612 cumiphas,
1567 1527 1623 1612 et
1640 1611 1644 1612 γ
1674 1523 1783 1612 alia
1827 1524 2090 1612 placenta

381 1609 551 1670 carne
577 1612 826 1668 carentia
859 1612 1211 1667 desiderasse
1243 1628 1300 1666 se
1328 1611 1450 1682 ipse
1485 1609 1825 1682 prodiderit.
1860 1610 2088 1665 Tenetis

387 1719 525 1774 ergo
559 1719 692 1758 eum
750 1718 922 1772 quem
983 1699 1265 1771 cupiditas
1316 1699 1577 1754 sordibus
1627 1699 1855 1770 mergit,
1916 1714 2091 1770 quem

385 1807 517 1847 vero
543 1791 665 1863 ipse
698 1791 874 1855 cibus,
905 1793 970 1844 ut
1000 1788 1381 1856 arbitramini,
1413 1789 1681 1855 maculat,
1718 1805 1833 1843 non
1860 1788 2088 1856 tenetis,

383 1896 514 1934 cum
543 1878 1006 1951 inquinationem
1053 1877 1123 1932 de
1143 1876 1612 1948 concupiscentia
1625 1893 1799 1948 quam
1825 1877 1893 1931 de
1923 1877 2089 1931 obso-

386 1969 483 2024 nio
516 1969 684 2039 longe
712 1968 990 2040 majorem
1022 1965 1147 2022 fieri
1177 1965 1492 2035 fateamini,
1526 1967 1972 2036 complectentes
2002 1969 2088 2020 ta-

387 2074 520 2113 men
549 2073 682 2112 eum
713 2057 813 2128 qui
843 2056 1086 2111 conditis
1142 2055 1474 2110 suavissime
1505 2055 1767 2126 frugibus
1822 2055 2093 2109 imminet

387 2146 635 2213 inhians,
702 2160 937 2216 seseque
985 2161 1103 2199 non
1161 2148 1353 2200 tenet:
1406 2145 1771 2199 excludentes
1826 2160 1960 2199 eum
1992 2143 2092 2216 qui

387 2233 670 2306 quaslibet
697 2233 892 2303 epulas
921 2231 1226 2286 hominum
1258 2230 1708 2301 comprimendaa
1737 2230 1903 2285 famis
1923 2246 2093 2285 causa

389 2321 511 2376 sine
543 2322 660 2376 ulla
689 2319 999 2390 cupiditate
1029 2323 1262 2389 paratus
1293 2333 1540 2386 sumere,
1572 2323 1628 2372 et
1658 2323 1891 2390 paratus
1924 2319 2092 2373 amit-

390 2415 534 2472 tere,
565 2407 960 2463 indifferenter
989 2406 1159 2476 capit.
1195 2407 1276 2460 En
1305 2406 1438 2460 miri
1481 2421 1691 2474 mores,
1742 2423 1815 2462 en
1860 2407 2094 2479 egregia

390 2496 715 2567 disciplina,
749 2512 819 2550 en
839 2494 1227 2549 memorabilis
1255 2494 1664 2566 temperantia!

463 2586 702 2640 52.1am
736 2584 889 2656 quod
917 2599 984 2638 ea
1033 2599 1160 2654 quae
1211 2582 1372 2637 vobis
1422 2583 1584 2654 quasi
1634 2584 1934 2655 purganda
1961 2585 2094 2639 otl‘e-

391 2676 598 2728 runtur
626 2674 695 2728 ad
727 2673 945 2744 epulas,
997 2671 1155 2726 nefas
1192 2671 1407 2742 putatis
1436 2671 1481 2725 si
1519 2672 1649 2744 quis
1689 2672 1833 2726 alius
1885 2678 2095 2744 praeter

389 2762 597 2817 electos
627 2761 700 2816 ad
730 2761 1040 2815 cibandum
1068 2760 1342 2830 tetigerit,
1375 2765 1604 2831 quanta:
1641 2761 2018 2832 turpitudinis
2039 2766 2096 2818 et

389 2851 699 2923 aliquando
729 2849 956 2904 sceleris
995 2849 1233 2920 plenum
1287 2850 1417 2903 est?
1467 2849 1762 2920 Siquidem
1795 2867 1944 2922 saepe
1976 2856 2094 2907 tam

391 2941 573 2996 multa
602 2941 832 3006 dantur,
861 2943 927 2994 ut
956 2938 1217 2994 consumi
1245 2937 1411 2992 facile
1443 2938 1684 3010 apaucis
1715 2955 1829 2994 non
1855 2940 2090 3011 possint.

392 3032 459 3086 Et
490 3029 764 3102 quoniam
796 3028 1162 3101 sacrilegium
1193 3032 1445 3100 putatur,
1480 3030 1564 3084 vel
1597 3029 1723 3084 aliis
1759 3031 1892 3085 dare
1940 3031 2094 3103 quod

394 3118 696 3186 redundat,
725 3117 814 3172 vel
837 3121 988 3172 certe
1019 3117 1283 3188 abjicere,
1310 3117 1372 3171 in
1399 3133 1634 3189 magnas
1686 3119 2096 3174 contrudimini

395 3205 730 3270 cruditates,
762 3208 952 3258 totum
981 3205 1134 3277 quod
1166 3205 1365 3260 datum
1398 3209 1481 3260 est
1536 3205 1698 3278 quasi
1720 3223 1968 3278 purgare
1997 3223 2096 3262 cu-

393 3293 639 3365 pientes.
695 3293 820 3347 Jam
872 3309 1008 3346 vero
1037 3293 1291 3360 distenti,
1335 3297 1391 3348 et
1442 3309 1620 3365 prope
1652 3301 1965 3366 crepantes,
1997 3312 2096 3351 eos

393 3379 494 3453 qui
524 3380 627 3435 sub
654 3384 841 3434 vestra
866 3379 1167 3452 disciplina
1199 3385 1352 3448 sunt,
1391 3397 1602 3452 pueros
1648 3383 1718 3438 ad
1772 3383 2097 3439 devoranda

395 3469 615 3541 reliqua
639 3468 853 3523 crudeli
879 3468 1272 3524 dominatione
1293 3470 1662 3541 compellitis:
1687 3471 1764 3526 ita
1787 3475 1850 3526 ut
1869 3473 2096 3528 cuidam

394 3557 467 3613 sit
491 3559 688 3612 Romae
717 3558 1030 3630 objectum,
1061 3558 1211 3629 quod
1245 3557 1486 3614 miseros
1540 3561 1812 3630 parvulos
1842 3563 2095 3633 cogendo

393 3646 466 3701 ad
496 3646 838 3702 vescendum
867 3647 966 3701 tali
999 3647 1408 3718 superstitione
1438 3649 1740 3704 necaverit.
1773 3649 1933 3715 Quod
1979 3667 2095 3706 non

393 3735 708 3800 crederem,
736 3735 847 3788 nisi
887 3735 1092 3789 scirem
1124 3739 1407 3807 quantum
1455 3736 1616 3792 nefas
1673 3753 1795 3793 esse
1853 3739 2094 3794 arbitre-

392 3822 558 3889 mini,
589 3823 675 3875 vel
704 3823 830 3876 aliis
859 3823 982 3877 haec
1013 3823 1147 3876 dare
1179 3824 1280 3894 qui
1301 3824 1466 3880 electi
1495 3841 1614 3879 non
1644 3829 1795 3893 sunt,
1828 3829 1915 3882 vel
1944 3817 2096 3883 certe

393 3909 747 3982 projicienda
799 3926 1019 3964 curare.
1103 3911 1260 3965 Unde
1312 3911 1414 3965 illa
1469 3913 1732 3968 vescendi
1789 3916 2096 3972 necessitas

394 4009 587 4072 restat,
621 4021 750 4076 quas
781 4005 853 4060 ad
884 4004 1277 4076 turpissimam
1305 4005 1650 4062 cruditatem
1679 4011 1702 4046 ²
1731 4025 1876 4081 pene
1915 4013 2097 4082 quoti-

393 4093 506 4162 die,
546 4093 856 4166 aliquando
884 4098 1080 4150 tamen
1109 4098 1299 4166 potest
1328 4098 1384 4150 et
1411 4111 1592 4168 usque
1623 4096 1695 4152 ad
1724 4097 2094 4156 homicidium

391 4183 710 4256 pervenire.

462 4276 552 4330 53.
596 4272 734 4338 Quae
777 4288 907 4327 cum
970 4271 1050 4328 ita
1089 4271 1222 4343 sint,
1272 4272 1447 4328 etiam
1495 4291 1704 4347 panem
1743 4277 2094 4334 mendicanti

391 4362 526 4416 dare
555 4360 916 4432 prohibetis:
971 4360 1212 4416 censetis
1261 4365 1454 4417 tamen
1501 4369 1740 4435 propter
1775 4365 2094 4422 misericor-

391 4449 566 4516 diam,
629 4450 716 4504 vel
763 4449 955 4520 potius
1010 4454 1249 4521 propter
1301 4450 1579 4507 invidiam
1627 4470 1892 4510 nummos
1949 4456 2090 4511 dari.

390 4538 538 4603 Quid
568 4537 660 4592 hic
687 4538 848 4610 prius
874 4555 1133 4611 arguam,
1165 4539 1580 4610 crudelitatem,
1627 4559 1699 4596 an
1726 4544 2047 4600 vecordiam
2067 4547 2096 4602 ?

390 4625 533 4691 Quid
567 4626 720 4682 enim
752 4628 799 4682 si
829 4644 896 4683 eo
919 4629 1042 4684 loco
1075 4645 1164 4684 res
1189 4633 1413 4700 agatur,
1445 4631 1541 4686 ubi
1568 4631 1782 4686 venalis
1817 4633 1975 4688 cibus
2004 4635 2091 4689 in-

387 4713 569 4768 veniri
600 4731 716 4769 non
742 4719 979 4787 potest?
1013 4718 1190 4773 Homo
1230 4733 1402 4789 egens
1432 4719 1528 4774 ille
1577 4719 1728 4775 fame
1775 4721 2092 4779 moriturus

391 4806 498 4871 est,
521 4801 659 4857 dum
685 4807 746 4858 tu
776 4805 862 4858 vir
886 4806 1113 4877 sapiens
1130 4819 1188 4862 et
1202 4807 1491 4880 benignus
1522 4809 1705 4881 magis
1727 4825 2090 4868 cucumerem

390 4906 566 4964 quam
615 4890 910 4947 hominem
959 4893 1268 4952 misereris.
1317 4897 1448 4951 Hzec
1501 4901 1586 4952 est
1631 4899 1885 4969 profecto
1929 4900 2090 4972 (quid

387 4980 542 5036 enim
565 4979 749 5036 dicam
775 4983 1182 5052 congruentius
1203 4989 1257 5039 et
1285 4985 1570 5057 planius?)
1593 4987 1737 5043 falsa
1768 4987 2089 5044 misericor-

388 5069 482 5126 dia
512 5074 568 5125 et
612 5086 747 5124 vera
800 5071 1122 5127 crudelitas.
1187 5073 1344 5129 Nunc
1393 5076 1719 5132 vecordiam
1773 5076 2084 5132 videamus.

387 5158 533 5224 Quid
561 5157 716 5213 enim
746 5158 792 5212 si
822 5159 1074 5213 nummis
1105 5160 1242 5232 illis,
1275 5178 1416 5234 quos
1446 5164 1690 5233 dederis,
1722 5165 1830 5220 sibi
1878 5182 2088 5238 panem

388 5251 580 5304 emat?
611 5250 810 5304 Nonne
841 5249 948 5304 hoc
977 5248 1037 5302 in
1080 5249 1178 5304 illo
1209 5267 1341 5322 pars
1386 5252 1485 5308 illa
1513 5257 1696 5310 vestra
1743 5254 1956 5325 divina,
1988 5255 2088 5327 qui

450 5402 464 5435 ¹
503 5401 580 5450 Ita
603 5401 727 5450 Mss.
765 5401 830 5451 At
857 5401 983 5452 editi
1015 5401 1191 5460 habet,
1218 5401 1431 5455 edendo.

385 5462 1087 5574 te;.Excusi.m'udelitaleln
1109 5482 1122 5516 :
1143 5464 1296 5528 cujus
1315 5466 1431 5516 loco
1457 5467 1579 5516 Mss.
1608 5468 1818 5522 habent.
1849 5467 2086 5520 crudita-

1342 243 1434 297 DE
1474 241 1786 299 MORIBUS
1826 241 2409 309 MANICH/EORUM,
2454 242 2506 297 S.
2552 237 2936 297 AUGUSTINI

3778 248 3792 296 i
3810 249 3899 297 398

2187 369 2334 424 hanc
2363 367 2540 423 sumit
2568 364 2947 433 avenditore,
3005 381 3246 436 passura
3299 370 3404 436 est,
3457 367 3612 439 quod
3666 382 3900 437 passura

2189 462 2331 525 erat,
2365 457 2411 511 si
2440 460 2496 512 te
2527 456 2700 511 dante
2731 453 3120 526 sumpsisset?
3150 453 3394 510 Involvit
3425 455 3606 526 igitur
3636 456 3899 510 sordibus

2190 549 2450 617 peccator
2491 544 2586 598 ille
2629 543 2925 598 mendicus
2958 547 3184 614 partem
3235 543 3337 598 Dei
3377 544 3637 598 revolare
3669 543 3899 614 cupien-

2190 640 2330 704 tem,
2362 633 2475 688 tuis
2505 631 2760 687 nummis
2785 632 2856 686 ad
2882 635 3109 686 tantum
3139 632 3325 687 scelus
3377 633 3610 702 adjutus
3635 648 3650 686 :
3721 637 3782 685 et
3833 637 3901 685 ta-

2191 739 2324 778 men
2378 739 2478 776 vos
2518 721 2782 776 homines
2830 721 3272 792 prudentissimi
3324 721 3602 776 interesse
3662 721 3901 774 arbitra-

2191 811 2355 879 mini,
2378 811 2424 866 si
2454 811 2834 866 homicidium
2859 810 3078 865 facturo
3103 827 3219 865 non
3235 810 3380 866 detis
3402 811 3712 865 hominem
3740 826 3902 882 quem

2193 900 2434 970 occidat,
2461 900 2557 954 sed
2579 899 2820 954 scientes
2847 899 3150 970 pecuniam
3174 899 3325 955 unde
3349 899 3742 954 occidendum
3768 915 3904 953 com-

2193 995 2375 1063 paret,
2409 989 2576 1044 detis.
2610 989 2757 1053 Quid
2789 989 2859 1043 ad
2889 988 3037 1044 hanc
3075 989 3360 1043 insaniam
3399 989 3529 1043 addi
3558 990 3811 1060 potest?
3845 990 3908 1041 Ita

2194 1079 2349 1134 enim
2376 1079 2440 1134 ﬁt
2471 1084 2533 1134 ut
2563 1082 2661 1132 aut
2691 1078 2866 1132 homo
2895 1077 3199 1148 moriatur,
3227 1078 3274 1132 si
3302 1078 3567 1133 venalem
3600 1094 3726 1132 non
3769 1079 3907 1132 inve

2195 1168 2345 1223 nerit
2374 1167 2585 1235 cibum,
2618 1171 2720 1222 aut
2742 1166 2902 1221 cibus
2932 1167 3075 1238 ipse,
3105 1166 3148 1220 si
3183 1167 3499 1222 invenerit:
3555 1183 3822 1238 quorum
3849 1169 3909 1220 al-

2193 1262 2381 1313 terum
2411 1261 2495 1311 est
2521 1273 2722 1311 verum
2753 1255 3131 1311 homicidium
3158 1274 3172 1324 ;
3206 1258 3451 1311 alterum
3480 1261 3776 1320 vestrum,
3835 1273 3908 1309 ve-

2198 1347 2285 1402 his
2336 1350 2528 1400 tamen
2581 1344 2660 1399 ita
2716 1346 3110 1413 tribuendum,
3165 1349 3440 1417 tanquam
3488 1351 3824 1416 utrumque
3855 1348 3910 1397 sit

2197 1450 2417 1490 verum.
2454 1435 2596 1488 Nam
2625 1434 2780 1506 quod
2832 1434 3122 1488 auditores
3151 1438 3364 1488 vestros
3421 1451 3542 1488 non
3591 1434 3910 1504 prohibetis

2199 1523 2464 1578 carnibus
2490 1523 2660 1589 vesci,
2685 1521 2780 1577 sed
2808 1523 3066 1577 occidere
3097 1522 3370 1577 animalia
3394 1523 3758 1594 prohibetis.
3787 1524 3907 1595 quid

2199 1612 2429 1668 stultius
2482 1616 2540 1666 et
2569 1611 2891 1684 perversius
2933 1612 3057 1666 fieri
3103 1615 3337 1684 potest?
3372 1615 3515 1667 Nam
3548 1612 3598 1666 si
3639 1614 3781 1666 talis
3813 1630 3910 1666 non

2200 1699 2556 1756 contaminat
2585 1700 2765 1770 cibus,
2796 1716 2895 1754 vos
2926 1716 3154 1772 quoque
3185 1700 3426 1755 sumite:
3461 1700 3505 1754 si
3536 1699 3909 1762 contaminat.

2201 1806 2330 1862 quas
2358 1790 2592 1845 tandem
2648 1789 2938 1844 dementia
2985 1793 3070 1843 est
3117 1789 3301 1860 majus
3338 1789 3494 1843 nefas
3529 1794 3774 1861 putare,
3807 1792 3912 1843 ani-

2201 1895 2357 1933 mam
2389 1878 2682 1950 porcinam
2713 1877 2780 1932 de
2812 1893 3049 1948 corpore
3078 1878 3316 1945 solvere,
3356 1894 3535 1949 quam
3596 1879 3910 1933 humanam

2201 1966 2440 2039 porcino
2471 1981 2710 2036 corpore
2741 1967 3076 2020 maculare?

2203 2057 2428 2111 CAPUT
2490 2056 2647 2111 XVII.
2702 2086 2772 2095 —
2819 2057 3079 2110 Mannum
3131 2056 3472 2123 signaculum
3533 2056 3704 2126 apud
3750 2058 3911 2112 Mam”-

2686 2145 2854 2199 chzos
2884 2144 3047 2213 quale
3067 2142 3143 2198 sit
3175 2145 3423 2212 aperitur

2275 2235 2362 2288 54.
2403 2232 2507 2288 Sed
2550 2232 2672 2304 jam
2703 2233 2771 2288 ad
2803 2248 3082 2286 manuum
3130 2231 3490 2304 signaculum
3537 2235 3908 2289 consideran-

2204 2322 2342 2377 dum
2375 2322 2850 2394 tractandumque
2893 2321 3213 2376 veniamus.
3256 2322 3334 2375 Ac
3364 2321 3630 2392 primum
3687 2323 3908 2395 quidem

2205 2413 2359 2484 quod
2398 2411 2468 2466 ab
2499 2411 2833 2466 animalium
2871 2425 3030 2488 nece,
3075 2414 3131 2465 et
3160 2410 3228 2464 ab
3261 2410 3528 2481 stirpium
3565 2412 3907 2466 laceratione

2203 2517 2303 2555 vos
2349 2499 2703 2571 temperatis,
2745 2497 3370 2569 superstitiosissimum
3399 2499 3676 2555 Christus
3743 2507 3905 2555 osten-

2206 2589 2288 2644 dit
2311 2607 2323 2644 :
2358 2589 2458 2661 qui
2488 2590 2705 2643 nullam
2743 2587 2907 2644 nobis
2927 2603 3058 2642 cum
3089 2587 3293 2642 belluis
3314 2592 3370 2642 et
3394 2589 3718 2644 arboribus
3745 2592 3904 2645 socie-

2203 2680 2379 2731 tatem
2403 2675 2551 2748 juris
2577 2692 2697 2730 esse
2719 2675 3004 2746 judicans,
3037 2679 3094 2730 ct
3122 2675 3180 2729 in
3205 2691 3437 2747 gregem
3467 2693 3799 2747 porcorum
3821 2680 3906 2733 de

2205 2781 2402 2820 mones
2453 2764 2608 2819 misit
2664 2764 2878 2834 (Matth.
2933 2781 3051 2831 VIII,
3095 2766 3203 2834 32),
3259 2768 3315 2818 et
3363 2765 3645 2821 arborem
3709 2768 3772 2822 in
3813 2785 3904 2839 qua

2203 2856 2451 2910 fructum
2507 2870 2622 2908 non
2664 2853 2979 2923 invenerat,
3029 2852 3332 2908 maledicto
3365 2853 3598 2910 aridam
3632 2855 3779 2910 fecit
3806 2857 3896 2918 (Id.

2203 2961 2312 3011 xxr,
2348 2945 2454 3015 t9).
2486 2942 2638 2997 Nihil
2675 2945 2825 2996 certe
2875 2942 3057 3014 porci,
3090 2942 3234 2996 nihil
3284 2942 3454 2997 arbor
3497 2942 3605 2998 illa
3654 2962 3902 3017 peccave-

2205 3037 2312 3087 rat.
2348 3033 2542 3105 Neque
2574 3030 2730 3087 enim
2753 3047 2934 3103 usque
2965 3046 3032 3086 eo
3057 3031 3350 3086 dementes
3380 3047 3612 3098 sumus,
3675 3039 3745 3087 ut
3779 3033 3900 3086 arbi-

2202 3125 2424 3176 tremur
2452 3139 2553 3176 sua
2583 3123 2784 3192 sponte
2815 3120 3076 3175 arborem
3115 3121 3203 3174 vel
3263 3120 3613 3192 frugiferam
3666 3138 3794 3176 esse
3836 3122 3899 3175 vel

2205 3211 2472 3266 sterilem.
2534 3211 2728 3282 Neque
2784 3209 2927 3264 illud
2982 3209 3073 3264 hic
3124 3209 3284 3264 vobis
3312 3209 3635 3265 dicendum
3684 3218 3793 3277 est,
3836 3212 3900 3265 his

2205 3299 2365 3355 factis
2391 3299 2698 3354 Dominum
2729 3303 2990 3353 nostrum
3021 3299 3132 3354 alia
3163 3299 3426 3370 quaedam
3454 3299 3800 3371 signiﬁcare
3829 3318 3899 3353 vo—

2206 3387 2414 3442 luisse:
2448 3389 2576 3460 quis
2627 3387 2782 3441 enim
2834 3387 3087 3442 nesciat?
3133 3387 3244 3444 Sed
3273 3393 3424 3442 certe
3485 3389 3636 3444 Filio
3671 3391 3776 3445 Dei
3807 3406 3897 3444 non

2205 3493 2308 3548 per
2333 3476 2704 3531 homicidium
2736 3477 2964 3548 signum
2995 3476 3246 3531 dandum
3280 3477 3406 3544 fuit,
3445 3476 3492 3530 si
3518 3479 3798 3534 arborem
3827 3496 3899 3533 ne-

2206 3581 2355 3634 care,
2389 3569 2451 3620 ut
2473 3582 2572 3620 vos
2600 3565 2803 3633 dicitis,
2836 3565 3210 3621 homicidium
3255 3571 3361 3632 est,
3415 3570 3517 3620 aut
3553 3583 3770 3622 necare
3801 3568 3896 3621 ani-

2205 3655 2397 3710 malia.
2431 3655 2572 3709 Nam
2603 3658 2660 3708 et
2689 3655 2758 3709 de
2783 3654 3137 3721 hominibus,
3173 3670 3302 3708 cum
3333 3654 3551 3726 quibus
3584 3657 3793 3729 utique
3831 3673 3898 3709 su-

2205 3761 2333 3800 mus
2352 3743 2499 3815 juris
2534 3743 2798 3798 societate
2841 3742 3154 3814 conjuncti,
3204 3743 3369 3814 signa
3414 3745 3694 3814 quaedam
3727 3746 3895 3800 dedit;

2205 3833 2302 3888 sed
2330 3832 2580 3887 sanando
2608 3832 2888 3898 homines,
2917 3847 3033 3885 non
3062 3831 3338 3886 necando.
3381 3832 3544 3896 Quod
3582 3838 3642 3887 et
3684 3835 3758 3889 de
3806 3835 3895 3888 bel-

2205 3921 2314 3976 luis
2345 3921 2496 3975 etde
2533 3919 2834 3975 arboribus
2881 3920 3112 3989 faceret,
3162 3919 3211 3974 si
3241 3919 3439 3974 eadem
3475 3937 3584 3975 nos
3645 3938 3781 3977 cum
3807 3923 3894 3976 illis

2205 4010 2492 4080 societate,
2546 4026 2659 4081 qua
2709 4025 2809 4064 vos
2859 4007 3200 4080 opinamini,
3250 4009 3590 4080 conjunctos
3651 4027 3780 4066 esse
3823 4013 3892 4083 ju-

2203 4100 2434 4154 dicaret.

2275 4191 2362 4243 55.
2418 4188 2539 4253 Quo
2595 4189 2716 4242 loco
2754 4186 2900 4242 mihi
2959 4187 3262 4243 auctoritas
3317 4187 3756 4260 interponenda
3797 4190 3892 4242 visa

2204 4281 2310 4346 est,
2338 4281 2643 4350 propterea
2687 4277 2822 4348 quia
2847 4277 2918 4332 de
2972 4292 3249 4348 pecorum
3297 4277 3511 4343 anima,
3541 4283 3604 4332 et
3655 4280 3729 4334 de
3776 4296 3892 4352 qua-

2202 4366 2334 4421 dam
2363 4367 2477 4421 vita
2507 4383 2621 4438 qua
2647 4366 2914 4421 dicuntur
2947 4366 3178 4421 arbores
3209 4366 3414 4435 vivere,
3450 4383 3573 4420 non
3607 4374 3797 4440 potest
3823 4386 3893 4420 vo-

2202 4455 2423 4510 biscum
2453 4455 2741 4510 subtiliter
2796 4455 3098 4526 disputari.
3135 4455 3246 4510 Sed
3301 4455 3577 4526 quoniam
3615 4458 3888 4529 priV’ilegis

2202 4545 2452 4616 quodam
2487 4560 2584 4598 vos
2623 4543 2888 4608 tuemini,
2937 4547 3000 4597 ut
3045 4544 3115 4599 de
3152 4543 3460 4616 Scripturis
3509 4546 3773 4618 opprimi
3815 4563 3889 4599 ne-

2201 4635 2439 4706 queatis,
2475 4635 2714 4689 dicendo
2744 4651 2837 4689 eas
2863 4651 2983 4688 esse
3013 4635 3275 4689 falsatas:
3309 4651 3650 4707 quanquam
3681 4654 3754 4692 ea
3787 4653 3886 4710 qua

2200 4713 2642 4777 commemoravi
2697 4723 2765 4778 de
2821 4723 3040 4791 arbore,
3109 4727 3165 4778 et
3223 4723 3291 4778 de
3340 4740 3515 4795 grege
3579 4742 3884 4796 porcorum.

2199 4827 2495 4884 nunquam
2517 4828 2550 4865 a
2574 4811 3019 4884 corruptoribus,
3063 4812 3318 4866 immissa
3361 4829 3483 4868 esse
3525 4813 3796 4870 dixistis:
3824 4821 3881 4866 ta-

2199 4915 2356 4970 men,
2386 4916 2458 4954 ne
2509 4899 2930 4955 considerantes
2980 4905 3261 4972 quantum
3298 4901 3458 4956 vobis
3507 4903 3869 4960 adversentur

2197 4987 2305 5043 hoc
2335 4988 2488 5044 idem
2521 4988 2692 5043 etiam
2724 4989 2793 5043 de
2842 4989 2930 5044 his
2979 4989 3288 5062 aliquando
3319 4990 3510 5046 dicere
3558 4995 3792 5058 velitis;
3821 4999 3878 5045 te

2197 5093 2365 5132 neam
2392 5078 2751 5148 propositum
2776 5094 2989 5146 meum,
3023 5083 3086 5133 ut
3127 5097 3157 5133 a
3190 5079 3370 5146 vobis,
3405 5083 3640 5152 magnis
3671 5083 3876 5138 omnim

2196 5166 2669 5237 pollicitatoribus
2695 5166 2932 5222 rationis
2970 5172 3139 5240 atque
3167 5169 3439 5237 veritatis,
3475 5187 3743 5241 quaram
3793 5187 3879 5243 pr:-

2196 5271 2357 5310 mum
2387 5255 2525 5327 quid
2555 5256 2702 5312 obsit
2729 5256 2942 5324 arbori,
2975 5274 3092 5312 non
3124 5257 3248 5312 dico
3283 5258 3328 5313 si
3383 5276 3627 5331 pomum
3662 5262 3798 5316 inde
3823 5262 3879 5313 ft»

2195 5344 2407 5398 liumve
2439 5345 2730 5417 decerpas,
2753 5345 2907 5417 quod
2938 5345 3170 5418 quidem
3209 5347 3362 5418 apud
3391 5365 3510 5412 vos,
3543 5349 3593 5403 si
3628 5351 3761 5421 quis
3789 5363 3881 5403 nea

2196 5433 2608 5505 imprudentia,
2653 5434 2751 5488 sed
2802 5434 2984 5490 sciens
3010 5434 3229 5506 fecerit,
3284 5435 3567 5508 signaculi
3600 5443 3881 5509 corruptor

2201 5521 2325 5577 sine
2350 5523 2466 5579 ulla
2488 5521 2842 5579 dubitatione
2868 5523 3255 5594 damnabitur,
3298 5525 3392 5581 sed
3422 5525 3666 5581 omnino
3697 5527 3747 5582 si
3777 5539 3878 5581 ean:
