4008 6184
203 235 333 287 1369

193 354 464 411 radicitus
494 367 677 406 cruas.
708 350 913 405 Anima
939 364 1190 421 namque
1220 348 1321 404 illa
1349 364 1523 421 quam
1551 348 1890 404 rationalem

192 444 380 499 inesse
410 438 717 495 arboribus
765 438 1146 506 arbitramini,
1188 438 1391 493 arbore
1441 438 1626 493 excisa
1663 438 1889 493 vinculo

194 532 451 597 solvitur,
483 545 579 583 vos
608 528 761 583 enim
789 528 896 581 hoc
925 527 1128 594 dicitis,
1183 530 1241 582 et
1287 543 1354 582 eo
1386 528 1622 599 quidem
1664 528 1891 582 vinculo

195 621 253 676 in
280 636 394 691 quo
422 634 631 690 magna
653 616 901 685 miseria,
934 616 1092 670 nulla
1122 615 1368 670 utilitate
1397 617 1718 671 tenebatur.
1750 618 1890 671 Nam

193 714 248 765 et
272 706 688 763 revolutionem
711 704 964 759 hominis
986 704 1046 758 in
1078 705 1358 770 arborem,
1406 710 1611 759 notum
1660 710 1745 760 est
1774 723 1887 768 vos,

194 796 246 851 id
294 799 380 850 est
420 798 712 849 auctorem
750 793 944 864 ipsum
991 795 1264 859 vestrum,
1325 808 1428 863 pro
1450 792 1671 863 ingenti
1700 809 1890 863 poena,

195 898 309 937 non
336 887 529 937 tamen
558 898 663 952 pro
687 897 931 946 summa,
983 882 1162 935 solere
1192 880 1441 934 minitari
1469 897 1481 935 :
1514 885 1570 935 et
1621 896 1758 934 num
1789 897 1893 952 po-

192 975 299 1027 test
328 971 387 1025 in
420 971 622 1025 arbore
656 970 847 1024 anima
877 968 1025 1035 tieri,
1057 972 1120 1023 ut
1149 969 1209 1023 in
1238 969 1493 1036 homine,
1537 968 1893 1040 sapientior?

194 1062 319 1115 Non
350 1059 592 1114 necandi
622 1059 871 1113 hominis
901 1058 1137 1130 quippe,
1170 1057 1484 1113 certissima
1512 1059 1657 1112 ratio
1689 1063 1791 1127 est,
1819 1075 1891 1113 ne

192 1154 291 1205 aut
320 1166 452 1203 eum
482 1164 647 1203 neces
685 1148 846 1219 cujus
902 1146 1186 1218 sapientia
1244 1151 1299 1202 et
1324 1147 1502 1201 virtus
1531 1146 1655 1201 aliis
1710 1148 1891 1218 pluri-

192 1255 353 1293 mum
384 1238 635 1310 prodest,
666 1242 763 1291 aut
794 1253 927 1291 eum
959 1236 1059 1307 qui
1104 1235 1249 1291 forte
1278 1240 1503 1307 poterat
1552 1236 1621 1290 ad
1664 1236 1891 1307 sapien-

190 1326 333 1381 tiam
362 1325 679 1398 pervenire,
722 1325 836 1379 sive
883 1325 1235 1379 extrinsecus
1283 1325 1352 1379 ab
1380 1324 1570 1397 aliquo
1628 1324 1889 1379 admoni-

188 1421 302 1483 tus,
338 1414 454 1469 sive
484 1413 855 1469 interioribus
884 1412 1325 1483 cogitationibus
1355 1413 1628 1467 divinitus
1648 1413 1894 1466 illustra-

193 1510 302 1559 tus.
369 1503 634 1558 Animam
691 1507 882 1557 autem
953 1501 1223 1569 hominis,
1300 1506 1514 1573 quanto
1583 1501 1895 1572 sapientior

191 1608 428 1665 corpore
488 1591 804 1658 excesserit,
863 1593 1019 1646 tanto
1076 1589 1275 1645 utilius
1344 1590 1611 1645 excedere
1685 1590 1894 1645 veritas

191 1682 380 1750 docet,
409 1685 464 1735 et
493 1681 715 1735 ratione
746 1678 1136 1745 subtilissima,
1173 1682 1229 1732 et
1257 1678 1593 1732 auctoritate
1624 1678 1893 1732 latissime

188 1775 517 1842 pervagata.
558 1769 941 1834 Quamobrem
973 1768 1072 1839 qui
1106 1768 1367 1821 arborem
1399 1766 1613 1837 dejicit,
1640 1767 1890 1821 animam

188 1860 334 1915 nihil
366 1859 428 1914 in
454 1858 733 1929 sapientia
762 1856 1157 1928 proﬁcientem
1191 1856 1260 1910 de
1293 1855 1389 1909 illo
1404 1871 1641 1926 corpore
1667 1856 1889 1910 liberat.

191 1952 391 2020 Itaque
422 1964 542 2015 vos,
574 1946 836 2001 homines
862 1944 1061 2015 sancti,
1091 1962 1204 2013 vos,
1241 1945 1500 2017 inquam,
1530 1944 1895 2015 potissimum

190 2037 454 2092 excidere
486 2036 716 2090 arbores
750 2034 1050 2101 deberetis,
1106 2037 1163 2089 et
1193 2050 1391 2088 earum
1430 2033 1648 2087 animas
1698 2034 1766 2087 ab
1795 2034 1893 2087 illo

189 2125 422 2179 vinculo
451 2128 646 2179 exutas
674 2123 1026 2177 orationibus
1056 2126 1112 2177 et
1142 2122 1376 2194 psalmis
1404 2122 1475 2177 ad
1508 2122 1743 2177 meliora
1770 2138 1894 2193 per-

193 2215 426 2269 ducere.
456 2214 545 2267 An
577 2212 646 2266 de
676 2211 767 2265 his
797 2210 1003 2265 animis
1059 2211 1164 2265 hoc
1216 2210 1340 2265 ﬁeri
1369 2212 1554 2283 potest
1583 2227 1699 2265 non
1756 2228 1896 2283 quas

192 2306 387 2357 mente
421 2300 779 2373 adjuveritis,
813 2301 911 2355 sed
942 2317 1083 2371 quas
1113 2304 1307 2355 ventre
1338 2299 1662 2371 receperitis
1682 2300 1709 2354 ?

270 2394 356 2446 56.
390 2389 658 2456 Quamvis
686 2388 938 2459 idipsum
1000 2388 1220 2443 animas
1269 2389 1561 2456 arborum,
1620 2387 1895 2460 quamdiu

194 2482 332 2533 sunt
368 2479 427 2533 in
460 2478 778 2548 arboribus,
810 2478 877 2532 ad
907 2478 1246 2548 sapientiam
1270 2494 1385 2531 non
1409 2477 1706 2548 proﬁcere,
1739 2493 1894 2531 sum-

200 2584 311 2622 mae
344 2567 645 2640 angustiae,
676 2570 953 2638 quantum
1005 2566 1273 2635 arbitror,
1302 2583 1403 2620 vos
1431 2567 1782 2637 compellunt
1808 2566 1897 2620 fa-

195 2656 325 2723 teri,
358 2671 487 2711 cum
521 2671 554 2709 a
583 2654 745 2709 vobis
775 2654 1055 2726 quaeritur
1083 2671 1184 2708 cur
1214 2658 1270 2709 et
1298 2654 1596 2709 arboribus
1628 2671 1743 2708 non
1774 2655 1898 2709 mit-

194 2749 348 2799 tatur
376 2746 694 2816 praaceptor
722 2744 1024 2814 apostolus,
1060 2747 1157 2797 aut
1184 2759 1284 2797 cur
1312 2743 1408 2797 ille
1439 2743 1538 2813 qui
1569 2743 1896 2797 hominibus

200 2834 468 2905 mittitur,
502 2850 619 2888 non
640 2832 1003 2887 etarboribus
1024 2831 1299 2903 praedicet
1327 2830 1645 2885 veritatem.
1682 2830 1780 2885 Hic
1801 2847 1894 2885 co-

200 2920 403 2993 gimini
432 2922 805 2993 respondere;
833 2921 958 2974 illas
988 2919 1210 2974 animas
1261 2919 1559 2990 percipere
1599 2918 1658 2972 in
1688 2919 1895 2973 talibus

196 3010 527 3082 corporibus
559 3014 848 3081 praecepta
879 3009 1070 3064 divina
1095 3024 1212 3062 non
1242 3024 1430 3078 posse.
1464 3007 1570 3062 Sed
1598 3007 1897 3061 vehemen-

195 3098 304 3153 tius
323 3100 391 3154 ad
427 3099 538 3153 alio
570 3100 744 3154 latere
775 3096 1066 3169 urgemini
1091 3117 1105 3164 ;
1130 3095 1597 3168 quandoquidem
1614 3096 1740 3150 illas
1766 3113 1899 3167 per-

194 3187 404 3243 hibetis
435 3191 490 3242 et
519 3188 717 3242 audire
746 3203 909 3241 voces
935 3190 1176 3253 nostras,
1216 3189 1271 3239 et
1321 3186 1492 3239 verba
1555 3184 1895 3256 intelligere,

196 3279 252 3330 et
279 3292 517 3347 corpora
541 3279 842 3346 motusque
884 3290 1191 3346 corporum
1243 3273 1474 3343 intueri,
1523 3274 1896 3345 cogitationes

195 3365 442 3439 denique
468 3366 620 3437 ipsas
649 3364 991 3437 perspicere.
1020 3365 1157 3429 Quae
1184 3363 1232 3418 si
1261 3380 1392 3418 vera
1425 3368 1577 3429 sunt,
1610 3380 1711 3417 cur
1755 3364 1897 3417 nihil

196 3458 431 3526 possunt
458 3472 489 3509 a
518 3454 658 3510 lucis
688 3454 947 3526 apostolo
980 3453 1195 3508 discere
1217 3455 1245 3507 ?
1274 3453 1360 3506 vel
1390 3468 1490 3506 cur
1511 3452 1682 3506 etiam
1713 3453 1895 3507 multo

196 3543 415 3599 facilius
444 3560 563 3599 non
589 3548 826 3615 possunt
857 3559 1030 3615 quam
1060 3558 1185 3608 nos,
1244 3557 1373 3596 cum
1407 3540 1684 3595 interiora
1721 3542 1893 3596 etiam

196 3633 401 3688 mentis
430 3632 750 3704 aspiciant?
781 3634 863 3686 Ita
893 3632 1047 3685 enim
1074 3630 1345 3702 magister
1370 3630 1485 3695 ille,
1543 3629 1643 3700 qui
1683 3646 1783 3683 vos
1808 3629 1893 3683 lo-

195 3722 422 3793 quendo
448 3722 541 3776 vix
572 3722 758 3791 docet,
789 3725 854 3775 ut
883 3719 1089 3790 dicitis,
1120 3720 1423 3790 cogitando
1446 3735 1539 3772 eas
1567 3722 1889 3789 posseteru-

194 3811 337 3881 dire,
367 3826 496 3883 quae
523 3810 834 3865 sententias
863 3810 984 3881 ejus
1042 3814 1173 3863 ante
1232 3824 1558 3863 sermonem
1608 3808 1667 3862 in
1700 3808 1892 3862 animo

194 3903 508 3953 cernerent.
542 3899 597 3954 Si
623 3915 757 3952 vero
805 3899 928 3952 haec
983 3899 1121 3953 falsa
1149 3902 1303 3968 sunt,
1334 3897 1521 3953 videte
1566 3897 1797 3951 tandem
1833 3897 1894 3951 in

195 4004 310 4059 quo
332 4003 521 4043 errore
547 3988 807 4059 jacentis.

267 4082 350 4135 57.
383 4081 508 4135 lam
558 4080 710 4151 quod
740 4094 913 4150 poma
964 4076 1073 4149 ipsi
1105 4093 1220 4132 non
1273 4076 1594 4149 decerpitis,
1626 4077 1891 4131 herbam-

196 4184 305 4240 que
333 4184 451 4224 non
481 4166 704 4235 vellitis,
739 4168 834 4221 sed
864 4171 1056 4221 tamen
1088 4166 1157 4220 ab
1188 4166 1543 4220 auditoribus
1567 4165 1765 4220 vestris
1795 4166 1892 4220 de-

195 4257 347 4328 cerpi
387 4262 443 4312 et
472 4257 637 4312 evelli
688 4260 857 4327 atque
899 4254 1088 4310 afferri
1119 4254 1279 4308 vobis
1318 4253 1550 4325 jubetis,
1582 4270 1699 4307 non
1739 4257 1802 4307 ut
1826 4253 1894 4307 iis

195 4346 294 4418 qui
323 4347 567 4402 afferunt
595 4350 841 4412 tantum,
868 4344 963 4399 sed
1002 4346 1066 4397 ut
1096 4342 1165 4397 iis
1191 4342 1363 4396 etiam
1393 4358 1521 4413 quas
1553 4342 1885 4408 afferuntur,

194 4436 460 4507 prodesse
490 4433 733 4507 possitis,
777 4432 905 4505 quis
956 4432 1103 4486 bene
1134 4431 1503 4486 considerans
1547 4431 1664 4485 ullo
1722 4431 1890 4486 modo

193 4522 807 4585 toleraverit?Primo,
864 4521 1000 4593 quia
1044 4520 1187 4575 nihil
1227 4519 1467 4574 interest
1520 4524 1717 4574 utrum
1768 4519 1890 4590 ipse

191 4613 373 4667 scelus
400 4612 686 4674 admittas,
718 4627 792 4664 an
824 4613 1057 4682 propter
1096 4613 1150 4663 te
1199 4608 1269 4662 ab
1312 4608 1421 4661 alio
1453 4608 1676 4662 admitti
1729 4608 1887 4665 velis.

194 4702 351 4757 Nolle
375 4706 431 4756 te
459 4701 616 4755 dicis.
652 4699 947 4765 Quomodo
991 4714 1126 4769 ergo
1184 4696 1519 4752 subvenitur
1575 4696 1657 4751 illi
1689 4696 1893 4753 divinae

190 4789 360 4860 parti,
389 4805 519 4861 quae
547 4789 606 4844 in
632 4788 862 4844 lactucis
894 4790 951 4842 et
978 4787 1035 4841 in
1066 4786 1254 4858 porris
1278 4786 1447 4858 jacet,
1482 4784 1527 4839 si
1569 4802 1739 4840 nemo
1769 4786 1891 4841 haec

192 4878 416 4948 evellat,
447 4882 501 4932 et
529 4878 598 4932 ad
654 4881 875 4931 sanctos
916 4876 1218 4948 purganda
1262 4875 1479 4930 deferat
1504 4877 1533 4929 ?
1566 4875 1798 4943 Deinde,
1827 4880 1893 4930 tu

192 4966 315 5039 ipse
346 4966 630 5021 transiens
656 4982 761 5038 per
789 4982 921 5020 eum
954 4980 1176 5037 agrum,
1211 4965 1271 5019 in
1301 4981 1414 5037 quo
1442 4964 1548 5019 tibi
1571 4966 1701 5036 jure
1747 4963 1890 5019 ami-

190 5056 336 5112 citia:
383 5055 728 5126 decerpendi
788 5056 946 5126 quod
996 5055 1135 5110 libet
1185 5058 1436 5126 potestas
1485 5055 1673 5120 datur,
1702 5054 1756 5108 .si
1785 5054 1891 5110 ﬁco

189 5145 399 5203 videris
428 5162 661 5201 corvum
691 5145 1113 5215 imminentem,
1166 5144 1303 5217 quid
1345 5143 1558 5198 facies?
1588 5145 1787 5199 Nonne
1826 5160 1891 5199 ex

191 5237 463 5309 opinione
497 5240 614 5299 tua,
659 5235 799 5291 ﬁcus
847 5235 972 5307 ipsa
1024 5239 1214 5289 tecum
1271 5233 1431 5305 loqui
1490 5238 1548 5287 ct
1600 5232 1893 5303 deprecari

189 5326 593 5382 miserabiliter
618 5325 864 5395 videtur,
892 5328 958 5379 ut
982 5339 1108 5378 eam
1133 5323 1250 5395 ipse
1275 5324 1563 5392 decerpas,
1595 5326 1652 5375 et
1696 5327 1890 5376 sancto

189 5422 382 5471 ventre
437 5414 851 5488 puriticandam
884 5412 1443 5483 resuscitandamque
1497 5410 1737 5482 sepelias
1786 5428 1888 5482 po-

190 5504 331 5573 tius,
381 5523 554 5579 quam
611 5521 811 5561 corvus
863 5504 957 5561 ille
1007 5504 1335 5559 devoratam
1388 5502 1611 5557 funesto
1665 5501 1890 5572 corpori

1624 224 1837 282 LIBER
1876 224 2263 283 SECUNDUS.

3576 227 3706 281 l370

2010 348 2261 416 misceat,
2292 350 2464 419 atque
2496 347 2556 401 in
2617 348 2756 402 alias
2806 346 3017 401 formas
3056 346 3384 417 illigandam
3447 348 3702 404 crucian-

2008 439 2255 509 damque
2283 436 2673 492 transmittat?
2694 435 2841 501 Quid
2869 440 2922 491 te
2945 436 3253 503 crudelius,
3287 438 3333 491 si
3355 454 3554 492 verum
3580 438 3703 492 est?

2006 527 2145 599 quid
2176 525 2446 597 ineptius,
2479 524 2527 578 si
2553 524 2757 579 falsum
2789 526 2919 578 est?
2950 523 3084 595 quid
3127 525 3308 595 magis
3352 525 3698 580 contrarium

2004 614 2319 684 disciplinas
2348 614 2571 679 vestrae,
2624 611 2670 665 si
2700 611 3058 683 signaculum
3111 610 3393 666 solveris?
3442 613 3587 677 Quid
3642 616 3697 666 te

2004 700 2294 756 inimicius
2325 702 2424 756 Dei
2452 700 2733 767 membro,
2767 699 2815 753 si
2845 699 3188 754 custodieris
3209 703 3235 753 ?

2076 791 2161 843 58.
2203 788 2311 843 Sed
2333 787 2439 842 hoc
2465 804 2531 842 ex
2556 790 2745 842 vestra
2794 786 3064 857 opinione
3096 788 3235 841 falsa
3261 792 3316 842 et
3346 788 3654 858 nugatoria
3686 806 3699 843 :

2006 894 2139 931 nam
2168 881 2319 932 certa
2351 882 2406 931 et
2443 876 2743 931 manifesta
2784 875 3085 930 crudelitas
3117 875 3176 930 in
3206 876 3366 931 vobis
3421 893 3540 930 esse
3572 894 3703 931 con-

2006 964 2271 1031 vincitur,
2306 980 2370 1020 ex
2394 966 2593 1020 eodem
2625 965 2748 1035 ipso
2779 980 2969 1019 errore
2998 980 3262 1018 manans.
3299 964 3357 1019 Si
3386 964 3512 1036 quis
3551 965 3705 1019 enim

2002 1071 2107 1126 per
2136 1054 2400 1108 morbum
2427 1069 2664 1125 corpore
2696 1052 2993 1119 dissoluto,
3026 1052 3204 1106 fessus
3234 1053 3303 1105 ab
3357 1052 3588 1120 itinere,
3644 1070 3707 1107 ac

2002 1148 2162 1215 peste
2196 1142 2548 1197 semianimis
2582 1143 2642 1195 in
2687 1142 2777 1195 via
2801 1143 3006 1211 jaceat,
3038 1141 3183 1196 nihil
3212 1142 3404 1196 valens
3460 1142 3707 1213 amplius

2005 1248 2180 1304 quam
2211 1236 2519 1303 utcumque
2551 1232 2722 1284 verba
2747 1231 3021 1301 proferre,
3056 1230 3147 1284 cui
3188 1230 3368 1301 prosit
3420 1231 3492 1284 ad
3536 1231 3704 1284 strin-

2005 1322 2257 1392 gendum
2288 1337 2490 1391 corpus
2504 1319 2693 1391 pirum
2716 1319 2857 1387 dari,
2886 1323 3054 1390 teque
3079 1323 3473 1374 transeuntem
3501 1324 3563 1374 ut
3578 1319 3707 1373 sub-

2003 1409 2199 1463 venias
2229 1414 2371 1476 oret,
2404 1413 2574 1480 atque
2606 1409 2861 1461 obsecret
2905 1412 2970 1461 ut
3014 1408 3082 1461 de
3114 1408 3313 1462 arbore
3366 1408 3647 1479 proxima,
3675 1426 3706 1461 a

2006 1514 2120 1570 qua
2156 1498 2315 1551 nullo
2340 1498 2612 1564 humano,
2638 1496 2796 1549 nullo
2824 1496 3073 1566 denique
3104 1511 3238 1549 vero
3273 1496 3402 1565 jure
3434 1496 3705 1566 prohibe-

2005 1586 2104 1652 ris,
2135 1601 2376 1656 pomum
2403 1586 2604 1639 afferas
2634 1583 2877 1650 homini,
2906 1587 3033 1655 post
3061 1584 3363 1655 paululum
3416 1583 3529 1637 nisi
3556 1584 3704 1637 fece-

2006 1676 2082 1729 ris
2112 1675 2430 1741 moritnro;
2464 1678 2522 1727 tu
2552 1672 2639 1725 vir
2667 1672 3009 1727 christianus
3056 1675 3111 1726 et
3158 1675 3387 1725 sanctus
3442 1671 3708 1726 transibis

2006 1764 2217 1836 potius,
2248 1768 2305 1818 et
2334 1762 2629 1817 hominem
2657 1761 2735 1815 sic
2758 1762 3025 1815 affectum
3064 1765 3515 1832 precantemque
3548 1761 3705 1815 dese-

2006 1868 2117 1922 res,
2147 1868 2218 1906 ne
2248 1852 2418 1906 arbor
2448 1852 2635 1921 ploret
2661 1850 2797 1903 dum
2822 1849 3038 1903 fructus
3064 1849 3335 1914 demitur,
3355 1853 3410 1902 et
3436 1853 3497 1902 tu
3516 1848 3705 1919 signa-

2007 1941 2119 1995 culi
2171 1940 2476 1995 dissolutor
2531 1939 2600 1994 ad
2652 1954 2848 2010 poenas
2915 1937 3250 1993 manichaeis
3314 1937 3632 1992 destineris.
3688 1936 3704 1970 ¹

2007 2031 2049 2085 Ο
2082 2046 2267 2084 mores
2296 2033 2351 2083 et
2377 2028 2763 2083 innocentiam
2794 2028 3145 2098 singularem
3170 2033 3180 2081 !

2080 2122 2165 2173 59.
2189 2119 2295 2173 Sed
2320 2118 2441 2189 jam
2474 2118 2541 2172 de
2564 2133 2701 2171 nece
2718 2116 3053 2171 animalium
3081 2115 3373 2188 requiram
3405 2116 3559 2187 quod
3583 2132 3707 2171 mo-

2006 2210 2119 2273 vet,
2151 2211 2208 2261 et
2234 2208 2413 2260 multa
2436 2206 2666 2277 quidem
2700 2204 3034 2276 hujusmodi
3067 2204 3241 2258 etiam
3278 2204 3339 2257 in
3367 2204 3474 2258 hoc
3494 2220 3707 2276 genere

2007 2295 2117 2351 dici
2143 2299 2399 2366 possunt.
2437 2296 2579 2348 Nam
2610 2294 2749 2366 quid
2780 2293 2961 2348 oberit
2983 2293 3190 2347 anima:
3211 2293 3349 2363 lupi,
3386 2294 3486 2363 qui
3506 2294 3707 2365 lupum

2006 2384 2395 2439 interfecerit:
2428 2400 2557 2437 cum
2589 2388 2645 2437 et
2674 2384 2843 2454 lupus
2874 2382 2992 2449 ille,
3024 2382 3300 2453 quamdiu
3329 2381 3486 2449 vivit,
3539 2383 3710 2452 lupus

2008 2472 2233 2527 futurus
2264 2473 2355 2540 sit,
2388 2488 2493 2527 nec
2532 2472 2635 2526 ulli
2668 2472 3028 2542 obtemperet
3084 2471 3466 2542 praedicatori,
3522 2476 3586 2525 ut
3612 2471 3712 2525 ali-

2010 2565 2290 2633 quantum
2322 2562 2391 2615 ab
2412 2561 2605 2616 ovium
2639 2561 2921 2630 sanguine
2944 2564 3225 2631 temperet
3251 2578 3265 2628 ;
3299 2564 3355 2614 et
3375 2576 3435 2614 ex
3470 2560 3568 2614 illo
3587 2561 3709 2614 vin-

2007 2652 2134 2704 culo
2156 2650 2432 2719 corporis,
2467 2650 2660 2703 anima
2690 2649 3003 2703 secundum
3036 2665 3136 2702 vos
3168 2649 3484 2716 rationalis,
3526 2649 3710 2703 inter-

2007 2739 2152 2793 fecta
2166 2738 2355 2793 bellua
2384 2736 2695 2792 liberetur?
2728 2739 2791 2791 Et
2804 2737 2873 2791 ab
2892 2738 2995 2790 hac
3010 2737 3239 2808 quidem
3253 2738 3403 2791 caede
3420 2736 3710 2791 auditores

2009 2829 2179 2882 etiam
2204 2831 2421 2881 vestros
2450 2826 2764 2897 prohibetis
2796 2843 2808 2881 :
2858 2825 3042 2896 major
3098 2825 3249 2879 enim
3282 2825 3505 2879 videtur
3535 2841 3707 2895 quam

2007 2918 2069 2973 in
2098 2917 2418 2973 arboribus.
2454 2917 2554 2972 Hic
2582 2921 2794 2971 vestros
2825 2932 3042 2982 sensus,
3089 2932 3394 2987 corporeos
3427 2915 3707 2982 videlicet,

2008 3024 2123 3062 non
2155 3007 2401 3060 multum
2431 3004 2716 3077 improbo.
2751 3005 3018 3059 Videmus
3048 3005 3202 3060 enim
3234 3008 3289 3058 et
3317 3004 3548 3059 vocibus
3579 3021 3709 3058 sen-

2007 3097 2202 3163 timus,
2237 3111 2366 3149 cum
2380 3096 2574 3150 dolore
2587 3094 2733 3148 mori
2756 3094 3089 3161 animantia,
3116 3094 3269 3165 quod
3288 3093 3520 3164 quidem
3535 3094 3707 3148 homo

2009 3184 2322 3239 contemnit
2350 3184 2410 3237 in
2440 3183 2640 3251 bestia,
2672 3200 2801 3237 cum
2832 3200 2944 3255 qua
2977 3183 3188 3237 scilicet
3218 3184 3553 3237 rationalem
3585 3183 3708 3237 ani-

2009 3290 2165 3329 mam
2195 3290 2317 3328 non
2354 3273 2620 3338 habente,
2666 3272 2826 3326 nulla
2878 3272 3020 3343 legis
3064 3272 3330 3327 societate
3385 3272 3706 3342 copulatur.

2009 3366 2117 3421 Sed
2152 3366 2378 3419 eosdem
2430 3368 2648 3418 vestros
2700 3378 2897 3417 sensus
2953 3362 3015 3417 in
3065 3364 3356 3417 intuendis
3405 3362 3705 3417 arboribus

2009 3469 2228 3524 quaero,
2261 3456 2317 3508 et
2344 3469 2439 3508 vos
2468 3468 2645 3506 caecos
2676 3468 2911 3523 prorsus
2956 3451 3206 3506 invenio.
3242 3452 3313 3505 Ut
3342 3450 3496 3504 enim
3542 3450 3708 3504 omit-

2007 3545 2123 3596 tam
2155 3540 2310 3614 quod
2339 3540 2511 3594 nullis
2540 3539 2791 3595 motibus
2814 3540 2875 3593 in
2892 3539 3049 3611 ligno
3074 3554 3272 3593 sensus
3294 3538 3506 3593 doloris
3532 3555 3707 3608 appa-

2006 3635 2114 3696 ret,
2158 3629 2294 3700 quid
2351 3628 2709 3683 manifestius
2744 3644 2915 3699 quam
2970 3632 3107 3682 tunc
3160 3644 3218 3681 se
3258 3626 3472 3697 optime
3498 3626 3709 3679 habere

2006 3718 2268 3772 arborem
2298 3733 2429 3771 cum
2461 3716 2634 3789 viget,
2667 3732 2796 3770 cum
2827 3716 3077 3783 frondet,
3127 3732 3257 3769 cum
3288 3714 3526 3768 floribus
3553 3715 3702 3781 laeta,

2003 3807 2280 3863 fructibus
2298 3807 2571 3877 opulenta
2592 3808 2711 3861 est?
2731 3808 2801 3860 At
2822 3807 2930 3860 hoc
2950 3806 3002 3860 ei
3022 3807 3362 3877 plerumque
3373 3820 3437 3858 ac
3459 3804 3706 3859 maxime

2002 3896 2297 3969 putatione
2318 3900 2639 3968 praestatur.
2690 3896 2853 3961 Quod
2883 3895 2930 3949 si
2972 3895 3188 3949 ferrum
3229 3893 3308 3948 sic
3352 3894 3603 3961 sentiret,
3647 3898 3711 3948 ut

2003 3987 2193 4053 vultis,
2218 3986 2642 4041 contabesceret
2671 3985 2860 4055 potius
2888 3988 2972 4039 tot
3014 3984 3300 4054 tantisque
3350 3982 3547 4037 affecta
3598 3984 3711 4037 vul-

2004 4075 2254 4141 neribus,
2286 4090 2461 4146 quam
2484 4089 2551 4128 ex
2571 4074 2685 4127 illis
2701 4073 3168 4143 pullulanslocis,
3196 4077 3313 4126 tam
3343 4078 3496 4127 certa
3519 4071 3698 4125 exsul-

2003 4163 2221 4218 tatione
2252 4179 2312 4216 re
2322 4162 2639 4215 viresceret.

2076 4256 2162 4308 60.
2187 4255 2591 4306 Verumtamen
2634 4267 2735 4306 cur
2768 4252 2952 4323 majus
3001 4250 3158 4305 nefas
3194 4248 3407 4320 putatis
3438 4247 3707 4302 animalia

2003 4358 2174 4414 quam
2208 4341 2413 4412 stirpes
2433 4341 2672 4408 caedere,
2691 4357 2823 4395 cum
2841 4341 2954 4394 illae
2975 4339 3134 4393 vobis
3145 4338 3438 4409 puriorem
3454 4336 3703 4390 animam

2005 4447 2179 4503 quam
2204 4447 2400 4486 carnes
2430 4431 2641 4486 habere
2673 4429 3018 4485 videantur?
3056 4427 3160 4491 Fit,
3192 4426 3401 4498 inquit,
3434 4441 3705 4496 compen-

2002 4520 2147 4574 satio
2175 4522 2460 4592 qutedam,
2495 4536 2626 4574 cum
2652 4535 2876 4585 eorum,
2905 4534 3035 4588 quae
3066 4517 3135 4571 de
3164 4515 3316 4587 agris
3342 4513 3701 4581 auferuntur,

2000 4624 2134 4679 pars
2174 4608 2367 4680 aliqua
2422 4608 2590 4662 datur
2630 4605 2821 4660 electis
2868 4603 3192 4675 sanctisque
3232 4601 3549 4673 purganda.
3581 4602 3704 4656 Jam

2002 4697 2265 4768 superius
2294 4697 2402 4751 ista
2434 4697 2701 4751 frustrata
2748 4697 2899 4758 sunt,
2958 4692 3207 4763 satisque
3251 4691 3704 4746 demonstratum

2003 4791 2105 4853 est,
2140 4790 2419 4858 quantum
2450 4784 2731 4851 existimo,
2763 4783 2922 4837 nulla
2953 4782 3169 4837 ratione
3203 4780 3312 4835 dici
3339 4782 3469 4853 plus
3499 4797 3619 4835 esse
3646 4780 3703 4834 in

2002 4877 2263 4948 frugibus
2309 4873 2488 4947 partis
2534 4873 2686 4927 illius
2710 4872 2877 4927 bona;
2908 4888 3082 4944 quam
3111 4871 3169 4925 in
3202 4870 3486 4925 carnibus.
3520 4870 3626 4925 Sed
3660 4870 3704 4922 si

2001 4964 2314 5019 vendendis
2353 4962 2620 5017 carnibus
2650 4961 2862 5015 victum
2917 4960 3160 5032 quisque
3191 4963 3491 5027 sustentet,
3527 4962 3701 5028 atque

2004 5070 2174 5109 omne
2203 5053 2329 5107 talis
2362 5051 2575 5124 negotii
2602 5052 2823 5105 lucrum
2854 5050 2912 5104 in
2944 5050 3201 5105 emendis
3248 5048 3557 5102 electorum
3609 5062 3703 5099 ve-

2003 5147 2251 5197 strorum
2282 5141 2422 5197 cibis
2452 5146 2767 5211 consumat,
2800 5140 3105 5212 pluresque
3130 5137 3250 5192 istis
3267 5137 3469 5190 afferat
3497 5134 3705 5188 sanctis

2003 5248 2155 5287 escas
2185 5247 2358 5303 quam
2414 5230 2661 5303 agricola
2690 5235 2747 5285 et
2778 5230 3054 5296 rusticus;
3095 5242 3284 5283 nonne
3316 5224 3512 5279 eadem
3544 5240 3701 5278 com-

2072 5386 2086 5419 ¹
2117 5383 2333 5443 Lov.,ad
2343 5395 2523 5447 paena:
2535 5382 2833 5433 Manichaeis
2853 5381 3155 5447 destinerts.
3180 5374 3669 5447 Mssqmqnichrrtqs
3691 5394 3702 5435 ;

2002 5446 2053 5496 id
2087 5450 2182 5511 est,
2206 5441 2702 5511 quas'minitabatur
2732 5444 3052 5511 Manichacus
3082 5458 3092 5492 :
3120 5456 3298 5507 supra,
3324 5454 3375 5489 n.
3404 5442 3480 5490 55.
3514 5441 3700 5491 -Μα-

2001 5508 2237 5570 nicha’is,
2259 5508 2410 5571 juxta
2435 5510 2518 5558 Er.
2551 5512 2602 5559 et
2624 5508 2754 5558 Ven.
2787 5508 2852 5557 M.
