3970 6146
377 159 506 212 1371

375 275 715 347 pensatione
745 273 855 328 sibi
883 272 1202 328 animantia
1233 271 1400 327 licere
1425 271 1706 343 perimere
1739 269 2080 327 clamitabit?

373 366 487 433 Est,
519 364 728 436 inquit,
754 363 864 418 alia
893 362 1157 434 quaedam
1179 361 1553 416 secretissima
1576 361 1742 416 ratio.
1769 362 1892 416 Non
1921 361 2074 416 enim

368 453 529 508 deest
580 450 804 507 homini
859 449 1062 505 callido
1119 449 1387 503 adversus
1439 447 1696 502 indoctos
1742 448 1803 502 in
1851 452 2072 502 natura:

377 540 720 596 obscuritate
747 538 1092 610 perfugium.
1120 537 1385 592 leestes
1415 535 1590 600 enim,
1624 537 1721 603 ait,
1763 536 2071 607 principes,

375 629 475 702 qui
504 629 572 684 de
600 633 766 699 gente
795 627 1156 682 tenebrarum
1183 625 1332 696 capti
1378 629 1546 696 atque
1575 625 1767 692 vincti,
1801 643 1834 679 a
1865 625 2076 682 Condi-

380 723 502 773 tore
533 717 733 771 mundi
764 716 825 770 in
865 715 976 769 illis
1024 714 1270 769 ordinati
1325 720 1456 769 sunt
1497 714 1653 780 locis,
1702 731 1804 769 sua
1833 714 2074 786 quisque

381 806 636 877 possidet
662 805 718 858 in
749 807 901 858 terra
925 803 1216 869 animalia,
1250 803 1320 857 de
1371 819 1472 858 suo
1503 803 1712 857 scilicet
1760 819 1968 873 genere
2009 818 2073 857 ac

381 895 556 965 stirpe
585 892 904 947 venientia:
929 892 1028 963 qui
1060 895 1450 962 peremptores
1478 908 1674 946 eorum
1700 907 1826 946 reos
1855 895 2072 956 tenent,

373 999 475 1036 nec
503 982 573 1037 de
603 982 708 1036 hoc
738 981 956 1035 mundo
987 980 1138 1034 exire
1190 981 1547 1050 permittunt,
1601 979 1898 1052 pinnisque
1945 980 2073 1034 illos

377 1071 585 1144 quibus
619 1075 877 1140 possunt,
912 1074 968 1124 et
997 1069 1340 1124 cruciatibus
1366 1075 1637 1124 atterunt.
1671 1070 1808 1135 Quis
1835 1069 2070 1140 imperi-

368 1165 561 1215 torum
591 1161 712 1215 hinc
735 1175 853 1213 non
883 1159 1168 1226 formidet,
1202 1163 1257 1212 et
1278 1158 1378 1229 qui
1423 1158 1482 1212 in
1523 1163 1681 1212 tanta
1731 1158 2071 1212 obscuritate

367 1250 511 1305 nihil
542 1250 714 1312 videt,
745 1250 851 1303 hoc
877 1248 957 1302 ita
988 1254 1050 1302 ut
1075 1247 1418 1303 dicituresse
1439 1263 1556 1301 non
1583 1243 1894 1302 arbitretur
1915 1247 1942 1301 Ὺ
1962 1247 2070 1302 Sed

368 1355 473 1409 ego
502 1337 832 1392 institutum
864 1353 978 1390 non
1010 1336 1336 1406 relinquam
1384 1351 1601 1403 meum,
1643 1335 1734 1388 cui
1765 1337 1911 1389 Deus
1941 1336 2065 1390 ade-

367 1426 462 1493 rit,
494 1429 558 1480 ut
587 1425 944 1496 apertissima
987 1424 1222 1479 veritate
1271 1424 1512 1478 obscura
1556 1424 1854 1478 mendacia
1896 1423 2067 1478 refel-

366 1514 578 1568 lantur.

436 1605 524 1657 61.
559 1603 764 1667 Quaero
805 1601 982 1668 enim,
1012 1601 1058 1655 si
1090 1600 1362 1656 animalia
1381 1617 1512 1672 quae
1542 1601 1604 1655 in
1634 1600 1800 1654 terris
1827 1603 1961 1656 sunt
2013 1605 2068 1655 et

370 1691 429 1746 in
463 1691 642 1763 aquis,
679 1691 748 1744 de
777 1691 872 1744 illo
903 1705 1112 1761 genere
1143 1689 1466 1760 principum
1519 1705 1622 1760 per
1651 1689 2067 1744 successionem

365 1781 547 1852 prolis
576 1783 631 1834 et
651 1779 1042 1851 operationem
1070 1778 1405 1833 concubitus
1421 1778 1674 1843 veniunt,
1706 1793 1837 1833 cum
1857 1778 2068 1832 adillos

369 1869 656 1924 abortivos
686 1869 832 1924 fetus
890 1872 1188 1923 revocatur
1233 1867 1394 1939 origo
1424 1867 1820 1934 nascentium;
1849 1884 2065 1938 quaero,

364 1957 625 2030 inquam,
657 1958 704 2012 si
731 1958 809 2012 ita
835 1960 941 2026 est,
970 1961 1166 2012 utrum
1179 1973 1333 2027 apes,
1371 1961 1427 2010 et
1453 1973 1646 2023 ranas,
1670 1955 1848 2011 etalia
1863 1957 2064 2024 multa,

362 2063 490 2118 qua:
504 2046 944 2102 sine'coneubitu
976 2045 1315 2118 gignuntur,
1347 2061 1464 2100 non
1486 2045 1560 2100 sit
1589 2045 1749 2100 nefas
1779 2045 2067 2100 occidere?

366 2133 533 2189 Nefas
564 2151 685 2190 esse
711 2134 915 2190 dicitis.
941 2135 1065 2189 Non
1080 2150 1216 2206 ergo
1236 2137 1471 2205 propter
1491 2135 1889 2206 cognationem
1905 2135 2066 2206 prin-

367 2222 560 2293 cipum
585 2223 776 2278 nescio
809 2239 1079 2294 quorum,
1104 2223 1174 2277 ab
1203 2223 1586 2278 animantium
1616 2240 1754 2278 nece
1775 2224 2066 2279 auditores

366 2315 584 2365 vestros
622 2310 957 2382 prohibetis.
1015 2313 1127 2366 Aut
1179 2309 1227 2364 si
1282 2312 1609 2382 generalem
1666 2313 2066 2383 cognationem

371 2400 631 2454 omnium
661 2416 784 2454 esse
814 2415 1120 2470 corporum
1172 2399 1378 2468 dicitis,
1439 2400 1671 2455 arbores
1728 2417 1958 2472 quoque
1995 2401 2065 2455 ad

366 2489 628 2543 eamdem
653 2487 982 2560 principum
1011 2489 1384 2544 offensionem
1409 2489 1792 2560 proculdubio
1811 2489 2063 2560 pertine-

365 2578 532 2647 bunt,
561 2577 768 2648 quibus
797 2593 1031 2648 parcere
1054 2593 1166 2632 non
1188 2581 1272 2632 est
1297 2578 1634 2633 mandatum
1663 2577 2062 2634 auditoribus'.

360 2665 600 2721 Reditur
625 2683 762 2737 ergo
793 2667 861 2721 ad
887 2667 1025 2722 illud
1056 2667 1394 2736 invalidum,
1441 2684 1508 2721 ea
1550 2683 1679 2740 quae
1710 2667 1769 2722 in
1790 2667 2064 2739 stirpibus

369 2755 663 2811 auditores
691 2756 929 2823 laedunt,
962 2755 1176 2829 expiari
1204 2772 1309 2828 per
1337 2757 1554 2811 fructus
1607 2773 1753 2828 quos
1780 2757 1852 2812 ad
1883 2757 2064 2811 eccle—

364 2844 507 2899 siam
545 2849 788 2900 vestram
812 2845 1022 2900 ferunt.
1056 2844 1283 2901 Dictum
1317 2848 1402 2900 est
1427 2845 1584 2899 enim
1613 2845 1725 2900 hoc
1745 2845 1937 2913 modo,
1967 2861 2065 2900 eos

368 2934 468 3006 qui
496 2933 558 2988 in
587 2935 827 2988 macello
850 2934 1070 2989 laniant
1097 2933 1370 2988 animalia
1393 2949 1706 3005 carnesque
1743 2934 2060 3003 venditant,

368 3023 413 3077 si
443 3022 613 3078 vestri
642 3023 928 3077 auditores
958 3022 1090 3091 sint,
1134 3038 1349 3093 suaque
1377 3023 1536 3077 lucra
1564 3022 1908 3092 comparatis
1944 3023 2061 3077 fru-

357 3111 525 3183 gibus
549 3110 712 3165 vobis
738 3111 1053 3180 conferant,
1083 3111 1295 3166 ceedem
1321 3111 1480 3166 illam
1511 3110 1904 3182 quotidianam
1955 3111 2062 3166 sibi

356 3199 532 3254 licere
563 3204 972 3267 comtemnere,
1032 3205 1088 3254 et
1143 3199 1425 3271 quidquid
1475 3199 1534 3254 in
1597 3216 1662 3254 ea
1687 3199 1902 3270 peccati
1955 3204 2057 3264 est,

362 3287 561 3343 vestris
589 3289 775 3360 epulis
804 3287 1037 3343 aboleri.

431 3381 519 3433 62.
552 3377 713 3442 Quod
738 3377 785 3432 si
809 3377 1043 3446 dicatis,
1063 3376 1554 3448 quemadmodum
1587 3377 1657 3432 de
1684 3376 1872 3449 pomis
1901 3380 1957 3433 et
1992 3378 2061 3432 de

361 3468 630 3535 oleribus,
663 3467 1078 3523 conferendum
1106 3467 1280 3522 fuisse
1292 3471 1359 3522 ut
1375 3466 1806 3522 illainterfectio
1835 3467 2059 3523 veniam

360 3561 715 3623 mereretur;
751 3557 904 3628 quod
935 3557 1072 3628 quia
1101 3555 1225 3611 fieri
1272 3572 1391 3610 non
1444 3560 1634 3627 potest
1664 3555 1849 3627 (electi
1903 3557 2057 3611 enim

363 3662 482 3701 non
509 3646 688 3700 edunt
719 3645 1006 3716 carnem),
1037 3644 1478 3716 temperandum
1504 3660 1624 3700 esse
1648 3644 1999 3699 auditoribus
2028 3663 2061 3700 a

361 3749 499 3787 nece
525 3732 861 3786 animalium
895 3749 908 3786 :
942 3733 1078 3803 quid
1137 3733 1556 3803 respondebitis
1585 3734 1654 3788 de
1703 3732 1881 3804 spinis
1935 3734 2060 3789 her-

360 3820 564 3890 bisque
595 3819 912 3885 inutilibus,
941 3835 1084 3889 quas
1126 3821 1416 3874 evellendo
1447 3820 1506 3874 in
1539 3821 1688 3891 agris
1742 3823 2059 3893 purgandis

362 3907 626 3979 agricolae
657 3911 880 3974 necant,
911 3922 1016 3961 nec
1045 3923 1114 3962 ex
1140 3907 1230 3962 his
1282 3908 1443 3962 vobis
1483 3913 1720 3978 possunt
1747 3909 1901 3964 cibos
1953 3912 2056 3966 ali-

353 4013 497 4069 quos
535 3995 804 4050 exhibere
822 3997 851 4050 ?
883 3995 1177 4060 Quomodo
1203 3996 1275 4051 ad
1304 3996 1530 4051 veniam
1559 3997 1874 4069 pertinebit
1901 4003 2060 4055 tanta

359 4085 622 4151 vastatio,
656 4085 806 4140 unde
855 4085 1016 4139 nulla
1062 4089 1146 4139 est
1194 4101 1321 4140 esca
1363 4086 1738 4142 sanctorum?
1778 4089 1864 4142 An
1911 4087 2057 4144 forte

361 4174 639 4246 quidquid
677 4176 972 4246 peccatum
1001 4173 1175 4228 fuerit
1188 4177 1252 4228 ut
1271 4173 1465 4245 fruges
1486 4179 1724 4245 etpoma
1734 4175 2056 4246 proficiant,

361 4268 420 4319 et
449 4265 518 4319 de
545 4263 684 4334 ipsis
715 4263 978 4334 frugibus
1009 4266 1066 4318 et
1094 4262 1281 4334 pomis
1310 4262 1526 4334 aliquid
1562 4265 1916 4321 comedendo
1945 4267 2057 4321 dis-

359 4352 622 4408 solvitis?
651 4352 796 4418 Quid
821 4352 871 4408 si
903 4367 1042 4423 ergo
1064 4368 1230 4424 agros
1260 4352 1493 4406 locusta:
1525 4357 1626 4407 aut
1662 4369 1855 4410 mures
1885 4358 1940 4410 et
1969 4371 2058 4410 so-

364 4442 508 4496 rices
537 4447 780 4510 vastant,
813 4442 969 4514 quod
1015 4458 1168 4514 sazpe
1229 4441 1480 4497 accidere
1527 4443 1897 4499 manifestum
1927 4447 2060 4500 est?

355 4531 596 4600 impune
623 4531 694 4585 ab
723 4531 976 4602 agricola
1003 4536 1186 4586 vestro
1210 4531 1466 4586 auditore
1491 4531 1867 4601 necabuntur,
1923 4533 2061 4604 quia

359 4619 487 4674 ideo
516 4623 713 4689 peccat
742 4624 808 4672 ut
856 4619 1072 4674 fructus
1103 4619 1453 4691 proficiant?
1483 4621 1579 4676 Hic
1626 4625 1774 4676 certe
1811 4626 2057 4676 coarcta-

357 4706 524 4762 mini.
555 4708 670 4760 Aut
700 4705 851 4760 enim
879 4708 1189 4763 conceditis
1218 4709 1576 4766 auditoribus
1605 4709 2058 4766 interfectionem

359 4794 718 4859 animalium,
749 4809 923 4863 quam
953 4800 1140 4852 vester
1163 4802 1360 4854 auctor
1387 4799 1695 4854 concedere
1722 4799 1926 4867 noluit,
1962 4805 2062 4856 aut

354 4902 449 4940 eos
479 4885 549 4940 ab
581 4881 929 4954 agricultura
961 4884 1134 4939 etiam
1160 4887 1556 4956 prohibebitis,
1607 4904 1781 4959 quam
1803 4888 1898 4942 ille
1929 4905 2062 4944 con-

350 4975 540 5031 cessit.
567 4974 905 5043 Quanquam
936 4988 1086 5043 saepe
1117 4974 1288 5030 etiam
1321 4977 1508 5032 dicere
1554 4977 1811 5032 audeatis
1835 4978 2058 5033 fenera-

347 5068 531 5120 torem
555 5059 1005 5117 innocentiorem
1026 5077 1148 5115 esse
1175 5079 1346 5134 quam
1370 5066 1680 5133 rusticum;
1706 5083 1885 5138 usque
1916 5067 2060 5122 adeo

355 5153 682 5208 melonibus
702 5167 880 5223 quam
901 5149 1235 5207 hominibus
1255 5153 1389 5209 estis
1412 5155 1732 5210 amiciores.
1748 5155 1805 5211 Si
1828 5155 2060 5228 quidem

423 5298 436 5330 ¹
465 5296 612 5356 Lov.,
633 5295 957 5345 auctoribus.
985 5294 1087 5344 Alii
1114 5292 1260 5355 Cdd.,
1282 5297 1635 5348 auditoribus.
1668 5297 1840 5347 Lectio
1875 5297 2062 5355 verior,

350 5357 656 5423 tametsiad
687 5358 811 5423 Lo_v.
855 5359 920 5423 in,
941 5357 1235 5423 marginem
1291 5359 1494 5423 rejecta.
1541 5361 1613 5410 De
1653 5360 2063 5411 Manichaeorum
2120 5365 2128 5375 '

357 5419 690 5469 auditoribus
719 5420 874 5482 plura
907 5421 992 5471 hic
1021 5419 1239 5483 passim.

1332 155 1426 209 DE
1465 154 1778 210 MORIBUS
1816 151 2390 219 MANICH/EORUM,
2433 151 2489 208 s.
2532 148 2918 207 AUGUSTINI
3653 167 3730 218 ,3η

2185 270 2268 324 illi
2300 286 2371 324 ne
2424 268 2730 336 laedantur,
2791 267 2995 324 melius
3025 268 3288 340 judicatis
3335 271 3578 327 hominem
3616 277 3731 330 tenore

2185 359 2460 414 trucidari
2474 357 2769 414 .llaeecine
2789 361 2874 413 est
2900 359 3239 430 appetenda,
3261 364 3316 414 et
3337 362 3734 434 praedicandajusu

2185 448 2283 514 tia,
2315 465 2388 502 an
2417 448 2611 518 potius
2636 448 2978 502 exsecranda
3008 452 3062 502 et
3089 448 3401 503 damnanda
3412 447 3622 503 fallacia?
3646 453 3733 505 Hac-

2185 537 2311 591 cine
2367 541 2452 591 est
2505 536 2899 592 misericordia
2953 537 3355 605 memorabilis,
3407 553 3469 592 an
3508 542 3737 595 exsecranda

2184 625 2377 696 potius
2402 625 2730 680 immanitas
2747 627 2774 680 7

2257 718 2341 770 63.
2374 714 2523 778 Quid
2554 715 2706 786 quod
2738 730 2771 769 a
2801 730 2938 768 nece
2968 714 3299 770 animalium
3315 731 3411 769 nec
3431 731 3515 770 vos
3538 715 3739 787 ipsiinpe-

2184 801 2385 857 diculis
2415 806 2473 857 et
2495 802 2786 873 pulicibus
2799 807 2855 858 et
2871 803 3166 859 cimicibus
3183 805 3532 876 temperatis?
3555 806 3740 875 Magnam-

2182 907 2295 962 que
2323 891 2495 961 hujus
2520 891 2604 946 rei
2628 891 3018 948 defensionem
3046 893 3278 964 putatis,
3304 893 3445 964 quod
3469 892 3554 948 has
3576 908 3662 948 esse
3681 910 3739 946 sor-

2182 981 2279 1035 des
2307 985 2634 1036 nostrorum
2664 998 2975 1052 corporum
3006 982 3211 1037 dicitis.
3253 982 3406 1048 Quod
3439 982 3594 1054 primo
3628 989 3740 1052 aperte

2179 1068 2386 1124 falsum
2417 1071 2485 1124 de
2511 1071 2698 1141 pulice
2720 1075 2776 1125 et
2795 1071 2995 1125 cimice
3026 1071 3256 1126 dicitur.
3289 1072 3396 1127 Cur
3422 1071 3551 1125 enim
3577 1087 3660 1124 non
3675 1087 3741 1124 ma-

2181 1157 2451 1212 nifestum
2510 1163 2594 1213 est
2647 1159 2770 1214 hinc
2824 1158 3100 1214 animalia
3130 1176 3244 1214 non
3277 1160 3344 1214 de
3398 1163 3561 1213 nostro
3596 1175 3743 1228 corpore

2179 1247 2417 1302 existere
2436 1246 2463 1302 Ἰ
2489 1247 2704 1303 Deinde
2734 1247 2780 1302 si
2811 1249 3179 1304 concubitum
3205 1248 3563 1303 vehementius
3586 1263 3743 1300 exsecra-

2180 1335 2345 1404 mini,
2373 1337 2524 1407 quod
2556 1337 2802 1391 nimium
2836 1336 3022 1399 videri
3051 1338 3242 1404 vultis,
3273 1353 3370 1392 cur
3393 1353 3496 1391 non
3518 1336 3745 1391 vobismun-

2181 1425 2339 1480 diora
2366 1424 2633 1480 videntur
2661 1425 2950 1490 animalia,
2983 1443 3114 1497 qua:
3133 1426 3255 1481 sine
3269 1425 3545 1481 concubitu
3567 1425 3621 1480 de
3633 1430 3745 1478 nostra

2178 1529 2347 1568 carne
2375 1517 2735 1569 nascuntur?
2766 1531 3104 1586 quanquum
3166 1515 3322 1570 enim
3372 1519 3548 1585 postea
3584 1514 3743 1569 coeundo

2177 1603 2423 1674 pariant,
2457 1619 2576 1658 non
2605 1608 2798 1659 tamen
2850 1604 3016 1659 nobis
3044 1605 3379 1660 coeuntibus
3404 1605 3465 1659 de
3509 1609 3656 1658 nostro
3675 1619 3744 1654 coro

2178 1706 2318 1761 pore
2349 1691 2538 1762 primo
2569 1696 2901 1748 nascuntur.
2956 1694 3080 1748 Jam
3136 1709 3296 1763 vero,
3332 1693 3376 1748 si
3399 1707 3692 1765 quaecumque
3709 1692 3744 1744 de

2177 1779 2496 1836 viventibus
2525 1781 2845 1852 gignuntur
2895 1783 3252 1854 corporibus,
3311 1781 3642 1838 sordidissima
3663 1783 3746 1832 sunt

2177 1869 2454 1938 putanda,
2486 1871 2670 1925 multo
2699 1870 2883 1942 magis
2902 1887 3287 1943 quaecumque
3315 1871 3380 1926 de
3402 1870 3618 1925 mortuis.
3636 1869 3745 1938 Impu-

2176 1958 2306 2012 nius
2327 1973 2462 2029 ergo
2493 1958 2772 2014 occiditur
2800 1960 2888 2014 vel
2919 1977 3105 2027 sorex,
3138 1961 3228 2016 vel
3263 1960 3471 2031 anguis,
3499 1959 3570 2012 vel
3592 1957 3740 2026 scorpio,

2178 2063 2321 2118 quos
2346 2047 2415 2102 de
2444 2047 2715 2102 humanis
2771 2049 3143 2105 cadaveribus
3197 2049 3370 2116 nasci,
3396 2065 3427 2103 a
3450 2047 3582 2102 vobis
3602 2044 3743 2118 potissi-

2178 2151 2338 2190 mum
2371 2137 2620 2190 solemus
2661 2137 2881 2192 audire.
2916 2138 3024 2193 Sed
3057 2139 3302 2193 obscura
3329 2138 3511 2192 omitto
3535 2141 3579 2190 et
3599 2136 3742 2189 incede

2179 2225 2258 2278 De
2288 2223 2491 2295 apibus
2520 2230 2672 2280 certe
2699 2225 2852 2280 fama
2883 2229 2964 2280 est
2988 2227 3291 2297 celebrior,
3317 2227 3458 2298 quod
3487 2226 3544 2281 de
3564 2224 3744 2279 boumca-

2176 2312 2475 2368 daveribus
2509 2314 2788 2368 oriantur.
2833 2316 2979 2385 Ergo
3027 2315 3364 2370 occiduntur
3385 2315 3606 2385 impune.
3643 2309 3743 2365 Atsi

2175 2401 2283 2455 hoc
2311 2417 2543 2473 quoque
2571 2402 2812 2458 dubium
2839 2408 2943 2470 est,
2975 2420 3148 2460 nemo
3171 2404 3288 2460 fere
3322 2405 3389 2460 de
3407 2401 3636 2458 scarabeis
3655 2397 3745 2453 dubi

2173 2492 2276 2556 tat,
2308 2489 2449 2560 quin
2475 2489 2543 2545 de
2595 2490 2734 2545 ﬁmo
2790 2490 2850 2545 in
2907 2492 3086 2562 pilam
3132 2493 3430 2548 rotundato
3477 2491 3537 2545 ab
3560 2489 3627 2544 his
3644 2491 3744 2556 atque

2175 2578 2378 2633 obruto
2401 2579 2646 2635 existant
2677 2579 2774 2648 (a).
2803 2581 2935 2636 Illac
2964 2580 3144 2652 igitur
3192 2580 3487 2636 animantia
3512 2584 3558 2632 et
3577 2577 3656 2631 alia
3672 2590 3744 2645 qua

2173 2666 2442 2738 persequi
2467 2667 2710 2739 longum
2732 2672 2836 2736 est,
2866 2669 3189 2724 sordidiora
3211 2674 3359 2725 certe
3387 2667 3572 2724 debetis
3587 2663 3741 2737 opinari.

2175 2771 2354 2826 quam
2381 2756 2678 2826 pediculos
2707 2762 2950 2825 vestros;
2981 2762 3038 2812 et
3063 2763 3263 2814 tamen
3310 2758 3405 2812 illa
3431 2756 3633 2812 occidere
3652 2751 3742 2806 nefas

2171 2844 2329 2898 vobis
2360 2843 2609 2912 videtur,
2641 2845 2730 2899 his
2764 2850 2957 2901 autem
3009 2862 3249 2917 parcere
3278 2847 3498 2901 stultum
3522 2861 3533 2899 :
3554 2840 3634 2896 nisi
3659 2839 3742 2894 forte

2171 2933 2326 3004 quod
2349 2937 2484 2986 sunt
2504 2933 2626 2988 haec
2651 2933 2921 2989 animalia
2945 2950 3120 3005 parva
3142 2933 3506 2990 contemnitis.
3533 2930 3641 2985 Sane
3654 2925 3682 2978 si
3699 2924 3743 2976 ita

2173 3025 2278 3087 est,
2311 3025 2375 3074 ut
2405 3020 2618 3076 animal
2646 3038 2760 3094 quo
2789 3022 3017 3078 brevius
3070 3027 3178 3086 est,
3239 3041 3306 3078 eo
3333 3018 3647 3090 contemptius
3674 3026 3740 3066 esse

2173 3109 2398 3176 debeat,
2425 3126 2655 3165 necesse
2692 3115 2779 3166 est
2807 3112 3091 3167 camelum
3120 3113 3348 3169 homini
3374 3107 3645 3184 praeferetis.

2244 3201 2330 3254 64.
2366 3199 2486 3254 Huc
2511 3199 2729 3256 accedit
2775 3200 2874 3256 illa
2903 3203 3189 3273 gradatio,
3239 3219 3366 3274 quae
3394 3215 3509 3255 cum
3548 3211 3624 3249 vos
3653 3188 3740 3247 audi

2171 3303 2314 3354 rem.
2365 3304 2471 3343 n03
2529 3305 2680 3360 saepe
2710 3290 2979 3346 turbavit.
3037 3291 3214 3346 Nulla
3258 3290 3405 3346 enim
3433 3303 3571 3343 causa
3602 3286 3660 3337 est
3685 3292 3739 3331 cur

2170 3381 2410 3448 propter
2431 3393 2673 3448 parvum
2704 3378 2959 3449 corporis
2987 3379 3312 3447 modulum,
3363 3377 3516 3450 pulex
3560 3366 3739 3426 necandus

2171 3466 2261 3529 sit,
2295 3483 2413 3520 non
2444 3466 2616 3522 etiam
2643 3483 2839 3522 musca
2864 3483 2993 3539 qua).
3023 3468 3085 3522 in
3103 3469 3239 3524 faba
3266 3467 3518 3541 gignitur.
3540 3464 3590 3517 Et
3609 3459 3641 3512 si
3661 3459 3737 3514 licet

2114 3559 2123 3568 ’
2171 3571 2271 3610 cur
2300 3571 2417 3610 non
2447 3555 2618 3610 etiam
2665 3555 2774 3610 ista
2822 3558 2993 3627 paulo
3023 3558 3290 3628 amplior,
3332 3557 3480 3627 cujus
3505 3554 3621 3607 certe
3658 3545 3740 3598 fellis

2173 3643 2364 3698 minor
2393 3648 2479 3698 est
2509 3660 2684 3715 quam
2714 3643 2831 3700 illa.
2861 3646 2978 3700 Hoc
3003 3644 3182 3700 etiam
3194 3645 3460 3717 sequitur,
3487 3646 3542 3695 ut
3563 3636 3651 3708 apis
3669 3646 3741 3703 φλο-

2173 3747 2285 3802 que
2317 3731 2438 3785 sine
2477 3732 2645 3802 culpa
2666 3731 3005 3803 perimatur,
3040 3733 3209 3803 cujus
3237 3732 3423 3803 pullus
3472 3727 3582 3783 huic
3618 3727 3742 3803 must?

2167 3801 2512 3888 coaequatur.
2543 3801 2685 3874 Inde
2712 3819 2782 3874 ad
2811 3819 3042 3876 locusta:
3075 3801 3304 3892 pullum
3340 3824 3394 3874 et
3415 3801 3742 3872 locustam,inde

2163 3908 2234 3962 ad
2267 3909 2492 3978 pullum
2522 3909 2700 3963 muris
2745 3913 2800 3964 et
2828 3925 3072 3965 murem.
3112 3911 3182 3965 Et
3221 3912 3309 3980 [ne
3338 3910 3552 3979 longum
3597 3896 3740 3988 faciant.

2167 4012 2360 4051 nonne
2389 3997 2592 4052 videtis
2622 3997 2712 4052 his
2741 3998 3017 4069 gradibus
3041 3999 3112 4054 ad
3161 3999 3514 4070 elephantum
3539 3995 3741 4062 perveniri.

2167 4087 2232 4138 ut
2255 4085 2493 4140 omnino
2523 4087 2776 4142 recusari
2794 4103 2913 4142 non
2926 4087 3108 4158 possit
3128 4087 3416 4160 ingentem
3431 4085 3565 4139 illam
3586 4073 3744 4160 belli}am

2167 4173 2289 4228 sine
2319 4176 2488 4247 culpa
2533 4193 2591 4230 se
2639 4176 2914 4244 occidere,
2974 4176 3238 4249 puisquis
3289 4177 3507 4248 propter
3542 4159 3744 4241 parvulum
3832 4185 3833 4249 ᾖ

2167 4217 2287 4228 "‘“"'
2321 4217 2488 4247 "“‘t"'
2533 4217 2591 4230 νυ
2640 4217 2914 4244 ννν⁸“”ν¹ν’
2975 4217 3238 4249 Γ⁸⁵⁵⁹Ὶυ¹⁵⁹
3289 4217 3499 4248 Y‘er‘
3542 4217 3615 4241 rw

2167 4279 2372 4335 corpus
2401 4263 2861 4320 interfectionem
2889 4265 3096 4336 pulicis
3124 4271 3420 4337 peccatum
3446 4274 3550 4316 esse
3589 4266 3670 4308 non
3688 4258 3745 4315 P“‘

2166 4353 2294 4406 tat?
2323 4352 2432 4408 Sed
2467 4353 2592 4425 jam
2614 4353 2788 4410 etiam
2818 4354 2889 4410 de
2917 4353 3253 4426 hujusmodi
3271 4352 3434 4424 nugis
3461 4346 3573 4403 satis
3611 4339 3744 4396 dictum

2169 4440 2438 4496 arbitror.

2168 4548 2392 4603 CAPUT
2410 4545 2599 4604 XVIII.
2626 4579 2694 4590 —
2724 4551 2810 4605 De
2837 4550 3115 4619 signaculo
3143 4552 3296 4606 sinus
3321 4552 3369 4604 et
3385 4539 3604 4613 nefandis
3625 4532 3748 4599 int/5‘"

2729 4640 2832 4694 riis
2863 4639 3313 4694 Manichzorum.

2237 4743 2330 4796 65.
2370 4742 2566 4797 Restat
2620 4742 2980 4814 signaculum
3031 4743 3214 4814 sinus,
3272 4743 3334 4797 in
3360 4754 3465 4813 quo
3498 4733 3687 4791 multum
3707 4735 3752 4814 1ης

2168 4835 2321 4884 certa
2350 4834 2434 4886 est
2461 4831 2687 4886 castitas
2729 4835 2937 4887 vestra.
2996 4833 3120 4888 Non
3169 4833 3321 4888 enim
3350 4804 3753 4906 concubiturus?d

2167 4923 2230 4973 ut
2258 4917 2430 4990 longe
2451 4923 2582 4974 ante
2631 4920 2702 4975 ab
2747 4921 3014 4993 Apostolo
3061 4922 3277 4976 dictum
3343 4923 3439 4983 est,
3471 4926 3581 4968 vere
3603 4903 3753 4993 nulla“?

2168 4985 2486 5077 Ρτοδίῖἷθῖίε
2539 5008 2580 5076 (Ι
2618 5009 2755 5063 Tim.
2789 4985 2860 5072 ίν,
2895 5009 2966 5078 3),
3018 5025 3149 5080 qua:
3207 5009 3333 5064 talis
3362 5003 3534 5077 operis
3585 5008 3670 5049 una
3705 4985 3752 5037 θέῖ

2169 5095 2409 5150 honesta
2433 5096 2710 5151 defensio.
2741 5097 2840 5151 Hic
2871 5113 2987 5152 non
3007 5097 3205 5152 dubito
3234 5113 3330 5152 vos
3352 5108 3463 5149 esse
3489 5086 3750 5143 clamatum.

2170 5184 2562 5256 invidiamque
2593 5185 2865 5256 facturos,
2896 5185 3160 5256 dicendo,
3191 5186 3488 5241 castitatem
3534 5169 3751 5256 perfectam

2172 5289 2271 5328 vos
2299 5255 2669 5329 vehementer
2700 5255 3099 5330 commendare
3130 5255 3299 5348 atque
3337 5270 3563 5334 laudare,
3594 5271 3679 5315 non
3710 5255 3752 5300 ία-

2241 5423 2314 5485 (α)
2342 5425 2459 5474 Vid.
2483 5427 2710 5476 Retract.
2748 5426 2838 5476 lib.
2864 5431 2908 5480 t.
2940 5440 3052 5490 cap.
3079 5430 3128 5482 '7,
3159 5441 3208 5476 n.
3231 5428 3274 5474 6.
