4014 6164
238 191 368 243 1373

233 325 368 365 men
438 309 668 379 nuptias
725 309 1064 381 prohibere;
1114 311 1581 384 quandoquidem
1634 312 1925 368 auditores

232 397 427 467 vestri,
460 413 707 469 quorum
739 399 888 469 apud
914 416 1012 454 vos
1036 401 1319 456 secundus
1349 405 1432 456 est
1454 402 1683 473 gradus,
1719 402 1925 456 ducere

232 492 402 559 atque
442 486 655 541 habere
703 503 817 541 non
865 488 1282 558 prohibeantur
1309 506 1550 559 ,uxores.
1608 492 1745 556 Quae
1795 506 1925 544 cum

233 591 443 646 magna
468 590 601 629 voce
633 578 687 629 et
716 571 925 646 magna
956 575 1354 647 indignatione
1382 578 1661 644 dixeritis,
1691 594 1797 648 ego
1828 594 1925 631 vos

230 664 417 719 lenius
457 663 826 735 interrogabo
860 664 927 719 ad
957 665 1110 719 hunc
1138 666 1372 720 modum
1397 683 1411 720 :
1441 683 1629 721 nonne
1661 684 1758 721 vos
1789 666 1925 721 estis

231 754 329 827 qui
362 754 512 808 ﬁlios
540 754 797 825 gignere,
836 770 903 810 eo
937 757 1089 826 quod
1124 756 1332 811 animae
1362 758 1614 828 ligentur
1642 758 1702 811 in
1734 773 1921 823 carne,

232 842 460 914 gravius
489 842 700 913 putatis
726 858 847 897 esse
875 848 1196 915 peccatum,
1230 862 1399 916 quam
1433 846 1624 917 ipsum
1653 846 1925 901 concubi-

234 931 407 986 tum?
444 931 642 985 Nonne
681 948 776 986 vos
815 932 949 987 estis
990 933 1091 1004 qui
1130 950 1233 988 nos
1271 935 1536 989 solebatis
1577 950 1833 1002 monere,
1865 938 1929 988 ut

235 1023 516 1091 quantum
555 1018 681 1073 ﬁeri
718 1027 929 1090 posset,
964 1016 1395 1077 observaremus
1427 1027 1673 1094 tempus,
1712 1039 1826 1094 quo
1858 1024 1925 1078 ad

235 1112 571 1180 conceptum
614 1110 825 1165 mulier
852 1116 981 1181 post
1019 1112 1356 1183 genitalium
1400 1113 1681 1167 viscerum
1715 1129 1927 1184 purga-

232 1196 451 1253 tionem
468 1201 602 1268 apta
622 1202 790 1265 esset,
819 1215 1003 1269 eoque
1022 1203 1286 1270 tempore
1312 1217 1346 1254 a
1374 1202 1677 1256 concubitu
1708 1206 1930 1273 tempe-

234 1301 514 1355 raremus,
544 1301 614 1340 ne
649 1286 807 1341 carni
846 1288 1038 1342 anima
1066 1288 1507 1361 implicaretur?
1539 1292 1614 1345 Ex
1644 1307 1757 1362 quo
1788 1290 1929 1344 illud

232 1375 510 1447 sequitur,
535 1379 597 1429 ut
617 1391 734 1429 non
760 1376 1072 1432 liberorum
1094 1380 1578 1448 procreandorum
1606 1396 1797 1448 causa,
1830 1378 1931 1432 sed

234 1462 504 1518 satiendte
526 1463 782 1519 libidinis
808 1465 1017 1520 habere
1046 1467 1353 1539 conjugem
1383 1468 1676 1522 censeatis.
1706 1467 1931 1538 Nuptiae

235 1556 448 1622 autem,
478 1557 545 1607 ut
586 1553 721 1624 ipsa;
761 1554 1049 1624 nuptiales
1078 1556 1285 1610 tabula:
1316 1558 1583 1626 clamant,
1616 1557 1930 1611 liberorum

233 1641 717 1710 procreandorum
762 1658 950 1710 causa,
1001 1659 1220 1697 marem
1256 1644 1648 1715 feminamque
1695 1645 1932 1715 conjun-

233 1732 408 1800 gunt:
441 1729 698 1801 quisquis
728 1746 863 1801 ergo
893 1748 1195 1801 procreare
1226 1732 1437 1787 liberos
1467 1749 1639 1803 quam
1665 1748 1933 1787 concum-

233 1816 366 1871 bere
425 1818 651 1889 gravius
694 1818 834 1873 dicit
878 1836 998 1873 esse
1052 1824 1373 1890 peccatum,
1417 1820 1686 1892 prohibet
1729 1820 1931 1892 utique

234 1906 500 1978 nuptias;
533 1911 591 1962 et
620 1922 739 1962 non
770 1908 891 1978 jam
933 1924 1186 1974 uxorem,
1220 1910 1319 1964 sed
1357 1909 1717 1964 meretricem
1765 1910 1930 1964 femi-

234 2012 367 2051 nam
389 1996 542 2063 facit,
562 2012 690 2068 quaa
706 1996 926 2051 donatis
949 1997 1057 2051 sibi
1072 1998 1240 2052 certis
1264 1998 1453 2065 rebus,
1473 1998 1592 2053 viro
1610 1999 1681 2053 ad
1702 2000 1933 2071 explen-

235 2085 366 2139 dam
394 2084 516 2155 ejus
537 2085 841 2141 libidinem
860 2085 1147 2157 jungitur.
1178 2086 1231 2141 Si
1256 2087 1410 2141 enim
1432 2104 1578 2143 uxor
1598 2091 1700 2154 est,
1734 2088 1929 2142 matri-

237 2173 499 2228 monium
536 2177 635 2228 est.
674 2175 797 2228 Non
828 2179 1020 2228 autem
1052 2175 1485 2231 matrimonium
1515 2181 1599 2231 est
1634 2176 1730 2231 ubi
1765 2177 1933 2230 datur

236 2278 411 2333 opera
432 2277 506 2317 ne
534 2262 605 2317 sit
625 2266 839 2317 mater:
867 2278 982 2317 non
1000 2262 1181 2334 igitur
1210 2280 1369 2318 uxor.
1403 2264 1676 2330 Quocirca
1702 2266 1930 2337 nuptias

236 2350 575 2421 prohibetis,
618 2367 725 2405 nec
751 2351 823 2405 ab
861 2352 968 2405 hoc
996 2351 1251 2419 crimine,
1288 2354 1439 2423 quod
1478 2353 1616 2408 olim
1655 2370 1690 2407 a
1717 2354 1931 2426 Spiritu

236 2443 434 2494 sancto
463 2439 533 2494 de
574 2438 735 2494 vobis
762 2440 1101 2511 praedictum
1142 2445 1244 2509 est,
1288 2442 1407 2496 ulla
1444 2458 1542 2496 vos
1571 2442 1791 2497 ratione
1833 2443 1929 2497 de-

238 2526 487 2583 fenditis.

308 2620 395 2673 66.
439 2618 722 2682 Jamvero,
775 2633 905 2671 cum
960 2617 1329 2673 vehementer
1382 2619 1638 2691 satagitis
1698 2636 1769 2675 ne
1828 2638 1932 2691 per

236 2705 605 2761 concubitum
657 2705 852 2761 anima
884 2705 1097 2777 ligetur
1135 2707 1195 2761 in
1233 2723 1423 2775 carne,
1467 2713 1523 2763 et
1565 2709 1933 2764 vehementer

238 2795 502 2858 asseritis,
534 2812 638 2867 per
666 2800 987 2851 sanctorum
1021 2795 1211 2850 cibum
1238 2797 1491 2851 animam
1522 2798 1589 2851 de
1618 2797 1931 2852 seminibus

235 2883 487 2951 liberari,
518 2899 709 2938 nonne
748 2882 1121 2948 conﬁrmatis,
1166 2900 1197 2936 ο
1237 2883 1455 2953 miseri,
1486 2884 1636 2955 quod
1669 2885 1738 2939 de
1773 2885 1931 2939 vobis

234 2972 501 3027 homines
523 2972 883 3044 suspicantur
900 2974 928 3026 ?
954 2972 1067 3027 Cur
1086 2972 1243 3026 enim
1269 2972 1338 3027 de
1366 2972 1575 3039 tritico,
1607 2976 1662 3027 et
1690 2974 1759 3028 de
1780 2972 1928 3041 faba,

237 3063 292 3114 et
321 3060 389 3114 de
411 3060 681 3115 lenticula
706 3061 945 3132 aliisque
971 3060 1304 3129 seminibus,
1336 3077 1467 3115 cum
1496 3062 1583 3116 his
1613 3062 1928 3130 vescimini,

236 3145 475 3203 liberare
503 3164 601 3202 vos
638 3149 781 3203 velle
813 3147 1064 3203 animam
1092 3148 1360 3216 creditur,
1396 3149 1464 3203 de
1490 3149 1821 3203 animalium
1850 3166 1933 3204 se-

237 3235 488 3290 minibus
517 3253 635 3291 non
664 3237 978 3292 credatur?
1015 3238 1138 3292 Non
1168 3236 1343 3305 enim,
1385 3241 1449 3292 ut
1485 3238 1670 3308 ipsam
1702 3254 1931 3293 carnem

238 3324 454 3379 mortui
492 3324 801 3380 animantis
831 3325 1191 3380 immundam
1235 3342 1355 3381 esse
1386 3325 1592 3393 dicitis,
1626 3327 1780 3398 quod
1812 3327 1931 3381 ani-

239 3430 393 3469 mam
420 3430 541 3469 non
567 3414 777 3480 habet;
807 3415 915 3468 hoc
944 3414 1023 3469 ita
1060 3414 1296 3485 potestis
1330 3419 1387 3469 et
1414 3415 1482 3469 de
1509 3415 1816 3470 animantis
1846 3433 1931 3470 se-

236 3502 391 3558 mine
417 3503 625 3569 dicere,
650 3502 710 3557 in
740 3518 855 3573 quo
876 3502 1151 3571 animam,
1179 3520 1307 3574 quae
1339 3503 1638 3574 apparebit
1665 3505 1725 3558 in
1746 3505 1929 3573 prole,

236 3592 563 3661 colligatam
581 3605 703 3644 esse
720 3589 980 3655 censetis,
1007 3594 1063 3644 et
1080 3590 1141 3644 in
1160 3606 1275 3662 quo
1292 3591 1471 3663 ipsius
1493 3592 1788 3647 Manichaei
1811 3593 1931 3646 ani-

235 3696 392 3736 mam
420 3678 770 3750 implicatam
799 3678 973 3733 fuisse
1002 3678 1280 3733 fatemini.
1308 3682 1374 3735 Et
1403 3680 1539 3751 quia
1554 3697 1670 3736 non
1695 3686 1935 3752 possunt

236 3768 305 3823 ab
334 3766 693 3823 auditoribus
722 3766 922 3821 vestris
939 3767 1237 3838 purganda
1260 3767 1420 3822 vobis
1449 3768 1587 3822 talia
1612 3768 1832 3823 semina
1862 3768 1934 3822 af-

235 3857 393 3926 ferri,
420 3856 548 3928 quis
571 3871 687 3910 non
710 3855 1027 3927 suspicetur
1047 3860 1323 3910 secretam
1352 3856 1420 3911 de
1442 3856 1602 3912 vobis
1627 3857 1764 3929 ipsis
1786 3857 1935 3911 inter

236 3960 335 3999 vos
355 3944 481 4000 ﬁeri
510 3945 683 3999 talem
709 3944 1139 4015 purgationem,
1163 3949 1219 4000 et
1247 3945 1375 4000 ideo
1398 3946 1530 4017 illis,
1555 3962 1627 4001 ne
1652 3964 1750 4001 vos
1772 3947 1933 4001 dese-

237 4037 384 4101 rant,
417 4034 735 4089 occultari?
765 4036 902 4098 Quae
932 4034 980 4087 si
1018 4050 1137 4088 non
1166 4034 1370 4101 facitis,
1414 4036 1568 4106 quod
1600 4036 1821 4090 utinam
1854 4036 1933 4090 ita

237 4124 330 4190 sit,
361 4122 559 4176 videtis
590 4126 784 4175 tamen
818 4124 1047 4191 quanta:
1086 4122 1395 4193 suspicioni
1429 4129 1614 4177 vestra
1657 4125 1932 4196 supersti-

234 4212 539 4282 tiozpateat,
564 4215 619 4265 et
639 4226 813 4282 quam
835 4226 953 4264 non
965 4211 1037 4265 sit
1056 4210 1383 4265 hominibus
1404 4214 1853 4267 succensendum
1874 4212 1933 4267 id

235 4300 686 4373 opininantibus,
726 4299 877 4370 quod
907 4300 975 4354 de
1018 4304 1208 4354 vestra
1236 4300 1588 4371 professione
1622 4301 1929 4373 colligitur,

232 4404 363 4445 cum
392 4405 491 4444 vos
522 4388 743 4443 animas
772 4404 873 4460 per
904 4403 1091 4443 escam
1129 4392 1184 4443 et
1221 4393 1445 4460 potum,
1480 4389 1551 4443 de
1595 4390 1931 4461 corporibus

238 4483 295 4535 et
323 4478 584 4535 sensibus
618 4478 861 4534 liberare
891 4476 1231 4549 praedicatis.
1279 4478 1420 4532 Nolo
1458 4478 1551 4532 hic
1581 4478 1795 4533 diutius
1825 4478 1932 4533 im-

236 4567 479 4636 morari;
512 4573 569 4623 et
608 4566 812 4622 videtis
851 4570 1102 4639 quantus
1133 4567 1207 4621 sit
1238 4566 1579 4621 invectionis
1614 4568 1790 4621 locus.
1824 4568 1933 4623 Sed

237 4656 375 4728 quia
399 4661 457 4711 et
494 4672 584 4711 res
612 4656 740 4711 talis
781 4660 884 4723 est,
927 4661 989 4710 ut
1020 4671 1143 4710 eam
1174 4656 1367 4727 potius
1398 4656 1731 4711 reformidet
1761 4674 1934 4728 quam

236 4745 545 4801 insectetur
565 4746 765 4813 oratio,
789 4748 845 4799 et
866 4744 1230 4816 propositum
1253 4744 1396 4799 illud
1412 4760 1607 4799 meum
1626 4761 1727 4816 per
1746 4748 1934 4799 totum

236 4848 563 4889 sermonem
598 4833 973 4888 animadverti
1001 4837 1209 4904 potest,
1246 4849 1358 4905 quo
1385 4832 1559 4888 statui
1586 4833 1731 4887 nihil
1762 4849 1932 4904 exag-

236 4938 457 4993 gerare,
503 4922 600 4977 sed
644 4923 811 4977 nudis
850 4922 1271 4993 quodammodo
1314 4922 1483 4978 rebus
1523 4926 1579 4977 et
1618 4922 1934 4977 rationibus

237 5026 429 5082 agere,
459 5014 815 5065 transeamus
844 5011 915 5065 ad
945 5010 1124 5066 aliud.

477 5100 702 5155 CAPUT
725 5101 856 5155 XIX.
891 5130 960 5139 —
987 5102 1230 5169 Flagitia
1252 5101 1689 5156 Manichzorum.

308 5191 395 5245 67.
425 5189 552 5244 Jam
592 5188 751 5243 enim
794 5188 928 5243 satis
969 5194 1208 5261 apparet
1237 5190 1429 5262 qualia
1456 5190 1571 5244 sint
1608 5190 1717 5243 tria
1745 5193 1931 5245 vestra

236 5278 546 5350 signacula.
582 5278 649 5332 Hi
672 5281 804 5332 sunt
826 5278 998 5333 vestri
1018 5294 1227 5347 mores,
1249 5279 1340 5333 hic
1356 5279 1487 5333 ﬁnis
1507 5279 1929 5334 admirabilium

234 5372 679 5440 praeceptorum,
720 5365 819 5421 ubi
849 5366 995 5422 nihil
1024 5372 1263 5436 certum,
1300 5367 1441 5422 nihil
1472 5371 1756 5431 constans,
1791 5367 1930 5422 nihil

235 5458 587 5525 rationabile,
632 5456 773 5512 nihil
819 5456 1203 5527 inculpabile:
1237 5457 1331 5513 sed
1363 5456 1557 5513 omnia
1582 5455 1773 5523 dubia,
1816 5455 1932 5511 imo

1658 189 1872 245 LIBER
1912 188 2297 245 SECUNDUS.

3603 192 3736 245 1374

2035 328 2166 367 vero
2206 312 2325 367 sine
2363 312 2717 367 dubitatione
2751 312 3071 377 falsissima,
3105 312 3297 366 omnia
3327 312 3732 383 repugnantia,

2036 401 2464 469 abominabilia,
2491 401 2753 455 absurda.
2778 401 3036 472 Denique
3059 406 3175 455 tam
3198 403 3375 456 multa
3397 406 3452 456 et
3471 407 3586 456 tam
3610 420 3735 473 gra-

2035 490 2123 543 via
2152 495 2379 561 peccata
2398 489 2459 543 in
2488 490 2576 543 his
2605 490 2856 543 moribus
2886 490 3411 560 deprehenduntur,
3445 496 3507 545 ut
3537 491 3582 545 si
3605 492 3735 563 quis

2036 595 2296 633 accusare
2319 579 2455 633 velit
2474 578 2686 640 omnia,
2715 578 2887 632 homo
2914 578 3153 649 alicujus
3176 580 3481 649 facultatis,
3508 580 3733 650 singula

2038 672 2100 721 ut
2130 668 2455 736 minimum,
2484 667 2723 739 singulis
2744 666 3132 721 voluminibus
3164 670 3360 738 possit.
3397 670 3526 723 Ilaec
3555 668 3733 739 igitur

2036 756 2084 811 si
2113 755 2492 825 custodiretis,
2533 760 2894 827 vestramque
2939 755 3257 826 impleretis
3296 758 3731 826 professionem,

2036 845 2178 899 nihil
2210 846 2369 899 vobis
2395 850 2540 899 esset
2570 845 2845 915 ineptius,
2877 844 3019 899 nihil
3052 844 3301 910 stultius,
3334 845 3477 898 nihil
3505 845 3736 916 imperi-

2037 934 2188 989 tius:
2231 951 2359 989 cum
2391 939 2584 989 autem
2612 934 2852 988 laudatis
2890 937 2947 987 et
2985 933 3196 986 docetis
3239 934 3364 999 ista,
3398 950 3501 987 nec
3530 934 3733 990 facitis.

2039 1023 2174 1093 quid
2202 1023 2359 1077 vobis
2379 1024 2655 1089 fallacius,
2681 1023 2819 1094 quid
2850 1022 3198 1089 insidiosius,
3229 1022 3363 1092 quid
3400 1022 3738 1076 malitiosius

2039 1112 2150 1167 dici
2180 1116 2277 1166 aut
2305 1112 2551 1166 inveniri
2588 1114 2823 1182 potest?

2110 1204 2195 1256 68.
2225 1202 2438 1255 Novem
2464 1218 2641 1255 annos
2668 1206 2815 1255 totos
2837 1216 3045 1270 magna
3074 1215 3209 1253 cura
3238 1204 3295 1253 et
3324 1198 3614 1269 diligentia
3638 1216 3736 1254 vos

2040 1290 2232 1345 audivi
2259 1302 2301 1357 ο,
2356 1290 2546 1343 nullus
2594 1290 2735 1344 mihi
2772 1290 3087 1343 electorum
3124 1289 3481 1342 innotescere
3522 1288 3735 1358 potuit,

2041 1379 2140 1450 qui
2166 1378 2482 1433 secundum
2510 1380 2629 1432 haec
2658 1381 2945 1449 praecepta
2974 1393 3091 1431 non
3124 1382 3223 1431 aut
3253 1378 3644 1446 deprehensus
3674 1376 3735 1430 in

2040 1470 2292 1536 peccato,
2324 1470 2423 1520 aut
2453 1470 2605 1521 certe
2637 1465 2944 1537 suspicioni
2976 1466 3233 1519 subditus
3265 1465 3455 1519 fuerit.
3492 1464 3649 1519 Multi
3679 1464 3741 1518 in

2041 1556 2169 1610 vino
2192 1559 2247 1609 et
2267 1555 2549 1617 carnibus,
2569 1555 2737 1609 multi
2754 1554 3074 1608 lavantesin
3097 1554 3315 1627 balneis
3333 1553 3550 1607 inventi
3576 1557 3736 1607 sunt.

2041 1644 2150 1699 Sed
2202 1645 2325 1698 haec
2371 1644 2762 1698 audiebamus.
2810 1643 3082 1697 Nonnulli
3126 1643 3341 1697 alienas
3382 1642 3623 1697 feminas
3653 1658 3742 1695 se-

2042 1732 2269 1786 duxisse
2302 1732 2603 1801 approbati
2629 1736 2781 1797 sunt,
2805 1732 2883 1785 ita
2904 1737 2967 1786 ut
2988 1731 3122 1785 hinc
3149 1733 3320 1801 plane
3344 1732 3605 1785 dubitare
3628 1747 3742 1785 non

2041 1820 2272 1890 possim.
2305 1820 2411 1873 Sed
2441 1820 2513 1873 sit
2542 1825 2597 1873 et
2618 1821 2740 1873 haec
2770 1819 2954 1890 magis
2984 1820 3133 1873 fama
3156 1835 3329 1889 quam
3356 1835 3576 1873 verum.
3613 1818 3741 1872 Vidi

2042 1908 2164 1978 ipse
2193 1924 2309 1961 non
2334 1909 2507 1974 solus,
2540 1908 2638 1961 sed
2668 1924 2799 1962 cum
2827 1908 2894 1961 iis
2917 1908 3016 1979 qui
3042 1908 3250 1977 partim
3276 1908 3398 1978 jam
3428 1907 3528 1961 illa
3547 1924 3746 1978 super-

2045 1996 2270 2051 stitione
2290 1995 2516 2050 liberati
2536 1996 2921 2066 sunthpartim
2943 1996 3127 2051 adhuc
3150 2000 3284 2067 opto
3304 2002 3369 2051 ut
3392 1996 3740 2064 liberentur;

2042 2084 2287 2139 vidimus
2311 2101 2447 2156 ergo
2470 2084 2532 2139 in
2553 2084 2848 2156 quadrivio
2880 2085 3257 2155 Carthaginis,
3289 2084 3349 2139 in
3380 2087 3569 2156 platea
3598 2086 3743 2140 cele-

2042 2173 2312 2240 berrima,
2331 2190 2449 2227 non
2468 2184 2669 2240 unum,
2688 2175 2782 2227 sed
2805 2173 2996 2244 plures
3019 2190 3193 2244 quam
3212 2179 3324 2228 tres
3342 2175 3549 2247 electos
3573 2174 3743 2229 simul

2042 2266 2171 2333 post
2210 2266 2567 2317 transeuntes
2597 2262 2786 2317 nescio
2832 2278 2975 2333 quas
3020 2262 3263 2316 feminas
3306 2268 3423 2316 tam
3460 2263 3744 2332 petulanti

2042 2356 2207 2422 gestu
2234 2351 2559 2421 adhinnire,
2590 2356 2656 2406 ut
2685 2351 2948 2405 omnium
2977 2350 3292 2405 trivialium
3320 2351 3742 2423 impudicitiam

2042 2440 2578 2512 impudentiamque
2618 2443 2973 2511 superarent.
3009 2439 3170 2504 Quod
3203 2440 3272 2493 de
3303 2456 3510 2510 magna
3546 2441 3741 2495 venire

2042 2530 2472 2597 consuetudine,
2504 2534 2677 2599 atque
2707 2528 2835 2582 illos
2864 2528 3014 2582 inter
3043 2544 3101 2581 se
3132 2528 3212 2581 ita
3236 2527 3422 2581 vivere
3451 2527 3585 2581 satis
3613 2527 3746 2581 emi-

2041 2618 2232 2685 nebat,
2261 2618 2727 2689 quandoquidem
2750 2618 2941 2670 nullus
2964 2616 3097 2669 socii
3119 2616 3487 2685 praesentiam
3512 2617 3741 2681 veritus,

2042 2723 2259 2772 omnes,
2294 2710 2391 2760 aut
2422 2710 2570 2760 certe
2600 2721 2747 2775 pene
2778 2720 2976 2758 omnes
3002 2704 3202 2758 eadem
3232 2704 3415 2757 teneri
3456 2708 3611 2774 peste
3660 2704 3745 2757 in-

2043 2796 2285 2849 dicabat.
2313 2795 2437 2849 Non
2464 2794 2619 2848 enim
2650 2797 2812 2848 erant
2843 2794 2903 2847 hi
2930 2809 2994 2846 ex
3026 2808 3140 2845 una
3161 2792 3355 2853 domo,
3390 2793 3486 2845 sed
3520 2791 3743 2844 diverse

2040 2901 2275 2954 prorsus
2304 2883 2643 2950 habitantes,
2670 2898 2737 2937 ex
2767 2898 2833 2937 eo
2856 2884 2977 2936 loco
3012 2880 3108 2935 ubi
3136 2885 3453 2935 conventus
3477 2879 3741 2934 omnium

2041 2974 2220 3028 factus
2271 2977 2410 3040 erat,
2448 2972 2665 3044 pariter
2711 2972 2856 3026 forte
2906 2970 3339 3026 descenderant.
3397 2971 3507 3023 Nos
3547 2975 3741 3023 autem

2042 3062 2293 3132 graviter
2320 3062 2611 3128 commoti,
2642 3061 2890 3132 graviter
2921 3061 3095 3114 etiam
3127 3058 3315 3131 questi
3345 3075 3562 3113 sumus.
3604 3058 3741 3122 Quis

2043 3152 2273 3206 tandem
2303 3150 2413 3205 hoc
2447 3150 2875 3213 vindicandum,
2910 3166 3026 3203 non
3058 3149 3240 3203 dicam
3285 3147 3642 3219 separatione
3672 3148 3741 3202 ab

2044 3239 2297 3305 ecclesia,
2331 3239 2429 3293 sed
2460 3256 2563 3309 pro
2603 3238 3003 3309 magnitudine
3032 3236 3239 3308 ﬂagitii
3272 3235 3601 3291 vehementi
3632 3236 3741 3289 sal-

2045 3332 2160 3384 tem
2189 3328 2584 3399 objurgatione
2613 3326 2922 3381 arbitratus
2948 3329 3083 3381 est?

2115 3420 2200 3472 69.
2228 3418 2293 3471 Et
2318 3418 2440 3472 haec
2460 3422 2583 3471 erat
2613 3416 2798 3471 omnis
2819 3415 3104 3469 excusatio
3129 3413 3489 3485 impunitatis
3510 3414 3742 3467 illorum

2046 3506 2201 3576 quod
2230 3522 2297 3559 eo
2337 3510 2599 3576 tempore
2638 3521 2753 3576 quo
2799 3503 3194 3558 conventicula
3232 3518 3433 3556 eorum
3480 3502 3605 3573 lege
3634 3518 3742 3573 pu-

2044 3594 2191 3648 blica
2218 3594 2681 3664 prohiberentur,
2705 3609 2776 3646 ne
2800 3591 2939 3663 quid
2959 3590 3078 3645 laesi
3098 3590 3424 3661 proderent,
3451 3591 3747 3645 metueba-

2042 3687 2153 3736 tur.
2184 3682 2289 3737 Ubi
2317 3686 2402 3736 est
2428 3698 2562 3752 ergo
2591 3682 2746 3751 quod
2777 3684 3117 3751 perpetuam
3151 3680 3256 3734 sibi
3287 3679 3743 3749 persecutionem

2046 3771 2105 3825 in
2131 3772 2236 3825 hoc
2266 3770 2482 3825 mundo
2515 3771 2765 3824 futuram
2791 3768 3129 3839 praedicant,
3158 3784 3340 3839 eoque
3370 3784 3427 3821 se
3456 3784 3745 3822 commen-

2045 3860 2289 3915 datiores
2332 3858 2530 3914 haberi
2569 3859 2787 3925 volunt,
2822 3857 2957 3912 hinc
3002 3857 3441 3928 interpretantes
3471 3857 3623 3927 quod
3656 3856 3746 3911 hic

2044 3949 2294 4005 mundus
2332 3964 2429 4003 eos
2458 3947 2643 4002 oderit
2664 3948 2837 4017 (Joan.
2865 3961 2956 4012 xv,
2990 3946 3109 4014 18);
3152 3950 3207 4000 et
3229 3950 3531 4016 propterea
3569 3961 3744 4015 penes

2046 4055 2104 4093 se
2136 4038 2507 4110 quaerendam
2538 4038 2837 4091 veritatem
2858 4035 3224 4096 afﬁrmantes,
3252 4035 3385 4104 quia
3414 4034 3473 4088 in
3504 4034 3746 4104 promis-

2046 4126 2204 4180 sione
2244 4126 2486 4195 Spiritus
2528 4125 2706 4178 sancti
2750 4124 3020 4195 paracleti
3052 4122 3267 4177 dictum
3298 4128 3381 4175 est
3417 4123 3569 4193 quod
3613 4138 3744 4176 cum

2045 4214 2295 4268 mundus
2324 4213 2431 4268 iste
2458 4213 2710 4284 accipere
2739 4229 2854 4267 non
2883 4212 3063 4284 possit
3091 4212 3198 4281 (Id.
3231 4211 3343 4279 xiv,
3380 4214 3483 4278 l7).
3521 4212 3599 4264 De
3631 4226 3745 4281 qua

2046 4319 2106 4356 re
2136 4319 2250 4357 non
2279 4302 2383 4357 iste
2409 4302 2569 4357 locus
2599 4302 2919 4357 disserendi
2940 4305 3041 4355 est.
3071 4300 3181 4355 Sed
3210 4303 3363 4353 certo
3391 4299 3437 4351 si
3463 4303 3743 4369 perpetua

2044 4390 2201 4446 vobis
2237 4390 2557 4461 persecutio
2601 4390 2790 4445 futura
2822 4396 2925 4456 est,
2976 4404 3158 4459 usque
3205 4388 3264 4441 in
3307 4387 3500 4441 saeculi
3542 4388 3738 4453 ﬁnem,

2046 4482 2324 4550 perpetua
2350 4478 2459 4533 erit
2483 4484 2541 4533 et
2573 4480 2696 4534 haec
2721 4477 3018 4533 dissolutio
3047 4480 3335 4547 tantaque
3366 4475 3743 4546 turpitudinis

2045 4566 2330 4638 impunita
2357 4568 2643 4639 contagio,
2677 4568 2810 4621 dum
2841 4565 2979 4620 tales
3011 4565 3217 4619 laedere
3247 4564 3588 4619 formidatis.

2114 4659 2202 4711 70.
2232 4657 2290 4711 Id
2319 4656 2491 4711 etiam
2520 4656 2687 4710 nobis
2712 4670 3055 4725 responsum
3080 4658 3184 4720 est,
3211 4669 3341 4707 cum
3364 4653 3436 4707 ad
3457 4653 3609 4723 ipsos
3626 4654 3745 4725 pri-

2045 4749 2223 4799 mates
2250 4745 2652 4799 detulissemus
2682 4747 3054 4813 conquestam
3086 4740 3252 4795 nobis
3285 4758 3406 4795 esse
3442 4740 3742 4795 mulierem

2046 4836 2200 4908 quod
2229 4835 2287 4889 in
2323 4833 2593 4899 conclavi,
2628 4832 2727 4887 ubi
2758 4848 2888 4886 cum
2918 4831 3043 4885 aliis
3074 4830 3303 4885 feminis
3334 4834 3475 4897 erat,
3520 4830 3589 4884 de
3620 4830 3742 4884 illo-

2044 4940 2173 4978 rum
2222 4924 2432 4978 scilicet
2465 4920 2759 4976 sanctitate
2790 4937 3007 4987 secura,
3039 4920 3314 4991 ingressis
3344 4920 3536 4974 electis
3571 4918 3749 4988 pluri-

2044 5014 2170 5080 bus,
2194 5012 2339 5067 etab
2363 5028 2477 5065 uno
2494 5012 2725 5065 lucerna
2746 5010 3039 5076 exstincta,
3063 5009 3347 5065 incertum
3364 5009 3525 5078 cujus
3543 5023 3743 5061 eorum

2045 5102 2107 5156 in
2137 5100 2385 5156 tenebris
2406 5101 2662 5170 appetita
2691 5104 2839 5153 esset
2868 5100 3157 5170 amplexu,
3184 5103 3241 5153 et
3268 5102 3462 5151 coacta
3491 5096 3549 5149 in
3575 5094 3744 5165 flagi-

2049 5191 2240 5257 tium,,
2276 5189 2386 5243 nisi
2416 5188 2667 5243 subsidio
2698 5189 2961 5243 clamoris
2982 5188 3270 5243 evasisset.
3296 5188 3405 5240 Hoc
3422 5184 3586 5238 nobis
3607 5201 3745 5255 quo-

2049 5295 2159 5349 que
2195 5276 2559 5331 notissimum
2578 5276 2753 5343 nefas,
2770 5276 2838 5330 de
2861 5281 3075 5348 quanta
3094 5272 3504 5330 consuetudine
3524 5272 3743 5327 venisse

2108 5402 2178 5461 (a)
2200 5399 2433 5448 Confess.
2457 5398 2544 5447 lib.
2577 5401 2623 5460 4,
2645 5412 2757 5461 cap.
2792 5402 2811 5448 1
2836 5414 2847 5460 ;
2881 5404 2933 5449 et
2962 5412 3137 5461 supra.
3161 5396 3223 5445 de
3249 5394 3479 5445 Moribus
3500 5394 3742 5447 Ecclesia:

2049 5463 2347 5517 Catholicae,
2372 5476 2483 5525 cap.
2521 5463 2594 5521 18,
2619 5476 2669 5512 n.
2702 5464 2777 5511 3t.
