4014 6164
280 225 412 278 1375

273 346 668 402 arbitrandum
690 347 822 399 est?
846 344 909 398 Et
923 343 1030 398 hoc
1057 343 1266 398 factum
1298 345 1381 396 est
1402 357 1468 396 ea
1491 344 1656 396 nocte
1683 357 1798 414 qua
1818 343 1974 396 festae

272 436 423 507 apud
447 452 546 490 vos
559 433 771 505 vigilite
790 433 1172 488 celebrantur.
1196 430 1307 486 Sed
1328 446 1526 484 revera
1540 430 1764 484 etiamsi
1780 432 1974 486 nullus

273 528 420 579 esset
447 521 786 596 proditionis
825 526 1033 587 metus,
1069 519 1196 592 quis
1233 523 1426 590 posset
1452 519 1843 574 damnandum
1890 520 1972 573 of-

272 615 422 670 ferre
452 611 741 684 episcopo,
774 609 874 682 qui
914 609 993 662 sic
1035 611 1379 680 praacaverat
1411 624 1482 661 ne
1515 611 1924 679 agnosceretur
1948 611 1976 662 ‘?

273 702 446 768 Quasi
485 716 619 756 vero
653 715 770 754 non
819 713 1020 752 omnes
1063 697 1214 751 idem
1247 696 1466 751 crimen
1495 697 1782 752 involutos
1813 702 1972 751 tene-

277 792 393 859 bat,
410 789 509 862 qui
531 788 700 842 simul
722 786 964 858 ingressi
988 789 1169 841 erant.
1197 787 1337 840 Nam
1363 785 1628 840 omnibus
1650 787 1977 857 petulanter

271 878 594 951 jocantibus
622 877 853 930 lucerna
881 875 1158 930 exstincta
1187 875 1496 945 placuerat.

345 971 405 1023 7t
421 1008 434 1022 .
468 966 900 1037 Suspicionibus
919 980 1050 1019 vero
1075 965 1267 1036 januze
1289 968 1521 1036 quanta}
1542 964 1974 1036 aperiebantur,

273 1072 405 1112 cum
424 1071 522 1110 eos
546 1055 771 1110 invidos
791 1053 1244 1120 inveniebamus,
1275 1069 1405 1108 cum
1432 1069 1650 1117 avaros,
1679 1069 1810 1107 cum
1835 1069 1974 1125 epu-

276 1147 462 1200 larum
509 1143 924 1215 exquisitarum
956 1141 1334 1208 avidissimos,
1368 1158 1498 1196 cum
1530 1141 1590 1195 in
1622 1142 1835 1213 jurgiis
1864 1141 1974 1196 fre-

275 1233 703 1305 quentissimos,
743 1247 877 1286 cum
925 1230 994 1285 de
1040 1230 1212 1286 rebus
1259 1230 1482 1301 exiguis
1523 1230 1976 1285 mobilissimos?

278 1325 399 1377 Non
417 1321 616 1392 utique
633 1319 1059 1375 arbitrabamur
1071 1323 1504 1389 eostemperare
1517 1335 1699 1388 posse,
1718 1335 1751 1372 a
1764 1319 1974 1390 quibus

275 1427 333 1466 se
371 1415 693 1480 temperare
723 1408 1164 1479 proﬁtebantur,
1196 1407 1426 1478 quando
1460 1407 1700 1461 latibula
1730 1411 1784 1461 et
1813 1411 1974 1462 tene-

274 1501 404 1556 bras
423 1499 763 1553 invenirent.
793 1498 915 1550 Duo
938 1495 1174 1568 quidam
1196 1499 1358 1549 erant
1380 1495 1818 1550 existimationis
1841 1496 1975 1549 satis

276 1588 464 1652 bonae,
489 1587 638 1640 facili
659 1585 916 1658 ingenio,
941 1589 1113 1657 atque
1140 1585 1200 1639 in
1222 1584 1334 1640 illis
1355 1584 1474 1639 suis
1493 1585 1975 1655 disputationibus

275 1674 584 1746 principes,
620 1673 786 1728 nobis
817 1673 1064 1744 amplius
1093 1690 1266 1745 quam
1298 1673 1490 1728 caeteri
1518 1673 1973 1744 familiariusque

275 1763 583 1836 conjuncti.
609 1763 862 1828 Quorum
884 1779 1030 1817 unus
1052 1762 1150 1834 qui
1174 1767 1406 1834 propter
1427 1763 1615 1817 studia
1636 1763 1810 1817 etiam
1839 1763 1976 1817 libe-

274 1851 417 1907 ralia
446 1851 612 1906 nobis
641 1851 849 1906 arctius
883 1851 1229 1917 adhaerebat,
1269 1850 1361 1904 hic
1399 1866 1551 1905 nunc
1589 1849 1666 1904 ibi
1698 1867 1818 1904 esse
1848 1867 1974 1922 pre-

275 1941 467 2012 sbyter
488 1939 805 2010 diciturf‘lli
825 1939 932 1994 sibi
953 1939 1566 2011 graviterinvidebant,
1590 1943 1645 1994 et
1667 1939 1975 2010 objiciebat

273 2030 418 2084 alter
446 2028 632 2096 alteri,
672 2045 790 2083 non
822 2029 1180 2084 accusatione
1213 2029 1532 2095 manifesta,
1578 2029 1676 2084 sed
1713 2044 1974 2083 sermone

275 2117 428 2189 apud
464 2133 606 2189 quos
637 2120 861 2189 poterat
901 2122 958 2172 et
986 2117 1254 2180 susurris,
1291 2117 1361 2171 ab
1390 2133 1457 2173 eo
1490 2117 1770 2172 violenter
1799 2121 1974 2171 atten-

273 2210 452 2261 tatam
483 2206 781 2277 cujusdam
812 2205 1090 2262 auditoris
1110 2222 1370 2260 uxorem.
1405 2207 1503 2260 Ille
1533 2210 1725 2260 autem
1753 2221 1810 2259 se
1842 2221 1976 2276 pur-

274 2312 436 2368 gans,
462 2295 694 2350 interim
715 2295 866 2367 apud
890 2311 993 2349 nos
1013 2295 1188 2348 alium
1209 2295 1466 2366 ejusdem
1481 2295 1708 2350 sceleris
1728 2295 1973 2350 electum

275 2383 707 2447 criminabatur,
723 2383 822 2454 qui
835 2383 988 2454 apud
1007 2383 1273 2436 eumdem
1291 2383 1635 2448 auditorem,
1654 2383 1818 2454 quasi
1837 2383 1975 2437 ami-

275 2488 375 2526 cus
395 2470 706 2526 ﬁdissimus
727 2470 1053 2524 habitabat:
1077 2486 1249 2542 quem
1271 2469 1542 2541 quoniam
1566 2471 1753 2524 subito
1781 2471 1974 2542 ingre-

275 2560 438 2616 diens
468 2575 596 2613 cum
630 2559 869 2613 muliere
903 2559 1376 2629 deprehenderat,
1409 2558 1632 2614 dicebat
1662 2560 1888 2614 mulieri
1919 2565 1975 2615 et

276 2649 538 2704 adultero
563 2649 634 2703 ab
665 2647 763 2702 illo
785 2647 1020 2702 inimico
1046 2651 1218 2719 atque
1240 2647 1431 2702 invido
1452 2649 1753 2702 consilium
1775 2649 1970 2703 datum

276 2743 338 2793 ut
366 2737 463 2792 illa
491 2737 599 2792 sibi
630 2738 976 2792 conﬁaretur
1001 2737 1306 2802 calumnia,
1337 2752 1409 2791 ne
1440 2737 1487 2791 si
1517 2737 1655 2809 quid
1681 2738 1971 2808 proderet,

275 2827 622 2882 crederetur.
660 2826 1028 2897 Angebamur
1057 2842 1185 2895 nos,
1227 2830 1282 2880 et
1321 2826 1719 2881 molestissime
1749 2827 1971 2881 fereba-

273 2933 422 2981 mus,
447 2916 600 2987 quod
620 2914 844 2969 etiamsi
872 2915 940 2970 de
970 2915 1225 2986 appetita
1254 2915 1493 2970 muliere
1521 2916 1800 2970 incertum
1829 2921 1970 2983 erat,

274 3004 422 3060 livor
459 3008 650 3058 tamen
698 3003 759 3058 in
797 3003 909 3058 illis
939 3004 1183 3069 duobus,
1215 3003 1422 3074 quibus
1454 3005 1720 3059 meliores
1748 3004 1828 3059 ibi
1857 3021 1972 3060 non

274 3093 724 3158 inveniebamus,
767 3092 1080 3164 apparebat
1107 3093 1439 3159 acerrimus,
1472 3097 1529 3148 et
1553 3093 1664 3148 alia
1692 3093 1972 3166 conjicere

273 3182 532 3254 cogebat.

344 3274 436 3324 '72.
471 3272 764 3324 Postremo
809 3268 867 3323 in
915 3269 1154 3325 theatris
1194 3269 1423 3337 electos,
1475 3273 1532 3324 et
1578 3275 1765 3336 aetate,
1813 3275 1867 3326 et
1908 3274 1973 3325 ut

275 3359 632 3424 videbantur,
668 3358 925 3414 moribus
951 3375 1169 3430 graves,
1194 3375 1322 3414 cum
1346 3375 1482 3414 sene
1507 3360 1841 3431 presbytero
1865 3377 1973 3415 sa:-

273 3447 505 3520 pissime
528 3447 870 3502 invenimus.
895 3447 1106 3503 Omitto
1127 3448 1388 3520 juvenes,
1417 3465 1558 3520 quos
1583 3449 1757 3505 etiam
1779 3450 1970 3504 rixan-

274 3542 358 3592 tes
386 3552 492 3608 pro
536 3536 769 3592 scenicis
808 3539 864 3592 et
901 3536 1114 3610 aurigis
1159 3538 1587 3610 deprehendere
1625 3540 1968 3608 solebamus,

277 3643 408 3698 quas
430 3641 518 3680 res
538 3642 654 3680 non
675 3625 947 3682 mediocri
970 3633 1312 3698 argumento
1333 3631 1417 3682 est
1437 3628 1728 3700 quomodo
1757 3645 1816 3683 se
1841 3647 1970 3700 pos-

277 3715 392 3769 sint
420 3714 714 3769 continere
735 3715 804 3770 ab
830 3715 1084 3782 occultis,
1115 3733 1244 3771 cum
1269 3733 1395 3771 eam
1415 3717 1788 3789 cupiditatem
1810 3734 1973 3790 supe-

280 3820 407 3858 rare
433 3820 548 3858 non
579 3804 822 3875 possint,
853 3822 982 3874 quae
1020 3805 1148 3860 illos
1177 3806 1502 3861 auditorum
1527 3823 1762 3862 suorum
1794 3808 1974 3862 oculis

275 3895 543 3957 ostentat,
587 3896 644 3946 et
674 3891 866 3962 prodit
895 3891 1294 3952 erubescentes
1325 3898 1495 3964 atque
1527 3894 1853 3964 fugitantes.
1886 3897 1971 3950 An

275 3995 410 4032 vero
451 3977 604 4032 illius
645 3978 818 4032 etiam
850 3979 1048 4046 sancti,
1082 3980 1148 4034 ad
1181 3981 1342 4052 cujus
1373 3980 1784 4052 disputationes
1817 3982 1876 4037 in
1907 3984 1976 4038 ﬁ-

276 4065 563 4122 cariorum
591 4064 778 4120 vicum
804 4065 1240 4136 ventitabamus,
1264 4072 1487 4123 tantum
1518 4069 1661 4124 illun
1690 4069 1973 4142 ﬂagitium

276 4156 635 4229 proderetur,
659 4154 706 4208 si
726 4155 1008 4227 virginem
1028 4156 1521 4213 sanctimonialem
1537 4159 1836 4214 mulierem
1858 4165 1972 4216 tan-

277 4251 424 4312 tum,
458 4261 570 4300 non
601 4247 658 4300 et
684 4249 1081 4316 praegnantem
1111 4245 1295 4300 facere
1315 4248 1637 4318 potuisset?
1665 4249 1773 4304 Sed
1794 4251 1975 4305 occul-

277 4350 404 4389 sum
435 4339 494 4389 et
525 4333 858 4388 incredibile
888 4334 1105 4388 malum
1137 4349 1394 4390 crescens
1431 4341 1625 4392 uterus
1655 4339 1829 4394 latere
1860 4355 1973 4394 non

276 4439 476 4496 passus
505 4427 609 4478 est.
641 4422 807 4488 Quod
835 4439 966 4478 cum
993 4427 1175 4478 mater
1198 4423 1359 4478 fratri
1380 4425 1579 4496 juveni
1607 4426 1970 4497 prodidisset,

221 4551 234 4562 .
277 4511 553 4566 acerrime
583 4511 802 4578 dolens,
832 4511 1124 4584 religionis
1153 4516 1345 4568 tamen
1377 4514 1610 4569 nomine
1641 4516 1708 4569 ab
1747 4532 1974 4570 accusa-

279 4599 434 4654 tione
479 4599 706 4670 publica
736 4605 1030 4654 revocatus
1071 4605 1190 4669 est;
1224 4601 1576 4675 perfecitque
1613 4608 1675 4657 ut
1705 4603 1801 4660 ille
1834 4605 1973 4676 (non

278 4687 436 4742 enim
464 4687 572 4742 hoc
599 4688 746 4742 ferre
777 4688 1082 4762 quisquam
1115 4691 1324 4763 posset)
1357 4692 1426 4746 de
1459 4692 1555 4747 illa
1583 4693 1819 4748 ecclesia
1842 4695 1969 4765 pel-

278 4777 532 4831 leretur:
565 4778 623 4829 et
650 4791 721 4829 ne
755 4776 1041 4848 impunita
1071 4795 1162 4834 res
1192 4780 1430 4835 omnino
1461 4786 1626 4844 esset,
1661 4782 1811 4853 cepit
1834 4799 1970 4837 con-

278 4863 493 4931 silium,
549 4867 610 4918 ut
658 4864 936 4934 adjunctis
987 4867 1098 4923 sibi
1147 4869 1364 4939 amicis,
1412 4870 1706 4926 hominem
1765 4871 1974 4943 pugnis

277 4953 641 5024 calcibusque
682 4953 1020 5011 concideret.
1063 4959 1134 5011 At
1165 4958 1260 5013 ille
1290 4975 1419 5013 cum
1460 4959 1708 5031 graviter
1735 4961 1976 5016 caedere-

278 5045 392 5108 tur,
425 5041 727 5109 clamabat,
760 5046 824 5096 ut
853 5041 960 5096 sibi
989 5060 1057 5099 ex
1087 5046 1424 5101 auctoritate
1455 5047 1750 5102 Manichmi
1783 5063 1973 5120 parce-

276 5137 454 5199 retur,
488 5132 667 5188 Adam
702 5131 953 5204 primum
979 5134 1211 5191 heroem
1241 5136 1578 5209 peccavisse,
1612 5143 1669 5194 et
1696 5144 1827 5211 post
1847 5155 1975 5211 pec-

275 5226 467 5276 catum
499 5221 666 5276 fuisse
695 5221 1058 5278 sanctiorem.

336 5314 436 5365 .73.
467 5310 616 5366 Talis
645 5316 730 5366 est
769 5328 1017 5384 namque
1053 5313 1206 5384 apud
1248 5332 1346 5370 vos
1375 5315 1570 5387 opinio
1603 5318 1671 5373 de
1702 5317 1883 5373 Adam
1917 5322 1976 5374 et

279 5400 425 5454 Eva:
460 5399 627 5470 longa
657 5401 848 5457 fabula
880 5407 986 5465 est,
1017 5403 1113 5457 sed
1142 5419 1208 5457 ex
1238 5419 1306 5458 ea
1332 5403 1387 5458 id
1413 5406 1693 5478 attingam
1727 5409 1881 5479 quod
1915 5407 1973 5462 in

279 5488 584 5559 praesentia
621 5489 756 5545 satis
783 5493 887 5546 est.
922 5491 1101 5547 Adam
1133 5491 1320 5547 dicitis
1343 5492 1422 5548 sic
1444 5511 1478 5550 a
1500 5495 1834 5567 parentibus
1858 5497 1974 5551 suis

883 219 975 274 DE
1015 218 1328 274 MORIBUS
1365 218 1934 285 MANICHZEOBUM,
1978 220 2032 276 S.

2085 219 2460 280 AUGUSTINI
2503 218 2714 275 LIBER
2755 216 3144 274 SECUNDUS.
3655 225 3781 274 1376

2088 343 2372 415 genitum,
2420 341 2689 397 abortivis
2731 339 2842 396 illis
2885 339 3242 412 principibus
3283 342 3673 404 tenebrarum,
3726 347 3783 396 ut

2085 433 2392 487 maximam
2422 435 2642 504 partem
2673 429 2816 483 lucis
2841 429 3075 483 haberet
3104 429 3162 482 in
3196 429 3386 483 anima
3414 432 3456 496 ί,
3487 434 3544 483 et
3565 432 3780 501 perexi-

2083 538 2254 593 guam
2279 521 2464 592 gentis
2493 520 2762 575 adversas.
2797 519 2906 584 Qui
2936 534 3068 573 cum
3098 522 3287 591 sancte
3309 519 3522 573 viveret
3552 524 3783 591 prepter

2083 614 2516 681 exsuperantem
2553 608 2780 678 copiam
2815 608 2976 674 boni,
3009 611 3354 662 commotam
3382 612 3582 662 tamen
3624 609 3686 661 in
3718 625 3778 662 eo

2083 699 2254 754 fuisse
2287 699 2578 753 adversam
2611 698 2766 752 illam
2799 701 3044 769 partem,
3072 701 3138 750 ut
3167 696 3234 750 ad
3273 696 3651 750 concubitum
3684 697 3776 750 de-

2083 788 2426 843 clinaretur:
2460 787 2539 841 ita
2580 803 2712 842 eum
2743 787 2968 857 lapsum
3007 801 3128 839 esse
3154 788 3323 856 atque
3353 801 3647 856 peccasse,
3692 786 3784 838 sed

2085 877 2284 932 vixisse
2304 881 2498 948 postea
2519 875 2884 930 sanctiorem.
2919 875 3017 929 Hic
3034 891 3140 946 ego
3163 890 3275 928 non
3297 879 3413 928 tam
3436 874 3507 928 de
3530 890 3787 945 nequam

2083 964 2315 1018 homine
2353 981 2692 1036 conqueror,
2727 963 2824 1035 qui
2855 967 3053 1034 stupro
3085 963 3302 1018 nefario
3334 962 3588 1017 alienam
3622 962 3785 1016 fami-

2083 1052 2219 1106 liam
2240 1051 2281 1116 ³,
2316 1053 2421 1106 sub
2451 1053 2652 1106 habitu
2679 1051 2840 1106 electi
2880 1055 2935 1105 et
2974 1051 3152 1105 sancti
3183 1051 3288 1105 viri
3318 1051 3387 1104 ad
3423 1054 3659 1104 tantum
3694 1051 3786 1104 de-

2084 1141 2251 1196 decus
2289 1141 2699 1212 infamiamque
2739 1139 3020 1211 perduxit.
3063 1141 3187 1194 Non
3223 1140 3330 1194 hoc
3356 1139 3520 1194 vobis
3549 1139 3790 1209 objicio.

2086 1231 2278 1284 Fuerit
2299 1231 2404 1284 hoc
2433 1229 2685 1284 hominis
2715 1227 3088 1300 perditissimi
3116 1228 3310 1298 potius
3341 1243 3518 1298 quam
3560 1244 3794 1282 consue-

2083 1318 2297 1372 tudinis
2332 1322 2552 1374 vestree.
2587 1320 2711 1373 Non
2743 1317 2899 1372 enim
2930 1321 3154 1371 tantum
3192 1316 3476 1387 flagitium
3510 1316 3572 1370 in
3608 1316 3791 1384 vobis,

2083 1407 2180 1461 sed
2201 1407 2260 1461 in
2280 1407 2376 1461 illo
2407 1424 2603 1478 arguo.
2632 1407 2777 1462 Illud
2799 1410 2992 1460 tamen
3021 1406 3081 1459 in
3108 1405 3376 1460 omnibus
3397 1405 3566 1460 vobis
3589 1421 3791 1476 quem-

2083 1496 2395 1550 admodum
2440 1496 2575 1550 ferri
2620 1499 2675 1550 et
2718 1494 2949 1548 tolerari
2979 1493 3157 1565 possit
3200 1493 3421 1565 ignoro,
3458 1493 3629 1564 quod
3671 1509 3794 1547 cum

2085 1585 2337 1640 animam
2363 1590 2581 1656 partem
2611 1585 2710 1639 Dei
2731 1600 2850 1638 esse
2876 1583 3094 1650 dicatis,
3125 1582 3376 1636 asseritis
3398 1586 3603 1636 tamen
3623 1583 3793 1636 etiam

2085 1673 2289 1746 exiguo
2319 1673 2570 1729 admixto
2616 1673 2786 1741 malo,
2820 1672 3094 1742 majorem
3135 1671 3258 1742 ejus
3297 1671 3524 1741 copiam
3564 1671 3796 1725 uberta-

2085 1767 2313 1834 temque
2353 1761 2630 1834 superari.
2679 1761 2815 1825 Quis
2856 1760 3011 1815 enim
3056 1775 3188 1814 cum
3217 1760 3326 1814 hoc
3363 1758 3714 1824 crediderit,
3746 1765 3794 1813 et

2085 1867 2218 1906 eum
2247 1851 2420 1905 libido
2453 1849 2780 1920 pulsaverit,
2809 1865 2927 1903 non
2957 1847 3029 1901 ad
3059 1847 3233 1902 talem
3261 1847 3672 1902 defensionem
3705 1864 3773 1918 po

2085 1941 2216 2007 tius,
2260 1955 2430 2011 quam
2471 1939 2595 2010 ejus
2633 1937 2888 1994 libidinis
2914 1937 3357 1992 refrenationem
3403 1937 3792 2008 compressio.

2084 2045 2333 2100 nemque
2363 2027 2701 2100 confugiat?

2085 2119 2308 2174 CAPUT
2345 2120 2449 2173 ΧΧ.
2485 2148 2545 2156 -
2591 2117 2831 2186 Flagitia
2866 2115 3169 2170 earumdem
3206 2117 3383 2170 Romae
3427 2115 3792 2184 deprehensa.

2153 2211 2238 2263 74.
2278 2207 2423 2273 Quid
2467 2205 2713 2277 amplius
2753 2205 2939 2260 dicam
2978 2205 3047 2259 de
3088 2204 3340 2258 moribus
3371 2203 3633 2259 vestris?
3679 2204 3797 2259 Dixi

2085 2311 2213 2367 quas
2255 2294 2373 2366 ipse
2403 2293 2802 2364 compererim,
2835 2308 2965 2346 cum
3005 2291 3064 2345 in
3097 2307 3164 2345 ea
3195 2307 3376 2345 essem
3415 2291 3661 2345 civitate
3706 2291 3796 2345 ubi

2085 2385 2193 2439 ista
2233 2382 2537 2438 commissa
2581 2385 2732 2436 sunt.
2769 2382 2964 2435 Romae
3015 2385 3209 2434 autem
3252 2396 3340 2434 me
3380 2379 3628 2434 absente
3663 2380 3796 2451 quid

2085 2477 2307 2544 gestum
2336 2472 2427 2538 sit,
2454 2476 2640 2526 totum
2669 2471 2906 2542 longum
2938 2473 3023 2523 est
3043 2467 3345 2539 explicare.
3376 2468 3573 2522 Dicam
3603 2473 3796 2522 tamen

2084 2561 2261 2617 brevi.
2295 2563 2369 2616 Eo
2400 2560 2550 2615 enim
2590 2574 2680 2614 res
2715 2558 2924 2629 erupit,
2955 2562 3019 2611 ut
3047 2558 3268 2611 occulta
3297 2573 3418 2610 esse
3444 2572 3568 2610 non
3599 2560 3796 2628 posset

2084 2650 2447 2706 absentibus:
2477 2653 2534 2704 et
2559 2665 2664 2720 ego
2695 2649 2930 2721 quidem
2970 2650 3166 2718 postea
3189 2647 3386 2701 Romae
3417 2662 3551 2699 cum
3581 2661 3790 2710 essem,

2083 2740 2275 2795 omnia
2300 2755 2433 2794 vera
2453 2755 2544 2793 me
2567 2738 2792 2793 audisse
2817 2736 3039 2791 ﬁrmavi
3065 2753 3077 2802 ;
3109 2734 3370 2807 quamvis
3392 2738 3515 2788 tam
3546 2734 3795 2788 familia-

2081 2830 2159 2884 ris
2176 2834 2231 2884 et
2250 2829 2393 2884 mihi
2414 2828 2703 2900 probatus,
2729 2827 3093 2899 quiprazsens
3115 2829 3254 2890 erat,
3282 2824 3350 2878 ad
3374 2840 3468 2877 me
3500 2840 3632 2878 rem
3667 2839 3795 2894 per-

2080 2919 2310 2986 tulerat,
2338 2923 2405 2973 ut
2425 2917 2662 2972 omnino
2684 2916 2946 2972 dubitare
2963 2930 3081 2969 non
3100 2929 3330 2985 possem
3380 2913 3526 2967 Nam
3545 2913 3785 2984 quidam

2079 3012 2263 3062 vester
2301 3007 2545 3074 auditor,
2595 3006 2658 3060 in
2696 3005 2796 3060 illa
2825 3001 3186 3059 memorabili
3217 3001 3571 3056 abstinentia
3601 3001 3787 3055 nihilo

2081 3096 2274 3152 electis
2312 3096 2536 3162 cedens,
2583 3093 2684 3166 qui
2721 3098 2779 3148 et
2818 3092 3134 3148 liberaliter
3173 3090 3474 3144 institutus
3518 3095 3698 3154 esset,
3735 3095 3783 3143 et

2080 3175 2323 3240 vestram
2364 3189 2572 3239 sectam
2615 3182 2840 3254 copiose
2881 3182 3052 3235 vellet
3098 3184 3155 3234 et
3196 3180 3404 3234 soleret
3446 3179 3786 3241 defendere,

2081 3271 2477 3328 molestissime
2516 3271 2731 3326 ferebat
2768 3270 2924 3342 quod
2968 3269 3020 3323 ei
3061 3285 3199 3340 vage
3231 3267 3600 3340 pessimeque
3638 3267 3791 3322 habi-

2080 3361 2322 3417 tantium
2352 3360 2678 3432 passimque
2697 3358 3004 3413 viventium
3039 3358 3351 3412 electorum
3375 3373 3574 3410 mores
3595 3357 3788 3428 perdi-

2078 3450 2284 3505 tissimi
2304 3467 2454 3521 saepe
2475 3447 2788 3520 disputanti
2809 3447 3245 3519 objiciebantur.
3272 3446 3559 3516 Cupiebat
3573 3447 3788 3517 itaque,

2081 3539 2129 3593 si
2157 3539 2280 3594 fieri
2309 3542 2519 3610 posset,
2551 3555 2749 3593 omnes
2779 3537 2878 3610 qui
2907 3536 3219 3591 secundum
3257 3535 3355 3588 illa
3387 3542 3691 3606 praecepta
3721 3535 3792 3588 vi-

2081 3633 2198 3684 tam
2215 3630 2422 3700 degere
2442 3628 2626 3700 parati
2646 3631 2854 3693 essent,
2877 3641 3225 3696 congregare
3247 3624 3310 3678 in
3332 3624 3579 3678 domum
3602 3641 3787 3687 suam,

2083 3723 2139 3773 et
2168 3718 2284 3772 suis
2309 3717 2630 3789 sumptibus
2657 3716 2956 3771 sustinere.
2991 3716 3120 3769 Erat
3149 3714 3302 3768 enim
3334 3717 3392 3768 et
3411 3730 3534 3768 non
3564 3715 3792 3769 medio-

2081 3807 2191 3861 cris
2220 3807 2478 3879 pecuniae
2501 3809 2879 3877 contemptor,
2908 3807 3102 3858 etnon
3126 3801 3492 3857 mediocriter
3514 3804 3790 3876 pecunio-

2083 3912 2198 3950 sus.
2228 3897 2586 3961 Querebatur
2615 3900 2806 3949 autem
2843 3892 3114 3965 impediri
3153 3896 3340 3946 tantos
3372 3897 3622 3946 conatus
3660 3910 3792 3946 suos

2083 3981 2485 4053 episcoporum
2506 3983 2894 4049 dissolutione,
2926 3981 3134 4054 quibus
3157 3979 3571 4051 adjuvantibus
3594 3980 3793 4053 imple-

2085 4088 2144 4126 re
2177 4071 2435 4126 debebat.
2489 4073 2714 4127 Interea
2746 4075 2930 4126 vester
2974 4069 3275 4142 episcopus
3319 4067 3583 4140 quidam,
3623 4071 3794 4124 homo

2083 4161 2272 4232 plane,
2293 4164 2357 4216 ut
2381 4160 2502 4232 ipse
2523 4165 2790 4232 expertus
2814 4176 2961 4227 sum,
2991 4159 3312 4213 rusticanus
3343 4163 3523 4229 atque
3557 4158 3794 4231 impoli-

2083 4255 2195 4322 tus,
2226 4251 2324 4306 sed
2363 4251 2554 4306 nescio
2601 4251 2890 4322 quomodo
2939 4267 3004 4304 ea
3045 4249 3166 4320 ipsa
3205 4247 3418 4303 duritia
3448 4249 3717 4304 severior
3742 4250 3796 4303 in

2083 4339 2471 4395 custodiendis
2484 4339 2648 4394 bonis
2665 4339 2920 4394 moribus
2939 4337 3248 4392 videbatur.
3276 4337 3437 4390 Hunc
3460 4337 3796 4392 diutissime

2083 4429 2470 4485 desideratum
2508 4433 2564 4483 et
2591 4428 2902 4500 aliquando
2932 4430 3273 4499 praesentem
3302 4425 3511 4496 arripit
3541 4426 3678 4493 iste,
3714 4444 3798 4482 ex-

2082 4519 2248 4590 ponit
2276 4518 2498 4574 homini
2524 4519 2870 4573 voluntatem
2897 4533 3085 4572 suam:
3116 4515 3310 4570 laudat
3329 4514 3428 4568 ille
3458 4521 3643 4588 atque
3674 4535 3802 4572 con-

2083 4609 2275 4674 sentit,
2305 4609 2492 4679 placet
2510 4612 2574 4662 ut
2601 4607 2660 4662 in
2691 4608 2862 4663 domo
2891 4606 3014 4677 ejus
3040 4605 3196 4676 prior
3219 4604 3341 4675 ipse
3364 4603 3612 4676 incipiat
3639 4607 3802 4662 habi-

2081 4702 2222 4753 tare.
2269 4698 2426 4763 Quod
2457 4697 2558 4752 ubi
2588 4697 2798 4752 factum
2830 4701 2933 4760 est,
2987 4711 3054 4750 eo
3089 4694 3423 4766 congregati
3455 4701 3600 4750 sunt
3631 4698 3802 4752 electi

2083 4803 2302 4852 omnes,
2335 4787 2434 4858 qui
2482 4787 2676 4843 Romae
2721 4803 2844 4841 esse
2873 4787 3204 4856 potuerunt.
3241 4783 3538 4855 Proposita
3584 4791 3682 4840 est
3721 4787 3802 4839 vi-

2083 4875 2251 4931 vendi
2270 4876 2470 4946 regula
2492 4876 2560 4930 de
2584 4875 2875 4930 Manichaei
2895 4874 3137 4946 epistola
3159 4888 3171 4927 :
3198 4873 3394 4927 multis
3421 4873 3801 4930 intolerabile

2083 4965 2268 5020 visum
2294 4969 2408 5031 est;
2441 4965 2830 5020 abscesserunt
2858 4981 2870 5019 :
2907 4967 3309 5018 remanserunt
3337 4967 3541 5017 tamen
3575 4966 3802 5035 pudore

2083 5070 2201 5109 non
2233 5053 2419 5124 pauci.
2454 5053 2636 5124 Coepit
2659 5052 2740 5107 ita
2762 5052 2871 5106 vivi
2891 5056 2956 5106 ut
2969 5051 3278 5123 placuerat,
3305 5053 3359 5104 et
3384 5054 3448 5103 ut
3468 5055 3645 5106 tanta
3663 5070 3804 5124 pra.L

2083 5143 2362 5198 scribebat
2390 5142 2734 5196 auctoritas:
2767 5157 2898 5195 cum
2937 5139 3168 5194 interim
3210 5138 3442 5193 auditor
3487 5139 3598 5196 ille
3631 5143 3803 5196 vehe-

2084 5236 2308 5287 menter
2333 5247 2532 5286 omnes
2561 5230 2632 5284 ad
2658 5228 2851 5284 omnia
2881 5231 3133 5300 cogeret,
3166 5227 3460 5281 neminem
3491 5232 3705 5284 tamen
3736 5231 3802 5285 ad

2151 5380 2321 5454 [Μεδ.
2359 5392 2521 5442 prOpe
2565 5391 2749 5427 omnes
2794 5376 3010 5438 habent,
3042 5378 3093 5428 in
3138 5379 3418 5436 animum;
3450 5377 3505 5426 id
3550 5384 3656 5438 est,
3699 5394 3805 5444 pro

2087 5455 2427 5554 αξηὲἱῗίΜδε.
2461 5503 2723 5568 potiores;
2753 5503 2841 5553 alii
2872 5506 2929 5552 ut
2961 5503 3011 5553 in
3038 5503 3185 5560 Edd.,
3219 5500 3499 5564 famulam.
