3970 6146
178 275 312 351 13.77

176 394 231 447 id
264 392 418 463 quod
442 408 558 446 non
577 390 740 461 prior
768 391 889 461 ipse
920 392 1249 464 susciperet.
1286 395 1510 449 Interea
1540 396 1676 448 rixae
1727 394 1879 448 inter

176 482 383 535 electos
426 480 757 535 oriebantur
804 482 1184 551 creberrimas,
1216 483 1633 553 objiciebantur
1672 484 1739 537 ab
1789 484 1877 537 in-

177 570 357 625 vicem
386 570 649 637 crimine,
682 586 812 641 quae
848 571 943 624 ille
973 572 1169 625 omnia
1199 589 1436 642 gemens
1468 572 1752 639 audiebat,
1785 573 1881 626 da-

178 659 390 730 batque
423 675 660 729 operam
706 663 769 713 ut
798 658 1014 729 seipsos
1060 659 1121 713 in
1167 661 1457 730 jurgando
1488 659 1878 714 incautissime

176 748 519 817 proderent:
554 747 873 818 prodebant
903 748 1147 802 nefanda
1174 754 1229 802 et
1252 748 1546 802 immania.
1582 749 1663 803 Ibi
1695 748 1883 819 cogni-

179 841 303 891 tum
336 842 421 890 est
448 837 645 907 quales
694 842 901 905 essent,
936 837 1033 909 qui
1075 841 1268 891 tamen
1327 838 1477 891 inter
1506 843 1736 891 eieteros
1768 838 1880 891 vim

178 929 596 996 praeceptorum
618 926 845 980 illorum
873 926 1229 980 subeundam
1249 925 1354 979 sibi
1377 942 1497 980 esse
1513 931 1876 996 putaverunt.

177 1014 301 1067 Jam
345 1014 413 1067 de
447 1013 666 1067 caeteris
698 1014 835 1084 quid
866 1014 1273 1084 suspicandum
1304 1020 1443 1079 erat,
1480 1019 1578 1068 aut
1606 1014 1745 1085 quid
1778 1032 1879 1085 po-

178 1102 291 1156 tius
315 1102 689 1173 judicandum
710 1103 736 1155 ‘I
768 1102 912 1167 Quid
942 1104 1155 1173 plura?
1186 1103 1696 1173 Coactialiquando
1720 1119 1881 1156 muro

180 1195 552 1245 muraverunt
572 1190 839 1259 sustineri
861 1192 958 1246 illa
978 1192 1247 1246 mandata
1286 1208 1403 1245 non
1441 1208 1608 1262 posse
1633 1208 1645 1245 :
1671 1191 1805 1246 inde
1821 1192 1881 1245 in

181 1280 518 1334 seditionem
534 1322 546 1335 .
576 1281 795 1351 Agebat
815 1280 1040 1334 auditor
1059 1297 1289 1334 causam
1311 1297 1473 1334 suam
1491 1281 1881 1350 complexione

179 1367 532 1435 brevissima,
564 1373 664 1422 aut
711 1368 810 1423 illa
843 1369 1037 1423 omnia
1066 1385 1186 1423 esse
1219 1370 1512 1430 servanda,
1568 1372 1665 1423 aut
1718 1369 1879 1422 illum

181 1455 280 1527 qui
305 1456 439 1510 talia
482 1457 586 1511 sub
620 1457 721 1511 tali
751 1457 1076 1512 conditione
1110 1458 1487 1529 praecepisset,
1534 1474 1659 1528 qua:
1692 1458 1883 1511 nullus

176 1550 368 1614 posset
392 1544 653 1615 implere,
691 1546 1096 1601 stultissimum
1128 1546 1591 1601 existimandum.
1631 1546 1772 1599 Vicit
1798 1551 1881 1599 ta-

181 1648 337 1701 men,
364 1650 482 1687 non
513 1634 669 1688 enim
697 1635 864 1689 aliter
891 1640 1132 1707 poterat,
1156 1635 1327 1689 unius
1349 1636 1691 1689 sententiam
1722 1635 1883 1689 effre-

180 1722 508 1776 natissimus
541 1722 799 1793 plurium
831 1724 1120 1794 strepitus.
1156 1725 1358 1777 Postea
1374 1724 1544 1777 etiam
1562 1723 1682 1792 ipse
1714 1723 1883 1776 cessit

180 1809 500 1881 episcopus,
525 1818 721 1865 etcum
740 1828 949 1881 magno
969 1812 1246 1866 dedecore
1277 1811 1530 1881 aufugit:
1556 1812 1717 1881 cujus
1748 1826 1881 1863 sane

179 1898 289 1953 cibi
318 1904 530 1970 praeter
557 1901 822 1969 regulam
849 1901 1105 1953 clanculo
1139 1900 1373 1969 accepti,
1403 1903 1457 1953 et
1487 1916 1635 1969 saepe
1666 1897 1883 1953 inventi

181 1987 529 2054 ferebantur,
561 2004 692 2042 cum
724 1988 778 2042 ei
835 1988 904 2042 de
934 1988 1168 2059 proprio
1208 1989 1429 2042 sacculo
1453 1987 1758 2058 diligenter
1795 2003 1883 2041 oc-

181 2077 394 2130 cultato
420 2076 664 2146 pecunia
692 2076 922 2148 copiosa
954 2081 1302 2146 suppeteret.

249 2169 340 2221 75.
377 2166 507 2219 Haec
533 2164 580 2218 si
618 2165 760 2220 falsa
806 2181 928 2220 esse
982 2165 1186 2232 dicitis,
1221 2164 1395 2218 nimis
1424 2164 1638 2235 apertis
1667 2168 1722 2219 et
1751 2179 1881 2234 per-

1211 272 1264 328 S.
1307 270 1692 329 AUGUSTINI
1734 271 2027 328 REGULA
2067 271 2166 326 AD
2205 270 2476 327 SERVOS
2514 271 2656 325 DEI.

3556 275 3691 327 1378

1988 394 2232 465 vulgatis
2263 394 2432 447 rebus
2452 392 2749 450 obsistitis.
2783 392 2892 447 Sed
2927 393 3143 447 utinam
3167 393 3273 447 hoc
3298 394 3515 449 dicatis.
3547 395 3689 449 Cum

1989 482 2143 537 enim
2164 480 2280 535 sint
2308 481 2415 535 ista
2446 480 2766 548 manifesta,
2791 485 2845 534 et
2870 481 2941 534 iis
2970 482 3070 552 qui
3110 480 3252 535 scire
3285 482 3566 536 voluerint
3595 499 3692 536 co-

1990 570 2155 641 gnitu
2185 570 2476 635 facillima,
2508 569 2849 639 intelligitur
2880 587 3051 640 quam
3084 587 3216 624 vera
3255 571 3441 625 dicere
3472 571 3694 625 soleant

1991 659 2091 731 qui
2122 660 2245 713 haec
2273 675 2407 713 vera
2431 675 2552 712 esse
2579 659 2939 728 negaverint.
2974 659 3081 713 Sed
3114 659 3237 712 aliis
3268 659 3693 713 defensionibus

1991 747 2242 813 utimini,
2270 764 2412 818 quas
2443 763 2548 816 ego
2576 764 2689 801 non
2718 747 3002 816 improbo.
3028 750 3140 801 Aut
3168 747 3322 801 enim
3364 747 3551 801 dicitis
3584 748 3693 800 ali-

1991 853 2135 908 quos
2164 837 2262 906 qui
2293 841 2477 889 vestra
2498 840 2779 906 przecepta
2800 835 3141 901 custodiant,
3172 852 3276 889 nec
3324 852 3418 889 eos
3445 836 3692 889 aliorum

1991 925 2326 979 criminibus
2347 925 2554 978 debere
2570 925 2839 994 perfundi
2864 928 2991 991 ;aut
3009 940 3125 977 non
3156 928 3421 993 oportere
3455 924 3693 978 omnino

1992 1013 2173 1083 quaeri
2204 1014 2399 1083 quales
2437 1013 2550 1067 sint
2592 1013 2870 1079 homines,
2918 1012 3017 1083 qui
3046 1017 3288 1066 vestram
3325 1016 3533 1065 sectam
3564 1028 3692 1081 pro-

1992 1102 2245 1168 titentur,
2279 1104 2375 1156 sed
2408 1102 2593 1173 qualis
2620 1102 2692 1155 sit
2737 1102 2861 1171 ipsa
2917 1101 3216 1170 professio.
3273 1102 3528 1165 Quorum
3589 1108 3695 1169 ego

1994 1196 2300 1262 utrumque
2331 1207 2460 1244 cum
2494 1191 2775 1244 admisero
2825 1192 3177 1261 (quanquam
3225 1208 3328 1244 nec
3376 1190 3501 1244 illos
3554 1190 3695 1244 ﬁdos

1992 1280 2395 1333 mandatorum
2425 1280 2814 1333 observatores
2833 1280 3245 1343 demonstrare,
3263 1296 3366 1333 nec
3380 1279 3559 1349 ipsam
3577 1279 3697 1332 has-

1991 1368 2163 1421 resim
2217 1384 2247 1420 a
2277 1372 2360 1421 tot
2390 1373 2441 1421 et
2473 1367 2648 1421 tantis
2680 1368 2845 1436 nugis
2877 1373 3047 1437 atque
3088 1368 3395 1421 sceleribus
3448 1382 3697 1437 purgare

1991 1456 2254 1526 possitis),
2304 1456 2445 1510 illud
2487 1461 2678 1510 tamen
2712 1473 2743 1509 a
2775 1456 2933 1509 vobis
2986 1472 3333 1526 magnopere
3378 1456 3694 1526 requiram,

1991 1560 2092 1599 cur
2142 1544 2457 1599 maledictis
2489 1543 2845 1599 insectemini
2885 1544 3232 1598 Christianos
3271 1545 3535 1599 catholici
3592 1561 3695 1598 no-

1992 1633 2182 1700 minis,
2217 1634 2599 1703 quorumdam
2621 1632 2911 1687 intuentes
2925 1633 3205 1703 perditam
3226 1632 3402 1688 vitam
3427 1650 3440 1699 ;
3471 1649 3600 1687 cum
3624 1633 3693 1687 de

1992 1721 2193 1775 vestris
2213 1721 2543 1775 hominibus
2560 1721 2757 1775 haberi
2776 1720 3173 1791 quaestionem,
3208 1726 3307 1775 aut
3328 1722 3695 1792 impudenter

1990 1809 2279 1876 recusetis,
2336 1814 2433 1863 aut
2480 1809 2873 1880 impudentius
2905 1827 3020 1863 non
3067 1811 3359 1877 recusetis,
3393 1810 3689 1879 velitisque

1991 1898 2235 1968 intelligi
2264 1898 2324 1951 in
2353 1901 2511 1952 tanta
2548 1902 2732 1952 vestra
2780 1898 3062 1968 paucitate
3096 1899 3269 1952 latere
3304 1898 3496 1953 nescio
3526 1913 3690 1968 quos,

1992 1986 2093 2056 qui
2121 2002 2224 2040 sua
2254 1990 2538 2057 praecepta
2584 1986 2931 2055 custodiunt,
2991 1992 3047 2042 et
3076 1986 3135 2041 in
3183 1990 3342 2043 tanta
3390 1985 3693 2042 Catholicae

1994 2074 2365 2130 multitudine
2407 2091 2522 2129 non
2554 2074 2789 2129 velitis?

1472 2383 2388 2489 ADMONITIO

709 2559 815 2624 DE
864 2558 1275 2637 SEQUENTE
1324 2556 1642 2622 REGULA
1693 2556 1975 2623 SANCTI
2023 2557 2447 2625 AUGUSTINI
2498 2561 2605 2623 AD
2654 2561 2960 2628 SERVOS
3008 2564 3166 2627 DEI.

262 2697 387 2749 Haec
411 2697 611 2751 eadem
641 2698 859 2767 regula,
893 2714 1022 2769 qua:
1054 2697 1318 2765 dictione,
1339 2696 1652 2759 sententiis,
1685 2697 2169 2767 praeceptionibus
2183 2698 2415 2751 demum
2444 2699 2539 2768 pia
2566 2699 2923 2753 humanitate
2945 2701 3191 2755 conditis
3212 2706 3501 2757 auctorem
3525 2703 3698 2758 refert

188 2775 594 2845 Augustinum,
628 2782 808 2831 exstat
835 2776 896 2831 in
926 2778 1177 2847 Epistola
1206 2777 1598 2831 ducentesima
1629 2776 1949 2841 undecima,
1999 2777 2535 2831 Sanctimonialibus
2564 2779 2636 2832 ab
2656 2777 2780 2847 ipso
2811 2778 3036 2849 scripta.
3075 2782 3212 2835 Inde
3245 2798 3370 2835 eam
3404 2783 3471 2835 de
3502 2799 3694 2853 prom-

196 2859 374 2925 ptam,
400 2855 651 2926 virisque
682 2861 935 2926 aptatam
969 2856 1141 2910 fuisse
1174 2856 1475 2909 observant
1497 2859 1708 2926 praeter
1733 2854 1872 2909 alios
1906 2856 2219 2909 Bernardus
2247 2856 2561 2925 Vindingus
2591 2861 2646 2910 et
2675 2858 2924 2928 Prosper
2954 2858 3295 2926 Stellartius,
3329 2862 3496 2914 ambo
3512 2866 3702 2932 Augu-

193 2935 454 2989 stinianaa
484 2934 715 2988 familia:
746 2934 981 2997 alumni,
1020 2951 1083 2988 ac
1114 2934 1421 2988 novissime
1449 2934 1536 2987 vir
1564 2932 1817 2987 eruditus
1850 2934 2113 2988 Nicolaus
2146 2935 2359 2987 Desnos
2380 2952 2444 2988 ex
2460 2935 2657 2989 ordine
2672 2936 3092 2991 Canonicorum
3124 2939 3483 3008 regularium
3508 2941 3560 2995 S.
3584 2944 3699 2995 Au-

189 3013 423 3085 gustini.
457 3014 594 3078 Quae
628 3030 720 3067 res
746 3019 811 3068 ut
840 3013 919 3066 ita
946 3013 1174 3081 habeat,
1205 3016 1355 3066 certe
1378 3012 1502 3082 jam
1541 3011 1637 3066 diu
1668 3016 1773 3091 est,
1805 3028 1937 3066 cum
1962 3012 2218 3066 virorum
2249 3013 2615 3068 instituendis
2640 3015 2896 3069 moribus
2946 3016 3210 3070 adhiberi
3257 3018 3446 3088 ccepit.
3478 3020 3698 3091 Quippe

187 3094 543 3165 perantiquae
570 3092 931 3147 Tarnatensis
963 3093 1176 3162 regulae
1206 3096 1430 3162 partem
1455 3090 1591 3145 facit
1623 3090 2000 3161 potissimam,
2025 3091 2288 3145 laudatur
2317 3092 2375 3145 in
2391 3093 2701 3147 Concordia
2720 3096 3051 3164 regularum
3076 3112 3104 3148 a
3137 3097 3439 3151 Benedicto
3462 3099 3697 3153 Anianze

189 3173 412 3239 abbate,
447 3172 718 3243 quodque
759 3188 789 3225 e
819 3188 879 3225 re
908 3176 1105 3225 nostra
1134 3177 1218 3226 est
1246 3172 1337 3225 hic
1370 3171 1701 3237 admonere,
1735 3170 1793 3223 in
1825 3170 2015 3225 codice
2049 3171 2377 3225 Corbeiensi
2408 3171 2565 3225 mille
2599 3190 2776 3226 annos
2832 3174 3171 3243 praeferente
3204 3176 3535 3231 continetur
3562 3178 3699 3232 viris

190 3250 620 3307 accommodata
648 3254 705 3305 et
734 3250 795 3303 in
824 3267 1007 3305 unum
1031 3252 1245 3322 regula:
1275 3267 1480 3321 corpus
1511 3255 1706 3304 coacta
1735 3265 1864 3304 cum
1896 3266 1962 3305 ea
2006 3268 2134 3323 quae
2165 3251 2494 3306 inscribitur
2524 3253 2731 3319 Regula
2758 3254 3012 3308 secunda.

1068 3483 1174 3587 S.
1252 3484 1904 3589 AUBELII
1973 3484 2812 3590 AUGUSTINI

1490 3658 2007 3709 lIlPPONENSIS
2041 3659 2396 3709 EPISCOPI

1385 3799 2511 3964 REGULA

945 4047 1249 4148 AD
1421 4046 2368 4153 SERVOS
2541 4047 2947 4149 DEI

193 4346 274 4399 De
305 4347 570 4402 charitate
601 4346 709 4400 Dei
740 4349 790 4399 et
815 4345 1080 4415 proximi,
1124 4346 1321 4399 unione
1357 4345 1601 4401 cordium
1657 4351 1706 4401 et
1749 4362 1888 4402 com-

791 4427 1056 4479 munitate
1084 4440 1284 4479 rerum.

270 4518 315 4568 ι.
347 4517 494 4569 Ante
526 4514 761 4581 ommia,
812 4514 1013 4568 fratres
1043 4512 1381 4581 charissimi,
1409 4513 1686 4583 diligatur
1719 4515 1887 4581 Deus,

196 4602 404 4657 deinde
434 4603 750 4674 proximus,
783 4602 917 4673 quia
937 4602 1044 4656 ista
1073 4606 1357 4673 praecepta
1378 4606 1511 4656 sunt
1553 4601 1889 4673 principali-

195 4695 282 4745 ter
311 4692 475 4745 nobis
505 4692 636 4745 data
676 4692 766 4760 (a).
802 4693 928 4745 Haec
961 4691 1139 4761 igitur
1158 4697 1290 4745 sunt
1318 4707 1447 4762 quae
1478 4695 1543 4745 ut
1583 4691 1892 4745 observetis

256 4777 329 4836 (a)
348 4777 715 4839 VPreemissum
756 4778 1099 4839 exordiolum
1126 4777 1412 4839 Augustini
1442 4789 1546 4825 non
1577 4790 1688 4826 esse
1715 4778 1893 4827 obser-

195 4843 322 4885 vant
346 4837 1043 4903 \[indinguset‘Stellartius
1070 4837 1445 4903 :_assumptum
1476 4839 1576 4888 fuit
1604 4852 1668 4888 ex
1694 4840 1895 4903 Regula

193 4900 444 4959 secunda,
475 4913 632 4962 quam
651 4899 789 4948 infra
818 4900 873 4948 in
896 4900 1183 4963 appendice
1218 4899 1396 4951 habes.

1999 4345 2360 4418 przecipimus
2378 4344 2438 4399 in
2456 4345 2810 4400 monasterio
2834 4344 3143 4400 constituti.
3163 4344 3442 4413 Primum,
3462 4350 3700 4415 propter

2000 4435 2150 4506 quod
2174 4435 2233 4488 in
2262 4450 2443 4489 unum
2474 4434 2609 4488 estis
2635 4434 2982 4505 congregati,
3009 4438 3069 4489 ut
3098 4434 3399 4488 unanimes
3428 4435 3702 4489 habitetis

1999 4524 2058 4578 in
2088 4524 2261 4578 domo
2284 4526 2323 4591 ί,
2341 4529 2426 4578 est
2440 4523 2514 4577 sit
2536 4523 2697 4577 vobis
2724 4524 2916 4577 anima
2937 4539 3053 4577 una
3077 4528 3135 4578 et
3163 4539 3259 4577 cor
3275 4538 3458 4577 unum
3481 4523 3699 4578 inDeo.

2001 4614 2065 4667 Et
2094 4628 2212 4666 non
2241 4611 2439 4667 dicatis
2466 4612 2682 4683 aliquid
2713 4611 3034 4682 proprium,
3068 4611 3163 4665 sed
3177 4612 3291 4665 sint
3321 4610 3479 4666 vobis
3511 4612 3703 4666 omnia

2002 4700 2364 4755 communia:
2400 4705 2455 4754 et
2482 4699 2858 4754 distribuatur
2879 4698 3189 4770 unicuique
3220 4703 3473 4754 vestrum
3502 4718 3534 4754 a
3555 4716 3701 4772 pra:-

2001 4789 2189 4860 posito
2218 4794 2405 4843 vestro
2439 4786 2463 4820 ³
2490 4788 2666 4842 victus
2706 4792 2763 4841 et
2790 4791 3213 4858 tegumentum,
3246 4805 3365 4842 non
3403 4789 3704 4861 aequaliter

2003 4878 2289 4945 omnibus,
2350 4876 2487 4949 quia
2532 4891 2651 4931 non
2715 4876 3041 4948 aequalitate
3100 4878 3296 4932 valetis
3350 4894 3569 4943 omnes,
3604 4878 3701 4933 sed

1524 4995 1797 5031 ADIONITIO
1832 4996 1906 5032 PP.
1936 4996 2387 5033 BBNEDICTINORU‘.

257 5067 463 5138 collata
468 5070 547 5115 est
563 5068 577 5123 (
582 5067 696 5115 haec
709 5066 929 5138 Regula)
941 5080 1085 5138 tcum
1096 5068 1472 5138 antiquissimo
1485 5069 1806 5138 [tegularum
1820 5072 1998 5138 codice
2015 5070 2427 5138 porbeiensiqui
2444 5083 2613 5138 annos
2627 5070 2837 5138 praefert
2850 5071 3132 5138 plusquam
3145 5073 3438 5138 mille,cu_m
3458 5073 3578 5121 Mss.
3588 5074 3705 5138 Sor-

196 5130 679 5198 bonicoﬂhuaneo,
694 5129 1684 5198 Albinensi.Micbaelino,litedarde’nsi,
1702 5133 1989 5198 Victorino,
2002 5129 2445 5198 Germangnsibus
2457 5129 2917 5198 tribu‘s;VaticaIiis
2930 5129 3483 5198 duobus,lectionibus
3506 5135 3703 5184 codicis

197 5191 584 5241 Gemblacensis
612 5192 751 5254 apud
774 5190 906 5239 Lov.
944 5206 1061 5240 cum
1085 5191 1306 5254 epistola
1335 5196 1421 5241 211
1446 5209 1458 5253 ;
1492 5190 1718 5255 cumque
1748 5190 2069 5246 editionibus
2096 5196 2211 5245 Am.
2234 5195 2319 5243 Er.
2352 5196 2477 5243 Lov.
2499 5198 2551 5243 et
2584 5190 2926 5246 Desnosiana.

290 5273 843 5362 Comparavimus
885 5285 1207 5361 praeterea
1263 5294 1374 5341 eas
1403 5296 1625 5341 omnes
1662 5274 1973 5345 editiones
2024 5277 2212 5344 initio
2272 5279 2845 5345 Retractationum
2898 5288 2964 5347 et
3017 5280 3537 5347 Confessionum
3575 5301 3703 5346 me-

195 5375 515 5431 moralas.

260 5482 273 5514 ι
308 5478 531 5591 Egitin
557 5477 711 5552 domo
724 5478 951 5530 Domini.
964 5478 1072 5530 Δία
1096 5479 1217 5531 Mss.
1251 5482 1303 5529 et
1331 5478 1626 5544 abepistola
1642 5484 1727 5532 211
1744 5480 1894 5533 abest

260 5557 317 5591 ις.
404 5556 433 5589 ο
492 5556 581 5591 uu.

197 5556 317 5591 VUX.
356 5556 581 5591 υονηιηι.

2000 5483 2041 5543 ε
2062 5481 2084 5547 5}
2108 5482 2229 5547 Mss.
2257 5480 2371 5531 Alb.
2390 5485 2442 5531 et
2465 5480 2614 5532 Sorb.
2630 5483 2899 5546 omittunt,
2922 5494 2955 5534 a
2964 5481 3261 5547 praeposito
3284 5483 3704 5537 ves!ro.Aliitres

2002 5545 2347 5601 substituunt,
2379 5557 2415 5597 a
2434 5549 2649 5597 seniore
2672 5551 2863 5597 vestro.
