4014 6164
271 284 405 336 1379

267 404 462 476 potius
489 401 798 472 unicuique
829 399 977 454 sicut
1004 414 1146 468 opus
1172 397 1364 452 fuerit.
1387 397 1476 451 Sic
1496 396 1652 450 enim
1679 395 1868 466 legitis
1907 395 1967 448 in

268 493 503 548 Actibus
531 489 930 561 Apostolorum
965 504 976 542 :
1012 488 1151 553 Quia
1189 490 1346 540 erant
1369 487 1482 539 illis
1511 487 1693 539 omnia
1739 500 1967 539 commu-

268 585 392 649 nia,
424 586 474 636 et
507 578 946 634 distribuebatur
973 577 1266 645 unicuique
1293 577 1434 629 sicut
1470 577 1661 642 cuique
1688 589 1821 645 opus
1851 578 1969 627 erat

273 671 415 740 (Act.
451 687 522 737 ιν,
583 672 671 735 32,
727 669 832 736 35).
876 665 984 730 Qui
1031 664 1249 735 aliquid
1294 663 1580 717 habebant
1636 663 1696 716 in
1738 662 1965 719 saeculo.

275 759 504 828 quando
533 756 774 826 ingressi
804 759 938 808 sunt
965 752 1394 819 monasterium,
1427 752 1682 806 libenter
1701 751 1840 804 illud
1873 766 1967 803 ve-

271 846 377 900 lint
398 846 548 899 inter
576 861 634 898 se
651 860 772 897 esse
802 858 1125 896 commune.
1154 841 1260 906 Qui
1289 845 1480 894 autem
1512 857 1629 894 non
1659 839 1966 905 habebant,

269 951 388 988 non
419 949 486 988 ea
515 932 851 1003 qumrantin
881 931 1247 997 monasterio,
1289 946 1417 1001 qua:
1458 945 1562 984 nec
1589 928 1729 983 foris
1760 929 1968 982 habere

270 1026 619 1092 potuerunt:
657 1020 757 1074 sed
785 1025 978 1075 tamen
1007 1036 1205 1074 eorum
1258 1017 1601 1088 inﬁrmitati,
1635 1017 1789 1087 quod
1827 1033 1970 1087 opus

272 1113 356 1164 est
386 1109 691 1176 tribuatur,
725 1108 950 1164 etiamsi
974 1112 1278 1178 paupertas
1305 1107 1559 1172 illorum,
1581 1107 1810 1178 quando
1833 1105 1970 1159 foris

272 1203 458 1265 erant,
492 1214 595 1252 nec
626 1198 751 1268 ipsa
781 1196 1096 1252 necessaria
1119 1201 1342 1266 poterat
1369 1195 1646 1250 invenire.
1675 1196 1918 1248 Tantum
1950 1195 1970 1230 ί

275 1303 390 1342 non
443 1287 572 1342 ideo
631 1303 690 1341 se
743 1290 947 1356 putent
999 1302 1118 1339 esse
1175 1285 1386 1349 felices,
1439 1284 1574 1354 quia
1630 1283 1972 1337 invenerunt

271 1376 485 1430 victum
517 1379 574 1431 et
601 1379 1020 1446 tegumentum,
1055 1375 1250 1444 quales
1280 1372 1417 1426 foris
1445 1371 1700 1426 invenire
1735 1388 1846 1425 non
1875 1388 1972 1442 po-

270 1468 480 1519 terant.

909 1536 984 1586 De
1009 1533 1333 1586 humilitate.

343 1626 398 1678 2.
429 1624 542 1678 Nec
571 1621 796 1692 erigant
818 1620 1115 1687 cervicem,
1147 1619 1282 1690 quia
1303 1619 1594 1673 sociantur
1611 1617 1712 1684 eis,
1739 1619 1807 1672 ad
1829 1634 1972 1689 quos

271 1712 414 1767 foris
443 1712 708 1766 accedere
725 1727 842 1765 non
873 1710 1159 1764 audebant
1183 1725 1196 1775 ;
1224 1708 1322 1762 sed
1341 1725 1565 1762 sursum
1589 1724 1687 1761 cor
1701 1707 1968 1773 habeant,

271 1804 327 1854 et
355 1805 584 1855 terrena
613 1815 678 1852 ac
722 1814 869 1852 vana
897 1814 1014 1852 non
1061 1801 1324 1868 quaerant
1349 1795 1394 1862 ³,
1445 1813 1516 1850 ne
1545 1795 1822 1867 incipiant
1851 1811 1972 1850 esse

271 1888 619 1942 monasteria
649 1886 918 1942 divitibus
947 1886 1133 1955 utilia,
1167 1902 1281 1939 non
1307 1885 1674 1956 pauperibus,
1699 1885 1748 1938 si
1770 1884 1974 1938 divites

271 1978 388 2033 illic
417 1976 816 2044 humiliantur,
841 1980 898 2030 et
925 1991 1206 2047 pauperes
1235 1975 1350 2029 illic
1393 1974 1694 2028 inflantur.
1733 1975 1968 2041 Rursus,

270 2067 445 2120 etiam
473 2066 556 2120 illi
587 2065 686 2138 qui
717 2065 938 2136 aliquid
967 2081 1087 2118 esse
1115 2063 1458 2118 videbantur
1500 2063 1562 2116 in
1591 2062 1818 2130 saeculo,
1855 2079 1973 2116 non

271 2155 522 2211 habeant
551 2154 775 2209 fastidio
833 2153 1038 2208 fratres
1069 2169 1222 2214 suos,
1276 2151 1376 2224 qui
1423 2152 1495 2206 ad
1524 2151 1684 2206 illam
1717 2155 1970 2205 sanctam

272 2244 603 2299 societatem
656 2259 721 2297 ex
775 2246 1108 2313 paupertate
1166 2244 1480 2295 venerunt:
1533 2239 1717 2310 magis
1781 2244 1972 2295 autem

272 2333 538 2387 studeant
567 2348 682 2386 non
713 2331 783 2385 de
818 2334 1123 2401 parentum
1169 2329 1354 2383 ditum
1411 2328 1710 2399 dignitate,
1765 2329 1862 2383 sed
1903 2329 1972 2384 de

275 2436 599 2490 pauperum
629 2420 872 2474 fratrum
903 2418 1168 2472 societate
1197 2417 1450 2487 gloriari.
1477 2418 1588 2471 Nec
1610 2417 1970 2473 extollantur.

275 2507 321 2561 si
342 2507 637 2562 communi
661 2507 792 2560 vitae
827 2505 1042 2576 aliquid
1071 2505 1141 2560 de
1172 2504 1288 2558 suis
1319 2505 1682 2559 facultatibus
1713 2507 1974 2561 contule-

276 2599 414 2650 runt
439 2616 453 2662 ;
479 2611 550 2649 ne
572 2595 641 2649 de
672 2595 786 2648 suis
818 2593 1030 2649 divitiis
1057 2592 1242 2663 magis
1287 2593 1638 2662 superbiant,
1697 2593 1833 2664 quia
1880 2610 1975 2648 eas

273 2683 335 2738 in
357 2682 703 2738 monasterio
734 2682 1086 2753 partiuntur,
1119 2698 1292 2752 quam
1318 2681 1365 2735 si
1394 2681 1474 2735 eis
1500 2682 1562 2736 in
1593 2683 1797 2736 saeculo
1827 2682 1974 2737 frue-

272 2775 489 2826 rentur.
525 2771 652 2826 Alia
699 2771 913 2842 quippe
960 2787 1340 2842 qumcumque
1379 2770 1652 2841 iniquitas
1704 2771 1764 2824 in
1809 2772 1973 2826 malis

273 2859 546 2930 operibus
574 2864 888 2926 exercetur,
940 2865 1003 2914 ut
1050 2860 1228 2921 ﬁant;
1289 2859 1558 2930 superbia
1613 2875 1746 2914 vero
1797 2861 1972 2914 etiam

271 2948 436 3002 bonis
467 2948 740 3019 operibus
765 2947 1070 3003 insidiatur
1098 2952 1163 3002 ut
1189 2952 1455 3018 pereant:
1490 2953 1546 3002 et
1569 2948 1707 3020 quid
1739 2949 1975 3019 prodest

273 3038 600 3108 dispergere
632 3037 817 3092 dando
847 3036 1196 3108 pauperibus
1226 3040 1283 3091 et
1312 3053 1624 3108 pauPerem
1662 3037 1807 3105 fieri,
1842 3054 1971 3092 cum

275 3125 469 3178 anima
515 3124 725 3178 misera
755 3125 1053 3195 superbior
1075 3124 1319 3179 efﬁcitur
1349 3125 1570 3180 divitias
1601 3131 1971 3181 contemnen-

272 3211 366 3278 do,
399 3227 573 3282 quam
603 3211 787 3266 fuerat
813 3212 1199 3282 possidendo?
1222 3213 1430 3269 Omnes
1459 3230 1596 3286 ergo
1625 3214 1973 3269 unanimiter

274 3303 332 3354 et
369 3299 728 3354 concorditer
774 3299 975 3366 vivite;
1010 3305 1068 3355 et
1094 3301 1370 3356 honorate
1426 3301 1487 3356 in
1534 3304 1691 3358 vobis
1729 3303 1971 3359 invicem

280 3389 480 3456 Deum,
513 3388 675 3459 cujus
705 3389 921 3459 templa
948 3389 1081 3444 facti
1109 3391 1261 3445 estis.

685 3480 759 3532 De
787 3480 1032 3533 oratione
1060 3484 1111 3534 et
1136 3479 1324 3535 divino
1353 3480 1552 3549 ofﬁcio.

345 3569 396 3620 3.
429 3566 792 3621 Orationibus
821 3567 1048 3634 instate,
1096 3568 1253 3622 horis
1283 3572 1340 3623 et
1379 3568 1732 3640 temporibus
1765 3569 1971 3625 consti-

273 3655 431 3709 tutis.
468 3657 530 3711 ln
552 3656 802 3710 oratorio
838 3674 1004 3721 nemo
1035 3657 1252 3728 aliquid
1282 3663 1434 3728 agat,
1460 3659 1570 3712 nisi
1618 3660 1685 3713 ad
1715 3660 1867 3730 quod
1890 3664 1974 3713 est

271 3743 504 3810 factum,
537 3745 688 3798 unde
719 3748 775 3799 et
827 3761 1037 3800 nomen
1081 3746 1336 3816 accepit:
1392 3753 1453 3802 ut
1500 3748 1544 3801 si
1602 3748 1748 3802 forte
1793 3749 1970 3819 aliqui

273 3831 446 3885 etiam
499 3840 707 3902 praeter
734 3832 904 3886 horas
933 3833 1286 3900 constitutas,
1329 3835 1377 3888 si
1425 3835 1505 3888 eis
1568 3841 1747 3902 vacat,
1808 3852 1970 3890 orare

272 3919 576 3986 voluerint,
610 3935 727 3973 non
756 3919 837 3972 eis
877 3920 990 3974 sint
1018 3920 1452 3991 impedimento,
1497 3923 1597 3992 qui
1628 3923 1710 3976 ibi
1756 3924 1969 3995 aliquid

274 4008 557 4077 agendum
590 4007 934 4078 putaverint.
989 4009 1227 4063 Psalmis
1256 4014 1312 4064 et
1340 4010 1569 4081 hymnis
1621 4028 1751 4066 cum
1801 4014 1971 4067 oratis

275 4097 480 4164 Deum,
506 4096 613 4150 hoc
646 4101 902 4150 versetur
929 4096 989 4151 in
1015 4098 1203 4161 corde,
1234 4099 1385 4170 quod
1409 4100 1696 4169 profertur
1723 4099 1784 4154 in
1813 4117 1967 4156 voce:

272 4190 330 4240 et
363 4185 541 4240 nolite
568 4191 817 4251 cantare,
853 4186 965 4240 nisi
996 4188 1148 4259 quod
1171 4187 1360 4259 legitis
1388 4187 1410 4223 ⁵
1433 4206 1553 4244 esse
1582 4191 1928 4246 cantandum
1954 4208 1967 4258 ;

272 4273 430 4344 quod
461 4278 655 4328 autem
703 4291 818 4329 non
856 4275 938 4330 ita
985 4275 1262 4346 scriptum
1292 4281 1378 4332 est
1428 4282 1488 4333 ut
1543 4284 1822 4348 cantetur,
1855 4297 1970 4336 non

273 4365 553 4417 cantetur.

752 4435 838 4488 De
857 4436 1067 4504 jejunio
1097 4440 1147 4491 et
1172 4438 1479 4503 refectione.

341 4523 394 4576 4.
425 4522 667 4578 Carnem
696 4527 942 4579 vestram
978 4525 1206 4579 domate
1250 4526 1506 4596 jejuniis,
1537 4531 1591 4581 et
1628 4527 1970 4584 abstinentia

277 4625 420 4663 escae
451 4615 506 4664 et
533 4616 724 4680 potus,
754 4617 1036 4683 quantum
1077 4615 1340 4669 valetudo
1382 4615 1680 4686 permittit.
1733 4617 1970 4679 Quando

273 4701 468 4751 autem
503 4698 709 4770 aliquis
739 4717 854 4755 non
890 4707 1075 4772 potest
1091 4704 1375 4774 jejunare,
1407 4720 1524 4758 non
1571 4709 1764 4759 tamen
1817 4709 1971 4759 extra

272 4787 477 4842 horam
507 4790 773 4860 prandii‘
803 4791 1020 4862 aliquid
1049 4793 1457 4848 alimentorum
1479 4797 1685 4859 sumat,
1711 4793 1819 4848 nisi
1841 4811 1970 4848 cum

342 4896 356 4929 1
383 4895 508 4942 Μεε.
546 4899 652 4963 tres
677 4893 780 4954 hic,
809 4899 862 4945 et
878 4896 982 4946 fere
1009 4911 1191 4948 omnes
1219 4899 1272 4948 in
1295 4899 1512 4962 epistola
1541 4903 1650 4961 211,
1673 4900 1885 4963 habent,
1909 4914 1972 4950 ac

273 4969 417 5006 nunc
448 4969 562 5006 non
586 4957 726 5006 ideo.

336 5021 357 5053 ‘-’
388 5020 446 5066 lu
477 5019 626 5088 Cerb.
657 5018 748 5067 Cll.
784 5022 836 5067 et
869 5019 1069 5083 aliquot
1097 5022 1230 5084 aliis,
1267 5038 1475 5074 necnon
1511 5025 1564 5074 in
1590 5025 1739 5088 epist.
1776 5027 1884 5085 2H,
1919 5028 1970 5076 et

274 5084 489 5130 terrena
512 5081 642 5130 bona
682 5092 792 5130 non
819 5081 1074 5143 quaerant.

337 5145 358 5178 ³
387 5144 510 5192 Mss.
536 5157 744 5206 novem,
775 5143 990 5206 legistis.

338 5207 358 5239 ι
389 5206 447 5253 In
475 5206 652 5274 codice
679 5205 1029 5274 Albin’ensiet
1060 5207 1371 5274 Micliaelino
1414 5211 1688 5274 omittitur,
1721 5211 1967 5274 prandii;

275 5279 393 5337 quae
407 5281 508 5316 vox
527 5268 579 5316 in
595 5269 795 5318 caeteris
820 5267 1065 5328 habetur,
1095 5274 1146 5318 et
1179 5271 1437 5338 signiﬁcat
1460 5267 1969 5322 indultam'imbecill

275 5327 417 5376 illius
443 5329 781 5379 refectionem
817 5331 1053 5383 alterum.
1084 5335 1140 5379 ut
1172 5333 1226 5380 in
1257 5333 1465 5382 Gallicis
1516 5335 1969 5383 observationibus

275 5349 417 5376 unus
443 5349 781 5379 rewcuonem
817 5349 1053 5388 alterum,
1085 5349 1140 5379 UI
1172 5349 1226 5380 111
1257 5349 1465 5382 balneis
1516 5349 1970 5384 Observationmus

275 5395 456 5464 menet
477 5392 598 5464 Il.P.
622 5392 920 5464 Stephanus
935 5393 1197 5464 Rabache,
1211 5394 1715 5464 Augustinianorum
1729 5397 1779 5464 in
1804 5397 1969 5446 Gallia

274 5451 599 5518 reformetor.
626 5451 826 5518 Quippe
854 5455 1016 5518 semel
1035 5459 1243 5504 tantum
1259 5451 1488 5517 quotidie
1518 5460 1616 5507 sub
1632 5462 1838 5507 noctem
1859 5473 1970 5507 cor-

274 5526 374 5621 pus
399 5513 628 5586 reticere,
653 5513 1018 5588 erat'antiquis
1048 5513 1446 5569 usitatissimum
1467 5534 1480 5577 ;
1502 5533 1566 5570 ex
1583 5521 1714 5570 libro
1731 5520 1794 5570 de
1817 5522 1967 5572 Mori-

313 5588 374 5621 us
403 5575 648 5621 Ecclesia:
672 5577 969 5621 Catlmlmm-
1002 5594 1114 5621 vnn.
1146 5582 1222 5621 33-

313 5588 374 5623 us
403 5575 648 5626 Ecclesia:
672 5575 970 5637 Catholica),
1002 5594 1114 5642 cap.
1146 5582 1222 5628 33.

1285 275 1338 330 S.
1382 273 1767 331 AUGUSTINI
1827 269 2119 328 REGULA
2156 271 2256 327 ΑΙ)
2301 269 2574 328 SERVOS
2612 268 2755 326 DEI.

3654 273 3784 335 1,380

2079 398 2339 465 aegrotat.
2375 396 2518 449 Cum
2549 392 2816 448 acceditis
2845 392 2917 448 ad
2945 408 3228 462 mensam,
3262 392 3440 449 donec
3467 394 3608 450 inde
3667 412 3782 450 sur-

2079 483 2244 553 gatis,
2277 481 2433 554 quod
2480 481 2637 536 vobis
2667 482 2981 536 secundum
3019 482 3495 538 consuetudinem
3552 484 3782 555 legitur,

2079 570 2202 625 sine
2223 572 2470 626 tumultu
2499 574 2554 626 et
2585 571 3051 626 contentionibus
3081 572 3279 626 audite
3303 589 3316 628 :
3341 588 3443 628 nec
3467 573 3612 627 sola:
3636 574 3784 628 vobis

2077 660 2266 715 fauces
2318 665 2549 715 sumant
2603 661 2816 727 cibum,
2898 661 2996 716 sed
3059 665 3117 715 et
3163 677 3331 716 aures
3369 663 3636 718 esuriant
3693 663 3783 718 Dei

2079 749 2318 804 verbum
2349 751 2387 803 ί.

2493 821 2575 874 De
2607 820 2950 888 indulgentia
2979 835 3111 888 erga
3129 823 3389 890 inﬁmos.

2153 912 2202 962 5.
2229 907 2337 972 Qui
2367 907 2584 962 infirmi
2606 912 2736 963 sunt
2769 925 2834 962 ex
2857 907 3101 979 pristina
3129 909 3566 977 consuetudine,
3604 910 3656 964 si
3688 911 3787 966 alio

2078 1003 2165 1054 ter
2194 1003 2510 1053 tractantur
2537 1000 2596 1053 in
2623 997 2796 1064 victu,
2827 1015 2945 1052 non
2965 999 3135 1054 debet
3155 999 3278 1054 aliis
3309 1001 3631 1055 molestum
3653 1017 3784 1066 esse,

2081 1103 2185 1142 nec
2212 1086 2491 1157 injustum
2547 1085 2729 1142 videri
2763 1086 2845 1140 eis
2892 1103 3038 1157 quos
3088 1087 3222 1142 fecit
3277 1088 3390 1142 alia
3425 1089 3786 1143 consuetudo

2080 1174 2367 1229 fortiores.
2397 1175 2508 1229 Nec
2566 1174 2695 1230 illos
2746 1174 3030 1231 feliciores
3083 1181 3306 1246 putent,
3360 1178 3499 1248 quia
3556 1185 3788 1232 sumunt

2082 1263 2235 1334 quod
2267 1279 2384 1317 non
2410 1267 2644 1318 sumunt
2670 1263 2820 1334 ipsi:
2865 1265 2964 1319 sed
3023 1265 3132 1320 sibi
3174 1266 3365 1337 potius
3402 1269 3785 1338 gratulentur,

2083 1352 2218 1422 quia
2243 1352 2435 1406 valent
2464 1353 2621 1423 quod
2651 1369 2765 1407 non
2794 1353 2984 1408 valent
3013 1353 3119 1408 illi.
3176 1357 3239 1408 Et
3268 1355 3317 1409 si
3365 1355 3448 1409 eis
3491 1357 3600 1426 qui
3627 1373 3785 1411 vene-

2081 1445 2218 1495 runt
2255 1457 2321 1496 ex
2351 1441 2606 1495 moribus
2635 1441 3060 1498 delicatioribus
3091 1443 3164 1498 ad
3187 1444 3640 1508 monasterium,
3691 1446 3790 1500 ali-

2082 1530 2218 1602 quid
2269 1531 2685 1599 alimentorum,
2738 1531 3233 1602 vestimentorum,
3265 1537 3729 1588 stramentorum
3753 1538 3788 1600 ²,

2083 1619 2568 1690 operimentorum
2601 1620 2790 1686 datur,
2815 1621 2971 1692 quod
3003 1621 3130 1674 aliis
3176 1621 3534 1688 fortioribus,
3569 1627 3635 1676 et
3674 1623 3792 1677 ideo

2081 1707 2428 1762 felicioribus
2473 1725 2590 1762 non
2630 1708 2822 1774 datur;
2871 1709 3124 1779 cogitare
3170 1709 3380 1764 debent
3415 1712 3644 1782 quibus
3692 1728 3791 1766 non

2083 1796 2270 1864 datur,
2293 1801 2572 1868 quantum
2599 1797 2669 1852 de
2701 1814 2803 1852 sua
2833 1797 3094 1852 saeculari
3121 1798 3236 1852 vita
3267 1798 3351 1852 illi
3394 1799 3468 1853 ad
3497 1799 3682 1854 istam
3712 1801 3792 1855 de-

2081 1885 2430 1955 scenderint,
2463 1885 2724 1957 quamvis
2751 1902 2933 1957 usque
2964 1886 3034 1940 ad
3061 1886 3330 1953 aliorum,
3363 1886 3470 1958 qui
3501 1893 3652 1942 sunt
3679 1905 3791 1942 cor-

2078 1991 2219 2045 pore
2267 1975 2564 2037 ﬁrmiores,
2621 1974 3012 2045 frugalitatem
3052 1974 3352 2045 pervenire
3393 1975 3788 2042 nequiverint.

2085 2063 2195 2117 Nec
2233 2062 2441 2117 debent
2492 2063 2636 2118 velle
2694 2079 2912 2132 omnes,
2961 2064 3114 2134 quod
3162 2079 3372 2134 paucos
3419 2064 3631 2120 vident
3682 2083 3791 2121 am-

2081 2151 2233 2222 plius
2261 2155 2301 2218 ³,
2355 2168 2473 2206 non
2502 2151 2638 2223 quia
2680 2151 3058 2218 honorantur,
3101 2151 3202 2206 sed
3254 2152 3388 2223 quia
3443 2153 3790 2219 tolerantur,

2084 2239 2371 2310 accipere;
2412 2256 2484 2294 ne
2514 2239 2804 2310 contingat
2855 2240 3184 2295 detestanda
3230 2240 3605 2312 perversitas,
3645 2243 3792 2297 utin

2083 2328 2452 2392 monasterio,
2486 2328 2586 2382 ubi
2616 2333 2894 2400 quantum
2932 2333 3193 2399 possunt,
3226 2328 3374 2383 ﬁunt
3403 2329 3619 2384 divites
3645 2331 3793 2386 labo-

2084 2416 2242 2482 riosi,
2300 2415 2442 2470 fiant
2495 2433 2776 2486 pauperes
2824 2416 3071 2471 delicati.
3102 2417 3248 2471 Sane
3297 2417 3790 2488 quemadmodum

2083 2509 2422 2574 aegrotantes
2464 2520 2693 2559 necesse
2733 2505 2950 2559 habent
2985 2505 3174 2559 minus
3221 2505 3508 2576 accipere,
3544 2523 3622 2560 ne
3672 2523 3792 2578 gra-

2083 2596 2314 2646 ventur:
2346 2591 2423 2646 ita
2449 2595 2506 2646 et
2532 2595 2662 2663 post
2687 2591 3091 2662 aegritudinem
3117 2593 3195 2646 sic
3230 2594 3518 2648 tractandi
3544 2600 3706 2660 sunt,
3737 2601 3794 2648 ut

2083 2681 2248 2735 citius
2285 2685 2637 2749 recreentur,
2679 2681 2902 2735 etiamsi
2933 2681 3001 2735 de
3049 2681 3378 2736 humillima
3406 2684 3616 2737 saeculi
3665 2699 3796 2755 pan-

2082 2774 2302 2840 pertate
2328 2773 2632 2838 venerunt;
2666 2773 2943 2842 tanquam
2972 2771 3078 2826 hoc
3103 2771 3213 2826 illis
3252 2771 3571 2827 contulerit
3602 2789 3796 2827 recen-

2082 2857 2196 2912 tior
2224 2857 2525 2929 mgritudo,
2585 2858 2739 2930 quod
2790 2858 3063 2914 divitibus
3109 2859 3363 2914 anterior
3391 2863 3788 2917 consuetudo.

2081 2947 2188 3002 Sed
2243 2963 2372 3001 cum
2425 2946 2573 3001 vires
2621 2947 2892 3018 pristinas
2958 2948 3369 3019 reparaverint,
3421 2950 3678 3005 redeant
3731 2952 3796 3005 ad

2081 3035 2394 3090 feliciorem
2450 3036 2924 3090 consuetudinem
2981 3053 3164 3103 suam,
3225 3053 3354 3108 qua:
3409 3036 3672 3093 famulos
3705 3039 3797 3093 Dei

2081 3129 2239 3179 tanto
2268 3125 2513 3195 amplius
2543 3124 2723 3190 decet,
2752 3129 2968 3196 quanto
3002 3125 3194 3179 minus
3225 3124 3491 3195 indigent
3517 3142 3531 3179 :
3581 3143 3693 3180 nec
3723 3127 3796 3182 ibi

2082 3231 2178 3269 eos
2199 3218 2390 3268 teneat
2411 3214 2669 3284 voluptas
2693 3215 2812 3284 jam
2859 3217 3110 3284 vegetos,
3142 3230 3255 3284 quo
3305 3215 3624 3269 necessitas
3659 3217 3795 3270 leva-

2083 3308 2171 3357 rat
2221 3302 2482 3356 infirmos
2512 3300 2553 3356 δ.
2590 3302 2721 3355 Illos
2750 3301 3038 3356 aestiment
3067 3302 3322 3368 ditiores,
3356 3303 3458 3374 qui
3519 3303 3584 3358 in
3640 3307 3796 3359 susti-

2081 3390 2272 3446 nenda
2325 3390 2594 3461 parcitate
2649 3389 2862 3444 fuerint
2889 3390 3175 3446 fortiores.
3236 3390 3435 3445 Melius
3497 3395 3587 3445 est
3643 3392 3795 3446 enim

2082 3479 2274 3534 minus
2293 3495 2481 3550 egere,
2516 3495 2690 3549 quam
2719 3479 2848 3549 plus
2879 3479 3107 3534 habere.

2245 3573 2318 3622 De
2369 3568 2558 3622 habitu
2585 3571 2636 3621 et
2664 3569 2948 3622 exterioris
2980 3569 3211 3622 hominis
3239 3569 3657 3637 compositione.

2151 3660 2204 3712 6.
2238 3656 2361 3710 Non
2393 3655 2467 3710 sit
2495 3655 2763 3710 notabilis
2815 3655 3044 3710 habitus
3085 3659 3305 3724 vester;
3353 3672 3459 3709 nec
3513 3656 3796 3710 affectetis

2080 3745 2327 3799 vestibus
2356 3745 2601 3814 placere,
2633 3745 2731 3798 sed
2761 3745 3016 3800 moribus
3043 3744 3146 3815 (a).
3181 3744 3420 3809 Quando
3450 3745 3796 3815 proceditis,

2082 3833 2252 3887 simul
2281 3832 2568 3887 ambulate
2595 3848 2607 3886 :
2650 3848 2778 3886 cum
2807 3832 3078 3887 veneritis
3105 3849 3218 3903 quo
3247 3831 3389 3898 istis,
3421 3831 3602 3886 simul
3630 3838 3794 3886 state.

2083 3923 2146 3975 In
2174 3922 2422 3990 incessu,
2444 3925 2612 3987 statu,
2645 3920 2867 3987 habitu,
2900 3921 2959 3975 in
2988 3921 3256 3974 omnibus
3285 3920 3546 3974 motibus
3572 3921 3795 3984 vestris,

2080 4009 2222 4064 nihil
2254 4009 2353 4063 ﬁat
2369 4007 2518 4080 quod
2542 4009 2882 4080 cujusquam
2903 4008 3153 4062 offendat
3169 4013 3486 4078 aspectum,
3513 4009 3617 4063 sed
3642 4009 3796 4081 quod

2081 4102 2325 4151 vestram
2355 4097 2549 4152 deceat
2587 4099 2961 4152 sanctitatem.
3017 4097 3178 4154 Oculi
3224 4097 3398 4152 vestri
3427 4099 3541 4152 etsi
3565 4099 3799 4169 jaciun-

2082 4191 2176 4241 tur
2216 4185 2548 4257 inaliquam
2592 4186 2956 4253 feminarum,
3009 4187 3262 4258 ligantur
3302 4186 3360 4240 in
3389 4187 3578 4241 nulla.
3600 4188 3799 4259 Neque

2081 4275 2235 4329 enim
2267 4275 2495 4346 quando
2517 4275 2844 4346 proceditis,
2873 4276 3117 4330 feminas
3141 4276 3330 4331 videre
3362 4277 3797 4347 prohibemini;

2077 4362 2176 4417 sed
2207 4367 2496 4434 appetere,
2549 4367 2650 4418 aut
2678 4364 2748 4418 ab
2779 4364 2916 4434 ipsis
2966 4364 3159 4436 appeti
3203 4365 3346 4418 velle
3407 4364 3800 4419 criminosum

2081 4455 2184 4507 est.
2217 4450 2329 4505 Nec
2358 4452 2479 4506 solo
2526 4455 2679 4506 tactu
2739 4455 2796 4506 et
2841 4453 3068 4520 affectu,
3108 4452 3206 4507 sed
3258 4457 3494 4522 aspectu
3558 4470 3800 4526 quoque

2081 4539 2368 4612 appetitur
2395 4544 2452 4594 et
2487 4540 2704 4611 appetit
2733 4541 3190 4613 concupiscentia
3218 4540 3570 4596 feminarum
3607 4546 3655 4597 ⁸.
3693 4543 3802 4597 Nec

2144 4638 2159 4671 1
2188 4635 2350 4697 Epist.
2383 4637 2491 4694 211,
2521 4635 2822 4697 percipiant
2856 4638 2954 4686 Dei
2985 4636 3227 4687 verbum.

2143 4699 2165 4733 ²
2195 4698 2342 4761 lianc
2369 4711 2555 4761 vocem
2576 4697 2632 4746 in
2652 4697 2782 4746 Edd.
2796 4698 3058 4761 plerisque
3085 4700 3333 4747 omissam
3362 4698 3717 4747 restituimus
3741 4713 3802 4747 ex

2082 4760 2234 4832 (ξφ-1).
2268 4758 2425 4832 ,Μελ
2454 4760 2558 4832 11110
2588 4774 2697 4832 prae
2745 4758 2896 4810 nobis
2947 4758 3177 4810 restituit
3208 4761 3534 4810 Desnosius:
3571 4761 3804 4811 habetur

2080 4822 2235 4872 etiam
2267 4821 2319 4869 in
2345 4821 2566 4884 epistola
2592 4821 2702 4871 2H.

2142 4886 2160 4912 ³
2191 4885 2409 4956 Ita_l\~ls_s.
2428 4884 2493 4932 At
2512 4884 2662 4956 epist.
2684 4886 2770 4934 211
2791 4899 2802 4931 :
2832 4887 2932 4934 Nec
2951 4885 3057 4935 illa
3080 4885 3269 4936 debent
3288 4883 3632 4945 conturbari,
3665 4885 3802 4950 quod

2083 4959 2171 4997 eas
2203 4945 2372 4994 vident
2390 4945 2637 5007 amplius.

2143 5011 2163 5042 ι
2196 5007 2334 5056 Libri
2359 5008 2734 5072 quamplures;
2767 5011 2872 5058 Nec
2890 5009 3086 5058 cibieos
3109 5007 3543 5072 teneatgvoluplas
3559 5011 3698 5071 jam
3729 5023 3804 5059 τε-

2080 5073 2299 5131 gelatos,
2319 5083 2445 5132 quos
2471 5070 2746 5121 necessitas
2770 5072 2976 5121 levarat
3002 5071 3248 5127 inﬁrmos.
3272 5070 3372 5120 Sed
3388 5070 3804 5121 cbncinniorest

2082 5132 2413 5196 Corbeiensis
2444 5133 2557 5196 Ms.
2585 5133 2745 5196 lectio,
2762 5132 2848 5180 hic
2876 5134 3134 5192 restituta,
3167 5147 3330 5196 eaque
3355 5133 3720 5183 conﬁrmatur
3742 5147 3803 5182 ex

2079 5194 2302 5258 epistola
2330 5197 2439 5258 211.
2463 5222 2520 5230 -
2549 5195 2848 5258 Notandum
2875 5196 3151 5258 epistolam
3180 5194 3265 5244 211
3300 5195 3438 5244 ferre
3463 5209 3686 5254 vocem,
3719 5209 3804 5247 ιεο-

2081 5257 2307 5320 luntas,
2325 5257 2441 5305 loco
2471 5257 2647 5320 vocis,
2665 5257 2928 5320 voluptas.
3027 5258 3096 5306 M.

2141 5321 2161 5353 ὕ
2195 5319 2271 5367 Ita
2294 5319 2428 5383 Lov._
2449 5323 2499 5366 et
2516 5319 2610 5383 Ms.
2626 5318 2990 5383 Corb,'aliiqu_e
3009 5318 3272 5370 nonnulli.
3305 5319 3371 5368 At
3383 5319 3469 5368 Er.
3490 5321 3800 5383 etquinque

2080 5379 2335 5429 Mssar‘t’ec
2347 5379 2463 5430 solo
2483 5382 2635 5429 tacito
2652 5379 2974 5445 a/feclu,sbd
2989 5383 3181 5446 affectu
3192 5394 3395 5444 quoque
3411 5379 3802 5445 etaspéctcap-

2146 5457 2220 5519 (a)
2247 5458 2309 5522 in
2347 5458 2961 5522 episto’la2llquzedsm
3002 5460 3086 5509 hic
3132 5461 3527 5510 interseruntur
3561 5461 3806 5518 feminis,

2078 5533 2184 5569 non
2208 5520 2336 5568 viris
2367 5520 2754 5580 convenientia]
2769 5522 2998 5571 scilicet:
3023 5543 3045 5565 ‹‹
3069 5523 3172 5570 Nec
3195 5522 3301 5571 sint
3319 5522 3470 5571 vobis
3486 5526 3600 5571 tam
3613 5528 3805 5572 tenera

2079 5598 2107 5628 «
2143 5582 2376 5644 capitum
2406 5583 2658 5646 tegmina,
2710 5588 2766 5632 ut
2816 5584 3002 5634 retiola
3056 5585 3238 5634 subter
3282 5590 3599 5647 appareant,
3630 5606 3653 5628 -
3697 5591 3801 5634 etc.
