3970 6146
162 249 288 301 1381

151 366 353 422 dicatis
383 382 481 419 vos
509 364 720 420 habere
744 365 965 419 animos
991 366 1247 437 pudicos,
1278 367 1326 422 si
1363 368 1619 423 habeatis
1657 368 1849 422 oculos

148 455 469 526 impudicos
503 471 515 509 :
547 455 683 525 quia
710 454 1036 525 impudicus
1080 456 1297 525 oculus,
1339 457 1618 529 impudici
1664 456 1849 511 cordis

147 549 231 597 est
264 542 515 597 nuntius.
543 543 607 596 Et
635 558 767 596 cum
797 558 855 598 se
881 542 1125 597 invicem
1151 543 1401 610 sibimet,
1427 546 1599 599 etiam
1627 548 1848 598 tacente

142 632 365 703 lingua,
398 636 703 701 conspectu
744 636 965 697 mutuo,
1014 632 1181 686 corda
1225 633 1495 687 nuntiant
1536 632 1847 703 impudica,

141 724 198 774 et
227 720 540 774 secundum
570 719 1093 789 concupiscentiam
1141 721 1326 774 carnis
1366 722 1641 775 alterutro
1690 722 1848 775 dele-

136 814 366 863 ctantur
385 810 588 863 ardore
619 829 633 875 ;
666 809 841 863 etiam
864 808 1089 863 intactis
1111 809 1181 863 ab
1208 809 1511 863 immunda
1532 810 1842 863 violatione

137 897 660 969 corporibus,fugit
690 898 912 952 castitas
942 898 1064 969 ipsa
1090 898 1159 952 de
1192 898 1466 973 moribus.
1503 899 1615 952 Nec
1642 904 1845 968 putare

136 988 306 1041 debet
337 986 437 1057 qui
465 986 526 1040 in
551 986 829 1041 feminam
859 986 985 1056 figit
1006 987 1259 1053 oculum,
1291 992 1348 1042 et
1373 987 1525 1041 illius
1554 986 1615 1041 in
1645 1004 1703 1040 se
1724 988 1845 1057 ipse

136 1076 327 1146 diligit
374 1075 574 1141 fixum,
622 1076 690 1129 ab
713 1076 837 1129 aliis
878 1091 937 1129 se
963 1092 1079 1129 non
1101 1075 1282 1129 videri
1316 1092 1445 1129 cum
1476 1077 1583 1130 hoc
1609 1076 1839 1130 fecerit:

64 1212 67 1213 ν
137 1164 363 1219 videtur
390 1162 650 1233 omnino,
676 1168 732 1218 et
758 1181 790 1217 a
821 1164 1029 1235 quibus
1060 1180 1119 1219 se
1148 1164 1330 1219 videri
1364 1181 1481 1218 non
1511 1164 1839 1220 arbitratur.

136 1253 245 1308 Sed
272 1270 399 1307 ecce
425 1253 619 1320 lateat,
651 1258 707 1308 et
736 1270 770 1307 a
799 1254 1026 1308 nemine
1050 1254 1355 1307 hominum
1384 1253 1664 1320 videatur,
1706 1254 1844 1324 quid

140 1342 314 1397 faciet
338 1343 405 1396 de
445 1343 542 1396 illo
570 1358 743 1412 super
774 1343 1113 1413 inspectore,
1151 1358 1321 1413 quem
1353 1342 1707 1397 latere.nihil
1736 1359 1839 1412 po-

136 1430 407 1485 test?An
450 1431 579 1485 ideo
628 1431 917 1501 putandus
962 1436 1047 1485 est
1087 1446 1202 1485 non
1253 1430 1462 1497 videre,
1512 1430 1648 1501 quia
1683 1435 1842 1484 tanto

135 1519 295 1574 videt
320 1519 653 1590 patientius,
678 1523 895 1591 quanto
928 1518 1242 1589 sapientius
1260 1518 1286 1571 ?
1316 1518 1403 1572 Illi
1436 1534 1571 1589 ergo
1597 1518 1684 1571 vir
1713 1534 1842 1571 san-

131 1610 259 1662 ctus
287 1607 489 1662 timeat
519 1607 842 1677 displicere,
875 1624 949 1661 ne
979 1607 1115 1663 velit
1142 1607 1370 1661 feminae
1402 1607 1549 1660 male
1580 1606 1838 1677 placere:

131 1695 302 1750 illum
331 1696 541 1763 cogitet
589 1695 786 1749 omnia
830 1696 1045 1762 videre,
1090 1710 1163 1749 ne
1214 1696 1351 1749 velit
1388 1694 1660 1749 feminam
1691 1696 1841 1748 male

129 1782 347 1837 videre.
378 1783 533 1837 Illius
581 1798 833 1853 namque
875 1787 930 1837 et
978 1783 1039 1835 in
1070 1783 1175 1836 hac
1204 1798 1371 1835 causa
1412 1782 1843 1836 commendatus

130 1874 221 1925 est
235 1871 428 1938 timor,
450 1870 546 1924 ubi
573 1871 849 1940 scriptum
866 1874 968 1924 est:
996 1871 1348 1924 Abominatio
1369 1876 1447 1925 est
1465 1873 1696 1925 Domino
1718 1870 1842 1939 deﬁ-

127 1975 263 2027 gens
294 1961 503 2015 oculum
538 1960 610 2029 (a)
646 1962 822 2029 (Prov.
875 1975 1043 2025 xxvu,
1101 1962 1191 2021 20,
1236 1974 1338 2013 sec.
1392 1960 1556 2029 LXX).
1607 1959 1841 2023 Quando

128 2063 275 2118 ergo
307 2048 481 2101 simul
509 2047 645 2102 estis
672 2048 733 2102 in
771 2046 1022 2107 ecclesia,
1056 2051 1112 2101 et
1161 2047 1512 2123 ubicumque
1540 2049 1635 2103 ubi
1666 2052 1721 2101 et
1760 2049 1844 2101 fe-

128 2135 310 2190 mina:
360 2140 515 2202 sunt,
570 2136 817 2190 invicem
862 2140 1108 2190 vestram
1155 2136 1490 2206 pudicitiam
1539 2136 1838 2191 custodite.

128 2227 285 2279 Deus
314 2224 469 2279 enim
499 2223 600 2295 qui
628 2224 855 2279 habitat
891 2224 953 2279 in
982 2222 1166 2294 vobis,
1195 2223 1368 2279 etiam
1398 2224 1506 2278 isto
1538 2225 1709 2279 modo
1743 2240 1838 2279 cu-

129 2313 345 2369 stodiet
370 2329 468 2369 vos
484 2329 552 2368 ex
582 2313 763 2368 vobis.

621 2403 706 2456 De
730 2405 985 2469 fraterna
1013 2405 1357 2459 correctione.

205 2494 261 2543 7.
290 2490 353 2544 Et
380 2489 428 2543 si
455 2489 604 2565 hanc
631 2490 699 2545 de
745 2506 859 2561 qua
900 2490 1127 2561 loquor,
1174 2490 1325 2544 oculi
1370 2488 1747 2561 petulantiam
1776 2488 1839 2541 in

133 2576 330 2649 aliquo
386 2581 638 2632 vestrum
692 2577 1073 2643 adverteritis,
1127 2578 1320 2633 statim
1378 2578 1704 2643 admonete,
1767 2593 1840 2631 ne

133 2670 321 2736 empta
360 2665 825 2737 progrediantur,
857 2666 956 2721 sed
986 2667 1055 2722 de
1085 2666 1347 2737 proximo
1368 2667 1749 2736 corrigantur.
1783 2664 1840 2719 Si

134 2758 331 2809 autem
359 2760 414 2810 et
449 2760 582 2825 post
618 2755 1074 2811 admonitionem
1129 2756 1364 2821 iterum,
1397 2755 1487 2809 vel
1530 2754 1642 2808 alio
1692 2769 1836 2823 quo-

133 2859 382 2915 cumque
413 2844 505 2899 die
535 2844 786 2916 idipsum
817 2860 949 2899 eum
978 2845 1164 2899 facere
1206 2844 1484 2910 videritis,
1534 2843 1657 2913 jam
1684 2843 1840 2896 velut

134 2932 500 2988 vulneratum
539 2933 859 2988 sanandum
910 2932 1133 3003 prodat,
1182 2933 1534 3002 quicumque
1577 2930 1683 2984 hoc
1732 2946 1837 3000 po-

132 3020 312 3075 tuerit
334 3020 591 3075 invenire
617 3042 631 3089 ;
656 3021 816 3092 prius
856 3025 1050 3075 tamen
1094 3025 1151 3075 et
1190 3019 1356 3074 alteri
1398 3020 1488 3073 vel
1526 3019 1695 3072 tertio
1739 3019 1836 3073 de-

131 3113 534 3177 monstratum,
576 3113 639 3164 ut
696 3109 945 3163 duorum
990 3108 1078 3162 vel
1126 3108 1303 3162 trium
1350 3107 1534 3178 possit
1583 3123 1679 3161 ore
1710 3122 1836 3161 con-

131 3196 307 3263 vinci,
357 3200 463 3268 l6),
516 3202 573 3252 et
627 3196 976 3269 competenti
1029 3197 1328 3252 severitate
1393 3196 1666 3251 coerceri.
1726 3197 1839 3250 Nec

136 3301 235 3340 vos
278 3285 550 3356 judicetis
610 3302 729 3340 esse
781 3286 1111 3353 malevolos,
1164 3285 1396 3357 quando
1462 3286 1573 3340 hoc
1626 3284 1836 3339 indica-

132 3373 234 3429 tis.
291 3374 465 3445 Magis
509 3374 726 3445 quippe
774 3374 1108 3429 innocentes
1158 3390 1278 3429 non
1334 3374 1487 3440 estis,
1540 3374 1586 3428 si
1636 3374 1838 3428 fratres

132 3465 371 3528 vestros,
402 3478 543 3533 quos
592 3461 896 3516 indicando
946 3462 1233 3533 corrigere
1286 3462 1545 3533 potestis,
1599 3462 1836 3516 tacendo

134 3550 322 3621 perire
352 3549 701 3620 permittitis.
736 3550 793 3605 Si
829 3550 981 3604 enim
1010 3550 1185 3605 frater
1214 3554 1345 3603 tuus
1370 3552 1576 3605 vulnus
1604 3550 1839 3605 haberet

134 3639 199 3692 in
227 3654 481 3709 corpore,
517 3639 674 3709 quod
702 3638 1181 3705 velletoccultari,
1214 3638 1351 3693 dum
1382 3638 1609 3693 timeret
1627 3638 1833 3705 secari;

136 3742 330 3781 nonne
360 3727 666 3782 crudeliter
709 3728 781 3782 ab
833 3732 887 3782 te
940 3728 1224 3792 sileretur,
1287 3732 1342 3781 et
1394 3726 1839 3781 misericorditer

132 3815 517 3871 indicaretur?
545 3817 769 3881 Quanto
798 3834 934 3887 ergo
986 3816 1178 3887 potius
1222 3833 1353 3871 eum
1382 3816 1552 3871 debes
1608 3815 1839 3870 manife-

131 3908 304 3972 stare,
335 3920 406 3959 ne
436 3905 685 3959 deterius
711 3910 1002 3975 putrescat
1033 3905 1093 3959 in
1123 3906 1290 3960 corde
1310 3906 1339 3959 ?
1383 3905 1488 3960 Sed
1527 3910 1837 3976 antequam

130 3991 258 4046 aliis
289 3993 731 4060 demonstretur,
759 4010 864 4064 per
894 4010 1037 4064 quos
1080 3994 1501 4049 convincendus
1532 3999 1637 4060 est,
1666 3994 1713 4047 si
1743 4009 1838 4047 ne-

128 4081 368 4151 gaverit,
401 4082 561 4152 prius
589 4082 925 4152 praaposito‘
958 4082 1127 4137 debet
1156 4083 1399 4149 ostendi,
1433 4083 1479 4136 si
1510 4081 1837 4136 admonitus

128 4170 450 4239 neglexerit
478 4170 707 4242 corrigi,
752 4186 823 4224 ne
854 4170 1001 4224 forte
1030 4171 1211 4239 possit
1240 4170 1511 4225 secretius
1539 4174 1836 4239 correptus

129 4273 249 4312 non
277 4260 635 4314 innotescere
665 4257 909 4313 caeteris.
937 4258 996 4313 Si
1018 4262 1207 4312 autem
1234 4257 1546 4329 negaverit,
1570 4261 1706 4311 tunc
1734 4273 1836 4312 ne-

128 4348 291 4417 ganti
313 4347 620 4403 adhibendi
638 4352 771 4401 sunt
800 4346 913 4409 alii,
944 4352 1009 4401 ut
1031 4347 1154 4418 jam
1185 4363 1378 4401 coram
1408 4346 1675 4400 omnibus
1704 4362 1835 4416 pos-

130 4434 359 4491 sitnon
392 4438 460 4492 ab
511 4454 625 4492 uno
681 4440 825 4491 teste
881 4435 1066 4506 argui,
1124 4435 1219 4489 sed
1251 4451 1283 4489 a
1312 4434 1532 4489 duobus
1588 4434 1837 4489 tribusve

129 4524 412 4580 convinci.
492 4524 793 4580 Convictus
848 4539 982 4577 vero
1030 4522 1338 4577 secundum
1402 4521 1698 4593 praepositi
1748 4522 1836 4575 vel

131 4612 309 4666 etiam
336 4612 675 4683 presbyteri,
699 4612 769 4666 ad
797 4612 959 4682 cujus
978 4610 1460 4682 dispensationem
1476 4610 1839 4680 pertinet,ar-

128 4700 393 4767 bitrium,
426 4700 593 4755 debet
620 4698 1074 4755 emendatoriam
1102 4698 1836 4770 subirevindictamzquam

129 4786 179 4839 si
210 4786 358 4840 ferre
387 4789 753 4855 recusaverit,
785 4787 1011 4843 etiamsi
1064 4788 1186 4858 ipse
1217 4804 1335 4841 non
1364 4787 1714 4855 abscesserit,
1767 4789 1835 4843 de

120 4891 323 4955 petitur
337 4898 385 4939 et
405 4892 607 4955 appetit
620 4893 1045 4954 concupiscentia
1059 4891 1407 4955 feminarum.
1421 4894 1836 4943 DesnosiuszNec

125 4953 413 5017 sototacito
440 4954 657 5017 a/[ectu,
672 4955 765 5003 sed
784 4958 1237 5017 aspectat/uagae.
1263 4956 1498 5017 Denique
1513 4956 1732 5017 epistola
1745 4958 1827 5005 211

128 4969 413 5002 sowtacuo
440 4969 763 5017 allectu,sea
784 4969 1237 5065 αᾶρεοιαιμιοιιιιε.
1263 4969 1498 5018 uemque
1513 4969 1827 5018 epistomzu

128 5016 416 5089 habetmec
436 5016 549 5089 solo
562 5019 725 5089 tacta,
750 5030 805 5067 se
857 5017 1056 5089 amictu
1072 5031 1294 5089 quoque
1323 5020 1376 5067 et
1397 5022 1609 5089 aspectu
1631 5019 1833 5089 appeti-

129 5082 227 5141 tur,
242 5081 293 5127 et
329 5082 528 5141 appetit
556 5078 781 5140 femina;
819 5078 916 5128 ubi
950 5078 1248 5141 Vindingus
1283 5080 1338 5127 in
1368 5078 1603 5128 virerum
1651 5078 1833 5141 regula

128 5139 232 5204 legi
262 5140 437 5204 vellet,
484 5143 530 5190 et
557 5139 781 5203 appetit
828 5142 1039 5204 aliquis.
1090 5139 1252 5189 Po‘rro
1282 5143 1619 5190 Tarnatensis
1651 5139 1834 5204 regula

127 5202 335 5268 huncce
364 5202 539 5251 locum
569 5202 651 5268 sic
676 5202 968 5268 permutat:
995 5204 1096 5253 Sed
1144 5207 1364 5268 aspectu
1406 5217 1620 5267 quoque
1652 5202 1835 5253 concu-

124 5265 383 5328 piscgmtia
408 5265 713 5315 incurritur
736 5265 1083 5328 feminarum.

192 5328 207 5361 ί
235 5327 357 5375 Tres
386 5328 529 5386 Mss.,
558 5331 790 5389 seniori;
836 5341 895 5375 ac
926 5327 1082 5389 paulo
1118 5332 1237 5389 post
1276 5328 1435 5377 iidem
1462 5341 1581 5375 cum
1618 5328 1721 5377 alio
1749 5342 1833 5378 co-

118 5387 261 5448 dice,
318 5388 601 5439 secundum
625 5388 857 5452 fratrum
888 5387 964 5438 vét
985 5387 1151 5440 etiam
1176 5390 1377 5439 abbatis
1411 5389 1482 5439 ad
1500 5390 1676 5450 cujus.

194 5504 264 5559 (α)
294 5500 587 5567 Ede’lugma
622 5503 794 5554 Kurio
816 5498 1086 5555 stt’ridzdn
1121 5504 1447 5567 ophtalmon.

1178 245 1231 299 S.
1275 244 1663 302 AUGUSTINI
1704 244 1996 301 REGULA
2036 245 2134 299 AD
2175 244 2447 300 SERVOS
2487 244 2627 297 DEI.

3531 252 3668 307 l382

1959 370 2145 421 vestra
2183 366 2448 421 societate
2486 366 2838 437 projiciatur.
2879 369 3003 421 Non
3033 369 3186 423 enim
3216 375 3271 423 et
3312 372 3418 425 hoc
3447 373 3513 426 fit
3544 388 3667 427 cru-

1959 456 2183 525 deliter,
2231 457 2331 510 sed
2378 455 2845 523 misericorditer,
2885 473 2957 511 ne
3007 458 3344 528 contagione
3397 460 3665 529 pestifera

1961 545 2240 615 plurimos
2269 544 2485 615 perdat.
2519 546 2583 598 Et
2610 545 2717 598 hoc
2747 546 2897 614 quod
2921 546 3037 600 dixi
3055 547 3122 600 de
3157 548 3318 601 oculo
3342 564 3457 601 non
3486 549 3662 618 ﬁgen-

1961 633 2054 698 do,
2090 634 2262 688 etiam
2300 633 2361 687 in
2412 633 2631 687 czeteris
2672 633 3052 700 inveniendis,
3084 635 3470 704 prohibendis,
3506 637 3658 690 indi-

1959 722 2176 789 candis,
2230 722 2628 776 convincendis
2684 722 3155 794 vindicandisque
3213 725 3477 793 peccatis,
3538 725 3661 779 dili-

1959 817 2162 881 genter
2194 816 2247 865 et
2285 811 2531 865 fideliter
2582 811 2930 876 observetur,
2964 828 3092 864 cum
3133 812 3435 866 dilectione
3473 814 3660 868 homi-

1957 916 2119 967 num,
2148 905 2205 954 et
2234 899 2365 954 odio
2413 899 2703 953 vitiorum.
2740 899 3097 970 Quicumque
3127 905 3318 953 autem
3350 901 3410 953 in
3433 905 3659 955 tantum

1958 1004 2292 1058 progressus
2321 988 2491 1041 fuerit
2522 988 2759 1053 malum,
2785 993 2847 1041 ut
2875 990 3089 1041 occulte
3120 990 3189 1042 ab
3221 989 3410 1059 aliqua
3444 990 3662 1043 litteras

1956 1077 2045 1149 vel
2088 1076 2358 1147 quaelibet
2386 1076 2725 1130 munuscula
2755 1076 2993 1146 accipiat
3023 1076 3063 1143 ί,
3098 1077 3145 1131 si
3174 1077 3278 1131 hoc
3311 1078 3458 1131 ultro
3491 1079 3664 1132 conii-

1958 1170 2133 1233 tetur,
2165 1165 2553 1237 parcaturilli,
2576 1171 2630 1219 et
2655 1170 2851 1219 oretur
2878 1182 2982 1236 pro
3016 1166 3134 1219 illo.
3157 1166 3214 1220 Si
3235 1171 3427 1220 autem
3459 1167 3663 1237 depre-

1956 1253 2227 1307 henditur
2259 1259 2429 1324 atque
2460 1253 2835 1319 convincitur,
2867 1255 3181 1307 secundum
3212 1254 3511 1309 arbitrium
3537 1271 3662 1324 pre-

1958 1341 2169 1411 sbyteri
2200 1344 2286 1395 vel
2317 1342 2613 1411 praepositi
2642 1341 2869 1411 gravius
2901 1343 3258 1396 emendetur.

2026 1448 2102 1499 De
2130 1449 2264 1500 vitio
2290 1449 2575 1516 propriam
2603 1446 2852 1514 aliquam
2879 1462 2996 1500 rem
3036 1447 3144 1499 sibi
3170 1448 3586 1501 viridicantium.

2028 1555 2081 1607 8.
2115 1552 2305 1605 Vestes
2331 1557 2545 1605 vestras
2564 1551 2625 1605 in
2650 1568 2834 1605 unum
2856 1552 3131 1618 habeatis,
3156 1553 3259 1606 sub
3283 1568 3397 1606 uno
3422 1554 3659 1607 custode

1954 1640 2039 1693 vel
2076 1639 2321 1705 duobus,
2353 1641 2440 1694 vel
2474 1644 2613 1709 quot
2642 1640 2900 1693 sufﬁcere
2931 1640 3226 1709 potuerint
3258 1640 3329 1694 ad
3360 1656 3452 1693 eas
3492 1656 3662 1695 excu-

1954 1728 2196 1794 tiendas,
2228 1744 2298 1781 ne
2344 1744 2378 1781 a
2422 1727 2578 1781 tinea
2619 1728 2934 1782 laedantur:
2969 1732 3025 1781 et
3068 1728 3213 1781 sicut
3249 1728 3551 1797 pascimini
3594 1745 3662 1781 ex

1954 1832 2071 1869 uno
2099 1815 2351 1882 cellario,
2371 1815 2450 1869 sic
2472 1815 2792 1870 induamini
2819 1833 2880 1869 ex
2913 1832 3029 1869 uno
3061 1816 3345 1871 vestiario.
3372 1818 3437 1870 Et
3465 1816 3512 1869 si
3533 1816 3660 1870 ﬁeri

1953 1907 2165 1974 potest,
2203 1920 2319 1957 non
2349 1904 2422 1958 ad
2446 1920 2543 1957 vos
2571 1904 2857 1973 pertineat
2886 1904 3038 1974 quod
3066 1902 3221 1957 vobis
3252 1903 3659 1957 indumentum

1954 2007 2058 2062 pro
2089 1997 2419 2061 temporum
2450 1991 2825 2062 congruentia
2852 1992 3193 2062 proferatur,
3218 1995 3414 2046 utrum
3440 1992 3548 2045 hoc
3581 2008 3665 2047 re-
3720 2050 3723 2053 ἰ

1954 2080 2131 2150 cipiat
2162 2080 2555 2151 unusquisque
2592 2081 2744 2151 quod
2784 2080 3142 2150 deposuerat,
3186 2096 3259 2134 an
3298 2080 3449 2135 aliud
3509 2080 3664 2152 quod

1952 2168 2097 2222 alter
2124 2168 2431 2236 habuerat;
2465 2170 2603 2223 dum
2640 2173 2833 2222 tamen
2864 2167 3194 2239 unicuique,
3231 2174 3407 2239 prout
3447 2169 3653 2239 cuique

1951 2273 2094 2328 opus
2127 2262 2229 2325 est,
2264 2272 2380 2311 non
2423 2263 2681 2327 negetur.
2715 2257 2775 2311 Si
2818 2262 3009 2311 autem
3042 2256 3175 2311 hinc
3204 2257 3355 2311 inter
3397 2274 3495 2311 vos
3527 2274 3667 2312 con-

1952 2345 2239 2399 tentiones
2270 2350 2327 2399 et
2354 2361 2654 2398 murmura
2685 2345 2970 2413 oriuntur,
2999 2360 3129 2398 cum
3163 2347 3425 2415 queritur
3453 2345 3663 2416 aliquis

1952 2433 2200 2487 deterius
2249 2449 2306 2487 se
2355 2433 2636 2502 accepisse
2686 2448 2860 2503 quam
2913 2432 3074 2502 prius
3119 2433 3417 2498 habuerat,
3471 2437 3527 2487 et
3582 2433 3665 2487 in-

1952 2522 2193 2592 dignum
2225 2538 2284 2575 se
2316 2538 2436 2575 esse
2461 2522 2560 2591 qui
2582 2537 2697 2575 non
2726 2522 2805 2574 ita
2829 2521 3126 2585 vestiatur,
3153 2522 3297 2575 sicut
3323 2521 3468 2575 alius
3488 2522 3665 2575 frater

1951 2609 2072 2678 ejus
2096 2610 2467 2676 vestiebatur;
2492 2610 2625 2663 hinc
2644 2625 2743 2662 vos
2772 2610 3007 2679 probate
3027 2613 3306 2678 quantum
3330 2609 3486 2662 vobis
3515 2609 3669 2663 desit

1950 2698 2011 2751 in
2040 2698 2135 2751 illo
2168 2697 2440 2751 interiore
2484 2702 2677 2750 sancto
2710 2696 2908 2750 habitu
2945 2695 3150 2763 cordis,
3184 2696 3282 2766 qui
3322 2713 3425 2766 pro
3456 2698 3661 2751 habitu

1949 2785 2200 2855 corporis
2245 2784 2498 2855 litigatis.
2534 2786 2747 2837 Tamen
2779 2784 2825 2836 si
2869 2783 2945 2837 sic
2979 2788 3164 2837 vestra
3195 2784 3471 2837 toleratur
3500 2783 3664 2840 infir-

1949 2874 2131 2934 mitas,
2178 2877 2241 2925 ut
2281 2873 2389 2925 hoc
2436 2872 2722 2941 recipiatis
2772 2871 2925 2941 quod
2977 2871 3390 2941 deposueratis,
3440 2872 3502 2925 in
3546 2888 3661 2926 uno

1947 2966 2141 3016 tamen
2172 2961 2295 3014 loco
2336 2961 2441 3013 sub
2479 2960 2877 3014 communibus
2907 2960 3234 3013 custodibus
3265 2961 3469 3014 habete
3503 2961 3661 3031 quod

1948 3050 2181 3121 ponitis.
2215 3050 2297 3103 lta
2327 3065 2485 3115 sane,
2518 3054 2581 3103 ut
2609 3049 2802 3103 nullus
2831 3048 2940 3102 sibi
2971 3048 3185 3119 aliquid
3221 3053 3527 3119 operetur;
3562 3049 3661 3103 sed

1949 3138 2142 3192 omnia
2174 3154 2351 3208 opera
2381 3141 2567 3191 vestra
2596 3137 2656 3190 in
2690 3152 2995 3190 commune
3015 3136 3158 3190 fiant
3180 3136 3225 3199 ³,
3250 3137 3451 3208 majori
3471 3138 3660 3191 studio

1949 3231 2005 3281 et
2024 3225 2400 3298 frequentiori
2418 3225 2727 3289 alacritate,
2746 3241 2918 3295 quam
2946 3224 2991 3277 si
3008 3224 3166 3278 vobis
3188 3224 3431 3295 singulis
3450 3225 3663 3278 facere-

1950 3315 2021 3369 tis
2050 3315 2298 3385 propria.
2318 3315 2595 3371 \Charitas
2626 3314 2802 3379 enim,
2832 3315 2899 3368 de
2931 3331 3044 3385 qua
3065 3314 3342 3385 scriptum
3374 3318 3481 3381 est,
3505 3314 3659 3384 quod

1946 3420 2064 3458 non
2099 3409 2319 3475 quaerat
2365 3420 2493 3474 qua:
2536 3420 2639 3457 sua
2666 3408 2799 3457 sunt
2838 3404 2882 3469 (Ι
2913 3404 3031 3458 Cor.
3066 3419 3185 3464 xm,
3221 3404 3299 3472 5),
3331 3402 3409 3455 sic
3441 3402 3661 3456 intelli-

1947 3493 2123 3563 gitur,
2158 3493 2292 3564 quia
2320 3492 2647 3546 communia
2676 3489 2942 3562 propriis,
2977 3507 3090 3544 non
3124 3491 3359 3561 propria
3403 3506 3661 3543 commu-

1948 3581 2117 3635 nibus
2148 3581 2463 3651 anteponit.
2490 3582 2553 3634 Et
2573 3580 2703 3634 ideo
2735 3584 2952 3649 quanto
2983 3579 3111 3650 plus
3142 3595 3263 3633 rem
3289 3594 3659 3633 communem

1947 3687 2122 3742 quam
2151 3669 2443 3741 propriam
2472 3674 2713 3724 vestram
2730 3668 3082 3731 curaveritis,
3103 3673 3259 3721 tanto
3288 3684 3383 3721 vos
3410 3668 3661 3737 amplius

1948 3759 2252 3830 profecisse
2296 3758 2600 3824 noveritis;
2648 3764 2713 3811 ut
2767 3757 2827 3810 in
2872 3757 3159 3822 omnibus,
3218 3756 3427 3826 quibus
3479 3755 3663 3809 utitur

1947 3847 2257 3901 transitura
2308 3846 2631 3914 necessitas,
2689 3845 3114 3917 superemineat
3170 3862 3297 3916 qua:
3356 3848 3663 3915 permanet

1955 3935 2217 3990 charitas.
2257 3937 2618 4007 Consequens
2648 3952 2782 4007 ergo
2814 3940 2897 3989 est
2926 3939 2991 3989 ut
3020 3935 3191 3988 etiam
3223 3934 3322 4005 qui
3354 3934 3473 3987 suis
3502 3932 3657 3998 filiis,

1948 4029 2047 4078 aut
2086 4024 2277 4095 aliqua
2314 4024 2733 4078 necessitudine
2777 4024 2845 4078 ad
2875 4039 2933 4077 se
2982 4023 3405 4093 pertinentibus
3443 4021 3501 4075 in
3535 4038 3659 4074 mo-

1946 4114 2196 4166 nasterio
2248 4112 2589 4179 constitutis,
2624 4113 2874 4183 aliquam
2922 4110 3228 4164 contulerit
3270 4114 3507 4175 vestem,
3544 4108 3660 4161 sive

1949 4202 2245 4272 quodlibet
2270 4201 2425 4255 aliud
2455 4201 2605 4254 inter
2631 4199 2950 4254 necessaria
2975 4198 3388 4268 deputandum,
3419 4212 3540 4250 non
3572 4212 3661 4249 oc-

1947 4290 2095 4344 culte
2126 4288 2464 4359 accipiatur;
2498 4289 2591 4343 sed
2629 4289 2702 4342 sit
2731 4290 2789 4342 in
2836 4291 3111 4360 potestate
3151 4284 3467 4356 praepositi,
3506 4288 3569 4338 ut
3600 4284 3658 4338 in

1946 4394 2071 4433 rem
2121 4394 2485 4431 communem
2534 4377 2843 4442 redactum,
2896 4375 2986 4430 cui
3042 4373 3429 4428 necessarium
3486 4372 3661 4427 fuerit

1946 4467 2293 4537 praebeatur.
2325 4466 2483 4530 Quod
2516 4466 2561 4519 si
2591 4466 2799 4536 aliquis
2828 4480 2949 4518 rem
2977 4463 3089 4517 sibi
3131 4463 3397 4517 collatam
3429 4463 3655 4516 celave-

1948 4555 2040 4623 rit,
2073 4554 2210 4609 furti
2232 4555 2449 4625 judicio
2488 4554 2901 4609 condemnetur
2932 4556 2974 4605 ³.

2011 4701 2025 4733 ¹
2056 4699 2270 4748 Codices
2289 4698 2522 4762 plerique
2542 4696 2849 4762 habent:Ab
2869 4695 3047 4762 aliqua
3059 4693 3657 4762 litterasrebquodtibet

1947 4774 2140 4811 munus
2158 4758 2359 4823 accipio
2370 4764 2407 4823 ιν.
2432 4758 2597 4823 Quem
2620 4758 2795 4823 locum
2824 4758 2889 4806 ad
2908 4758 3349 4823 COrbeiensisMs1
3368 4758 3524 4823 fidem
3542 4772 3654 4823 cor-

1946 4825 2201 4890 reximus,
2235 4820 2399 4890 secuti
2434 4822 2591 4870 etiam
2620 4820 2806 4890 hocin
2836 4834 2890 4869 re
2925 4820 3292 4890 conjecturam
3314 4820 3573 4890 Stellartii
3605 4823 3656 4869 et

1948 4885 2218 4948 Vindingi,
2242 4885 2332 4947 qui
2361 4882 2774 4948 demunusculis
2801 4882 3069 4948 amatoriis
3096 4882 3146 4948 id
3169 4883 3380 4948 praecipi
3401 4883 3656 4948 arbitran—

1945 4951 2058 5007 tur;
2086 4944 2319 5007 adéoque
2342 4951 2398 4995 ut
2419 4945 2472 4993 in
2502 4944 2817 4993 feminarum
2848 4944 3030 5007 regula
3050 4944 3259 5007 legitur,
3283 4945 3347 4994 ab
3363 4946 3560 5006 aliqua,
3580 4944 3654 5007 sic

1946 5006 2570 5077 legendumbic‘esse,_ab
2590 5006 2978 5077 a_liqqq._l’aulo
2997 5006 3120 5077 post
3146 5006 3346 5077 adhaac
3363 5006 3653 5077 verbanve‘l

1939 5067 2235 5134 prapositi,
2253 5070 2465 5134 additur
2484 5069 2536 5134 in
2554 5067 2701 5130 epist.
2726 5071 2831 5134 2U,
2850 5067 3117 5134 ueletiam
3136 5067 3374 5134 episcom'
3387 5083 3407 5124 ,ο
3426 5067 3566 5130 quod
3587 5068 3651 5115 ab

1946 5130 2194 5182 omnibus
2224 5130 2615 5194 exemplaribus
2640 5132 2836 5193 regulas
2869 5131 2992 5179 viris
3018 5135 3207 5194 aptatae
3234 5132 3399 5183 abest.

2008 5196 2029 5230 ²
2054 5195 2209 5249 Editi,
2240 5194 2296 5243 in
2323 5189 2487 5242 unum
2515 5189 2659 5252 ﬁant.
2690 5189 2756 5241 At
2784 5194 2904 5242 Mss.
2936 5189 3164 5255 potiores
3193 5192 3405 5255 habent,
3433 5191 3485 5238 in
3514 5204 3653 5255 com-

1944 5270 2124 5325 mune:
2153 5258 2235 5325 lta_
2263 5255 2601 5325 etiam_epist._
2631 5258 2711 5303 2H
2732 5292 2743 5311 ,
2770 5253 2963 5325 inqua
2991 5254 3148 5325 paulo
3170 5258 3310 5325 ante,
3339 5253 3404 5301 ad
3430 5254 3649 5325 verbum

1945 5318 2210 5389 operetur,
2223 5318 2334 5365 haec
2360 5314 2642 5389 subjuncta
2662 5321 2786 5389 sunt
2806 5314 2952 5389 :Sive
2968 5314 3103 5389 unde
3122 5316 3405 5389 induatur.
3420 5316 3526 5389 sive
3542 5314 3653 5389 ubi.

1939 5378 2136 5443 jaceat,
2148 5382 2254 5428 sive
2264 5378 2782 5443 andecipngatunoet
2799 5381 3083 5443 aperiatur
3099 5379 3202 5436 wet
3214 5380 3372 5443 caput
3389 5378 3652 5443 contegat.

2008 5444 2028 5478 ³
2044 5442 2230 5494 Istluec
2256 5440 2539 5504 sententia,
2558 5442 2699 5497 Quod
2718 5444 2758 5489 si
2777 5440 2974 5504 aliquis
2993 5452 3124 5497 rem,
3153 5443 3253 5487 etc.
3274 5455 3286 5499 ;
3309 5440 3459 5488 abest
3474 5453 3505 5488 a
3524 5440 3653 5489 Cor-

1946 5504 2143 5554 beiensi
2174 5508 2224 5551 et
2253 5504 2318 5551 ab
2348 5503 2461 5550 aliis
2492 5502 2753 5566 plerisque
2789 5502 2909 5551 Mss.
