3970 6146
264 241 398 294 i383

321 361 404 414 De
433 359 660 413 vestium
690 356 902 421 latione,
931 352 998 406 de
1030 350 1254 416 balneis,
1287 348 1456 416 deque
1487 347 1615 401 aliis
1643 345 1902 401 curandis

765 445 1008 510 fratrum
1043 438 1468 494 necessitatibus.

334 559 386 610 9.
417 553 764 608 Indumenta
791 553 978 604 vestra
1007 545 1322 600 secundum
1346 542 1645 598 arbitrium
1672 538 1966 612 praepositi

262 641 546 707 laventur,
580 639 694 692 sive
735 655 766 691 a
813 635 991 701 vobis,
1025 634 1138 688 sive
1178 650 1211 686 a
1256 631 1585 696 fullonibus,
1622 647 1692 684 ne
1738 628 1965 682 interio-

265 746 353 783 res
384 730 588 783 animm
619 727 810 780 sordes
835 723 1133 778 contrahat
1164 721 1395 776 mundte
1420 720 1588 774 vestis
1621 718 1833 772 nimius
1865 735 1966 788 ap-

264 817 491 889 petitus.
530 817 834 869 Lavacrum
861 813 1034 867 etiam
1061 810 1308 881 corpori,
1342 826 1471 864 cum
1503 807 1850 862 infirmitatis
1871 823 1966 860 ne-

262 905 491 960 cessitas
516 905 685 975 cogit,
718 902 954 956 minime
978 902 1293 970 denegetur
1314 901 1351 954 ¹.
1382 899 1500 952 Fiat
1521 898 1640 950 sine
1668 912 1964 951 murmure

261 995 329 1050 de
363 993 599 1048 consilio
635 992 860 1055 medici,
893 991 966 1045 ita
996 996 1060 1044 ut
1090 990 1261 1044 etiam
1289 988 1335 1041 si
1366 988 1530 1052 nolit,
1556 987 1792 1057 jubente
1823 1001 1966 1055 prte-

261 1083 446 1154 posito
478 1082 643 1136 faciat
670 1081 823 1152 quod
851 1080 1174 1134 faciendum
1205 1082 1289 1132 est
1317 1095 1421 1148 pro
1453 1077 1649 1130 salute.
1686 1075 1743 1128 Si
1774 1081 1964 1128 autem

261 1171 415 1238 velit,
443 1176 500 1225 et
528 1171 674 1224 forte
707 1187 821 1223 non
853 1167 1101 1239 expedit,
1131 1184 1247 1220 sua:
1279 1164 1576 1235 cupiditati
1599 1180 1714 1218 non
1739 1162 1965 1217 obedia-

260 1265 392 1314 tur:
425 1259 734 1330 aliquando
762 1257 918 1312 enim
948 1257 1120 1310 etiam
1153 1256 1197 1308 si
1225 1259 1443 1317 noceat,
1471 1253 1743 1323 prodesse
1774 1257 1963 1305 tamen

259 1349 515 1404 creditur
545 1349 695 1418 quod
729 1347 990 1401 delectat.
1027 1344 1280 1413 Denique
1321 1343 1365 1395 si
1395 1343 1575 1395 latens
1605 1347 1690 1394 est
1716 1340 1878 1394 dolor
1907 1339 1967 1392 in

258 1454 519 1508 corpore,
552 1437 769 1491 famulo
802 1435 902 1489 Dei
935 1433 1144 1488 dicenti
1177 1432 1314 1503 quid
1343 1432 1449 1485 sibi
1477 1431 1682 1496 doleat,
1717 1429 1838 1482 sine
1867 1428 1967 1482 du-

257 1526 535 1581 bitatione
567 1525 866 1579 credatur:
896 1522 994 1576 sed
1026 1528 1216 1576 tamen
1245 1526 1438 1574 utrum
1471 1519 1723 1573 sanando
1757 1518 1837 1571 illi
1870 1518 1966 1571 do-

261 1614 391 1680 lori,
420 1615 573 1684 quod
605 1614 867 1676 delectat,
912 1611 1197 1680 expediat,
1231 1609 1276 1662 si
1308 1627 1418 1663 non
1450 1613 1534 1662 est
1563 1614 1804 1672 certum,
1837 1623 1962 1661 me-

261 1703 420 1757 dicus
450 1702 794 1756 consulatur.
821 1701 931 1754 Nec
958 1703 1090 1752 eant
1115 1699 1185 1752 ad
1215 1699 1438 1763 balnea,
1465 1697 1581 1750 sive
1602 1710 1965 1766 quocumque

259 1791 342 1845 ire
381 1806 606 1845 necesse
647 1790 838 1854 fuerit,
871 1788 1062 1842 minus
1103 1802 1277 1858 quam
1315 1787 1428 1840 duo
1466 1786 1554 1839 vel
1592 1789 1724 1838 tres.
1770 1785 1834 1838 Et
1870 1785 1964 1837 ille

259 1880 360 1950 qui
387 1880 558 1934 habet
587 1878 778 1949 aliquo
803 1877 975 1931 eundi
1000 1876 1413 1941 necessitatem,
1439 1890 1568 1928 cum
1590 1873 1798 1944 quibus
1818 1888 1963 1942 prm-

261 1969 478 2041 positus
503 1968 759 2040 jusserit,
787 1967 868 2020 ire
897 1965 1124 2020 debebit
1147 1968 1186 2018 ².
1221 1964 1638 2035 Aigrotantium
1664 1978 1820 2028 cura,
1848 1962 1963 2016 sive

259 2062 391 2128 post
419 2056 825 2128 aegritudinem
853 2054 1318 2119 reﬁciendorum,
1351 2053 1466 2106 sive
1490 2052 1683 2123 aliqua
1713 2050 1965 2106 imbecil-

258 2144 417 2200 litate
450 2144 624 2198 etiam
656 2144 775 2198 sine
806 2143 1058 2197 febribus
1088 2142 1486 2206 laborantium,
1521 2140 1621 2194 uni
1653 2139 1822 2193 alicui
1866 2138 1963 2192 de-

259 2234 356 2289 bet
397 2233 644 2304 injungi,
677 2235 756 2301 fut
799 2232 920 2302 ipse
966 2233 1035 2286 de
1083 2231 1313 2286 cellario
1358 2235 1516 2301 petat
1561 2231 1715 2301 quod
1757 2231 1964 2302 cuique

258 2338 404 2393 opus
442 2339 563 2376 esse
607 2319 977 2392 perspexerit.
1019 2319 1144 2374 Sive
1184 2324 1372 2373 autem
1417 2321 1517 2388 qui
1558 2319 1807 2386 cellario,
1850 2321 1964 2375 sive

260 2410 361 2482 qui
400 2409 666 2472 vestibus,
712 2409 827 2462 sive
877 2408 978 2479 qui
1018 2407 1308 2462 codicibus
1353 2413 1791 2477 praeponuntur,
1840 2409 1963 2463 sine

262 2514 558 2553 murmure
595 2497 844 2551 serviant
886 2496 1158 2550 fratribus
1196 2495 1330 2549 suis.
1367 2495 1595 2550 Codices
1635 2499 1788 2549 certa
1825 2495 1965 2548 hora

259 2587 499 2658 singulis
540 2587 742 2640 diebus
781 2589 1085 2656 petantur:
1124 2589 1282 2639 extra
1328 2585 1530 2638 horam
1575 2584 1674 2656 qui
1711 2584 1962 2655 petierit,

261 2691 379 2730 non
411 2675 676 2746 accipiat.
708 2674 1058 2729 Vestimenta
1082 2690 1214 2729 vero
1241 2677 1297 2728 et
1325 2673 1705 2727 calceamenta
1734 2673 1963 2744 quando

263 2762 656 2833 indigentibus
675 2763 886 2817 fuerint
910 2763 1241 2825 necessaria,
1270 2761 1406 2816 dare
1427 2778 1542 2815 non
1573 2761 1840 2816 differant
1861 2762 1965 2814 sub

259 2868 506 2924 quorum
537 2852 791 2907 custodia
821 2857 954 2906 sunt
981 2867 1110 2922 quae
1139 2855 1473 2922 poscuntur.

260 2981 331 3032 De
367 2977 598 3047 petenda
624 2979 803 3044 venia,
835 2981 886 3031 et
915 2976 1129 3046 offensis
1169 2974 1536 3029 condonandis
1567 2991 1634 3028 ea:
1664 2975 1954 3028 charitatc.

335 3086 417 3140 10.
467 3083 614 3138 Lites
653 3088 748 3138 aut
783 3084 968 3137 nullas
1007 3081 1283 3148 habeatis,
1316 3086 1415 3136 aut
1453 3098 1627 3152 quam
1669 3081 1964 3135 celerrime

260 3171 494 3238 finiatis,
526 3187 597 3225 ne
631 3171 716 3224 ira
753 3174 965 3224 crescat
993 3167 1052 3222 in
1091 3168 1306 3235 odium,
1340 3173 1398 3222 et
1428 3167 1647 3222 trabem
1695 3167 1863 3221 faciat
1895 3167 1964 3221 de

259 3261 495 3326 festuca,
530 3263 586 3312 et
626 3258 880 3313 animam
927 3257 1095 3311 faciat
1122 3255 1492 3310 homicidam.
1526 3256 1616 3311 Sic
1646 3255 1801 3310 enim
1831 3257 1967 3328 legi-

261 3349 366 3403 tis:
413 3347 519 3414 Qui
550 3346 665 3401 odit
707 3348 940 3413 fratrem
976 3360 1152 3412 suum,
1189 3345 1460 3399 homicida
1499 3350 1576 3400 est
1619 3345 1661 3415 (I
1691 3348 1845 3400 Joan.
1881 3363 1961 3413 ιιι,

266 3438 370 3506 15).
422 3436 782 3506 Quicumque
831 3433 1082 3489 convicio
1129 3435 1218 3488 vel
1280 3433 1608 3498 maledicto,
1654 3435 1741 3488 vel
1792 3434 1964 3489 etiam

260 3526 516 3591 criminis
537 3525 761 3597 objectu
781 3525 1026 3596 aliquem
1052 3523 1216 3591 laesit,
1236 3523 1563 3578 meminerit
1581 3523 1966 3578 satisfactione

259 3615 598 3686 quantocius
617 3631 817 3669 curare
843 3613 997 3686 quod
1027 3613 1180 3681 fecit,
1205 3617 1260 3667 et
1279 3613 1374 3668 ille
1397 3613 1495 3684 qui
1516 3613 1684 3668 ltesus
1714 3617 1818 3680 est,
1842 3613 1964 3667 sine

259 3704 668 3776 disceptatione
708 3703 1014 3758 dimittere.
1065 3702 1124 3756 Si
1163 3707 1355 3756 autem
1399 3701 1642 3756 invicem
1693 3717 1750 3755 se
1798 3701 1964 3756 lazse—

261 3793 394 3861 rint,
428 3793 669 3848 invicem
713 3791 822 3846 sibi
863 3791 1054 3846 debita
1099 3791 1349 3845 relaxare
1390 3790 1699 3859 debebunt,
1734 3795 1966 3862 pr0pter

261 3881 546 3936 orationes
577 3884 820 3945 vestras;
853 3896 994 3949 quas
1037 3879 1236 3948 utique
1270 3883 1484 3948 quanto
1519 3879 1831 3933 crebriores
1861 3881 1963 3934 ha-

261 3969 424 4036 betis,
459 3971 616 4023 tanto
656 3968 914 4022 saniores
944 3967 1155 4022 habere
1185 3967 1421 4022 debetis.
1457 3967 1651 4022 Melior
1679 3971 1765 4022 est
1811 3969 1964 4023 enim

262 4057 362 4130 qui
387 4056 648 4129 quamvis
668 4057 754 4112 ira
785 4072 935 4129 saipe
964 4059 1238 4127 tentatur,
1261 4059 1453 4111 tamen
1479 4055 1789 4126 impetrare
1814 4057 1966 4112 festi-

261 4150 360 4202 nat
392 4149 454 4200 ut
482 4144 591 4200 sibi
620 4145 892 4215 dimittat,
925 4145 1016 4199 cui
1052 4161 1110 4199 se
1139 4145 1339 4200 fecisse
1377 4145 1636 4216 agnoscit
1667 4143 1962 4217 injuriam,

261 4252 435 4307 quam
473 4234 572 4308 qui
614 4235 833 4290 tardius
871 4233 1154 4301 irascitur,
1197 4237 1253 4289 et
1284 4234 1356 4288 ad
1393 4233 1619 4290 veniam
1657 4235 1963 4305 petendam

260 4324 547 4379 difﬁcilius
584 4323 895 4378 inclinatur
921 4321 962 4378 ⁵.
996 4323 1103 4388 Qui
1145 4338 1263 4378 non
1301 4324 1422 4378 vult
1459 4324 1743 4378 dimittere
1781 4323 1961 4391 fratri,

260 4428 380 4466 non
428 4417 619 4484 speret
666 4413 918 4484 accipere
965 4411 1237 4467 orationis
1283 4413 1590 4467 effectum:
1634 4412 1734 4484 qui
1772 4419 1964 4467 autem

262 4517 555 4572 nunquam
585 4502 707 4556 vult
730 4507 924 4572 petere
953 4501 1199 4567 veniam,
1226 4505 1323 4554 aut
1348 4516 1462 4554 non
1493 4517 1559 4554 ex
1582 4501 1773 4556 animo
1799 4502 1966 4572 petit,

263 4589 386 4643 sine
417 4605 586 4643 causa
615 4594 701 4643 est
727 4589 788 4643 in
830 4591 1196 4657 monasterio,
1229 4588 1446 4643 etiamsi
1478 4589 1611 4643 inde
1645 4607 1760 4644 non
1790 4591 1966 4661 proji-

264 4676 467 4732 ciatur.
493 4677 741 4732 Proinde
763 4679 924 4732 vobis
954 4694 986 4732 a
1005 4679 1190 4732 verbis
1215 4678 1542 4734 durioribus
1570 4679 1815 4750 parcite;
1840 4697 1967 4752 quae

330 4833 345 4866 ι
371 4829 432 4880 In
463 4829 682 4894 epistola
706 4833 792 4880 2H
818 4833 892 4881 sic
918 4831 1163 4882 habetur:
1185 4835 1479 4884 Lavacrum
1497 4834 1652 4884 etiam
1677 4847 1968 4894 carpat-um

261 4892 830 4960 ususquebaluearum
848 4907 958 4946 non
976 4897 1044 4960 sit
1059 4895 1308 4947 assiduus
1326 4912 1339 4956 ;
1356 4897 1448 4960 sed
1461 4909 1520 4946 eo
1541 4911 1637 4960 quo
1658 4892 1789 4948 solet
1807 4897 1968 4947 inter-

262 4957 672 5028 callo’tqmporis
688 4957 966 5028 tribuatur,
991 4957 1084 5008 hoc
1113 4964 1192 5028 est
1209 4959 1372 5028 semel
1392 4962 1445 5028 in
1476 4957 1659 5008 mense.
1685 4961 1854 5020 Cujus
1870 4973 1970 5028 au-

261 5024 372 5085 tem
392 5015 724 5085 inﬁrmitatis
742 5023 1030 5070 necessitas
1049 5023 1187 5083 cogit
1209 5021 1496 5072 lavandum
1514 5034 1718 5085 corpus,
1733 5015 1841 5072 η’οη
1862 5023 1970 5072 lon-

262 5084 395 5146 gius
413 5080 725 5146 cli/feratur.
761 5085 880 5133 Fiat
912 5086 1042 5146 sine,
1057 5080 1350 5146 murmure.

327 5145 348 5178 ²
368 5143 610 5208 Quatuor
633 5145 752 5208 Mss.
774 5148 904 5208 :Nec
921 5148 1010 5208 qui
1023 5143 1387 5208 habetalicubi
1409 5146 1570 5197 eundi
1586 5147 1967 5206 necessitatem,

265 5207 604 5319 ἓιὲἔιᾳυὶὺιιδ
619 5207 738 5271 ipse
755 5207 1007 5268 voluerit,
1019 5207 1108 5256 sed
1117 5221 1236 5258 cum
1253 5209 1438 5272 quibus
1456 5209 1633 5259 senior
1634 5209 1878 5271 jusserit,
1891 5209 1971 5259 ire

304 5281 434 5319 εοει.

329 5334 343 5367 ι
371 5331 532 5401 Editi,
548 5331 761 5385 tardius
776 5332 1094 5384 inclinatur.
1112 5332 1282 5384 Atille.
1298 5333 1451 5384 Corb.
1471 5333 1682 5398 aliique,
1695 5332 1972 5397 difﬁcilius

1280 227 1334 282 S.
1378 222 1761 282 AUGUSTINI
1808 218 2099 278 REGULA
2137 218 2236 275 AD
2280 213 2552 274 SERVOS
2590 213 2734 270 DEI.

3656 213 3677 262 l
3691 211 3791 263 384

2073 342 2121 396 si
2146 342 2352 397 emissa
2378 339 2593 395 fuerint
2624 354 2693 392 ex
2721 338 3038 403 orevestro,
3063 349 3184 389 non
3210 333 3409 406 pigeat
3424 350 3499 388 ex
3530 333 3670 405 ipso
3701 351 3793 388 ore

2071 431 2330 502 proferre
2378 428 2814 491 medicamenta,
2870 426 3020 480 unde
3087 425 3237 478 facta
3310 432 3445 478 sunt
3523 423 3788 478 vulnera.

2073 521 2310 585 Quando
2342 523 2533 573 autem
2563 516 2868 572 necessitas
2898 513 3210 585 disciplinae
3238 512 3299 568 in
3329 513 3600 567 moribus
3634 529 3790 566 coer—

2073 609 2289 675 cendis,
2322 609 2510 662 dicere
2534 624 2632 661 vos
2657 605 2828 660 verba
2856 605 3002 659 dura
3022 603 3336 674 compellit,
3369 603 3416 657 si
3463 602 3660 656 etiam
3691 603 3791 671 ipsi

2073 698 2313 752 modum
2345 713 2440 751 vos
2471 694 2770 750 excessisse
2801 692 3045 758 sentitis,
3102 707 3216 745 non
3242 707 3277 744 a
3321 689 3490 744 vobis
3543 689 3792 759 exigitur

2072 785 2381 840 utavobis
2428 783 2668 838 subditis
2723 783 2948 836 veniam
3002 779 3321 851 postuletis,
3381 795 3455 832 ne
3490 779 3655 849 apud
3703 794 3794 832 eos

2072 892 2212 946 quos
2244 878 2472 945 oportet
2517 889 2638 927 esse
2679 871 2984 941 subjectos,
3031 870 3168 924 dum
3214 868 3469 922 nimium
3530 873 3792 920 servatur

2071 963 2386 1028 humilitas,
2419 960 2659 1032 regendi
2698 960 2998 1030 frangatur
3035 955 3384 1022 auctoritas;
3431 955 3542 1009 sed
3597 960 3790 1009 tamen

2072 1053 2320 1122 petenda
2346 1056 2432 1105 est
2463 1049 2625 1103 venia
2652 1049 2721 1102 ab
2753 1047 3015 1102 omnium
3037 1045 3280 1100 Domino
3308 1044 3412 1115 qui
3431 1043 3790 1098 novitetiam

2073 1157 2168 1195 eos
2199 1157 2341 1212 quos
2372 1141 2504 1210 plus
2527 1139 2684 1209 justo
2737 1136 2880 1191 forte
2910 1133 3216 1205 corripitis,
3270 1137 3493 1205 quanta
3535 1133 3791 1186 benevoo

2074 1230 2253 1284 lentia
2281 1227 2550 1299 diligatis.
2585 1227 2709 1280 Non
2753 1230 2944 1279 autem
2993 1222 3256 1292 carnalis,
3311 1221 3412 1276 sed
3467 1221 3792 1292 spiritualis

2072 1319 2223 1372 inter
2250 1335 2345 1372 vos
2377 1317 2548 1370 debet
2577 1331 2698 1370 esse
2721 1313 2969 1368 dilectio.

2385 1407 2467 1459 De
2495 1404 2798 1459 obedientia
2824 1402 3112 1473 praeposito
3141 1399 3470 1454 exhibenda.

2150 1498 2232 1549 ll.
2268 1493 2581 1564 Praeposito
2631 1497 2906 1562 tanquam
2963 1489 3112 1560 patri
3169 1488 3474 1542 obediatur
3517 1486 3538 1519 ¹
3568 1507 3584 1555 ;
3617 1487 3796 1541 multo

2071 1584 2256 1653 magis
2289 1583 2620 1653 presbytero
2648 1581 2748 1652 qui
2778 1579 3038 1634 omnium
3071 1583 3320 1632 vestrum
3371 1593 3585 1630 curam
3615 1578 3788 1647 gerit.

2075 1673 2144 1726 Ut
2174 1687 2308 1742 ergo
2339 1677 2543 1724 cuncta
2572 1670 2678 1723 ista
2729 1675 3048 1733 serventur,
3098 1672 3155 1720 et
3202 1667 3250 1719 si
3300 1665 3439 1736 quid
3501 1671 3795 1719 servatum

2073 1761 2266 1815 minus
2299 1759 2490 1825 fuerit,
2544 1775 2658 1812 non
2706 1757 3074 1827 negligenter
3117 1757 3528 1825 praztereatur,
3585 1754 3693 1807 sed
3739 1761 3794 1808 ut

2073 1848 2500 1903 emendandum
2551 1846 3074 1915 corrigendumque
3123 1847 3374 1908 curetur,
3411 1843 3485 1896 ad
3520 1844 3796 1913 praeposi-

2072 1943 2197 1991 tum
2223 1937 2510 2007 praecipue
2538 1933 2868 2006 pertinebit,
2900 1937 2964 1986 ut
3019 1933 3090 1986 ad
3119 1932 3580 2002 prazsbyterum,
3634 1931 3794 2000 cujus

2071 2033 2155 2082 est
2179 2027 2333 2098 apud
2361 2043 2455 2080 vos
2484 2027 2667 2095 major
2695 2023 3023 2088 auctoritas,
3070 2021 3281 2076 referat
3331 2021 3497 2091 quod
3552 2021 3792 2074 modum

2072 2117 2158 2170 vel
2206 2116 2351 2170 vires
2387 2115 2509 2185 ejus
2551 2113 2792 2168 excedit.
2846 2113 2969 2182 Ipse
3020 2127 3154 2164 vero
3204 2109 3304 2181 qui
3342 2109 3515 2163 vobis
3561 2114 3792 2178 praeest,

2071 2221 2187 2260 non
2217 2221 2276 2257 se
2307 2203 2590 2257 existimet
2629 2205 2909 2272 potestate
2952 2199 3312 2262 dominante,
3363 2198 3465 2253 sed
3514 2197 3795 2252 charitate

2071 2293 2350 2348 serviente
2381 2292 2626 2346 felicem.
2688 2291 2912 2344 Honore
2943 2305 3141 2342 coram
3192 2287 3352 2342 vobis
3403 2287 3701 2358 praelatus
3729 2288 3794 2340 sit

2069 2381 2257 2447 vobis;
2291 2380 2498 2434 timore
2528 2395 2718 2433 coram
2757 2379 2871 2432 Deo
2931 2368 3248 2430 substratus
3277 2375 3350 2428 sit
3392 2375 3657 2446 pedibus
3687 2392 3796 2428 ves-

2070 2470 2190 2525 tris.
2241 2469 2400 2525 Circa
2429 2485 2628 2524 omnes
2659 2467 2912 2539 seipsum
2942 2467 3227 2520 bonorum
3255 2480 3507 2535 operum
3531 2465 3796 2535 praebeat

2071 2560 2401 2630 exemplum
2435 2561 2561 2629 (Tit.
2593 2576 2650 2625 ιι,
2683 2558 2760 2627 7).
2795 2555 3081 2626 Corripiat
3110 2554 3420 2625 inquietos,
3459 2555 3797 2607 consoletur

2072 2647 2485 2719 pusillanimes,
2515 2645 2788 2717 suscipiat
2816 2645 3095 2709 infirmos,
3128 2642 3350 2713 patiens
3384 2643 3458 2695 sit
3488 2644 3568 2696 ad
3595 2659 3794 2696 omnes

2074 2738 2110 2806 (Ι
2145 2737 2389 2802 Thess.v,
2438 2737 2563 2805 lli);
2609 2733 2972 2805 disciplinam
3012 2733 3194 2787 libens
3225 2731 3458 2797 haheat,
3516 2737 3789 2785 metuens

2072 2826 2330 2894 imponat
2355 2823 2394 2879 ³.
2430 2825 2493 2878 Et
2521 2823 2783 2894 quamvis
2807 2827 3120 2892 utrumque
3153 2819 3225 2873 sit
3255 2818 3683 2884 necessarium,
3714 2824 3791 2872 ta-

2073 2929 2206 2968 men
2237 2914 2364 2983 plus
2401 2930 2431 2966 a
2460 2911 2620 2968 vobis
2650 2910 2830 2965 amari
2862 2913 3116 2981 appetat,
3148 2924 3324 2979 quam
3369 2908 3574 2961 timeri
3600 2927 3616 2973 ;
3651 2924 3794 2962 sem—

2071 3018 2176 3072 per
2204 3001 2461 3071 cogitans
2483 2999 2506 3034 ⁵
2540 3002 2653 3054 Deo
2685 3017 2742 3054 se
2765 3016 2868 3070 pro
2896 2999 3055 3053 vobis
3077 2997 3436 3052 redditurum
3470 3013 3601 3050 esse
3615 2997 3788 3050 ratio-

2072 3106 2226 3145 nem.
2269 3090 2422 3143 Unde
2452 3105 2548 3143 vos
2578 3089 2759 3159 magis
2791 3087 3134 3154 obediendo,
3178 3103 3294 3140 non
3334 3086 3532 3139 solum
3596 3087 3789 3148 vestri,

2073 3179 2170 3233 sed
2203 3179 2373 3232 etiam
2401 3177 2581 3248 ipsius
2614 3177 3010 3244 miseremini;
3042 3176 3176 3245 quia
3232 3175 3386 3228 inter
3433 3191 3542 3227 vos
3575 3178 3790 3245 quanto

2073 3269 2194 3322 loco
2227 3266 2542 3337 superiore,
2565 3271 2725 3320 tanto
2755 3266 2813 3320 in
2842 3265 3097 3336 periculo
3128 3265 3345 3334 majore
3377 3268 3671 3318 versatur.

2129 3358 2208 3411 De
2228 3357 2428 3425 regulae
2466 3355 2692 3410 liberali
2727 3355 3073 3409 observantia
3102 3359 3150 3407 et
3175 3355 3458 3422 frequenti
3488 3353 3738 3406 lectione.

2147 3447 2231 3497 t2.
2263 3444 2446 3497 Donet
2478 3441 2753 3496 Dominus
2795 3446 2860 3496 ut
2901 3440 3214 3495 observetis
3272 3440 3396 3493 haec
3426 3439 3638 3494 omnia
3667 3457 3791 3494 cum

2073 3532 2435 3598 dilectione‘,
2469 3535 2744 3602 tanquam
2785 3530 3102 3601 spiritualis
3131 3529 3597 3600 pulchritudinis
3647 3545 3793 3583 ama-

2072 3624 2246 3688 tores,
2279 3624 2334 3674 et
2363 3619 2513 3673 bono
2551 3617 2760 3673 Christi
2811 3617 2984 3672 odore
3029 3617 3099 3692 de
3145 3616 3294 3670 bona
3349 3617 3792 3670 conversatione

2073 3710 2411 3780 fragrantes,
2457 3723 2575 3762 non
2603 3707 2751 3760 sicut
2780 3706 2928 3760 servi
2959 3705 3065 3760 sub
3091 3705 3235 3776 lege,
3270 3705 3370 3760 sed
3406 3704 3564 3758 sicut
3624 3705 3793 3759 liberi

2074 3798 2177 3852 sub
2208 3797 2390 3868 gratia
2429 3795 2742 3851 constituti.
2779 3797 2849 3848 Ut
2904 3799 3098 3848 autem
3156 3809 3254 3848 vos
3310 3793 3371 3846 in
3431 3793 3546 3846 hoc
3602 3793 3790 3847 libello

2072 3890 2348 3957 tanquam
2373 3884 2434 3938 in
2466 3886 2695 3957 speculo
2726 3883 2954 3955 possitis
2978 3882 3283 3953 inspicere,
3305 3897 3376 3935 ne
3408 3897 3515 3951 per
3540 3881 3788 3935 oblivio-

2072 3989 2205 4028 nem
2238 3973 2453 4044 aliquid
2482 3972 2810 4044 negligatis,
2840 3973 3016 4026 semel
3047 3972 3107 4025 in
3152 3969 3480 4040 septimana
3513 3971 3682 4024 vobis
3711 3971 3790 4024 le-

2073 4067 2258 4134 gatur.
2295 4064 2360 4118 Et
2383 4062 2480 4117 ubi
2509 4077 2606 4116 vos
2636 4061 2973 4115 inveneritis
3004 4077 3071 4115 ea
3115 4076 3245 4132 qua:
3276 4059 3492 4129 scripta
3543 4065 3682 4114 sunt
3709 4060 3788 4113 fa-

2072 4151 2304 4218 cientes,
2338 4151 2488 4222 agite
2519 4150 2733 4220 gratias
2764 4149 3008 4204 Domino
3038 4150 3323 4203 bonorum
3356 4147 3627 4202 omnium
3682 4148 3791 4200 lar-

2073 4239 2417 4311 gitorizubi
2477 4244 2671 4294 autem
2729 4237 2837 4292 sibi
2893 4238 3249 4308 quicumque
3319 4240 3582 4290 vestrum
3642 4234 3790 4288 videt

2076 4327 2298 4399 aliquid
2329 4328 2544 4394 deesse,
2569 4327 2758 4381 doleat
2787 4327 2856 4381 de
2883 4327 3205 4396 praeterito,
3243 4330 3442 4378 caveat
3473 4323 3547 4378 de
3573 4324 3788 4388 futuro,

2076 4433 2246 4472 orans
2275 4421 2338 4471 ut
2367 4421 2424 4471 et
2451 4415 2708 4471 debitum
2741 4414 3086 4482 dimittatur,
3119 4418 3175 4469 et
3192 4411 3658 4468 intentationem
3679 4428 3790 4466 non

2076 4505 2399 4561 inducatur.
2431 4508 2634 4558 Amen.

2141 4651 2155 4684 ί
2188 4646 2516 4696 Corbeiensis
2537 4649 2686 4695 vetus
2715 4643 2908 4694 codex:
2936 4642 3216 4693 Obediatur
3243 4639 3446 4691 honore
3469 4644 3702 4700 ser-voto,
3724 4655 3794 4692 ne

2077 4713 2130 4760 in
2152 4710 2244 4759 illo
2264 4707 2576 4772 o/rendatur
2622 4707 2886 4772 Deus._l_ta
2900 4706 3058 4772 etiam
3089 4705 3178 4753 alii
3206 4708 3452 4768 quatuor,
3483 4706 3579 4767 qui
3613 4718 3792 4767 prose-

2078 4769 2332 4837 quuntur,
2359 4771 2525 4837 multo
2555 4769 2951 4837 magisAbbali.
3001 4799 3024 4837 _.

2139 4837 2160 4900 ξ
2187 4829 2332 4894 Lov.,
2370 4829 2687 4900 metuendus
2716 4834 2971 4900 imponat.
2986 4829 3098 4900 ASed
3128 4829 3347 4900 omnino
3368 4829 3795 4900 exiguntverba

2079 4891 2451 4960 subsequentia
2478 4900 2533 4945 ut
2551 4895 2635 4944 hic
2649 4891 2868 4957 legatur,
2894 4895 3124 4943 metuens
3144 4891 3406 4956 imponat,
3432 4891 3594 4941 sicuti
3611 4891 3795 4941 ferunt

2079 4960 2576 5079 biszdiil‘uhli-Olllss.
2609 5018 2920 5079 tamenplus
2949 5029 3067 5067 eum
3091 5029 3125 5064 at
3149 5015 3294 5064 vobis
3314 5017 3492 5079 amari
3515 5017 3795 5072 conuenit.

2078 5078 2238 5146 quam
2259 5085 2448 5137 timeri,
2478 5095 2682 5146 semper
2710 5078 3040 5146 cogitantem.
3063 5079 3248 5146 _Porro
3272 5078 3452 5146 verior
3502 5083 3586 5146 est
3637 5079 3796 5146 lectio

2080 5140 2310 5207 vulgata,
2344 5158 2501 5208 quam
2537 5140 2598 5192 Sf
2613 5140 2923 5208 Benedictus
2953 5141 3008 5189 in
3037 5141 3190 5208 ‘Reg,
3217 5153 3330 5204 cap.
3364 5141 3446 5202 64,
3477 5140 3554 5188 sic
3577 5141 3756 5190 reddit
3784 5156 3796 5189 :

2079 5204 2308 5258 Studeat
2336 5204 2460 5268 plus
2480 5205 2662 5256 amari
2684 5217 2844 5268 quam
2874 5204 3064 5268 timeri.

2144 5273 2164 5332 ἒ
2191 5271 2275 5320 Sic
2299 5263 2394 5320 Ms.
2432 5269 2583 5330 Corb,
2601 5263 2792 5332 aliique
2813 5272 2940 5317 tres.
2971 5267 3036 5316 At
3064 5266 3120 5315 in
3141 5263 3295 5314 editis
3320 5263 3488 5324 deest,
3510 5276 3638 5316 cum
3663 5265 3798 5317 dile-

2079 5331 2272 5385 ctione.
