3970 6146
365 187 388 240 1
399 184 501 239 387

551 302 653 353 Sed
682 313 805 364 quin
829 299 1042 364 mutatis
1072 297 1339 346 inducitur
1367 299 1529 364 atque
1552 294 1760 364 fovetug

548 365 647 414 Tot
672 357 1128 419 medicaminibus,
1157 363 1425 421 coctisque
1439 357 1681 421 ’siliginis
1694 357 1826 407 offas

550 425 750 491 Accipit
776 429 829 475 et
855 420 1520 491 madidtetfacies‘diceiu‘r
1544 420 1612 469 an
1633 420 1785 470 ulcus
1805 423 1829 468 ?

873 481 1151 551 (Satira'ﬁ,
1173 496 1226 534 υ.
1252 481 1503 546 461-4Ἱ3.)

362 570 621 640 Sartago,
652 567 869 638 virago,
904 566 1138 636 lanugo,
1171 579 1413 634 aurugo,
1448 578 1668 633 aerugo,
1698 561 1929 633 crepido
1979 560 2061 633 (in

361 641 639 709 Juvenali,

486 728 643 778 Nulla
669 724 879 787 crepido
908 726 1079 782 vacat,
1107 734 1369 787 nusquam
1403 735 1538 787 pons
1564 725 1615 770 et
1642 721 1835 787 tegetis
1857 734 1997 787 pars.

1421 786 1632 847 (Satira
1660 787 1707 841 5,
1740 798 1788 834 υ.
1817 784 1887 845 8.)

365 877 423 927 et
455 870 610 925 talia.
660 870 707 922 Α
752 865 1028 921 feminino
1081 864 1337 936 proprio,
1385 864 1663 934 Carthago
1694 861 2061 936 :Aperegrina

362 959 513 1007 vero,
543 946 608 995 ut
636 939 800 1004 Dido,
845 939 970 1001 Ino,
1016 934 1101 1003 Io,
1128 934 1345 1001 Alecto,
1376 936 1617 998 Celaeno,
1655 934 1798 1007 Cliu,
1832 936 2059 1007 Manto;

360 1005 612 1085 quorum
651 1009 936 1085 genitivus
965 1009 1027 1062 in
1066 1024 1134 1085 _u_s
1164 1007 1298 1072 exit,
1333 1007 1529 1085 Didns,
1563 1007 1717 1069 Inus,
1757 1005 2064 1085 IusLAlee-

361 1074 473 1145 fus,
517 1074 777 1147 Celerius,
834 1080 1005 1144 Clius,
1061 1080 1316 1133 Mantus:
1369 1078 1465 1131 sed
1518 1078 1625 1130 hoc
1675 1092 1808 1130 cum
1852 1074 2059 1130 Graecis

360 1160 693 1209 tractemus.
730 1155 777 1205 Α
803 1156 1008 1205 neutro
1040 1150 1231 1203 nullus
1260 1148 1649 1202 nominativus
1678 1147 1737 1200 in
1769 1163 1802 1199 ο
1834 1148 1975 1201 exit.
2013 1152 2060 1200 A

362 1224 675 1289 communi,
707 1222 864 1290 fullo,
902 1223 1065 1283 latro,
1109 1236 1311 1289 caupo.
1347 1225 1451 1273 etc.
1485 1218 1567 1271 Ab
1599 1218 1879 1290 epicwno,
1909 1222 2061 1290 stru-

360 1298 501 1359 thio,
536 1288 807 1359 hirundo,
840 1288 1067 1357 hirudo,
1105 1288 1393 1360 gurgulio,
1426 1290 1599 1354 bufo;
1633 1296 1691 1342 et
1720 1289 1875 1360 talia.
1907 1288 2061 1360 Abiu

359 1367 542 1423 vocali
561 1367 744 1419 solum
773 1368 1064 1426 neutrum,
1099 1359 1252 1431 quod
1277 1360 1336 1413 in
1358 1360 1636 1429 singulari
1658 1359 2059 1431 indeclinabile

361 1443 463 1504 est,
497 1439 559 1491 in
585 1435 795 1505 plurali
818 1429 1156 1505 declinatur,
1189 1437 1251 1484 ut
1280 1447 1479 1496 cornu,
1516 1447 1679 1505 veru,
1702 1445 1875 1505 genu,
1905 1429 2061 1505 toni-

360 1499 491 1563 tru:
527 1499 635 1561 hoc
663 1522 802 1559 sono
853 1503 1229 1558 enuntientur
1257 1518 1455 1554 omnes
1484 1517 1643 1554 casus
1669 1502 1727 1553 in
1759 1499 2056 1569 singulari,

363 1585 428 1633 ut
473 1578 757 1641 diximus;
798 1575 858 1628 in
904 1574 1113 1644 plurali
1147 1573 1525 1638 declinantur,
1575 1588 1810 1637 cornua,
1861 1586 2053 1637 verua,

360 1665 585 1721 genua;
615 1646 885 1721 genitivo,
918 1648 1125 1721 horum
1148 1659 1450 1721 cornuum,
1474 1658 1734 1708 vernum,
1759 1657 2015 1721 genuum
2039 1656 2053 1695 :

359 1714 418 1775 Et
445 1714 650 1773 caetera
695 1715 1004 1772 declinabis
1041 1714 1111 1768 ad
1144 1716 1400 1783 regulam
1431 1729 1720 1776 versuum,
1753 1714 2054 1767 ﬂuctuum.

430 1790 653 1847 CAPUT
684 1789 753 1842 ll.
797 1816 867 1827 —
914 1789 984 1839 De
1021 1787 1326 1840 nominibus
1372 1800 1490 1853 quas
1533 1787 1898 1838 terminantur
1926 1786 1986 1837 in

727 1856 1066 1913 semivocales
1094 1862 1144 1910 et
1174 1872 1354 1910 eorum
1382 1856 1684 1923 generibus.

430 1932 685 1987 Diximus
732 1930 800 1983 de
837 1928 1127 1981 vocalibus
1163 1928 1438 1997 quinque,
1474 1927 1684 1997 quibus
1714 1924 2057 1997 terminatur

358 2002 767 2065 nominativus,
808 2015 962 2052 nunc
990 1999 1061 2053 de
1102 1994 1536 2051 semivocaliblis
1576 1998 1851 2051 dicamus.
1888 1997 1925 2050 L
1954 1994 2052 2049 lit-

357 2081 480 2130 tera
503 2072 889 2128 nominativus
912 2070 1103 2123 exiens
1124 2069 1184 2122 in
1212 2068 1541 2121 masculinis
1562 2065 1939 2138 appellativis,
1964 2066 2055 2120 hic

357 2148 477 2212 sal;
509 2145 570 2198 in
611 2140 1030 2213 propriis,Sol.
1063 2142 1131 2213 In
1156 2139 1448 2194 femininis
1470 2154 1658 2213 unum
1690 2154 1903 2213 nomen
1919 2153 2055 2213 mn-

356 2208 537 2272 tronae
565 2208 813 2278 tantum,
861 2210 1155 2281 Tanaquil.
1191 2212 1255 2264 In
1296 2209 1533 2273 neutris,
1582 2215 1643 2264 ut
1686 2208 2052 2281 mel,ifel._ln

356 2284 777 2351 communibus,
808 2282 965 2351 vigil,
1005 2278 1167 2351 p'ugil
1193 2299 1206 2334 :
1240 2281 1393 2334 unde
1422 2285 1479 2334 et
1505 2281 1798 2335 Terentius
1827 2279 1895 2332 de
1936 2278 2051 2331 vir-

356 2356 800 2428 gine,Pugilem
851 2367 961 2428 esse
1007 2354 1165 2428 aiunt
1216 2352 1296 2419 (1n
1341 2353 1480 2405 Eun.
1539 2357 1644 2428 act.
1686 2352 1747 2428 ἓ,
1805 2365 1945 2428 scen:
1998 2353 2050 2410 3.

354 2419 409 2482 ὗ.
454 2419 564 2497 24).
617 2419 679 2479 In
707 2422 979 2497 epiccenis
1018 2422 1243 2497 nullum
1286 2437 1496 2497 nomen
1536 2426 1649 2497 est.
1683 2421 1753 2487 Μ,
1786 2419 2053 2497 nomina-

356 2491 760 2557 tivus'exiens;
796 2495 854 2547 in
894 2492 1222 2546 masculinis
1260 2492 1484 2545 nullum
1536 2491 1780 2545 latinum
1828 2496 1930 2544 est.
1987 2492 2051 2544 In

355 2567 668 2635 femininis,
722 2564 1063 2635 Glycerium,
1114 2563 1420 2635 Planium,
1460 2562 1748 2628 Dorcium,
1800 2561 2051 2616 Philoco-

356 2640 623 2693 masium.
658 2634 723 2691 In
756 2634 972 2689 neutris
1005 2638 1217 2701 autem,
1248 2634 1548 2704 templum,
1582 2635 1778 2694 telum,
1815 2637 2048 2703 tectum,

354 2716 412 2765 et
441 2711 553 2764 alia
598 2723 846 2779 quorum
875 2706 1124 2779 plurales
1152 2704 1342 2759 faciles
1372 2709 1519 2779 sunt.
1556 2704 1621 2779 _Iu
1651 2704 2052 2779 communibus

353 2783 582 2836 nullum
613 2774 745 2832 exit
785 2778 847 2831 in
876 2774 985 2830 ’ωε
1021 2776 1101 2829 sic
1139 2780 1197 2830 et
1241 2791 1301 2828 1n
1331 2774 1617 2845 epicasnis.
1651 2775 1810 2828 Nunc
1850 2780 2051 2829 tracte-

355 2868 483 2907 mus
512 2852 581 2906 de
612 2848 933 2904 semivocali
962 2863 1020 2900 n.
1058 2848 1099 2900 N
1140 2846 1330 2900 littera
1372 2846 1709 2899 terminatus
1746 2845 2050 2899 nominati-

352 2940 455 2978 vus
475 2939 508 2976 a
529 2919 878 2986 masculinis,
903 2918 1135 2982 flamen,
1157 2922 1381 2987 pecten,
1404 2917 1541 2983 lien,
1568 2916 1718 2986 quod
1750 2921 1841 2987 est
1862 2916 2045 2986 splen.

347 2997 396 3049 Α
437 2992 748 3056 femininis,
782 2992 954 3054 siren,
1001 2986 1238 3058 pluralis
1285 2987 1613 3058 sirenes.iA
1660 2986 1875 3040 neutris
1924 3003 2045 3039 car-

263 3128 269 3134 ,
349 3081 504 3131 men,
539 3078 797 3137 germen,
838 3057 1094 3137 gramen,
1131 3062 1421 3137 et_c_zetera
1448 3057 1604 3137 talia,
1635 3073 1763 3127 quae
1793 3061 1919 3137 post
1957 3073 2046 3111 re-

347 3129 510 3207 gulas
540 3129 767 3204 generis
796 3130 985 3207 neutri
1014 3129 1404 3207 tractabimus.
1432 3132 1481 3183 A
1517 3129 1919 3207 communibus
1946 3144 2046 3182 no-

347 3197 656 3262 rvninati'vus
724 3202 921 3255 exiens
966 3201 1043 3267 in
1081 3216 1137 3264 n,
1198 3200 1452 3265 tubicen,
1518 3200 1753 3265 tibicen,
1814 3197 2040 3266 ﬁdicen,

345 3278 588 3349 lyricen,
615 3272 901 3349 cornigeri
929 3270 1053 3349 _qui
1096 3271 1175 3349 in_
1206 3270 1388 3349 lituis
1412 3269 1579 3323 canit.
1614 3270 1700 3349 _Ab
1748 3269 2038 3349 epicmnis,

349 3340 537 3410 oscen,
565 3345 632 3421 _id
665 3350 748 3399 est
771 3343 846 3421 ab
886 3340 1396 3421 hiswqueetradunt
1422 3340 1752 3421 augurium,
1787 3346 2037 3421 attagen.

349 3420 509 3475 Nunc
549 3418 619 3472 de
644 3414 967 3469 semivocali
992 3411 1039 3467 τί
1069 3413 1115 3467 R
1144 3411 1333 3466 littera
1361 3411 1701 3465 terminatus
1731 3411 2039 3465 nominati-

346 3507 447 3545 vus
475 3506 508 3543 a
539 3485 885 3552 masculinis,
917 3489 981 3538 ut
1018 3485 1224 3551 Caesar,
1260 3486 1427 3552 Arar,
1467 3483 1599 3542 Nar,
1630 3481 1827 3550 victor,
1864 3488 2034 3545 tutor,

344 3576 539 3632 sopor,
571 3574 801 3632 maeror,
834 3562 892 3611 et
918 3554 1188 3632 aliaguae
1216 3553 1403 3632 facilia
1438 3559 1575 3632 _su_nt
1601 3557 1719 3632 tam
1750 3552 1811 3607 in
1842 3554 2037 3623 appel-

342 3624 533 3688 lativis
558 3646 732 3711 quam
761 3628 819 3682 in
856 3624 1140 3697 propriis:
1183 3641 1216 3679 a
1252 3624 1564 3711 femininis,
1605 3624 1793 3686 arbor.
1836 3640 2034 3711 seror:

343 3720 377 3758 a
408 3694 647 3768 neutris,
686 3694 1210 3767 marmor,_aaquor,
1259 3700 1315 3751 et
1344 3695 1496 3750 alia:
1534 3712 1566 3749 a
1611 3694 2032 3768 communibus,

340 3788 582 3845 pauper,
623 3765 778 3847 acer,
811 3769 1015 3833 alacer,
1061 3765 1302 3847 memor,
1332 3771 1582 3847 auctur:
1628 3766 1699 3820 ab
1743 3765 2034 3847 epicmnis,

341 3836 558 3916 passer,
586 3839 872 3916 accipiter,
902 3852 1090 3916 anser.
1124 3837 1285 3916 Νι]ῃο
1316 3836 1386 3890 de
1416 3854 1442 3889 s
1473 3837 1662 3916 littera
1709 3836 2035 3890 semivocali

340 3906 669 3968 tractemus.
700 3906 735 3963 S
758 3908 946 3962 littera
974 3906 1310 3961 terminatus
1340 3906 1724 3960 nominativus
1754 3923 1788 3960 a
1816 3923 2034 3961 mascu-

341 3985 491 4051 linis,
541 3985 747 4053 justus,
798 3979 1016 4043 doctus,
1057 3977 1222 4053 pins:
1275 3994 1322 4053 ai
1353 3976 1663 4045 femininis,
1714 3976 1840 4046 dos,
1890 3994 2030 4046 sors,

339 4048 511 4121 mors,
542 4048 603 4108 et
646 4051 819 4107 talia:
871 4066 903 4103 a
946 4048 1189 4112 neutris,
1233 4048 1455 4121 vulnus,
1494 4053 1710 4119 pectus,
1750 4064 1944 4121 pecus,
1976 4055 2033 4103 et

338 4119 544 4182 cetera
568 4140 696 4197 quae
718 4136 852 4176 mox
882 4123 1081 4189 regula
1108 4119 1543 4197 retractabitur:
1576 4120 2029 4197 aeommunibus

337 4190 615 4263 sacerdos,
674 4195 881 4264 impos,
939 4206 1188 4261 compos,
1247 4190 1468 4264 similis,
1510 4190 1764 4264 _nobilis,
1819 4191 2024 4264 agilis:

334 4271 407 4325 ab
438 4260 609 4324 omni
638 4260 866 4337 genere,
914 4260 1209 4337 utinugas,
1252 4262 1481 4337 e_tc._Dc
1510 4260 1597 4314 his
1635 4276 1770 4337 mox
1801 4260 2029 4316 uberius

334 4331 725 4397 tractabimus.
778 4336 864 4389 Ab
917 4332 1207 4403 epicoenis,
1254 4331 1438 4402 tigris,
1474 4348 1636 4403 imus,
1684 4333 1864 4402 lepus,
1917 4339 2022 4387 etc.

336 4413 497 4468 Nunc
525 4410 594 4465 de
633 4401 970 4462 semivocali
1004 4404 1189 4458 littera
1228 4419 1281 4456 x.
1319 4401 1715 4456 Nominativus
1740 4401 1822 4457 fin
1859 4419 1891 4457 x
1924 4403 2023 4457 lit-

330 4488 492 4537 tera:
539 4497 573 4535 a
616 4476 966 4541 masculinis,
1016 4479 1228 4538 vertex,
1271 4478 1480 4538 cortex,
1532 4487 1781 4544 pumex:
1832 4490 1864 4527 a
1899 4489 2024 4544 pro-

329 4554 494 4624 priis,
525 4551 723 4606 Pollux
752 4565 766 4602 :
799 4545 1169 4624 a_femin_inis,
1199 4559 1327 4608 nex,
1364 4559 1520 4623 prex,
1553 4542 1686 4623 Ofex,
1734 4559 1866 4623 pax,
1902 4542 2021 4624 fax,

331 4613 389 4679 et
417 4613 563 4676 alia:
593 4638 626 4675 a
668 4617 886 4673 neutris
927 4617 1153 4671 nullum
1189 4630 1405 4669 nomen
1456 4613 1569 4668 nisi
1615 4614 1770 4669 omni
1824 4616 2024 4685 generi

325 4695 642 4767 jungatur
656 4688 898 4767 etiam

419 4756 643 4819 CAPUT
674 4762 769 4817 ΙΙΙ.
801 4790 871 4799 -
898 4760 972 4813 De
996 4759 1068 4811 iis
1092 4771 1211 4825 qua
1230 4756 1592 4811 terminantur
1614 4756 1690 4809 im
1719 4760 1917 4811 mutas.

399 4836 718 4891 Remanent
749 4831 878 4885 dum
924 4832 1118 4893 mutas,
1176 4845 1226 4893 c,
1273 4830 1311 4889 t,
1345 4826 1569 4881 litterae.
1629 4826 2020 4882 Nominativus

325 4907 522 4963 exiens
564 4921 594 4959 c
650 4903 843 4957 littera
881 4903 1039 4954 tenet
1082 4897 1487 4967 masculinum,
1533 4902 1600 4953 ut
1644 4898 1802 4952 alec:
1864 4902 2022 4954 tenet

323 4984 612 5040 neutrum,
650 4978 712 5027 ut
756 4973 860 5027 lac.
912 4972 953 5025 T
992 4970 1179 5024 littera
1217 4968 1410 5023 exiens
1447 4969 1831 5024 nominativus
1862 4974 2020 5025 tenet

319 5065 502 5122 genus
527 5039 818 5122 neutrum,
848 5046 916 5122 nt
937 5044 1128 5122 caput,
1161 5040 1429 5122 sinciput,
1459 5039 1793 5122 semicaput.

322 5110 549 5177 CAPUT
591 5119 680 5173 VI.
730 5110 810 5156 -⁷
839 5116 915 5169 De
953 5110 1326 5167 terminatione
1362 5116 1414 5165 et
1450 5110 1804 5167 declinatione
1845 5113 2015 5167 nomi-

866 5199 997 5239 num
1023 5185 1205 5238 neutri
1230 5185 1458 5249 generis.

390 5261 638 5319 Nomina
675 5256 900 5331 generis
941 5254 1132 5331 neutri
1174 5253 1235 5308 in
1264 5268 1383 5331 um,
1412 5254 1692 5331 syllabam
1721 5253 2008 5331 exeuntia,

315 5339 381 5391 ut
405 5324 1075 5405 templum'declinantur
1098 5342 1131 5405 :_
1152 5340 1208 5379 Ν.
1240 5324 1535 5405 singulari,
1568 5325 1674 5405 hoc
1703 5326 2005 5405 templum,

314 5424 368 5461 c.
398 5396 569 5477 hujus
596 5401 819 5477 templi,
852 5416 899 5477 ρ.
931 5397 1091 5477 _huic_
1116 5396 1354 5477 templo,
1394 5413 1447 5477 ii.
1480 5396 1586 5477 hoc
1615 5398 1918 5477 templum,
1950 5412 2004 5451 v.

313 5493 347 5532 ο
376 5466 691 5547 templum,
716 5466 781 5527 Ἀζ
805 5466 893 5525 ’δὴ
917 5469 1041 5547 hoc
1070 5469 1325 5547 _templo:
1361 5472 1417 5547 et
1444 5466 1763 5547 pluraliter,
1795 5484 1852 5521 N.
1884 5468 2007 5547 haec

313 5536 548 5617 templa,
586 5562 641 5601 e.
667 5536 882 5599 horum
911 5536 1279 5617 templorum.
1313 5555 1365 5617 n.
1399 5536 1505 5617 his_
1517 5536 1769 5617 templis,
1782 5555 1857 5617 _A._
1883 5537 2006 5617 haec

308 5608 546 5687 templa,
578 5634 631 5671 v.
676 5631 709 5668 ο
750 5613 985 5687 templa,
1028 5608 1080 5667 λ.
1113 5611 1182 5665 ab
1211 5608 1577 5687 histemplis.
1613 5608 1798 5687 Simili
1825 5608 2005 5663 decli-

313 5701 341 5712 -’
364 5680 546 5742 “"“ne
577 5687 702 5744 haec
745 5680 941 5743 omnia
972 5680 1357 5755 procurrunt,
1386 5680 1589 5748 telum,
1619 5684 1855 5749 tectum,
1888 5697 2009 5737 sca-

1678 174 1772 229 DE
1810 169 2286 232 GRAMMATICA
2324 171 2557 227 LIBER.

3762 174 3867 226 I388

2170 311 2391 362 mnum,
2440 295 2678 362 bellum,
2737 297 3079 358 monstrum,
3139 296 3505 365 portentum,
3579 296 3865 366 oppidum.

2170 372 2527 438 carpentum,
2600 382 2906 430 venenum,
2981 366 3216 433 donum,
3294 365 3577 421 bonum:
3658 365 3865 431 malum,

2171 437 2472 508 magnum,
2504 437 2838 510 pessimum,
2872 452 3150 510 parvum:
3183 438 3579 501 frumentum,
3634 441 3864 493 medica—

2169 516 2453 578 mentum,
2506 508 2852 573 inembrum,
2903 508 3112 573 forum,
3154 514 3429 575 metrum,
3486 525 3769 579 porrum,
3810 518 3863 563 t1-

2171 597 2373 650 gnum,
2424 583 2761 651 plaustrum,
2794 581 3125 645 claustrum,
3173 580 3669 645 instrumentum,
3721 582 3864 635 olive-

2169 658 2317 718 tum,
2372 652 2653 719 vinetum,
2715 652 3051 720 palmetum,
3108 656 3469 720 quercetum,
3547 654 3865 719 esculetum,

2169 722 2474 785 lauretum,
2530 728 2951 792 argumentum,
3012 737 3259 780 sacrum.
3320 727 3771 787 testamentum,
3802 728 3868 793 ja-

2170 809 2393 863 gerum,
2435 794 2671 847 vinum:
2725 794 2821 846 sed
2864 809 3016 846 nunc
3049 798 3271 846 tantum
3309 793 3372 845 in
3414 794 3736 863 singulari,
3767 811 3868 848 nua

2141 864 2325 918 'enim
2372 870 2555 934 poetae
2602 865 2905 918 dixerunt:
2954 869 3010 918 et
3061 864 3263 917 cicera.
3312 864 3406 918 Sic
3471 870 3708 927 oleum,
3758 866 3868 919 bor-

2172 935 2361 999 deum,
2398 936 2673 999 triticum,
2715 935 2953 1007 ferrum,
2997 934 3234 1007 viscum,
3274 950 3514 999 aurum,
3565 942 3869 1007 argentum.

2169 1007 2495 1078 plumbum,
2545 1013 2855 1065 stamnum.
2890 1006 3126 1078 ivitrum,
3174 1006 3483 1070 electrum,
3529 1012 3591 1060 et
3635 1007 3737 1059 tali
3766 1024 3870 1078 qua

2171 1077 2240 1130 ad
2272 1078 2498 1147 pondus
2539 1077 2779 1131 veniunt
2818 1076 2906 1130 vel
2950 1092 3302 1142 mensuram,
3351 1092 3420 1129 ex
3463 1077 3580 1130 ista
3615 1083 3751 1130 sunt
3782 1076 3869 1131 ἰοῖς

2168 1163 2282 1201 ma.
2324 1147 2557 1202 Generis
2592 1148 2782 1201 neutri
2828 1164 2956 1218 qua:
2985 1148 3046 1200 in
3093 1147 3213 1200 ium
3256 1152 3498 1213 exeunt,
3546 1148 3656 1202 sed
3705 1154 3871 1203 hacin

2168 1218 2418 1288 genitivo
2447 1235 2552 1289 per
2580 1220 2693 1273 duo
2723 1219 2765 1271 ii
2796 1219 3140 1281 scribuntur,
3174 1223 3239 1271 ut
3269 1218 3380 1271 hoc
3410 1219 3759 1288 ingenium,
3786 1221 3870 1274 hs-

2162 1290 2258 1359 jus
2306 1290 2546 1360 ingenii,
2582 1290 2661 1343 sic
2703 1290 3009 1360 imperium
3049 1289 3300 1359 imperii,
3334 1290 3638 1343 scrinium
3681 1292 3869 1354 scrinii,

2168 1361 2500 1430 capitolium
2552 1360 2828 1431 capitolii,
2879 1361 3190 1413 tentorium
3236 1360 3518 1431 itentorii,
3575 1364 3869 1416 armarium

2169 1432 2424 1496 armarii,
2467 1430 2740 1485 solarium
2787 1431 3005 1497 solarii,
3049 1430 3353 1484 tectorium
3400 1432 3675 1494 tectorii,
3714 1449 3867 1487 arma-

2167 1503 2515 1557 mentarium
2546 1502 2997 1566 armamentarii,
3040 1500 3286 1570 spatium
3330 1502 3543 1570 spatii,
3578 1506 3869 1558 sacrarium

2168 1573 2432 1627 sacrarii:
2484 1573 2564 1627 sic
2605 1573 2898 1627 borarium
2947 1573 3179 1634 horarii,
3228 1573 3520 1626 salarium
3567 1576 3789 1639 salarii,
3817 1580 3871 1629 vi

2166 1643 2442 1697 ridarium
2491 1644 2764 1709 viridarii,
2806 1644 3147 1713 pommrium
3191 1644 3496 1713 pommrii,
3545 1647 3871 1700 sacriﬁcium

2166 1715 2450 1781 sacrificii,
2507 1716 2711 1769 folium
2773 1715 2914 1779 folii,
2975 1714 3183 1767 solium
3259 1714 3413 1780 solii,
3484 1716 3871 1771 testimonium

2165 1785 2510 1839 testimonii:
2564 1790 2641 1840 sic
2696 1786 2977 1839 rosarium
3031 1783 3254 1841 rosarii.
3310 1785 3627 1839 aviarium
3681 1790 3869 1847 aviaui,

2168 1857 2473 1927 augurium
2494 1854 2743 1927 augurii,
2768 1855 3082 1925 auspicium
3112 1854 3381 1927 auspicii,
3411 1858 3692 1912 exitium
3721 1860 3869 1919 exitii,

2165 1926 2426 1981 exsilium
2455 1928 2657 1989 exsilii,
2687 1927 3013 1996 prodigium
3042 1926 3310 1997 prodigii,
3344 1928 3662 1983 auxilium
3684 1932 3868 1987 auxilii.

2163 1999 2495 2071 praesidium
2536 1998 2810 2071 praesidii,
2842 1996 3232 2071 atriumatrii,
3265 2000 3615 2071 aucupium
3651 2004 3867 2071 aucupa.

2163 2068 2249 2139 adj
2261 2070 2510 2123 utorium
2523 2070 2811 2138 adjutorii,
2837 2068 3184 2139 mancipium
3211 2069 3532 2138 mancipii,
3559 2068 3871 2126 dolium—de-

2163 2139 2386 2225 lii.‘Est
2413 2142 2525 2194 alia
2564 2141 2748 2194 forma
2786 2142 3012 2220 generis
3054 2139 3245 2225 uentri
3290 2156 3429 2225 una:
3494 2157 3617 2209 per
3666 2160 3735 2197 us
3767 2147 3871 2201 erit

2164 2216 2228 2283 ut
2256 2210 2363 2264 hoc
2392 2228 2565 2280 pecus
2589 2229 2602 2277 ;
2636 2208 2875 2283 numero
2906 2208 3189 2283 singulari
3211 2226 3269 2262 Ν.
3298 2208 3413 2263 hoc
3460 2208 3687 2283 pecus,
3715 2232 3764 2268 ς.
3794 2217 3869 2268 hu-

2156 2280 2253 2351 jus
2289 2282 2530 2356 pecoris,
2580 2299 2630 2336 o.
2667 2282 2801 2335 huic
2831 2281 3041 2351 pecori,
3079 2297 3139 2356 ia.
3177 2280 3284 2356 hoc
3334 2280 3553 2351 pecus,
3612 2280 3680 2337 vi
3728 2303 3761 2339 o
3794 2303 3870 2356 pe-

2162 2367 2280 2426 cus,
2312 2369 2365 2406 Α.
2414 2355 2485 2407 ab
2518 2353 2625 2406 hoc
2657 2369 2859 2422 pecore
2889 2369 2923 2426 :_
2944 2357 3001 2426 et
3036 2352 3362 2426 pluraliter,
3397 2369 3463 2406 Ν.
3504 2356 3644 2408 hac
3676 2352 3867 2426 pscere.

2161 2438 2210 2476 ο.
2242 2423 2453 2477 horum
2484 2440 2785 2497 pecorum,
2806 2440 2860 2497 n.
2912 2423 3000 2476 his
3030 2422 3358 2497 pecoribus,
3382 2441 3464 2497 _A.
3505 2426 3647 2480 hmc
3677 2422 3865 2497 pecora.

2160 2509 2214 2547 v.
2248 2511 2281 2546 ο
2310 2493 2537 2564 pecora,
2570 2512 2623 2548 Α.
2657 2494 2726 2548 ab
2774 2495 2864 2548 his
2901 2493 3221 2563 pecoribus.
3254 2494 3341 2548 Ad
3382 2494 3554 2550 hanc
3586 2493 3865 2553 formulam

2162 2562 2592 2630 declinabimus,
2638 2567 2799 2619 ulcus
2830 2562 3039 2629 ulcera,
3084 2564 3303 2617 facinus
3359 2564 3669 2631 facinora,
3723 2572 3867 2623 vellus

2159 2635 2390 2704 vellera,
2448 2637 2632 2688 viscus
2681 2636 2914 2701 viscera,
2966 2650 3062 2687 rus
3111 2649 3264 2698 rura,
3317 2635 3419 2704 jus
3470 2639 3645 2706 jura,
3702 2657 3869 2694 nemus

2158 2721 2416 2772 nemora,
2468 2710 2664 2781 tergus
2703 2711 2953 2781 tergora,
3003 2709 3198 2774 pectus
3237 2717 3516 2781 pectora,
3576 2728 3765 2779 genus
3800 2728 3870 2781 ge

2159 2792 2316 2841 nera,
2350 2779 2575 2847 pondus
2606 2777 2884 2847 pondera,
2916 2791 3125 2845 corpus
3144 2792 3414 2844 corpora,
3445 2777 3645 2834 decus
3670 2777 3868 2843 decere,

2156 2847 2327 2901 funus
2358 2849 2578 2913 funera,
2626 2850 2789 2902 fenus
2817 2848 3032 2911 fenora,
3077 2847 3201 2899 olus
3243 2848 3431 2915 olera,
3472 2851 3651 2905 littus
3684 2854 3862 2917 littora,

2156 2933 2297 2995 opus
2324 2936 2517 2995 opera,
2547 2918 2724 2972 rudus
2756 2919 2980 2995 rudera,
3010 2923 3099 2969 tus
3132 2921 3283 2984 tura,
3316 2922 3577 2990 tempus
3610 2930 3865 2995 tempore,

2153 2986 2617 3054 fremis—foedera,
2672 2995 2885 3042 stercus
2934 2992 3198 3053 stercora,
3260 3004 3416 3042 onus
3452 2986 3699 3051 vonera.
3735 2986 3862 3048 latus

2152 3059 2350 3133 latera.
2389 3062 2482 3133 Est
2510 3061 2621 3113 alia
2665 3060 2881 3133 species
2932 3059 3159 3133 generis
3204 3061 3419 3133 neutri,
3457 3078 3609 3133 qua:
3643 3068 3863 3119 continet

2152 3131 2388 3184 nomina
2403 3132 2461 3184 in
2489 3148 2557 3184 ur
2578 3132 2881 3184 uxeuntia:
2906 3138 2966 3183 ut
2987 3130 3091 3185 hoc
3112 3145 3383 3185 murmur
3405 3130 3863 3199 iri—nominative.

2152 3217 2204 3254 e.
2237 3200 2406 3272 hujus
2452 3202 2786 3269 murmuris,
2829 3218 2883 3256 ι).
2929 3202 3061 3272 hinc
3110 3203 3427 3264 murmuri,
3479 3222 3540 3260 Α.
3580 3207 3697 3261 huc
3731 3224 3863 3261 mur-

2152 3287 2302 3350 mur,
2336 3290 2382 3325 ν.
2420 3289 2452 3350 o
2492 3289 2774 3350 murmur,
2806 3289 2861 3326 A.
2912 3272 2981 3325 ab
3024 3271 3133 3324 hoc
3162 3287 3479 3350 mnrmure
3508 3293 3523 3330 :
3558 3286 3619 3331 et
3651 3278 3861 3350 plurali-

2148 3345 2255 3405 ter,
2290 3343 2642 3397 nominativo
2665 3344 2786 3397 haec
2806 3358 3126 3408 murmura,
3146 3358 3198 3395 θ.
3223 3344 3443 3399 horum
3476 3343 3858 3409 murmurum,

2147 3428 2200 3466 ι).
2234 3414 2318 3467 his
2348 3415 2758 3477 murmuribus.
2805 3431 2859 3469 Α.
2890 3414 3011 3467 haec
3055 3429 3379 3469 murmura.
3411 3433 3476 3471 v.
3514 3436 3552 3473 ο
3586 3437 3856 3483 mumura.

2144 3499 2194 3537 Α.
2227 3485 2297 3537 ab
2328 3485 2416 3539 his
2447 3486 2858 3539 murmuribus.
2893 3484 2975 3539 Ad
3004 3484 3149 3538 hanc
3176 3484 3511 3543 formulam
3540 3493 3755 3546 similia
3776 3494 3858 3546 de-

2144 3554 2398 3627 clinabis,
2431 3562 2495 3610 ut
2519 3558 2661 3611 ebur
2689 3556 2882 3622 ebora,
2904 3556 3091 3627 femur
3115 3555 3359 3625 femora,
3392 3560 3604 3615 sulfur
3644 3565 3857 3627 sulfura,

2142 3624 2341 3698 fulgur
2386 3628 2632 3698 fulgura.
2674 3627 2781 3681 Sed
2812 3643 2881 3680 ex
2910 3627 3015 3680 hac
3052 3626 3300 3680 formula
3330 3624 3455 3684 non
3494 3635 3693 3689 multa
3720 3624 3857 3688 inve?

2144 3696 2418 3777 niuntur,‘
2450 3696 2727 3769 quoniam
2767 3714 2945 3777 pauca
2973 3701 3107 3777 sunt
3136 3699 3369 3777 generis
3400 3708 3622 3777 neutri
3661 3722 3784 3777 qua
3808 3705 3857 3759 in

2142 3781 2206 3820 or
2251 3768 2764 3846 exuntzimarmor
2806 3768 2867 3822 in
2915 3768 3294 3846 nominativo,
3357 3787 3421 3825 α.
3491 3768 3701 3846 ιω]αέ
3734 3793 3857 3831 mar-

2141 3838 2339 3907 moris,
2379 3856 2459 3912 u._
2482 3840 2616 3894 huic
2656 3840 2950 3905 marmori,
2999 3855 3051 3892 A.
3086 3840 3196 3892 hoc
3231 3855 3530 3912 marmor,
3569 3838 3628 3902 ὗ.
3665 3864 3701 3902 o
3726 3864 3855 3903 mar-

2140 3924 2287 3976 mor,
2320 3926 2373 3964 A.
2412 3910 2482 3964 ab
2512 3912 2620 3965 hoc
2652 3928 2935 3965 marmore
2966 3928 2978 3965 :
3013 3914 3069 3963 et
3096 3911 3423 3981 pluraliter,
3463 3910 3527 3969 κζ
3570 3919 3704 3973 haec
3727 3934 3856 3973 mar-

2141 3994 2324 4055 niora,
2370 3997 2422 4036 ο.
2462 3982 2667 4036 horum
2698 3997 3077 4047 marmorum,
3112 3996 3163 4034 ι).
3198 3981 3286 4055 his
3322 3992 3758 4055 marmoribus,
3802 4012 3851 4043 Α.

2142 4049 2262 4103 haec
2294 4067 2602 4118 marmora,
2636 4070 2687 4106 v.
2723 4070 2754 4107 ο
2781 4068 3087 4114 marmora,
3122 4068 3176 4105 Α.
3213 4051 3284 4106 ab
3317 4055 3413 4108 his
3447 4049 3853 4115 marmoribus.

2139 4120 2228 4175 Sic
2258 4138 2458 4202 aaguor
2502 4140 2753 4202 aequora,
2802 4141 2901 4178 cor
2928 4122 3140 4202 _corda.
3186 4122 3327 4202 Alia
3363 4132 3611 4202 species
3652 4132 3860 4202 generis

2137 4194 2325 4246 neutri
2351 4210 2480 4263 quas
2502 4192 2756 4249 continet
2784 4195 3020 4250 nomina
3049 4192 3108 4246 in
3138 4209 3203 4246 ar
3223 4192 3523 4264 syllabam
3558 4192 3858 4258 exeuntia:

2139 4264 2341 4336 uthoc
2369 4265 2455 4336 far
2482 4266 2863 4336 nominativo,
2904 4284 2959 4320 e.
3002 4266 3173 4334 hujus
3191 4265 3395 4336 farris,
3446 4288 3507 4326 ι).
3546 4274 3693 4328 huic
3718 4274 3859 4336 farti.

2134 4350 2187 4388 Α.
2220 4334 2329 4389 hoc
2355 4335 2477 4413 _fa_r,
2526 4353 2579 4392 v.
2614 4354 2650 4413 o
2689 4337 2795 4399 far,
2824 4334 2878 4392 Δ.
2922 4338 2993 4413 ab
3030 4338 3140 4413 ho_c
3179 4334 3352 4393 farre.
3384 4334 3464 4395 In
3498 4346 3730 4413 plurali
3763 4334 3857 4400 tres

2135 4421 2296 4459 casus
2352 4405 2525 4461 habet
2572 4408 2776 4462 solum.
2829 4425 2884 4463 N.
2930 4409 3055 4462 haec
3103 4405 3274 4473 farra,
3338 4405 3694 4471 accusativo
3753 4419 3859 4471 hac

2132 4474 2306 4557 (arra,
2354 4477 2901 4557 vocativoofarra:
2952 4496 3069 4557 nou
3120 4476 3292 4532 habet
3332 4496 3487 4553 ergo
3519 4490 3857 4557 genitivum,

2134 4545 2493 4622 dativu_m_et
2542 4549 2891 4622 ablativum:
2951 4551 3105 4605 unde
3153 4545 3437 4622 egimus;
3473 4545 3771 4614 dicuntur
3812 4560 3857 4611 ia

2130 4617 2362 4694 plurali,
2397 4618 2455 4672 id
2488 4625 2571 4694 est
2600 4620 2776 4694 trium
2807 4636 3064 4694 casuum,
3096 4629 3160 4679 ut
3188 4617 3332 4677 sunt
3355 4626 3530 4694 jura,
3569 4647 3700 4685 non
3736 4632 3854 4685 dici-

2132 4702 2261 4742 mus
2288 4689 2496 4762 horum
2532 4690 2774 4760 jurium,
2817 4691 2906 4745 his
2947 4693 3194 4762 juribus,
3245 4689 3595 4754 nec'asru'm
3639 4703 3853 4756 aeribus.

2129 4761 2502 4837 necmeilum
2535 4762 2820 4837 mellibus,
2853 4767 2908 4837 et
2938 4764 3051 4817 alia
3077 4779 3297 4837 pauca;
3332 4782 3449 4837 nec
3484 4773 3662 4827 enim
3695 4774 3851 4828 muli.

2128 4835 2299 4912 sunt:
2332 4831 2409 4884 sic
2451 4848 2565 4912 inec
2614 4833 2820 4912 horum
2863 4831 3096 4912 farruin'
3126 4838 3185 4912 in
3231 4836 3504 4912 geuitivo
3554 4859 3852 4912 pessume

2130 4900 2317 4956 dicere
2370 4906 2465 4956 aut
2520 4903 2581 4956 in
2608 4904 2825 4986 ‘dativo
2870 4904 2960 4986 his
3006 4900 3276 4986 turribus.
3310 4908 3504 4986 iluuc
3554 4900 3718 4986 .ergo
3763 4919 3851 4969 fur

2126 4986 2282 5049 mam
2327 4989 2582 5049 numero
2604 4978 2828 5049 tantum
2876 4975 3156 5049 singulari
3200 4978 3561 5049 declinabis,
3621 4975 3734 5041 Hoc
3778 5003 3851 5040 ut-

2124 5047 2245 5121 cta_r
2270 5045 2534 5121 nectaris,
2561 5045 2717 5121 laser
2754 5045 3064 5111 laseris,'et
3102 5050 3307 5113 instar,
3343 5054 3515 5121 quod
3546 5045 3647 5110 est
3678 5059 3851 5111 sime;

2123 5113 2284 5183 tudo,
2328 5116 2428 5169 sed
2484 5116 2656 5170 habet
2705 5122 2821 5170 tres
2877 5132 3040 5173 casus
3090 5113 3849 5186 tantumfnominativnn

2120 5187 2528 5253 accusativum,
2562 5192 2617 5240 et
2647 5187 2962 5242 vocativum
2995 5195 3053 5244 et
3083 5197 3167 5244 est
3192 5193 3439 5247 numeri
3474 5201 3717 5255 tantum
3750 5202 3853 5253 sin-

2118 5256 2355 5336 gula-ris.
2388 5258 2514 5311 Alia
2544 5258 2764 5336 species
2793 5260 3019 5336 generis
3049 5264 3243 5336 neutri
3271 5279 3409 5333 quas
3445 5272 3727 5325 continet
3754 5288 3857 5326 ora»

2117 5330 2215 5410 nia
2246 5330 2323 5409 in:
2348 5344 2410 5383 er
2435 5330 2724 5410 exeuutia,
2757 5331 2864 5410 sed
2887 5333 3114 5410 numeri
3145 5330 3376 5410 tantum
3414 5337 3782 5410 singularis,
3812 5360 3851 5395 ι.

2116 5398 2222 5478 hoc
2266 5399 2451 5469 piper,
2506 5416 2557 5478 (ξ.
2605 5399 2778 5471 hujus
2809 5401 3043 5478 piperis,
3072 5421 3145 5478 in.
3187 5404 3328 5459 huic
3372 5398 3611 5478 pipei-i,
3660 5433 3717 5468 Α.
3766 5398 3853 5468 iis:

2116 5471 2302 5550 piper,
2336 5486 2391 5550 v.-
2422 5487 2456 5524 o
2486 5471 2668 5541 piper,
2701 5488 2756 5550 AA.
2791 5473 2861 5550 ab
2891 5472 2995 5527 hoc
3012 5474 3255 5550 piperei
3284 5471 3857 5539 Ad-h-anciformm

2112 5539 2427 5616 deciinabis
2457 5539 2699 5616 numero
2730 5546 2951 5616 tantum
2979 5539 3282 5616 singulari.
3317 5565 3469 5604 ver:
3504 5570 3567 5608 iv.
3603 5557 3716 5610 hoc
3750 5573 3859 5616 ver.

2121 5628 2173 5695 αἔ
2216 5611 2386 5695 hujus
2423 5613 2595 5695 veris,
2636 5630 2691 5695 ι)2
2734 5614 3038 5695 huicveri,
3068 5611 3122 5674 Ᾰ.
3158 5619 3269 5695 hoc
3315 5635 3443 5685 ver,
3480 5641 3538 5681 v.
3582 5644 3620 5680 ο
3649 5644 3783 5695 ver,
3812 5612 3859 5683 ιζ

2122 5682 2192 5738 ab
2221 5682 2328 5738 hoc
2358 5699 2510 5740 vere.
2542 5684 2630 5741 Sic
2660 5685 2968 5743 declinabis
2995 5688 3104 5745 hoc
3132 5688 3289 5758 siler,
3332 5697 3401 5748 ut
3424 5682 3524 5751 ait
3555 5682 3862 5770 Virgilius.
