4014 6164
373 281 506 338 I395

1679 275 1774 332 DE
1811 274 2291 333 GBAMMATICA
2332 275 2566 333 LIBER.

3763 280 3878 331 I396

365 405 529 479 quasi
556 410 806 479 possunt
818 419 887 460 ex
915 363 1076 475 parte
1093 404 1296 479 aliqua
1325 401 1566 458 deﬁnire
1596 415 1925 472 personam,
1950 397 2059 454 mi~
2169 405 2430 479 arrectus,
2462 398 2648 479 noluit
2675 398 3002 479 ‘euspectari
3041 396 3455 479 pluralitatem,
3492 401 3558 452 ut
3582 397 3659 479 sit
3770 400 3876 479 pln-

368 476 476 533 nus
505 476 679 547 quam
709 476 873 531 ﬁnita
896 476 1148 530 vocanda
1180 479 1331 528 sunt.

370 545 598 605 CAPUT
637 550 698 604 Χ.
735 578 805 589 -
859 549 941 601 De
981 547 1333 600 declinatione
1383 546 1766 614 pronominum
1819 560 1858 609 ι,
1919 562 1955 596 ιι
2011 545 2061 596 et

1051 634 1109 670 III
1127 632 1388 686 personas.

444 691 633 747 Prima
663 704 919 760 persona,
943 684 1151 760 dicitur
1188 704 1323 760 ego:
1366 691 1507 760 tam'
1531 684 1917 760 in_singulari
1958 699 2064 760 nuf

375 779 535 817 mero
567 757 739 832 quam
779 759 838 812 in
868 759 1078 832 plurali
1107 775 1236 812 cum
1269 758 1532 822 dicimus,
1583 757 1713 825 Nos,
1748 773 1863 810 non
1895 757 2068 810 habet

374 830 692 888 vocativum
723 845 948 884 casum:
984 830 1120 900 quia
1149 846 1319 884 nemo
1351 832 1515 882 vocat
1542 845 1622 894 se,
1651 844 1682 882 ο
1715 844 1842 898 ego,
1873 843 1905 880 ο
1940 842 2064 880 nos.

376 905 522 974 Ergo
564 903 642 956 sic
683 901 1002 974 declinatur
1047 900 1325 972 singulari
1374 915 1642 974 numero:
1674 916 1754 974 _iv.
1815 915 1940 968 ego,
2002 914 2061 952 ο.

376 969 510 1040 ῐηεῖἱ,
544 990 595 1028 ι).
646 971 808 1036 mihi,
841 989 894 1026 A.
929 987 1042 1038 me,
1080 969 1212 1027 Δία
1245 987 1375 1026 me:
1409 976 1465 1025 et
1505 969 1820 1041 pluraliter,
1855 985 2066 1041 mnos,

375 1062 430 1100 ς..
461 1049 738 1110 nostrum,
791 1060 841 1097 υ.
877 1044 1059 1111 nobis,
1105 1060 1158 1097 Α.
1203 1059 1326 1106 nos,
1373 1059 1424 1096 Α.
1460 1039 1709 1095 δήοὺίε.
1743 1039 2070 1093 Vocativum

375 1115 553 1181 enim,
600 1120 664 1168 ut
714 1113 848 1181 dixi,
897 1131 1015 1167 non
1065 1113 1256 1180 habet,
1301 1117 1419 1166 tam
1465 1113 1526 1166 in
1573 1111 1850 1181 singulari
1896 1126 2071 1182 quam

376 1187 437 1241 in
469 1185 695 1256 plurali.
745 1184 1107 1239 Nominativo
1138 1190 1220 1250 tu,
1261 1202 1314 1238 o.
1346 1184 1450 1250 tui,
1486 1201 1542 1238 ι).
1590 1183 1715 1251 tibi,
1749 1199 1802 1236 A.
1841 1187 1912 1248 te,
1945 1198 2015 1256 v._
2037 1197 2070 1234 ο

377 1251 542 1326 ῐιι,Ἀ.
575 1261 718 1310 ate:
752 1261 808 1310 et
837 1256 1151 1326 pluraliter,
1186 1273 1241 1310 Ν.
1269 1271 1386 1322 vos,
1419 1270 1471 1310 α.
1516 1259 1764 1326 vestrum
1800 1269 1854 1306 ι).
1891 1251 2071 1320 vobis,

375 1345 427 1384 Α.
462 1343 582 1394 vos,
614 1344 666 1381 v.
716 1343 749 1380 ο
779 1325 894 1393 vos,
935 1344 986 1380 Α.
1034 1344 1067 1380 a
1097 1327 1270 1380 vobis.
1303 1327 1449 1381 Sane
1496 1325 1684 1395 prima
1729 1339 1971 1394 persona
2015 1327 2074 1376 et

378 1399 642 1466 secunda,
685 1397 746 1451 id
775 1401 878 1462 est,
913 1413 1019 1466 ego
1041 1401 1194 1463 ettu,
1229 1396 1453 1467 generis
1486 1396 1672 1467 omnis
1705 1400 1821 1449 est:
1858 1396 2076 1467 nam_et

375 1469 463 1523 vir
490 1463 635 1524 dicit
656 1483 786 1536 ego,
818 1472 876 1521 et
916 1463 1131 1521 femina
1160 1463 1288 1537 ego,
1331 1470 1389 1521 et
1414 1465 1764 1536 mancipium
1805 1481 1929 1537 ego.
1984 1463 2072 1537 Sic

380 1546 483 1594 tu:
526 1544 583 1592 et
619 1535 742 1591 vir’o
777 1537 1020 1592 dicimus
1049 1548 1131 1603 tu,
1182 1535 1236 1592 et
1269 1537 1520 1603 feminae,
1553 1535 1623 1591 eti
1645 1535 1962 1605 mancipio:
1995 1535 2074 1588 sic

380 1611 440 1664 in
476 1608 684 1680 plurali
731 1609 966 1680 generis
1006 1608 1192 1662 omnis
1223 1613 1325 1675 est,
1377 1614 1439 1662 ut
1470 1625 1592 1675 nos,
1638 1623 1751 1661 vos.
1789 1609 1863 1661 Ex
1907 1606 2074 1660 tertia

380 1679 665 1750 personna
688 1680 813 1750 haec
835 1683 920 1750 est
939 1679 1236 1750 declinatio
1265 1680 1577 1750 masculino
1604 1693 1814 1747 genere
1831 1693 2072 1750 numero

380 1748 657 1820 singulari
681 1766 694 1804 :
718 1767 773 1803 N.
803 1749 907 1814 illi,
932 1766 982 1803 (ι.
1009 1749 1179 1804 illius.
1207 1767 1256 1802 ι).
1290 1750 1408 1816 ille,
1438 1749 1695 1814 A.illum,
1719 1765 1770 1820 vi.
1805 1765 1837 1802 ο
1869 1748 1985 1820 ille,
2016 1765 2068 1800 Α.

379 1818 597 1889 abillo:
632 1819 1017 1890 etpluraliter,
1042 1837 1096 1874 Ν.
1128 1820 1233 1886 illi,
1252 1837 1298 1873 α.
1329 1820 1581 1882 illorum,
1607 1837 1657 1874 ο.
1683 1819 1816 1888 illis,
1849 1835 1900 1890 Α.
1921 1818 2070 1882 illos,

379 1909 430 1946 ν.
459 1891 612 1956 oilli,
636 1889 784 1945 ACab
802 1891 934 1944 illis.
954 1891 1169 1946 Genere
1194 1891 1489 1954 feminino,
1519 1908 1573 1944 N.
1600 1890 1717 1954 illa,
1743 1907 1795 1944 ο.
1819 1889 1992 1954 illius,
2019 1905 2070 1944 ι).

375 1962 481 2027 illi,
514 1979 566 2016 Α.
601 1962 780 2027 illam,
813 1979 866 2015 v.
898 1963 1015 2024 illa,
1046 1979 1098 2016 Α.
1135 1963 1205 2017 ab
1230 1962 1360 2016 illa:
1415 1967 1472 2016 et
1499 1961 1819 2032 pluraliter,
1853 1977 1907 2014 Ν.
1935 1959 2074 2023 illa).

381 2049 433 2088 θ.
457 2034 710 2098 illarum,
731 2049 784 2086 ι).
815 2032 1016 2087 illisut.
1041 2033 1188 2100 illas,
1221 2050 1270 2087 v.
1304 2050 1336 2086 o
1359 2033 1487 2097 illae,
1521 2049 1574 2087 Α.
1599 2032 1823 2086 abillis.
1857 2032 2074 2086 Genere

379 2103 869 2173 neutrolnumero
899 2103 1195 2174 singulari,
1228 2122 1284 2158 N.
1317 2104 1480 2158 illud.
1515 2120 1564 2158 ο.
1591 2103 1762 2157 illius.
1798 2119 1849 2156 ι).
1872 2103 1985 2174 illi,
2018 2119 2066 2155 Α.

379 2175 544 2246 illud,
575 2172 628 2230 vi.
663 2191 696 2227 o
722 2174 896 2246 illud,
936 2172 1021 2246 Α(
1044 2175 1114 2229 ab
1158 2175 1294 2230 illo:
1329 2180 1384 2230 et
1415 2175 1734 2246 pluraliter,
1766 2190 1820 2246 Ν.
1865 2172 1984 2246 illa,
2018 2188 2070 2246 (ξ.

378 2245 634 2308 illorum,
658 2261 710 2299 ι).
736 2245 866 2311 illis,
889 2262 940 2299 Α.
968 2245 1086 2310 illa,
1114 2263 1164 2300 v.
1204 2263 1238 2300 ο
1276 2246 1393 2310 illa,
1416 2243 1477 2300 λ.
1501 2246 1572 2300 ab
1598 2245 1728 2298 illis.
1758 2245 1888 2312 Iste,
1915 2243 2074 2296 simi»-

378 2317 508 2370 liter
539 2321 598 2370 et
626 2316 768 2386 ipse,
803 2316 874 2369 ad
901 2315 1147 2370 formam
1183 2317 1537 2387 superiorem
1575 2315 1914 2387 declinabis,
1957 2319 2076 2368 tam

379 2387 450 2458 ad
483 2401 695 2458 genera
719 2403 894 2458 quam
924 2387 1097 2458 etiam
1121 2387 1191 2441 ad
1220 2386 1506 2441 numeros.
1538 2386 2074 2458 Saueiquaastioeist

381 2457 444 2511 in
473 2455 581 2511 hoc
625 2455 966 2528 pronomine
1001 2457 1143 2526 ipse,
1179 2473 1356 2528 quare
1395 2474 1524 2511 cum
1564 2455 1804 2510 istud'et
1830 2455 1984 2528 illud
2014 2455 2074 2528 in

381 2543 592 2596 genere
623 2525 826 2581 neutro
856 2525 1118 2592 dicimus,
1162 2525 1417 2582 dicamus
1443 2529 1654 2597 ipsum,
1690 2531 1754 2580 ut
1788 2527 1867 2580 ait
1893 2525 2075 2595 Virgi-

381 2599 511 2653 lius.
544 2600 922 2668 Atqueipsum
945 2614 1138 2667 corpus
1160 2601 1324 2653 amici
1346 2599 1584 2667 (/Ezwid.
1619 2599 1715 2652 lib.
1755 2601 1802 2663 ί,
1835 2613 1887 2652 υ.
1913 2599 2073 2656 490):

381 2685 508 2741 non
528 2667 692 2741 diuit,
722 2667 910 2741 ipsud.
940 2669 1047 2741 Sed
1076 2669 1195 2724 haec
1225 2670 1464 2741 qumstio
1497 2670 1734 2741 solvitur
1750 2669 1856 2722 hoc
1872 2668 2074 2741 modo:

380 2739 825 2811 Antiquiienim
868 2740 1065 2811 magis
1103 2738 1262 2810 ipsus
1305 2741 1570 2795 dicebant
1620 2739 1680 2793 in
1728 2738 2079 2811 nominativo

379 2809 656 2882 singulari
682 2810 908 2880 generis
942 2809 1241 2866 masculini
1274 2827 1449 2882 quam
1479 2812 1620 2882 ipse.
1651 2811 1805 2865 Hanc
1825 2809 2077 2879 antiqui-

383 2880 516 2936 tatis
546 2880 830 2953 rationem
853 2882 1214 2937 attendentes
1241 2880 1378 2936 artis
1409 2881 1732 2953 scriptores,
1763 2895 2080 2953 pronomen

379 2953 488 3007 hoc
525 2952 596 3005 ad
619 2952 874 3023 formam
921 2953 1174 3007 nominis
1217 2951 1667 3007 transtulerunt:
1703 2957 1760 3006 ut
1791 2951 2080 3023 quomodo

382 3023 443 3077 in
473 3022 707 3094 nomine
727 3023 938 3094 justus,
965 3023 1140 3094 justa,
1164 3024 1389 3094 justum
1418 3024 1681 3088 dicimus,
1716 3027 1772 3077 et
1790 3022 2081 3094 perfectus

379 3093 650 3167 perfecta,
682 3093 1028 3167 perfectum;
1063 3095 1142 3150 sic
1170 3093 1235 3150 et
1281 3097 1388 3150 hoc
1431 3093 1899 3167 pronuntiabitur
1937 3109 2080 3167 pro:

381 3179 614 3289 npiiriiend,
632 3163 811 3234 ipsus,
842 3165 988 3235 ipsa,
1009 3167 1199 3238 ipsum
1231 3183 1242 3221 :
1271 3182 1387 3222 non
1411 3163 1597 3238 ipsud,
1616 3164 1902 3236 quomodo
1933 3163 2083 3219 istud

385 3251 416 3288 θ
539 3251 573 3289 u
623 3274 637 3289 .

385 3239 442 3288 et
470 3235 637 3289 illud.

553 3306 778 3378 CAPUT
827 3306 916 3360 XI.
957 3337 1029 3350 —
1059 3311 1134 3364 De
1162 3308 1519 3364 declinatione
1546 3305 1907 3378 inﬁnitarum.

459 3376 818 3449 Nominativo
859 3377 1008 3449 quis,
1057 3396 1108 3433 ο.
1153 3380 1334 3449 cujus.
1385 3395 1438 3435 υ.
1478 3376 1682 3446 ουὶίΑ.
1731 3392 1926 3448 quem,
1960 3392 2010 3430 v.
2039 3392 2080 3449 _o

387 3447 510 3520 qui,
540 3464 649 3520 A.a
677 3464 824 3520 quo:
857 3446 913 3503 et
943 3446 1255 3520 pluraliter.
1282 3467 1334 3504 Ν.
1357 3449 1480 3520 qui,
1502 3466 1554 3504 G.
1580 3446 1847 3520 quorum,
1880 3464 1931 3520 υ.
1952 3446 2082 3520 quis

385 3517 475 3600 vel
521 3517 730 3590 quibus
762 3519 844 3590 (ut
876 3517 1166 3600 Virgilius,
1214 3517 1502 3600 Quisuante
1521 3517 1625 3600 _o_ra
1661 3525 1883 3600 patrum
1915 3517 2080 3589 (Ibid.

387 3589 498 3660 99),
526 3589 579 3645 Ᾱ.
611 3605 776 3661 quos,
799 3606 862 3671 Ov.
894 3607 927 3645 o
959 3589 1162 3671 quita.
1193 3608 1228 3646 a
1255 3592 1482 3663 quibus.
1519 3589 1816 3646 Feminino
1846 3605 2078 3661 genere,

385 3678 441 3715 Ν.
463 3677 612 3734 quas,
636 3678 690 3734 ᾳ.
723 3663 902 3731 cujus,
930 3679 980 3716 ι).
1016 3663 1129 3732 cui,
1160 3681 1213 3717 Α.
1249 3680 1444 3734 quam,
1480 3679 1530 3717 v.
1562 3678 1595 3716 ο
1627 3678 1778 3732 quin,
1804 3678 1858 3714 A.
1881 3677 1913 3714 a
1935 3675 2076 3730 qua:

386 3736 444 3786 et
471 3731 791 3800 pluraliter,
823 3749 890 3805 Ν.
917 3749 1067 3802 quae,
1093 3731 1144 3790 o.
1177 3731 1444 3805 quarum,
1475 3751 1526 3789 D.
1555 3731 1703 3805 quis,
1741 3749 1797 3805 is.
1831 3748 1992 3805 quas,
2025 3747 2078 3784 v.

386 3819 421 3855 ο
451 3818 604 3875 quas,
627 3818 682 3856 Α.
717 3819 751 3856 a
778 3803 1005 3875 quibus.
1027 3803 1242 3860 Genere
1271 3811 1494 3870 neutro,
1526 3803 1591 3858 ΝΣ
1606 3803 1780 3875 quod,
1813 3803 2078 3875 o._cujus,

386 3889 438 3926 ι).
479 3873 591 3936 cui,
631 3889 686 3926 Α.
729 3874 906 3941 quod,
939 3890 972 3926 ο
1015 3876 1189 3944 quod,
1221 3893 1274 3929 Α.
1324 3892 1358 3929 a
1403 3891 1538 3945 quo,
1596 3873 1652 3928 et
1677 3873 1992 3945 pluraliter,
2022 3889 2078 3925 Ν.

386 3957 538 4015 quae,
573 3958 659 4015 a._
674 3958 942 4015 quorum,
994 3961 1046 3998 ι).
1079 3946 1208 4015 quis
1235 3946 1354 4015 (sed
1393 3944 1516 4014 jam
1553 3944 1868 4015 secundum
1912 3959 2084 3998 usum

386 4011 598 4095 quibus
629 4011 915 4093 dicimus),
946 4030 1001 4068 Α.
1038 4011 1188 4086 quin,
1227 4011 1278 4095 ἡ.
1313 4011 1527 4095 ouquae,
1577 4033 1631 4095 ii.
1679 4014 1921 4095 quibus.
1962 4016 2080 4095 ‘An-

385 4084 533 4156 tiqui
578 4084 706 4156 quis
738 4100 948 4154 genere
991 4084 1283 4140 communi
1330 4084 1619 4151 dixerunt,
1652 4084 1715 4140 ΝΣ
1746 4085 1838 4140 hic
1875 4090 1932 4139 et
1961 4085 2082 4140 haec

385 4155 534 4226 quis,
565 4155 621 4228 cru.
646 4155 818 4226 hujus
836 4156 985 4228 quis.
1011 4174 1061 4212 D.
1088 4158 1219 4211 huic
1235 4158 1355 4228 qui,
1386 4174 1439 4211 Α.
1469 4158 1620 4211 hunc
1645 4160 1703 4211 et
1718 4160 1863 4211 hanc
1884 4172 2076 4227 quem,

384 4244 435 4281 v.
459 4243 500 4299 to
521 4227 668 4299 quis,
702 4243 754 4281 Α.
787 4228 858 4282 ab
889 4229 1000 4282 hoc
1020 4233 1076 4282 et
1104 4229 1175 4283 ab
1205 4227 1309 4282 hac
1335 4228 1455 4299 qui.
1477 4228 1612 4282 Inde
1634 4229 1785 4282 venit
1804 4228 2080 4281 ablativus

383 4298 575 4370 exiens
621 4298 681 4352 in
730 4299 855 4370 bus.
901 4302 946 4353 Α
991 4299 1119 4370 quis
1165 4298 1369 4354 autem
1410 4299 1686 4354 ablativus
1727 4299 1964 4370 pluralis
2009 4299 2079 4353 ab

384 4369 627 4424 ablativo
679 4369 840 4423 venit
885 4369 985 4440 qui
1016 4369 1155 4424 exit
1201 4370 1262 4425 in
1306 4387 1361 4436 ο,
1427 4369 1741 4440 quomodo
1770 4370 1828 4423 in
1877 4370 2077 4440 regula

383 4440 660 4511 ablativus
696 4456 826 4494 cum
857 4441 1061 4494 exierit
1088 4442 1146 4496 in
1191 4458 1244 4504 o,
1294 4441 1546 4495 dativum
1594 4441 1875 4511 pluralem
1924 4441 1984 4494 in
2031 4440 2079 4493 is

382 4510 580 4582 mittit,
613 4516 677 4565 ut
702 4527 736 4563 a
751 4512 907 4579 justo
933 4512 1118 4582 justis,
1148 4529 1180 4566 a
1199 4513 1364 4566 docto
1395 4510 1608 4575 doctis,
1627 4529 1660 4566 a
1681 4511 1932 4580 perfecto
1951 4527 2077 4582 per-

383 4581 558 4653 fectis,
591 4600 626 4653 a
656 4581 945 4636 fortunato
982 4583 1304 4638 fortunatis.
1349 4584 1493 4653 Ergo
1535 4587 1598 4636 ut
1647 4583 1908 4651 superius
1939 4581 2074 4647 dixi,

383 4651 708 4725 antiquihic
731 4653 1060 4725 ethaecquis
1087 4651 1447 4720 dixerunt,et
1475 4653 1764 4725 quomodo
1793 4653 1857 4725 in
1890 4652 2077 4725 nomi-

383 4721 549 4795 nibus
578 4723 676 4795 hic
701 4728 756 4795 et
785 4725 906 4778 haec
935 4721 1158 4793 similis,
1180 4725 1272 4779 hic
1299 4729 1356 4778 et
1385 4721 1511 4779 haec
1532 4724 1717 4795 agilis,
1749 4723 1840 4777 hic
1871 4729 1928 4778 et
1955 4723 2078 4778 haec

380 4792 596 4865 facilis:
636 4794 715 4847 sic
742 4793 804 4847 in
833 4792 1288 4865 pronominibus,
1321 4795 1410 4849 his
1450 4800 1508 4851 et
1538 4792 1657 4849 haec
1688 4795 1838 4865 quis,
1871 4795 1940 4848 ab
1968 4795 2076 4849 hoc

380 4863 538 4937 etab
567 4865 672 4918 hac
708 4863 850 4937 qui.‘
872 4866 1007 4920 Inde
1053 4867 1320 4937 Virgilius
1357 4883 1490 4921 cum
1529 4867 1599 4920 de
1629 4863 1782 4937 socia
1819 4865 2074 4920 Camillae

380 4934 614 5007 diceret,
669 4934 786 5007 ait:
847 4937 1071 5002 Quicum
1106 4934 1316 5007 partiri
1348 4953 1506 4993 curas
1551 4936 1784 5005 (.Eneid.
1837 4937 1932 4990 lib.
1985 4941 2069 5000 ll,

377 5022 448 5079 v._
476 5005 633 5079 822),:
670 5005 734 5079 id
766 5010 867 5074 est,
930 5023 1060 5079 cum
1106 5005 1225 5079 qua
1273 5009 1472 5078 partiri
1512 5025 1696 5062 curas.
1743 5009 1885 5062 Item
1943 5013 2075 5079 sunt

378 5077 490 5151 alia
516 5077 742 5132 inﬁnita
770 5094 898 5150 quae
927 5077 1358 5151 interrogativa,
1377 5084 1433 5134 et
1447 5079 1802 5134 declinantur
1827 5095 1840 5132 :
1876 5078 2071 5133 Nomi-

376 5147 592 5214 nativo,
625 5154 771 5214 uter,
787 5147 857 5204 —G.
891 5149 1092 5217 utrius,
1126 5147 1177 5204 n'.
1229 5151 1365 5212 utri,
1413 5167 1466 5205 Α.
1504 5155 1720 5216 utrum,
1753 5167 1804 5203 v.
1835 5165 1866 5203 ο
1919 5155 2066 5205 uter.

375 5235 427 5272 Α.
461 5219 532 5274 ab
563 5223 690 5274 utro
715 5236 727 5274 :
757 5225 814 5275 et
840 5221 1158 5290 pluraliter,
1192 5238 1248 5276 Ν.
1281 5221 1414 5285 utri,
1449 5237 1504 5276 G.
1539 5225 1818 5275 utrorum.
1853 5237 1904 5274 ο.
1930 5221 2072 5274 utris

374 5307 426 5361 Α.
457 5295 638 5361 utros,
667 5307 718 5345 v.
755 5307 789 5345 ο
828 5293 964 5358 utri,
989 5309 1043 5346 Α.
1078 5293 1148 5346 ab
1169 5293 1329 5346 utris.
1354 5293 1490 5347 Inde
1521 5291 1713 5346 addita
1744 5295 1804 5345 in
1832 5307 2070 5361 compo-

375 5359 580 5414 sitione
597 5378 708 5432 que
729 5363 964 5432 syllaba,
995 5362 1129 5417 facit
1148 5368 1412 5434 uterque,
1435 5369 1491 5418 et
1523 5363 1807 5430 signiﬁcat
1832 5359 2064 5434 ambos:

373 5436 430 5506 et
458 5436 651 5486 tamen
681 5434 961 5506 singulari
992 5450 1132 5506 sono
1177 5439 1280 5501 est,
1298 5433 1406 5489 sed
1435 5433 1848 5506 signiﬁcatione
1889 5433 2064 5489 duali.

375 5503 518 5556 Nam
549 5519 678 5558 cum
709 5505 852 5559 dixit
876 5505 1167 5576 Virgilius,

505 5582 750 5635 Constitit
776 5585 833 5634 in
854 5585 1048 5648 digitos
1071 5585 1604 5650 extemplo_'arrectus
1632 5590 1882 5650 uterque;

1301 5646 1400 5711 (Id.
1427 5647 1515 5699 lib.
1537 5651 1584 5707 5,
1615 5665 1662 5701 υ.
1689 5646 1818 5711 426.)

370 5714 485 5771 duo
512 5715 817 5790 signiﬁcati
834 5723 991 5790 sunt,
1013 5736 1144 5778 cum
1173 5718 1380 5776 dixerit
1406 5725 1630 5793 uterque
1652 5737 1665 5776 :
1698 5736 1830 5776 cum
1876 5722 2066 5775 autem

2172 472 2279 525 rali
2310 472 2556 543 utrique.
2587 470 2694 524 Sed
2726 471 2832 525 hoc
2853 469 3127 543 interest,
3159 469 3292 541 quia
3317 475 3564 543 uterque
3599 469 3743 523 licet
3780 471 3874 543 duo

2173 540 2476 613 signiﬁcet,
2535 546 2729 596 tamen
2787 541 2973 594 solum
3029 541 3144 595 duo
3170 540 3190 594 :'
3242 540 3480 613 utrique
3529 548 3740 613 autem
3779 542 3872 595 duo

2175 612 2476 684 signiﬁcat,
2517 613 2616 666 sed
2647 613 2726 666 sic
2758 616 2818 666 ut
2848 613 2906 665 in
2953 613 3192 684 singulis
3232 612 3397 684 multi
3429 613 3589 666 sint:
3637 612 3688 666 si
3740 613 3872 666 dicas

2179 686 2406 756 utrique
2440 684 2920 756 exercitus,_quo
2965 683 3248 754 signiﬁco,
3279 683 3379 756 sed
3419 684 3595 756 sicin
3647 684 3874 754 singuli;

2177 754 2406 810 turbam
2436 755 2680 824 intelligi
2709 754 2855 808 volo.
2891 756 3018 808 Ilaec
3048 755 3278 826 quidem
3305 754 3580 808 distincta
3608 765 3772 814 sunt,
3793 756 3873 809 sed

2178 827 2313 880 item
2347 826 2680 880 auctoritate
2711 826 2945 880 confusa
2969 825 3122 879 sunt.
3153 827 3291 879 Nam
3311 841 3444 879 cum
3476 826 3558 878 ait
3595 825 3874 895 Virgilius,

2178 899 2355 967 Super
2401 902 2632 966 utraque
2665 902 2888 965 quassat
2929 902 3168 966 tempora
3196 897 3381 965 (Ibid,
3407 913 3462 950 υ.
3508 899 3665 964 855),
3700 899 3878 950 confu-

2180 970 2296 1024 dit:
2338 969 2528 1023 dicere
2578 968 2734 1022 enim
2778 968 2996 1026 debuit.
3041 983 3211 1038 super
3252 974 3565 1038 utrumque
3620 974 3877 1038 tempus:

2180 1041 2521 1111 loquebatur
2557 1039 2711 1092 enim
2749 1039 2817 1093 de
2856 1039 3079 1111 duobus
3111 1039 3464 1108 temporibus
3511 1044 3774 1103 tantum,
3805 1042 3883 1093 cui

2182 1110 2490 1181 utrumque
2521 1115 2746 1180 tempus
2783 1110 3102 1163 sufﬁciebat
3131 1111 3520 1175 accusativus;
3556 1117 3626 1162 ut
3660 1111 3878 1170 diceret,

2180 1187 2492 1252 utrumque
2527 1185 2756 1252 quassat
2790 1185 3032 1250 tempus.
3071 1181 3211 1250 Ergo
3236 1181 3759 1252 utdeclinavimus
3780 1198 3881 1235 ma-

2181 1251 2908 1322 sculinu’mpronomen,sic
2922 1252 3266 1305 femininum
3294 1251 3747 1313 decliuabimus,
3771 1259 3883 1306 utra

2184 1325 2410 1390 mulier,
2427 1321 2612 1377 utrius
2633 1323 2911 1386 mulieris,
2938 1323 3054 1376 utri
3077 1321 3324 1387 mulieri,
3344 1328 3535 1376 utram
3559 1323 3881 1387 mulierem,

2183 1412 2215 1449 ο
2249 1401 2376 1448 utra
2403 1395 2628 1460 mulier,
2662 1394 2732 1448 ab
2784 1395 2889 1448 hac
2920 1399 3047 1446 utra
3076 1394 3343 1446 muliere:
3377 1399 3435 1446 et
3474 1395 3808 1464 pluraliter.
3836 1413 3880 1446 κ.

2181 1471 2325 1520 utra:
2354 1465 2641 1531 mulieres,
2683 1482 2735 1519 ο.
2769 1472 3031 1518 utrarum
3058 1465 3387 1528 mulierum,
3420 1480 3476 1517 Ι).
3509 1467 3668 1518 utris
3695 1467 3880 1519 mulie-

2181 1537 2360 1602 ribus,
2411 1554 2464 1591 Α.
2498 1541 2654 1589 utras
2704 1537 2992 1601 mulieres,
3037 1551 3091 1589 v.
3131 1552 3164 1588 ο
3204 1541 3346 1588 utras
3380 1535 3694 1600 mulieres,
3745 1555 3795 1589 Α.
3828 1537 3882 1590 ab

2182 1608 2270 1662 his
2315 1607 2458 1661 utris
2491 1607 2846 1662 mulieribus.
2891 1607 2980 1662 Sic
3019 1611 3222 1660 neutro
3262 1611 3456 1659 utrum
3505 1608 3882 1676 mancipium,

2180 1679 2367 1733 utrius
2396 1678 2693 1747 mancipii,
2730 1677 2846 1731 utri
2874 1677 3178 1748 mancipio,
3211 1683 3404 1731 utrum
3438 1679 3834 1748 mancipium,
3859 1696 3883 1731 0

2183 1753 2375 1803 utrum
2405 1749 2776 1818 mancipium,
2806 1748 2876 1802 ab
2908 1749 3013 1803 hoc
3043 1754 3168 1802 utro
3209 1748 3537 1817 mancipio:
3597 1754 3660 1802 et
3707 1751 3883 1819 plura-

2180 1821 2331 1885 liter,
2365 1837 2419 1874 Ν.
2454 1826 2581 1875 utra
2611 1820 2918 1889 mancipia,
2960 1825 3221 1873 utrorum
3261 1819 3732 1889 mancipiorum,
3761 1821 3886 1873 utris

2182 1891 2502 1962 mancipiis,
2533 1896 2661 1944 utra
2708 1890 3029 1962 mancipia,
3063 1907 3095 1944 ο
3120 1961 3125 1962 γ
3152 1896 3281 1962 utra
3329 1891 3659 1962 mancipia,
3704 1893 3776 1944 ab
3817 1892 3886 1944 his

2186 1963 2328 2016 utris
2376 1960 2692 2032 mancipiis.
2750 1962 2836 2017 Sic
2892 1960 3305 2016 declinabimus
3356 1963 3483 2029 ejus
3528 1960 3886 2016 contrarium

2185 2033 2336 2104 quod
2369 2038 2454 2087 est
2493 2039 2713 2086 neuter.
2747 2032 3053 2086 Masculino
3084 2037 3307 2104 neuter,
3343 2032 3643 2104 feminino
3677 2041 3886 2096 neutra.

2184 2103 2388 2158 neutro
2417 2119 2627 2174 genere
2670 2104 2776 2157 hoc
2807 2109 3076 2157 neutrum
3120 2103 3493 2172 mancipium.
3545 2105 3727 2158 Unde
3772 2122 3886 2157 usus

2177 2176 2301 2246 jam
2348 2175 2589 2245 arripuit
2619 2179 2681 2228 ut
2702 2174 2966 2246 dicamus
3011 2175 3237 2245 generis
3261 2175 3491 2246 neutri,
3525 2191 3678 2228 cum
3721 2176 3888 2228 dicere

2185 2245 2494 2300 debeamus
2525 2245 2804 2311 neutrius,
2843 2246 3133 2316 quomodo
3163 2245 3365 2299 utrius.
3402 2245 3636 2299 Addita
3668 2248 3888 2316 conjun-

2184 2317 2369 2370 ctione
2415 2333 2527 2388 que
2573 2317 2809 2388 syllaba,
2854 2317 3172 2370 declinatur
3227 2332 3555 2388 pronomen
3609 2318 3804 2387 ipsum
3835 2318 3890 2370 ad

2184 2387 2449 2458 regulam
2483 2387 2885 2458 supradictam.
2920 2388 2981 2442 In
3015 2387 3358 2454 masculinis,
3394 2394 3694 2458 uterque;
3735 2390 3796 2441 in
3825 2389 3889 2441 fe-

2186 2458 2445 2530 mininis,
2469 2464 2737 2529 utraque;
2764 2458 2821 2512 in
2840 2458 3056 2530 neutris
3081 2463 3408 2530 utrumque.
3440 2458 3538 2512 Sic
3566 2461 3886 2530 pluraliter:

2186 2529 2247 2582 in
2300 2531 2649 2596 masculinis,
2699 2529 2980 2601 utrique,
3013 2529 3072 2582 in
3129 2529 3418 2601 femininis
3479 2529 3799 2601 utraeque;
3844 2533 3888 2582 in

2185 2601 2402 2654 neutris
2446 2599 3041 2672 utraquemancipia.
3097 2601 3192 2672 Est
3233 2605 3291 2652 et
3320 2599 3499 2672 aliud
3547 2599 3889 2672 pronomen,

2186 2672 2360 2734 ullus,
2404 2670 2608 2738 ullius,
2631 2671 2752 2735 ulli,
2785 2671 2988 2734 ullum,
3020 2687 3052 2724 ο
3095 2670 3354 2742 αιιυωὼ
3383 2671 3509 2724 ullo
3537 2670 3564 2725 ξ
3608 2674 3898 2742 pluraliter

2189 2743 2310 2804 ulli,
2345 2742 2614 2810 ullorum,
2645 2741 2798 2809 ullis,
2824 2743 2986 2807 ullos,
3025 2758 3057 2794 ο
3090 2741 3212 2806 ulli,
3235 2741 3304 2794 ab
3333 2741 3490 2795 ullis.
3529 2741 3895 2797 Fe’mininum

2191 2814 2323 2878 ulla,
2369 2813 2563 2878 ullius,
2615 2813 2737 2876 ulli,
2786 2813 2978 2876 ullam,
3025 2828 3056 2865 ο
3094 2813 3229 2883 ulla,
3271 2812 3342 2883 ab
3391 2813 3552 2866 ulla:
3609 2818 3900 2883 pluraliter

2188 2884 2340 2944 ulla},
2364 2885 2631 2950 ullarum,
2661 2884 2810 2949 ullis,
2837 2884 2999 2946 ullas,
3023 2899 3055 2937 ο
3095 2881 3248 2947 ullze,
3283 2882 3354 2935 ab
3403 2884 3568 2937 ullis.
3610 2881 3898 2939 Neutrum

2190 2955 2393 3018 ullum,
2425 2955 2618 3020 ullius,
2653 2955 2774 3018 ulli,
2811 2955 3006 3026 ullum,
3041 2969 3073 3006 ο
3105 2954 3308 3026 ullum,
3339 2953 3412 3026 ab
3451 2955 3582 3008 ullo
3613 2973 3628 3010 :
3668 2958 3752 3009 sic
3787 2959 3898 3026 pta-

2190 3025 2388 3079 raliter
2414 3027 2550 3090 ulla,
2581 3025 2847 3085 ullorum.
2888 3025 3041 3093 ullis,
3085 3025 3217 3090 ulla,
3268 3041 3300 3078 ο
3336 3025 3478 3089 ulla,
3519 3026 3595 3080 ab
3652 3025 3805 3081 ullis.
3832 3028 3898 3080 Ai

2191 3096 2336 3150 hanc
2363 3096 2606 3150 formam
2637 3096 2946 3150 declinabis
2977 3101 3035 3148 et
3063 3095 3272 3157 nullus,
3307 3095 3495 3161 nulla,
3531 3099 3777 3152 nullum
3802 3117 3814 3151 :
3838 3100 3898 3150 sic

2192 3167 2358 3233 alius,
2391 3168 2562 3238 hujus
2606 3167 2771 3238 alius,
2804 3167 2935 3220 huic
2964 3165 3098 3238 alii:
3132 3167 3210 3220 sic
3235 3167 3402 3238 alter,
3430 3167 3626 3236 hujus
3661 3171 3899 3228 alterius,

2189 3238 2324 3292 huic
2357 3238 2553 3292 alteri:
2603 3237 2682 3291 sic
2728 3243 2900 3302 totus,
2952 3237 3122 3306 hujus
3177 3237 3372 3303 totius,
3426 3238 3578 3292 huic
3639 3242 3787 3294 toti:
3835 3256 3896 3292 51.:

2192 3310 2365 3381 solus,
2393 3309 2565 3381 hujus
2591 3309 2788 3381 solius,
2831 3307 2965 3381 huic
2991 3308 3130 3362 soli:
3182 3308 3259 3362 sic
3288 3324 3462 3374 unus,
3503 3310 3695 3381 hujus
3731 3312 3900 3372 unius,

2192 3379 2326 3434 huic
2359 3380 2456 3433 uni
2486 3395 2498 3434 :
2531 3379 2682 3433 unde
2715 3379 3001 3450 Virgilius,

2377 3458 2617 3508 Forsitan
2639 3457 2764 3507 huic
2786 3459 2878 3507 uni
2905 3458 3053 3523 potui
3071 3456 3423 3523 succumbere
3458 3459 3672 3523 culpae.

2937 3520 3040 3582 (Id.
3066 3519 3155 3570 lib.
3180 3520 3227 3572 4.
3248 3533 3294 3568 υ.
3317 3521 3416 3581 l9.)

2436 3591 2662 3648 CAPUT
2707 3591 2821 3645 XII.
2859 3620 2925 3630 —
2968 3592 3294 3645 Pronomina
3329 3592 3670 3660 qualitatis.

2262 3661 2406 3736 Sunt
2454 3667 2512 3715 et
2537 3661 2845 3736 qualitatis
2887 3662 3250 3736 pronomina,
3292 3663 3384 3715 hic
3432 3667 3499 3716 et
3541 3665 3679 3718 haec
3709 3666 3896 3736 qualis.

2190 3731 2360 3801 hujus
2419 3731 2623 3814 qualis,
2687 3749 2896 3814 genere
2936 3732 3266 3814 communia
3286 3749 3304 3814 :_
3351 3749 3386 3785 a
3424 3750 3674 3814 genere
3725 3731 3894 3790 autem

2189 3809 2413 3878 neutro,
2446 3805 2553 3858 hoc
2577 3804 2766 3878 quale,
2799 3805 2968 3878 hujus
3000 3805 3215 3875 qualis:
3251 3804 3566 3878 pluraliter
3604 3809 3736 3862 hac
3778 3824 3893 3878 qm-

2191 3873 2286 3949 lia,
2319 3875 2524 3928 horum
2556 3873 2833 3949 qualium.
2868 3873 3110 3949 Sunt‘et
3136 3874 3503 3949 quantitatis,
3538 3883 3608 3930 ut
3645 3873 3891 3949 quantus,

2189 3948 2415 4020 tantus;
2473 3945 2693 4016 quanti,
2739 3945 2921 4000 tanti:
2972 3946 3331 4020 declinantur
3360 3951 3423 3998 ut
3445 3945 3892 4020 justus'jnstiu

2188 4015 2505 4079 feminino,
2533 4021 2594 4071 ut
2650 4021 2882 4087 quanta,
2927 4021 3102 4090 tanta,
3140 4015 3529 4090 declinantur
3565 4027 3640 4073 ut
3678 4015 3896 4090 justaa

2188 4091 2414 4153 neutro,
2441 4092 2741 4158 quantum,
2761 4093 3008 4160 tantum,
3033 4087 3394 4142 declinantur
3413 4094 3484 4142 ut
3498 4087 3764 4160 justum.
3785 4094 3896 4146 lteri:

2189 4174 2507 4228 pronomen
2557 4176 2590 4213 a
2641 4158 2981 4225 masculino,
3038 4163 3245 4230 quotus
3294 4158 3512 4214 totus:
3555 4178 3592 4214 ει
3637 4163 3895 4217 feminine

2189 4234 2364 4299 quota
2409 4234 2564 4284 tota:
2615 4245 2648 4284 a
2688 4235 2916 4296 neutro,
2957 4235 3219 4300 quotum,
3268 4233 3482 4284 totum.
3542 4234 3896 4288 Pluraliter;

2188 4300 2526 4366 masculino,
2559 4301 2738 4372 quoti,
2771 4300 2912 4354 toti:
2957 4317 2990 4354 a
3035 4300 3336 4372 feminino,
3388 4307 3622 4371 quotus,
3679 4312 3843 4360 tota:
3875 4322 3894 4357 ι

2188 4376 2414 4428 neutro.
2449 4371 2624 4442 quota
2644 4373 2872 4442 jugera,
2902 4377 3207 4442 quotorum
3235 4371 3545 4441 jugerum.
3587 4378 3750 4431 Sunt
3771 4379 3892 4431 rela-

2187 4441 2299 4494 tiva
2328 4441 2561 4518 quaa’ad
2595 4441 3446 4518 interrogantem__referuntur,
3505 4452 3576 4498 ut
3607 4450 3752 4518 quis
3789 4446 3886 4501 est?

2186 4513 2585 4584 respondetur,
2618 4514 2665 4568 is
2696 4513 2908 4568 est:’et
2955 4514 3313 4569 declinantur
3358 4530 3391 4567 a
3438 4513 3805 4584 masculino,
3840 4524 3886 4572 La

2187 4583 2328 4653 ejus,
2359 4585 2433 4656 ei,
2465 4600 2682 4656 eum,o
2731 4584 2797 4647 is,
2831 4585 2901 4656 ab
2931 4601 3032 4639 eo:
3065 4585 3362 4656 pluraliter
3414 4584 3482 4650 ii,
3535 4583 3884 4654 θοι-θαι.εά

2185 4670 2300 4727 eos,
2334 4672 2366 4708 o
2387 4654 2461 4722 ei,
2492 4656 2564 4709 ab
2595 4655 2694 4709 eis.
2718 4656 2803 4727 Ab
2830 4654 3130 4724 feminino,
3163 4672 3248 4716 ea,
3279 4657 3425 4725 ejus,
3445 4658 3545 4727 rei,
3577 4675 3745 4727 eam,
3767 4680 3798 4715 ο
3824 4677 3884 4712 ea.

2186 4725 2254 4778 ab
2299 4742 2385 4799 ea.
2428 4729 2726 4799 A_neutro,
2759 4726 2836 4799 id,
2875 4727 3015 4797 ejus,
3062 4727 3131 4790 ei,
3159 4727 3263 4799 id,
3315 4741 3349 4780 ο
3400 4726 3484 4799 id,
3532 4730 3613 4784 ab
3647 4725 3743 4786 eo;

2183 4811 2314 4850 cum
2345 4796 2639 4867 loquimur
2667 4797 2735 4851 de
2761 4796 2984 4862 itinere,
3020 4814 3122 4868 per
3154 4797 3214 4851 id
3243 4796 3374 4868 iter,
3410 4798 3753 4858 dicendum
3791 4796 3880 4856 est.

2184 4883 2320 4932 non,
2354 4884 2628 4939 pereum
2667 4868 2812 4922 iter:
2856 4869 2992 4939 quia
3027 4867 3195 4931 eum,
3248 4867 3315 4939 in,
3357 4874 3711 4939 accusativo
3759 4890 3882 4928 casa.

2185 4937 2484 5010 masculini
2514 4940 2740 5008 generis
2771 4937 2893 4995 esti
2933 4939 3160 5010 plurali,
3205 4954 3272 4992 ea
3302 4937 3544 5010 itinera,
3581 4945 3663 4998 ab
3705 4946 3784 4999 eis
3811 4955 3882 4996 ie-

2181 5009 2434 5087 neribus.
2461 5011 2602 5064 Item
2633 5027 2738 5080 per
2765 5010 2823 5066 id
2867 5009 3144 5087 nostrum,
3187 5026 3288 5080 per
3313 5009 3373 5062 id
3404 5015 3667 5087 tectum,
3722 5033 3815 5087 per

2180 5085 2351 5151 caput
2373 5097 2386 5135 :
2410 5097 2528 5135 non
2543 5098 2647 5152 per
2667 5098 2821 5147 eum,
2841 5082 2953 5135 nisi
2975 5083 3034 5135 in
3055 5097 3266 5153 genere
3295 5083 3632 5153 masculino
3659 5082 3876 5141 tantum.

2611 5153 2835 5208 CAPUT
2875 5154 3016 5208 XIII.
3059 5152 3126 5192 i—
3163 5155 3236 5206 De
3274 5152 3456 5208 verbo.

2252 5222 2432 5294 Verba
2462 5227 2708 5294 quatuor
2729 5223 2908 5278 modis
2942 5223 3286 5294 accipimus:
3323 5226 3519 5292 primo
3555 5228 3756 5293 modo,
3772 5243 3882 5281 ea:

2179 5293 2351 5366 verba
2401 5293 2506 5366 pro
2546 5294 2783 5366 fallaciis
2835 5293 3164 5366 accipimus,
3215 5311 3344 5347 cum
3397 5295 3688 5365 dicimus,
3737 5303 3886 5354 verte

2179 5363 2487 5437 illi_dedit,
2537 5365 2736 5420 fefellit
2775 5363 3150 5420 eumiunde
3215 5367 3520 5421 Terentius
3574 5363 3749 5437 dixit,
3801 5372 3882 5426 Cx:

2177 5435 2342 5490 verba
2389 5436 2521 5490 dare
2550 5437 2781 5506 difﬁcile
2828 5443 2908 5492 est
2948 5437 3112 5504 (And.
3145 5441 3251 5490 act.
3291 5440 3336 5503 l,
3389 5453 3536 5492 scen.
3592 5443 3655 5505 3,
3715 5435 3768 5496 ὑ.
3821 5446 3848 5493 ἕ

2179 5506 2438 5562 Secundo
2486 5508 2679 5570 modo,
2722 5509 2892 5564 verba
2943 5525 3047 5578 pro
3092 5507 3349 5562 oratione
3399 5508 3681 5576 dicimus,
3737 5514 3884 5567 verb:

2179 5578 2375 5633 fecisse
2407 5578 2736 5635 Ciceronem
2769 5580 2830 5635 in
2852 5580 3029 5634 curia.
3059 5579 3252 5634 Tertio
3301 5578 3497 5645 modo,
3552 5586 3736 5638 verba

2177 5665 2307 5725 mu_s
2326 5667 2430 5720 pro
2452 5651 2782 5725 vulgaribus
2809 5651 3104 5709 sententiis
3125 5667 3253 5725 quae
3263 5652 3582 5722 proverbia
3601 5654 3894 5712 dicuntur.

2175 5723 2242 5775 ut
2258 5721 2556 5778 Terentius
2577 5721 2722 5778 dixit
2741 5739 2756 5778 :
