3970 6146
119 242 267 295 1397

287 363 480 431 Ver_u_m
505 360 637 431 illud
669 361 898 431 verbum
919 363 1080 431 vulgo
1110 369 1188 415 est
1214 366 1357 431 quod
1386 364 1491 431 dici
1520 365 1667 416 solet.

376 425 621 489 (Terent.,
648 426 781 475 And.
814 426 915 476 act.
950 427 998 484 2,
1021 425 1162 475 been.
1181 425 1247 484 5,‘
1268 443 1315 478 υ.
1353 429 1451 493 15).

113 507 343 571 Quarto
386 505 579 578 modo,
627 505 799 560 verba
846 505 1087 565 dicimus
1129 506 1250 561 haec
1290 524 1418 578 quae
1468 508 1823 563 decurrimus

113 593 261 631 cum
289 576 645 646 temporibus
676 582 732 630 et
768 578 1045 647 personis,
1092 584 1156 631 ut
1191 576 1393 645 clamo,
1438 581 1669 641 clamas,
1716 582 1823 633 cla-

112 652 267 702 mat.
314 648 412 702 llic
439 653 493 701 et
521 663 775 717 personae
802 655 933 702 sunt
964 653 1093 709 tres,
1126 653 1188 702 ut
1225 648 1407 702 clamo
1446 667 1574 717 ego,
1611 652 1822 705 clamas

110 722 212 794 tu,
243 718 451 794 clamat
478 718 608 786 ille;
638 723 694 773 et
714 723 941 794 tempus
970 725 1053 794 est
1080 735 1350 794 prazsens.
1389 721 1596 794 Deinde
1626 723 1820 794 plura-

110 789 275 855 liter,
308 790 619 843 clamamus
648 806 771 857 nos,
809 790 1065 844 clamatis
1084 789 1216 853 'vos,
1244 792 1492 844 clamant
1518 789 1821 847 illifTem-

110 877 263 931 pore
292 861 583 932 praeterito
618 861 970 931 imperfecto,
1016 862 1333 917 clamabam
1372 877 1499 932 ego,
1536 863 1819 918 clamabas

110 936 206 1004 tu,
259 931 541 1004 clamabat
595 932 729 1004 ille:
791 933 1210 1004 etgpluraliter,
1258 931 1645 987 clamabamus
1690 951 1817 1004 nos,

109 1002 455 1056 clamabatis
506 1018 625 1070 vos,
673 1002 994 1057 clamabant
1040 1003 1145 1058 illi.
1203 1005 1482 1074 Tempore
1529 1002 1817 1074 praeterito

108 1074 392 1146 perfecto,
437 1089 678 1146 numero
719 1074 1013 1144 singulari,
1055 1074 1294 1146 clamavi
1334 1091 1459 1141 ego,
1507 1074 1818 1129 clamavisti

107 1144 205 1216 tu,
232 1144 494 1216 clamavit
534 1145 647 1216 ille.
691 1145 969 1216 Tempore
1016 1145 1301 1216 praeterito
1344 1147 1650 1216 plusquam
1692 1162 1818 1216 per-

107 1215 287 1279 fecto,
322 1215 418 1268 ubi
448 1214 974 1287 signiﬁcamus'non
1006 1214 1191 1270 solum
1222 1214 1574 1287 non’aliquid
1596 1214 1813 1282 fecisse,

108 1286 214 1339 sed
248 1286 415 1339 etiam
449 1286 686 1350 dudum,
729 1290 784 1340 et
813 1287 1056 1341 dicimus
1082 1296 1336 1356 ;numero
1366 1286 1662 1358 singulari,
1704 1289 1816 1341 cla-

106 1372 406 1412 maveram
463 1373 591 1428 ego,
643 1358 988 1411 clamaveras
1039 1363 1124 1424 tu,
1172 1359 1514 1412 clamaverat
1561 1358 1657 1411 ille
1701 1374 1713 1411 :
1762 1362 1818 1412 et

105 1427 438 1498 pluraliter,
470 1428 915 1482 clamaveramus
948 1445 1071 1494 nos,
1115 1429 1505 1483 clamaveratis
1538 1445 1656 1495 vos,
1700 1429 1813 1482 cla-

102 1503 411 1552 maverant
434 1499 537 1552 illi.
573 1500 853 1568 Tempore
881 1500 1074 1553 futuro
1104 1516 1344 1553 numero
1375 1500 1674 1569 singulari,
1708 1501 1816 1553 cla-

102 1569 283 1623 mabo
341 1585 468 1639 ego,
524 1569 793 1623 clamabis
838 1575 918 1633 tu,
962 1571 1231 1624 clamabit
1278 1571 1814 1625 illezclamabimus

100 1656 238 1711 nos,
271 1640 584 1694 clamabitis
615 1657 737 1706 vos,
778 1640 1107 1695 clamabunt
1152 1641 1254 1694 illi.
1290 1643 1593 1711 ﬂuensque
1643 1642 1811 1695 modo

102 1710 425 1765 indicativo
478 1715 663 1765 totum
715 1712 824 1765 hoc
876 1713 1027 1782 quod
1058 1712 1302 1765 diximus
1349 1710 1650 1765 indicantis
1707 1718 1809 1768 est.

100 1782 873 1851 ldeodiciturimperativus,
898 1782 1034 1852 quia
1051 1799 1255 1835 sonum
1279 1783 1448 1836 habet
1469 1782 1808 1851 imperandi.

99 1853 218 1906 Sed
266 1852 370 1905 iste
401 1853 607 1923 modus
656 1868 771 1905 non
818 1852 990 1907 habet
1029 1854 1277 1923 primam
1316 1870 1639 1921 personam,
1675 1854 1811 1923 quia

100 1939 281 1977 nemo
314 1923 421 1976 sibi
451 1922 845 1995 imperat,sed
877 1924 945 1977 ad
981 1922 1290 1995 secundam
1322 1925 1578 1994 loquitur
1616 1922 1813 1995 perso-

98 2009 248 2047 nam
307 1998 365 2046 et
410 1994 661 2047 tertiam.
718 1994 967 2048 Numero
1026 1994 1322 2064 singulari,
1371 1995 1441 2047 ad
1505 1996 1813 2050 secundam

95 2065 315 2136 clama,
344 2067 400 2117 et
429 2063 498 2117 ad
530 2064 757 2136 tertiam
787 2065 992 2119 clamet
1022 2081 1035 2119 :
1069 2063 1466 2136 et’pluraliter,
1508 2066 1578 2119 ad
1610 2082 1811 2119 secun-

96 2135 241 2207 dam
269 2136 531 2207 clamate,
563 2134 635 2189 ad
676 2136 905 2190 tertiam
950 2134 1219 2191 clament.
1266 2138 1475 2190 Futuro
1530 2141 1809 2207 tempore,

97 2205 176 2259 ad
214 2205 525 2259 secundam
558 2207 820 2273 clamato,
860 2208 928 2261 ad
977 2208 1203 2261 tertiam
1251 2207 1515 2261 similiter
1544 2205 1807 2262 clamato.

97 2276 213 2330 Sed
246 2276 721 2347 quare\similiter
751 2277 885 2331 facit
915 2278 975 2332 in
1018 2279 1262 2333 secunda
1292 2284 1347 2332 et
1388 2278 1573 2343 tertia,
1612 2284 1696 2333 est
1720 2295 1810 2332 ra-

101 2347 186 2400 tio
221 2363 234 2399 :
266 2347 360 2401 sed
393 2363 545 2400 nunc
566 2349 1055 2418 prmtermittenda
1083 2354 1188 2402 est.
1231 2351 1296 2403 Et
1324 2365 1395 2402 ne
1427 2350 1496 2403 ad
1528 2349 1640 2402 alia
1661 2354 1813 2402 tran-

100 2434 325 2484 camus,
359 2419 659 2472 redeamus
717 2420 785 2472 ad
834 2436 957 2473 rem
1007 2420 1311 2489 pluralem.
1365 2420 1448 2474 Ad
1502 2421 1811 2475 secundam

100 2504 411 2559 personam
444 2490 764 2550 clamatote,
798 2490 870 2544 ad
924 2490 1151 2544 tertiam
1183 2492 1452 2544 clamant.
1487 2491 1577 2545 Sic
1617 2500 1811 2545 autem

100 2559 425 2633 Optativum
480 2559 743 2627 dicimus,
799 2560 937 2632 quia
982 2562 1233 2630 optantis
1277 2561 1447 2615 modo
1507 2563 1806 2633 loquitur:

101 2630 293 2703 prima
324 2647 567 2703 persona
611 2630 869 2703 tempore
899 2633 1185 2703 praesenti,
1220 2634 1439 2685 utinam
1480 2630 1807 2700 clamarem,

100 2701 177 2755 ad
218 2702 522 2754 secundam
576 2701 794 2755 utinam
845 2701 1142 2770 clamares,
1192 2703 1261 2757 ad
1316 2704 1545 2756 tertiam
1586 2704 1809 2758 utinam

98 2772 376 2843 clamaret
400 2788 411 2825 :
438 2776 493 2825 et
524 2773 821 2842 pluraliter
840 2774 909 2826 ad
931 2774 1177 2843 primam
1209 2789 1533 2843 personam,
1585 2775 1808 2828 utinam

100 2842 506 2908 clamaremus,
539 2843 607 2896 ad
637 2842 944 2897 secundam
976 2842 1572 2910 utinamclainaretis,
1595 2844 1664 2897 ad
1696 2848 1808 2897 ter-

100 2912 243 2966 tiam
271 2913 495 2967 utinam
534 2914 865 2967 clamarent.
910 2914 1203 2968 Praeterito
1250 2920 1529 2984 tempore,
1572 2914 1642 2968 ad
1689 2915 1808 2984 pri-

99 3000 259 3039 mam
288 2990 615 3054 personam,
660 2985 877 3039 utinam
911 2986 1241 3039 clamassem
1263 3001 1389 3055 ego,
1418 2985 1483 3038 ad
1500 2985 1808 3040 secundam

100 3055 326 3108 utinam
373 3057 672 3109 clamasses
720 3062 803 3120 tu,
856 3056 923 3109 ad
986 3056 1209 3109 tertiam
1258 3056 1478 3109 utinam
1510 3057 1808 3111 clamasset

101 3125 237 3181 ille:
289 3130 345 3179 et
389 3126 707 3195 pluraliter,
743 3125 965 3183 utinam
996 3128 1400 3180 clamassemus
1429 3142 1553 3191 nos,
1588 3127 1808 3181 utinam

100 3197 455 3250 clamassetis
489 3214 607 3262 vos,
642 3196 863 3251 utinam
905 3198 1241 3251 clamassent
1271 3197 1374 3250 illi.
1419 3198 1632 3251 Futuro
1660 3202 1807 3252 tein-

102 3284 265 3338 pore,
316 3269 503 3338 prima
549 3283 812 3337 persona,
869 3268 1087 3322 utinam
1136 3270 1374 3322 clamem
1407 3284 1538 3337 ego,
1583 3268 1807 3323 utinam

104 3339 318 3392 clames
349 3344 431 3403 tu,
464 3338 691 3410 utinam,
717 3339 923 3392 clamet
968 3339 1064 3393 ille
1096 3355 1108 3393 :
1141 3344 1199 3393 et
1226 3338 1545 3410 pluraliter,
1584 3340 1804 3394 utinam

102 3410 440 3476 clamemus,
470 3409 748 3475 clametis,
776 3411 1043 3464 clament.
1082 3409 1241 3464 ldeo’
1267 3416 1457 3463 autem
1489 3410 1805 3479 subjuucti-

99 3496 206 3534 vus
230 3480 598 3550 dicitur,quia
627 3486 755 3549 eget
782 3481 974 3552 aliqua
993 3497 1076 3546 re,
1109 3486 1173 3534 ut
1197 3481 1433 3551 impleat
1463 3482 1807 3537 sententiam

102 3568 288 3614 suam,
322 3556 383 3605 ut
407 3557 549 3622 puta
590 3567 719 3605 cum
751 3552 1014 3618 clamem,
1045 3552 1273 3613 clames,
1320 3552 1560 3615 clamet;
1593 3553 1808 3622 pendet

100 3621 196 3693 hic
227 3621 446 3687 sensus,
480 3622 817 3692 indigetque
862 3623 1055 3693 aliqua
1094 3639 1173 3688 re,
1215 3626 1279 3676 ut
1325 3621 1609 3676 sententia
1646 3640 1803 3677 com-

104 3689 335 3765 pleatnr
364 3709 381 3765 ς
411 3708 474 3745 ac
505 3693 550 3745 si
581 3689 790 3760 dicam,
823 3689 1240 3759 cum—clamem,
1271 3709 1446 3765 quare
1485 3709 1574 3747 me
1617 3699 1806 3749 tacere

104 3763 453 3836 dicis?_ldeo
483 3779 618 3835 ergo
650 3765 1043 3836 conjunctivus
1074 3763 1495 3819 modus‘dictus
1527 3768 1631 3833 est,
1670 3766 1806 3836 quia

100 3834 156 3906 ei
187 3834 569 3905 conjungitur
600 3834 838 3905 aliquid,
869 3840 933 3889 ut
976 3836 1259 3890 sententia
1304 3835 1605 3890 locutionis
1636 3834 1808 3906 plena

100 3904 197 3977 sit.
231 3906 374 3977 Ergo
406 3904 755 3960 declinemus
786 3907 937 3960 hunc
966 3908 1199 3962 modum
1231 3914 1294 3961 ut
1323 3904 1667 3977 superiores.
1706 3910 1807 3962 De-

101 3974 589 4048 clinatu'rrautem
645 3993 747 4048 per
797 3993 1069 4046 personas
1119 3985 1278 4033 tres:
1323 3974 1509 4048 prima
1558 3994 1807 4047 persona

102 4047 411 4119 praesentis
452 4047 730 4119 temporis
775 4064 905 4102 cum
962 4050 1223 4113 clamem,
1268 4047 1516 4119 secunda
1562 4065 1807 4119 persona

101 4133 232 4171 cum
265 4118 494 4179 clames,
531 4118 701 4172 tertia
747 4134 877 4172 cum
906 4120 1153 4173 clamet:
1188 4122 1243 4172 et
1274 4118 1577 4190 pluraliter
1617 4121 1807 4190 prima

100 4204 347 4258 persona
372 4205 500 4242 cum
531 4190 863 4252 clamamus,
896 4190 1145 4243 secunda
1173 4205 1301 4242 cum
1331 4188 1807 4254 clametisftertia

99 4275 229 4313 cum
265 4261 532 4314 clament.
586 4259 881 4314 Praeterito
924 4264 1184 4330 tempore
1230 4258 1585 4329 imperfecto,
1618 4261 1813 4330 prima

98 4345 349 4401 persona
380 4346 508 4384 cum
538 4332 861 4392 clamarem,
890 4330 1138 4384 secunda
1162 4346 1290 4384 cum
1314 4332 1606 4395 clamares,
1638 4332 1803 4385 tertia

99 4418 233 4454 eum
263 4402 531 4454 clamaret
566 4416 579 4455 :
613 4407 668 4472 et
695 4401 992 4471 pluraliter
1025 4401 1212 4470 prima
1241 4416 1484 4472 persona
1530 4416 1659 4454 cum
1692 4402 1804 4455 cla-

102 4487 415 4535 maremus,
449 4471 697 4524 secunda
725 4487 853 4524 cum
886 4472 1224 4537 clamaretis,
1246 4471 1424 4525 tertia
1448 4487 1577 4525 cum
1601 4472 1805 4527 clama-

99 4547 251 4594 rent.
297 4542 592 4613 _Tempore
646 4541 934 4612 praeterito
988 4543 1256 4613 perfecto,
1314 4540 1501 4612 prima
1561 4558 1806 4611 persona

101 4626 231 4664 cum
266 4609 664 4675 clamaverim,
699 4628 827 4664 cum
859 4609 1212 4681 clamaveris,
1254 4609 1382 4667 cum
1432 4609 1802 4669 clamaverit:

100 4686 159 4734 et
186 4681 486 4752 pluraliter
520 4682 707 4751 prima
733 4698 979 4752 persona
1008 4700 1137 4737 cum
1180 4684 1633 4747 clamavarimus,
1674 4701 1802 4741 cum

101 4749 678 4826 clamaveritis,_cum
732 4749 1117 4809 clamaverint.
1174 4757 1453 4825 Tempore
1500 4756 1803 4826 plusquam

99 4822 379 4893 perfecto,
411 4821 597 4892 prima
629 4839 869 4894 persona
899 4840 1027 4879 cum
1074 4821 1665 4890 clamavissemfcum'
1691 4829 1802 4881 cla-

98 4893 390 4959 Inavisses,
426 4909 554 4969 cum
587 4893 977 4969 cl’amavisset:
1021 4902 1077 4950 et
1116 4896 1641 4969 pluralitergprima
1675 4914 1803 4969 per-

101 4981 243 5018 sona
299 4979 427 5017 cum
485 4965 969 5035 clamavissemus,
1015 4965 1145 5022 cum
1202 4965 1624 5034 clamavissetis,
1672 4965 1802 5022 cum

97 5035 511 5110 clamavissent.
562 5037 841 5110 Tempore
892 5038 1105 5104 futuro,
1151 5038 1334 5110 prima
1386 5054 1627 5110 persona
1673 5055 1803 5093 cum

100 5108 439 5180 clamavero.
473 5124 601 5163 cum
637 5109 986 5176 clamaveris,
1020 5108 1169 5162 cum“
1197 5108 1525 5162 clamaverit
1551 5125 1564 5162 :
1589 5113 1645 5162 et
1672 5111 1802 5180 plu-

96 5177 510 5249 ralitergprima
540 5195 781 5249 persona
820 5195 949 5234 cum
998 5180 1454 5247 clamaverimus,
1510 5195 1639 5233 cum
1674 5177 1801 5234 'cla-

98 5247 406 5307 maveritis.
465 5247 593 5303 cum
644 5251 1029 5305 clamaverint.
1080 5251 1399 5306 Inﬁnitivus
1459 5249 1665 5304 dicitur
1711 5251 1803 5305 hic

99 5319 325 5392 modus,
360 5319 494 5390 quia
528 5321 851 5390 superiores
879 5320 1161 5376 definiunt
1212 5337 1503 5391 personas,
1554 5322 1800 5392 primam

100 5389 407 5444 secundam
440 5396 495 5444 et
523 5389 747 5445 tertiam
775 5409 789 5457 ;
821 5392 911 5446 hic
940 5398 1132 5447 autem
1164 5389 1368 5447 modus
1394 5393 1515 5445 sine
1545 5389 1804 5462 personis

97 5466 204 5535 est,
238 5467 295 5515 et
308 5462 479 5535 habet
499 5463 682 5516 solum
712 5468 940 5535 tempus
966 5465 1341 5534 prastinitum,
1359 5479 1636 5534 przesens,
1659 5481 1803 5535 prae-

99 5531 332 5605 teritum
365 5538 421 5587 et
450 5534 707 5589 futurum
740 5551 753 5588 :
790 5531 851 5587 ut
890 5531 1030 5605 puta
1075 5531 1342 5603 clamare,
1363 5531 1757 5605 ipraesens'est
1787 5551 1800 5589 :

99 5602 422 5675 clamasses,
454 5605 811 5675 praeteritum
838 5622 850 5660 :
876 5602 1181 5660 clamatum
1221 5602 1335 5674 ire,
1356 5602 1632 5661 futurum.
1669 5608 1802 5661 Ecce

100 5672 259 5727 vides
288 5672 586 5750 designare
615 5681 844 5750 tantum
874 5681 1154 5750 tempora,
1186 5672 1319 5731 non
1338 5692 1632 5750 personas.
1680 5679 1805 5750 Cla-

70 5750 261 5799 ‘mare
292 5744 467 5814 enim,
500 5750 557 5801 et
595 5748 891 5822 clamasse,
939 5744 1011 5805 et'
1036 5744 1359 5804 clamatum
1401 5748 1507 5817 ire,
1552 5748 1805 5803 nescitur

1689 240 2076 300 APPENDIX.

3503 254 3639 311 1398

1934 382 2198 451 persona,
2230 368 2337 423 nisi
2367 368 2774 451 velis_jungere
2811 370 3123 451 etudicere,
3174 372 3443 451 clamar_e_
3468 374 3639 432 debet

1934 439 2030 518 iiie
2064 455 2077 493 :
2110 445 2247 518 tunc
2276 439 2441 518 quasi
2457 439 2546 518 fit
2561 439 2900 518 ﬁnitum.__Si
2927 448 3128 518 autem
3160 459 3278 518 non
3322 445 3636 518 subjungas

1932 510 2030 563 ille
2058 512 2147 565 vel
2172 510 2303 581 ipse
2320 512 2406 565 vel
2452 511 2581 580 iste,
2612 511 2678 565 ﬁt
2705 516 2769 565 ut
2793 513 2999 567 dicitur
3035 514 3349 568 inﬁnitivus
3380 510 3583 571 m'odu's
3618 535 3632 573 :

1931 597 2064 653 nam
2080 588 2143 653 et
2160 598 2405 653 numero
2424 582 2699 652 singulari
2718 584 2804 637 vel
2832 584 3039 653 plurali
3070 585 3327 640 inﬁnitus
3351 590 3451 641 est.
3488 590 3631 645 Cum

1930 652 2084 706 enim
2117 652 2261 721 dico,
2295 654 2560 718 clamare,
2603 652 2895 720 clamasse,
2938 672 3041 709 nec
3066 656 3293 710 ﬁnitum
3324 663 3409 712 est
3436 663 3632 714 utrum

1931 723 1999 777 de
2030 740 2145 777 uno
2185 740 2256 802 an_
2288 724 2357 778 de
2385 724 2609 802 duobus
2638 725 2839 780 dicam.
2878 725 2974 780 Isti
3005 743 3141 799 ergo
3167 732 3302 782 sunt
3333 729 3492 785 modi
3529 746 3633 802 per

1929 810 2074 866 quos
2103 794 2295 848 omnia
2323 796 2494 849 verba
2519 802 2836 851 cursantur.
3073 794 3097 799 ἡ
3226 830 3231 831 ν

2161 883 2387 938 CAPUT
2411 885 2547 939 XIV.
2578 915 2645 924 —
2676 889 2751 940 De
2786 887 2968 954 prima
3006 886 3399 955 conjugatione.

1995 973 2120 1026 Jam
2149 972 2222 1026 ad
2251 971 2495 1026 formam
2522 972 2692 1046 unius
2732 973 2907 1046 verbi,
2939 974 3094 1044 quod
3146 974 3451 1043 currimus,
3496 991 3628 1046 per-

1926 1058 2222 1097 curramus
2251 1049 2456 1098 castera
2485 1044 2655 1098 verba
2688 1060 2703 1098 :
2740 1043 3003 1098 similiter
3034 1046 3216 1099 clamo
3265 1046 3476 1100 clamas
3496 1043 3629 1102 _cla-

1925 1119 2066 1180 mat,
2089 1130 2220 1188 amo
2250 1130 2407 1188 amas
2436 1120 2608 1188 amat,
2646 1120 2810 1188 canto
2838 1120 3031 1170 cantas
3062 1120 3270 1182 cantat,
3307 1118 3470 1187 pulso
3500 1119 3626 1188 pul-

1925 1201 2014 1256 sas
2044 1187 2251 1255 pulsat,
2300 1185 2462 1239 freno
2510 1186 2699 1240 frenas
2736 1186 2942 1253 frenat,
2991 1202 3150 1241 armo
3198 1185 3386 1242 armas
3416 1185 3622 1256 armat,

1924 1254 2204 1327 impugno
2234 1256 2539 1327 impugnas
2583 1256 2908 1328 impugnat,
2954 1263 3118 1328 capto
3169 1264 3360 1328 captas
3412 1254 3625 1330 captat,

1923 1342 2063 1395 paro
2112 1343 2278 1397 paras
2322 1332 2506 1397 parat,
2570 1343 2771 1400 separo
2829 1344 3062 1400 separas
3114 1334 3357 1400 separat,
3420 1346 3621 1387 accuso

1925 1412 2151 1451 accusas
2165 1403 2422 1472 accusat,
2445 1398 2654 1472 mando
2677 1398 2911 1452 mandas
2933 1398 3194 1464 mandat,
3218 1417 3391 1469 gravo
3424 1418 3624 1472 gravas

1924 1472 2138 1537 gravat,
2164 1469 2290 1523 lavo
2321 1470 2667 1540 lavaslavat,
2698 1484 2911 1539 genero
2942 1486 3181 1538 generas
3206 1469 3460 1540 generat,
3493 1488 3622 1527 creo

1923 1553 2079 1612 creas
2105 1545 2276 1603 creat,
2304 1539 2425 1612 ligo
2456 1539 2600 1610 ligas
2625 1540 2782 1612 ligat,
2818 1540 2987 1612 alligo
3015 1539 3229 1612 alligas
3246 1542 3459 1612 alligat,
3492 1559 3621 1596 san-

1923 1609 2107 1662 ctitico
2136 1609 2451 1664 sanctiticas
2480 1611 2815 1677 sanctiﬁcat,
2848 1611 2959 1664 cito
3010 1609 3150 1665 citas
3196 1609 3622 1677 citatfvulnero

1920 1680 2186 1733 vulneras
2213 1683 2493 1748 vulnerat,
2536 1697 2761 1736 macero
2805 1698 3057 1736 maceras
3105 1687 3377 1749 macerat,
3437 1684 3624 1739 lacero

1922 1751 2134 1804 laceras
2162 1752 2392 1818 lacerat,
2424 1769 2523 1807 aro
2556 1768 2681 1806 aras
2722 1758 2865 1817 arat,
2899 1754 3051 1807 calco
3101 1754 3281 1809 calcas
3310 1755 3506 1817 calcat,
3546 1755 3625 1809 la-

1922 1822 2019 1874 nio
2054 1821 2235 1876 lanias
2267 1823 2464 1890 laniat,
2498 1840 2753 1878 memoro
2785 1840 3070 1878 memoras
3099 1830 3402 1891 memorat,
3433 1826 3622 1880 calceo

1920 1894 2135 1966 calceas
2157 1894 2384 1966 calceat,
2417 1894 2695 1966 investigo
2751 1895 3059 1965 investigas
3106 1895 3427 1966 investigat,
3474 1898 3620 1952 vallo

1918 1964 2095 2017 vallas
2124 1964 2317 2027 vallat,
2350 1964 2518 2018 domo
2566 1964 2765 2020 domas
2824 1964 3038 2032 domat,
3095 1964 3459 2021 circumvallo
3517 1967 3623 2022 cir-

1921 2035 2228 2088 cumvallas
2255 2034 2666 2104 circumvallat,
2718 2054 2887 2091 curvo
2917 2054 3115 2091 curvas
3154 2042 3368 2105 curvat,
3401 2038 3620 2092 medico

1920 2106 2168 2159 medicas
2197 2105 2460 2171 medicat,
2484 2109 2741 2161 consulto
2769 2110 3052 2163 consultas
3089 2110 3390 2174 consultat,
3415 2109 3619 2164 intimo

1920 2175 2151 2251 intimas
2181 2176 2430 2251 intimat,
2458 2177 2686 2232 insinuo
2714 2178 2969 2251 insinuas
2998 2179 3274 2251 insinuat,
3316 2180 3618 2251 frequento

1919 2246 2621 2319 frequentasfrequentat.
2655 2250 2876 2304 celebro
2930 2250 3182 2304 celebras
3210 2246 3473 2317 celebrat,
3504 2251 3617 2305 mi-

1918 2317 2097 2371 nistro
2129 2317 2420 2373 ministras
2444 2319 2754 2391 ministrat,
2780 2322 2953 2391 palpo
2982 2322 3182 2391 palpas
3212 2322 3429 2391 palpat,
3478 2337 3619 2376 sono

1920 2405 2085 2443 sonas
2124 2394 2307 2457 sonat,
2341 2390 2493 2444 socio
2542 2391 2721 2445 socias
2766 2390 3165 2460 sociat,’muto
3196 2390 3381 2446 mutas
3411 2397 3617 2458 mutat,

1918 2460 2145 2534 postulo
2194 2462 2447 2534 postulas
2493 2462 2765 2534 postulat,
2824 2479 3029 2533 quasso
3084 2478 3317 2533 quassas
3366 2467 3617 2534 quassat,

1919 2533 2167 2585 eviscero
2223 2531 2507 2586 evisceras’
2555 2531 2859 2599 eviscerat,
2903 2531 3341 2588 denso—densas
3383 2531 3618 2600 densat,

1919 2618 2127 2655 enervo
2156 2617 2390 2655 enervas
2430 2609 2683 2668 enervat,
2732 2604 2968 2658 verbero
3019 2604 3309 2673 verberas
3338 2604 3620 2673 verberat,

1917 2677 2104 2725 macto
2131 2676 2343 2743 mactas
2375 2677 2604 2737 mactat,
2648 2674 2784 2743 fugo
2813 2674 2976 2742 fugas
3003 2674 3186 2741 fugat,
3242 2672 3481 2728 elimino
3511 2672 3620 2728 eli-i

1916 2743 2101 2813 minas
2130 2742 2410 2809 eliminat,
2433 2743 2571 2796 caelo
2603 2742 2765 2797 casias
2786 2746 2971 2807 caelat,
3004 2745 3168 2813 signo
3190 2742 3381 2813 signas
3407 2743 3615 2813 signat,

1916 2812 2128 2866 ventilo
2161 2813 2402 2866 ventilas
2431 2813 2689 2876 ventilat,
2730 2813 3004 2867 contristo
3050 2812 3350 2867 Contristas
3400 2812 3619 2868 contri-

1918 2888 2045 2944 stat.
2080 2899 2282 2937 sereno
2313 2899 2538 2936 serenas
2586 2889 2827 2947 serenat,
2862 2889 2919 2938 et
2965 2883 3123 2937 talia.
3172 2883 3300 2937 Istis
3349 2884 3619 2940 omnibus

1918 2953 2184 3024 adjicitur
2220 2953 2478 3021 rlittera,
2502 2958 2558 3008 et
2586 2955 2734 3008 ﬁunt
2778 2954 3022 3024 passiva,
3055 2958 3120 3009 ut
3169 2955 3383 3008 clamor
3405 2956 3617 3009 clama-

1916 3025 1996 3079 ris
2025 3025 2328 3092 clamatur,
2359 3040 2525 3078 amor
2567 3024 2773 3078 amaris
2829 3030 3075 3088 amatur,
3128 3025 3323 3096 pulsor
3371 3025 3617 3095 pulsaris

1917 3096 2195 3163 pulsatur,
2216 3108 2384 3149 ‘secor
2414 3096 2620 3149 secaris
2651 3101 2890 3162 secatur,
2925 3112 3091 3150 curor
3118 3095 3334 3150 curaris
3363 3101 3614 3151 curatur.

1916 3166 2239 3247 §ic_omnia
2262 3165 2613 3247 perciirreris
2653 3183 2755 3247 per
2782 3167 2911 3247 illos
2939 3168 3142 3221 modos
3178 3184 3323 3247 quos
3352 3167 3616 3237 superius

1914 3237 2179 3309 diximus,
2224 3237 2616 3309 indicativum,
2649 3237 3071 3308 imperativum,
3106 3237 3445 3309 optativum,
3479 3255 3616 3293 con-

1908 3307 2252 3379 junctivum,
2285 3307 2652 3363 inﬁnitivum.
2698 3307 2845 3363 sane
2896 3324 2963 3363 ex
2995 3310 3104 3363 hoc
3132 3307 3271 3363 sono
3302 3325 3416 3378 quo
3445 3309 3617 3364 verba

1918 3380 2098 3433 activa
2126 3380 2539 3447 ordinavimus,
2570 3379 2626 3434 id
2658 3384 2743 3433 est
2786 3396 2907 3450 quo
2939 3395 3040 3433 nos
3074 3395 3245 3450 agere
3292 3379 3510 3449 aliquid
3537 3380 3613 3433 si-

1915 3450 2332 3521 gnificavimus,
2364 3454 2499 3521 sunt
2545 3450 2759 3504 similes
2788 3449 2934 3513 soni,
2984 3450 3081 3505 sed
3125 3449 3203 3504 ad
3235 3451 3408 3521 verba
3436 3450 3612 3520 perti-

1914 3526 2055 3575 nent
2084 3520 2385 3575 neutralia.
2416 3520 2517 3576 Sed
2553 3537 2622 3574 ne
2662 3526 2716 3575 te
2760 3524 3117 3575 commoveat
3141 3536 3316 3591 quare
3350 3520 3619 3591 dicuntur

1914 3591 2216 3657 neutralia,
2246 3592 2367 3645 haec
2406 3590 2553 3645 ratio
2601 3595 2705 3656 est,
2756 3592 2892 3662 quia
2936 3607 3123 3661 neque
3161 3590 3354 3662 agunt
3397 3590 3615 3660 aliquid

1914 3662 2456 3743 pequepatiuntur,
2495 3665 2557 3715 ut
2591 3667 2676 3743 est
2703 3661 2811 3727 sto,
2836 3663 3023 3743 jaceo,
3054 3661 3458 3743 cubo_,‘sedeo..
3484 3663 3614 3743 Haec

1912 3733 1973 3787 in
2003 3732 2158 3787 uulla
2175 3734 2419 3797 actione,
2444 3733 2503 3786 in
2521 3734 2679 3787 nulla
2702 3732 2965 3801 passione
2990 3736 3139 3787 sunt.
3183 3732 3311 3786 Alia
3325 3732 3613 3787 neutralia

1914 3804 2092 3858 abusu
2126 3803 2295 3869 dicta,
2352 3819 2482 3874 quae
2511 3804 2727 3858 habent
2773 3802 3079 3869 actionem,
3138 3803 3239 3857 sed
3283 3802 3612 3874 passionem

1914 3876 2131 3929 nullam
2167 3891 2180 3929 :
2214 3878 2277 3929 ut
2304 3873 2483 3937 certo.
2515 3875 2687 3929 habet
2732 3875 3037 3941 actionem,
3076 3874 3176 3929 sed
3227 3889 3345 3928 non
3373 3873 3614 3928 dicimus

1913 3950 2116 4017 certor,
2152 3950 2214 3999 ut
2241 3961 2423 4008 curro,
2457 3947 2534 4000 Ex
2580 3962 2694 4017 quo
2720 3962 2859 4000 sono
2899 3947 3082 4000 multa
3138 3949 3451 4017 sunt.7qua:
3481 3960 3614 3999 cum

1913 4016 1973 4071 in
1996 4032 2029 4070 ο
2061 4021 2290 4084 exeunt,
2333 4032 2399 4071 or
2427 4033 2544 4070 non
2576 4016 2904 4080 admittunt,
2938 4022 2999 4071 ut
3034 4017 3158 4071 haec
3195 4016 3385 4080 verba,
3418 4031 3613 4086 pugno

1911 4103 2135 4158 pugnas
2158 4091 2401 4158 pugnat,
2424 4087 2574 4142 bello
2594 4088 2770 4142 bellas
2796 4088 2990 4153 bellat,
3013 4103 3173 4141 emno
3192 4102 3383 4158 emines
3403 4090 3608 4158 ccenat,

1914 4156 2046 4212 nato
2076 4163 2238 4212 natas
2255 4156 2440 4224 natat,
2502 4158 2731 4213 ambulo
2787 4159 3046 4213 ambulas
3093 4156 3369 4221 ambulat,
3406 4156 3610 4225 navigo

1913 4228 2147 4297 navigas
2176 4228 2428 4298 navigat,
2451 4244 2710 4283 commeo
2757 4244 3041 4284 commeas
3078 4230 3383 4298 commeat,
3431 4230 3611 4298 aestuo

1913 4296 2121 4370 uastitas
2150 4296 2371 4370 aestuat,
2402 4296 2581 4369 regno
2610 4315 2815 4370 regnas
2843 4299 3226 4370 regnat,gelo
3255 4296 3411 4370 gelas
3434 4296 3607 4367 gelat,

1912 4370 2038 4424 dico
2064 4369 2217 4424 dicas
2243 4368 2413 4434 dicat,
2447 4366 2644 4424 eisulo
2672 4366 2893 4425 éxsulas
2914 4366 3175 4437 'exsulat,
3222 4366 3476 4421 sacriﬁco
3518 4383 3609 4421 sa-

1911 4440 2128 4495 criﬁcas
2160 4439 2455 4508 sacriﬁcat,
2488 4441 2764 4495 cachinno
2792 4440 3098 4496 cachinnas
3130 4438 3449 4493 cachinnat.
3484 4439 3614 4492 Haec

1915 4511 2107 4566 omnia
2129 4510 2331 4581 primm
2359 4511 2778 4583 conjugationis
2806 4516 2959 4576 sunt,
2985 4526 3115 4583 qua:
3144 4509 3452 4583 secundam
3483 4524 3610 4583 per-

1914 4598 2115 4636 sonam
2131 4579 2351 4637 horum
2372 4579 2631 4637 omnium
2662 4582 2969 4635 verborum
2994 4579 3053 4635 in
3083 4597 3143 4634 as
3173 4579 3610 4650 syllabamrmit-

1914 4657 2063 4721 tunt,
2094 4658 2160 4707 ut
2188 4669 2317 4707 amo
2347 4669 2523 4718 amas,
2565 4657 2730 4708 canto
2761 4656 2974 4717 cantas,
3008 4651 3173 4722 pulso
3202 4649 3417 4721 pulsas,
3448 4649 3611 4704 freno

1912 4723 2122 4790 frenas,
2154 4740 2315 4778 armo
2337 4740 2543 4789 armas,
2563 4723 2842 4793 impugno
2871 4721 3386 4793 impugnasLsalto
3415 4722 3607 4793 saltas,

1913 4810 2085 4874 curvo
2128 4810 2347 4874 curvas,
2379 4810 2576 4874 pugno
2612 4791 2865 4874 “pugnas.
2925 4794 3071 4874 Ergo
3104 4791 3311 4874 audisti
3362 4791 3611 4862 primam

1912 4862 2556 4936 conjugationem,scire
2596 4862 2768 4919 debes
2789 4862 3273 4936 secundamverbi
3302 4877 3610 4936 personam

1912 4932 2111 5006 per—as
2134 4936 2407 5005 syllabam
2439 4935 2611 4990 exire.
2648 4937 2788 4989 Nam
2818 4934 2951 5006 inde
3005 4934 3214 5006 dicitur
3258 4932 3609 5003 conjugatio,

1913 5004 2203 5076 quodsibi
2232 5006 2304 5060 ad
2334 5021 2516 5059 unum
2548 5005 2961 5076 sonummulta
2984 5004 3274 5076 conjugat.
3294 5006 3439 5076 haec
3469 5018 3612 5076 con-

1903 5071 2236 5146 ἇῖιϐθὶίοῑὶεδ
2263 5076 2441 5131 GrtBCi
2472 5075 2693 5138 συξυγίας
2722 5075 2933 5132 dicunt.
2971 5075 3063 5132 Sic
3091 5071 3150 5131 et
3163 5071 3389 5130 'similia
3416 5071 3613 5128 omnia

1910 5146 2017 5201 hac
2041 5146 2275 5200 inventa
2303 5146 2611 5217 percurris.

2133 5235 2358 5290 CAPUT
2384 5236 2491 5289 XV.
2521 5264 2590 5275 —
2620 5238 2695 5289 De
2723 5234 2959 5290 secunda
2995 5235 3392 5304 conjugatz'one.

1982 5321 2239 5377 Secunda
2260 5327 2452 5377 autem
2484 5324 2810 5395 conjugatio
2833 5328 2919 5379 est
2947 5339 3074 5395 quae
3090 5323 3149 5376 in
3172 5321 3420 5375 secunda
3449 5319 3611 5373 simi-

1911 5392 2046 5466 liter
2073 5411 2316 5465 persona
2369 5392 2683 5466 quaeritur,
2720 5400 2779 5450 et
2807 5396 2922 5449 exit
2963 5392 3076 5466 'per
3122 5397 3401 5466 es,Ateneo
3431 5396 3612 5455 tenes,

1911 5463 2141 5534 praebeo
2171 5463 2413 5536 praebes,
2456 5482 2663 5521 moneo
2709 5483 2931 5531 mones,
2973 5463 3142 5519 doleo
3191 5463 3366 5526 doles,
3418 5467 3615 5536 tergeo

1912 5533 2120 5610 terges,
2156 5533 2320 5610 arceo
2351 5553 2526 5602 arces,
2559 5552 2699 5610 egeo
2757 5554 2907 5607 eges.
2941 5538 3360 5610 terreo_terres,
3392 5533 3617 5610 mulceo

1911 5608 2148 5681 mulces,
2180 5608 2391 5680 impleo
2412 5605 2638 5681 imples,
2669 5605 2929 5679 compleo
2974 5607 3249 5681 comples,
3299 5605 3495 5681 repleo
3528 5620 3621 5657 re-

1911 5679 2057 5757 ples,
2089 5677 2328 5757 suppleo
2357 5677 3425 5757 slipp'les,mordeo‘mordes’,-sppnd_eo
3455 5689 3618 5757 spon-

1915 5750 2035 5819 des,
2062 5754 2117 5804 et
2161 5749 2316 5806 talia.
2372 5749 2444 5807 Et
2472 5749 2752 5823 adjicitur
2790 5750 3051 5821 rlittera,
3108 5753 3166 5804 et
3218 5749 3367 5804 ﬁunt
3394 5749 3621 5818 passiva
