4014 6164
310 252 445 306 1399

308 381 509 430 teneor
535 369 767 438 teneris,
788 369 1054 423 mordeor
1073 367 1369 438 morderis,
1395 364 1834 438 arti-eorrai'ceris,
1864 365 2011 418 mul-

309 463 441 502 ceor
467 435 758 504 mulceris,
783 441 1030 510 impleor
1048 438 1325 508 impleris,
1360 435 1682 510 Declinabi‘s
1714 436 1835 489 haec
1885 453 2010 510 pas-

311 518 429 572 siva
455 531 558 586 per
584 513 784 586 modos
815 508 1155 586 et'tempora
1192 512 1247 562 et
1269 524 1588 586 personas.
1640 508 1752 586 Per
1781 509 2004 572 modos,

311 595 378 643 ut
401 578 542 655 dixi,
601 583 987 655 indicativum,
1016 578 1477 655 imperativum,
1497 578 1835 655 optativum,
1878 595 2011 655 con-

309 649 654 731 juuctiv'um,
677 653 1047 731 inﬁnitivum,
1078 652 1186 731 hoc
1217 656 1301 731 est
1330 650 1481 731 quod
1515 649 1631 703 dixi
1663 666 1763 730 per
1791 650 2008 731 modos.

317 720 425 784 Per
451 720 711 797 tempora
741 729 949 786 autem,
984 723 1040 776 id
1057 727 1139 797 est
1156 721 1465 797 praeterita,
1491 721 1796 797 praesentia
1816 722 1902 773 vel
1933 720 2015 797 fu-

316 807 462 855 tura.
499 791 779 852 Personas
827 799 1018 847 autem
1054 791 1192 860 dixi,
1222 793 1439 863 prima,
1472 793 1715 845 secunda
1744 797 1799 845 et
1829 791 2011 855 tertia,

318 877 385 925 ut
408 875 608 923 teneor
636 865 848 920 teneris
875 869 1102 918 tenetur
1125 881 1137 930 ;
1171 869 1227 917 et
1256 864 1552 934 pluraliter
1578 867 1842 934 tenemur
1861 868 2016 916 tene-

319 941 464 996 mini
493 943 780 992 tenentur.
816 937 945 990 Hmc
977 935 1121 988 sicut
1149 935 1283 1000 dixi,
1324 933 1671 989 observabis.
1719 934 1826 988 Sed
1875 949 2017 1002 quo-

319 1011 489 1066 modo
518 1014 584 1063 ut
613 1007 876 1078 superius
906 1006 1046 1078 dixi,
1081 1005 1268 1076 prima
1294 1005 1622 1078 conjugatio
1651 1021 1781 1076 quae
1813 1005 1928 1058 exit
1958 1003 2019 1056 in

322 1099 404 1149 as,
435 1085 501 1135 ut
527 1095 654 1133 amo
670 1075 846 1145 amas,
879 1077 1030 1148 capit
1054 1083 1110 1130 et
1129 1078 1303 1149 verba
1322 1075 1622 1149 neutralia,
1646 1075 1712 1149 ut
1727 1079 1878 1149 certo
1899 1091 2018 1128 cer-

320 1147 430 1220 tas,
460 1157 595 1206 nato
623 1156 808 1217 natas,
833 1153 891 1202 in
918 1147 1174 1220 quibusr
1200 1148 1517 1220 litteranon
1539 1147 2022 1220 admittitur;inec

325 1217 477 1278 enim
508 1221 748 1276 dicimus
775 1217 978 1284 certor,
1032 1224 1236 1272 nator:
1277 1219 1355 1272 sic
1384 1218 1443 1271 in
1477 1221 1578 1271 hac
1619 1217 2023 1289 conjugatione

325 1294 596 1361 secunda,
627 1309 756 1363 quae
776 1292 891 1345 exit
916 1291 975 1344 in
1007 1306 1095 1352 eo,
1133 1307 1212 1356 es,
1244 1294 1308 1343 ut
1337 1305 1542 1363 moneo
1576 1305 1797 1363 mones,
1851 1289 2024 1363 doceo

327 1367 513 1431 doces,
546 1360 680 1417 sunt
734 1363 933 1427 multa,
989 1377 1119 1430 qua:
1147 1377 1263 1414 non
1292 1361 1607 1414 admittunt
1629 1376 1654 1413 r
1682 1360 1933 1413 litteram
1963 1360 2026 1412 in

325 1437 516 1508 prima
542 1450 808 1508 persona,
840 1437 905 1508 ut
927 1433 1089 1499 algeo
1121 1433 1295 1508 alges,
1353 1435 1538 1508 scateo
1577 1435 1754 1508 scates
1785 1447 1798 1497 ;
1836 1433 2028 1508 algeor

329 1501 483 1561 enim
530 1501 646 1559 non
679 1509 764 1557 est
793 1503 1036 1556 latinum
1071 1519 1083 1554 :
1118 1501 1196 1554 sic
1227 1501 1414 1555 ferveo
1446 1502 1649 1568 ferves,
1681 1506 1880 1571 torpeo
1912 1507 2027 1554 tor-

330 1594 453 1648 pes,
479 1575 702 1646 pendeo
752 1573 984 1648 pendes,
1037 1572 1263 1648 invideo
1293 1572 2029 1648 invid_es:_quamvis>Hora:

330 1642 448 1702 tius
466 1642 637 1717 poeta
655 1642 902 1699 invideor
923 1643 1128 1717 dixerit
1154 1642 1238 1717 (In
1266 1644 1402 1696 Arte
1430 1645 1662 1717 Poetica,
1695 1660 1748 1697 υ.
1782 1645 1897 1717 5-6),
1931 1642 2029 1696 sed

332 1713 486 1772 nova
505 1717 875 1786 usurpatione
909 1729 922 1767 :
951 1714 1029 1767 sic
1075 1714 1300 1786 emineo
1352 1713 1588 1786 emines,
1641 1730 1744 1768 nec
1789 1714 2031 1786 dicimus

333 1789 609 1842 emineor.
644 1783 749 1840 Has
795 1785 922 1839 duae
960 1783 1391 1854 conjugationes
1431 1784 1620 1854 prima
1664 1791 1721 1838 et
1763 1785 2028 1850 secunda,

333 1875 476 1930 quas
502 1857 750 1930 diximus
784 1855 934 1909 exire
966 1855 1027 1908 in
1057 1871 1118 1908 as
1149 1859 1207 1908 et
1235 1854 1295 1908 in
1321 1871 1399 1916 es,
1436 1861 1497 1908 ut
1524 1871 1656 1930 a_mo_
1705 1871 1880 1930 amas,
1902 1872 2033 1930 _mo-

335 1927 444 1984 neo
474 1945 693 1994 mones,
725 1927 986 1981 futurum
1031 1941 1260 1994 semper
1287 1930 1514 1996 tempus
1542 1927 1605 1980 in
1642 1927 1715 1981 bo
1755 1928 2033 1997 syllabam

335 2001 590 2064 mittunt,
618 2003 682 2052 ut
713 1998 939 2064 amabo,
973 1997 1245 2052 monebo.

425 2071 650 2125 CAPUT
680 2071 814 2124 XVI.
847 2099 914 2107 —
948 2068 1027 2122 De
1053 2070 1214 2122 tertia
1238 2071 1288 2121 et
1319 2071 1519 2136 quarta
1547 2068 1942 2136 conjugatione.

407 2142 496 2197 Sic
525 2139 771 2195 servabis
802 2139 1151 2210 ubicumque
1179 2139 1437 2192 futurum
1475 2143 1713 2210 tempus,
1734 2139 1793 2192 in
1823 2139 1894 2192 bo
1918 2140 2030 2210 syl-

337 2214 525 2267 labam
557 2212 770 2278 mittas,
803 2210 939 2281 quia
969 2209 1103 2264 sunt
1121 2210 1249 2263 alia;
1272 2210 1398 2263 duae
1430 2209 1878 2281 conjugationes,
1909 2226 2038 2280 quae

336 2285 596 2339 futurum
626 2279 852 2351 tempus
881 2280 942 2334 in
967 2297 1059 2334 am
1107 2281 1383 2351 syllabam
1421 2279 1671 2345 mittant,
1706 2297 1820 2335 non
1849 2281 1910 2335 in
1932 2279 2034 2347 bo,

339 2360 395 2408 et
419 2357 695 2408 vocantur
714 2353 854 2423 ipsa:
881 2351 1314 2421 conjugationes
1345 2351 1514 2405 tertia
1543 2355 1805 2421 correpta
1836 2357 1894 2423 et
1922 2357 2036 2405 ter-

339 2426 419 2480 tia
444 2422 748 2494 producta.
788 2422 977 2476 Tertia
1018 2428 1277 2494 correpta
1305 2427 1409 2486 est,
1458 2439 1588 2494 qua:
1634 2422 2036 2494 imperativum

341 2493 577 2550 modum
607 2494 666 2548 in
691 2511 721 2548 e
751 2497 1070 2562 correptam
1103 2493 1296 2559 mittit,
1323 2499 1389 2546 ut
1426 2493 1626 2561 scribe,
1657 2493 1813 2558 tolle,
1848 2510 2036 2563 carpe,

341 2566 553 2631 occide,
587 2581 727 2632 sere,
747 2565 891 2635 lege.
926 2565 1070 2635 Ergo
1092 2564 1280 2617 vidisti
1304 2563 1708 2634 imperativum
1742 2565 1820 2618 sic
1867 2565 2038 2618 exire.

339 2637 528 2692 Tertia
552 2637 745 2707 itaque
772 2634 1208 2707 conjugatioest
1234 2640 1514 2705 correpta,
1547 2651 1929 2707 qumisemper
1955 2636 2040 2707 fu-

344 2713 538 2763 turum
567 2705 794 2776 tempus
834 2706 895 2759 in
921 2721 1014 2758 am
1044 2705 1238 2772 mittit,
1269 2705 1571 2776 nunquam
1588 2706 1648 2758 in
1677 2706 1771 2773 bo,
1805 2705 1868 2759 ut
1906 2706 2043 2760 scri-

343 2780 495 2860 bam,
526 2779 735 2860 legam,
769 2777 1250 2860 tollam,‘carpan_i
1277 2792 1291 2830 :
1322 2777 1456 2860 quia
1485 2776 1732 2860 latinum
1791 2793 1906 2830 non
1937 2783 2040 2860 est,

343 2849 390 2904 si
435 2845 643 2904 dixerit
689 2848 838 2920 quis,
884 2845 1163 2920 scribebo,
1216 2845 1434 2920 legebo,
1493 2847 1725 2920 tollebo,
1777 2849 2041 2917 carpebo.

341 2921 529 2976 Tertia
564 2918 826 2974 similiter
854 2918 1180 2988 conjugatio
1225 2918 1502 2987 producta
1530 2935 1593 2972 ex
1624 2919 1823 2972 eodem
1856 2919 2048 2988 impe-

343 2992 524 3045 rativo
556 2991 727 3044 modo
756 2989 1065 3059 colligitur.
1090 2990 1232 3044 Cum
1258 2989 1411 3042 enim
1442 2989 1814 3060 imperativus
1847 2991 2048 3045 modus

343 3062 456 3116 exit
492 3061 599 3115 ini
641 3061 913 3128 litteram,
946 3061 1112 3114 tertia
1167 3059 1489 3130 conjugatio
1522 3059 1798 3130 producta
1830 3066 1932 3128 est,
1987 3068 2052 3117 ut

345 3132 502 3200 audi,
534 3132 710 3194 nutri,
741 3131 910 3199 senti,
942 3130 1124 3198 muni,
1158 3130 1322 3197 sarci,
1351 3130 1488 3197 leni,
1509 3136 1565 3184 et
1594 3130 1747 3186 talia.
1771 3131 2048 3187 Similiter

343 3203 517 3257 etiam
539 3203 662 3256 haec
686 3202 942 3273 futurum
969 3206 1197 3271 tempus
1217 3201 1281 3273 in
1296 3217 1386 3273 am
1409 3202 1661 3268 mittunt,
1678 3207 1741 3256 ut
1759 3203 2040 3273 muniam,

343 3273 578 3338 leniam,
611 3272 886 3338 nutriam,
921 3273 1170 3326 audiam.
1205 3272 1311 3326 Sed
1346 3273 1514 3326 tertia
1542 3277 1802 3342 correpta
1823 3273 1883 3327 in
1910 3272 2040 3328 inti;

343 3344 464 3398 nito
496 3344 664 3398 modo
694 3360 735 3415 eg
756 3349 1078 3415 correptam
1101 3343 1274 3397 habet
1303 3348 1435 3397 ante
1464 3343 1834 3415 novissimam
1865 3345 2041 3415 sylla-

342 3415 498 3482 bam,
526 3419 586 3468 ut
612 3413 879 3476 scribere,
902 3414 1112 3482 legere,
1134 3415 1355 3481 tollere,
1379 3418 1434 3467 et
1462 3414 1599 3468 talia
1626 3431 1638 3468 :
1667 3415 1834 3469 tertia
1851 3413 2044 3471 autem

342 3485 823 3558 productaihabet
849 3485 910 3539 in
937 3485 1389 3558 anteno‘vissima
1409 3485 1712 3558 syllabain
1745 3485 1971 3541 infinito
2001 3488 2042 3548 i,

344 3555 474 3628 quae
503 3557 859 3628 producitur,
889 3559 969 3628 ut,
998 3555 1248 3628 munire,
1275 3556 1480 3628 lenire,
1523 3556 1762 3628 audire,
1814 3558 2040 3624 sarcire,

346 3627 576 3700 sentire,
597 3627 825 3700 venire.
853 3627 1011 3682 Unde
1038 3627 1100 3681 in
1129 3627 1408 3700 omnibus
1421 3627 1608 3681 verbis
1655 3628 1744 3700 has
1773 3629 2044 3700 conjuga-

344 3699 528 3754 tiones
559 3698 952 3763 observantur,
990 3713 1118 3769 quae
1157 3702 1367 3752 exeunt
1394 3697 1455 3752 in
1505 3714 1566 3752 as
1598 3703 1654 3752 et
1683 3699 1742 3752 in
1785 3715 1860 3763 es,
1881 3697 2045 3754 futu-

345 3785 476 3824 rum
506 3774 734 3840 tempus
749 3769 810 3823 in
831 3769 904 3823 bo
931 3769 1185 3834 mittunt,
1216 3774 1279 3822 ut
1304 3769 1513 3838 saepius
1540 3769 1676 3823 dixi.
1696 3770 1832 3834 Quae
1853 3775 2046 3825 autem

345 3839 408 3913 in
434 3841 485 3913 is
519 3839 749 3913 exeunt,
775 3840 1035 3913 futurum
1062 3840 1360 3909 tempusin
1373 3856 1466 3893 am
1481 3840 1729 3905 mittunt,
1748 3857 2047 3913 nunquam

345 3909 530 3982 inAbo,
553 3909 664 3982 nisi
689 3909 1024 3982 auctoritate
1054 3914 1403 3982 praesumpta
1436 3926 1449 3963 :
1485 3927 1618 3982 nam
1649 3927 1739 3964 ars
1776 3909 2046 3982 hoc'pro-

346 3979 523 4034 hibet.
554 3979 661 4034 Sed
688 3979 891 4052 aliqua
905 3979 1077 4033 verba
1104 3980 1375 4052 ponimus
1407 3979 1590 4052 tertias
1624 3979 2047 4052 conjugationis

349 4055 650 4120 correptae,
679 4065 746 4104 ex
776 4049 984 4173 quibus
1014 4054 1068 4103 et
1096 4049 1207 4103 alia
1237 4051 1630 4121 consequaris.
1681 4049 1825 4106 Sunt
1853 4059 2046 4108 autem

349 4122 507 4173 haec:
536 4122 684 4173 lego.
715 4121 794 4173 tol
824 4137 878 4173 ο.
900 4120 1084 4173 erigo.
1108 4136 1296 4173 carno.
1323 4137 1622 4173 cognosco.
1651 4123 1834 4173 canio.
1866 4125 2042 4173 fugio.

348 4122 507 4176 haec:
536 4122 684 4192 lego,
715 4120 878 4187 tollo,
900 4120 1084 4192 erigo,
1108 4136 1296 4194 carpo,
1323 4120 1622 4192 cognosco,
1651 4123 1834 4194 capio,
1866 4125 2043 4194 fugio,

347 4208 568 4262 mergo,
601 4208 750 4272 sero,
783 4207 983 4272 argup,
1037 4192 1273 4272 accipio,
1316 4209 1504 4272 pono,
1540 4192 1734 4262 sumo,
1777 4192 2042 4272 accendo,

348 4279 593 4334 expono,
624 4263 862 4334 incipio.
904 4264 1032 4317 Haec
1058 4263 1346 4334 accipiunt
1369 4280 1397 4317 r
1426 4264 1692 4329 litteram,
1729 4271 1786 4320 et
1831 4263 2049 4322 faciunt

348 4334 569 4405 passiva
617 4335 792 4388 verba
832 4334 1016 4405 legor,
1066 4350 1289 4404 carpor,
1340 4335 1554 4405 capior,
1606 4341 1713 4390 etc.
1768 4337 1883 4392 Sub
1943 4339 2048 4392 hac

349 4407 539 4486 forma
562 4411 694 4459 sunt
723 4405 1043 4486 neutralia,
1065 4421 1194 4486 quae
1234 4421 1348 4458 non
1370 4407 1690 4486 .accipiunt
1717 4424 1747 4461 r
1775 4408 2042 4476 litteram,

349 4481 414 4530 ut
429 4475 587 4550 cado
611 4491 638 4550 :_
660 4492 776 4529 non
806 4475 959 4530 enim
991 4475 1233 4550 dicimus
1288 4476 1650 4550 cador._Item
1682 4495 1827 4550 iruo,
1860 4496 2047 4550 neque

351 4546 506 4601 enim
535 4546 776 4601 dicimus
800 4562 939 4600 ruor
967 4563 980 4601 :
1008 4547 1174 4615 facio,
1205 4563 1390 4617 neque
1412 4547 1565 4600 enim
1585 4548 1827 4602 dicimus
1848 4546 2042 4605 facior.

350 4619 494 4671 Item
542 4617 813 4692 fulgesco,
862 4617 1095 4692 nitesco,
1156 4619 1423 4692 fervesco,
1476 4619 1719 4692 algesco,
1766 4626 2043 4692 torpesco,

349 4702 668 4757 compesco,
702 4689 981 4758 nigresco.
1016 4691 1146 4743 Haec
1197 4689 1391 4742 omnia
1420 4704 1450 4742 r
1478 4689 1726 4744 litteram
1784 4689 1902 4745 non
1946 4693 2046 4746 ha-

347 4758 506 4831 bent,
539 4763 597 4812 et
627 4758 892 4812 dicuntur
913 4759 1398 4831 verbaneutralia
1425 4776 1554 4831 quas
1588 4767 1800 4816 exeunt
1840 4762 1900 4816 in
1931 4779 2044 4817 sco.

350 4829 498 4908 Ergo
510 4831 792 4884 neutralia
804 4830 1137 4885 memineris
1157 4847 1402 4902 semper,
1423 4829 1720 4903 nunquam
1748 4833 2047 4889 admittere

348 4915 379 4953 r
406 4899 674 4954 litteram.

350 4971 578 5026 CAPUT
602 4971 763 5025 XVII.
807 5001 877 5043 ἡ
915 4973 1000 5027 De
1047 4973 1205 5028 verba
1243 4975 1511 5028 communi
1541 4974 1683 5028 unde
1729 4974 1965 5043 dicatur,
1998 4981 2049 5031 et

811 5042 876 5096 de
911 5045 1286 5112 conjugatione
1326 5045 1584 5112 ejusdem.

419 5113 740 5185 Remanent
766 5113 880 5168 duo
907 5115 1018 5169 alia
1043 5115 1216 5169 verba
1245 5131 1373 5185 quas
1405 5115 1732 5169 communia
1780 5115 2049 5172 dicuntur

349 5187 408 5238 et
445 5184 810 5261 deponentia‘.
870 5186 977 5261 sed
1025 5184 1354 5261 communia
1401 5185 1528 5240 ideo
1575 5187 1860 5261 dicuntur,
1913 5189 2049 5261 quia

348 5255 729 5310 communiter
757 5256 928 5310 simul
959 5261 1156 5311 tenent
1209 5257 1312 5310 sub
1347 5273 1463 5311 uno
1509 5273 1648 5311 sono
1696 5255 1949 5314 activum
1992 5265 2049 5315 et

346 5326 656 5399 passivum.
701 5327 1000 5399 Quomodo
1049 5328 1116 5399 in
1147 5328 1480 5383 nominibus
1514 5345 1696 5399 genus
1743 5346 2047 5386 commune

349 5396 562 5451 dicitur
573 5398 725 5467 quod
739 5402 794 5452 et
822 5398 1201 5452 masculinum
1222 5404 1377 5454 tenet
1389 5404 1444 5454 et
1459 5396 1799 5455 femininum
1814 5404 1916 5456 sub
1930 5419 2044 5456 uno

349 5483 511 5539 sono,
555 5473 618 5521 ut
647 5469 929 5536 sacerdos,
983 5470 1180 5538 homo,
1206 5469 1297 5523 hic
1332 5476 1388 5525 et
1429 5471 1551 5525 haec
1594 5472 1853 5527 sacerdos
1890 5474 2043 5539 facit,

347 5537 442 5591 hic
469 5543 526 5592 et
552 5539 671 5594 haec
699 5540 874 5595 homo
900 5558 913 5609 ;
946 5541 1025 5595 sic
1046 5547 1103 5596 et
1131 5537 1304 5596 verba
1321 5542 1648 5596 communia
1679 5537 2048 5600 dicuntnrzet

348 5623 649 5682 nunquam
677 5611 972 5682 deponunt
1000 5629 1029 5666 r
1060 5613 1332 5679 litteram,
1362 5627 1436 5667 ne
1466 5629 1579 5668 non
1610 5614 1722 5668 sint
1747 5615 1942 5672 latina.
1977 5617 2047 5671 Ut

349 5681 598 5762 ps‘culor,
632 5681 877 5762 sitellas
906 5699 934 5736 r
961 5684 1315 5762 litteram_et
1358 5683 1510 5738 dicas
1566 5686 1751 5762 oculo,
1807 5703 1919 5762 non
1963 5691 2047 5741 est

348 5748 612 5810 latinum.
636 5755 703 5812 Et
721 5753 963 5811 dicimus
990 5771 1122 5812 cum
1152 5755 1395 5828 agimus,
1429 5756 1655 5812 osculor
1677 5761 1731 5812 te
1751 5773 1765 5825 ;
1789 5758 1928 5814 dum
1951 5776 2043 5814 au-

1625 241 1715 295 DE
1753 239 2229 296 GBAMMATICA
2268 237 2499 294 LIBER.

3698 239 3716 286 ι
3731 236 3831 287 4ου

2119 369 2234 419 tem
2262 361 2518 434 patimur
2547 365 2604 415 et
2628 361 2699 414 ab
2728 359 3162 434 alioafticimur,
3183 358 3427 434 dicimus
3455 360 3691 434 osculor
3711 367 3828 434 ate:

2121 436 2199 490 sic
2228 430 2502 488 criminor
2531 436 2606 499 te,
2639 447 2755 485 non
2786 431 3051 500 crimino,
3101 447 3232 485 cum
3264 430 3550 484 actionem
3603 430 3824 501 signiti~

2122 523 2337 573 camus,
2372 505 2428 558 id
2460 508 2544 557 est
2572 519 2699 557 cum
2723 503 2940 557 crimen
2968 502 3291 572 objicimus,
3327 502 3610 555 criminor
3665 509 3722 555 te
3754 503 3829 556 di-

2123 579 2342 643 cimus;
2377 592 2506 629 cum
2531 581 2723 628 autem
2755 574 2973 628 crimen
3004 573 3169 627 nobis
3200 573 3832 644 objicitur,criminora

2122 655 2176 703 te
2209 648 2471 715 dicimus,
2505 647 2561 699 id
2593 651 2674 699 est
2699 645 2916 698 crimen
2946 662 2978 699 a
3009 649 3063 698 te
3092 645 3280 710 audio,
3328 649 3384 698 et
3426 650 3513 699 est
3544 645 3833 713 signiﬁca-

2124 721 2201 774 tio
2223 719 2462 790 passiva.
2487 718 2851 772 Declinantur
2880 722 3071 770 autem
3095 716 3271 790 verba?
3294 715 3416 770 haec
3436 721 3505 769 ut
3538 717 3834 790 superiora

2124 788 2478 862 permodos,
2507 795 2768 862 tempora
2817 792 3190 862 etpersonas.
3236 789 3520 862 Tempora
3565 788 3836 862 prasenti

2127 858 2492 932 singulariter
2521 858 2794 932 criminor
2819 858 3140 932 criminaris
3171 858 3633 932 criminaturtet
3658 860 3838 932 plura-

2127 929 2258 988 liter
2288 932 2665 985 criminamur
2694 929 3081 983 criminamini
3110 930 3511 983 criminantur.
3539 931 3838 983 Prmterito

2128 1004 2460 1074 imperfecto
2506 1002 2872 1074 singulariter
2901 1001 3246 1074 criminabar
3294 1001 3706 1074 criminabaris
3737 1003 3840 1074 eris

2131 1072 2475 1137 minabatur,
2499 1079 2554 1126 et
2576 1072 2876 1143 pluraliter
2892 1073 3342 1126 criminabamur
3369 1072 3840 1125 criminabamini

2131 1145 2599 1200 criminabantur.
2643 1144 2934 1197 Praeterito
2963 1144 3211 1212 perfecto
3241 1143 3624 1212 singulariter
3654 1144 3842 1196 crimi-

2133 1223 2301 1271 natus
2328 1232 2475 1281 sum,
2509 1214 2840 1268 criminatus
2872 1231 2950 1282 es,
2982 1213 3315 1268 criminatus
3346 1218 3462 1267 est:
3502 1219 3558 1266 et
3606 1215 3844 1284 plurali-

2123 1294 2220 1342 .ter
2250 1287 2535 1341 criminati
2566 1302 2781 1350 sumus,
2815 1285 3105 1340 criminati
3137 1286 3289 1350 estis,
3345 1285 3653 1338 criminati
3700 1291 3843 1338 sunt.

2134 1359 2429 1414 Praeterito
2460 1359 2766 1428 plusquam
2794 1358 3044 1426 perfecto
3095 1355 3462 1428 singulariter
3501 1357 3849 1411 criminatus

2136 1446 2315 1496 eram,
2348 1445 2492 1493 eras,
2526 1427 2682 1482 erat:
2710 1433 2764 1481 et
2787 1428 3085 1498 pluraliter
3104 1427 3388 1481 criminati
3419 1443 3692 1493 eramus,
3735 1444 3848 1480 era-

2135 1503 2228 1566 tis,
2253 1505 2438 1554 erant.
2465 1501 2677 1554 Futuro
2693 1498 3060 1569 singulariter
3082 1498 3849 1552 criminaborcriminaberis

2137 1571 2533 1626 criminabitur
2566 1587 2577 1624 :
2612 1576 2668 1624 et
2698 1570 2997 1640 pluraliter
3025 1569 3465 1623 criminabimur
3508 1569 3852 1637 criminabi-

2138 1643 2281 1697 mini
2293 1642 2767 1696 criminabuntur.
2791 1641 3166 1711 Imperatims
3180 1647 3370 1694 autem
3393 1641 3617 1694 modus
3633 1657 3857 1710 semper

2139 1715 2200 1769 iu
2232 1714 2417 1767 verbis
2447 1713 2506 1766 in
2534 1729 2592 1765 re
2624 1712 2758 1779 exit,
2791 1719 2856 1766 ut
2884 1712 3037 1766 dicas
3063 1711 3366 1765 criminare
3409 1711 3615 1779 illum,
3675 1712 3736 1765 id
3785 1719 3859 1765 est

2140 1785 2357 1839 crimen
2386 1785 2470 1838 illi
2501 1784 2718 1853 iugere.
2753 1783 3013 1853 Optativo
3055 1784 3225 1836 modo
3267 1783 3364 1848 sic,
3398 1783 3640 1835 utinam
3675 1783 3860 1836 crimi-

2140 1873 2310 1910 narer
2337 1854 2720 1909 criminareris
2751 1855 3151 1907 criminaretur
3175 1870 3187 1907 :
3209 1859 3265 1907 et
3293 1855 3610 1923 pluraliter
3643 1853 3859 1907 utinam

2143 1926 2578 1981 criminaremur
2599 1925 3049 1979 criminaremini
3065 1924 3537 1978 criminarentur.
3557 1926 3860 1978 Praeterito

2141 1999 2393 2069 perfecto
2422 1997 2789 2069 singulariter
2823 1997 3043 2050 utinam
3072 1996 3652 2069 criminatusessem,
3678 1997 3860 2069 crimig

2144 2066 2310 2124 natus
2343 2085 2510 2132 esses,
2547 2068 2883 2122 criminatus
2911 2074 3059 2121 esset
3093 2083 3104 2119 :
3135 2070 3190 2119 et
3220 2066 3528 2136 pluraliter
3570 2068 3861 2120 criminati

2145 2156 2416 2204 essemus,
2449 2138 2737 2192 criminati
2767 2138 2980 2201 essetis,
3039 2137 3326 2191 criminati
3356 2143 3574 2192 essent.
3652 2140 3861 2192 Futuro

2145 2210 2512 2281 singulariter
2542 2209 2764 2264 utinam
2794 2209 3067 2281 criminer
3093 2208 3866 2281 crimineriscriminetnrtet

2147 2279 2446 2354 pluraliter
2465 2281 2839 2354 criminemur
2865 2279 3249 2354 crimiuemini
3268 2279 3711 2354 criminentur,
3733 2282 3863 2354 Con-

2141 2351 2398 2423 junctivo
2444 2353 2618 2406 modo
2656 2351 3023 2423 singulariter
3046 2367 3182 2423 cum
3227 2351 3507 2423 criminer
3534 2352 3862 2405 crimineris

2148 2421 2502 2478 criminetur.
2533 2423 2827 2478 Praeterito
2847 2421 3179 2492 imperfecto
3196 2421 3578 2491 singulariter
3609 2439 3753 2476 cum
3775 2425 3863 2475 cri-

2148 2496 2399 2548 minarer
2428 2493 2811 2565 criminareris
2832 2494 3252 2565 criminaretur.
3279 2493 3591 2565 Praeterito
3617 2495 3863 2565 perfecto

2150 2565 2517 2636 singulariter
2539 2582 2670 2619 cum
2700 2564 3034 2636 criminatus
3061 2564 3194 2636 Vsim,
3229 2564 3583 2636 criminatus
3625 2564 3734 2627 'sis,
3769 2565 3862 2618 cri-

2152 2634 2403 2690 minatus
2431 2636 2504 2690 sit
2537 2653 2549 2690 :
2592 2641 2649 2690 et
2677 2635 2970 2704 pluraliter
2994 2634 3280 2688 criminati
3310 2635 3520 2698 simus,
3575 2636 3863 2689 criminati

2152 2708 2292 2772 sitis,
2326 2706 2612 2761 criminati
2642 2707 2774 2761 sint.
2801 2706 3094 2760 Praaterito
3125 2707 3431 2776 plusquam
3462 2708 3742 2776 perfecto
3776 2709 3871 2760 sin-

2153 2778 2431 2848 gulariter
2456 2794 2585 2832 cum
2625 2777 2961 2831 criminatus
2991 2794 3192 2841 essem,
3220 2777 3572 2831 criminatus
3586 2794 3770 2844 esses,
3785 2779 3873 2831 eri.

2154 2849 2404 2903 minatus
2435 2854 2614 2903 esset:
2649 2854 2705 2902 et
2734 2848 3033 2918 pluraliter
3054 2848 3341 2902 criminati
3363 2864 3668 2912 essemus,
3704 2850 3874 2902 crimi-

2159 2920 2277 2974 nati
2317 2919 2532 2985 essetis,
2565 2919 2853 2973 criminati
2905 2925 3084 2973 esent.
3133 2920 3414 2988 Tempore
3447 2919 3664 2974 futuro
3698 2921 3874 2988 singuo

2157 2991 2352 3045 lariter
2377 3007 2508 3044 cum
2561 2991 2894 3062 criminatus
2923 3007 3044 3056 ero,
3096 2990 3226 3048 eris,
3285 2990 3397 3043 erit
3432 3004 3445 3044 :
3477 2996 3546 3062 et
3576 2992 3872 3062 pluraliter

2157 3079 2287 3116 cum
2321 3061 2610 3115 criminati
2662 3061 2896 3127 erimus,
2931 3061 3107 3126 eritis,
3157 3066 3344 3114 erunt.
3393 3061 3595 3115 Modo’
3627 3063 3868 3120 inﬁnito.

2159 3149 2332 3204 quem
2362 3132 2610 3204 diximus
2630 3133 2799 3204 nulla
2822 3132 3142 3202 significare
3158 3147 3455 3204 personas,
3485 3132 3634 3186 facit
3657 3134 3720 3187 in
3749 3150 3874 3202 prse-

2158 3203 2322 3269 senti,
2350 3203 2678 3270 criminari;
2723 3204 2782 3257 in
2821 3204 3135 3273 praeterito,
3190 3203 3572 3257 criminatum
3623 3221 3794 3268 esse;
3823 3205 3870 3257 in

2153 3276 2363 3338 futuro,
2394 3273 2762 3327 criminatum
2807 3273 2898 3329 iri.
2951 3274 3033 3328 Ad
3067 3275 3212 3328 hanc
3250 3275 3502 3328 formam
3539 3276 3872 3328 communia

2152 3346 2324 3400 verba
2355 3345 2668 3399 declinabis
2699 3345 2778 3399 sic
2802 3362 2814 3400 :
2838 3346 3060 3413 hortor,
3097 3345 3337 3416 jaculor,
3387 3345 3655 3409 osculor,
3687 3346 3870 3399 nidiﬁ—

2153 3421 2479 3484 cor,,tutor,
2503 3416 2788 3485 consolor,
2819 3421 3058 3484 scrutor,
3113 3433 3325 3481 moror,
3384 3416 3629 3470 feneror
3660 3419 3868 3486 ample-

2154 3493 2298 3556 ctor,
2328 3492 2384 3562 et
2411 3487 2776 3562 furor,_u_nde
2805 3492 2888 3542 est
2917 3487 3294 3562 furorfuraris
3324 3487 3582 3562 furatur,
3602 3489 3864 3562 comiter,

2154 3559 2440 3630 recordor,
2474 3558 2832 3624 reminiscor,
2865 3562 3222 3630 percunctor,
3263 3558 3477 3630 minor,
3514 3566 3743 3628 gestor,
3785 3558 3864 3628 pi-

2155 3646 2300 3696 scor,
2335 3629 2566 3698 odoror,
2596 3629 3098 3700 aucupor,’venor,
3139 3629 3546 3698 comtemplor,
3581 3632 3861 3700 speculor.

2155 3705 2361 3770 sector,
2402 3715 2662 3765 veneror,
2694 3700 2920 3771 dignor,
2951 3716 3176 3770 precor,
3199 3700 3461 3767 miseror,
3482 3700 3695 3768 vador,
3715 3703 3772 3754 id
3792 3706 3865 3753 est

2155 3772 2418 3836 ﬁdedico,
2453 3771 2793 3840 calumnior,
2825 3776 2884 3825 et
2910 3771 3047 3824 talia
3069 3786 3198 3842 qua:
3230 3786 3534 3841 nunquam
3565 3771 3864 3842 deponunt

2155 3859 2183 3896 r
2217 3843 2459 3896 litteram
2486 3858 2652 3896 :nam
2705 3841 2753 3912 si
2795 3841 3104 3912 deponunt,
3138 3842 3316 3896 latina
3345 3858 3461 3894 non
3520 3841 3687 3897 sunt.
3737 3844 3860 3906 Quis

2155 3913 2310 3967 enim
2341 3913 2489 3966 dicat
2513 3911 2839 3977 reminisco,
2869 3911 2974 3967 aut
2999 3913 3254 3978 recordo,
3304 3913 3390 3966 vel
3422 3911 3625 3978 digno,
3668 3914 3757 3967 vel
3787 3928 3859 3965 se-

2155 3989 2244 4038 cto
2264 3984 2291 4037 ?
2312 3984 2457 4055 Ergo
2488 3976 2834 4039 memineris
2848 3984 2972 4038 haec
3004 3976 3386 4056 semper'cum
3407 4000 3435 4036 r
3471 3976 3673 4040 littera
3689 4000 3862 4039 enun-

2155 4055 2320 4110 tiare.

2423 4126 2646 4181 CAPUT
2666 4126 2854 4180 XVIII.
2881 4154 2951 4166 —
2983 4126 3065 4181 De
3092 4126 3250 4180 uerbo
3271 4125 3589 4195 deponenti.

2225 4199 2420 4253 Restat
2456 4197 2696 4269 verbum
2723 4197 3037 4269 deponens,
3082 4197 3237 4268 quod
3281 4197 3411 4269 ideo
3443 4196 3686 4264 dicitur,
3739 4197 3866 4269 quia

2155 4267 2392 4339 deponit
2421 4267 2640 4339 aliquid
2668 4268 2738 4322 de
2768 4268 3087 4338 quantitate
3105 4267 3436 4322 communis
3478 4269 3671 4322 verbi.
3725 4267 3858 4322 Nam

2156 4338 2286 4393 cum
2315 4338 2615 4409 participia
2659 4343 2907 4409 quatuor
2955 4339 3161 4393 habeat
3210 4340 3455 4394 verbum
3499 4355 3863 4394 commune:

2155 4426 2429 4480 praisens,
2464 4418 2527 4481 ut
2551 4410 2889 4481 criminans;
2923 4410 3200 4472 futurum,
3235 4411 3656 4465 criminatums
3681 4431 3700 4477 ;
3728 4427 3864 4481 pre.

2158 4483 2413 4553 teritum,
2441 4480 2803 4553 criminatus;
2829 4480 3108 4547 futurum,
3132 4481 3527 4553 criminandus
3549 4498 3563 4535 :
3588 4498 3622 4534 a
3648 4480 3866 4553 passiva

2158 4551 2570 4622 significatione
2586 4552 2992 4616 criminandus,
3027 4553 3134 4606 hoc
3153 4568 3271 4606 non
3301 4552 3474 4606 habet
3501 4551 3759 4607 verbum
3780 4554 3862 4606 de-

2157 4639 2392 4695 ponens.
2409 4624 2490 4695 _Et
2517 4623 2646 4695 ideo
2666 4623 2872 4677 dicitur
2895 4624 3213 4695 deponens,
3241 4623 3376 4695 quia
3400 4623 3648 4693 deponit
3690 4640 3861 4678 unum

2157 4693 2523 4766 participium
2551 4694 2728 4748 futuri
2749 4693 3080 4766 temporisa
3105 4693 3276 4748 verbo
3302 4698 3553 4764 passivo,
3579 4696 3742 4766 quod
3763 4697 3862 4749 exi:

2157 4765 2217 4846 i‘n
2244 4765 2348 4819 dus
2371 4765 2758 4846 sylolabamtut
2785 4771 2925 4846 puta
2940 4765 3152 4846 _opinor
3179 4767 3262 4818 vel
3294 4766 3489 4845 minor
3519 4765 3858 4846 verbasunt

2158 4836 2522 4908 deponentia.
2556 4836 2722 4890 Venit
2743 4854 2776 4890 a
2806 4836 3109 4908 participio
3134 4836 3435 4908 praesentis
3465 4838 3783 4908 temporis,
3812 4845 3856 4888 et

2157 4907 2291 4980 facit
2317 4908 2788 4980 minans,_futuro
2838 4907 3262 4980 temporefacit
3310 4907 3668 4980 minaturus,
3726 4925 3858 4980 pra-

2158 4977 2325 5049 terito
2349 4978 2482 5032 facit
2511 4978 2780 5033 minatus.
2797 4979 3056 5032 Futuroa
3076 4978 3492 5048 signiﬁcatione
3523 4977 3750 5049 passivi
3763 4995 3857 5033 ne:

2158 5048 2290 5102 facit
2329 5049 2635 5104 minandus
2659 5066 2672 5104 :
2697 5049 2775 5103 sic
2805 5050 3047 5121 opinans
3077 5051 3410 5120 opinaturus
3431 5048 3718 5119 opinatus
3747 5051 3856 5120 opi-

2157 5121 2381 5175 nandus
2404 5137 2519 5174 non
2547 5121 2712 5174 facit:
2735 5122 2822 5175 vel
2852 5121 2899 5174 si
2922 5121 3075 5175 dicas
3095 5122 3346 5176 moriens
3367 5121 3698 5176 moriturus
3725 5137 3854 5176 mor

2158 5195 2307 5264 tuus,
2338 5207 2454 5264 non
2476 5192 2608 5245 facit
2636 5192 2987 5264 moriendus,
3014 5193 3148 5264 quia
3171 5209 3286 5246 non
3312 5197 3396 5264 est
3420 5192 3701 5247 latinum.
3730 5195 3854 5262 Erga

2157 5268 2215 5316 et
2242 5263 2352 5318 hoc
2380 5263 2673 5332 deponens
2699 5263 2935 5317 verbum
2988 5263 3067 5318 sic
3097 5263 3381 5335 percurrit
3425 5279 3534 5332 per
3569 5265 3781 5318 modos
3816 5277 3858 5316 ει

2157 5337 2417 5404 tempora
2437 5339 2794 5404 etpersonas.
2819 5333 3117 5398 Quomodo
3137 5350 3309 5405 supra
3330 5333 3557 5388 dictum
3590 5342 3703 5401 est,
3725 5351 3860 5390 con:-

2157 5420 2330 5458 mune
2359 5405 2596 5460 verbum
2621 5421 2736 5459 non
2767 5405 3024 5476 deposita
3054 5422 3083 5459 r
3110 5406 3298 5460 littera
3325 5405 3578 5460 latinum
3627 5412 3737 5472 est,
3779 5407 3860 5460 de-

2156 5476 2340 5546 posita
2373 5481 2560 5531 autem
2602 5477 2843 5530 latinum
2875 5493 2992 5531 non
3017 5481 3136 5543 est;
3166 5477 3245 5530 sic
3291 5477 3465 5531 etiam
3515 5477 3862 5548 deponentia

2157 5563 2285 5601 cum
2317 5548 2674 5618 perdiderint
2703 5565 2731 5601 r
2754 5549 3026 5616 litteram,
3059 5548 3235 5606 latina
3263 5564 3378 5602 non
3408 5553 3568 5601 sunt.
3616 5549 3861 5618 Subjicio

2155 5617 2346 5691 itaque
2377 5635 2530 5691 nunc
2552 5635 2732 5691 pauca
2757 5621 2930 5675 verba
2950 5620 3316 5691 deponentia,
3337 5624 3546 5673 caetera
3580 5635 3724 5675 usus
3747 5620 3861 5675 lati-

2156 5705 2262 5764 nus
2286 5690 2527 5764 docebit.
2555 5690 2704 5746 Sunt
2732 5696 2924 5764 autem
2947 5707 2960 5746 :
2994 5690 3215 5764 opinor,
3249 5691 3463 5764 minor,
3486 5697 3718 5762 grator.
3743 5707 3861 5764 gra-

2155 5762 2328 5829 tulor,
2361 5762 2624 5834 arbitror,
2646 5762 2957 5834 gratiﬁcor,
2989 5762 3273 5836 auspicor,
3297 5763 3609 5832 misereor,
3651 5763 3861 5820 lenoci-
