4014 6164
240 224 363 277 1401

234 343 656 416 ποι-,γηιεόὶῐοῃ
686 344 888 416 luctor,
920 358 1116 416 conor,
1146 343 1447 416 suﬂ‘ragor,
1492 358 1709 411 vescor,
1741 345 1925 405 laetor,

232 415 470 484 morior,
497 414 841 488 stomachor,
871 414 1347 488 hariolortlezor,
1376 414 1433 469 id
1454 419 1539 488 est
1587 416 1775 471 colore
1801 416 1928 488 pin-

233 502 361 557 gor,
392 490 647 557 argutor,
684 485 951 557 paciscor,
985 487 1350 556 complector,
1407 486 1690 556 adversor,
1725 485 1926 557 angor,

233 556 460 628 queror,
493 573 525 610 a
554 556 968 628 signiﬁcatione
999 558 1268 628 querelae,
1322 557 1559 622 macior,
1594 556 1928 626 ratiocinor,

232 627 621 697 argumentor,
655 627 933 689 blandior,
966 627 1210 700 fabulor,
1242 627 1417 700 nitor,
1448 628 1613 682 labor
1642 645 1676 683 a
1705 629 1929 700 signiﬁ-

233 699 452 753 catione
486 700 697 769 lapsus,
724 714 915 769 vagor,
949 699 1213 764 rusticor,
1251 699 1581 765 concionor,
1639 700 1697 755 id
1749 699 1836 754 est
1859 700 1931 754 ad

233 771 761 841 populumloquor,
804 785 1053 841 mereor,
1074 840 1080 841 γ
1105 770 1399 836 vociferor,
1430 770 1748 837 nanciscor,
1778 771 1928 841 quod

232 840 318 896 est
340 840 590 908 invenio,
616 840 894 911 suSpicor,
927 845 982 895 et
1013 840 1141 895 alia.
1174 841 1517 908 Memineris,
1548 848 1613 895 ut
1637 844 1757 911 jam
1788 840 1925 908 dixi,

233 928 364 965 cum
393 927 422 965 r
452 911 639 965 littera
668 911 969 966 enuntiare
993 929 1006 965 :
1026 927 1160 966 nam
1184 928 1353 966 nemo
1384 912 1519 966 dicit
1547 913 1800 979 blandio,
1833 916 1932 968 aut

232 982 473 1053 pacisco.
505 982 596 1037 Sic
625 983 749 1037 haec
775 983 969 1036 omnia
997 983 1354 1037 declinantur
1384 983 1453 1037 ad
1482 983 1727 1038 formam
1756 983 1928 1039 decli-

233 1053 482 1108 nationis
501 1053 823 1108 communis
850 1054 1033 1107 verbis
1059 1054 1212 1125 quod
1240 1053 1357 1109 dixi
1386 1053 1675 1109 criminor.

233 1125 458 1180 CAPUT
487 1126 619 1180 XIX.
651 1154 720 1165 —-
750 1126 834 1179 De
858 1127 1318 1194 neutro-passivis
1366 1129 1416 1179 et
1455 1125 1925 1195 impersonalibus.

302 1196 685 1268 Tractavimus
718 1211 858 1268 ergo
884 1196 1058 1250 verba
1088 1197 1284 1268 activa,
1328 1212 1457 1268 quae
1507 1197 1634 1251 ideo
1664 1197 1932 1251 dicuntur

233 1265 304 1321 ab
333 1266 596 1338 agendo:
630 1265 995 1336 tractavimus
1025 1267 1325 1333 neutralia,
1344 1265 1488 1338 quae
1518 1268 1644 1322 ideo
1676 1268 1786 1321 tale
1826 1283 1930 1321 no-

233 1337 700 1410 mengaccipiunt,
728 1338 880 1409 quod
904 1354 1006 1391 nec
1019 1342 1193 1410 agunt
1207 1337 1453 1410 aliquid,
1476 1355 1580 1392 nec
1610 1338 1927 1410 patiuntur;

233 1411 296 1462 ut
330 1408 596 1474 diximus,
629 1413 734 1474 sto,
752 1408 946 1478 ’jaceo,
980 1408 1167 1474 sedeo,
1190 1408 1365 1475 cubo,
1401 1415 1457 1463 et
1486 1408 1929 1463 aliafTractavi-

233 1495 361 1551 mus
390 1480 566 1533 etiam
587 1480 698 1532 alia
726 1479 1028 1551 neutralia,
1060 1495 1189 1549 qua:
1220 1483 1400 1551 agunt
1429 1479 1665 1551 aliquid,
1685 1482 1779 1533 sed
1812 1495 1931 1533 non

233 1550 549 1622 patiuntur,
582 1556 637 1603 et
657 1550 818 1621 quasi
848 1550 1274 1622 semineutralia
1316 1550 1585 1604 dicuntur
1614 1566 1628 1605 :
1677 1555 1741 1605 ut
1769 1554 1926 1616 nato,

233 1620 422 1693 curro.
453 1620 734 1693 Aliaﬁquae
754 1620 1066 1692 patiantur,
1094 1626 1150 1693 et
1187 1637 1303 1675 non
1330 1626 1505 1692 agant
1532 1637 1546 1675 :
1586 1625 1651 1676 ut
1697 1622 1928 1693 vapulo,

234 1692 475 1764 pendeo,
492 1691 653 1758 sudo,
671 1691 854 1761 algeo,
870 1696 1068 1764 aestuo,
1100 1691 1525 1761 ferveo,febrio,
1547 1691 1793 1764 somnio,
1811 1708 1930 1746 me-

234 1762 397 1829 ridio,
412 1762 593 1829 rigeo,
611 1764 809 1830 frigeo,
824 1768 1040 1823 tumeo.
1054 1763 1325 1834 langueo,
1348 1764 1698 1829 oleo,rubeo,
1713 1763 1929 1834 fulgeo,

234 1839 449 1905 stupeo,
466 1835 660 1888 etalia.
671 1835 799 1888 Haac
811 1834 1005 1905 omnia
1017 1839 1131 1888 tam
1145 1832 1204 1888 in
1218 1833 1441 1904 iis,quaa
1455 1850 1819 1905 nequaquam
1834 1832 1932 1887 ali-

234 1904 368 1978 quid
394 1910 594 1978 agunt,
609 1921 713 1959 nec
726 1904 1233 1978 patiuntur,gquam
1248 1906 1421 1978 etiam
1435 1906 1495 1958 in
1507 1904 1576 1958 iis
1589 1921 1716 1978 qua:
1731 1908 1930 1978 agunt,

235 1975 337 2031 nec
347 1976 1034 2047 patiuntur.quamquein
1047 1976 1257 2047 iisquae
1274 1977 1573 2047 patiuntur
1583 1975 1932 2047 aliquid,nec

233 2046 426 2102 tamen
439 2052 635 2117 agunt,
651 2046 945 2117 nunquam
960 2046 1224 2115 adjicitur
1243 2047 1302 2100 in
1317 2047 1404 2101 his
1417 2046 1604 2100 littera
1622 2062 1668 2115 r,
1687 2062 1819 2100 nam
1843 2046 1929 2099 in-

234 2117 454 2189 cipiunt
482 2116 594 2172 non
624 2134 745 2189 esse
776 2116 971 2172 latina.
1004 2116 1389 2189 Tractavimus
1414 2117 1553 2171 item
1575 2117 1923 2189 communia,

234 2187 603 2260 exposuimus
630 2188 784 2242 unde
814 2187 1142 2242 communia
1168 2188 1457 2260 dicuntur,
1492 2188 1628 2260 quia
1647 2188 1932 2260 actionem

236 2258 388 2314 inse
418 2265 639 2329 tenent,
662 2258 1473 2330 etpassionem.Tractavimus
1502 2258 1933 2330 deponentia,et

236 2331 604 2402 exposuimus
626 2329 803 2401 quare
826 2329 1086 2402 dicantur
1099 2330 1464 2402 deponentia,
1480 2329 1615 2401 quia
1635 2330 1933 2402 deponunt

234 2400 415 2472 futuri
443 2400 718 2471 temporis
752 2401 1120 2472 participium
1172 2400 1206 2456 a
1229 2400 1648 2471 signiﬁcatione
1683 2400 1926 2471 passiva,

236 2471 505 2544 quodexit
522 2473 592 2544 in
622 2471 889 2544 dus,quia
909 2472 1260 2539 moriendus,
1276 2471 1933 2544 gloriandus,_blandieu-

239 2542 358 2604 dus,
373 2548 430 2597 et
458 2543 569 2597 alia
592 2559 721 2613 qua).
744 2542 974 2597 veniunt
996 2560 1029 2597 a
1048 2543 1467 2613 deponentibus
1487 2542 1828 2612 verbis,non
1857 2542 1932 2596 di-

237 2612 439 2668 cimus.
470 2612 625 2669 Sane
648 2613 860 2667 artium
890 2613 1191 2684 scriptores
1225 2614 1556 2684 adjecerunt
1576 2613 1746 2668 aliam
1775 2614 1927 2668 verbi

234 2684 500 2755 speciem,
534 2701 708 2755 quam
735 2690 1076 2739 vocaverunt
1124 2690 1329 2740 neutro
1358 2685 1661 2755 passivam,
1694 2685 1794 2738 sed
1825 2685 1932 2738 hoc

235 2756 523 2809 novellum
555 2771 735 2824 genus
780 2755 937 2810 verbi
968 2755 1254 2826 euphonia
1287 2756 1525 2821 invenit,
1557 2762 1613 2810 et
1644 2757 1704 2810 in
1736 2755 1931 2826 paucis

235 2772 523 2809 noveuum
555 2772 735 2824 genus
780 2772 937 2810 verm
968 2772 1254 2826 euphonia
1287 2772 1525 2821 invenit,
1557 2772 1613 2810 et
1644 2773 1704 2810 in
1718 2772 1931 2880 (paucis

234 2832 320 2897 est
347 2826 552 2890 verbis,
576 2829 642 2897 ut
669 2826 910 2897 gaudeo.
943 2826 1227 2897 Quoniam
1248 2826 1457 2880 durum
1491 2830 1612 2879 erat
1636 2832 1700 2880 ut
1759 2826 1931 2879 icere-

234 2896 359 2952 mus
389 2896 965 2968 praeterito’tempore
983 2896 1183 2968 gavisi,
1209 2901 1576 2968 mutaverunt
1602 2896 1686 2950 illi
1721 2913 1926 2952 sonum

234 2967 303 3022 de
335 2966 625 3039 praeterito
670 2966 930 3038 tempore
974 2966 1183 3039 passivi
1211 2967 1389 3039 verbi,
1422 2967 1644 3038 gaudeo
1702 2968 1927 3039 gavisus

233 3038 380 3105 sum,
414 3038 493 3092 sic
521 3038 704 3093 audeo
733 3055 904 3093 ausus
933 3055 1081 3104 sum,
1105 3038 1259 3093 soleo
1290 3038 1489 3093 solitus
1519 3054 1667 3104 sum,
1700 3038 1779 3092 sic
1812 3039 1925 3094 ﬁdo

234 3109 369 3164 ﬁsus
398 3126 545 3164 sum.
578 3109 685 3164 Sed
724 3110 897 3180 hujus
949 3110 1078 3164 novi
1108 3109 1334 3179 generis
1362 3125 1667 3180 perpauca.
1700 3110 1843 3164 Sunt
1871 3115 1929 3165 et

233 3180 345 3234 alia
368 3182 631 3250 quasdam
646 3179 824 3251 pauca
844 3181 1035 3252 verba,
1060 3196 1189 3252 quas
1215 3179 1623 3251 impe’rsonalia
1639 3179 1927 3246 dicuntur,

233 3256 290 3331 et
320 3257 529 3331 exeunt
559 3267 661 3331 per
703 3251 986 3331 syllabas,_
1014 3251 1231 3331 etjtur‘:
1268 3252 1479 3331 Pudet_._
1521 3251 1712 3331 taedet,
1745 3252 1927 3331 decet,

232 3322 388 3389 libet,
422 3322 683 3393 poenitet,
725 3327 899 3392 patet,
931 3323 1108 3393 piget,
1142 3322 1392 3389 miseret,
1444 3323 1661 3393 liquet:
1713 3328 1771 3376 et
1796 3322 1931 3377 inde

233 3392 501 3448 dicuntur
527 3392 949 3464 impersonalia,
994 3392 1129 3464 quia
1177 3399 1373 3447 carent
1400 3392 1657 3463 personis
1687 3394 1928 3462 duabus,

274 3464 418 3518 rima
448 3468 504 3518 et
527 3463 794 3531 secunda,
816 3469 872 3517 et
891 3463 1071 3518 solani
1101 3466 1315 3520 habent
1343 3464 1571 3519 tertiam
1602 3480 1926 3535 personam.

232 3481 376 3589 ﬁam
404 3550 509 3588 nec
537 3534 725 3589 nudeo
756 3535 935 3589 nudes
956 3535 1219 3589 dicimus.
1260 3551 1365 3589 nec
1396 3535 1566 3589 deceo
1611 3536 1794 3589 deces.
1826 3551 1926 3589 nec

282 3551 376 3589 am
404 3550 509 3588 nec
537 3534 725 3604 pudeo
755 3535 935 3604 pudes
956 3535 1219 3605 dicimus,
1260 3551 1365 3589 nec
1396 3535 1566 3590 deceo
1606 3534 1794 3604 deces,
1826 3551 1933 3590 nec

232 3606 383 3677 libeo
410 3605 578 3671 libes,
605 3619 709 3677 nec
732 3605 901 3676 pigeo
934 3606 1118 3677 piges,
1144 3622 1250 3661 nec
1277 3605 1520 3661 misereo
1547 3606 1806 3674 miseres,
1829 3622 1932 3661 nec

273 3675 483 3749 (eniteo
534 3674 1125 3749 poenites,‘necupateo
1168 3682 1348 3749 pates,
1376 3693 1480 3731 nec
1510 3677 1701 3749 liqueo
1724 3677 1927 3749 liques.

272 3747 385 3828 eias
408 3749 785 3871 autemwpatet
826 3751 883 3801 et
909 3746 1091 3818 liquet
1127 3746 1245 3830 hoc
1274 3746 1614 3831 signiﬁcare,
1647 3746 1804 3819 quod
1844 3748 1928 3802 di-

272 3834 433 3871 lmus.
462 3833 620 3871 mani
645 3822 832 3871 estum
861 3823 964 3871 est.
1001 3820 1071 3871 Ut
1097 3835 1144 3871 ει
1176 3820 1350 3871 dicas.
1385 3821 1449 3871 Et
1480 3837 1528 3871 ει
1556 3822 1715 3871 natet
1744 3824 1800 3871 te
1824 3819 1928 3871 hoc

231 3817 433 3891 cimus,
462 3815 832 3891 manifestum
861 3815 988 3891 est.—
1001 3820 1071 3875 Ut
1097 3819 1144 3873 si
1176 3815 1359 3891 dicas;
1385 3821 1449 3891 Et
1480 3820 1528 3874 si
1555 3815 1715 3891 patet
1744 3824 1800 3873 te
1824 3819 1931 3891 hoc

232 3888 460 3957 dixisse,
486 3888 759 3962 injuriam
791 3889 1006 3962 fecisti:
1055 3891 1161 3945 hoc
1216 3890 1503 3962 signiﬁcat
1542 3888 1599 3946 et
1635 3890 1837 3961 liquet,
1870 3889 1930 3962 id

231 3965 316 4014 est
343 3959 709 4014 manifestum
731 3966 834 4015 est.
869 3961 1059 4015 Taadet
1089 3959 1293 4016 autem
1329 3962 1565 4016 ttcdium
1599 3959 1718 4015 esse
1749 3960 1929 4016 signi-

231 4031 381 4100 ﬁcat,
411 4031 699 4111 quomodo
726 4031 901 4111 piget,
931 4032 1416 4111 quasipigritiam
1446 4032 1747 4111 signiﬁcat.
1785 4031 1929 4087 Nam

229 4100 652 4171 cumdicimus,
684 4100 842 4171 piget
869 4100 967 4155 me
1007 4100 1211 4157 fecisse
1226 4120 1239 4170 ;
1276 4103 1383 4156 hoc
1412 4100 1526 4157 est-
1549 4104 1756 4169 dicere,
1815 4119 1928 4157 non

230 4170 416 4241 surgit
453 4186 614 4243 meus
655 4170 882 4243 animus
913 4172 1172 4243 probare
1222 4173 1378 4243 quod
1408 4173 1539 4227 feci.
1580 4176 1707 4229 Hazc
1737 4178 1929 4228 autem

230 4240 428 4297 omnia
454 4242 625 4296 verba
652 4242 733 4295 sic
782 4240 1170 4314 declinantur:
1222 4240 1403 4297 Pudet
1432 4260 1543 4306 me,
1606 4243 1763 4314 piget
1814 4260 1925 4312 me,

230 4314 463 4368 miseret
489 4330 604 4379 me,
638 4312 879 4384 poenitet
908 4329 1016 4368 me.
1051 4315 1264 4369 Praeter
1292 4314 1432 4377 haec,
1491 4312 1633 4368 libet
1661 4312 1718 4369 et
1773 4314 1924 4381 licet,

271 4390 383 4440 atet
413 4385 697 4457 etiliquet.‘
732 4385 826 4439 His
843 4384 997 4457 enim
1027 4384 1280 4457 dativum
1302 4385 1604 4457 jungimus
1624 4400 1840 4457 casum,
1863 4391 1931 4441 ut

250 4455 367 4511 ibet
387 4454 534 4527 mihi
551 4454 647 4525 (α),
663 4454 797 4510 licet
814 4455 979 4522 mihi,
995 4460 1151 4527 patet
1171 4454 1338 4522 mihi,
1358 4454 1536 4526 liquet
1561 4456 1719 4511 mihi.
1735 4457 1928 4511 Altera

228 4543 359 4599 vero
390 4526 605 4598 species
635 4544 764 4599 quas
793 4526 853 4599 in
884 4531 978 4580 tur
1000 4526 1137 4599 exit,
1194 4532 1252 4581 et
1298 4527 1416 4598 ipsa
1450 4527 1927 4599 impersonalium

229 4598 536 4652 verborum
566 4598 672 4663 est,
704 4604 769 4651 ut
800 4598 938 4665 itur,
967 4598 1235 4666 curritur,
1266 4598 1551 4665 certatur,
1594 4603 1885 4669 pugnatur
1910 4615 1923 4653 :

226 4669 472 4739 primam
496 4673 551 4723 et
579 4669 888 4722 secundam
920 4685 1226 4739 personam
1256 4686 1375 4723 non
1400 4669 1645 4724 habent:
1668 4686 1801 4723 nam
1823 4686 1927 4723 nec

226 4755 327 4793 eor
358 4740 478 4804 iris,
520 4755 623 4794 nec
652 4741 1166 4812 currorcurreris,
1212 4756 1318 4812 nec
1363 4756 1591 4812 pugnor
1628 4741 1924 4812 pugnaris,

225 4826 330 4863 nec
361 4815 545 4864 certor
574 4811 807 4875 certaris
829 4810 1057 4865 dicitur.
1108 4812 1170 4864 Et
1194 4810 1551 4866 declinantur
1580 4810 1702 4866 haec
1720 4810 1923 4876 verba,

226 4880 406 4962 itura
431 4896 612 4962 me,_a
639 4886 716 4962 te,
752 4881 822 4961 ab
852 4880 985 4962 illo‘:
1021 4887 1312 4962 pugnatur
1341 4900 1372 4937 a
1396 4898 1505 4949 me,
1535 4899 1567 4936 a
1594 4888 1669 4962 te,
1703 4882 1773 4962 a_b
1797 4882 1919 4962 illo.

223 4950 313 5005 Sic
344 4950 402 5004 in
431 4950 719 5021 praeterito
749 4950 1085 5022 imperfecto
1112 4950 1302 5008 ibatur
1332 4970 1362 5007 a
1390 4970 1503 5022 me,
1530 4969 1563 5007 a
1592 4958 1666 5019 te,
1693 4954 1764 5007 ab
1792 4953 1922 5007 illo:

224 5022 653 5094 pugnabaturga
677 5038 790 5094 me,
834 5038 868 5076 a
896 5028 974 5090 te,
1022 5023 1092 5077 ab
1125 5024 1261 5078 illo:
1310 5024 1634 5079 certabatur
1673 5042 1706 5079 a
1747 5040 1861 5093 me,
1893 5041 1926 5078 a

223 5092 301 5160 te,
320 5092 406 5148 'ab
436 5093 554 5165 illo.
589 5092 679 5147 Sic
710 5093 771 5147 in
798 5094 1090 5164 praeterito
1122 5095 1556 5165 perfecto,itum
1586 5099 1670 5149 est
1698 5111 1733 5149 a
1760 5092 1925 5162 me,a

223 5168 303 5229 te,
336 5164 407 5218 ab
432 5163 568 5217 illo:
600 5163 843 5238 cursum
856 5170 943 5238 est
969 5181 1004 5220 a
1031 5163 1145 5231 me,
1173 5183 1206 5219 a
1235 5170 1309 5227 te,
1344 5166 1415 5220 ab
1443 5166 1576 5221 illo:
1601 5171 1924 5238 pugnatum

221 5240 309 5290 est
338 5253 370 5289 a
402 5250 516 5301 me,
548 5251 583 5289 a
610 5239 686 5302 te,
720 5235 790 5289 ab
830 5234 964 5290 illo:
1021 5241 1301 5291 certatum
1334 5241 1417 5291 est
1448 5254 1481 5291 a
1512 5234 1626 5305 me,
1658 5234 1709 5291 a'
1731 5241 1811 5303 te,
1851 5238 1922 5292 ab

222 5306 342 5361 illo.
371 5305 459 5362 Sic
488 5305 547 5360 in
572 5305 870 5431 prmterito
899 5307 1206 5379 plusquam
1235 5309 1487 5379 perfecto
1523 5309 1665 5363 itum
1724 5312 1846 5363 erat
1892 5325 1925 5362 a

222 5393 332 5431 me.
368 5393 400 5431 a
429 5381 505 5431 te.
538 5395 569 5430 a
654 5379 792 5431 illo:
843 5393 1073 5431 cursum
1123 5383 1246 5431 erat
1288 5396 1319 5431 a
1350 5394 1460 5431 me.
1494 5396 1528 5431 a
1573 5382 1650 5431 te.
1684 5379 1756 5431 ab
1786 5379 1919 5431 illo:

220 5393 332 5439 me,
368 5393 400 5431 a
429 5381 505 5444 te,
538 5376 609 5431 ab
654 5376 792 5431 illo:
843 5376 1073 5433 cursum
1123 5376 1256 5432 erat
1288 5396 1319 5433 a
1350 5394 1460 5447 me,
1494 5396 1528 5433 a
1573 5382 1651 5447 te,
1684 5379 1756 5434 ab
1786 5379 1919 5434 illo:

219 5453 542 5519 pugnatum
570 5453 748 5502 erata
781 5464 896 5519 me,
926 5465 959 5502 a
989 5455 1065 5517 te,
1104 5450 1176 5503 ab
1202 5449 1301 5503 illo
1329 5466 1342 5504 :
1396 5454 1675 5505 certatum
1722 5455 1845 5505 erat
1889 5465 1923 5504 a

221 5535 334 5586 me,
365 5537 396 5573 a
427 5525 505 5593 _te,_
527 5520 599 5593 ab
623 5520 740 5574 illo.
776 5519 867 5574 Sic
894 5519 954 5574 in
984 5520 1176 5575 futuro
1207 5524 1464 5593 tempore
1494 5521 1671 5576 ibitur
1723 5538 1756 5576 a
1806 5538 1918 5593 me,

222 5606 258 5644 a
284 5595 361 5658 te,
392 5591 462 5647 ab
491 5591 625 5646 illo:
676 5595 940 5647 curratur
968 5609 1000 5646 a
1029 5607 1143 5660 me,
1179 5608 1212 5648 a
1240 5591 1421 5664 te,'ab
1479 5593 1598 5648 illo:
1631 5592 1919 5667 pugnabi-

288 5671 360 5729 (α)
388 5671 452 5721 At
475 5672 803 5735 Augustinus
830 5673 1023 5737 passim
1039 5673 1221 5738 jungit
1243 5673 1621 5725 accusativum.

1783 220 2153 279 APPENDIX
2166 261 2180 276 .

3602 218 3738 275 1402

2037 349 2133 400 tur
2162 361 2194 399 a
2225 358 2337 410 me,
2372 359 2402 397 a
2422 346 2499 408 te,
2531 341 2758 397 abillo:
2792 340 3108 396 certabitur
3137 357 3171 396 a
3197 355 3311 410 me,
3343 359 3378 397 a
3407 345 3481 410 te,
3513 342 3584 397 ab
3603 342 3731 399 illo:

2040 416 2119 471 sic
2143 415 2360 487 plurale
2391 430 2423 468 a
2448 413 2633 481 nobis,
2667 430 2700 487 a
2720 413 2901 487 vobis,
2922 412 3140 487 abillis.
3166 413 3510 487 Imperativo
3533 414 3730 487 modo,

2040 484 2203 541 eatur
2230 503 2264 541 a
2316 501 2429 550 me,
2461 501 2491 539 a
2532 489 2608 552 te,
2635 484 2704 538 ab
2734 484 2829 537 illo
2860 503 2876 549 ;
2907 500 2940 536 a
2969 484 3153 552 nobis,
3203 501 3234 538 a
3266 484 3443 551 Vobis,
3498 485 3567 539 ab
3598 485 3731 541 illis.

2039 559 2202 613 Modo
2237 555 2506 628 optativo,
2540 555 2761 628 utinam
2800 554 3042 628 iretura
3070 571 3181 620 me,
3208 572 3241 628 a
3286 561 3361 623 te,
3421 557 3491 610 ab
3530 556 3629 610 illo
3657 577 3671 624 ;
3702 573 3736 611 a

2038 629 2223 693 nobis,
2249 626 2293 683 εἰ
2308 627 2488 694 vobis,
2512 627 2582 680 ab
2615 626 2748 699 illis.
2784 626 3075 680 Praeterito
3092 627 3344 695 perfecto
3368 632 3422 681 et
3433 628 3738 699 plusquam

2036 701 2306 771 perfecto,
2344 700 2563 771 utinam
2612 697 2758 752 itum
2781 702 3019 771 _esset_a
3048 713 3162 771 me,
3196 703 3333 771 a_te,
3387 697 3457 752 ab
3491 697 3639 753 illo:
3680 704 3737 754 et

2037 767 2339 841 pluraliter
2368 788 2401 824 a
2430 768 2613 833 nobis,
2649 786 2681 823 a
2710 768 2890 841 vobis,
2922 767 2990 841 ab
3045 767 3172 841 illis.
3212 769 3422 841 Futuro
3452 774 3734 841 tempore,

2041 838 2261 896 utinam
2292 846 2497 895 eatura
2517 856 2630 907 me,
2664 844 2796 906 ate,
2834 839 2902 892 ab
2934 839 3073 893 illo:
3111 838 3410 909 pluraliter
3439 856 3472 893 a
3502 838 3736 908 nobis,a

2038 914 2215 975 vobis,
2250 912 2319 966 ab
2351 912 2479 965 illis.
2520 911 2683 966 Modo
2713 909 3070 981 conjunctivo
3126 916 3385 980 tempore
3438 911 3729 981 praesenti,

2038 1001 2169 1039 cum
2197 988 2459 1038 curratur
2486 999 2519 1036 a
2557 998 2668 1049 me,
2700 999 2733 1035 a
2764 980 2835 1042 te,
2879 982 2948 1035 ab
2981 981 3078 1052 illo
3105 996 3118 1034 :
3153 980 3541 1052 etpluraliter
3568 998 3601 1034 a
3638 998 3735 1036 no-

2038 1056 2148 1125 bis,
2175 1072 2208 1110 a
2235 1054 2417 1121 vobis,
2442 1053 2511 1108 ab
2529 1054 2665 1107 illis.
2695 1052 2989 1125 Prmterilo
3018 1051 3372 1125 imperfecto,
3395 1068 3525 1125 cum
3548 1068 3735 1125 curre-

2036 1123 2196 1181 retur
2226 1142 2259 1179 a
2288 1142 2399 1189 me,
2433 1141 2466 1178 a
2512 1129 2586 1191 te,
2620 1125 2691 1179 ab
2723 1124 2820 1178 illo
2846 1140 2859 1177 :
2891 1123 3188 1195 pluraliter
3208 1139 3241 1177 a
3271 1123 3453 1195 nobis,
3492 1140 3522 1176 a
3547 1123 3726 1189 vobis,

2039 1198 2108 1252 ab
2139 1197 2267 1251 illis.
2303 1196 2595 1251 Praeterito
2621 1194 2901 1267 perfecto,
2919 1209 3049 1267 cum
3073 1194 3395 1267 cursumsit
3415 1212 3444 1248 a
3468 1209 3573 1255 me,
3599 1199 3731 1267 ate,

2040 1269 2110 1323 ab
2140 1269 2265 1322 illo:
2298 1267 2597 1338 pluraliter
2624 1265 2658 1321 ἐι
2686 1266 2875 1332 nobis,
2906 1282 2939 1319 a
2959 1265 3137 1327 vobis,
3170 1266 3240 1319 ab
3268 1265 3398 1319 illis.
3436 1265 3732 1338 Prmterito

2037 1336 2346 1421 plusquam
2375 1338 2651 1421 perfecto,
2683 1354 2814 1421 cum
2840 1352 3069 1421 cursum
3099 1342 3248 1421 esset
3279 1352 3452 1421 eine,
3487 1353 3539 1421 ἐξ
3551 1340 3627 1421 te,
3662 1336 3734 1390 ab

2038 1407 2136 1464 illo
2171 1407 2516 1479 {pluraliter
2564 1425 2596 1462 a
2652 1408 2835 1475 nobis,
2884 1407 3120 1479 avobis,
3182 1407 3251 1460 ab
3306 1407 3448 1479 illis.
3501 1408 3734 1476 Futuro,

2039 1497 2169 1536 cum
2195 1477 2426 1534 cursum
2454 1479 2563 1533 erit
2588 1495 2621 1532 a
2644 1495 2759 1546 me,
2818 1494 2851 1531 a
2877 1482 2952 1543 te,
2976 1478 3047 1531 ab
3077 1478 3174 1531 illo
3200 1494 3213 1543 ;
3246 1477 3544 1547 pluraliter
3578 1495 3611 1531 a
3639 1494 3737 1532 no-

2039 1552 2146 1618 bis,
2180 1568 2214 1606 a
2249 1551 2429 1612 vobis,
2455 1549 2677 1604 abillis.
2710 1550 2873 1604 Modo
2899 1548 3147 1618 inﬁnito,
3178 1548 3330 1602 curri
3353 1549 3522 1602 debet
3552 1566 3586 1603 a
3619 1564 3734 1618 me,

2040 1640 2070 1677 a
2098 1629 2171 1688 te,
2204 1623 2275 1677 ab
2306 1623 2433 1675 illo:
2467 1626 2523 1675 et
2552 1621 2851 1691 pluraliter
2879 1637 2910 1673 a
2942 1620 3127 1691 nobis,
3156 1636 3207 1691 7a
3234 1619 3434 1691 vobis,
3477 1620 3548 1673 ab
3598 1619 3733 1691 illis.

2039 1693 2331 1748 Prmterito
2359 1688 2639 1763 tempore,
2669 1706 2899 1763 cursum
2928 1706 3049 1763 esse
3068 1688 3348 1763 .debuita
3366 1706 3485 1763 me,
3509 1693 3634 1756 ate,
3666 1690 3737 1745 ab

2040 1765 2138 1819 illo
2171 1782 2183 1819 :
2218 1769 2272 1817 et
2296 1759 2596 1833 pluraliter
2625 1759 2657 1816 a
2687 1761 2870 1827 nobis,
2904 1778 2935 1814 a
2963 1760 3137 1827 vobis,
3170 1760 3239 1814 ab
3269 1759 3421 1833 illis._
3447 1762 3735 1833 Tempore

2037 1836 2256 1903 futuro,
2288 1830 2518 1888 cursum
2561 1832 2634 1887 iri
2665 1833 2835 1887 debet
2854 1849 2896 1903 7a
2926 1847 3040 1898 me,
3070 1846 3104 1884 a
3141 1836 3219 1900 te,
3271 1831 3341 1885 ab
3366 1830 3497 1885 illo:
3533 1837 3589 1885 et
3617 1832 3739 1902 plu-

2039 1902 2295 1960 raliter'a
2321 1904 2506 1969 nobis,
2536 1922 2569 1958 a
2600 1903 2781 1968 vobis,
2816 1902 2884 1956 ab
2916 1903 3048 1956 illis.

2040 1977 2266 2033 CAPUT
2310 1977 2415 2030 XX.
2458 2005 2527 2016 -
2558 1975 2640 2029 De
2669 1976 3015 2039 inchoativis,
3047 1973 3492 2043 frequentatiois,
3516 1976 3568 2027 ct
3595 1972 3736 2029 desi-

2675 2046 2936 2100 derativz’s
2956 2045 3132 2100 verbis

2110 2119 2253 2174 Sunt
2280 2117 2391 2172 alia
2418 2115 2609 2183 verba,
2633 2133 2762 2188 quae
2788 2117 3113 2170 inchoativa
3135 2114 3423 2188 dicuntur,
3455 2117 3513 2188 et
3524 2130 3600 2188 ex
3634 2131 3734 2169 su-

2039 2189 2159 2245 bita
2206 2188 2504 2243 affectione
2542 2185 2871 2254 nascuntur,
2905 2192 2962 2242 et
2990 2192 3199 2242 exeunt
3226 2185 3289 2240 in
3317 2201 3408 2240 sco
3437 2186 3736 2256 syllabam,

2038 2265 2104 2315 ut
2135 2260 2306 2315 ardeo
2332 2260 2586 2325 ardesco,
2611 2260 2764 2313 caleo
2780 2260 3013 2326 calesco,
3039 2258 3253 2312 candeo
3275 2257 3576 2325 candesco,
3606 2257 3736 2312 labo

2041 2332 2288 2397 labasco,
2317 2335 2482 2402 tepeo
2510 2334 2757 2402 tepesco,
2782 2330 2970 2402 ferveo
3031 2328 3472 2402 fervesco,vireo
3505 2328 3740 2402 viresco,

2040 2403 2203 2474 algeo
2230 2398 2476 2473 alges—co,
2493 2398 2715 2474 dormio
2731 2400 3034 2465 dormisco,
3062 2405 3119 2454 et
3138 2398 3388 2474 reliqua._
3404 2400 3533 2474 Haec
3552 2400 3745 2474 omnia

2080 2470 2395 2528 recteritum
2426 2488 2543 2527 non
2595 2472 2852 2528 habent:
2904 2487 3036 2526 nam
3091 2474 3281 2542 potest
3304 2470 3457 2542 calui
3497 2474 3566 2542 et,
3601 2470 3743 2542 {ervi

2063 2548 2243 2613 'acere,
2274 2548 2329 2599 et
2354 2560 2471 2598 non
2511 2544 2725 2597 calesco
2769 2544 2858 2596 vel
2888 2540 3138 2597 fervesc'o
3168 2541 3452 2613 caluifecit
3484 2540 3571 2593 vel
3604 2540 3741 2613 feri-

2037 2611 2259 2670 vifecit’:
2287 2615 2383 2669 sed
2408 2631 2442 2667 a
2468 2614 2657 2668 ferveo
2686 2613 2848 2679 fervi,
2882 2630 2916 2666 a
2943 2613 3097 2667 caleo
3119 2611 3290 2679 calui,
3308 2627 3443 2665 nam
3477 2612 3741 2680 calescui,

2038 2684 2317 2741 fervescui
2349 2688 2404 2738 et
2432 2684 2670 2738 virescui
2702 2684 2878 2738 latina
2921 2699 3037 2736 non
3091 2688 3244 2736 sunt.
3291 2683 3354 2736 Et
3386 2682 3514 2736 ideo
3543 2683 3740 2737 dicun-

2039 2763 2133 2812 tur
2157 2754 2479 2812 inchoativa
2507 2755 2866 2825 praeteritum
2904 2759 3133 2825 tempus
3163 2769 3277 2806 non
3306 2752 3515 2825 habere
3550 2770 3562 2806 :
3606 2753 3741 2825 quia

2042 2844 2171 2905 quas
2200 2823 2558 2905 inchoamus,
2596 2826 2782 2879 adhuc
2822 2824 3069 2905 perfecta
3099 2840 3218 2877 non
3247 2827 3398 2905 sunt.
3547 2823 3740 2905 omnia

2033 2894 2157 2956 Haec
2203 2914 2339 2969 quae
2375 2896 2492 2951 dixi
2529 2897 2590 2969 in
2628 2913 2721 2950 sco
2755 2894 2926 2969 exire,
2949 2909 3207 2969 _semper
3258 2894 3541 2969 neutralia
3585 2898 3735 2961 sunt,

2034 2987 2140 3026 nec
2170 2964 2458 3039 accipiunt
2479 2983 2508 3022 r
2537 2968 2803 3029 litteram,
2830 2972 2891 3039 et
2912 2965 3040 3021 ideo
3071 2964 3347 3039 admonui
3368 2980 3488 3018 esse
3517 2969 3743 3039 neutra—

2035 3042 2135 3097 lia.
2165 3036 2343 3095 Necte
2364 3039 2707 3093 conturbent
2729 3038 2994 3109 quaedam
3023 3038 3195 3104 verba
3220 3036 3280 3090 in
3302 3052 3428 3090 scor
3448 3036 3733 3109 exeuntia,

2040 3119 2098 3168 et
2126 3117 2322 3166 tamen
2349 3110 2647 3165 admittere
2678 3106 3033 3181 praeteritum
3056 3114 3304 3181 tempus,
3326 3111 3409 3181 Aut
3438 3106 3743 3181 obliviscor

2041 3184 2252 3238 oblitus
2281 3197 2429 3248 sum,
2464 3177 2718 3253 paciscor
2759 3186 2956 3253 pactus
2982 3196 3149 3253 sum,
3184 3177 3477 3253 adipiscor
3499 3178 3738 3253 adeptus

2041 3271 2169 3311 sum
2198 3271 2211 3308 :
2242 3253 2414 3307 etiam
2451 3249 2574 3307 haec
2604 3252 2743 3307 dum
2761 3249 3056 3307 neutralia
3077 3255 3232 3318 sunt,
3270 3251 3332 3304 in
3363 3250 3570 3321 quibus
3601 3249 3740 3304 dixi-

2039 3342 2167 3380 mus
2200 3324 2491 3395 praeterita
2518 3330 2779 3394 tempora
2821 3324 3393 3395 cessarenPraeteArea
3447 3321 3558 3395 alia
3610 3337 3738 3395 quae

2038 3392 2455 3468 frequentativa
2477 3392 2761 3464 dicuntur,
2798 3394 3019 3468 quibus,
3035 3393 3249 3468 aliquid
3276 3392 3634 3468 frequentius
3664 3392 3741 3446 fa-

2038 3463 2196 3522 ctum
2223 3466 2596 3537 signiﬁcatur,
2631 3470 2694 3519 ut
2723 3482 2756 3519 a
2787 3466 2935 3521 dicto
2967 3463 3183 3537 dictito,
3228 3480 3268 3537 Aa
3297 3463 3425 3537 lego
3461 3463 3667 3537 lectito,
3703 3479 3738 3537 _a

2039 3540 2224 3592 scribo
2256 3533 2538 3607 scriptito,
2567 3554 2599 3591 a
2628 3538 2811 3607 clamo
2850 3535 3098 3607 clamito,
3132 3552 3165 3589 a
3195 3533 3281 3587 cio
3324 3534 3455 3607 cito,
3490 3534 3641 3603 quod
3671 3533 3741 3587 si-

2038 3609 2284 3681 gniﬁcat,
2300 3604 2632 3681 frequenter
2663 3606 3078 3681 _vocito,_unde
3134 3621 3305 3681 nunc
3342 3604 3566 3681 aliquos
3603 3620 3740 3681 voce

2037 3675 2317 3751 praeconis
2346 3675 2547 3751 citatos
2568 3677 2830 3743 dicimus,
2858 3677 2919 3731 id
2945 3680 3029 3730 est
3048 3675 3379 3751 frequenter
3404 3675 3660 3751 vocatos,
3685 3680 3742 3730 et

2039 3746 2171 3805 alia.
2201 3750 2344 3803 Sunt
2377 3753 2434 3803 et
2476 3749 2587 3803 alia
2627 3765 2939 3820 perpauca,
2978 3763 3107 3820 quae
3137 3746 3512 3820 desiderativa
3548 3746 3739 3800 dican-

2036 3827 2151 3888 tur,
2181 3826 2245 3875 ut
2270 3821 2480 3887 esurio,
2512 3820 2569 3874 id
2601 3817 2685 3874 est
2714 3817 2881 3874 edere
2912 3817 3205 3885 desidero;
3231 3817 3511 3888 parturio,
3533 3833 3734 3888 parere

2038 3892 2337 3958 desidero;
2368 3897 2423 3945 et
2451 3896 2517 3945 ut
2541 3890 2755 3946 dictum
2786 3895 2871 3945 est
2895 3907 2926 3944 a
2959 3889 3228 3945 Cicerone
3258 3889 3327 3944 de
3358 3889 3735 3960 philosophis.

2036 3963 2434 4027 morituriunt,
2457 3962 2606 4016 mori
2634 3962 2977 4017 desiderant.
3011 3960 3119 4016 Sed
3142 3962 3284 4027 haec,
3306 3965 3368 4014 ut
3396 3960 3529 4029 dixi,
3553 3977 3736 4032 pauca

2038 4039 2192 4104 sunt,
2227 4051 2356 4106 quae
2389 4033 2450 4088 in
2476 4049 2683 4106 sonum
2714 4032 3014 4106 latinitatis
3039 4032 3363 4106 introducta
3392 4038 3545 4086 sunt.

2462 4104 2686 4159 CAPUT
2708 4105 2840 4159 XXI.
2858 4134 2926 4144 —
2948 4104 3028 4158 De
3040 4103 3314 4157 adverbio.

2107 4173 2455 4231 Adverbium
2483 4175 2615 4228 ideo
2661 4175 2873 4229 dictum
2914 4180 3019 4240 est,
3062 4173 3198 4244 quia
3226 4173 3478 4244 adhaeret
3516 4171 3688 4225 verbo
3720 4187 3733 4226 :

2038 4262 2140 4318 nec
2160 4250 2344 4318 potest
2369 4245 2527 4300 verbi
2554 4246 2639 4299 vis
2652 4245 3061 4318 significantius
3081 4243 3300 4318 sonare,
3329 4243 3440 4318 nisi
3460 4243 3738 4318 jungatur

2037 4313 2409 4371 adverbium:
2452 4320 2517 4370 ut
2547 4321 2687 4387 puta
2707 4313 2954 4372 verbum
2993 4321 3076 4370 est
3104 4314 3249 4379 dico,
3270 4313 3503 4387 navigo,
3554 4314 3734 4379 valeo,

2036 4383 2641 4459 curro,etalia:h'tec
2691 4404 2811 4442 non
2861 4389 3048 4459 plenas
3096 4383 3532 4459 significationis
3578 4389 3733 4459 sunt,

2036 4458 2146 4513 nisi
2176 4458 2520 4529 adjiciantur
2550 4458 2833 4523 adverbia,
2861 4455 2937 4512 'ut
2964 4457 3126 4518 bene,
3157 4455 3330 4522 male,
3365 4456 3545 4522 docte,
3598 4455 3735 4529 feli-

2035 4530 2208 4601 citer:
2243 4525 2307 4583 ut
2335 4529 2479 4585 bene
2500 4529 2648 4593 dicit,
2692 4529 2956 4601 imperite
3000 4529 3155 4601 dicit,
3182 4542 3452 4601 prospere
3483 4525 3733 4601 navigat,

2034 4600 2340 4655 infeliciter
2420 4601 2671 4671 navigat,
2738 4598 2959 4670 integre
3026 4600 3196 4671 valet,
3251 4598 3516 4671 debiliter
3564 4599 3732 4671 valet,

2035 4672 2261 4741 agiliter
2290 4671 2486 4739 currit,
2515 4669 2732 4726 tardius
2759 4669 2957 4725 currit.
2982 4670 3150 4741 Vides
3181 4671 3317 4741 quia
3336 4669 3509 4740 plena
3526 4669 3730 4741 verbo-

2035 4739 2163 4796 rum
2190 4742 2529 4811 signiﬁcatio
2560 4759 2680 4796 esse
2710 4757 2823 4797 non
2854 4746 3063 4811 potest,
3090 4739 3213 4795 nisi
3227 4740 3440 4795 fuerint
3468 4739 3731 4793 adverbia

2035 4814 2356 4883 conjuncta.
2385 4813 2474 4869 Sic
2530 4812 2641 4866 alia
2696 4811 2959 4868 adverbia
3002 4813 3331 4883 junguntur
3379 4811 3445 4865 ad
3500 4812 3732 4883 explen-

2034 4881 2164 4939 dam
2191 4884 2351 4939 verbi
2386 4883 2884 4954 significationem,
2927 4881 3169 4938 ut‘sunt
3225 4884 3483 4954 locorum
3517 4881 3731 4954 adver-

2034 4955 2146 5023 hia,
2176 4952 2506 5026 temporum
2534 4955 2836 5012 adverbia:
2870 4960 2935 5011 ut
2966 4955 3058 5009 hic
3079 4955 3224 5023 dico,
3265 4954 3373 5026 hic
3396 4952 3732 5026 habito,_in-

2033 5031 2120 5080 tro
2150 5042 2240 5093 eo,
2268 5023 2423 5080 intus
2456 5042 2604 5094 sum,
2638 5026 2789 5081 foras
2815 5043 2902 5094 eo,
2935 5027 3071 5082 foris
3117 5041 3263 5089 sum,
3318 5024 3453 5080 hinc
3501 5023 3729 5093 navigo.

2033 5097 2124 5152 Sic
2156 5098 2224 5152 de
2254 5103 2552 5167 tempore:
2586 5114 2708 5151 cras
2737 5098 2962 5168 navigo,
2995 5097 3167 5153 hodie
3205 5096 3445 5168 navigo;
3480 5098 3536 5148 et
3599 5094 3732 5161 alia,

2033 5184 2163 5240 quas
2192 5168 2318 5222 aliis
2347 5165 2565 5223 artibus
2594 5169 2744 5224 dicta
2773 5165 2923 5240 sunt,
2947 5165 3025 5225 'et
3063 5165 3730 5240 intel_lectu_plana_sunt,

2031 5235 2300 5312 ideouhic
2354 5256 2571 5310 ponere
2626 5239 2807 5307 nolui,
2860 5235 2996 5312 quia
3034 5235 3728 5312 addicendifastidium,

2030 5310 2276 5365 brevitas
2307 5308 2634 5380 opportuna
2664 5317 2764 5367 est.
2797 5308 2940 5368 Sane
2964 5312 3025 5366 in
3072 5308 3354 5364 adverbiis
3387 5308 3508 5380 haec
3536 5308 3731 5380 obser—

2030 5398 2161 5435 vare
2214 5378 2506 5450 debemus,
2531 5383 2759 5452 quando
2807 5384 3182 5449 ineexeunt,
3242 5379 3471 5452 quando
3530 5378 3590 5432 in
3645 5383 3733 5452 ter

2030 5451 2324 5578 sillabam,
2357 5454 2462 5507 hoc
2517 5450 2799 5508 ablativus
2874 5470 3037 5508 casus
3068 5450 3275 5532 docet,
3305 5451 3447 5532 Nam
3500 5450 3729 5521 quando

2030 5540 2062 5577 a
2105 5524 2307 5578 lativus
2333 5524 2447 5578 exit
2474 5524 2536 5578 in
2559 5542 2611 5578 ο.
2645 5525 2976 5578 adverbium
3006 5525 3069 5578 in
3115 5539 3145 5576 e
3172 5526 3345 5577 mittit
3374 5526 3438 5575 ut
3483 5535 3516 5575 a
3564 5521 3729 5575 docto

2029 5521 2307 5578 ablativus
2333 5524 2447 5578 exit
2474 5524 2536 5579 in
2559 5542 2611 5587 ο,
2645 5525 2976 5581 adverbium
3006 5525 3069 5579 in
3115 5539 3145 5576 e
3172 5522 3345 5577 mittit
3374 5526 3438 5575 ut
3483 5535 3516 5575 a
3564 5521 3729 5575 docto

2028 5594 2209 5668 docte,
2235 5612 2267 5649 a
2297 5595 2455 5668 justo
2476 5596 2649 5668 juste,
2674 5613 2707 5651 a
2730 5597 2980 5668 perfecto
3026 5594 3296 5667 perfecte,
3351 5608 3384 5647 a
3414 5591 3508 5664 pio
3544 5592 3661 5662 pie,
3696 5609 3731 5648 a

2027 5666 2216 5721 valido
2247 5666 2502 5735 valide,a
2531 5666 2817 5725 fortunato
2847 5666 3156 5736 fortunate,
3193 5682 3225 5720 a
3253 5680 3464 5736 magno
3493 5679 3726 5735 magne,
