4014 6164
228 226 360 283 1407

223 350 333 405 hoc
360 348 643 420 templum
675 347 821 420 vado
845 363 858 402 :
883 348 1114 419 plurali,
1149 349 1218 404 ad
1248 348 1370 405 haec
1396 351 1628 420 templa.
1662 349 1750 405 Sic
1777 367 1929 406 com-

194 419 391 494 smuni
434 418 666 494 genere,
700 418 771 473 ad
792 418 954 494 hunc
992 426 1047 475 et
1088 421 1157 475 ad
1172 421 1335 494 hanc
1381 418 1770 494 sacerdotem:
1799 424 1928 494 plu-

224 492 351 557 rali,
383 491 451 545 ad
499 491 703 545 hoset
741 489 812 544 ad
856 491 957 544 has
998 491 1355 546 sacerdotes:
1406 492 1483 547 sic
1521 493 1591 547 ad
1637 492 1740 547 hos
1770 489 1826 548 et
1855 494 1927 548 ad

222 564 325 635 has
350 563 577 635 hostes._
598 563 664 615 In
694 561 784 635 his
810 561 1117 635 ablativum
1159 563 1462 617 attendunt
1490 569 1607 618 tam
1637 564 1696 618 in
1728 565 1925 635 singu-

222 633 331 688 lari
360 649 535 704 quam
565 633 635 708 in_
658 632 885 708 plurali,
913 635 1147 687 servatis
1176 635 1484 708 generibus
1512 632 1883 708 numerisque
1910 653 1922 692 :

222 710 290 759 ut
315 708 486 778 puta,_
506 721 557 770 a,
586 704 685 778 ab,
707 704 827 768 abs,
852 720 1012 778 cum,
1036 704 1250 772 coram,
1279 707 1446 772 clam,
1476 707 1566 773 de,
1598 724 1763 778 e,rex,
1788 704 1924 778 pro,

224 792 365 848 prec,
390 776 608 848 palam,
644 775 1260 848 sine,_absique,4tenus.
1293 778 1598 832 Masculino
1626 775 1925 847 singulari,

224 844 289 901 ut
316 864 348 901 a
378 846 572 919 fratre,
604 844 813 916 plurali
842 863 879 919 a4
903 844 1192 901 fratribus.
1223 848 1519 903 Feminino
1564 844 1860 919 singulari,
1896 844 1927 903 a

225 934 440 981 sorore,
487 917 574 970 vel
621 933 654 971 a
684 917 994 984 sororibus,
1027 919 1112 972 vel
1164 935 1196 972 a
1224 918 1469 982 civitate,
1505 936 1538 973 a
1576 917 1921 976 civitatibus.

225 990 308 1060 Ah
339 987 616 1058 singulari
640 988 977 1055 masculino,
1025 989 1095 1043 ab
1127 990 1329 1055 amico,
1363 991 1572 1060 plurali
1604 992 1674 1046 ab
1706 992 1923 1055 amicis,

226 1059 297 1134 ab
325 1074 479 1134 agro.
508 1060 578 1112 ab
602 1060 774 1134 agris.
805 1060 1102 1134 Feminino
1124 1059 1402 1134 singulari
1433 1062 1502 1115 ab
1525 1062 1685 1124 urbe,
1718 1062 1929 1134 plurali

224 1131 295 1185 ab
326 1130 581 1203 urbibus.
632 1132 844 1184 Neutro
874 1131 1175 1203 _singulari
1204 1133 1292 1203 ab
1337 1134 1575 1203 templo,
1615 1130 1825 1203 plurali
1856 1135 1927 1189 ab

226 1202 553 1274 templis.A
596 1201 889 1274 communi
938 1202 1271 1272 singularia
1310 1201 1701 1274 cive,'plurali
1729 1221 1763 1258 a
1791 1204 1927 1259 civi-

226 1273 356 1342 bus,
387 1274 458 1327 ab
489 1273 673 1338 hoste,
707 1273 776 1327 ab
808 1273 1084 1327 hostibus.
1121 1275 1273 1328 Hanc
1301 1273 1734 1330 declinationem
1767 1292 1929 1330 serva

226 1344 288 1398 in
314 1343 583 1398 omnibus
620 1343 709 1397 his
758 1344 1016 1398 ablativis
1058 1345 1561 1416 praepositionibus
1610 1347 1929 1402 secundum

227 1432 439 1490 genera
474 1419 530 1469 et
567 1430 893 1490 numerum.
942 1417 1221 1490 Remanet
1253 1417 1424 1470 tertia
1454 1417 1667 1488 species
1704 1434 1928 1490 pI‘thO-

228 1485 523 1547 sitionum,
545 1501 676 1555 qum
696 1485 966 1560 dicuntur
988 1488 1303 1557 utriusque,
1326 1504 1454 1560 quas
1472 1485 1528 1544 et
1543 1485 1928 1545 accusativum

225 1561 426 1612 tenent
451 1572 639 1610 casum
672 1561 730 1611 et
757 1557 1087 1613 ablativum.

231 1646 455 1702 CAPUT
492 1645 695 1701 XXVII.
738 1676 822 1720 -—M
854 1648 1067 1715 Duplam
1109 1662 1278 1713 genus
1317 1649 1764 1717 praepositionum
1811 1665 1929 1720 quae

762 1716 1018 1771 dicuntur
1057 1716 1358 1787 utriusque.

302 1796 408 1852 Sed
432 1796 736 1870 plerosque
757 1796 902 1870 ratio
922 1797 1129 1870 harum
1152 1798 1623 1869 praepositionum
1652 1799 1927 1870 praterit,

231 1884 296 1940 ex
320 1884 434 1939 qua
460 1868 823 1940 distinctione
843 1868 1219 1939 intelligatur,
1245 1868 1306 1923 ut
1325 1885 1442 1923 non
1467 1868 1737 1940 appareat
1759 1887 1928 1940 expo-

230 1939 405 1993 situm
456 1940 598 2009 ejus.
653 1939 981 1993 Differentia
1024 1940 1147 1994 haec
1185 1946 1269 2009 est
1310 1940 1371 1994 in
1418 1939 1575 1994 metu
1616 1946 1672 1995 et
1700 1942 1759 1995 in
1795 1942 1925 1996 situ.

229 2010 337 2065 Sed
366 2002 587 2064 motum
622 2013 972 2081 putaverunt
1009 2002 1245 2081 quidam
1287 2012 1665 2066 accusativum
1703 2017 1930 2067 tantum

228 2086 459 2136 tenere:
509 2086 666 2135 tenet
713 2086 906 2136 autem
950 2087 1281 2151 utrumque,
1340 2084 1438 2137 sed
1487 2087 1638 2137 certa
1688 2084 1925 2138 ratione.

232 2154 375 2207 Nam
404 2155 592 2206 motus
610 2156 747 2206 tunc
771 2156 929 2206 tenet
952 2153 1333 2207 accusativum
1354 2170 1547 2208 casum
1568 2169 1698 2208 cum
1729 2171 1763 2208 a
1790 2155 1930 2209 locis

216 2223 288 2277 in
317 2224 429 2276 alia
450 2222 571 2276 loca
591 2239 697 2276 nos
716 2223 934 2278 moveri
945 2223 1353 2294 signiﬁcamus,
1375 2230 1438 2279 ut
1456 2241 1621 2279 curro
1642 2226 1700 2280 in
1717 2226 1925 2291 forum,

230 2294 320 2347 vel
350 2294 410 2347 in
449 2309 736 2363 campum.
773 2295 840 2348 Et
866 2294 913 2347 si
962 2310 1028 2348 ex
1062 2296 1173 2348 alio
1206 2296 1328 2349 loco
1375 2296 1618 2350 dicimus
1671 2313 1775 2351 nos
1802 2313 1932 2351 cur-

228 2380 355 2418 rere
393 2364 455 2416 in
490 2364 680 2417 forum
729 2365 812 2417 vel
853 2363 915 2417 in
961 2381 1250 2433 campum,
1304 2367 1687 2422 accusativum
1736 2383 1931 2423 casum

231 2440 523 2507 tenemus.
545 2434 603 2489 Si
623 2438 828 2507 autem
848 2434 910 2487 in
940 2451 1056 2507 uno
1079 2437 1397 2507 eodemque
1419 2438 1563 2499 loco.
1589 2438 1928 2494 ablativum:

228 2511 296 2560 ut
316 2521 484 2577 curro
502 2504 569 2577 in
602 2505 755 2577 Aforo,
784 2521 950 2559 curro
984 2506 1044 2577 in
1066 2522 1268 2577 campo
1291 2504 1321 2562 ε’
1338 2509 1415 2561 sic
1446 2509 1676 2563 ambulo
1704 2510 1763 2563 in
1783 2510 1929 2575 foro,

235 2580 291 2630 et
321 2575 550 2629 ambulo
597 2575 656 2629 in
704 2591 927 2647 campo.
957 2576 1013 2631 Si
1056 2576 1126 2631 de
1168 2575 1278 2632 alio
1308 2579 1432 2633 loco
1482 2580 1843 2634 ambulamus
1871 2581 1933 2635 in

232 2647 442 2711 forum,
473 2646 856 2701 accusativum
877 2652 1159 2702 tenemus.
1191 2649 1247 2704 Si
1278 2649 1339 2703 in
1366 2650 1566 2704 eodem
1586 2652 1707 2705 loco
1738 2652 1934 2706 ambu-

233 2718 439 2791 lamus,
490 2718 799 2791 ablativum
850 2723 1136 2786 tenemus,
1185 2725 1250 2774 ut
1290 2721 1524 2775 ambulo
1551 2721 1612 2775 in
1635 2722 1796 2777 foro:
1829 2723 1929 2791 sic,

233 2788 382 2844 cadit
410 2788 470 2842 in
500 2789 711 2858 forum,
743 2794 798 2847 et
827 2790 977 2845 cadit
1006 2791 1067 2844 in
1094 2791 1243 2845 foro.
1278 2792 1546 2862 Virgilius
1570 2809 1583 2848 :

355 2876 758 2941 Ingrediturque
786 2877 918 2938 solo,
946 2881 999 2927 et
1024 2882 1183 2940 caput
1209 2879 1347 2927 inter
1373 2880 1553 2930 nubila
1583 2881 1781 2932 condit.

1021 2941 1251 3003 (/Eneid.
1280 2941 1371 2992 lib.
1399 2945 1442 3000 4,
1477 2956 1525 2992 υ.
1560 2943 1688 3007 177.)

233 3020 305 3073 Ut
347 3022 453 3093 est,
498 3021 559 3093 In
607 3021 756 3075 arvis
788 3021 954 3093 altius
989 3022 1300 3093 ingreditur
1349 3022 1560 3093 (Georg.
1608 3024 1701 3079 lib.
1750 3025 1800 3091 3,
1844 3039 1931 3079 vv.

228 3093 322 3162 75,
357 3088 470 3162 76),
503 3089 560 3144 id
589 3094 675 3162 est
701 3092 995 3162 ambulat:
1039 3092 1197 3146 vides
1228 3088 1451 3147 motum
1482 3088 1624 3162 esse,
1659 3098 1715 3150 et
1742 3088 1937 3149 tamen

234 3160 544 3233 ablativum
573 3160 681 3215 sibi
722 3161 1000 3229 vidicare;
1030 3164 1126 3217 sed
1167 3163 1226 3217 in
1266 3165 1407 3230 loco,
1448 3171 1514 3220 ut
1542 3160 1679 3233 dixi,
1713 3182 1832 3220 non
1863 3166 1933 3220 de

232 3232 356 3307 loco
387 3230 447 3285 in
496 3233 714 3307 locum,
756 3232 1115 3307 Sic__la_psu_m
1152 3234 1225 3307 in
1271 3236 1570 3307 piscinam,
1616 3230 1675 3292 et
1710 3238 1933 3307 lapsum

235 3301 477 3377 dicimus
497 3301 555 3355 in
578 3302 897 3377 piscina._Si
925 3304 994 3358 de
1020 3305 1130 3377 alio
1150 3301 1357 3377 loco'in
1381 3301 1659 3377 piscinam
1685 3301 1931 3375 labetur,

235 3375 585 3451 accusativus
621 3378 755 3451 est;
796 3374 846 3451 si_
888 3391 1019 3428 vero
1064 3375 1125 3428 in
1170 3374 1932 3451 eadem—labaturrpiscina,

234 3444 514 3520 ablativus
552 3448 657 3500 est.
706 3444 887 3520 Venio
935 3451 1127 3520 autem
1173 3463 1398 3520 semper
1435 3444 1785 3504 accusativus
1828 3444 1934 3518 est,

234 3515 370 3587 quia
399 3515 469 3591 de
500 3516 622 3591 loco
657 3516 727 3570 ad
756 3516 946 3571 locum
978 3518 1106 3588 quis
1134 3515 1315 3573 venit.—
1343 3522 1406 3574 In
1443 3522 1566 3575 loco
1597 3526 1788 3575 autem
1812 3515 1935 3591 jam

233 3602 361 3659 cum
397 3586 469 3640 sit
498 3587 759 3659 quisque,
791 3593 973 3642 cessat
994 3586 1201 3645 motus.
1236 3592 1378 3646 Item
1406 3597 1597 3648 motus
1625 3593 1695 3648 de
1721 3586 1846 3648 loco
1874 3592 1937 3647 in

234 3657 445 3724 locum,
478 3657 759 3713 volvo‘vel
789 3659 1012 3714 evolvo:

420 3744 664 3807 Reperire
696 3745 971 3813 viamque
996 3748 1236 3798 evolvere
1255 3754 1434 3813 posset

362 3807 421 3855 In
446 3820 592 3855 mare
622 3820 678 3856 se
710 3807 985 3857 Xanthus:

517 3869 741 3930 (Αῖηεεα.
773 3869 862 3919 ab.
893 3873 939 3929 5,
969 3884 1053 3921 vv.
1084 3873 1352 3935 807,808.)

239 3945 463 4022 scilicet
486 3947 557 4001 ab
588 3950 747 4003 alveo
776 3947 859 4022 in_
875 3963 1052 4022 mare.
1095 3951 1155 4004 In
1188 3950 1312 4022 ipso
1341 3954 1533 4007 autem
1568 3943 1735 4021 volvi,
1781 3955 1936 4009 abla-

237 4018 641 4095 tivumtenet:
689 4023 772 4095 u_t,
806 4019 1000 4095 Fundo
1029 4018 1336 4095 volvuntur
1362 4025 1420 4077 in
1449 4026 1555 4079 imo
1603 4018 1833 4095 (Id—lib.
1882 4030 1935 4089 6,

236 4106 288 4144 υ.
326 4091 473 4152 581).
507 4090 615 4155 Sic,
648 4090 775 4155 sub,
812 4106 841 4143 e
873 4090 993 4144 loco
1023 4091 1085 4146 in
1118 4094 1305 4148 locum
1335 4100 1525 4149 motus
1558 4090 1938 4151 accusativum

238 4166 430 4237 tenet,
466 4162 542 4215 De
581 4162 768 4237 hasta
793 4161 1063 4237 Virgilius
1097 4164 1189 4237 _sic
1236 4164 1334 4231 ait,
1379 4167 1489 4221 Sub
1534 4173 1740 4237 pectus,
1784 4170 1941 4224 illam

238 4247 368 4291 rem.
392 4232 530 4287 Item
543 4234 659 4308 sub
680 4232 946 4308 ablativo,
976 4235 1150 4303 Trojae
1166 4237 1265 4291 sub
1284 4232 1552 4295 mamibus
1570 4241 1699 4295 altis
1718 4232 1942 4308 contigit

241 4303 637 4379 oppelwe_(Id.
689 4304 781 4379 lib.
840 4306 892 4379 t,
936 4322 1031 4379 vv.
1064 4309 1150 4375 99,
1200 4309 1345 4379 100),
1390 4309 1445 4363 id
1491 4316 1576 4365 est
1614 4312 1815 4366 cadere
1851 4303 1941 4367 vel

233 4374 674 4499 Ξὲεῗὲἓόἐῗοίεε,
706 4374 914 4446 inquit,
945 4377 1042 4432 sub
1071 4374 1340 4435 mamibus
1361 4382 1509 4436 altis.
1544 4383 1684 4437 Item
1719 4383 1787 4438 de
1817 4382 1940 4438 loco

460 4462 539 4514 ms

363 4533 481 4584 Sive
511 4535 610 4585 sub
636 4535 863 4586 incertas
889 4536 1132 4602 zephyris
1156 4539 1488 4602 mutantibus
1513 4540 1746 4591 umbras.

1213 4601 1408 4666 (Eclog.
1438 4604 1484 4663 5,
1511 4615 1559 4652 v.
1590 4603 1663 4667 5.)

244 4676 310 4748 Et
356 4674 668 4748 subjunxit,
716 4680 1070 4748 succedimus,
1119 4680 1219 4736 ubi
1267 4687 1353 4737 est
1396 4688 1586 4738 motus
1631 4684 1699 4739 de
1728 4684 1853 4739 loco
1882 4684 1944 4740 in

242 4747 666 4828 lpcum._Super
694 4756 882 4828 motus
910 4769 925 4807 :
948 4747 1129 4828 Super
1156 4754 1526 4810 Garamantas
1550 4760 1601 4810 et
1625 4756 1784 4810 Indos
1809 4772 1943 4826 pro-

240 4819 403 4895 ferief
447 4821 735 4895 imperium
781 4819 1152 4894 (lineidflib.
1187 4828 1238 4880 6.
1272 4842 1360 4880 υυ.
1390 4828 1518 4895 794,
1566 4830 1713 4894 795),
1755 4819 1946 4881 mbtus

222 4889 593 4973 Iest._Inn‘loco
622 4889 812 4973 autem
834 4911 849 4973 _:
878 4897 1108 4973 Gentium
1131 4911 1292 4973 super
1320 4889 1514 4973 arbore
1538 4889 1943 4973 siduntllbid,

238 4976 293 5021 υ,
316 4961 490 5037 _203).
539 4962 682 5037 Item
719 4964 934 5031 subter,
968 4966 1036 5020 de
1076 4961 1211 5021 loco‘
1233 4967 1291 5021 in
1322 4968 1545 5023 locum:
1588 4975 1669 5031 ut,
1707 4961 1948 5037 Augusti

240 5031 424 5113 subter
438 5035 849 5113 _faslig_ia_tecti
876 5039 1144 5113 ingentem
1174 5041 1396 5094 lineam
1432 5040 1596 5095 duxit
1626 5041 1728 5113 (Id.
1762 5031 1857 5096 lib.
1891 5043 1947 5111 8,

241 5118 328 5159 υυ.
359 5106 485 5174 366,
517 5108 660 5175 367).
691 5105 755 5160 In
782 5106 904 5183 loco
938 5105 1165 5164 autem:

365 5243 519 5294 Ferre
548 5244 681 5298 libet
708 5247 893 5298 subter
920 5248 1085 5300 densa
1108 5188 1575 5303 testudirgmcliiiiis.

777 5311 878 5374 (Id.
907 5311 995 5362 lib.
1018 5315 1066 5372 9,
1095 5327 1179 5364 vv.
1211 5317 1321 5375 513,
1352 5316 1483 5378 su.)

243 5384 337 5465 Sic
365 5387 491 5465 sub,
519 5387 575 5465 ‘si
612 5389 681 5465 de
710 5391 835 5446 loco
866 5393 934 5447 ad
964 5393 1154 5448 locum
1185 5394 1284 5448 fiat
1323 5401 1535 5465 motus,
1567 5394 1947 5450 accusativum

245 5461 436 5538 tenet:
471 5462 556 5538 u_t,
588 5461 693 5516 sub
725 5465 1055 5538 speluncam
1084 5480 1273 5538 curro.
1307 5466 1365 5521 Si
1390 5461 1581 5521 autem
1606 5467 1822 5538 positus
1843 5467 1946 5522 sub

246 5530 373 5609 ipsa
404 5530 929 5609 spelunca__curras,
972 5536 1284 5609 ablativum
1326 5541 1522 5609 tenet:
1560 5530 1646 5609 ut,
1681 5540 1783 5592 sub
1818 5553 1947 5609 spe-

245 5597 633 5680 lunca—curro.
658 5604 748 5680 Sic
776 5597 968 5677 super,
991 5606 1039 5661 si
1070 5607 1282 5662 deloco
1309 5606 1380 5661 ad
1396 5608 1587 5680 locum
1611 5597 1712 5663 ﬁat
1733 5597 1943 5675 motus,

249 5674 634 5729 accusativum
663 5674 1046 5749 tenetfsuper
1073 5682 1286 5734 tectum
1310 5694 1494 5734 curro.
1529 5678 1586 5734 Si
1619 5684 1809 5735 autem
1842 5674 1947 5751 po-

1328 227 1422 282 DE
1461 226 1945 284 GRAMMATICA
1982 223 2219 284 LIBER.
2261 222 2656 283 APPENDIX.

3613 224 3755 278 1408

2037 350 2179 405 situs
2203 348 2331 422 quis
2360 364 2533 422 super
2550 349 2764 422 tectum
2781 348 2992 422 currat,
3016 342 3328 399 ablativum
3344 348 3505 422 tenet
3525 361 3762 422 :_super

2033 426 2180 476 tecto
2219 416 2406 476 curro.
2431 416 2561 487 'Sic,
2610 418 2805 472 subter
2841 416 3048 471 ﬂuctus
3088 432 3307 487 mergo,
3346 416 3393 471 si
3432 433 3498 471 ex
3549 416 3757 470 littore

2035 498 2225 547 motus
2258 492 2358 546 ﬁat
2391 490 2451 545 in
2479 489 2859 556 demersione,
2903 488 3254 541 accusativus
3291 492 3396 555 est,
3438 492 3503 542 ut
3544 503 3759 558 mergo

2035 565 2229 619 subter
2270 563 2505 628 ﬂuctus;
2562 561 2610 615 si
2653 565 2845 615 autem
2895 559 3023 630 quis
3069 558 3141 612 sit
3170 559 3294 629 jam
3340 559 3402 613 in
3450 558 3756 627 ﬂuctibus,

2034 636 2231 690 subter
2268 634 2533 689 ﬂuctibus
2572 631 2871 701 mergitur.
2913 629 3029 684 Sed
3069 631 3317 684 multum
3352 631 3559 699 juvant
3599 630 3758 684 hanc

2035 706 2383 761 locutionem
2414 711 2471 758 et
2506 702 2959 758 observationem
3003 701 3118 754 duo
3153 701 3420 755 adverbia
3460 702 3752 764 locorum,

2036 794 2151 849 quo
2204 782 2258 831 et
2289 776 2408 831 ubi.
2460 776 2604 841 Quo,
2636 774 2697 828 in
2726 775 2914 849 locum
2959 776 3152 849 motus
3200 776 3316 849 est;
3362 772 3583 849 ubi,_i_n
3626 772 3756 849 loco

2036 842 2176 903 situs
2203 853 2318 902 est:
2351 852 2435 914 ut,
2466 862 2580 918 quo
2610 845 2766 918 venit
2785 845 3003 918 telum?
3032 843 3090 918 in
3114 843 3371 918 hostem:
3404 842 3755 918 ubihaasit?

2036 920 2096 974 in
2128 920 2307 974 hoste.
2343 913 2466 983 Quo
2483 913 2684 970 'voluit
2721 914 2961 969 Catilina
2990 914 3169 967 telum
3201 913 3488 983 dirigere?
3516 914 3581 968 in
3610 931 3750 968 con-

2037 992 2174 1044 sults
2217 1006 2457 1061 corpus;
2487 986 2811 1061 Lubivoluit
2846 985 3057 1055 deﬁgi?
3088 985 3148 1038 in
3187 984 3436 1061 consulis
3478 1001 3749 1061 corpore.

2035 1062 2124 1117 Sic
2152 1055 2336 1116 enim-
2359 1055 2447 1114 ait
2470 1059 2538 1113 de
2582 1058 2726 1113 sica:
2766 1059 2835 1111 Ut
2873 1072 2999 1110 eam
3029 1061 3195 1126 putes
3228 1055 3290 1109 in
3328 1056 3584 1109 consulis
3624 1073 3753 1110 cor-

2035 1149 2175 1216 pore
2205 1132 2473 1216 detigere.
2504 1128 2595 1216 Sic
2625 1145 2755 1216 cum
2777 1127 3042 1216 dicimus,
3066 1143 3182 1197 quo
3207 1126 3501 1216 fugimus?
3529 1126 3757 1216 scilicet

2036 1149 2175 1216 pore
2205 1143 2473 1202 deligere.
2506 1143 2595 1185 Sic
2625 1145 2755 1183 cum
2777 1143 3042 1192 OICImllS,
3066 1143 3182 1197 quo
3207 1143 3501 1251 Inﬁrmus?
3529 1143 3757 1207 scilicet

2036 1220 2098 1258 1n
2128 1205 2331 1279 locum.
2494 1200 2681 1279 latet?
2710 1200 2770 1254 in
2798 1200 2942 1279 loco.
2978 1199 3149 1279 Ergo,
3178 1202 3244 1251 ut
3314 1213 3547 1279 nimus,
3583 1197 3757 1279 adju:

2035 1279 2172 1329 vant
2202 1273 2467 1328 adverbia
2494 1272 2617 1325 haec
2646 1271 2781 1333 duo,
2818 1270 2883 1324 ad
2925 1269 3318 1323 confusionem
3351 1269 3757 1333 distinguendi

2034 1344 2469 1417 praepositiones
2509 1342 2810 1417 utriusque
2851 1356 3034 1394 casus.
3087 1340 3493 1417 δίο-’μεμψιιῖ
3523 1340 3614 1417 de-
3648 1340 3759 1417 hac

2037 1410 2437 1471 adverbiorum
2484 1410 3037 1483 ratione'purgatur
3074 1415 3131 1465 et
3174 1410 3314 1465 illud
3350 1410 3411 1463 in
3449 1411 3755 1465 Verrinis:

2038 1488 2195 1553 Quod
2225 1488 2318 1541 ille
2342 1487 2404 1540 in
2440 1490 2612 1555 caput
2641 1484 2710 1538 ab
2748 1482 2998 1538 hostium
3016 1482 3175 1555 duce
3204 1486 3530 1551 acceperat.
3571 1484 3758 1555 Acce-

2036 1564 2202 1631 perat
2244 1574 2380 1631 ergo
2423 1553 2969 1631 vulnusAdirectu-m
3011 1553 3069 1607 in
3114 1557 3660 1631 caput,_acceptqm
3692 1554 3758 1631 in

2037 1622 2239 1701 capite.
2286 1622 2598 1701 Numquid,
2634 1627 2770 1701 Quo‘
2795 1624 3011 1701 accipis
3043 1622 3269 1701 vulnus,
3305 1622 3602 1701 dicimus?
3633 1625 3757 1701 ini:

2036 1694 2225 1756 nime:
2279 1700 2395 1762 sed,
2449 1694 2553 1753 Ubi
2588 1694 2818 1769 accipis.
2857 1694 2929 1750 Et
2955 1694 3241 1764 Virgilius,
3271 1695 3403 1769 _Quo
3441 1697 3523 1748 ire
3541 1694 3758 1769 jubes?

2037 1772 2096 1827 in
2132 1774 2321 1826 locum
2358 1769 2662 1840 signiﬁcat.
2703 1766 2764 1822 In
2788 1769 2930 1840 loco
2979 1772 3191 1829 autem.
3224 1766 3321 1840 ubi
3366 1781 3566 1840 ponere
3604 1767 3759 1821 sedes

2039 1843 2274 1913 (Eneid.
2325 1836 2445 1913 lib:
2473 1844 2524 1905 3,
2574 1857 2626 1895 υ.
2677 1839 3006 1913 88)?_Situs
3051 1853 3184 1913 vero
3228 1836 3543 1891 ablavitum
3597 1842 3762 1913 tenet

2040 1909 2177 1986 quia
2204 1911 2520 1986 contrarius
2551 1915 2635 1986 est
2666 1909 2863 1986 motui.
2889 1910 3031 1986 Nam
3048 1909 3236 1986 ipsum
3257 1924 3491 1986 nomen,
3524 1924 3622 1962 ses
3652 1909 3761 1962 sio-

2039 1978 2172 2040 nem
2197 1984 2503 2056 quamdam
2522 1981 2839 2056 _signitjcat,
2876 1984 2939 2034 ut
2967 1984 3132 2056 puta,
3158 1995 3284 2056 su_m
3322 1978 3382 2032 in
3399 1980 3571 2056 fore,
3594 1996 3759 2056 eram

2038 2057 2100 2111 in
2125 2050 2269 2121 foro,
2304 2054 2383 2109 t‘ui
2412 2054 2474 2108 in
2512 2050 2655 2121 foro,
2692 2052 2921 2106 futurus
2960 2066 3088 2105 sum
3120 2052 3181 2122 in
3211 2051 3358 2104 foro.
3395 2050 3488 2104 Sic
3525 2051 3757 2122 simpli-

2038 2128 2179 2181 citer
2206 2127 2394 2193 sedeo,
2424 2125 2606 2196 jaceo,
2645 2123 2816 2196 cubo,
2849 2121 3259 2196 stotconsisto,
3292 2121 3505 2196 hmreo.
3541 2121 3759 2196 Omnia

2039 2199 2162 2253 haec
2189 2199 2259 2253 ad
2291 2192 2466 2251 situm
2506 2195 2817 2266 pertinent.
2862 2192 3186 2266 Meditanda
3227 2192 3407 2266 igitur
3437 2196 3580 2266 sunt
3608 2199 3671 2247 et
3698 2194 3755 2247 in

2039 2286 2204 2324 usum
2247 2260 2526 2332 ducenda;
2560 2271 2625 2320 ut
2646 2266 2769 2333 jam
2798 2264 2860 2318 in
2889 2265 2995 2319 hac
3022 2260 3505 2335 praepositionum
3534 2263 3755 2331 forma,

2041 2344 2096 2395 et
2124 2344 2275 2393 recte
2306 2344 2361 2393 et
2390 2339 2549 2393 nulla
2584 2336 2944 2391 btesitatione
2975 2336 3277 2407 loquentes
3314 2334 3612 2390 studuisse
3652 2352 3759 2390 nos

2040 2410 2368 2484 diligentius
2400 2410 2737 2464 indicemus.

2337 2508 2564 2563 CAPUT
2592 2506 2825 2562 XXVIII.
2858 2534 2921 2546 -—
2954 2507 3027 2560 Dc
3049 2504 3435 2575 interjectione.

2110 2594 2453 2666 Interjectio,
2516 2612 2629 2650 non
2683 2610 2815 2664 pars
2871 2593 3149 2666 orationis
3196 2595 3302 2661 est,
3354 2592 3453 2647 sed
3491 2592 3749 2666 signum

2041 2663 2352 2723 affectionis
2389 2663 2741 2737 erumpentis
2783 2664 2963 2719 animi
3002 2664 3060 2737 in
3094 2680 3327 2737 vocem:
3361 2669 3417 2717 et
3436 2663 3758 2737 _signiiicat

2041 2743 2140 2794 aut
2170 2739 2450 2804 laetitiam,
2480 2732 2738 2802 ut'evax;
2762 2741 2862 2789 aut
2881 2732 3320 2790 amaritudinem
3350 2739 3413 2789 ut
3435 2732 3579 2798 heu,
3610 2736 3766 2805 apud

2040 2812 2283 2878 Graecos,
2321 2819 2428 2881 φεῦ.
2460 2811 2611 2881 Ergo
2652 2812 2792 2879 quot
2816 2811 2950 2860 sunt
2974 2805 3293 2881 perturbati
3327 2806 3514 2881 animi
3542 2812 3765 2881 motus,

2042 2886 2127 2936 tot
2171 2876 2339 2934 voces
2378 2876 2626 2935 reddu'nt
2652 2876 2753 2933 z'et
2785 2876 3063 2933 vocantur
3105 2876 3559 2948 iuterjectiones,
3611 2877 3767 2949 quod

2043 2952 2466 3023 interrumpant
2496 2950 2834 3014 orationem,
2874 2954 2938 3003 ut
2962 2954 3047 3003 est
3073 2948 3234 3016 illud,

2200 3042 2294 3090 llic
2328 3041 2467 3089 inter
2497 3041 2688 3089 densas
2717 3038 2928 3103 corylos
2957 3038 3117 3088 modo
3142 3050 3375 3102 namque
3405 3037 3678 3102 gemellos

2201 3103 2355 3167 Spem
2385 3103 2577 3166 gregis,

2043 3200 2178 3239 mox
2207 3183 2529 3256 interjectio
2559 3198 2664 3254 per
2692 3180 2944 3237 litteram
2974 3197 3021 3245 a,

2492 3270 2587 3321 ah!
2623 3271 2767 3321 silice
2797 3270 2854 3319 in
2884 3269 3029 3319 nuda
3050 3269 3279 3318 connixa
3301 3268 3539 3331 reliquit.

2974 3331 3168 3394 (Eclog.
3191 3334 3235 3391 1,
3268 3344 3349 3383 vv.
3383 3334 3466 3390 u,
3502 3334 3611 3392 15.)

2042 3417 2109 3471 In
2133 3413 2390 3469 medium
2421 3412 2698 3469 orationis
2724 3413 3020 3484 interjecta
3046 3417 3133 3468 est
3161 3429 3194 3466 a
3219 3412 3427 3466 littera.

2044 3521 2270 3577 CAPUT
2327 3520 2503 3575 XXIX.
2562 3550 2632 3560 —
2691 3520 2970 3589 Epilogus.
3029 3521 3103 3576 Et
3156 3519 3223 3573 de
3275 3519 3601 3575 nominibus
3660 3536 3771 3574 nuo

2748 3607 3035 3647 mererum.

2116 3690 2326 3745 Omnes
2363 3691 2555 3760 partes
2583 3688 2859 3743 orationis
2898 3689 3151 3744 decursa:
3181 3704 3212 3742 a
3237 3686 3403 3760 nobis
3433 3691 3599 3753 sunt,
3637 3706 3768 3760 quae

2047 3762 2115 3816 ad
2145 3758 2551 3832 compendium
2599 3760 2928 3832 sufficiant,
2952 3764 3052 3814 aut
3084 3758 3393 3832 occupatis,
3433 3764 3542 3813 aut
3575 3758 3769 3832 negli-

2046 3830 2331 3903 gentibus.
2386 3831 2534 3903 Sane
2588 3847 2717 3903 quaa
2768 3830 3088 3895 omisimus,
3136 3830 3196 3884 in
3226 3835 3473 3903 tractatu
3504 3830 3769 3886 nominis

2046 3901 2357 3958 reddimus.
2405 3902 2558 3958 Scire
2596 3901 2748 3957 enim
2785 3903 3062 3957 debemus
3100 3901 3334 3956 nomina
3373 3918 3769 3958 numerorum

2046 3992 2078 4029 a
2111 3979 2352 4045 quatuor
2396 3989 2579 4044 usque
2624 3974 2693 4028 ad
2737 3978 2969 4045 centum
3004 3973 3384 4045 ams-inesse,
3428 3978 3490 4028 et
3532 3974 3771 4044 generis

2048 4044 2272 4101 omnis:
2320 4048 2386 4098 ut
2427 4048 2677 4115 quatuor
2715 4044 2844 4109 viri,
2900 4050 3147 4116 quatuor
3198 4044 3769 4116 feminaatquatnor

2049 4116 2352 4187 mancipia.
2386 4114 2478 4171 Sic
2514 4131 2618 4187 per
2647 4132 2846 4170 omnes
2875 4114 3058 4187 casus,
3097 4120 3343 4187 quatuor
3377 4114 3673 4170 dicimus:
3708 4122 3771 4171 ut

2046 4193 2186 4259 puta
2212 4186 2467 4241 virorum
2496 4186 2765 4259 quatuor,
2798 4186 3404 4259 mulierumquatuor,
3425 4188 3768 4259 mancipio-

2047 4257 2176 4314 rum
2197 4264 2464 4340 quatuor.
2487 4258 2576 4340 Sic
2595 4257 2785 4340 dativo
2804 4258 2940 4312 viris
2952 4261 3220 4339 quatuor,
3238 4257 3470 4340 feminis
3482 4257 3768 4340 quatuor,

2050 4328 2351 4400 mancipiis
2379 4334 2645 4400 quatuor.
2674 4329 2766 4385 Sic
2790 4328 3107 4384 accusativo
3128 4328 3278 4383 viros
3304 4328 3581 4400 quatuor,
3604 4330 3772 4384 femi-

2049 4418 2152 4461 nas
2192 4399 2459 4472 quatuo’r,
2506 4400 2795 4472 mancipia
2840 4405 3108 4472 quatuor.
3155 4400 3244 4472 Sic
3274 4399 3552 4472 vocativo
3592 4417 3632 4455 ο
3665 4401 3773 4455 viri

2050 4469 2317 4544 quatuor,
2350 4488 2382 4525 ο
2402 4471 2641 4544 feminae
2673 4469 2941 4544 quatuor,
2975 4488 3008 4544 o
3038 4469 3322 4544 mancipia
3358 4476 3650 4544 quatuor.
3683 4472 3774 4527 Sic

2052 4542 2294 4598 ablativo
2313 4558 2347 4596 a
2362 4542 2497 4597 viris
2524 4547 2792 4613 quatuor,
2812 4560 2843 4597 a
2863 4542 3093 4597 feminis
3114 4547 3380 4613 quatuor,
3399 4558 3431 4595 a
3452 4543 3773 4613 mancipiis

2051 4619 2319 4685 quatuor.
2361 4613 2471 4669 Sed
2508 4613 2649 4686 ideo,
2673 4613 2811 4679 dixi,
2838 4630 2872 4668 a
2899 4620 3149 4686 quatuor
3172 4614 3373 4686 a‘i‘gww‘u
3413 4629 3542 4686 esse
3581 4631 3773 4686 usque

2052 4684 2120 4740 ad
2151 4690 2405 4754 centum,
2447 4684 2584 4755 quia
2621 4685 2733 4739 duo
2772 4684 3152 4753 declinantur,
3199 4684 3467 4755 deorum,
3510 4684 3775 4752 duobus,

2051 4756 2192 4811 duos
2223 4756 2309 4809 vel
2338 4754 2483 4822 duo,
2507 4773 2538 4809 ο
2570 4755 2705 4825 duo,
2734 4755 2803 4811 ab
2832 4756 2922 4810 his
2943 4756 3165 4810 duobus
3185 4755 3295 4810 .Sic
3320 4754 3700 4810 declinantur
3720 4760 3777 4810 et

2053 4831 2290 4885 currunt
2311 4843 2414 4897 per
2431 4843 2592 4881 casus
2620 4844 2631 4880 :
2661 4843 2719 4882 Ν.
2741 4826 2801 4882 hi
2823 4831 2880 4881 et
2901 4827 2990 4882 hae
3010 4832 3146 4893 tres,
3169 4843 3221 4881 G.
3240 4827 3447 4883 horum
3471 4832 3536 4881 et
3556 4828 3775 4882 harum

2053 4899 2252 4965 trium,
2287 4914 2350 4965 _D.
2398 4897 2487 4952 his
2529 4897 2730 4964 tribus,
2770 4915 2824 4952 A.
2870 4898 2975 4953 hos
3009 4902 3067 4952 et
3108 4898 3210 4953 has
3253 4902 3391 4961 tres,
3435 4913 3491 4951 ν.
3542 4915 3580 4952 o
3629 4905 3774 4965 tres,

2053 4986 2106 5025 Α.
2137 4970 2207 5024 ab
2236 4962 2325 5023 his
2376 4968 2579 5024 tribus.
2609 4972 2656 5024 A
2682 4962 2893 5040 genere
2940 4974 3167 5035 neutro,
3214 4968 3508 5040 haecgtria,
3556 4962 3774 5024 horum

2054 5041 2253 5108 trium,
2284 5040 2372 5094 bis
2400 5040 2602 5105 tribus,
2635 5039 2759 5096 haec
2787 5039 2918 5106 tria,
2961 5057 2995 5094 ο
3032 5040 3161 5106 tria,
3193 5041 3263 5094 ab
3302 5039 3393 5095 his
3422 5039 3649 5095 tribus.
3702 5043 3778 5096 Ex

2054 5112 2161 5168 hac
2199 5128 2336 5182 ergo
2376 5111 2564 5166 forma
2609 5110 2986 5181 intelligimus
3033 5110 3322 5182 quomodo
3362 5110 3777 5166 declinemus:

2056 5183 2148 5238 hic
2178 5181 2467 5249 duumvir,
2510 5182 2672 5253 quasi
2710 5183 2957 5237 duorum
2994 5181 3299 5237 heminum
3336 5198 3493 5253 unus
3529 5183 3651 5237 vir.
3691 5184 3781 5237 Sic

2055 5253 2341 5321 triumvir,
2370 5252 2547 5308 trium
2574 5253 2874 5308 hominum
2914 5269 3064 5307 unus
3093 5253 3199 5308 vir.
3232 5254 3378 5323 Ergo
3418 5252 3515 5307 hic
3541 5253 3781 5308 admisit

2056 5326 2392 5397 genitivum.
2415 5325 2539 5379 Iam
2561 5329 2808 5397 quatuor
2823 5324 2924 5397 ubi
2944 5324 3345 5397 indeclinabile
3367 5329 3475 5397 est,
3496 5332 3781 5397 quatuor-

2056 5395 2163 5451 viri
2191 5396 2452 5462 dicimus,
2480 5397 2567 5449 vel
2584 5395 2986 5467 quinqueviri,
3016 5396 3103 5450 vel
3126 5395 3358 5467 sexviri.
3395 5395 3563 5467 Unde
3598 5396 3783 5451 Luca-

2057 5484 2184 5539 nus,
2208 5466 2850 5539 Septemvirque’epulis:
2876 5483 2982 5538 pro
3004 5466 3485 5539 genitivogposuit,
3522 5471 3777 5539 septem.

2057 5540 2104 5592 A
2146 5538 2406 5593 ducentis
2453 5554 2650 5619 usque
2683 5538 2755 5619 a‘d
2786 5537 3106 5619 nongentos
3128 5537 3488 5619 declinantur
3528 5537 3781 5619 nomina

2057 5624 2454 5678 numerorum,
2498 5608 2558 5664 ut
2594 5608 2656 5664 hi
2695 5608 2945 5673 ducenti,
2984 5608 3077 5664 hm
3112 5609 3392 5669 ducentas,
3428 5615 3643 5663 neutro
3670 5609 3780 5664 du-

2059 5684 2220 5736 centa
2251 5700 2266 5735 :
2300 5681 2478 5750 mille,
2510 5680 2844 5737 declinabile
2874 5686 2974 5736 est.
