  <div class='ocr_page' id='page_1' title='image "/cluster/home/n/w/nwhite01/storage/ocr_20150623/32/hvd.32044096580550/724.png"; bbox 0 0 4014 6164; ppageno 0'>
   <div class='ocr_carea' id='block_1_1' title="bbox 276 251 403 302">
    <p class='ocr_par' dir='ltr' id='par_1_1' title="bbox 276 251 403 302">
     <span class='ocr_line' id='line_1_1' title="bbox 276 251 403 302; baseline 0 0"><span class='ocrx_word' id='word_1_1' title='bbox 276 254 287 302; x_wconf 92' lang='lat' dir='ltr'>l</span> <span class='ocrx_word' id='word_1_2' title='bbox 302 251 403 302; x_wconf 71' lang='grc'>409</span> 
     </span>
    </p>
   </div>
   <div class='ocr_carea' id='block_1_2' title="bbox 432 719 1789 787">
    <p class='ocr_par' dir='ltr' id='par_1_2' title="bbox 432 719 1789 787">
     <span class='ocr_line' id='line_1_2' title="bbox 432 719 1789 787; baseline -0.001 -14"><span class='ocrx_word' id='word_1_3' title='bbox 432 719 655 773; x_wconf 79' lang='lat' dir='ltr'>CAPUT</span> <span class='ocrx_word' id='word_1_4' title='bbox 687 719 978 773; x_wconf 80' lang='lat' dir='ltr'>PRIMUM.</span> <span class='ocrx_word' id='word_1_5' title='bbox 1011 747 1080 758; x_wconf 95' lang='lat'><strong>—</strong></span> <span class='ocrx_word' id='word_1_6' title='bbox 1111 720 1192 773; x_wconf 89' lang='lat' dir='ltr'>De</span> <span class='ocrx_word' id='word_1_7' title='bbox 1221 719 1558 787; x_wconf 80' lang='lat' dir='ltr'>simplicibus</span> <span class='ocrx_word' id='word_1_8' title='bbox 1592 719 1789 772; x_wconf 73' lang='lat' dir='ltr'>verbis.</span> 
     </span>
    </p>
   </div>
   <div class='ocr_carea' id='block_1_3' title="bbox 339 789 1962 860">
    <p class='ocr_par' dir='ltr' id='par_1_3' title="bbox 339 789 1962 860">
     <span class='ocr_line' id='line_1_3' title="bbox 339 789 1962 860; baseline -0.001 -16"><span class='ocrx_word' id='word_1_9' title='bbox 339 789 641 844; x_wconf 88' lang='lat' dir='ltr'>Dialectica</span> <span class='ocrx_word' id='word_1_10' title='bbox 665 795 750 844; x_wconf 91' lang='lat' dir='ltr'>est</span> <span class='ocrx_word' id='word_1_11' title='bbox 775 791 918 843; x_wconf 86' lang='lat' dir='ltr'>bene</span> <span class='ocrx_word' id='word_1_12' title='bbox 951 789 1277 859; x_wconf 77' lang='lat' dir='ltr'>disputandi</span> <span class='ocrx_word' id='word_1_13' title='bbox 1307 790 1558 843; x_wconf 88' lang='lat' dir='ltr'>scientia.</span> <span class='ocrx_word' id='word_1_14' title='bbox 1594 790 1962 860; x_wconf 90' lang='lat' dir='ltr'>Disputamus</span> 
     </span>
    </p>
   </div>
   <div class='ocr_carea' id='block_1_4' title="bbox 268 861 1965 930">
    <p class='ocr_par' dir='ltr' id='par_1_4' title="bbox 268 861 1965 930">
     <span class='ocr_line' id='line_1_4' title="bbox 268 861 1965 930; baseline -0.002 -14"><span class='ocrx_word' id='word_1_15' title='bbox 268 866 457 916; x_wconf 89' lang='lat' dir='ltr'>autem</span> <span class='ocrx_word' id='word_1_16' title='bbox 493 862 696 917; x_wconf 79' lang='lat' dir='ltr'>verbis.</span> <span class='ocrx_word' id='word_1_17' title='bbox 751 862 931 914; x_wconf 89' lang='lat' dir='ltr'>Verba</span> <span class='ocrx_word' id='word_1_18' title='bbox 977 861 1154 930; x_wconf 84' lang='lat' dir='ltr'>igitur</span> <span class='ocrx_word' id='word_1_19' title='bbox 1200 865 1298 915; x_wconf 91' lang='lat' dir='ltr'>aut</span> <span class='ocrx_word' id='word_1_20' title='bbox 1348 861 1630 930; x_wconf 84' lang='lat' dir='ltr'>simplicia</span> <span class='ocrx_word' id='word_1_21' title='bbox 1672 867 1824 927; x_wconf 91' lang='lat' dir='ltr'>sunt,</span> <span class='ocrx_word' id='word_1_22' title='bbox 1866 865 1965 914; x_wconf 88' lang='lat' dir='ltr'>aut</span> 
     </span>
    </p>
   </div>
   <div class='ocr_carea' id='block_1_5' title="bbox 267 931 1964 1002">
    <p class='ocr_par' dir='ltr' id='par_1_5' title="bbox 267 931 1964 1002">
     <span class='ocr_line' id='line_1_5' title="bbox 267 931 1964 1002; baseline -0.001 -16"><span class='ocrx_word' id='word_1_23' title='bbox 267 935 588 1002; x_wconf 75' lang='lat' dir='ltr'>conjuncta.</span> <span class='ocrx_word' id='word_1_24' title='bbox 621 933 913 1002; x_wconf 89' lang='lat' dir='ltr'>Simplicia</span> <span class='ocrx_word' id='word_1_25' title='bbox 944 940 1094 997; x_wconf 89' lang='lat' dir='ltr'>sunt,</span> <span class='ocrx_word' id='word_1_26' title='bbox 1128 949 1255 1002; x_wconf 65' lang='lat' dir='ltr'>quae</span> <span class='ocrx_word' id='word_1_27' title='bbox 1283 948 1462 985; x_wconf 89' lang='lat' dir='ltr'>unum</span> <span class='ocrx_word' id='word_1_28' title='bbox 1494 932 1764 1002; x_wconf 82' lang='lat' dir='ltr'>quiddam</span> <span class='ocrx_word' id='word_1_29' title='bbox 1791 931 1964 1001; x_wconf 90' lang='lat' dir='ltr'>signi-</span> 
     </span>
    </p>
   </div>
   <div class='ocr_carea' id='block_1_6' title="bbox 266 1002 1958 1074">
    <p class='ocr_par' dir='ltr' id='par_1_6' title="bbox 266 1002 1958 1074">
     <span class='ocr_line' id='line_1_6' title="bbox 266 1002 1958 1074; baseline 0 -17"><span class='ocrx_word' id='word_1_30' title='bbox 266 1004 470 1057; x_wconf 87' lang='lat' dir='ltr'>ﬁcant:</span> <span class='ocrx_word' id='word_1_31' title='bbox 502 1008 563 1056; x_wconf 92' lang='lat' dir='ltr'>nt</span> <span class='ocrx_word' id='word_1_32' title='bbox 592 1020 720 1056; x_wconf 90' lang='lat' dir='ltr'>cum</span> <span class='ocrx_word' id='word_1_33' title='bbox 747 1003 989 1057; x_wconf 87' lang='lat' dir='ltr'>dicimus</span> <span class='ocrx_word' id='word_1_34' title='bbox 1010 1003 1202 1069; x_wconf 89' lang='lat' dir='ltr'>homo,</span> <span class='ocrx_word' id='word_1_35' title='bbox 1233 1020 1433 1074; x_wconf 89' lang='lat' dir='ltr'>equus,</span> <span class='ocrx_word' id='word_1_36' title='bbox 1462 1004 1733 1074; x_wconf 85' lang='lat' dir='ltr'>disputat,</span> <span class='ocrx_word' id='word_1_37' title='bbox 1761 1002 1958 1057; x_wconf 86' lang='lat' dir='ltr'>currit.</span> 
     </span>
    </p>
   </div>
   <div class='ocr_carea' id='block_1_7' title="bbox 269 1075 1965 1144">
    <p class='ocr_par' dir='ltr' id='par_1_7' title="bbox 269 1075 1965 1144">
     <span class='ocr_line' id='line_1_7' title="bbox 269 1075 1965 1144; baseline -0.001 -16"><span class='ocrx_word' id='word_1_38' title='bbox 269 1076 380 1128; x_wconf 82' lang='lat' dir='ltr'>Nec</span> <span class='ocrx_word' id='word_1_39' title='bbox 414 1075 632 1128; x_wconf 83' lang='lat' dir='ltr'>mireris</span> <span class='ocrx_word' id='word_1_40' title='bbox 664 1075 836 1144; x_wconf 88' lang='lat' dir='ltr'>quod,</span> <span class='ocrx_word' id='word_1_41' title='bbox 872 1076 1140 1144; x_wconf 83' lang='lat' dir='ltr'>disputat,</span> <span class='ocrx_word' id='word_1_42' title='bbox 1174 1075 1434 1144; x_wconf 80' lang='lat' dir='ltr'>quamvis</span> <span class='ocrx_word' id='word_1_43' title='bbox 1464 1092 1529 1130; x_wconf 86' lang='lat' dir='ltr'>ex</span> <span class='ocrx_word' id='word_1_44' title='bbox 1564 1075 1785 1128; x_wconf 89' lang='lat' dir='ltr'>duobus</span> <span class='ocrx_word' id='word_1_45' title='bbox 1816 1090 1965 1128; x_wconf 89' lang='lat' dir='ltr'>eom-</span> 
     </span>
    </p>
   </div>
   <div class='ocr_carea' id='block_1_8' title="bbox 307 1145 1963 1216">
    <p class='ocr_par' dir='ltr' id='par_1_8' title="bbox 307 1145 1963 1216">
     <span class='ocr_line' id='line_1_8' title="bbox 307 1145 1963 1216; baseline 0 -18"><span class='ocrx_word' id='word_1_46' title='bbox 307 1146 515 1199; x_wconf 90' lang='lat' dir='ltr'>ositum</span> <span class='ocrx_word' id='word_1_47' title='bbox 557 1147 646 1210; x_wconf 88' lang='lat' dir='ltr'>sit,</span> <span class='ocrx_word' id='word_1_48' title='bbox 691 1152 884 1199; x_wconf 90' lang='lat' dir='ltr'>tamen</span> <span class='ocrx_word' id='word_1_49' title='bbox 932 1146 1080 1198; x_wconf 88' lang='lat' dir='ltr'>inter</span> <span class='ocrx_word' id='word_1_50' title='bbox 1121 1145 1400 1216; x_wconf 86' lang='lat' dir='ltr'>simplicia</span> <span class='ocrx_word' id='word_1_51' title='bbox 1451 1153 1818 1199; x_wconf 87' lang='lat' dir='ltr'>numeratum</span> <span class='ocrx_word' id='word_1_52' title='bbox 1858 1151 1963 1198; x_wconf 86' lang='lat' dir='ltr'>est.</span> 
     </span>
    </p>
   </div>
   <div class='ocr_carea' id='block_1_9' title="bbox 265 1162 1965 1271">
    <p class='ocr_par' dir='ltr' id='par_1_9' title="bbox 265 1162 1965 1271">
     <span class='ocr_line' id='line_1_9' title="bbox 307 1162 1963 1216; baseline 0 -18"><span class='ocrx_word' id='word_1_53' title='bbox 307 1162 515 1199; x_wconf 73' lang='lat' dir='ltr'>osxtum</span> <span class='ocrx_word' id='word_1_54' title='bbox 557 1162 646 1210; x_wconf 75' lang='lat' dir='ltr'>su,</span> <span class='ocrx_word' id='word_1_55' title='bbox 691 1162 884 1199; x_wconf 84' lang='lat' dir='ltr'>tamen</span> <span class='ocrx_word' id='word_1_56' title='bbox 932 1162 1080 1198; x_wconf 80' lang='lat' dir='ltr'>inter</span> <span class='ocrx_word' id='word_1_57' title='bbox 1121 1162 1400 1216; x_wconf 80' lang='lat' dir='ltr'>simpuc1a</span> <span class='ocrx_word' id='word_1_58' title='bbox 1451 1162 1818 1199; x_wconf 86' lang='lat' dir='ltr'>numeratum</span> <span class='ocrx_word' id='word_1_59' title='bbox 1858 1162 1963 1198; x_wconf 72' lang='lat' dir='ltr'>esr.</span> 
     </span>
     <span class='ocr_line' id='line_1_10' title="bbox 265 1162 1965 1271; baseline -0.001 -1"><span class='ocrx_word' id='word_1_60' title='bbox 265 1162 408 1271; x_wconf 53' lang='lat' dir='ltr'>Eam</span> <span class='ocrx_word' id='word_1_61' title='bbox 436 1234 526 1270; x_wconf 91' lang='lat' dir='ltr'>res</span> <span class='ocrx_word' id='word_1_62' title='bbox 557 1217 890 1271; x_wconf 91' lang='lat' dir='ltr'>deﬁnitione</span> <span class='ocrx_word' id='word_1_63' title='bbox 922 1216 1262 1270; x_wconf 83' lang='lat' dir='ltr'>illustratur.</span> <span class='ocrx_word' id='word_1_64' title='bbox 1319 1216 1538 1270; x_wconf 86' lang='lat' dir='ltr'>Dictum</span> <span class='ocrx_word' id='word_1_65' title='bbox 1571 1221 1654 1270; x_wconf 84' lang='lat' dir='ltr'>est</span> <span class='ocrx_word' id='word_1_66' title='bbox 1685 1222 1872 1270; x_wconf 88' lang='lat' dir='ltr'>autem</span> <span class='ocrx_word' id='word_1_67' title='bbox 1905 1216 1965 1268; x_wconf 89' lang='lat' dir='ltr'>id</span> 
     </span>
    </p>
   </div>
   <div class='ocr_carea' id='block_1_10' title="bbox 268 1288 1964 1358">
    <p class='ocr_par' dir='ltr' id='par_1_10' title="bbox 268 1288 1964 1358">
     <span class='ocr_line' id='line_1_11' title="bbox 268 1288 1964 1358; baseline -0.001 -18"><span class='ocrx_word' id='word_1_68' title='bbox 268 1304 386 1341; x_wconf 90' lang='lat' dir='ltr'>esse</span> <span class='ocrx_word' id='word_1_69' title='bbox 423 1291 685 1358; x_wconf 80' lang='lat' dir='ltr'>Simplex,</span> <span class='ocrx_word' id='word_1_70' title='bbox 719 1288 873 1358; x_wconf 90' lang='lat' dir='ltr'>quod</span> <span class='ocrx_word' id='word_1_71' title='bbox 908 1303 1089 1340; x_wconf 90' lang='lat' dir='ltr'>unum</span> <span class='ocrx_word' id='word_1_72' title='bbox 1127 1288 1396 1357; x_wconf 85' lang='lat' dir='ltr'>quiddam</span> <span class='ocrx_word' id='word_1_73' title='bbox 1430 1288 1732 1358; x_wconf 88' lang='lat' dir='ltr'>signiﬁcet.</span> <span class='ocrx_word' id='word_1_74' title='bbox 1769 1288 1964 1356; x_wconf 90' lang='lat' dir='ltr'>Itaque</span> 
     </span>
    </p>
   </div>
   <div class='ocr_carea' id='block_1_11' title="bbox 266 1358 1966 1429">
    <p class='ocr_par' dir='ltr' id='par_1_11' title="bbox 266 1358 1966 1429">
     <span class='ocr_line' id='line_1_12' title="bbox 266 1358 1966 1429; baseline -0.002 -17"><span class='ocrx_word' id='word_1_75' title='bbox 266 1358 374 1412; x_wconf 89' lang='lat' dir='ltr'>hoc</span> <span class='ocrx_word' id='word_1_76' title='bbox 403 1359 750 1412; x_wconf 89' lang='lat' dir='ltr'>includimus</span> <span class='ocrx_word' id='word_1_77' title='bbox 778 1359 881 1411; x_wconf 92' lang='lat' dir='ltr'>hac</span> <span class='ocrx_word' id='word_1_78' title='bbox 909 1358 1261 1421; x_wconf 87' lang='lat' dir='ltr'>deﬁnitione,</span> <span class='ocrx_word' id='word_1_79' title='bbox 1295 1358 1449 1429; x_wconf 88' lang='lat' dir='ltr'>quod</span> <span class='ocrx_word' id='word_1_80' title='bbox 1477 1375 1592 1411; x_wconf 89' lang='lat' dir='ltr'>non</span> <span class='ocrx_word' id='word_1_81' title='bbox 1617 1358 1966 1410; x_wconf 90' lang='lat' dir='ltr'>includimus</span> 
     </span>
    </p>
   </div>
   <div class='ocr_carea' id='block_1_12' title="bbox 267 1429 1962 1499">
    <p class='ocr_par' dir='ltr' id='par_1_12' title="bbox 267 1429 1962 1499">
     <span class='ocr_line' id='line_1_13' title="bbox 267 1429 1962 1499; baseline -0.002 -16"><span class='ocrx_word' id='word_1_82' title='bbox 267 1446 396 1483; x_wconf 91' lang='lat' dir='ltr'>cum</span> <span class='ocrx_word' id='word_1_83' title='bbox 427 1431 688 1497; x_wconf 88' lang='lat' dir='ltr'>dicimus,</span> <span class='ocrx_word' id='word_1_84' title='bbox 744 1431 969 1499; x_wconf 88' lang='lat' dir='ltr'>loquor.</span> <span class='ocrx_word' id='word_1_85' title='bbox 1013 1429 1278 1492; x_wconf 83' lang='lat' dir='ltr'>Quamvis</span> <span class='ocrx_word' id='word_1_86' title='bbox 1319 1429 1473 1482; x_wconf 90' lang='lat' dir='ltr'>enim</span> <span class='ocrx_word' id='word_1_87' title='bbox 1514 1444 1696 1481; x_wconf 89' lang='lat' dir='ltr'>unum</span> <span class='ocrx_word' id='word_1_88' title='bbox 1727 1429 1962 1481; x_wconf 87' lang='lat' dir='ltr'>verbum</span> 
     </span>
    </p>
   </div>
   <div class='ocr_carea' id='block_1_13' title="bbox 267 1499 1969 1570">
    <p class='ocr_par' dir='ltr' id='par_1_13' title="bbox 267 1499 1969 1570">
     <span class='ocr_line' id='line_1_14' title="bbox 267 1499 1969 1570; baseline -0.002 -16"><span class='ocrx_word' id='word_1_89' title='bbox 267 1501 362 1570; x_wconf 89' lang='lat' dir='ltr'>sit,</span> <span class='ocrx_word' id='word_1_90' title='bbox 388 1517 502 1554; x_wconf 90' lang='lat' dir='ltr'>non</span> <span class='ocrx_word' id='word_1_91' title='bbox 527 1502 697 1554; x_wconf 88' lang='lat' dir='ltr'>habet</span> <span class='ocrx_word' id='word_1_92' title='bbox 712 1505 905 1553; x_wconf 89' lang='lat' dir='ltr'>tamen</span> <span class='ocrx_word' id='word_1_93' title='bbox 927 1499 1245 1568; x_wconf 90' lang='lat' dir='ltr'>simplicem</span> <span class='ocrx_word' id='word_1_94' title='bbox 1269 1499 1769 1568; x_wconf 89' lang='lat' dir='ltr'>signiﬁcationem,</span> <span class='ocrx_word' id='word_1_95' title='bbox 1793 1499 1969 1568; x_wconf 88' lang='lat' dir='ltr'>siqui-</span> 
     </span>
    </p>
   </div>
   <div class='ocr_carea' id='block_1_14' title="bbox 268 1571 1964 1649">
    <p class='ocr_par' dir='ltr' id='par_1_14' title="bbox 268 1571 1964 1649">
     <span class='ocr_line' id='line_1_15' title="bbox 268 1571 1964 1649; baseline -0.002 -24"><span class='ocrx_word' id='word_1_96' title='bbox 268 1572 399 1649; x_wconf 80' lang='lat' dir='ltr'>dem</span> <span class='ocrx_word' id='word_1_97' title='bbox 442 1572 723 1649; x_wconf 78' lang='lat' dir='ltr'>signiﬁcat</span> <span class='ocrx_word' id='word_1_98' title='bbox 767 1571 1295 1649; x_wconf 41' lang='lat' dir='ltr'>etiam-personam</span> <span class='ocrx_word' id='word_1_99' title='bbox 1337 1587 1467 1649; x_wconf 59' lang='lat' dir='ltr'>quas</span> <span class='ocrx_word' id='word_1_100' title='bbox 1513 1572 1785 1649; x_wconf 86' lang='lat' dir='ltr'>loquitur.</span> <span class='ocrx_word' id='word_1_101' title='bbox 1831 1571 1964 1649; x_wconf 79' lang='lat' dir='ltr'>Ideo</span> 
     </span>
    </p>
   </div>
   <div class='ocr_carea' id='block_1_15' title="bbox 261 1641 1966 1713">
    <p class='ocr_par' dir='ltr' id='par_1_15' title="bbox 261 1641 1966 1713">
     <span class='ocr_line' id='line_1_16' title="bbox 261 1641 1966 1713; baseline -0.002 -17"><span class='ocrx_word' id='word_1_102' title='bbox 261 1643 380 1713; x_wconf 90' lang='lat' dir='ltr'>jam</span> <span class='ocrx_word' id='word_1_103' title='bbox 410 1641 722 1696; x_wconf 82' lang='lat' dir='ltr'>obnoxium</span> <span class='ocrx_word' id='word_1_104' title='bbox 744 1647 828 1695; x_wconf 90' lang='lat' dir='ltr'>est</span> <span class='ocrx_word' id='word_1_105' title='bbox 849 1641 1070 1694; x_wconf 80' lang='lat' dir='ltr'>veritati</span> <span class='ocrx_word' id='word_1_106' title='bbox 1099 1646 1197 1713; x_wconf 89' lang='lat' dir='ltr'>aut</span> <span class='ocrx_word' id='word_1_107' title='bbox 1225 1641 1487 1705; x_wconf 86' lang='lat' dir='ltr'>falsitati;</span> <span class='ocrx_word' id='word_1_108' title='bbox 1523 1658 1658 1694; x_wconf 90' lang='lat' dir='ltr'>nam</span> <span class='ocrx_word' id='word_1_109' title='bbox 1683 1646 1739 1694; x_wconf 91' lang='lat' dir='ltr'>et</span> <span class='ocrx_word' id='word_1_110' title='bbox 1768 1641 1966 1713; x_wconf 79' lang='lat' dir='ltr'>negari</span> 
     </span>
    </p>
   </div>
   <div class='ocr_carea' id='block_1_16' title="bbox 267 1711 1968 1783">
    <p class='ocr_par' dir='ltr' id='par_1_16' title="bbox 267 1711 1968 1783">
     <span class='ocr_line' id='line_1_17' title="bbox 267 1711 1968 1783; baseline -0.002 -16"><span class='ocrx_word' id='word_1_111' title='bbox 267 1711 322 1768; x_wconf 81' lang='lat' dir='ltr'>et</span> <span class='ocrx_word' id='word_1_112' title='bbox 351 1713 626 1768; x_wconf 85' lang='lat' dir='ltr'>afﬁrmari</span> <span class='ocrx_word' id='word_1_113' title='bbox 668 1716 870 1783; x_wconf 87' lang='lat' dir='ltr'>potest.</span> <span class='ocrx_word' id='word_1_114' title='bbox 917 1713 1114 1767; x_wconf 90' lang='lat' dir='ltr'>Omnis</span> <span class='ocrx_word' id='word_1_115' title='bbox 1147 1712 1339 1782; x_wconf 89' lang='lat' dir='ltr'>itaque</span> <span class='ocrx_word' id='word_1_116' title='bbox 1386 1714 1584 1783; x_wconf 8' lang='lat' dir='ltr'>prima;</span> <span class='ocrx_word' id='word_1_117' title='bbox 1621 1718 1678 1764; x_wconf 91' lang='lat' dir='ltr'>et</span> <span class='ocrx_word' id='word_1_118' title='bbox 1719 1711 1968 1764; x_wconf 88' lang='lat' dir='ltr'>secunda</span> 
     </span>
    </p>
   </div>
   <div class='ocr_carea' id='block_1_17' title="bbox 265 1781 1966 1865">
    <p class='ocr_par' dir='ltr' id='par_1_17' title="bbox 265 1781 1966 1865">
     <span class='ocr_line' id='line_1_18' title="bbox 265 1781 1966 1865; baseline -0.002 -27"><span class='ocrx_word' id='word_1_119' title='bbox 265 1801 509 1865; x_wconf 82' lang='lat' dir='ltr'>persona</span> <span class='ocrx_word' id='word_1_120' title='bbox 545 1781 702 1837; x_wconf 80' lang='lat' dir='ltr'>verbi</span> <span class='ocrx_word' id='word_1_121' title='bbox 734 1784 993 1865; x_wconf 77' lang='lat' dir='ltr'>quamvis</span> <span class='ocrx_word' id='word_1_122' title='bbox 1025 1783 1361 1865; x_wconf 68' lang='lat' dir='ltr'>singillatim</span> <span class='ocrx_word' id='word_1_123' title='bbox 1389 1781 1744 1862; x_wconf 77' lang='lat' dir='ltr'>enuntietur,</span> <span class='ocrx_word' id='word_1_124' title='bbox 1771 1788 1966 1865; x_wconf 74' lang='lat' dir='ltr'>tamen</span> 
     </span>
    </p>
   </div>
   <div class='ocr_carea' id='block_1_18' title="bbox 268 1852 1968 1924">
    <p class='ocr_par' dir='ltr' id='par_1_18' title="bbox 268 1852 1968 1924">
     <span class='ocr_line' id='line_1_19' title="bbox 268 1852 1968 1924; baseline -0.003 -14"><span class='ocrx_word' id='word_1_125' title='bbox 268 1852 418 1910; x_wconf 85' lang='lat' dir='ltr'>inter</span> <span class='ocrx_word' id='word_1_126' title='bbox 464 1852 769 1924; x_wconf 79' lang='lat' dir='ltr'>conjuncta</span> <span class='ocrx_word' id='word_1_127' title='bbox 813 1854 982 1906; x_wconf 88' lang='lat' dir='ltr'>verba</span> <span class='ocrx_word' id='word_1_128' title='bbox 1021 1852 1437 1919; x_wconf 87' lang='lat' dir='ltr'>numerabitur,</span> <span class='ocrx_word' id='word_1_129' title='bbox 1481 1869 1608 1920; x_wconf 62' lang='lat' dir='ltr'>quas</span> <span class='ocrx_word' id='word_1_130' title='bbox 1647 1852 1968 1924; x_wconf 85' lang='lat' dir='ltr'>simplicem</span> 
     </span>
    </p>
   </div>
   <div class='ocr_carea' id='block_1_19' title="bbox 267 1923 1964 1994">
    <p class='ocr_par' dir='ltr' id='par_1_19' title="bbox 267 1923 1964 1994">
     <span class='ocr_line' id='line_1_20' title="bbox 267 1923 1964 1994; baseline -0.004 -13"><span class='ocrx_word' id='word_1_131' title='bbox 267 1943 385 1981; x_wconf 90' lang='lat' dir='ltr'>non</span> <span class='ocrx_word' id='word_1_132' title='bbox 414 1923 629 1980; x_wconf 82' lang='lat' dir='ltr'>habent</span> <span class='ocrx_word' id='word_1_133' title='bbox 653 1925 1150 1994; x_wconf 85' lang='lat' dir='ltr'>signiﬁcationem.</span> <span class='ocrx_word' id='word_1_134' title='bbox 1186 1924 1480 1994; x_wconf 87' lang='lat' dir='ltr'>Siquidem</span> <span class='ocrx_word' id='word_1_135' title='bbox 1511 1923 1770 1993; x_wconf 86' lang='lat' dir='ltr'>quisquis</span> <span class='ocrx_word' id='word_1_136' title='bbox 1794 1923 1964 1989; x_wconf 89' lang='lat' dir='ltr'>dicat,</span> 
     </span>
    </p>
   </div>
   <div class='ocr_carea' id='block_1_20' title="bbox 271 1994 1969 2064">
    <p class='ocr_par' dir='ltr' id='par_1_20' title="bbox 271 1994 1969 2064">
     <span class='ocr_line' id='line_1_21' title="bbox 271 1994 1969 2064; baseline -0.004 -12"><span class='ocrx_word' id='word_1_137' title='bbox 271 1999 537 2064; x_wconf 86' lang='lat' dir='ltr'>ambulo;</span> <span class='ocrx_word' id='word_1_138' title='bbox 575 2002 626 2050; x_wconf 88' lang='lat' dir='ltr'>et</span> <span class='ocrx_word' id='word_1_139' title='bbox 661 1997 1112 2050; x_wconf 87' lang='lat' dir='ltr'>ambulationem</span> <span class='ocrx_word' id='word_1_140' title='bbox 1156 1994 1291 2048; x_wconf 88' lang='lat' dir='ltr'>facit</span> <span class='ocrx_word' id='word_1_141' title='bbox 1327 1994 1592 2064; x_wconf 83' lang='lat' dir='ltr'>intelligi,</span> <span class='ocrx_word' id='word_1_142' title='bbox 1626 2000 1681 2047; x_wconf 91' lang='lat' dir='ltr'>et</span> <span class='ocrx_word' id='word_1_143' title='bbox 1716 1995 1969 2063; x_wconf 89' lang='lat' dir='ltr'>seipsum</span> 
     </span>
    </p>
   </div>
   <div class='ocr_carea' id='block_1_21' title="bbox 270 2065 1968 2140">
    <p class='ocr_par' dir='ltr' id='par_1_21' title="bbox 270 2065 1968 2140">
     <span class='ocr_line' id='line_1_22' title="bbox 270 2065 1968 2140; baseline -0.002 -18"><span class='ocrx_word' id='word_1_144' title='bbox 270 2069 372 2140; x_wconf 90' lang='lat' dir='ltr'>qui</span> <span class='ocrx_word' id='word_1_145' title='bbox 402 2068 674 2140; x_wconf 84' lang='lat' dir='ltr'>ambulat.</span> <span class='ocrx_word' id='word_1_146' title='bbox 712 2069 775 2121; x_wconf 88' lang='lat' dir='ltr'>Et</span> <span class='ocrx_word' id='word_1_147' title='bbox 803 2066 1062 2140; x_wconf 82' lang='lat' dir='ltr'>quisquis</span> <span class='ocrx_word' id='word_1_148' title='bbox 1091 2065 1247 2140; x_wconf 82' lang='lat' dir='ltr'>dicit,</span> <span class='ocrx_word' id='word_1_149' title='bbox 1281 2065 1538 2140; x_wconf 79' lang='lat' dir='ltr'>ambulas</span> <span class='ocrx_word' id='word_1_150' title='bbox 1568 2082 1581 2132; x_wconf 90' lang='lat'><strong>;</strong></span> <span class='ocrx_word' id='word_1_151' title='bbox 1617 2065 1884 2140; x_wconf 87' lang='lat' dir='ltr'>similiter</span> <span class='ocrx_word' id='word_1_152' title='bbox 1911 2069 1968 2140; x_wconf 79' lang='lat' dir='ltr'>et</span> 
     </span>
    </p>
   </div>
   <div class='ocr_carea' id='block_1_22' title="bbox 269 2135 1970 2210">
    <p class='ocr_par' dir='ltr' id='par_1_22' title="bbox 269 2135 1970 2210">
     <span class='ocr_line' id='line_1_23' title="bbox 269 2135 1970 2210; baseline -0.004 -16"><span class='ocrx_word' id='word_1_153' title='bbox 269 2135 392 2194; x_wconf 54' lang='lat' dir='ltr'>r&#39;em</span> <span class='ocrx_word' id='word_1_154' title='bbox 422 2156 549 2210; x_wconf 75' lang='lat' dir='ltr'>quae</span> <span class='ocrx_word' id='word_1_155' title='bbox 579 2139 661 2210; x_wconf 89' lang='lat' dir='ltr'>ﬁt,</span> <span class='ocrx_word' id='word_1_156' title='bbox 698 2143 753 2192; x_wconf 89' lang='lat' dir='ltr'>et</span> <span class='ocrx_word' id='word_1_157' title='bbox 788 2135 920 2210; x_wconf 78' lang='lat' dir='ltr'>eum</span> <span class='ocrx_word' id='word_1_158' title='bbox 953 2135 1052 2210; x_wconf 82' lang='lat' dir='ltr'>qui</span> <span class='ocrx_word' id='word_1_159' title='bbox 1082 2136 1233 2210; x_wconf 67' lang='lat' dir='ltr'>facit,</span> <span class='ocrx_word' id='word_1_160' title='bbox 1269 2137 1579 2210; x_wconf 86' lang='lat' dir='ltr'>signiﬁcat_</span> <span class='ocrx_word' id='word_1_161' title='bbox 1605 2139 1680 2210; x_wconf 82' lang='lat' dir='ltr'>At</span> <span class='ocrx_word' id='word_1_162' title='bbox 1700 2152 1838 2210; x_wconf 68' lang='lat' dir='ltr'>vero</span> <span class='ocrx_word' id='word_1_163' title='bbox 1871 2135 1970 2206; x_wconf 86' lang='lat' dir='ltr'>qui</span> 
     </span>
    </p>
   </div>
   <div class='ocr_carea' id='block_1_23' title="bbox 269 2206 1967 2277">
    <p class='ocr_par' dir='ltr' id='par_1_23' title="bbox 269 2206 1967 2277">
     <span class='ocr_line' id='line_1_24' title="bbox 269 2206 1967 2277; baseline -0.004 -12"><span class='ocrx_word' id='word_1_164' title='bbox 269 2206 710 2272; x_wconf 54' lang='lat' dir='ltr'>dicit—ambulat</span> <span class='ocrx_word' id='word_1_165' title='bbox 735 2230 745 2272; x_wconf 88' lang='lat'><strong>;</strong></span> <span class='ocrx_word' id='word_1_166' title='bbox 780 2208 923 2261; x_wconf 86' lang='lat' dir='ltr'>nihil</span> <span class='ocrx_word' id='word_1_167' title='bbox 948 2207 1103 2261; x_wconf 89' lang='lat' dir='ltr'>aliud</span> <span class='ocrx_word' id='word_1_168' title='bbox 1131 2221 1303 2277; x_wconf 87' lang='lat' dir='ltr'>quam</span> <span class='ocrx_word' id='word_1_169' title='bbox 1327 2211 1510 2277; x_wconf 85' lang='lat' dir='ltr'>ipsam</span> <span class='ocrx_word' id='word_1_170' title='bbox 1539 2206 1821 2277; x_wconf 89' lang='lat' dir='ltr'>signiﬁcat</span> <span class='ocrx_word' id='word_1_171' title='bbox 1845 2222 1967 2259; x_wconf 90' lang='lat' dir='ltr'>am-</span> 
     </span>
    </p>
   </div>
   <div class='ocr_carea' id='block_1_24' title="bbox 269 2277 1971 2358">
    <p class='ocr_par' dir='ltr' id='par_1_24' title="bbox 269 2277 1971 2358">
     <span class='ocr_line' id='line_1_25' title="bbox 269 2277 1971 2358; baseline -0.003 -23"><span class='ocrx_word' id='word_1_172' title='bbox 269 2281 643 2336; x_wconf 89' lang='lat' dir='ltr'>bulationem.</span> <span class='ocrx_word' id='word_1_173' title='bbox 678 2279 1062 2358; x_wconf 80' lang='lat' dir='ltr'>Quamobrem</span> <span class='ocrx_word' id='word_1_174' title='bbox 1093 2277 1258 2332; x_wconf 89' lang='lat' dir='ltr'>tertia</span> <span class='ocrx_word' id='word_1_175' title='bbox 1288 2295 1532 2358; x_wconf 81' lang='lat' dir='ltr'>persona</span> <span class='ocrx_word' id='word_1_176' title='bbox 1558 2277 1715 2331; x_wconf 88' lang='lat' dir='ltr'>verbi</span> <span class='ocrx_word' id='word_1_177' title='bbox 1735 2293 1971 2358; x_wconf 72' lang='lat' dir='ltr'>semper</span> 
     </span>
    </p>
   </div>
   <div class='ocr_carea' id='block_1_25' title="bbox 270 2349 1969 2420">
    <p class='ocr_par' dir='ltr' id='par_1_25' title="bbox 270 2349 1969 2420">
     <span class='ocr_line' id='line_1_26' title="bbox 270 2349 1969 2420; baseline -0.004 -14"><span class='ocrx_word' id='word_1_178' title='bbox 270 2353 423 2406; x_wconf 89' lang='lat' dir='ltr'>inter</span> <span class='ocrx_word' id='word_1_179' title='bbox 450 2351 730 2420; x_wconf 89' lang='lat' dir='ltr'>simplicia</span> <span class='ocrx_word' id='word_1_180' title='bbox 755 2351 1182 2404; x_wconf 86' lang='lat' dir='ltr'>numerabitur:</span> <span class='ocrx_word' id='word_1_181' title='bbox 1209 2354 1265 2402; x_wconf 89' lang='lat' dir='ltr'>et</span> <span class='ocrx_word' id='word_1_182' title='bbox 1286 2351 1545 2402; x_wconf 90' lang='lat' dir='ltr'>nondum</span> <span class='ocrx_word' id='word_1_183' title='bbox 1569 2356 1666 2401; x_wconf 91' lang='lat' dir='ltr'>aut</span> <span class='ocrx_word' id='word_1_184' title='bbox 1695 2349 1969 2402; x_wconf 82' lang='lat' dir='ltr'>afﬁrmari</span> 
     </span>
    </p>
   </div>
   <div class='ocr_carea' id='block_1_26' title="bbox 272 2420 1970 2493">
    <p class='ocr_par' dir='ltr' id='par_1_26' title="bbox 272 2420 1970 2493">
     <span class='ocr_line' id='line_1_27' title="bbox 272 2420 1970 2493; baseline -0.002 -17"><span class='ocrx_word' id='word_1_185' title='bbox 272 2429 372 2477; x_wconf 88' lang='lat' dir='ltr'>aut</span> <span class='ocrx_word' id='word_1_186' title='bbox 400 2423 597 2493; x_wconf 88' lang='lat' dir='ltr'>negari</span> <span class='ocrx_word' id='word_1_187' title='bbox 629 2427 836 2492; x_wconf 85' lang='lat' dir='ltr'>potest,</span> <span class='ocrx_word' id='word_1_188' title='bbox 870 2422 978 2474; x_wconf 85' lang='lat' dir='ltr'>nisi</span> <span class='ocrx_word' id='word_1_189' title='bbox 1008 2421 1144 2493; x_wconf 84' lang='lat' dir='ltr'>talia</span> <span class='ocrx_word' id='word_1_190' title='bbox 1171 2420 1505 2493; x_wconf 22' lang='lat' dir='ltr'>verbaxsint,</span> <span class='ocrx_word' id='word_1_191' title='bbox 1543 2420 1752 2493; x_wconf 85' lang='lat' dir='ltr'>quibus</span> <span class='ocrx_word' id='word_1_192' title='bbox 1782 2436 1970 2493; x_wconf 87' lang='lat' dir='ltr'>neces-</span> 
     </span>
    </p>
   </div>
   <div class='ocr_carea' id='block_1_27' title="bbox 272 2491 1967 2562">
    <p class='ocr_par' dir='ltr' id='par_1_27' title="bbox 272 2491 1967 2562">
     <span class='ocr_line' id='line_1_28' title="bbox 272 2491 1967 2562; baseline -0.002 -15"><span class='ocrx_word' id='word_1_193' title='bbox 272 2494 422 2547; x_wconf 88' lang='lat' dir='ltr'>sario</span> <span class='ocrx_word' id='word_1_194' title='bbox 452 2491 698 2546; x_wconf 79' lang='lat' dir='ltr'>cohaeret</span> <span class='ocrx_word' id='word_1_195' title='bbox 726 2509 986 2562; x_wconf 71' lang='lat' dir='ltr'>personas</span> <span class='ocrx_word' id='word_1_196' title='bbox 1035 2491 1373 2560; x_wconf 81' lang='lat' dir='ltr'>signiﬁcatio</span> <span class='ocrx_word' id='word_1_197' title='bbox 1420 2491 1833 2562; x_wconf 88' lang='lat' dir='ltr'>consuetudine</span> <span class='ocrx_word' id='word_1_198' title='bbox 1882 2491 1967 2544; x_wconf 91' lang='lat' dir='ltr'>lo-</span> 
     </span>
    </p>
   </div>
   <div class='ocr_carea' id='block_1_28' title="bbox 273 2561 1970 2634">
    <p class='ocr_par' dir='ltr' id='par_1_28' title="bbox 273 2561 1970 2634">
     <span class='ocr_line' id='line_1_29' title="bbox 273 2561 1970 2634; baseline -0.002 -17"><span class='ocrx_word' id='word_1_199' title='bbox 273 2565 505 2634; x_wconf 90' lang='lat' dir='ltr'>quendi,</span> <span class='ocrx_word' id='word_1_200' title='bbox 534 2570 596 2617; x_wconf 90' lang='lat' dir='ltr'>ut</span> <span class='ocrx_word' id='word_1_201' title='bbox 623 2561 749 2616; x_wconf 86' lang='lat' dir='ltr'>cum</span> <span class='ocrx_word' id='word_1_202' title='bbox 773 2563 1036 2630; x_wconf 87' lang='lat' dir='ltr'>dicimus,</span> <span class='ocrx_word' id='word_1_203' title='bbox 1063 2563 1209 2631; x_wconf 89' lang='lat' dir='ltr'>pluit</span> <span class='ocrx_word' id='word_1_204' title='bbox 1233 2568 1333 2615; x_wconf 90' lang='lat' dir='ltr'>aut</span> <span class='ocrx_word' id='word_1_205' title='bbox 1356 2561 1565 2634; x_wconf 87' lang='lat' dir='ltr'>ningit,</span> <span class='ocrx_word' id='word_1_206' title='bbox 1596 2561 1970 2634; x_wconf 88' lang='lat' dir='ltr'>etiamsinon</span> 
     </span>
    </p>
   </div>
   <div class='ocr_carea' id='block_1_29' title="bbox 272 2633 1966 2705">
    <p class='ocr_par' dir='ltr' id='par_1_29' title="bbox 272 2633 1966 2705">
     <span class='ocr_line' id='line_1_30' title="bbox 272 2633 1966 2705; baseline -0.002 -16"><span class='ocrx_word' id='word_1_207' title='bbox 272 2633 515 2689; x_wconf 75' lang='lat' dir='ltr'>addatur</span> <span class='ocrx_word' id='word_1_208' title='bbox 535 2635 661 2705; x_wconf 87' lang='lat' dir='ltr'>quis</span> <span class='ocrx_word' id='word_1_209' title='bbox 690 2634 1205 2705; x_wconf 81' lang='lat' dir='ltr'>pluatautningat,</span> <span class='ocrx_word' id='word_1_210' title='bbox 1231 2640 1422 2705; x_wconf 88' lang='lat' dir='ltr'>tamen</span> <span class='ocrx_word' id='word_1_211' title='bbox 1446 2633 1580 2703; x_wconf 87' lang='lat' dir='ltr'>quia</span> <span class='ocrx_word' id='word_1_212' title='bbox 1601 2633 1966 2703; x_wconf 82' lang='lat' dir='ltr'>intelligitur,</span> 
     </span>
    </p>
   </div>
   <div class='ocr_carea' id='block_1_30' title="bbox 274 2703 1445 2776">
    <p class='ocr_par' dir='ltr' id='par_1_30' title="bbox 274 2703 1445 2776">
     <span class='ocr_line' id='line_1_31' title="bbox 274 2703 1445 2776; baseline -0.004 -16"><span class='ocrx_word' id='word_1_213' title='bbox 274 2721 392 2760; x_wconf 88' lang='lat' dir='ltr'>non</span> <span class='ocrx_word' id='word_1_214' title='bbox 421 2703 608 2776; x_wconf 78' lang='lat' dir='ltr'>potest</span> <span class='ocrx_word' id='word_1_215' title='bbox 636 2703 785 2758; x_wconf 81' lang='lat' dir='ltr'>inter</span> <span class='ocrx_word' id='word_1_216' title='bbox 815 2703 1098 2774; x_wconf 89' lang='lat' dir='ltr'>simplicia</span> <span class='ocrx_word' id='word_1_217' title='bbox 1127 2704 1445 2776; x_wconf 85' lang='lat' dir='ltr'>numerari.</span> 
     </span>
    </p>
   </div>
   <div class='ocr_carea' id='block_1_31' title="bbox 639 2775 1611 2842">
    <p class='ocr_par' dir='ltr' id='par_1_31' title="bbox 639 2775 1611 2842">
     <span class='ocr_line' id='line_1_32' title="bbox 639 2775 1611 2842; baseline -0.004 -11"><span class='ocrx_word' id='word_1_218' title='bbox 639 2776 861 2831; x_wconf 86' lang='lat' dir='ltr'>CAPUT</span> <span class='ocrx_word' id='word_1_219' title='bbox 894 2775 964 2828; x_wconf 93' lang='lat' dir='ltr'>lI.</span> <span class='ocrx_word' id='word_1_220' title='bbox 997 2804 1064 2813; x_wconf 93' lang='lat'>-—</span> <span class='ocrx_word' id='word_1_221' title='bbox 1102 2775 1278 2829; x_wconf 84' lang='lat' dir='ltr'>Verba</span> <span class='ocrx_word' id='word_1_222' title='bbox 1307 2775 1611 2842; x_wconf 80' lang='lat' dir='ltr'>conjuncta.</span> 
     </span>
    </p>
   </div>
   <div class='ocr_carea' id='block_1_32' title="bbox 346 2845 1970 2917">
    <p class='ocr_par' dir='ltr' id='par_1_32' title="bbox 346 2845 1970 2917">
     <span class='ocr_line' id='line_1_33' title="bbox 346 2845 1970 2917; baseline -0.003 -16"><span class='ocrx_word' id='word_1_223' title='bbox 346 2848 659 2917; x_wconf 86' lang='lat' dir='ltr'>Conjuncta</span> <span class='ocrx_word' id='word_1_224' title='bbox 689 2847 860 2898; x_wconf 90' lang='lat' dir='ltr'>verba</span> <span class='ocrx_word' id='word_1_225' title='bbox 889 2850 1044 2917; x_wconf 89' lang='lat' dir='ltr'>sunt,</span> <span class='ocrx_word' id='word_1_226' title='bbox 1077 2861 1206 2917; x_wconf 72' lang='lat' dir='ltr'>quae</span> <span class='ocrx_word' id='word_1_227' title='bbox 1237 2845 1344 2896; x_wconf 87' lang='lat' dir='ltr'>sibi</span> <span class='ocrx_word' id='word_1_228' title='bbox 1369 2861 1627 2917; x_wconf 81' lang='lat' dir='ltr'>connexa</span> <span class='ocrx_word' id='word_1_229' title='bbox 1657 2859 1746 2896; x_wconf 92' lang='lat' dir='ltr'>res</span> <span class='ocrx_word' id='word_1_230' title='bbox 1776 2845 1970 2917; x_wconf 82' lang='lat' dir='ltr'>plures</span> 
     </span>
    </p>
   </div>
   <div class='ocr_carea' id='block_1_33' title="bbox 274 2915 1969 2988">
    <p class='ocr_par' dir='ltr' id='par_1_33' title="bbox 274 2915 1969 2988">
     <span class='ocr_line' id='line_1_34' title="bbox 274 2915 1969 2988; baseline -0.003 -16"><span class='ocrx_word' id='word_1_231' title='bbox 274 2915 615 2988; x_wconf 76' lang='lat' dir='ltr'>significant,</span> <span class='ocrx_word' id='word_1_232' title='bbox 644 2922 706 2971; x_wconf 91' lang='lat' dir='ltr'>ut</span> <span class='ocrx_word' id='word_1_233' title='bbox 735 2932 865 2969; x_wconf 91' lang='lat' dir='ltr'>cum</span> <span class='ocrx_word' id='word_1_234' title='bbox 894 2916 1154 2988; x_wconf 82' lang='lat' dir='ltr'>dicimus,</span> <span class='ocrx_word' id='word_1_235' title='bbox 1179 2916 1351 2988; x_wconf 87' lang='lat' dir='ltr'>homo</span> <span class='ocrx_word' id='word_1_236' title='bbox 1374 2915 1650 2988; x_wconf 79' lang='lat' dir='ltr'>ambulat,</span> <span class='ocrx_word' id='word_1_237' title='bbox 1673 2919 1772 2988; x_wconf 88' lang='lat' dir='ltr'>aut</span> <span class='ocrx_word' id='word_1_238' title='bbox 1795 2915 1969 2988; x_wconf 82' lang='lat' dir='ltr'>homo</span> 
     </span>
    </p>
   </div>
   <div class='ocr_carea' id='block_1_34' title="bbox 273 2985 1970 3056">
    <p class='ocr_par' dir='ltr' id='par_1_34' title="bbox 273 2985 1970 3056">
     <span class='ocr_line' id='line_1_35' title="bbox 273 2985 1970 3056; baseline -0.002 -13"><span class='ocrx_word' id='word_1_239' title='bbox 273 2985 548 3043; x_wconf 77' lang='lat' dir='ltr'>festinans</span> <span class='ocrx_word' id='word_1_240' title='bbox 597 2989 656 3041; x_wconf 89' lang='lat' dir='ltr'>in</span> <span class='ocrx_word' id='word_1_241' title='bbox 713 2992 969 3040; x_wconf 85' lang='lat' dir='ltr'>montem</span> <span class='ocrx_word' id='word_1_242' title='bbox 1011 2987 1284 3050; x_wconf 88' lang='lat' dir='ltr'>ambulat,</span> <span class='ocrx_word' id='word_1_243' title='bbox 1332 2991 1388 3039; x_wconf 90' lang='lat' dir='ltr'>et</span> <span class='ocrx_word' id='word_1_244' title='bbox 1429 2987 1475 3038; x_wconf 91' lang='lat' dir='ltr'>si</span> <span class='ocrx_word' id='word_1_245' title='bbox 1517 2986 1656 3056; x_wconf 88' lang='lat' dir='ltr'>quid</span> <span class='ocrx_word' id='word_1_246' title='bbox 1689 2987 1820 3039; x_wconf 87' lang='lat' dir='ltr'>tale.</span> <span class='ocrx_word' id='word_1_247' title='bbox 1864 2985 1970 3040; x_wconf 89' lang='lat' dir='ltr'>Sed</span> 
     </span>
    </p>
   </div>
   <div class='ocr_carea' id='block_1_35' title="bbox 275 3056 1970 3130">
    <p class='ocr_par' dir='ltr' id='par_1_35' title="bbox 275 3056 1970 3130">
     <span class='ocr_line' id='line_1_36' title="bbox 275 3056 1970 3130; baseline -0.002 -16"><span class='ocrx_word' id='word_1_248' title='bbox 275 3061 708 3130; x_wconf 89' lang='lat' dir='ltr'>conjunctorum</span> <span class='ocrx_word' id='word_1_249' title='bbox 746 3058 1053 3112; x_wconf 85' lang='lat' dir='ltr'>verborum</span> <span class='ocrx_word' id='word_1_250' title='bbox 1103 3057 1226 3130; x_wconf 10' lang='lat' dir='ltr'>alia?</span> <span class='ocrx_word' id='word_1_251' title='bbox 1254 3062 1405 3122; x_wconf 91' lang='lat' dir='ltr'>sunt,</span> <span class='ocrx_word' id='word_1_252' title='bbox 1453 3056 1970 3130; x_wconf 60' lang='lat' dir='ltr'>quae__sententiam</span> 
     </span>
    </p>
   </div>
   <div class='ocr_carea' id='block_1_36' title="bbox 275 3128 1970 3201">
    <p class='ocr_par' dir='ltr' id='par_1_36' title="bbox 275 3128 1970 3201">
     <span class='ocr_line' id='line_1_37' title="bbox 275 3128 1970 3201; baseline -0.003 -16"><span class='ocrx_word' id='word_1_253' title='bbox 275 3128 787 3201; x_wconf 82' lang='lat' dir='ltr'>comprehendunt,</span> <span class='ocrx_word' id='word_1_254' title='bbox 829 3135 891 3182; x_wconf 91' lang='lat' dir='ltr'>ut</span> <span class='ocrx_word' id='word_1_255' title='bbox 920 3146 986 3182; x_wconf 90' lang='lat' dir='ltr'>ea</span> <span class='ocrx_word' id='word_1_256' title='bbox 1016 3144 1144 3199; x_wconf 64' lang='lat' dir='ltr'>qua:</span> <span class='ocrx_word' id='word_1_257' title='bbox 1175 3128 1520 3201; x_wconf 81' lang='lat' dir='ltr'>dictasunt;</span> <span class='ocrx_word' id='word_1_258' title='bbox 1555 3128 1663 3181; x_wconf 91' lang='lat' dir='ltr'>alia</span> <span class='ocrx_word' id='word_1_259' title='bbox 1695 3144 1823 3198; x_wconf 72' lang='lat' dir='ltr'>quae</span> <span class='ocrx_word' id='word_1_260' title='bbox 1853 3145 1970 3201; x_wconf 85' lang='lat' dir='ltr'>non</span> 
     </span>
    </p>
   </div>
   <div class='ocr_carea' id='block_1_37' title="bbox 275 3198 1972 3273">
    <p class='ocr_par' dir='ltr' id='par_1_37' title="bbox 275 3198 1972 3273">
     <span class='ocr_line' id='line_1_38' title="bbox 275 3198 1972 3273; baseline -0.003 -17"><span class='ocrx_word' id='word_1_261' title='bbox 275 3198 786 3273; x_wconf 80' lang='lat' dir='ltr'>comprehendunt,</span> <span class='ocrx_word' id='word_1_262' title='bbox 812 3201 906 3273; x_wconf 85' lang='lat' dir='ltr'>sed</span> <span class='ocrx_word' id='word_1_263' title='bbox 930 3198 1490 3273; x_wconf 81' lang='lat' dir='ltr'>exspectantaliquid</span> <span class='ocrx_word' id='word_1_264' title='bbox 1511 3215 1523 3265; x_wconf 90' lang='lat'><strong>;</strong></span> <span class='ocrx_word' id='word_1_265' title='bbox 1541 3206 1612 3273; x_wconf 86' lang='lat' dir='ltr'>ut</span> <span class='ocrx_word' id='word_1_266' title='bbox 1634 3201 1831 3273; x_wconf 83' lang='lat' dir='ltr'>eadem</span> <span class='ocrx_word' id='word_1_267' title='bbox 1850 3199 1972 3268; x_wconf 89' lang='lat' dir='ltr'>ipsa</span> 
     </span>
    </p>
   </div>
   <div class='ocr_carea' id='block_1_38' title="bbox 276 3271 1968 3344">
    <p class='ocr_par' dir='ltr' id='par_1_38' title="bbox 276 3271 1968 3344">
     <span class='ocr_line' id='line_1_39' title="bbox 276 3271 1968 3344; baseline -0.002 -18"><span class='ocrx_word' id='word_1_268' title='bbox 276 3271 700 3344; x_wconf 27' lang='lat' dir='ltr'>quze‘diximus,</span> <span class='ocrx_word' id='word_1_269' title='bbox 729 3273 776 3324; x_wconf 90' lang='lat' dir='ltr'>si</span> <span class='ocrx_word' id='word_1_270' title='bbox 805 3271 1106 3344; x_wconf 82' lang='lat' dir='ltr'>subtrahas</span> <span class='ocrx_word' id='word_1_271' title='bbox 1136 3271 1373 3344; x_wconf 78' lang='lat' dir='ltr'>verbum</span> <span class='ocrx_word' id='word_1_272' title='bbox 1402 3271 1553 3344; x_wconf 88' lang='lat' dir='ltr'>quod</span> <span class='ocrx_word' id='word_1_273' title='bbox 1589 3271 1834 3344; x_wconf 89' lang='lat' dir='ltr'>positum</span> <span class='ocrx_word' id='word_1_274' title='bbox 1866 3275 1968 3336; x_wconf 91' lang='lat' dir='ltr'>est,</span> 
     </span>
    </p>
   </div>
   <div class='ocr_carea' id='block_1_39' title="bbox 275 3341 1971 3414">
    <p class='ocr_par' dir='ltr' id='par_1_39' title="bbox 275 3341 1971 3414">
     <span class='ocr_line' id='line_1_40' title="bbox 275 3341 1971 3414; baseline -0.002 -16"><span class='ocrx_word' id='word_1_275' title='bbox 275 3341 564 3398; x_wconf 74' lang='lat' dir='ltr'>ambulat:</span> <span class='ocrx_word' id='word_1_276' title='bbox 600 3343 858 3414; x_wconf 89' lang='lat' dir='ltr'>quamvis</span> <span class='ocrx_word' id='word_1_277' title='bbox 898 3342 1052 3394; x_wconf 89' lang='lat' dir='ltr'>enim</span> <span class='ocrx_word' id='word_1_278' title='bbox 1092 3342 1593 3414; x_wconf 15' lang='lat' dir='ltr'>verbaiconjuncta</span> <span class='ocrx_word' id='word_1_279' title='bbox 1623 3341 1777 3414; x_wconf 77' lang='lat' dir='ltr'>sint,</span> <span class='ocrx_word' id='word_1_280' title='bbox 1800 3343 1971 3414; x_wconf 85' lang='lat' dir='ltr'>homo</span> 
     </span>
    </p>
   </div>
   <div class='ocr_carea' id='block_1_40' title="bbox 273 3412 1972 3482">
    <p class='ocr_par' dir='ltr' id='par_1_40' title="bbox 273 3412 1972 3482">
     <span class='ocr_line' id='line_1_41' title="bbox 273 3412 1972 3482; baseline -0.002 -13"><span class='ocrx_word' id='word_1_281' title='bbox 273 3416 549 3470; x_wconf 78' lang='lat' dir='ltr'>festinans</span> <span class='ocrx_word' id='word_1_282' title='bbox 570 3412 635 3467; x_wconf 76' lang='lat' dir='ltr'>in</span> <span class='ocrx_word' id='word_1_283' title='bbox 659 3419 946 3477; x_wconf 89' lang='lat' dir='ltr'>montem;</span> <span class='ocrx_word' id='word_1_284' title='bbox 977 3419 1170 3466; x_wconf 91' lang='lat' dir='ltr'>tamen</span> <span class='ocrx_word' id='word_1_285' title='bbox 1199 3413 1380 3466; x_wconf 88' lang='lat' dir='ltr'>adhuc</span> <span class='ocrx_word' id='word_1_286' title='bbox 1406 3412 1618 3482; x_wconf 89' lang='lat' dir='ltr'>pendet</span> <span class='ocrx_word' id='word_1_287' title='bbox 1633 3413 1840 3465; x_wconf 87' lang='lat' dir='ltr'>oratio.</span> <span class='ocrx_word' id='word_1_288' title='bbox 1870 3413 1972 3465; x_wconf 86' lang='lat' dir='ltr'>Se-</span> 
     </span>
    </p>
   </div>
   <div class='ocr_carea' id='block_1_41' title="bbox 271 3482 1967 3557">
    <p class='ocr_par' dir='ltr' id='par_1_41' title="bbox 271 3482 1967 3557">
     <span class='ocr_line' id='line_1_42' title="bbox 271 3482 1967 3557; baseline -0.002 -17"><span class='ocrx_word' id='word_1_289' title='bbox 271 3487 484 3557; x_wconf 91' lang='lat' dir='ltr'>paratis</span> <span class='ocrx_word' id='word_1_290' title='bbox 516 3485 692 3555; x_wconf 87' lang='lat' dir='ltr'>igitur</span> <span class='ocrx_word' id='word_1_291' title='bbox 711 3485 799 3557; x_wconf 87' lang='lat' dir='ltr'>his</span> <span class='ocrx_word' id='word_1_292' title='bbox 826 3485 1012 3557; x_wconf 80' lang='lat' dir='ltr'>verbis</span> <span class='ocrx_word' id='word_1_293' title='bbox 1033 3500 1162 3554; x_wconf 76' lang='lat' dir='ltr'>quae</span> <span class='ocrx_word' id='word_1_294' title='bbox 1192 3499 1306 3536; x_wconf 91' lang='lat' dir='ltr'>non</span> <span class='ocrx_word' id='word_1_295' title='bbox 1334 3484 1574 3557; x_wconf 84' lang='lat' dir='ltr'>implent</span> <span class='ocrx_word' id='word_1_296' title='bbox 1605 3482 1967 3550; x_wconf 87' lang='lat' dir='ltr'>sententiam,</span> 
     </span>
    </p>
   </div>
   <div class='ocr_carea' id='block_1_42' title="bbox 271 3555 1968 3624">
    <p class='ocr_par' dir='ltr' id='par_1_42' title="bbox 271 3555 1968 3624">
     <span class='ocr_line' id='line_1_43' title="bbox 271 3555 1968 3624; baseline -0.003 -13"><span class='ocrx_word' id='word_1_297' title='bbox 271 3555 490 3611; x_wconf 68' lang='lat' dir='ltr'>restant</span> <span class='ocrx_word' id='word_1_298' title='bbox 519 3573 584 3609; x_wconf 90' lang='lat' dir='ltr'>ea</span> <span class='ocrx_word' id='word_1_299' title='bbox 612 3556 784 3608; x_wconf 89' lang='lat' dir='ltr'>verba</span> <span class='ocrx_word' id='word_1_300' title='bbox 822 3555 1124 3623; x_wconf 86' lang='lat' dir='ltr'>conjuncta</span> <span class='ocrx_word' id='word_1_301' title='bbox 1161 3571 1290 3624; x_wconf 62' lang='lat' dir='ltr'>qua!</span> <span class='ocrx_word' id='word_1_302' title='bbox 1330 3555 1669 3607; x_wconf 90' lang='lat' dir='ltr'>sententiam</span> <span class='ocrx_word' id='word_1_303' title='bbox 1709 3570 1968 3622; x_wconf 90' lang='lat' dir='ltr'>compre-</span> 
     </span>
    </p>
   </div>
   <div class='ocr_carea' id='block_1_43' title="bbox 271 3625 1967 3694">
    <p class='ocr_par' dir='ltr' id='par_1_43' title="bbox 271 3625 1967 3694">
     <span class='ocr_line' id='line_1_44' title="bbox 271 3625 1967 3694; baseline -0.003 -12"><span class='ocrx_word' id='word_1_304' title='bbox 271 3628 568 3682; x_wconf 90' lang='lat' dir='ltr'>hendunt:</span> <span class='ocrx_word' id='word_1_305' title='bbox 601 3627 807 3679; x_wconf 90' lang='lat' dir='ltr'>horum</span> <span class='ocrx_word' id='word_1_306' title='bbox 829 3626 968 3678; x_wconf 88' lang='lat' dir='ltr'>item</span> <span class='ocrx_word' id='word_1_307' title='bbox 999 3626 1126 3678; x_wconf 67' lang='lat' dir='ltr'>duae</span> <span class='ocrx_word' id='word_1_308' title='bbox 1149 3625 1362 3694; x_wconf 88' lang='lat' dir='ltr'>species</span> <span class='ocrx_word' id='word_1_309' title='bbox 1391 3631 1540 3679; x_wconf 91' lang='lat' dir='ltr'>sunt.</span> <span class='ocrx_word' id='word_1_310' title='bbox 1569 3628 1681 3678; x_wconf 85' lang='lat' dir='ltr'>Aut</span> <span class='ocrx_word' id='word_1_311' title='bbox 1704 3625 1857 3678; x_wconf 90' lang='lat' dir='ltr'>enim</span> <span class='ocrx_word' id='word_1_312' title='bbox 1890 3625 1967 3678; x_wconf 90' lang='lat' dir='ltr'>sic</span> 
     </span>
    </p>
   </div>
   <div class='ocr_carea' id='block_1_44' title="bbox 271 3696 1970 3767">
    <p class='ocr_par' dir='ltr' id='par_1_44' title="bbox 271 3696 1970 3767">
     <span class='ocr_line' id='line_1_45' title="bbox 271 3696 1970 3767; baseline -0.001 -16"><span class='ocrx_word' id='word_1_313' title='bbox 271 3698 555 3752; x_wconf 89' lang='lat' dir='ltr'>sententia</span> <span class='ocrx_word' id='word_1_314' title='bbox 585 3696 1104 3767; x_wconf 88' lang='lat' dir='ltr'>comprehenditur,</span> <span class='ocrx_word' id='word_1_315' title='bbox 1141 3703 1201 3749; x_wconf 88' lang='lat' dir='ltr'>ut</span> <span class='ocrx_word' id='word_1_316' title='bbox 1238 3712 1371 3749; x_wconf 90' lang='lat' dir='ltr'>vero</span> <span class='ocrx_word' id='word_1_317' title='bbox 1402 3702 1501 3750; x_wconf 90' lang='lat' dir='ltr'>aut</span> <span class='ocrx_word' id='word_1_318' title='bbox 1528 3696 1668 3749; x_wconf 87' lang='lat' dir='ltr'>falso</span> <span class='ocrx_word' id='word_1_319' title='bbox 1707 3700 1970 3749; x_wconf 85' lang='lat' dir='ltr'>teneatur</span> 
     </span>
    </p>
   </div>
   <div class='ocr_carea' id='block_1_45' title="bbox 271 3767 1968 3835">
    <p class='ocr_par' dir='ltr' id='par_1_45' title="bbox 271 3767 1968 3835">
     <span class='ocr_line' id='line_1_46' title="bbox 271 3767 1968 3835; baseline -0.002 -13"><span class='ocrx_word' id='word_1_320' title='bbox 271 3768 535 3835; x_wconf 77' lang='lat' dir='ltr'>obnoxia,</span> <span class='ocrx_word' id='word_1_321' title='bbox 583 3773 645 3821; x_wconf 91' lang='lat' dir='ltr'>ut</span> <span class='ocrx_word' id='word_1_322' title='bbox 696 3774 800 3833; x_wconf 89' lang='lat' dir='ltr'>est,</span> <span class='ocrx_word' id='word_1_323' title='bbox 853 3768 1038 3820; x_wconf 91' lang='lat' dir='ltr'>omnis</span> <span class='ocrx_word' id='word_1_324' title='bbox 1085 3767 1255 3820; x_wconf 90' lang='lat' dir='ltr'>homo</span> <span class='ocrx_word' id='word_1_325' title='bbox 1297 3768 1584 3833; x_wconf 87' lang='lat' dir='ltr'>ambulat;</span> <span class='ocrx_word' id='word_1_326' title='bbox 1628 3771 1743 3831; x_wconf 89' lang='lat' dir='ltr'>aut,</span> <span class='ocrx_word' id='word_1_327' title='bbox 1781 3767 1968 3820; x_wconf 91' lang='lat' dir='ltr'>omnis</span> 
     </span>
    </p>
   </div>
   <div class='ocr_carea' id='block_1_46' title="bbox 268 3837 1969 3908">
    <p class='ocr_par' dir='ltr' id='par_1_46' title="bbox 268 3837 1969 3908">
     <span class='ocr_line' id='line_1_47' title="bbox 268 3837 1969 3908; baseline -0.002 -14"><span class='ocrx_word' id='word_1_328' title='bbox 268 3840 441 3894; x_wconf 91' lang='lat' dir='ltr'>homo</span> <span class='ocrx_word' id='word_1_329' title='bbox 473 3855 589 3893; x_wconf 90' lang='lat' dir='ltr'>non</span> <span class='ocrx_word' id='word_1_330' title='bbox 616 3839 910 3904; x_wconf 89' lang='lat' dir='ltr'>ambulat;</span> <span class='ocrx_word' id='word_1_331' title='bbox 937 3845 991 3892; x_wconf 88' lang='lat' dir='ltr'>et</span> <span class='ocrx_word' id='word_1_332' title='bbox 1016 3837 1063 3908; x_wconf 95' lang='lat' dir='ltr'>si</span> <span class='ocrx_word' id='word_1_333' title='bbox 1079 3838 1214 3908; x_wconf 90' lang='lat' dir='ltr'>quid</span> <span class='ocrx_word' id='word_1_334' title='bbox 1247 3838 1592 3908; x_wconf 84' lang='lat' dir='ltr'>hujusmodi.</span> <span class='ocrx_word' id='word_1_335' title='bbox 1623 3841 1734 3892; x_wconf 90' lang='lat' dir='ltr'>Aut</span> <span class='ocrx_word' id='word_1_336' title='bbox 1759 3840 1836 3890; x_wconf 87' lang='lat' dir='ltr'>sic</span> <span class='ocrx_word' id='word_1_337' title='bbox 1867 3838 1969 3891; x_wconf 90' lang='lat' dir='ltr'>im-</span> 
     </span>
    </p>
   </div>
   <div class='ocr_carea' id='block_1_47' title="bbox 266 3907 1964 3983">
    <p class='ocr_par' dir='ltr' id='par_1_47' title="bbox 266 3907 1964 3983">
     <span class='ocr_line' id='line_1_48' title="bbox 266 3907 1964 3983; baseline -0.003 -17"><span class='ocrx_word' id='word_1_338' title='bbox 266 3913 476 3983; x_wconf 91' lang='lat' dir='ltr'>pletur,</span> <span class='ocrx_word' id='word_1_339' title='bbox 511 3912 813 3977; x_wconf 88' lang='lat' dir='ltr'>sententia,</span> <span class='ocrx_word' id='word_1_340' title='bbox 839 3916 904 3964; x_wconf 91' lang='lat' dir='ltr'>ut</span> <span class='ocrx_word' id='word_1_341' title='bbox 932 3907 1064 3983; x_wconf 89' lang='lat' dir='ltr'>licet</span> <span class='ocrx_word' id='word_1_342' title='bbox 1093 3907 1350 3979; x_wconf 82' lang='lat' dir='ltr'>perﬁciat</span> <span class='ocrx_word' id='word_1_343' title='bbox 1369 3911 1732 3983; x_wconf 86' lang='lat' dir='ltr'>propositum</span> <span class='ocrx_word' id='word_1_344' title='bbox 1765 3907 1964 3975; x_wconf 89' lang='lat' dir='ltr'>animi,</span> 
     </span>
    </p>
   </div>
   <div class='ocr_carea' id='block_1_48' title="bbox 268 3981 1965 4051">
    <p class='ocr_par' dir='ltr' id='par_1_48' title="bbox 268 3981 1965 4051">
     <span class='ocr_line' id='line_1_49' title="bbox 268 3981 1965 4051; baseline -0.002 -15"><span class='ocrx_word' id='word_1_345' title='bbox 268 3981 542 4036; x_wconf 75' lang='lat' dir='ltr'>afﬁrmari</span> <span class='ocrx_word' id='word_1_346' title='bbox 573 3989 764 4035; x_wconf 89' lang='lat' dir='ltr'>tamen</span> <span class='ocrx_word' id='word_1_347' title='bbox 793 3981 1060 4050; x_wconf 89' lang='lat' dir='ltr'>negarive</span> <span class='ocrx_word' id='word_1_348' title='bbox 1088 3997 1204 4033; x_wconf 90' lang='lat' dir='ltr'>non</span> <span class='ocrx_word' id='word_1_349' title='bbox 1225 3982 1431 4050; x_wconf 89' lang='lat' dir='ltr'>possit:</span> <span class='ocrx_word' id='word_1_350' title='bbox 1468 3986 1528 4033; x_wconf 92' lang='lat' dir='ltr'>ut</span> <span class='ocrx_word' id='word_1_351' title='bbox 1557 3997 1687 4034; x_wconf 90' lang='lat' dir='ltr'>cum</span> <span class='ocrx_word' id='word_1_352' title='bbox 1717 3981 1965 4051; x_wconf 89' lang='lat' dir='ltr'>impera-</span> 
     </span>
    </p>
   </div>
   <div class='ocr_carea' id='block_1_49' title="bbox 268 4051 1958 4122">
    <p class='ocr_par' dir='ltr' id='par_1_49' title="bbox 268 4051 1958 4122">
     <span class='ocr_line' id='line_1_50' title="bbox 268 4051 1958 4122; baseline 0.001 -15"><span class='ocrx_word' id='word_1_353' title='bbox 268 4071 418 4115; x_wconf 89' lang='lat' dir='ltr'>mus,</span> <span class='ocrx_word' id='word_1_354' title='bbox 451 4070 577 4106; x_wconf 91' lang='lat' dir='ltr'>cum</span> <span class='ocrx_word' id='word_1_355' title='bbox 610 4059 895 4122; x_wconf 89' lang='lat' dir='ltr'>optamus,</span> <span class='ocrx_word' id='word_1_356' title='bbox 928 4067 1057 4104; x_wconf 91' lang='lat' dir='ltr'>cum</span> <span class='ocrx_word' id='word_1_357' title='bbox 1095 4067 1472 4117; x_wconf 83' lang='lat' dir='ltr'>exsecramur,</span> <span class='ocrx_word' id='word_1_358' title='bbox 1511 4056 1567 4104; x_wconf 91' lang='lat' dir='ltr'>et</span> <span class='ocrx_word' id='word_1_359' title='bbox 1596 4052 1684 4104; x_wconf 88' lang='lat' dir='ltr'>his</span> <span class='ocrx_word' id='word_1_360' title='bbox 1720 4051 1958 4108; x_wconf 88' lang='lat' dir='ltr'>similia.</span> 
     </span>
    </p>
   </div>
   <div class='ocr_carea' id='block_1_50' title="bbox 271 4122 1966 4193">
    <p class='ocr_par' dir='ltr' id='par_1_50' title="bbox 271 4122 1966 4193">
     <span class='ocr_line' id='line_1_51' title="bbox 271 4122 1966 4193; baseline -0.002 -15"><span class='ocrx_word' id='word_1_361' title='bbox 271 4125 413 4178; x_wconf 86' lang='lat' dir='ltr'>Nam</span> <span class='ocrx_word' id='word_1_362' title='bbox 443 4125 487 4176; x_wconf 91' lang='lat' dir='ltr'>si</span> <span class='ocrx_word' id='word_1_363' title='bbox 511 4124 636 4193; x_wconf 88' lang='lat' dir='ltr'>quis</span> <span class='ocrx_word' id='word_1_364' title='bbox 666 4124 720 4175; x_wconf 91' lang='lat' dir='ltr'>di</span> <span class='ocrx_word' id='word_1_365' title='bbox 734 4127 835 4190; x_wconf 59' lang='lat' dir='ltr'>sat,</span> <span class='ocrx_word' id='word_1_366' title='bbox 862 4137 1037 4192; x_wconf 82' lang='lat' dir='ltr'>perge</span> <span class='ocrx_word' id='word_1_367' title='bbox 1066 4122 1134 4175; x_wconf 86' lang='lat' dir='ltr'>ad</span> <span class='ocrx_word' id='word_1_368' title='bbox 1158 4122 1370 4187; x_wconf 89' lang='lat' dir='ltr'>villam,</span> <span class='ocrx_word' id='word_1_369' title='bbox 1403 4123 1487 4174; x_wconf 88' lang='lat' dir='ltr'>vel</span> <span class='ocrx_word' id='word_1_370' title='bbox 1521 4123 1740 4175; x_wconf 91' lang='lat' dir='ltr'>utinam</span> <span class='ocrx_word' id='word_1_371' title='bbox 1767 4127 1966 4193; x_wconf 86' lang='lat' dir='ltr'>pergat</span> 
     </span>
    </p>
   </div>
   <div class='ocr_carea' id='block_1_51' title="bbox 267 4193 1965 4262">
    <p class='ocr_par' dir='ltr' id='par_1_51' title="bbox 267 4193 1965 4262">
     <span class='ocr_line' id='line_1_52' title="bbox 267 4193 1965 4262; baseline -0.002 -13"><span class='ocrx_word' id='word_1_372' title='bbox 267 4195 339 4249; x_wconf 89' lang='lat' dir='ltr'>ad</span> <span class='ocrx_word' id='word_1_373' title='bbox 391 4195 604 4259; x_wconf 90' lang='lat' dir='ltr'>villam,</span> <span class='ocrx_word' id='word_1_374' title='bbox 657 4201 778 4262; x_wconf 88' lang='lat' dir='ltr'>aut,</span> <span class='ocrx_word' id='word_1_375' title='bbox 820 4193 901 4246; x_wconf 91' lang='lat' dir='ltr'>dii</span> <span class='ocrx_word' id='word_1_376' title='bbox 929 4193 1091 4245; x_wconf 88' lang='lat' dir='ltr'>illum</span> <span class='ocrx_word' id='word_1_377' title='bbox 1121 4193 1402 4262; x_wconf 89' lang='lat' dir='ltr'>perdant:</span> <span class='ocrx_word' id='word_1_378' title='bbox 1439 4208 1552 4244; x_wconf 91' lang='lat' dir='ltr'>non</span> <span class='ocrx_word' id='word_1_379' title='bbox 1581 4198 1768 4261; x_wconf 87' lang='lat' dir='ltr'>potest</span> <span class='ocrx_word' id='word_1_380' title='bbox 1800 4193 1965 4261; x_wconf 83' lang='lat' dir='ltr'>argui</span> 
     </span>
    </p>
   </div>
   <div class='ocr_carea' id='block_1_52' title="bbox 267 4263 1962 4338">
    <p class='ocr_par' dir='ltr' id='par_1_52' title="bbox 267 4263 1962 4338">
     <span class='ocr_line' id='line_1_53' title="bbox 267 4263 1962 4338; baseline -0.002 -18"><span class='ocrx_word' id='word_1_381' title='bbox 267 4267 422 4338; x_wconf 86' lang='lat' dir='ltr'>quod</span> <span class='ocrx_word' id='word_1_382' title='bbox 456 4265 783 4338; x_wconf 85' lang='lat' dir='ltr'>mentiatur,</span> <span class='ocrx_word' id='word_1_383' title='bbox 826 4268 924 4338; x_wconf 83' lang='lat' dir='ltr'>aut</span> <span class='ocrx_word' id='word_1_384' title='bbox 967 4263 1117 4338; x_wconf 79' lang='lat' dir='ltr'>credi</span> <span class='ocrx_word' id='word_1_385' title='bbox 1168 4263 1324 4334; x_wconf 87' lang='lat' dir='ltr'>quod</span> <span class='ocrx_word' id='word_1_386' title='bbox 1364 4279 1573 4338; x_wconf 82' lang='lat' dir='ltr'>verum</span> <span class='ocrx_word' id='word_1_387' title='bbox 1600 4263 1763 4316; x_wconf 88' lang='lat' dir='ltr'>dicat.</span> <span class='ocrx_word' id='word_1_388' title='bbox 1813 4264 1962 4338; x_wconf 82' lang='lat' dir='ltr'>Nihil</span> 
     </span>
    </p>
   </div>
   <div class='ocr_carea' id='block_1_53' title="bbox 266 4334 1964 4404">
    <p class='ocr_par' dir='ltr' id='par_1_53' title="bbox 266 4334 1964 4404">
     <span class='ocr_line' id='line_1_54' title="bbox 266 4334 1964 4404; baseline -0.002 -13"><span class='ocrx_word' id='word_1_389' title='bbox 266 4334 421 4391; x_wconf 74' lang='lat' dir='ltr'>enim</span> <span class='ocrx_word' id='word_1_390' title='bbox 441 4335 746 4390; x_wconf 86' lang='lat' dir='ltr'>afﬁrmavit</span> <span class='ocrx_word' id='word_1_391' title='bbox 774 4335 861 4388; x_wconf 86' lang='lat' dir='ltr'>vel</span> <span class='ocrx_word' id='word_1_392' title='bbox 894 4335 1125 4404; x_wconf 85' lang='lat' dir='ltr'>negavit</span> <span class='ocrx_word' id='word_1_393' title='bbox 1155 4351 1168 4388; x_wconf 94' lang='lat'>:</span> <span class='ocrx_word' id='word_1_394' title='bbox 1203 4349 1339 4403; x_wconf 88' lang='lat' dir='ltr'>ergo</span> <span class='ocrx_word' id='word_1_395' title='bbox 1370 4350 1473 4387; x_wconf 90' lang='lat' dir='ltr'>nec</span> <span class='ocrx_word' id='word_1_396' title='bbox 1501 4335 1641 4387; x_wconf 89' lang='lat' dir='ltr'>tales</span> <span class='ocrx_word' id='word_1_397' title='bbox 1667 4334 1964 4387; x_wconf 76' lang='lat' dir='ltr'>sententiae</span> 
     </span>
    </p>
   </div>
   <div class='ocr_carea' id='block_1_54' title="bbox 267 4404 1958 4480">
    <p class='ocr_par' dir='ltr' id='par_1_54' title="bbox 267 4404 1958 4480">
     <span class='ocr_line' id='line_1_55' title="bbox 267 4404 1958 4480; baseline -0.002 -18"><span class='ocrx_word' id='word_1_398' title='bbox 267 4408 328 4462; x_wconf 90' lang='lat' dir='ltr'>in</span> <span class='ocrx_word' id='word_1_399' title='bbox 357 4409 734 4480; x_wconf 65' lang='lat' dir='ltr'>quasstionem</span> <span class='ocrx_word' id='word_1_400' title='bbox 758 4406 1154 4480; x_wconf 87' lang='lat' dir='ltr'>_veniunt,_aut</span> <span class='ocrx_word' id='word_1_401' title='bbox 1191 4405 1606 4480; x_wconf 84' lang='lat' dir='ltr'>disputatorem</span> <span class='ocrx_word' id='word_1_402' title='bbox 1640 4404 1958 4480; x_wconf 84' lang='lat' dir='ltr'>requirunt.</span> 
     </span>
    </p>
   </div>
   <div class='ocr_carea' id='block_1_55' title="bbox 266 4477 1955 4545">
    <p class='ocr_par' dir='ltr' id='par_1_55' title="bbox 266 4477 1955 4545">
     <span class='ocr_line' id='line_1_56' title="bbox 266 4477 1955 4545; baseline -0.002 -10"><span class='ocrx_word' id='word_1_403' title='bbox 266 4477 491 4535; x_wconf 77' lang='lat' dir='ltr'>CAPUT</span> <span class='ocrx_word' id='word_1_404' title='bbox 523 4481 616 4533; x_wconf 90' lang='lat' dir='ltr'>III.</span> <span class='ocrx_word' id='word_1_405' title='bbox 652 4509 718 4516; x_wconf 97' lang='lat'><strong>—</strong></span> <span class='ocrx_word' id='word_1_406' title='bbox 742 4478 867 4542; x_wconf 75' lang='lat' dir='ltr'>Quae</span> <span class='ocrx_word' id='word_1_407' title='bbox 887 4477 1151 4545; x_wconf 77' lang='lat' dir='ltr'>simplices</span> <span class='ocrx_word' id='word_1_408' title='bbox 1174 4478 1468 4541; x_wconf 62' lang='lat' dir='ltr'>sententia),</span> <span class='ocrx_word' id='word_1_409' title='bbox 1496 4492 1614 4544; x_wconf 68' lang='lat' dir='ltr'>quae</span> <span class='ocrx_word' id='word_1_410' title='bbox 1633 4478 1955 4544; x_wconf 69' lang='lat' dir='ltr'>conjunctae.</span> 
     </span>
    </p>
   </div>
   <div class='ocr_carea' id='block_1_56' title="bbox 336 4547 1965 4620">
    <p class='ocr_par' dir='ltr' id='par_1_56' title="bbox 336 4547 1965 4620">
     <span class='ocr_line' id='line_1_57' title="bbox 336 4547 1965 4620; baseline -0.003 -14"><span class='ocrx_word' id='word_1_411' title='bbox 336 4552 442 4606; x_wconf 92' lang='lat' dir='ltr'>Sed</span> <span class='ocrx_word' id='word_1_412' title='bbox 491 4552 604 4605; x_wconf 70' lang='lat' dir='ltr'>illa:</span> <span class='ocrx_word' id='word_1_413' title='bbox 635 4565 764 4620; x_wconf 69' lang='lat' dir='ltr'>qute</span> <span class='ocrx_word' id='word_1_414' title='bbox 798 4548 1192 4620; x_wconf 89' lang='lat' dir='ltr'>requiruntur,</span> <span class='ocrx_word' id='word_1_415' title='bbox 1221 4547 1636 4620; x_wconf 25' lang='lat' dir='ltr'>aut‘simplices</span> <span class='ocrx_word' id='word_1_416' title='bbox 1671 4553 1843 4620; x_wconf 89' lang='lat' dir='ltr'>sunt,_</span> <span class='ocrx_word' id='word_1_417' title='bbox 1867 4551 1965 4601; x_wconf 87' lang='lat' dir='ltr'>aut</span> 
     </span>
    </p>
   </div>
   <div class='ocr_carea' id='block_1_57' title="bbox 263 4617 1963 4693">
    <p class='ocr_par' dir='ltr' id='par_1_57' title="bbox 263 4617 1963 4693">
     <span class='ocr_line' id='line_1_58' title="bbox 263 4617 1963 4693; baseline -0.002 -17"><span class='ocrx_word' id='word_1_418' title='bbox 263 4625 607 4693; x_wconf 82' lang='lat' dir='ltr'>conjunctae.</span> <span class='ocrx_word' id='word_1_419' title='bbox 641 4617 935 4693; x_wconf 81' lang='lat' dir='ltr'>Simplices</span> <span class='ocrx_word' id='word_1_420' title='bbox 961 4624 1112 4693; x_wconf 83' lang='lat' dir='ltr'>sunt,</span> <span class='ocrx_word' id='word_1_421' title='bbox 1142 4634 1270 4688; x_wconf 71' lang='lat' dir='ltr'>quae</span> <span class='ocrx_word' id='word_1_422' title='bbox 1303 4617 1423 4672; x_wconf 91' lang='lat' dir='ltr'>sine</span> <span class='ocrx_word' id='word_1_423' title='bbox 1455 4620 1572 4693; x_wconf 76' lang='lat' dir='ltr'>ulia</span> <span class='ocrx_word' id='word_1_424' title='bbox 1601 4618 1963 4693; x_wconf 81' lang='lat' dir='ltr'>copulatione</span> 
     </span>
    </p>
   </div>
   <div class='ocr_carea' id='block_1_58' title="bbox 263 4689 1961 4760">
    <p class='ocr_par' dir='ltr' id='par_1_58' title="bbox 263 4689 1961 4760">
     <span class='ocr_line' id='line_1_59' title="bbox 263 4689 1961 4760; baseline -0.002 -15"><span class='ocrx_word' id='word_1_425' title='bbox 263 4689 557 4747; x_wconf 63' lang='lat' dir='ltr'>sententia:</span> <span class='ocrx_word' id='word_1_426' title='bbox 582 4689 814 4746; x_wconf 86' lang='lat' dir='ltr'>alterius</span> <span class='ocrx_word' id='word_1_427' title='bbox 844 4690 1222 4743; x_wconf 89' lang='lat' dir='ltr'>enuntiantur</span> <span class='ocrx_word' id='word_1_428' title='bbox 1247 4706 1259 4743; x_wconf 96' lang='lat'>:</span> <span class='ocrx_word' id='word_1_429' title='bbox 1283 4693 1346 4742; x_wconf 91' lang='lat' dir='ltr'>ut</span> <span class='ocrx_word' id='word_1_430' title='bbox 1371 4694 1454 4743; x_wconf 88' lang='lat' dir='ltr'>est</span> <span class='ocrx_word' id='word_1_431' title='bbox 1479 4689 1616 4742; x_wconf 92' lang='lat' dir='ltr'>illud</span> <span class='ocrx_word' id='word_1_432' title='bbox 1643 4690 1795 4760; x_wconf 89' lang='lat' dir='ltr'>quod</span> <span class='ocrx_word' id='word_1_433' title='bbox 1824 4689 1961 4743; x_wconf 90' lang='lat' dir='ltr'>dici-</span> 
     </span>
    </p>
   </div>
   <div class='ocr_carea' id='block_1_59' title="bbox 263 4761 1958 4831">
    <p class='ocr_par' dir='ltr' id='par_1_59' title="bbox 263 4761 1958 4831">
     <span class='ocr_line' id='line_1_60' title="bbox 263 4761 1958 4831; baseline -0.002 -15"><span class='ocrx_word' id='word_1_434' title='bbox 263 4779 410 4829; x_wconf 91' lang='lat' dir='ltr'>mus,</span> <span class='ocrx_word' id='word_1_435' title='bbox 432 4764 619 4816; x_wconf 91' lang='lat' dir='ltr'>omnis</span> <span class='ocrx_word' id='word_1_436' title='bbox 641 4765 813 4816; x_wconf 89' lang='lat' dir='ltr'>homo</span> <span class='ocrx_word' id='word_1_437' title='bbox 836 4761 1108 4814; x_wconf 88' lang='lat' dir='ltr'>ambulat.</span> <span class='ocrx_word' id='word_1_438' title='bbox 1134 4761 1458 4830; x_wconf 68' lang='lat' dir='ltr'>Conjunctte</span> <span class='ocrx_word' id='word_1_439' title='bbox 1474 4765 1606 4814; x_wconf 91' lang='lat' dir='ltr'>sunt</span> <span class='ocrx_word' id='word_1_440' title='bbox 1627 4761 1694 4814; x_wconf 90' lang='lat' dir='ltr'>de</span> <span class='ocrx_word' id='word_1_441' title='bbox 1715 4776 1958 4831; x_wconf 89' lang='lat' dir='ltr'>quarum</span> 
     </span>
    </p>
   </div>
   <div class='ocr_carea' id='block_1_60' title="bbox 261 4831 1957 4904">
    <p class='ocr_par' dir='ltr' id='par_1_60' title="bbox 261 4831 1957 4904">
     <span class='ocr_line' id='line_1_61' title="bbox 261 4831 1957 4904; baseline -0.001 -17"><span class='ocrx_word' id='word_1_442' title='bbox 261 4836 626 4904; x_wconf 81' lang='lat' dir='ltr'>copulatione</span> <span class='ocrx_word' id='word_1_443' title='bbox 662 4833 982 4904; x_wconf 85' lang='lat' dir='ltr'>judicatur:</span> <span class='ocrx_word' id='word_1_444' title='bbox 1034 4837 1098 4885; x_wconf 92' lang='lat' dir='ltr'>ut</span> <span class='ocrx_word' id='word_1_445' title='bbox 1142 4837 1248 4898; x_wconf 89' lang='lat' dir='ltr'>est,</span> <span class='ocrx_word' id='word_1_446' title='bbox 1282 4831 1957 4904; x_wconf 10' lang='lat' dir='ltr'>siiambulat,rmovetur.</span> 
     </span>
    </p>
   </div>
   <div class='ocr_carea' id='block_1_61' title="bbox 259 4902 1957 4973">
    <p class='ocr_par' dir='ltr' id='par_1_61' title="bbox 259 4902 1957 4973">
     <span class='ocr_line' id='line_1_62' title="bbox 259 4902 1957 4973; baseline -0.002 -15"><span class='ocrx_word' id='word_1_447' title='bbox 259 4902 366 4959; x_wconf 81' lang='lat' dir='ltr'>Sed</span> <span class='ocrx_word' id='word_1_448' title='bbox 406 4921 538 4958; x_wconf 88' lang='lat' dir='ltr'>cum</span> <span class='ocrx_word' id='word_1_449' title='bbox 567 4906 635 4958; x_wconf 91' lang='lat' dir='ltr'>de</span> <span class='ocrx_word' id='word_1_450' title='bbox 667 4902 1071 4973; x_wconf 86' lang='lat' dir='ltr'>conjunctione</span> <span class='ocrx_word' id='word_1_451' title='bbox 1110 4902 1521 4955; x_wconf 88' lang='lat' dir='ltr'>sententiarum</span> <span class='ocrx_word' id='word_1_452' title='bbox 1558 4902 1840 4972; x_wconf 87' lang='lat' dir='ltr'>judicium</span> <span class='ocrx_word' id='word_1_453' title='bbox 1873 4904 1957 4967; x_wconf 82' lang='lat' dir='ltr'>tit,</span> 
     </span>
    </p>
   </div>
   <div class='ocr_carea' id='block_1_62' title="bbox 260 4973 1960 5044">
    <p class='ocr_par' dir='ltr' id='par_1_62' title="bbox 260 4973 1960 5044">
     <span class='ocr_line' id='line_1_63' title="bbox 260 4973 1960 5044; baseline -0.002 -15"><span class='ocrx_word' id='word_1_454' title='bbox 260 4976 481 5029; x_wconf 88' lang='lat' dir='ltr'>tamdiu</span> <span class='ocrx_word' id='word_1_455' title='bbox 525 4981 610 5029; x_wconf 90' lang='lat' dir='ltr'>est</span> <span class='ocrx_word' id='word_1_456' title='bbox 658 4976 840 5028; x_wconf 90' lang='lat' dir='ltr'>donec</span> <span class='ocrx_word' id='word_1_457' title='bbox 870 4973 1238 5044; x_wconf 88' lang='lat' dir='ltr'>perveniatur</span> <span class='ocrx_word' id='word_1_458' title='bbox 1277 4973 1345 5026; x_wconf 90' lang='lat' dir='ltr'>ad</span> <span class='ocrx_word' id='word_1_459' title='bbox 1375 4989 1686 5028; x_wconf 89' lang='lat' dir='ltr'>summam.</span> <span class='ocrx_word' id='word_1_460' title='bbox 1723 4974 1960 5028; x_wconf 89' lang='lat' dir='ltr'>Summa</span> 
     </span>
    </p>
   </div>
   <div class='ocr_carea' id='block_1_63' title="bbox 260 5045 1957 5126">
    <p class='ocr_par' dir='ltr' id='par_1_63' title="bbox 260 5045 1957 5126">
     <span class='ocr_line' id='line_1_64' title="bbox 260 5045 1957 5126; baseline -0.002 -26"><span class='ocrx_word' id='word_1_461' title='bbox 260 5053 452 5102; x_wconf 88' lang='lat' dir='ltr'>autem</span> <span class='ocrx_word' id='word_1_462' title='bbox 479 5051 567 5126; x_wconf 78' lang='lat' dir='ltr'>est</span> <span class='ocrx_word' id='word_1_463' title='bbox 586 5045 1054 5126; x_wconf 48' lang='lat' dir='ltr'>quaencontieitun</span> <span class='ocrx_word' id='word_1_464' title='bbox 1073 5060 1140 5098; x_wconf 84' lang='lat' dir='ltr'>ex</span> <span class='ocrx_word' id='word_1_465' title='bbox 1171 5045 1471 5126; x_wconf 85' lang='lat' dir='ltr'>concessis.</span> <span class='ocrx_word' id='word_1_466' title='bbox 1500 5045 1658 5126; x_wconf 75' lang='lat' dir='ltr'>Quod</span> <span class='ocrx_word' id='word_1_467' title='bbox 1691 5045 1824 5126; x_wconf 31' lang='lat' dir='ltr'>dico.</span> <span class='ocrx_word' id='word_1_468' title='bbox 1845 5045 1957 5126; x_wconf 77' lang='lat' dir='ltr'>tale</span> 
     </span>
    </p>
   </div>
   <div class='ocr_carea' id='block_1_64' title="bbox 256 5115 1959 5186">
    <p class='ocr_par' dir='ltr' id='par_1_64' title="bbox 256 5115 1959 5186">
     <span class='ocr_line' id='line_1_65' title="bbox 256 5115 1959 5186; baseline -0.002 -14"><span class='ocrx_word' id='word_1_469' title='bbox 256 5123 360 5184; x_wconf 86' lang='lat' dir='ltr'>est,</span> <span class='ocrx_word' id='word_1_470' title='bbox 403 5115 668 5182; x_wconf 85' lang='lat' dir='ltr'>Quidicit,</span> <span class='ocrx_word' id='word_1_471' title='bbox 706 5117 762 5170; x_wconf 90' lang='lat' dir='ltr'>Si</span> <span class='ocrx_word' id='word_1_472' title='bbox 805 5117 1082 5181; x_wconf 85' lang='lat' dir='ltr'>ambulat,</span> <span class='ocrx_word' id='word_1_473' title='bbox 1120 5120 1400 5181; x_wconf 78' lang='lat' dir='ltr'>movetur,</span> <span class='ocrx_word' id='word_1_474' title='bbox 1433 5117 1674 5186; x_wconf 90' lang='lat' dir='ltr'>probare</span> <span class='ocrx_word' id='word_1_475' title='bbox 1712 5116 1834 5169; x_wconf 91' lang='lat' dir='ltr'>vult</span> <span class='ocrx_word' id='word_1_476' title='bbox 1858 5115 1959 5169; x_wconf 91' lang='lat' dir='ltr'>ali-</span> 
     </span>
    </p>
   </div>
   <div class='ocr_carea' id='block_1_65' title="bbox 255 5186 1954 5261">
    <p class='ocr_par' dir='ltr' id='par_1_65' title="bbox 255 5186 1954 5261">
     <span class='ocr_line' id='line_1_66' title="bbox 255 5186 1954 5261; baseline -0.002 -17"><span class='ocrx_word' id='word_1_477' title='bbox 255 5190 417 5261; x_wconf 89' lang='lat' dir='ltr'>quid,</span> <span class='ocrx_word' id='word_1_478' title='bbox 451 5195 514 5243; x_wconf 90' lang='lat' dir='ltr'>ut</span> <span class='ocrx_word' id='word_1_479' title='bbox 556 5190 660 5242; x_wconf 83' lang='lat' dir='ltr'>hoc</span> <span class='ocrx_word' id='word_1_480' title='bbox 702 5203 990 5252; x_wconf 89' lang='lat' dir='ltr'>concesso,</span> <span class='ocrx_word' id='word_1_481' title='bbox 1035 5202 1233 5239; x_wconf 89' lang='lat' dir='ltr'>verum</span> <span class='ocrx_word' id='word_1_482' title='bbox 1265 5203 1382 5240; x_wconf 89' lang='lat' dir='ltr'>esse</span> <span class='ocrx_word' id='word_1_483' title='bbox 1427 5192 1601 5240; x_wconf 89' lang='lat' dir='ltr'>restet</span> <span class='ocrx_word' id='word_1_484' title='bbox 1634 5186 1720 5261; x_wconf 85' lang='lat' dir='ltr'>illi</span> <span class='ocrx_word' id='word_1_485' title='bbox 1745 5187 1954 5253; x_wconf 88' lang='lat' dir='ltr'>dicere,</span> 
     </span>
    </p>
   </div>
   <div class='ocr_carea' id='block_1_66' title="bbox 253 5259 1957 5332">
    <p class='ocr_par' dir='ltr' id='par_1_66' title="bbox 253 5259 1957 5332">
     <span class='ocr_line' id='line_1_67' title="bbox 253 5259 1957 5332; baseline -0.002 -17"><span class='ocrx_word' id='word_1_486' title='bbox 253 5259 410 5332; x_wconf 77' lang='lat' dir='ltr'>quod</span> <span class='ocrx_word' id='word_1_487' title='bbox 441 5260 732 5314; x_wconf 85' lang='lat' dir='ltr'>ambulet:</span> <span class='ocrx_word' id='word_1_488' title='bbox 773 5263 1085 5332; x_wconf 81' lang='lat' dir='ltr'>etsumma</span> <span class='ocrx_word' id='word_1_489' title='bbox 1115 5264 1517 5332; x_wconf 76' lang='lat' dir='ltr'>consequatur,</span> <span class='ocrx_word' id='word_1_490' title='bbox 1549 5274 1683 5332; x_wconf 58' lang='lat' dir='ltr'>quin</span> <span class='ocrx_word' id='word_1_491' title='bbox 1703 5259 1822 5328; x_wconf 88' lang='lat' dir='ltr'>jam</span> <span class='ocrx_word' id='word_1_492' title='bbox 1855 5274 1957 5312; x_wconf 91' lang='lat' dir='ltr'>ne-</span> 
     </span>
    </p>
   </div>
   <div class='ocr_carea' id='block_1_67' title="bbox 252 5328 1952 5403">
    <p class='ocr_par' dir='ltr' id='par_1_67' title="bbox 252 5328 1952 5403">
     <span class='ocr_line' id='line_1_68' title="bbox 252 5328 1952 5403; baseline -0.003 -16"><span class='ocrx_word' id='word_1_493' title='bbox 252 5328 379 5403; x_wconf 74' lang='lat' dir='ltr'>gari</span> <span class='ocrx_word' id='word_1_494' title='bbox 409 5347 526 5386; x_wconf 89' lang='lat' dir='ltr'>non</span> <span class='ocrx_word' id='word_1_495' title='bbox 553 5328 857 5403; x_wconf 88' lang='lat' dir='ltr'>potest,</span> <span class='ocrx_word' id='word_1_496' title='bbox 887 5335 970 5383; x_wconf 90' lang='lat' dir='ltr'>est</span> <span class='ocrx_word' id='word_1_497' title='bbox 997 5330 1156 5403; x_wconf 81' lang='lat' dir='ltr'>quod</span> <span class='ocrx_word' id='word_1_498' title='bbox 1182 5334 1475 5403; x_wconf 89' lang='lat' dir='ltr'>movetur_:</span> <span class='ocrx_word' id='word_1_499' title='bbox 1512 5329 1810 5403; x_wconf 67' lang='lat' dir='ltr'>quasitem</span> <span class='ocrx_word' id='word_1_500' title='bbox 1839 5346 1952 5403; x_wconf 86' lang='lat' dir='ltr'>non</span> 
     </span>
    </p>
   </div>
   <div class='ocr_carea' id='block_1_68' title="bbox 249 5399 1955 5474">
    <p class='ocr_par' dir='ltr' id='par_1_68' title="bbox 249 5399 1955 5474">
     <span class='ocr_line' id='line_1_69' title="bbox 249 5399 1955 5474; baseline -0.002 -16"><span class='ocrx_word' id='word_1_501' title='bbox 249 5399 444 5474; x_wconf 73' lang='lat' dir='ltr'>potest</span> <span class='ocrx_word' id='word_1_502' title='bbox 482 5399 735 5467; x_wconf 84' lang='lat' dir='ltr'>concedi,</span> <span class='ocrx_word' id='word_1_503' title='bbox 776 5400 835 5454; x_wconf 90' lang='lat' dir='ltr'>id</span> <span class='ocrx_word' id='word_1_504' title='bbox 884 5406 970 5454; x_wconf 89' lang='lat' dir='ltr'>est</span> <span class='ocrx_word' id='word_1_505' title='bbox 1005 5400 1161 5471; x_wconf 91' lang='lat' dir='ltr'>quod</span> <span class='ocrx_word' id='word_1_506' title='bbox 1192 5416 1311 5454; x_wconf 91' lang='lat' dir='ltr'>non</span> <span class='ocrx_word' id='word_1_507' title='bbox 1347 5401 1621 5454; x_wconf 86' lang='lat' dir='ltr'>ambulet.</span> <span class='ocrx_word' id='word_1_508' title='bbox 1654 5401 1870 5455; x_wconf 82' lang='lat' dir='ltr'>Rursus</span> <span class='ocrx_word' id='word_1_509' title='bbox 1908 5399 1955 5454; x_wconf 90' lang='lat' dir='ltr'>si</span> 
     </span>
    </p>
   </div>
   <div class='ocr_carea' id='block_1_69' title="bbox 313 5524 1950 5597">
    <p class='ocr_par' dir='ltr' id='par_1_69' title="bbox 313 5524 1950 5597">
     <span class='ocr_line' id='line_1_70' title="bbox 313 5524 1950 5597; baseline -0.003 -18"><span class='ocrx_word' id='word_1_510' title='bbox 313 5530 386 5597; x_wconf 88' lang='lat' dir='ltr'>(_a)</span> <span class='ocrx_word' id='word_1_511' title='bbox 421 5527 743 5597; x_wconf 79' lang='lat' dir='ltr'>Opusculum</span> <span class='ocrx_word' id='word_1_512' title='bbox 776 5525 916 5597; x_wconf 77' lang='lat' dir='ltr'>istud</span> <span class='ocrx_word' id='word_1_513' title='bbox 966 5524 1402 5597; x_wconf 39' lang='lat' dir='ltr'>castigaium‘est</span> <span class='ocrx_word' id='word_1_514' title='bbox 1443 5524 1504 5597; x_wconf 77' lang='lat' dir='ltr'>de</span> <span class='ocrx_word' id='word_1_515' title='bbox 1544 5537 1683 5597; x_wconf 42' lang='lat' dir='ltr'>noyo‘</span> <span class='ocrx_word' id='word_1_516' title='bbox 1723 5525 1950 5597; x_wconf 48' lang='lat' dir='ltr'>ad&#39;Mss:</span> 
     </span>
    </p>
   </div>
   <div class='ocr_carea' id='block_1_70' title="bbox 247 5587 1955 5655">
    <p class='ocr_par' dir='ltr' id='par_1_70' title="bbox 247 5587 1955 5655">
     <span class='ocr_line' id='line_1_71' title="bbox 247 5587 1955 5655; baseline -0.002 -14"><span class='ocrx_word' id='word_1_517' title='bbox 247 5587 483 5655; x_wconf 82' lang='lat' dir='ltr'>quinque</span> <span class='ocrx_word' id='word_1_518' title='bbox 513 5591 566 5640; x_wconf 87' lang='lat' dir='ltr'>in</span> <span class='ocrx_word' id='word_1_519' title='bbox 596 5589 788 5655; x_wconf 82' lang='lat' dir='ltr'>quibus</span> <span class='ocrx_word' id='word_1_520' title='bbox 820 5587 1437 5655; x_wconf 60' lang='lat' dir='ltr'>inscribitur__Tractatus</span> <span class='ocrx_word' id='word_1_521' title='bbox 1473 5588 1539 5655; x_wconf 73' lang='lat' dir='ltr'>de</span> <span class='ocrx_word' id='word_1_522' title='bbox 1573 5587 1873 5655; x_wconf 79' lang='lat' dir='ltr'>Dialectica,</span> <span class='ocrx_word' id='word_1_523' title='bbox 1903 5592 1955 5638; x_wconf 89' lang='lat' dir='ltr'>et</span> 
     </span>
    </p>
   </div>
   <div class='ocr_carea' id='block_1_71' title="bbox 247 5649 1950 5716">
    <p class='ocr_par' dir='ltr' id='par_1_71' title="bbox 247 5649 1950 5716">
     <span class='ocr_line' id='line_1_72' title="bbox 247 5649 1950 5716; baseline -0.001 -13"><span class='ocrx_word' id='word_1_524' title='bbox 247 5649 542 5716; x_wconf 69' lang='lat' dir='ltr'>Augustino</span> <span class='ocrx_word' id='word_1_525' title='bbox 565 5649 834 5703; x_wconf 82' lang='lat' dir='ltr'>tribuitur.</span> <span class='ocrx_word' id='word_1_526' title='bbox 861 5650 928 5700; x_wconf 85' lang='lat' dir='ltr'>At</span> <span class='ocrx_word' id='word_1_527' title='bbox 943 5649 1104 5700; x_wconf 87' lang='lat' dir='ltr'>Chirii</span> <span class='ocrx_word' id='word_1_528' title='bbox 1123 5649 1486 5701; x_wconf 87' lang='lat' dir='ltr'>Fortunatiani</span> <span class='ocrx_word' id='word_1_529' title='bbox 1510 5650 1727 5701; x_wconf 87' lang='lat' dir='ltr'>nomine</span> <span class='ocrx_word' id='word_1_530' title='bbox 1752 5651 1950 5701; x_wconf 89' lang='lat' dir='ltr'>editum</span> 
     </span>
    </p>
   </div>
   <div class='ocr_carea' id='block_1_72' title="bbox 247 5716 854 5767">
    <p class='ocr_par' dir='ltr' id='par_1_72' title="bbox 247 5716 854 5767">
     <span class='ocr_line' id='line_1_73' title="bbox 247 5716 854 5767; baseline -0.005 -2"><span class='ocrx_word' id='word_1_531' title='bbox 247 5721 329 5765; x_wconf 87' lang='lat' dir='ltr'>est</span> <span class='ocrx_word' id='word_1_532' title='bbox 358 5716 571 5767; x_wconf 72' lang='lat' dir='ltr'>Basileaa</span> <span class='ocrx_word' id='word_1_533' title='bbox 593 5729 678 5766; x_wconf 84' lang='lat' dir='ltr'>an.</span> <span class='ocrx_word' id='word_1_534' title='bbox 715 5716 854 5764; x_wconf 72' lang='lat'>1558.</span> 
     </span>
    </p>
   </div>
   <div class='ocr_carea' id='block_1_73' title="bbox 1367 243 2676 303">
    <p class='ocr_par' dir='ltr' id='par_1_73' title="bbox 1367 243 2676 303">
     <span class='ocr_line' id='line_1_74' title="bbox 1367 243 2676 303; baseline 0.001 -2"><span class='ocrx_word' id='word_1_535' title='bbox 1367 244 1730 303; x_wconf 85' lang='lat' dir='ltr'>PRINCIPIA</span> <span class='ocrx_word' id='word_1_536' title='bbox 1770 243 2241 302; x_wconf 65' lang='lat' dir='ltr'>DIALECTICIE.</span> <span class='ocrx_word' id='word_1_537' title='bbox 2287 247 2676 303; x_wconf 82' lang='lat' dir='ltr'>APPENDIX.</span> 
     </span>
    </p>
   </div>
   <div class='ocr_carea' id='block_1_74' title="bbox 870 493 3168 622">
    <p class='ocr_par' dir='ltr' id='par_1_74' title="bbox 870 493 3168 622">
     <span class='ocr_line' id='line_1_75' title="bbox 870 493 3168 622; baseline 0.003 -5"><span class='ocrx_word' id='word_1_538' title='bbox 870 494 1807 619; x_wconf 83' lang='lat' dir='ltr'>PRINCIPIA</span> <span class='ocrx_word' id='word_1_539' title='bbox 1898 493 3168 622; x_wconf 55' lang='lat' dir='ltr'>DIALECTICZEW.</span> 
     </span>
    </p>
   </div>
   <div class='ocr_carea' id='block_1_75' title="bbox 3644 255 3779 308">
    <p class='ocr_par' dir='ltr' id='par_1_75' title="bbox 3644 255 3779 308">
     <span class='ocr_line' id='line_1_76' title="bbox 3644 255 3779 308; baseline 0.007 -1"><span class='ocrx_word' id='word_1_540' title='bbox 3644 255 3779 308; x_wconf 71' lang='grc'>1410</span> 
     </span>
    </p>
   </div>
   <div class='ocr_carea' id='block_1_76' title="bbox 3247 394 3452 402">
    <p class='ocr_par' dir='ltr' id='par_1_76' title="bbox 3247 394 3452 402">
     <span class='ocr_line' id='line_1_77' title="bbox 3247 394 3452 402; baseline 0.005 -1"><span class='ocrx_word' id='word_1_541' title='bbox 3247 394 3452 402; x_wconf 74' lang='lat'>——-——--</span> 
     </span>
    </p>
   </div>
   <div class='ocr_carea' id='block_1_77' title="bbox 3453 395 3778 404">
    <p class='ocr_par' dir='ltr' id='par_1_77' title="bbox 3453 395 3778 404">
     <span class='ocr_line' id='line_1_78' title="bbox 3453 395 3778 404; baseline 0.003 -3"><span class='ocrx_word' id='word_1_542' title='bbox 3453 395 3778 404; x_wconf 49' lang='grc' dir='ltr'>ἀφ-*ᾐ-</span> 
     </span>
    </p>
   </div>
   <div class='ocr_carea' id='block_1_78' title="bbox 2071 717 3776 798">
    <p class='ocr_par' dir='ltr' id='par_1_78' title="bbox 2071 717 3776 798">
     <span class='ocr_line' id='line_1_79' title="bbox 2071 717 3776 798; baseline 0.006 -26"><span class='ocrx_word' id='word_1_543' title='bbox 2071 717 2381 798; x_wconf 80' lang='lat' dir='ltr'>hocmodo</span> <span class='ocrx_word' id='word_1_544' title='bbox 2412 717 2547 798; x_wconf 81' lang='lat' dir='ltr'>velit</span> <span class='ocrx_word' id='word_1_545' title='bbox 2576 719 2798 798; x_wconf 89' lang='lat' dir='ltr'>dicere,_</span> <span class='ocrx_word' id='word_1_546' title='bbox 2843 721 3016 774; x_wconf 90' lang='lat' dir='ltr'>homo</span> <span class='ocrx_word' id='word_1_547' title='bbox 3046 721 3150 775; x_wconf 89' lang='lat' dir='ltr'>iste</span> <span class='ocrx_word' id='word_1_548' title='bbox 3204 724 3477 798; x_wconf 87' lang='lat' dir='ltr'>ambulat,</span> <span class='ocrx_word' id='word_1_549' title='bbox 3533 726 3776 798; x_wconf 81' lang='lat' dir='ltr'>simplex</span> 
     </span>
    </p>
   </div>
   <div class='ocr_carea' id='block_1_79' title="bbox 2074 789 3774 866">
    <p class='ocr_par' dir='ltr' id='par_1_79' title="bbox 2074 789 3774 866">
     <span class='ocr_line' id='line_1_80' title="bbox 2074 789 3774 866; baseline 0.006 -24"><span class='ocrx_word' id='word_1_550' title='bbox 2074 789 2359 866; x_wconf 81' lang='lat' dir='ltr'>sententia</span> <span class='ocrx_word' id='word_1_551' title='bbox 2389 795 2476 843; x_wconf 90' lang='lat' dir='ltr'>est</span> <span class='ocrx_word' id='word_1_552' title='bbox 2509 807 2520 842; x_wconf 91' lang='lat'>:</span> <span class='ocrx_word' id='word_1_553' title='bbox 2557 807 2728 866; x_wconf 83' lang='lat' dir='ltr'>quam</span> <span class='ocrx_word' id='word_1_554' title='bbox 2757 791 3184 866; x_wconf 12' lang='lat' dir='ltr'>sirconcessero,</span> <span class='ocrx_word' id='word_1_555' title='bbox 3220 800 3272 847; x_wconf 90' lang='lat' dir='ltr'>et</span> <span class='ocrx_word' id='word_1_556' title='bbox 3303 789 3472 850; x_wconf 85' lang='lat' dir='ltr'>aliam</span> <span class='ocrx_word' id='word_1_557' title='bbox 3501 789 3774 866; x_wconf 43' lang='lat' dir='ltr'>quas-ali-</span> 
     </span>
    </p>
   </div>
   <div class='ocr_carea' id='block_1_80' title="bbox 2074 862 3772 936">
    <p class='ocr_par' dir='ltr' id='par_1_80' title="bbox 2074 862 3772 936">
     <span class='ocr_line' id='line_1_81' title="bbox 2074 862 3772 936; baseline 0.005 -22"><span class='ocrx_word' id='word_1_558' title='bbox 2074 862 2213 936; x_wconf 85' lang='lat' dir='ltr'>quid</span> <span class='ocrx_word' id='word_1_559' title='bbox 2245 867 2530 936; x_wconf 55' lang='lat' dir='ltr'>exspectat</span> <span class='ocrx_word' id='word_1_560' title='bbox 2546 862 2614 914; x_wconf 90' lang='lat' dir='ltr'>ad</span> <span class='ocrx_word' id='word_1_561' title='bbox 2643 865 3088 936; x_wconf 87' lang='lat' dir='ltr'>completionem</span> <span class='ocrx_word' id='word_1_562' title='bbox 3113 867 3410 920; x_wconf 72' lang='lat' dir='ltr'>sententiae</span> <span class='ocrx_word' id='word_1_563' title='bbox 3427 862 3772 936; x_wconf 55' lang='lat' dir='ltr'>adj&#39;unxerit:</span> 
     </span>
    </p>
   </div>
   <div class='ocr_carea' id='block_1_81' title="bbox 2075 932 3776 1003">
    <p class='ocr_par' dir='ltr' id='par_1_81' title="bbox 2075 932 3776 1003">
     <span class='ocr_line' id='line_1_82' title="bbox 2075 932 3776 1003; baseline 0.004 -18"><span class='ocrx_word' id='word_1_564' title='bbox 2075 932 2334 1003; x_wconf 89' lang='lat' dir='ltr'>quisquis</span> <span class='ocrx_word' id='word_1_565' title='bbox 2374 937 2563 986; x_wconf 91' lang='lat' dir='ltr'>autem</span> <span class='ocrx_word' id='word_1_566' title='bbox 2606 935 2882 1002; x_wconf 90' lang='lat' dir='ltr'>ambulat,</span> <span class='ocrx_word' id='word_1_567' title='bbox 2923 941 3196 989; x_wconf 88' lang='lat' dir='ltr'>movetur.</span> <span class='ocrx_word' id='word_1_568' title='bbox 3252 938 3314 990; x_wconf 85' lang='lat' dir='ltr'>Et</span> <span class='ocrx_word' id='word_1_569' title='bbox 3353 932 3698 992; x_wconf 52' lang='lat' dir='ltr'>hanc&#39;etiam</span> <span class='ocrx_word' id='word_1_570' title='bbox 3730 940 3776 993; x_wconf 87' lang='lat' dir='ltr'>si</span> 
     </span>
    </p>
   </div>
   <div class='ocr_carea' id='block_1_82' title="bbox 2075 1006 3776 1078">
    <p class='ocr_par' dir='ltr' id='par_1_82' title="bbox 2075 1006 3776 1078">
     <span class='ocr_line' id='line_1_83' title="bbox 2075 1006 3776 1078; baseline 0.004 -23"><span class='ocrx_word' id='word_1_571' title='bbox 2075 1019 2421 1078; x_wconf 83' lang='lat' dir='ltr'>concessero,</span> <span class='ocrx_word' id='word_1_572' title='bbox 2457 1021 2524 1057; x_wconf 85' lang='lat' dir='ltr'>ex</span> <span class='ocrx_word' id='word_1_573' title='bbox 2557 1006 2660 1078; x_wconf 84' lang='lat' dir='ltr'>hac</span> <span class='ocrx_word' id='word_1_574' title='bbox 2705 1006 3004 1074; x_wconf 88' lang='lat' dir='ltr'>junctione</span> <span class='ocrx_word' id='word_1_575' title='bbox 3055 1008 3468 1062; x_wconf 88' lang='lat' dir='ltr'>sententiarum</span> <span class='ocrx_word' id='word_1_576' title='bbox 3516 1010 3776 1078; x_wconf 86' lang='lat' dir='ltr'>quamvis</span> 
     </span>
    </p>
   </div>
   <div class='ocr_carea' id='block_1_83' title="bbox 2074 1074 3777 1145">
    <p class='ocr_par' dir='ltr' id='par_1_83' title="bbox 2074 1074 3777 1145">
     <span class='ocr_line' id='line_1_84' title="bbox 2074 1074 3777 1145; baseline 0.004 -17"><span class='ocrx_word' id='word_1_577' title='bbox 2074 1074 2407 1145; x_wconf 89' lang='lat' dir='ltr'>singillatim</span> <span class='ocrx_word' id='word_1_578' title='bbox 2435 1076 2860 1130; x_wconf 89' lang='lat' dir='ltr'>ennntiatarum</span> <span class='ocrx_word' id='word_1_579' title='bbox 2895 1083 2949 1130; x_wconf 90' lang='lat' dir='ltr'>et</span> <span class='ocrx_word' id='word_1_580' title='bbox 2978 1094 3394 1142; x_wconf 85' lang='lat' dir='ltr'>concessarum,</span> <span class='ocrx_word' id='word_1_581' title='bbox 3435 1074 3777 1134; x_wconf 52' lang='lat' dir='ltr'>illa—sumina</span> 
     </span>
    </p>
   </div>
   <div class='ocr_carea' id='block_1_84' title="bbox 2074 1145 3771 1222">
    <p class='ocr_par' dir='ltr' id='par_1_84' title="bbox 2074 1145 3771 1222">
     <span class='ocr_line' id='line_1_85' title="bbox 2074 1145 3771 1222; baseline 0.004 -25"><span class='ocrx_word' id='word_1_582' title='bbox 2074 1145 2352 1222; x_wconf 85' lang='lat' dir='ltr'>sequitur,</span> <span class='ocrx_word' id='word_1_583' title='bbox 2381 1162 2510 1222; x_wconf 69' lang='lat' dir='ltr'>quae</span> <span class='ocrx_word' id='word_1_584' title='bbox 2541 1149 2661 1217; x_wconf 86' lang='lat' dir='ltr'>jam</span> <span class='ocrx_word' id='word_1_585' title='bbox 2711 1148 3026 1202; x_wconf 89' lang='lat' dir='ltr'>necessario</span> <span class='ocrx_word' id='word_1_586' title='bbox 3072 1151 3366 1219; x_wconf 88' lang='lat' dir='ltr'>concedat,</span> <span class='ocrx_word' id='word_1_587' title='bbox 3413 1151 3468 1205; x_wconf 88' lang='lat' dir='ltr'>id</span> <span class='ocrx_word' id='word_1_588' title='bbox 3511 1157 3614 1218; x_wconf 90' lang='lat' dir='ltr'>est,</span> <span class='ocrx_word' id='word_1_589' title='bbox 3665 1152 3771 1222; x_wconf 87' lang='lat' dir='ltr'>igi-</span> 
     </span>
    </p>
   </div>
   <div class='ocr_carea' id='block_1_85' title="bbox 2073 1219 2807 1273">
    <p class='ocr_par' dir='ltr' id='par_1_85' title="bbox 2073 1219 2807 1273">
     <span class='ocr_line' id='line_1_86' title="bbox 2073 1219 2807 1273; baseline 0.004 -3"><span class='ocrx_word' id='word_1_590' title='bbox 2073 1221 2168 1270; x_wconf 85' lang='lat' dir='ltr'>tur</span> <span class='ocrx_word' id='word_1_591' title='bbox 2190 1219 2362 1270; x_wconf 91' lang='lat' dir='ltr'>homo</span> <span class='ocrx_word' id='word_1_592' title='bbox 2395 1219 2498 1270; x_wconf 88' lang='lat' dir='ltr'>iste</span> <span class='ocrx_word' id='word_1_593' title='bbox 2531 1223 2807 1273; x_wconf 91' lang='lat' dir='ltr'>movetur.</span> 
     </span>
    </p>
   </div>
   <div class='ocr_carea' id='block_1_86' title="bbox 2191 1289 3654 1358">
    <p class='ocr_par' dir='ltr' id='par_1_86' title="bbox 2191 1289 3654 1358">
     <span class='ocr_line' id='line_1_87' title="bbox 2191 1289 3654 1358; baseline 0.004 -18"><span class='ocrx_word' id='word_1_594' title='bbox 2191 1289 2413 1341; x_wconf 81' lang='lat' dir='ltr'><strong>CAPUT</strong></span> <span class='ocrx_word' id='word_1_595' title='bbox 2445 1290 2534 1342; x_wconf 92' lang='lat' dir='ltr'>IV.</span> <span class='ocrx_word' id='word_1_596' title='bbox 2563 1320 2630 1329; x_wconf 92' lang='lat'><strong><em>—</em></strong></span> <span class='ocrx_word' id='word_1_597' title='bbox 2661 1291 2985 1358; x_wconf 84' lang='lat' dir='ltr'>Conjunctas</span> <span class='ocrx_word' id='word_1_598' title='bbox 3017 1294 3306 1347; x_wconf 79' lang='lat' dir='ltr'>sententias</span> <span class='ocrx_word' id='word_1_599' title='bbox 3332 1292 3654 1347; x_wconf 78' lang='lat' dir='ltr'>subdividit.</span> 
     </span>
    </p>
   </div>
   <div class='ocr_carea' id='block_1_87' title="bbox 2149 1359 3772 1432">
    <p class='ocr_par' dir='ltr' id='par_1_87' title="bbox 2149 1359 3772 1432">
     <span class='ocr_line' id='line_1_88' title="bbox 2149 1359 3772 1432; baseline 0.005 -22"><span class='ocrx_word' id='word_1_600' title='bbox 2149 1359 2242 1432; x_wconf 79' lang='lat' dir='ltr'>His</span> <span class='ocrx_word' id='word_1_601' title='bbox 2272 1359 2448 1427; x_wconf 86' lang='lat' dir='ltr'>igitur</span> <span class='ocrx_word' id='word_1_602' title='bbox 2476 1359 2724 1412; x_wconf 84' lang='lat' dir='ltr'>breviter</span> <span class='ocrx_word' id='word_1_603' title='bbox 2749 1363 3091 1432; x_wconf 88' lang='lat' dir='ltr'>constitutis,</span> <span class='ocrx_word' id='word_1_604' title='bbox 3122 1363 3373 1432; x_wconf 87' lang='lat' dir='ltr'>singulas</span> <span class='ocrx_word' id='word_1_605' title='bbox 3407 1370 3597 1432; x_wconf 88' lang='lat' dir='ltr'>partes</span> <span class='ocrx_word' id='word_1_606' title='bbox 3630 1380 3772 1418; x_wconf 91' lang='lat' dir='ltr'>eon-</span> 
     </span>
    </p>
   </div>
   <div class='ocr_carea' id='block_1_88' title="bbox 2075 1427 3774 1505">
    <p class='ocr_par' dir='ltr' id='par_1_88' title="bbox 2075 1427 3774 1505">
     <span class='ocr_line' id='line_1_89' title="bbox 2075 1427 3774 1505; baseline 0.005 -25"><span class='ocrx_word' id='word_1_607' title='bbox 2075 1427 2407 1505; x_wconf 82' lang='lat' dir='ltr'>sideremus.</span> <span class='ocrx_word' id='word_1_608' title='bbox 2445 1432 2586 1505; x_wconf 57' lang='lat' dir='ltr'>Nam</span> <span class='ocrx_word' id='word_1_609' title='bbox 2614 1436 2748 1484; x_wconf 89' lang='lat' dir='ltr'>sunt</span> <span class='ocrx_word' id='word_1_610' title='bbox 2799 1431 3002 1505; x_wconf 62' lang='lat' dir='ltr'>prima:</span> <span class='ocrx_word' id='word_1_611' title='bbox 3053 1427 3372 1496; x_wconf 33' lang='lat' dir='ltr'>duaefuna</span> <span class='ocrx_word' id='word_1_612' title='bbox 3407 1427 3489 1488; x_wconf 71' lang='lat' dir='ltr'>de</span> <span class='ocrx_word' id='word_1_613' title='bbox 3536 1435 3604 1487; x_wconf 91' lang='lat' dir='ltr'>iis</span> <span class='ocrx_word' id='word_1_614' title='bbox 3645 1452 3774 1505; x_wconf 72' lang='lat' dir='ltr'>qua:</span> 
     </span>
    </p>
   </div>
   <div class='ocr_carea' id='block_1_89' title="bbox 2077 1499 3769 1574">
    <p class='ocr_par' dir='ltr' id='par_1_89' title="bbox 2077 1499 3769 1574">
     <span class='ocr_line' id='line_1_90' title="bbox 2077 1499 3769 1574; baseline 0.005 -23"><span class='ocrx_word' id='word_1_615' title='bbox 2077 1499 2416 1574; x_wconf 75' lang='lat' dir='ltr'>simpliciter</span> <span class='ocrx_word' id='word_1_616' title='bbox 2447 1501 2731 1568; x_wconf 87' lang='lat' dir='ltr'>dicuntur,</span> <span class='ocrx_word' id='word_1_617' title='bbox 2753 1499 2852 1555; x_wconf 80' lang='lat' dir='ltr'>ubi</span> <span class='ocrx_word' id='word_1_618' title='bbox 2871 1509 2952 1557; x_wconf 91' lang='lat' dir='ltr'>est</span> <span class='ocrx_word' id='word_1_619' title='bbox 2980 1505 3141 1574; x_wconf 91' lang='lat' dir='ltr'>quasi</span> <span class='ocrx_word' id='word_1_620' title='bbox 3169 1505 3407 1558; x_wconf 86' lang='lat' dir='ltr'>materia</span> <span class='ocrx_word' id='word_1_621' title='bbox 3438 1499 3769 1572; x_wconf 61' lang='lat' dir='ltr'>dialecticae;</span> 
     </span>
    </p>
   </div>
   <div class='ocr_carea' id='block_1_90' title="bbox 2078 1571 3777 1646">
    <p class='ocr_par' dir='ltr' id='par_1_90' title="bbox 2078 1571 3777 1646">
     <span class='ocr_line' id='line_1_91' title="bbox 2078 1571 3777 1646; baseline 0.004 -23"><span class='ocrx_word' id='word_1_622' title='bbox 2078 1571 2255 1624; x_wconf 88' lang='lat' dir='ltr'>altera</span> <span class='ocrx_word' id='word_1_623' title='bbox 2284 1571 2352 1624; x_wconf 88' lang='lat' dir='ltr'>de</span> <span class='ocrx_word' id='word_1_624' title='bbox 2383 1571 2452 1624; x_wconf 91' lang='lat' dir='ltr'>iis</span> <span class='ocrx_word' id='word_1_625' title='bbox 2482 1589 2611 1646; x_wconf 64' lang='lat' dir='ltr'>quas</span> <span class='ocrx_word' id='word_1_626' title='bbox 2642 1574 2967 1646; x_wconf 78' lang='lat' dir='ltr'>conjuncta</span> <span class='ocrx_word' id='word_1_627' title='bbox 2994 1571 3282 1641; x_wconf 79' lang='lat' dir='ltr'>dicuntur,</span> <span class='ocrx_word' id='word_1_628' title='bbox 3332 1575 3429 1629; x_wconf 90' lang='lat' dir='ltr'>ubi</span> <span class='ocrx_word' id='word_1_629' title='bbox 3461 1576 3582 1646; x_wconf 87' lang='lat' dir='ltr'>jam</span> <span class='ocrx_word' id='word_1_630' title='bbox 3614 1571 3777 1646; x_wconf 88' lang='lat' dir='ltr'>quasi</span> 
     </span>
    </p>
   </div>
   <div class='ocr_carea' id='block_1_91' title="bbox 2078 1643 3778 1718">
    <p class='ocr_par' dir='ltr' id='par_1_91' title="bbox 2078 1643 3778 1718">
     <span class='ocr_line' id='line_1_92' title="bbox 2078 1643 3778 1718; baseline 0.005 -24"><span class='ocrx_word' id='word_1_631' title='bbox 2078 1649 2509 1718; x_wconf 70' lang='lat' dir='ltr'>opusapparet,</span> <span class='ocrx_word' id='word_1_632' title='bbox 2543 1643 2757 1718; x_wconf 72' lang='lat' dir='ltr'>Quzede</span> <span class='ocrx_word' id='word_1_633' title='bbox 2779 1644 3157 1718; x_wconf 88' lang='lat' dir='ltr'>simplicibus,</span> <span class='ocrx_word' id='word_1_634' title='bbox 3183 1651 3417 1718; x_wconf 87' lang='lat' dir='ltr'>vocatur</span> <span class='ocrx_word' id='word_1_635' title='bbox 3444 1643 3512 1700; x_wconf 87' lang='lat' dir='ltr'>de</span> <span class='ocrx_word' id='word_1_636' title='bbox 3543 1643 3778 1718; x_wconf 73' lang='lat' dir='ltr'>loquen-</span> 
     </span>
    </p>
   </div>
   <div class='ocr_carea' id='block_1_92' title="bbox 2077 1713 3776 1787">
    <p class='ocr_par' dir='ltr' id='par_1_92' title="bbox 2077 1713 3776 1787">
     <span class='ocr_line' id='line_1_93' title="bbox 2077 1713 3776 1787; baseline 0.003 -21"><span class='ocrx_word' id='word_1_637' title='bbox 2077 1713 2303 1787; x_wconf 55' lang='lat' dir='ltr'>do:_llla</span> <span class='ocrx_word' id='word_1_638' title='bbox 2334 1730 2464 1787; x_wconf 65' lang='lat' dir='ltr'>vero</span> <span class='ocrx_word' id='word_1_639' title='bbox 2498 1731 2627 1784; x_wconf 77' lang='lat' dir='ltr'>quae</span> <span class='ocrx_word' id='word_1_640' title='bbox 2652 1713 3064 1787; x_wconf 86' lang='lat' dir='ltr'>deconjunctis</span> <span class='ocrx_word' id='word_1_641' title='bbox 3095 1721 3197 1783; x_wconf 89' lang='lat' dir='ltr'>est,</span> <span class='ocrx_word' id='word_1_642' title='bbox 3229 1717 3289 1769; x_wconf 91' lang='lat' dir='ltr'>in</span> <span class='ocrx_word' id='word_1_643' title='bbox 3319 1722 3434 1769; x_wconf 89' lang='lat' dir='ltr'>tres</span> <span class='ocrx_word' id='word_1_644' title='bbox 3468 1713 3657 1787; x_wconf 65' lang='lat' dir='ltr'>partes</span> <span class='ocrx_word' id='word_1_645' title='bbox 3690 1719 3776 1772; x_wconf 86' lang='lat' dir='ltr'>di-</span> 
     </span>
    </p>
   </div>
   <div class='ocr_carea' id='block_1_93' title="bbox 2077 1782 3780 1858">
    <p class='ocr_par' dir='ltr' id='par_1_93' title="bbox 2077 1782 3780 1858">
     <span class='ocr_line' id='line_1_94' title="bbox 2077 1782 3780 1858; baseline 0.005 -24"><span class='ocrx_word' id='word_1_646' title='bbox 2077 1782 2311 1858; x_wconf 77' lang='lat' dir='ltr'>viditur.</span> <span class='ocrx_word' id='word_1_647' title='bbox 2345 1782 2615 1858; x_wconf 75' lang='lat' dir='ltr'>Separata</span> <span class='ocrx_word' id='word_1_648' title='bbox 2646 1785 2800 1858; x_wconf 86' lang='lat' dir='ltr'>enim</span> <span class='ocrx_word' id='word_1_649' title='bbox 2840 1782 3239 1858; x_wconf 82' lang='lat' dir='ltr'>conjunctione</span> <span class='ocrx_word' id='word_1_650' title='bbox 3289 1782 3593 1840; x_wconf 69' lang='lat' dir='ltr'>verborum</span> <span class='ocrx_word' id='word_1_651' title='bbox 3651 1806 3780 1858; x_wconf 77' lang='lat' dir='ltr'>quze</span> 
     </span>
    </p>
   </div>
   <div class='ocr_carea' id='block_1_94' title="bbox 2077 1853 3778 1929">
    <p class='ocr_par' dir='ltr' id='par_1_94' title="bbox 2077 1853 3778 1929">
     <span class='ocr_line' id='line_1_95' title="bbox 2077 1853 3778 1929; baseline 0.004 -23"><span class='ocrx_word' id='word_1_652' title='bbox 2077 1868 2189 1906; x_wconf 91' lang='lat' dir='ltr'>non</span> <span class='ocrx_word' id='word_1_653' title='bbox 2220 1853 2423 1929; x_wconf 87' lang='lat' dir='ltr'>implet</span> <span class='ocrx_word' id='word_1_654' title='bbox 2452 1856 2816 1929; x_wconf 82' lang='lat' dir='ltr'>sententiam,</span> <span class='ocrx_word' id='word_1_655' title='bbox 2835 1857 2933 1929; x_wconf 86' lang='lat' dir='ltr'>illa</span> <span class='ocrx_word' id='word_1_656' title='bbox 2948 1853 3079 1927; x_wconf 63' lang='lat' dir='ltr'>qua:</span> <span class='ocrx_word' id='word_1_657' title='bbox 3098 1857 3176 1910; x_wconf 91' lang='lat' dir='ltr'>sic</span> <span class='ocrx_word' id='word_1_658' title='bbox 3195 1859 3394 1928; x_wconf 89' lang='lat' dir='ltr'>implet</span> <span class='ocrx_word' id='word_1_659' title='bbox 3413 1853 3778 1929; x_wconf 78' lang='lat' dir='ltr'>sententiam,</span> 
     </span>
    </p>
   </div>
   <div class='ocr_carea' id='block_1_95' title="bbox 2078 1926 3775 2002">
    <p class='ocr_par' dir='ltr' id='par_1_95' title="bbox 2078 1926 3775 2002">
     <span class='ocr_line' id='line_1_96' title="bbox 2078 1926 3775 2002; baseline 0.005 -26"><span class='ocrx_word' id='word_1_660' title='bbox 2078 1930 2143 1977; x_wconf 88' lang='lat' dir='ltr'>ut</span> <span class='ocrx_word' id='word_1_661' title='bbox 2164 1926 2420 1978; x_wconf 89' lang='lat' dir='ltr'>nondum</span> <span class='ocrx_word' id='word_1_662' title='bbox 2452 1926 2633 2002; x_wconf 77' lang='lat' dir='ltr'>faciat</span> <span class='ocrx_word' id='word_1_663' title='bbox 2648 1926 3025 2002; x_wconf 67' lang='lat' dir='ltr'>quaestionem</span> <span class='ocrx_word' id='word_1_664' title='bbox 3040 1930 3131 2002; x_wconf 86' lang='lat' dir='ltr'>vel</span> <span class='ocrx_word' id='word_1_665' title='bbox 3149 1926 3566 1999; x_wconf 81' lang='lat' dir='ltr'>diSputatorem</span> <span class='ocrx_word' id='word_1_666' title='bbox 3582 1926 3775 2002; x_wconf 59' lang='lat' dir='ltr'>requi4</span> 
     </span>
    </p>
   </div>
   <div class='ocr_carea' id='block_1_96' title="bbox 2078 1998 3779 2072">
    <p class='ocr_par' dir='ltr' id='par_1_96' title="bbox 2078 1998 3779 2072">
     <span class='ocr_line' id='line_1_97' title="bbox 2078 1998 3779 2072; baseline 0.005 -25"><span class='ocrx_word' id='word_1_667' title='bbox 2078 2000 2182 2058; x_wconf 87' lang='lat' dir='ltr'>rat,</span> <span class='ocrx_word' id='word_1_668' title='bbox 2219 2003 2452 2049; x_wconf 88' lang='lat' dir='ltr'>vocatur</span> <span class='ocrx_word' id='word_1_669' title='bbox 2477 1998 2550 2072; x_wconf 78' lang='lat' dir='ltr'>de</span> <span class='ocrx_word' id='word_1_670' title='bbox 2589 1999 2930 2072; x_wconf 75' lang='lat' dir='ltr'>eloquendo.</span> <span class='ocrx_word' id='word_1_671' title='bbox 2988 2000 3091 2072; x_wconf 88' lang='lat' dir='ltr'>Illa</span> <span class='ocrx_word' id='word_1_672' title='bbox 3121 1998 3266 2072; x_wconf 15' lang='lat' dir='ltr'>ivero</span> <span class='ocrx_word' id='word_1_673' title='bbox 3289 2070 3296 2072; x_wconf 15' lang='grc' dir='ltr'><strong>Α</strong></span> <span class='ocrx_word' id='word_1_674' title='bbox 3316 2017 3444 2070; x_wconf 67' lang='lat' dir='ltr'>qua:</span> <span class='ocrx_word' id='word_1_675' title='bbox 3473 2002 3550 2054; x_wconf 90' lang='lat' dir='ltr'>sic</span> <span class='ocrx_word' id='word_1_676' title='bbox 3578 1998 3779 2072; x_wconf 78' lang='lat' dir='ltr'>implet</span> 
     </span>
    </p>
   </div>
   <div class='ocr_carea' id='block_1_97' title="bbox 2079 2068 3777 2140">
    <p class='ocr_par' dir='ltr' id='par_1_97' title="bbox 2079 2068 3777 2140">
     <span class='ocr_line' id='line_1_98' title="bbox 2079 2068 3777 2140; baseline 0.005 -22"><span class='ocrx_word' id='word_1_677' title='bbox 2079 2082 2334 2140; x_wconf 82' lang='lat' dir='ltr'>sensum,</span> <span class='ocrx_word' id='word_1_678' title='bbox 2365 2073 2428 2120; x_wconf 89' lang='lat' dir='ltr'>ut</span> <span class='ocrx_word' id='word_1_679' title='bbox 2459 2068 2527 2121; x_wconf 93' lang='lat' dir='ltr'>de</span> <span class='ocrx_word' id='word_1_680' title='bbox 2567 2069 2862 2122; x_wconf 89' lang='lat' dir='ltr'>sententiis</span> <span class='ocrx_word' id='word_1_681' title='bbox 2892 2070 3246 2140; x_wconf 89' lang='lat' dir='ltr'>simplicibus</span> <span class='ocrx_word' id='word_1_682' title='bbox 3277 2068 3589 2140; x_wconf 72' lang='lat' dir='ltr'>jtidicetur,</span> <span class='ocrx_word' id='word_1_683' title='bbox 3615 2068 3777 2126; x_wconf 78' lang='lat' dir='ltr'>voca-</span> 
     </span>
    </p>
   </div>
   <div class='ocr_carea' id='block_1_98' title="bbox 2078 2138 3777 2212">
    <p class='ocr_par' dir='ltr' id='par_1_98' title="bbox 2078 2138 3777 2212">
     <span class='ocr_line' id='line_1_99' title="bbox 2078 2138 3777 2212; baseline 0.006 -24"><span class='ocrx_word' id='word_1_684' title='bbox 2078 2140 2172 2212; x_wconf 90' lang='lat' dir='ltr'>tur</span> <span class='ocrx_word' id='word_1_685' title='bbox 2203 2138 2270 2212; x_wconf 88' lang='lat' dir='ltr'>de</span> <span class='ocrx_word' id='word_1_686' title='bbox 2301 2139 2713 2212; x_wconf 87' lang='lat' dir='ltr'>proloquendo.</span> <span class='ocrx_word' id='word_1_687' title='bbox 2739 2141 2852 2212; x_wconf 82' lang='lat' dir='ltr'>Illa</span> <span class='ocrx_word' id='word_1_688' title='bbox 2882 2138 3032 2212; x_wconf 71' lang='lat' dir='ltr'>quze</span> <span class='ocrx_word' id='word_1_689' title='bbox 3056 2141 3134 2194; x_wconf 90' lang='lat' dir='ltr'>sic</span> <span class='ocrx_word' id='word_1_690' title='bbox 3177 2138 3614 2212; x_wconf 83' lang='lat' dir='ltr'>comprehendit</span> <span class='ocrx_word' id='word_1_691' title='bbox 3643 2160 3777 2197; x_wconf 81' lang='lat' dir='ltr'>sen-</span> 
     </span>
    </p>
   </div>
   <div class='ocr_carea' id='block_1_99' title="bbox 2078 2209 3777 2283">
    <p class='ocr_par' dir='ltr' id='par_1_99' title="bbox 2078 2209 3777 2283">
     <span class='ocr_line' id='line_1_100' title="bbox 2078 2209 3777 2283; baseline 0.005 -23"><span class='ocrx_word' id='word_1_692' title='bbox 2078 2209 2338 2283; x_wconf 86' lang='lat' dir='ltr'>tentiam,</span> <span class='ocrx_word' id='word_1_693' title='bbox 2364 2215 2427 2263; x_wconf 90' lang='lat' dir='ltr'>ut</span> <span class='ocrx_word' id='word_1_694' title='bbox 2455 2211 2521 2263; x_wconf 92' lang='lat' dir='ltr'>de</span> <span class='ocrx_word' id='word_1_695' title='bbox 2541 2210 2845 2283; x_wconf 88' lang='lat' dir='ltr'>ipsaetiam</span> <span class='ocrx_word' id='word_1_696' title='bbox 2873 2209 3235 2281; x_wconf 77' lang='lat' dir='ltr'>copulatione</span> <span class='ocrx_word' id='word_1_697' title='bbox 3263 2209 3570 2283; x_wconf 79' lang='lat' dir='ltr'>judicetur,</span> <span class='ocrx_word' id='word_1_698' title='bbox 3596 2215 3777 2269; x_wconf 89' lang='lat' dir='ltr'>donec</span> 
     </span>
    </p>
   </div>
   <div class='ocr_carea' id='block_1_100' title="bbox 2077 2281 3776 2355">
    <p class='ocr_par' dir='ltr' id='par_1_100' title="bbox 2077 2281 3776 2355">
     <span class='ocr_line' id='line_1_101' title="bbox 2077 2281 3776 2355; baseline 0.004 -24"><span class='ocrx_word' id='word_1_699' title='bbox 2077 2282 2444 2355; x_wconf 81' lang='lat' dir='ltr'>perveniatur</span> <span class='ocrx_word' id='word_1_700' title='bbox 2493 2281 2558 2334; x_wconf 89' lang='lat' dir='ltr'>ad</span> <span class='ocrx_word' id='word_1_701' title='bbox 2591 2298 2894 2355; x_wconf 85' lang='lat' dir='ltr'>summam,</span> <span class='ocrx_word' id='word_1_702' title='bbox 2945 2289 3176 2336; x_wconf 91' lang='lat' dir='ltr'>vocatur</span> <span class='ocrx_word' id='word_1_703' title='bbox 3218 2281 3286 2337; x_wconf 82' lang='lat' dir='ltr'>de</span> <span class='ocrx_word' id='word_1_704' title='bbox 3318 2286 3776 2355; x_wconf 88' lang='lat' dir='ltr'>proloquiorum</span> 
     </span>
    </p>
   </div>
   <div class='ocr_carea' id='block_1_101' title="bbox 2080 2353 3779 2427">
    <p class='ocr_par' dir='ltr' id='par_1_101' title="bbox 2080 2353 3779 2427">
     <span class='ocr_line' id='line_1_102' title="bbox 2080 2353 3779 2427; baseline 0.005 -25"><span class='ocrx_word' id='word_1_705' title='bbox 2080 2366 2324 2405; x_wconf 90' lang='lat' dir='ltr'>summa.</span> <span class='ocrx_word' id='word_1_706' title='bbox 2387 2353 2494 2406; x_wconf 85' lang='lat' dir='ltr'>Has</span> <span class='ocrx_word' id='word_1_707' title='bbox 2522 2369 2658 2423; x_wconf 86' lang='lat' dir='ltr'>ergo</span> <span class='ocrx_word' id='word_1_708' title='bbox 2707 2353 2958 2424; x_wconf 87' lang='lat' dir='ltr'>singulas</span> <span class='ocrx_word' id='word_1_709' title='bbox 3002 2359 3191 2424; x_wconf 89' lang='lat' dir='ltr'>partes</span> <span class='ocrx_word' id='word_1_710' title='bbox 3229 2353 3560 2424; x_wconf 74' lang='lat' dir='ltr'>diligentius</span> <span class='ocrx_word' id='word_1_711' title='bbox 3600 2357 3779 2427; x_wconf 77' lang='lat' dir='ltr'>expli-</span> 
     </span>
    </p>
   </div>
   <div class='ocr_carea' id='block_1_102' title="bbox 2078 2437 2291 2474">
    <p class='ocr_par' dir='ltr' id='par_1_102' title="bbox 2078 2437 2291 2474">
     <span class='ocr_line' id='line_1_103' title="bbox 2078 2437 2291 2474; baseline 0 0"><span class='ocrx_word' id='word_1_712' title='bbox 2078 2437 2291 2474; x_wconf 61' lang='lat' dir='ltr'>CttIDUS.</span> 
     </span>
    </p>
   </div>
   <div class='ocr_carea' id='block_1_103' title="bbox 2078 2492 3772 2564">
    <p class='ocr_par' dir='ltr' id='par_1_103' title="bbox 2078 2492 3772 2564">
     <span class='ocr_line' id='line_1_104' title="bbox 2078 2492 3772 2564; baseline 0.004 -17"><span class='ocrx_word' id='word_1_713' title='bbox 2078 2493 2302 2547; x_wconf 85' lang='lat' dir='ltr'><strong>CAPUT</strong></span> <span class='ocrx_word' id='word_1_714' title='bbox 2333 2492 2392 2544; x_wconf 87' lang='lat' dir='ltr'>V.</span> <span class='ocrx_word' id='word_1_715' title='bbox 2438 2521 2505 2531; x_wconf 93' lang='lat'>—</span> <span class='ocrx_word' id='word_1_716' title='bbox 2536 2493 2804 2558; x_wconf 84' lang='lat' dir='ltr'>Quomodo</span> <span class='ocrx_word' id='word_1_717' title='bbox 2862 2494 2928 2547; x_wconf 76' lang='lat' dir='ltr'>de</span> <span class='ocrx_word' id='word_1_718' title='bbox 2979 2495 3135 2550; x_wconf 80' lang='lat' dir='ltr'>rebus</span> <span class='ocrx_word' id='word_1_719' title='bbox 3184 2495 3380 2561; x_wconf 76' lang='lat' dir='ltr'>verbis,</span> <span class='ocrx_word' id='word_1_720' title='bbox 3438 2497 3772 2564; x_wconf 72' lang='lat' dir='ltr'>dicibilz’bus,</span> 
     </span>
    </p>
   </div>
   <div class='ocr_carea' id='block_1_104' title="bbox 2148 2564 3779 2639">
    <p class='ocr_par' dir='ltr' id='par_1_104' title="bbox 2148 2564 3779 2639">
     <span class='ocr_line' id='line_1_105' title="bbox 2148 2564 3779 2639; baseline 0.006 -24"><span class='ocrx_word' id='word_1_721' title='bbox 2148 2564 2496 2639; x_wconf 67' lang='lat' dir='ltr'>dictionibus,</span> <span class='ocrx_word' id='word_1_722' title='bbox 2548 2570 2810 2618; x_wconf 75' lang='lat' dir='ltr'>tractetur</span> <span class='ocrx_word' id='word_1_723' title='bbox 2854 2567 2911 2619; x_wconf 75' lang='lat' dir='ltr'>in</span> <span class='ocrx_word' id='word_1_724' title='bbox 2963 2566 3156 2633; x_wconf 78' lang='lat' dir='ltr'>logica.</span> <span class='ocrx_word' id='word_1_725' title='bbox 3206 2567 3485 2636; x_wconf 71' lang='lat' dir='ltr'>Differam</span> <span class='ocrx_word' id='word_1_726' title='bbox 3542 2570 3779 2639; x_wconf 74' lang='lat' dir='ltr'>dz&#39;cz&#39;bt&#39;le,</span> 
     </span>
    </p>
   </div>
   <div class='ocr_carea' id='block_1_105' title="bbox 2149 2635 2403 2688">
    <p class='ocr_par' dir='ltr' id='par_1_105' title="bbox 2149 2635 2403 2688">
     <span class='ocr_line' id='line_1_106' title="bbox 2149 2635 2403 2688; baseline 0.008 -3"><span class='ocrx_word' id='word_1_727' title='bbox 2149 2640 2196 2686; x_wconf 73' lang='lat' dir='ltr'>et</span> <span class='ocrx_word' id='word_1_728' title='bbox 2218 2635 2403 2688; x_wconf 78' lang='lat' dir='ltr'>dictio.</span> 
     </span>
    </p>
   </div>
   <div class='ocr_carea' id='block_1_106' title="bbox 2150 2704 3778 2778">
    <p class='ocr_par' dir='ltr' id='par_1_106' title="bbox 2150 2704 3778 2778">
     <span class='ocr_line' id='line_1_107' title="bbox 2150 2704 3778 2778; baseline 0.004 -22"><span class='ocrx_word' id='word_1_729' title='bbox 2150 2705 2395 2757; x_wconf 87' lang='lat' dir='ltr'>Verbum</span> <span class='ocrx_word' id='word_1_730' title='bbox 2411 2708 2496 2778; x_wconf 84' lang='lat' dir='ltr'>est</span> <span class='ocrx_word' id='word_1_731' title='bbox 2523 2704 2976 2778; x_wconf 80' lang='lat' dir='ltr'>uniuscujusque</span> <span class='ocrx_word' id='word_1_732' title='bbox 3002 2706 3084 2759; x_wconf 87' lang='lat' dir='ltr'>rei</span> <span class='ocrx_word' id='word_1_733' title='bbox 3119 2706 3371 2776; x_wconf 88' lang='lat' dir='ltr'>signum,</span> <span class='ocrx_word' id='word_1_734' title='bbox 3403 2709 3556 2778; x_wconf 89' lang='lat' dir='ltr'>quod</span> <span class='ocrx_word' id='word_1_735' title='bbox 3587 2711 3654 2763; x_wconf 89' lang='lat' dir='ltr'>ab</span> <span class='ocrx_word' id='word_1_736' title='bbox 3677 2727 3778 2763; x_wconf 85' lang='lat' dir='ltr'>au-</span> 
     </span>
    </p>
   </div>
   <div class='ocr_carea' id='block_1_107' title="bbox 2080 2773 3782 2848">
    <p class='ocr_par' dir='ltr' id='par_1_107' title="bbox 2080 2773 3782 2848">
     <span class='ocr_line' id='line_1_108' title="bbox 2080 2773 3782 2848; baseline 0.004 -20"><span class='ocrx_word' id='word_1_737' title='bbox 2080 2773 2270 2848; x_wconf 90' lang='lat' dir='ltr'>diente</span> <span class='ocrx_word' id='word_1_738' title='bbox 2311 2775 2504 2848; x_wconf 81' lang='lat' dir='ltr'>possit</span> <span class='ocrx_word' id='word_1_739' title='bbox 2553 2773 2816 2848; x_wconf 86' lang='lat' dir='ltr'>intelligi,</span> <span class='ocrx_word' id='word_1_740' title='bbox 2847 2773 3195 2842; x_wconf 42' lang='lat' dir='ltr'>a—loquente&#39;</span> <span class='ocrx_word' id='word_1_741' title='bbox 3213 2773 3518 2848; x_wconf 73' lang='lat' dir='ltr'>prolatum.</span> <span class='ocrx_word' id='word_1_742' title='bbox 3553 2781 3658 2833; x_wconf 88' lang='lat' dir='ltr'>Res</span> <span class='ocrx_word' id='word_1_743' title='bbox 3698 2786 3782 2834; x_wconf 87' lang='lat' dir='ltr'>est</span> 
     </span>
    </p>
   </div>
   <div class='ocr_carea' id='block_1_108' title="bbox 2081 2845 3782 2922">
    <p class='ocr_par' dir='ltr' id='par_1_108' title="bbox 2081 2845 3782 2922">
     <span class='ocr_line' id='line_1_109' title="bbox 2081 2845 3782 2922; baseline 0.004 -25"><span class='ocrx_word' id='word_1_744' title='bbox 2081 2845 2360 2922; x_wconf 77' lang='lat' dir='ltr'>quidquid</span> <span class='ocrx_word' id='word_1_745' title='bbox 2392 2846 2736 2922; x_wconf 80' lang='lat' dir='ltr'>intelligitur</span> <span class='ocrx_word' id='word_1_746' title='bbox 2766 2849 2852 2922; x_wconf 79' lang='lat' dir='ltr'>vel</span> <span class='ocrx_word' id='word_1_747' title='bbox 2883 2848 3128 2901; x_wconf 89' lang='lat' dir='ltr'>sentitur</span> <span class='ocrx_word' id='word_1_748' title='bbox 3157 2845 3244 2922; x_wconf 67' lang='lat' dir='ltr'>vel</span> <span class='ocrx_word' id='word_1_749' title='bbox 3278 2850 3432 2922; x_wconf 86' lang='lat' dir='ltr'>latet.</span> <span class='ocrx_word' id='word_1_750' title='bbox 3488 2849 3782 2922; x_wconf 83' lang='lat' dir='ltr'>[Sciuntur</span> 
     </span>
    </p>
   </div>
   <div class='ocr_carea' id='block_1_109' title="bbox 2081 2915 3779 2988">
    <p class='ocr_par' dir='ltr' id='par_1_109' title="bbox 2081 2915 3779 2988">
     <span class='ocr_line' id='line_1_110' title="bbox 2081 2915 3779 2988; baseline 0.005 -21"><span class='ocrx_word' id='word_1_751' title='bbox 2081 2915 2233 2988; x_wconf 85' lang='lat' dir='ltr'>enim</span> <span class='ocrx_word' id='word_1_752' title='bbox 2248 2915 2602 2987; x_wconf 77' lang='lat' dir='ltr'>corporalia,</span> <span class='ocrx_word' id='word_1_753' title='bbox 2662 2917 3064 2988; x_wconf 83' lang='lat' dir='ltr'>intelliguntur</span> <span class='ocrx_word' id='word_1_754' title='bbox 3093 2919 3447 2988; x_wconf 88' lang='lat' dir='ltr'>spiritualia;</span> <span class='ocrx_word' id='word_1_755' title='bbox 3479 2915 3616 2976; x_wconf 70' lang='lat' dir='ltr'>latet</span> <span class='ocrx_word' id='word_1_756' title='bbox 3648 2940 3779 2976; x_wconf 83' lang='lat' dir='ltr'>vero</span> 
     </span>
    </p>
   </div>
   <div class='ocr_carea' id='block_1_110' title="bbox 2080 2936 3778 3064">
    <p class='ocr_par' dir='ltr' id='par_1_110' title="bbox 2080 2936 3778 3064">
     <span class='ocr_line' id='line_1_111' title="bbox 2081 2936 3778 3044; baseline 0.005 -77"><span class='ocrx_word' id='word_1_757' title='bbox 2081 2936 2233 2968; x_wconf 79' lang='lat' dir='ltr'>enim</span> <span class='ocrx_word' id='word_1_758' title='bbox 2263 2936 2600 2987; x_wconf 71' lang='lat' dir='ltr'>corporalia,</span> <span class='ocrx_word' id='word_1_759' title='bbox 2662 2936 3064 2988; x_wconf 73' lang='lat' dir='ltr'>intelliguntur</span> <span class='ocrx_word' id='word_1_760' title='bbox 3093 2936 3447 3044; x_wconf 56' lang='lat' dir='ltr'>SSII‘ILualla;</span> <span class='ocrx_word' id='word_1_761' title='bbox 3480 2936 3616 2976; x_wconf 78' lang='lat' dir='ltr'>latet</span> <span class='ocrx_word' id='word_1_762' title='bbox 3648 2940 3778 2976; x_wconf 82' lang='lat' dir='ltr'>vero</span> 
     </span>
     <span class='ocr_line' id='line_1_112' title="bbox 2080 2986 3778 3064; baseline 0.004 -24"><span class='ocrx_word' id='word_1_763' title='bbox 2080 2986 2201 3057; x_wconf 92' lang='lat' dir='ltr'>ipse</span> <span class='ocrx_word' id='word_1_764' title='bbox 2236 2989 2404 3056; x_wconf 89' lang='lat' dir='ltr'>Deus,</span> <span class='ocrx_word' id='word_1_765' title='bbox 2437 2995 2492 3040; x_wconf 91' lang='lat' dir='ltr'>et</span> <span class='ocrx_word' id='word_1_766' title='bbox 2522 2988 2782 3064; x_wconf 85' lang='lat' dir='ltr'>informis</span> <span class='ocrx_word' id='word_1_767' title='bbox 2814 2991 3068 3064; x_wconf 83' lang='lat' dir='ltr'>materia.</span> <span class='ocrx_word' id='word_1_768' title='bbox 3155 3008 3254 3044; x_wconf 88' lang='lat' dir='ltr'>ens</span> <span class='ocrx_word' id='word_1_769' title='bbox 3285 2997 3366 3044; x_wconf 90' lang='lat' dir='ltr'>est</span> <span class='ocrx_word' id='word_1_770' title='bbox 3395 2996 3550 3062; x_wconf 91' lang='lat' dir='ltr'>quod</span> <span class='ocrx_word' id='word_1_771' title='bbox 3593 3009 3778 3064; x_wconf 88' lang='lat' dir='ltr'>neque</span> 
     </span>
    </p>
   </div>
   <div class='ocr_carea' id='block_1_111' title="bbox 2080 3061 3780 3134">
    <p class='ocr_par' dir='ltr' id='par_1_111' title="bbox 2080 3061 3780 3134">
     <span class='ocr_line' id='line_1_113' title="bbox 2080 3061 3780 3134; baseline 0.004 -24"><span class='ocrx_word' id='word_1_772' title='bbox 2080 3073 2285 3134; x_wconf 82' lang='lat' dir='ltr'>corpus</span> <span class='ocrx_word' id='word_1_773' title='bbox 2317 3065 2418 3126; x_wconf 91' lang='lat' dir='ltr'>est,</span> <span class='ocrx_word' id='word_1_774' title='bbox 2451 3075 2638 3130; x_wconf 90' lang='lat' dir='ltr'>neque</span> <span class='ocrx_word' id='word_1_775' title='bbox 2663 3061 2875 3134; x_wconf 86' lang='lat' dir='ltr'>animal</span> <span class='ocrx_word' id='word_1_776' title='bbox 2907 3067 3006 3134; x_wconf 87' lang='lat' dir='ltr'>est,</span> <span class='ocrx_word' id='word_1_777' title='bbox 3039 3078 3224 3132; x_wconf 91' lang='lat' dir='ltr'>neque</span> <span class='ocrx_word' id='word_1_778' title='bbox 3249 3061 3444 3116; x_wconf 77' lang='lat' dir='ltr'>sensus</span> <span class='ocrx_word' id='word_1_779' title='bbox 3466 3069 3570 3131; x_wconf 90' lang='lat' dir='ltr'>est,</span> <span class='ocrx_word' id='word_1_780' title='bbox 3595 3061 3780 3134; x_wconf 75' lang='lat' dir='ltr'>neque</span> 
     </span>
    </p>
   </div>
   <div class='ocr_carea' id='block_1_112' title="bbox 2080 3129 3774 3205">
    <p class='ocr_par' dir='ltr' id='par_1_112' title="bbox 2080 3129 3774 3205">
     <span class='ocr_line' id='line_1_114' title="bbox 2080 3129 3774 3205; baseline 0.004 -23"><span class='ocrx_word' id='word_1_781' title='bbox 2080 3129 2402 3205; x_wconf 78' lang='lat' dir='ltr'>intellectus</span> <span class='ocrx_word' id='word_1_782' title='bbox 2431 3129 2756 3205; x_wconf 24' lang='lat' dir='ltr'>est,’_neque</span> <span class='ocrx_word' id='word_1_783' title='bbox 2787 3133 3014 3205; x_wconf 5' lang='lat' dir='ltr'>aliquid,</span> <span class='ocrx_word' id='word_1_784' title='bbox 3035 3129 3185 3204; x_wconf 75' lang='lat' dir='ltr'>quod</span> <span class='ocrx_word' id='word_1_785' title='bbox 3230 3135 3538 3202; x_wconf 84' lang='lat' dir='ltr'>excogitari</span> <span class='ocrx_word' id='word_1_786' title='bbox 3559 3129 3774 3205; x_wconf 79' lang='lat' dir='ltr'>potest.</span> 
     </span>
    </p>
   </div>
   <div class='ocr_carea' id='block_1_113' title="bbox 2081 3201 3779 3272">
    <p class='ocr_par' dir='ltr' id='par_1_113' title="bbox 2081 3201 3779 3272">
     <span class='ocr_line' id='line_1_115' title="bbox 2081 3201 3779 3272; baseline 0.004 -18"><span class='ocrx_word' id='word_1_787' title='bbox 2081 3201 2346 3254; x_wconf 82' lang='lat' dir='ltr'>Informis</span> <span class='ocrx_word' id='word_1_788' title='bbox 2376 3202 2616 3255; x_wconf 79' lang='lat' dir='ltr'>materia</span> <span class='ocrx_word' id='word_1_789' title='bbox 2646 3201 2729 3256; x_wconf 84' lang='lat' dir='ltr'>est</span> <span class='ocrx_word' id='word_1_790' title='bbox 2759 3201 3110 3257; x_wconf 72' lang='lat' dir='ltr'>mutabilitas</span> <span class='ocrx_word' id='word_1_791' title='bbox 3158 3201 3522 3260; x_wconf 85' lang='lat' dir='ltr'>mutabilium</span> <span class='ocrx_word' id='word_1_792' title='bbox 3563 3201 3779 3272; x_wconf 78' lang='lat' dir='ltr'>rerum,</span> 
     </span>
    </p>
   </div>
   <div class='ocr_carea' id='block_1_114' title="bbox 2080 3273 3778 3348">
    <p class='ocr_par' dir='ltr' id='par_1_114' title="bbox 2080 3273 3778 3348">
     <span class='ocr_line' id='line_1_116' title="bbox 2080 3273 3778 3348; baseline 0.005 -25"><span class='ocrx_word' id='word_1_793' title='bbox 2080 3288 2255 3348; x_wconf 80' lang='lat' dir='ltr'>capax</span> <span class='ocrx_word' id='word_1_794' title='bbox 2286 3273 2544 3348; x_wconf 78' lang='lat' dir='ltr'>omnium</span> <span class='ocrx_word' id='word_1_795' title='bbox 2578 3275 2892 3328; x_wconf 86' lang='lat' dir='ltr'>formarum</span> <span class='ocrx_word' id='word_1_796' title='bbox 2921 3273 2990 3347; x_wconf 86' lang='grc'>¹.]</span> <span class='ocrx_word' id='word_1_797' title='bbox 3025 3276 3268 3348; x_wconf 85' lang='lat' dir='ltr'>Signum</span> <span class='ocrx_word' id='word_1_798' title='bbox 3298 3283 3381 3331; x_wconf 90' lang='lat' dir='ltr'>est</span> <span class='ocrx_word' id='word_1_799' title='bbox 3410 3283 3466 3331; x_wconf 89' lang='lat' dir='ltr'>et</span> <span class='ocrx_word' id='word_1_800' title='bbox 3503 3279 3656 3348; x_wconf 90' lang='lat' dir='ltr'>quod</span> <span class='ocrx_word' id='word_1_801' title='bbox 3687 3295 3778 3332; x_wconf 86' lang='lat' dir='ltr'>se-</span> 
     </span>
    </p>
   </div>
   <div class='ocr_carea' id='block_1_115' title="bbox 2080 3342 3776 3417">
    <p class='ocr_par' dir='ltr' id='par_1_115' title="bbox 2080 3342 3776 3417">
     <span class='ocr_line' id='line_1_117' title="bbox 2080 3342 3776 3417; baseline 0.005 -22"><span class='ocrx_word' id='word_1_802' title='bbox 2080 3342 2270 3417; x_wconf 85' lang='lat' dir='ltr'>ipsum</span> <span class='ocrx_word' id='word_1_803' title='bbox 2297 3343 2506 3407; x_wconf 87' lang='lat' dir='ltr'>sensui,</span> <span class='ocrx_word' id='word_1_804' title='bbox 2559 3352 2614 3417; x_wconf 85' lang='lat' dir='ltr'>et</span> <span class='ocrx_word' id='word_1_805' title='bbox 2643 3351 2852 3414; x_wconf 66' lang='lat' dir='ltr'>praeter</span> <span class='ocrx_word' id='word_1_806' title='bbox 2904 3342 3224 3417; x_wconf 52' lang='lat' dir='ltr'>se—aliquid</span> <span class='ocrx_word' id='word_1_807' title='bbox 3273 3348 3465 3402; x_wconf 89' lang='lat' dir='ltr'>animo</span> <span class='ocrx_word' id='word_1_808' title='bbox 3513 3342 3776 3404; x_wconf 78' lang='lat' dir='ltr'>ostendit.</span> 
     </span>
    </p>
   </div>
   <div class='ocr_carea' id='block_1_116' title="bbox 2084 3414 3780 3486">
    <p class='ocr_par' dir='ltr' id='par_1_116' title="bbox 2084 3414 3780 3486">
     <span class='ocr_line' id='line_1_118' title="bbox 2084 3414 3780 3486; baseline 0.002 -18"><span class='ocrx_word' id='word_1_809' title='bbox 2084 3414 2266 3486; x_wconf 86' lang='lat' dir='ltr'>Loqui</span> <span class='ocrx_word' id='word_1_810' title='bbox 2297 3420 2378 3467; x_wconf 91' lang='lat' dir='ltr'>est</span> <span class='ocrx_word' id='word_1_811' title='bbox 2406 3416 2700 3468; x_wconf 89' lang='lat' dir='ltr'>articulata</span> <span class='ocrx_word' id='word_1_812' title='bbox 2732 3431 2866 3469; x_wconf 90' lang='lat' dir='ltr'>voce</span> <span class='ocrx_word' id='word_1_813' title='bbox 2898 3414 3127 3486; x_wconf 80' lang='lat' dir='ltr'>signum</span> <span class='ocrx_word' id='word_1_814' title='bbox 3160 3419 3312 3471; x_wconf 88' lang='lat' dir='ltr'>dare.</span> <span class='ocrx_word' id='word_1_815' title='bbox 3347 3420 3658 3472; x_wconf 89' lang='lat' dir='ltr'>Articulata</span> <span class='ocrx_word' id='word_1_816' title='bbox 3680 3437 3780 3472; x_wconf 87' lang='lat' dir='ltr'>au-</span> 
     </span>
    </p>
   </div>
   <div class='ocr_carea' id='block_1_117' title="bbox 2077 3485 3780 3557">
    <p class='ocr_par' dir='ltr' id='par_1_117' title="bbox 2077 3485 3780 3557">
     <span class='ocr_line' id='line_1_119' title="bbox 2077 3485 3780 3557; baseline 0.003 -18"><span class='ocrx_word' id='word_1_817' title='bbox 2077 3488 2191 3539; x_wconf 90' lang='lat' dir='ltr'>tem</span> <span class='ocrx_word' id='word_1_818' title='bbox 2209 3485 2334 3557; x_wconf 87' lang='lat' dir='ltr'>dico</span> <span class='ocrx_word' id='word_1_819' title='bbox 2356 3487 2510 3555; x_wconf 88' lang='lat' dir='ltr'>quod</span> <span class='ocrx_word' id='word_1_820' title='bbox 2541 3485 3181 3556; x_wconf 26' lang='lat' dir='ltr'>comprehendi’litteris</span> <span class='ocrx_word' id='word_1_821' title='bbox 3201 3493 3402 3557; x_wconf 89' lang='lat' dir='ltr'>potest.</span> <span class='ocrx_word' id='word_1_822' title='bbox 3431 3491 3558 3543; x_wconf 67' lang='lat' dir='ltr'>Haec</span> <span class='ocrx_word' id='word_1_823' title='bbox 3588 3495 3780 3544; x_wconf 88' lang='lat' dir='ltr'>autem</span> 
     </span>
    </p>
   </div>
   <div class='ocr_carea' id='block_1_118' title="bbox 2078 3556 3784 3628">
    <p class='ocr_par' dir='ltr' id='par_1_118' title="bbox 2078 3556 3784 3628">
     <span class='ocr_line' id='line_1_120' title="bbox 2078 3556 3784 3628; baseline 0.004 -19"><span class='ocrx_word' id='word_1_824' title='bbox 2078 3556 2272 3609; x_wconf 90' lang='lat' dir='ltr'>omnia</span> <span class='ocrx_word' id='word_1_825' title='bbox 2303 3573 2430 3628; x_wconf 68' lang='lat' dir='ltr'>qua:</span> <span class='ocrx_word' id='word_1_826' title='bbox 2458 3557 2692 3610; x_wconf 86' lang='lat' dir='ltr'>deﬁnita</span> <span class='ocrx_word' id='word_1_827' title='bbox 2723 3562 2875 3622; x_wconf 90' lang='lat' dir='ltr'>sunt,</span> <span class='ocrx_word' id='word_1_828' title='bbox 2907 3563 3100 3610; x_wconf 89' lang='lat' dir='ltr'>utrum</span> <span class='ocrx_word' id='word_1_829' title='bbox 3132 3556 3278 3612; x_wconf 81' lang='lat' dir='ltr'>recte</span> <span class='ocrx_word' id='word_1_830' title='bbox 3307 3559 3539 3614; x_wconf 87' lang='lat' dir='ltr'>deﬁnita</span> <span class='ocrx_word' id='word_1_831' title='bbox 3562 3561 3690 3628; x_wconf 88' lang='lat' dir='ltr'>sint,</span> <span class='ocrx_word' id='word_1_832' title='bbox 3726 3566 3784 3615; x_wconf 90' lang='lat' dir='ltr'>et</span> 
     </span>
    </p>
   </div>
   <div class='ocr_carea' id='block_1_119' title="bbox 2081 3627 3781 3685">
    <p class='ocr_par' dir='ltr' id='par_1_119' title="bbox 2081 3627 3781 3685">
     <span class='ocr_line' id='line_1_121' title="bbox 2081 3627 3781 3685; baseline 0.004 -7"><span class='ocrx_word' id='word_1_833' title='bbox 2081 3633 2276 3679; x_wconf 91' lang='lat' dir='ltr'>utrum</span> <span class='ocrx_word' id='word_1_834' title='bbox 2305 3627 2579 3680; x_wconf 89' lang='lat' dir='ltr'>hactenus</span> <span class='ocrx_word' id='word_1_835' title='bbox 2609 3629 2778 3681; x_wconf 75' lang='lat' dir='ltr'>verba</span> <span class='ocrx_word' id='word_1_836' title='bbox 2807 3628 3156 3682; x_wconf 86' lang='lat' dir='ltr'>deﬁnitionis</span> <span class='ocrx_word' id='word_1_837' title='bbox 3188 3629 3312 3682; x_wconf 90' lang='lat' dir='ltr'>aliis</span> <span class='ocrx_word' id='word_1_838' title='bbox 3348 3627 3781 3685; x_wconf 88' lang='lat' dir='ltr'>deﬁnitionibus</span> 
     </span>
    </p>
   </div>
   <div class='ocr_carea' id='block_1_120' title="bbox 2076 3698 3775 3773">
    <p class='ocr_par' dir='ltr' id='par_1_120' title="bbox 2076 3698 3775 3773">
     <span class='ocr_line' id='line_1_122' title="bbox 2076 3698 3775 3773; baseline 0.005 -24"><span class='ocrx_word' id='word_1_839' title='bbox 2076 3698 2747 3773; x_wconf 75' lang='lat' dir='ltr'>prosequenda__t&#39;uerint,</span> <span class='ocrx_word' id='word_1_840' title='bbox 2779 3699 2873 3752; x_wconf 90' lang='lat' dir='ltr'>ille</span> <span class='ocrx_word' id='word_1_841' title='bbox 2905 3699 3181 3773; x_wconf 85' lang='lat' dir='ltr'>indicabit</span> <span class='ocrx_word' id='word_1_842' title='bbox 3211 3702 3455 3773; x_wconf 85' lang='lat' dir='ltr'>locusin</span> <span class='ocrx_word' id='word_1_843' title='bbox 3487 3719 3601 3773; x_wconf 91' lang='lat' dir='ltr'>quo</span> <span class='ocrx_word' id='word_1_844' title='bbox 3633 3703 3775 3757; x_wconf 84' lang='lat' dir='ltr'>deli-</span> 
     </span>
    </p>
   </div>
   <div class='ocr_carea' id='block_1_121' title="bbox 2080 3767 3777 3844">
    <p class='ocr_par' dir='ltr' id='par_1_121' title="bbox 2080 3767 3777 3844">
     <span class='ocr_line' id='line_1_123' title="bbox 2080 3767 3777 3844; baseline 0.005 -25"><span class='ocrx_word' id='word_1_845' title='bbox 2080 3767 2278 3844; x_wconf 78' lang='lat' dir='ltr'>niendi</span> <span class='ocrx_word' id='word_1_846' title='bbox 2310 3768 2611 3844; x_wconf 73' lang='lat' dir='ltr'>disciplina</span> <span class='ocrx_word' id='word_1_847' title='bbox 2631 3775 2929 3844; x_wconf 84' lang='lat' dir='ltr'>tractatur.</span> <span class='ocrx_word' id='word_1_848' title='bbox 2970 3771 3131 3824; x_wconf 86' lang='lat' dir='ltr'>Nunc</span> <span class='ocrx_word' id='word_1_849' title='bbox 3186 3772 3337 3844; x_wconf 90' lang='lat' dir='ltr'>quod</span> <span class='ocrx_word' id='word_1_850' title='bbox 3371 3767 3558 3835; x_wconf 73' lang='lat' dir='ltr'>instat,</span> <span class='ocrx_word' id='word_1_851' title='bbox 3587 3775 3777 3844; x_wconf 89' lang='lat' dir='ltr'>accipe</span> 
     </span>
    </p>
   </div>
   <div class='ocr_carea' id='block_1_122' title="bbox 2078 3838 3782 3899">
    <p class='ocr_par' dir='ltr' id='par_1_122' title="bbox 2078 3838 3782 3899">
     <span class='ocr_line' id='line_1_124' title="bbox 2078 3838 3782 3899; baseline 0.005 -8"><span class='ocrx_word' id='word_1_852' title='bbox 2078 3838 2350 3893; x_wconf 89' lang='lat' dir='ltr'>intentus.</span> <span class='ocrx_word' id='word_1_853' title='bbox 2414 3841 2594 3894; x_wconf 90' lang='lat' dir='ltr'>Omne</span> <span class='ocrx_word' id='word_1_854' title='bbox 2643 3842 2879 3895; x_wconf 88' lang='lat' dir='ltr'>verbum</span> <span class='ocrx_word' id='word_1_855' title='bbox 2943 3847 3125 3896; x_wconf 90' lang='lat' dir='ltr'>sonat.</span> <span class='ocrx_word' id='word_1_856' title='bbox 3185 3838 3325 3897; x_wconf 88' lang='lat' dir='ltr'>Cum</span> <span class='ocrx_word' id='word_1_857' title='bbox 3382 3845 3537 3899; x_wconf 90' lang='lat' dir='ltr'>enim</span> <span class='ocrx_word' id='word_1_858' title='bbox 3582 3851 3668 3899; x_wconf 89' lang='lat' dir='ltr'>est</span> <span class='ocrx_word' id='word_1_859' title='bbox 3707 3838 3782 3899; x_wconf 69' lang='lat' dir='ltr'>in</span> 
     </span>
    </p>
   </div>
   <div class='ocr_carea' id='block_1_123' title="bbox 2077 3910 3778 3987">
    <p class='ocr_par' dir='ltr' id='par_1_123' title="bbox 2077 3910 3778 3987">
     <span class='ocr_line' id='line_1_125' title="bbox 2077 3910 3778 3987; baseline 0.005 -24"><span class='ocrx_word' id='word_1_860' title='bbox 2077 3910 2310 3987; x_wconf 78' lang='lat' dir='ltr'>scripto,</span> <span class='ocrx_word' id='word_1_861' title='bbox 2345 3925 2460 3987; x_wconf 84' lang='lat' dir='ltr'>non</span> <span class='ocrx_word' id='word_1_862' title='bbox 2492 3912 2749 3987; x_wconf 86' lang='lat' dir='ltr'>verbum,</span> <span class='ocrx_word' id='word_1_863' title='bbox 2797 3913 2896 3987; x_wconf 84' lang='lat' dir='ltr'>sed</span> <span class='ocrx_word' id='word_1_864' title='bbox 2924 3913 3084 3966; x_wconf 88' lang='lat' dir='ltr'>verbi</span> <span class='ocrx_word' id='word_1_865' title='bbox 3136 3914 3366 3984; x_wconf 90' lang='lat' dir='ltr'>signum</span> <span class='ocrx_word' id='word_1_866' title='bbox 3398 3921 3499 3971; x_wconf 89' lang='lat' dir='ltr'>est.</span> <span class='ocrx_word' id='word_1_867' title='bbox 3557 3917 3778 3987; x_wconf 87' lang='lat' dir='ltr'>Quippe</span> 
     </span>
    </p>
   </div>
   <div class='ocr_carea' id='block_1_124' title="bbox 2074 3979 3779 4058">
    <p class='ocr_par' dir='ltr' id='par_1_124' title="bbox 2074 3979 3779 4058">
     <span class='ocr_line' id='line_1_126' title="bbox 2074 3979 3779 4058; baseline 0.004 -24"><span class='ocrx_word' id='word_1_868' title='bbox 2074 3979 2344 4050; x_wconf 87' lang='lat' dir='ltr'>inspectis</span> <span class='ocrx_word' id='word_1_869' title='bbox 2375 3999 2406 4035; x_wconf 91' lang='lat' dir='ltr'>a</span> <span class='ocrx_word' id='word_1_870' title='bbox 2440 3984 2661 4058; x_wconf 81' lang='lat' dir='ltr'>legente</span> <span class='ocrx_word' id='word_1_871' title='bbox 2686 3979 3430 4058; x_wconf 16' lang='lat' dir='ltr'>litteris,»occurrit&#39;animo,</span> <span class='ocrx_word' id='word_1_872' title='bbox 3463 3979 3616 4058; x_wconf 80' lang='lat' dir='ltr'>quod</span> <span class='ocrx_word' id='word_1_873' title='bbox 3647 3979 3779 4041; x_wconf 58' lang='lat' dir='ltr'>voce</span> 
     </span>
    </p>
   </div>
   <div class='ocr_carea' id='block_1_125' title="bbox 2073 4055 3778 4128">
    <p class='ocr_par' dir='ltr' id='par_1_125' title="bbox 2073 4055 3778 4128">
     <span class='ocr_line' id='line_1_127' title="bbox 2073 4055 3778 4128; baseline 0.004 -22"><span class='ocrx_word' id='word_1_874' title='bbox 2073 4055 2609 4128; x_wconf 83' lang='lat' dir='ltr'>pr_orumpat._Quid</span> <span class='ocrx_word' id='word_1_875' title='bbox 2663 4055 2818 4109; x_wconf 90' lang='lat' dir='ltr'>enim</span> <span class='ocrx_word' id='word_1_876' title='bbox 2877 4055 3031 4108; x_wconf 90' lang='lat' dir='ltr'>aliud</span> <span class='ocrx_word' id='word_1_877' title='bbox 3087 4056 3289 4128; x_wconf 63' lang='lat' dir='ltr'>litteras</span> <span class='ocrx_word' id='word_1_878' title='bbox 3337 4055 3562 4127; x_wconf 75' lang='lat' dir='ltr'>scriptae</span> <span class='ocrx_word' id='word_1_879' title='bbox 3602 4075 3778 4128; x_wconf 90' lang='lat' dir='ltr'>quam</span> 
     </span>
    </p>
   </div>
   <div class='ocr_carea' id='block_1_126' title="bbox 2075 4124 3778 4193">
    <p class='ocr_par' dir='ltr' id='par_1_126' title="bbox 2075 4124 3778 4193">
     <span class='ocr_line' id='line_1_128' title="bbox 2075 4124 3778 4193; baseline 0.004 -18"><span class='ocrx_word' id='word_1_880' title='bbox 2075 4124 2287 4192; x_wconf 88' lang='lat' dir='ltr'>seipsas</span> <span class='ocrx_word' id='word_1_881' title='bbox 2326 4124 2523 4192; x_wconf 90' lang='lat' dir='ltr'>oculis,</span> <span class='ocrx_word' id='word_1_882' title='bbox 2583 4130 2640 4178; x_wconf 93' lang='lat' dir='ltr'>et</span> <span class='ocrx_word' id='word_1_883' title='bbox 2694 4130 2904 4193; x_wconf 77' lang='lat' dir='ltr'>praeter</span> <span class='ocrx_word' id='word_1_884' title='bbox 2932 4141 2988 4178; x_wconf 92' lang='lat' dir='ltr'>se</span> <span class='ocrx_word' id='word_1_885' title='bbox 3021 4127 3213 4180; x_wconf 90' lang='lat' dir='ltr'>animo</span> <span class='ocrx_word' id='word_1_886' title='bbox 3240 4144 3402 4181; x_wconf 91' lang='lat' dir='ltr'>voces</span> <span class='ocrx_word' id='word_1_887' title='bbox 3429 4124 3778 4182; x_wconf 80' lang='lat' dir='ltr'>ostendunt?</span> 
     </span>
    </p>
   </div>
   <div class='ocr_carea' id='block_1_127' title="bbox 2075 4194 3778 4269">
    <p class='ocr_par' dir='ltr' id='par_1_127' title="bbox 2075 4194 3778 4269">
     <span class='ocr_line' id='line_1_129' title="bbox 2075 4194 3778 4269; baseline 0.004 -24"><span class='ocrx_word' id='word_1_888' title='bbox 2075 4194 2220 4257; x_wconf 90' lang='lat' dir='ltr'>Quia</span> <span class='ocrx_word' id='word_1_889' title='bbox 2241 4199 2296 4269; x_wconf 84' lang='lat' dir='ltr'>et</span> <span class='ocrx_word' id='word_1_890' title='bbox 2310 4196 2479 4264; x_wconf 91' lang='lat' dir='ltr'>paulo</span> <span class='ocrx_word' id='word_1_891' title='bbox 2509 4201 2640 4248; x_wconf 89' lang='lat' dir='ltr'>ante</span> <span class='ocrx_word' id='word_1_892' title='bbox 2673 4195 2943 4269; x_wconf 83' lang='lat' dir='ltr'>diximus,</span> <span class='ocrx_word' id='word_1_893' title='bbox 2966 4197 3196 4269; x_wconf 85' lang='lat' dir='ltr'>signum</span> <span class='ocrx_word' id='word_1_894' title='bbox 3218 4214 3336 4256; x_wconf 90' lang='lat' dir='ltr'>esse</span> <span class='ocrx_word' id='word_1_895' title='bbox 3359 4199 3513 4268; x_wconf 91' lang='lat' dir='ltr'>quod</span> <span class='ocrx_word' id='word_1_896' title='bbox 3529 4200 3778 4269; x_wconf 89' lang='lat' dir='ltr'>seipsum</span> 
     </span>
    </p>
   </div>
   <div class='ocr_carea' id='block_1_128' title="bbox 2071 4265 3778 4340">
    <p class='ocr_par' dir='ltr' id='par_1_128' title="bbox 2071 4265 3778 4340">
     <span class='ocr_line' id='line_1_130' title="bbox 2071 4265 3778 4340; baseline 0.005 -23"><span class='ocrx_word' id='word_1_897' title='bbox 2071 4265 2372 4340; x_wconf 81' lang='lat' dir='ltr'>sensui,_et</span> <span class='ocrx_word' id='word_1_898' title='bbox 2402 4271 2612 4334; x_wconf 61' lang='lat' dir='ltr'>praeter</span> <span class='ocrx_word' id='word_1_899' title='bbox 2632 4283 2691 4320; x_wconf 88' lang='lat' dir='ltr'>se</span> <span class='ocrx_word' id='word_1_900' title='bbox 2721 4267 2913 4340; x_wconf 87' lang='lat' dir='ltr'>animo</span> <span class='ocrx_word' id='word_1_901' title='bbox 2942 4265 3157 4338; x_wconf 88' lang='lat' dir='ltr'>aliquid</span> <span class='ocrx_word' id='word_1_902' title='bbox 3197 4265 3444 4340; x_wconf 85' lang='lat' dir='ltr'>ostendit</span> <span class='ocrx_word' id='word_1_903' title='bbox 3475 4287 3486 4323; x_wconf 93' lang='lat'>:</span> <span class='ocrx_word' id='word_1_904' title='bbox 3524 4265 3652 4340; x_wconf 69' lang='lat' dir='ltr'>quas</span> <span class='ocrx_word' id='word_1_905' title='bbox 3698 4271 3778 4324; x_wconf 90' lang='lat' dir='ltr'>le-</span> 
     </span>
    </p>
   </div>
   <div class='ocr_carea' id='block_1_129' title="bbox 2116 4335 3774 4409">
    <p class='ocr_par' dir='ltr' id='par_1_129' title="bbox 2116 4335 3774 4409">
     <span class='ocr_line' id='line_1_131' title="bbox 2116 4335 3774 4409; baseline 0.005 -22"><span class='ocrx_word' id='word_1_906' title='bbox 2116 4336 2266 4409; x_wconf 86' lang='lat' dir='ltr'>imus</span> <span class='ocrx_word' id='word_1_907' title='bbox 2294 4335 2491 4409; x_wconf 83' lang='lat' dir='ltr'>igitur,</span> <span class='ocrx_word' id='word_1_908' title='bbox 2542 4353 2658 4390; x_wconf 92' lang='lat' dir='ltr'>non</span> <span class='ocrx_word' id='word_1_909' title='bbox 2718 4338 2887 4391; x_wconf 90' lang='lat' dir='ltr'>verba</span> <span class='ocrx_word' id='word_1_910' title='bbox 2941 4335 3092 4400; x_wconf 77' lang='lat' dir='ltr'>sunt,</span> <span class='ocrx_word' id='word_1_911' title='bbox 3129 4339 3226 4392; x_wconf 90' lang='lat' dir='ltr'>sed</span> <span class='ocrx_word' id='word_1_912' title='bbox 3256 4339 3421 4409; x_wconf 91' lang='lat' dir='ltr'>signa</span> <span class='ocrx_word' id='word_1_913' title='bbox 3451 4335 3774 4397; x_wconf 76' lang='lat' dir='ltr'>verborum.</span> 
     </span>
    </p>
   </div>
   <div class='ocr_carea' id='block_1_130' title="bbox 2074 4352 3778 4479">
    <p class='ocr_par' dir='ltr' id='par_1_130' title="bbox 2074 4352 3778 4479">
     <span class='ocr_line' id='line_1_132' title="bbox 2116 4352 3774 4409; baseline 0.005 -22"><span class='ocrx_word' id='word_1_914' title='bbox 2116 4352 2266 4389; x_wconf 83' lang='lat' dir='ltr'>imus</span> <span class='ocrx_word' id='word_1_915' title='bbox 2294 4352 2491 4404; x_wconf 78' lang='lat' dir='ltr'>igitur,</span> <span class='ocrx_word' id='word_1_916' title='bbox 2542 4353 2658 4390; x_wconf 92' lang='lat' dir='ltr'>non</span> <span class='ocrx_word' id='word_1_917' title='bbox 2718 4352 2887 4391; x_wconf 87' lang='lat' dir='ltr'>verna</span> <span class='ocrx_word' id='word_1_918' title='bbox 2941 4352 3092 4400; x_wconf 85' lang='lat' dir='ltr'>sunt,</span> <span class='ocrx_word' id='word_1_919' title='bbox 3129 4352 3226 4392; x_wconf 86' lang='lat' dir='ltr'>seu</span> <span class='ocrx_word' id='word_1_920' title='bbox 3256 4355 3421 4409; x_wconf 73' lang='lat' dir='ltr'>srgna</span> <span class='ocrx_word' id='word_1_921' title='bbox 3451 4352 3774 4397; x_wconf 85' lang='lat' dir='ltr'>verborum.</span> 
     </span>
     <span class='ocr_line' id='line_1_133' title="bbox 2074 4352 3778 4479; baseline 0.004 -20"><span class='ocrx_word' id='word_1_922' title='bbox 2074 4352 2184 4460; x_wconf 65' lang='lat' dir='ltr'>ged</span> <span class='ocrx_word' id='word_1_923' title='bbox 2212 4411 2273 4460; x_wconf 91' lang='lat' dir='ltr'>ut</span> <span class='ocrx_word' id='word_1_924' title='bbox 2302 4406 2424 4476; x_wconf 89' lang='lat' dir='ltr'>ipsa</span> <span class='ocrx_word' id='word_1_925' title='bbox 2454 4407 2662 4472; x_wconf 87' lang='lat' dir='ltr'>littera,</span> <span class='ocrx_word' id='word_1_926' title='bbox 2694 4425 2824 4462; x_wconf 89' lang='lat' dir='ltr'>cum</span> <span class='ocrx_word' id='word_1_927' title='bbox 2855 4409 2926 4462; x_wconf 89' lang='lat' dir='ltr'>sit</span> <span class='ocrx_word' id='word_1_928' title='bbox 2951 4425 3080 4479; x_wconf 90' lang='lat' dir='ltr'>pars</span> <span class='ocrx_word' id='word_1_929' title='bbox 3113 4410 3354 4463; x_wconf 88' lang='lat' dir='ltr'>minima</span> <span class='ocrx_word' id='word_1_930' title='bbox 3386 4412 3534 4464; x_wconf 90' lang='lat' dir='ltr'>vocis</span> <span class='ocrx_word' id='word_1_931' title='bbox 3562 4413 3778 4466; x_wconf 89' lang='lat' dir='ltr'>articu-</span> 
     </span>
    </p>
   </div>
   <div class='ocr_carea' id='block_1_131' title="bbox 2073 4478 3778 4552">
    <p class='ocr_par' dir='ltr' id='par_1_131' title="bbox 2073 4478 3778 4552">
     <span class='ocr_line' id='line_1_134' title="bbox 2073 4478 3778 4552; baseline 0.004 -22"><span class='ocrx_word' id='word_1_932' title='bbox 2073 4478 2220 4552; x_wconf 65' lang='lat' dir='ltr'>latm,</span> <span class='ocrx_word' id='word_1_933' title='bbox 2279 4479 2570 4552; x_wconf 88' lang='lat' dir='ltr'>abutimur</span> <span class='ocrx_word' id='word_1_934' title='bbox 2615 4485 2810 4533; x_wconf 88' lang='lat' dir='ltr'>tamen</span> <span class='ocrx_word' id='word_1_935' title='bbox 2847 4478 2968 4533; x_wconf 79' lang='lat' dir='ltr'>hoc</span> <span class='ocrx_word' id='word_1_936' title='bbox 2999 4481 3271 4534; x_wconf 89' lang='lat' dir='ltr'>vocabulo</span> <span class='ocrx_word' id='word_1_937' title='bbox 3311 4486 3377 4535; x_wconf 87' lang='lat' dir='ltr'>ut</span> <span class='ocrx_word' id='word_1_938' title='bbox 3421 4485 3778 4552; x_wconf 87' lang='lat' dir='ltr'>appellemus</span> 
     </span>
    </p>
   </div>
   <div class='ocr_carea' id='block_1_132' title="bbox 2075 4548 3778 4625">
    <p class='ocr_par' dir='ltr' id='par_1_132' title="bbox 2075 4548 3778 4625">
     <span class='ocr_line' id='line_1_135' title="bbox 2075 4548 3778 4625; baseline 0.004 -24"><span class='ocrx_word' id='word_1_939' title='bbox 2075 4548 2348 4625; x_wconf 83' lang='lat' dir='ltr'>litteram,</span> <span class='ocrx_word' id='word_1_940' title='bbox 2401 4550 2580 4625; x_wconf 81' lang='lat' dir='ltr'>etiam</span> <span class='ocrx_word' id='word_1_941' title='bbox 2629 4566 2759 4604; x_wconf 90' lang='lat' dir='ltr'>cum</span> <span class='ocrx_word' id='word_1_942' title='bbox 2819 4552 3088 4625; x_wconf 81' lang='lat' dir='ltr'>scriptam</span> <span class='ocrx_word' id='word_1_943' title='bbox 3162 4552 3420 4625; x_wconf 89' lang='lat' dir='ltr'>videmus</span> <span class='ocrx_word' id='word_1_944' title='bbox 3445 4548 3475 4620; x_wconf 71' lang='grc'><strong>;’</strong></span> <span class='ocrx_word' id='word_1_945' title='bbox 3496 4548 3778 4625; x_wconf 64' lang='grc' dir='ltr'>’(Ῑιιδῐηνίε</span> 
     </span>
    </p>
   </div>
   <div class='ocr_carea' id='block_1_133' title="bbox 2075 4620 3778 4695">
    <p class='ocr_par' dir='ltr' id='par_1_133' title="bbox 2075 4620 3778 4695">
     <span class='ocr_line' id='line_1_136' title="bbox 2075 4620 3778 4695; baseline 0.005 -23"><span class='ocrx_word' id='word_1_946' title='bbox 2075 4620 2310 4695; x_wconf 87' lang='lat' dir='ltr'>omnino</span> <span class='ocrx_word' id='word_1_947' title='bbox 2341 4621 2508 4695; x_wconf 84' lang='lat' dir='ltr'>tacita</span> <span class='ocrx_word' id='word_1_948' title='bbox 2538 4621 2630 4686; x_wconf 86' lang='lat' dir='ltr'>sit,</span> <span class='ocrx_word' id='word_1_949' title='bbox 2685 4638 2871 4695; x_wconf 85' lang='lat' dir='ltr'>neque</span> <span class='ocrx_word' id='word_1_950' title='bbox 2903 4623 3178 4695; x_wconf 85' lang='lat' dir='ltr'>ullapars</span> <span class='ocrx_word' id='word_1_951' title='bbox 3211 4624 3380 4690; x_wconf 87' lang='lat' dir='ltr'>vocis,</span> <span class='ocrx_word' id='word_1_952' title='bbox 3415 4625 3514 4678; x_wconf 91' lang='lat' dir='ltr'>sed</span> <span class='ocrx_word' id='word_1_953' title='bbox 3535 4620 3778 4695; x_wconf 55' lang='lat' dir='ltr'>&#39;signum</span> 
     </span>
    </p>
   </div>
   <div class='ocr_carea' id='block_1_134' title="bbox 2071 4690 3778 4767">
    <p class='ocr_par' dir='ltr' id='par_1_134' title="bbox 2071 4690 3778 4767">
     <span class='ocr_line' id='line_1_137' title="bbox 2071 4690 3778 4767; baseline 0.004 -24"><span class='ocrx_word' id='word_1_954' title='bbox 2071 4690 2253 4760; x_wconf 87' lang='lat' dir='ltr'>partis</span> <span class='ocrx_word' id='word_1_955' title='bbox 2292 4693 2442 4767; x_wconf 85' lang='lat' dir='ltr'>vocis</span> <span class='ocrx_word' id='word_1_956' title='bbox 2490 4698 2759 4761; x_wconf 88' lang='lat' dir='ltr'>appareat</span> <span class='ocrx_word' id='word_1_957' title='bbox 2792 4708 2806 4746; x_wconf 93' lang='lat'>:</span> <span class='ocrx_word' id='word_1_958' title='bbox 2837 4692 2914 4767; x_wconf 85' lang='lat' dir='ltr'>ita</span> <span class='ocrx_word' id='word_1_959' title='bbox 2963 4690 3135 4767; x_wconf 77' lang='lat' dir='ltr'>etiam</span> <span class='ocrx_word' id='word_1_960' title='bbox 3186 4695 3422 4767; x_wconf 77' lang='lat' dir='ltr'>verbum</span> <span class='ocrx_word' id='word_1_961' title='bbox 3458 4690 3778 4767; x_wconf 84' lang='lat' dir='ltr'>appellatur</span> 
     </span>
    </p>
   </div>
   <div class='ocr_carea' id='block_1_135' title="bbox 2074 4763 3778 4836">
    <p class='ocr_par' dir='ltr' id='par_1_135' title="bbox 2074 4763 3778 4836">
     <span class='ocr_line' id='line_1_138' title="bbox 2074 4763 3778 4836; baseline 0.004 -22"><span class='ocrx_word' id='word_1_962' title='bbox 2074 4777 2205 4836; x_wconf 84' lang='lat' dir='ltr'>cum</span> <span class='ocrx_word' id='word_1_963' title='bbox 2238 4763 2508 4832; x_wconf 88' lang='lat' dir='ltr'>scriptum</span> <span class='ocrx_word' id='word_1_964' title='bbox 2536 4768 2640 4828; x_wconf 88' lang='lat' dir='ltr'>est,</span> <span class='ocrx_word' id='word_1_965' title='bbox 2675 4764 2932 4836; x_wconf 84' lang='lat' dir='ltr'>quamvis</span> <span class='ocrx_word' id='word_1_966' title='bbox 2965 4765 3120 4818; x_wconf 89' lang='lat' dir='ltr'>verbi</span> <span class='ocrx_word' id='word_1_967' title='bbox 3153 4765 3381 4836; x_wconf 85' lang='lat' dir='ltr'>signum</span> <span class='ocrx_word' id='word_1_968' title='bbox 3405 4763 3778 4836; x_wconf 81' lang='lat' dir='ltr'>signiﬁcantis</span> 
     </span>
    </p>
   </div>
   <div class='ocr_carea' id='block_1_136' title="bbox 2073 4833 3771 4905">
    <p class='ocr_par' dir='ltr' id='par_1_136' title="bbox 2073 4833 3771 4905">
     <span class='ocr_line' id='line_1_139' title="bbox 2073 4833 3771 4905; baseline 0.004 -20"><span class='ocrx_word' id='word_1_969' title='bbox 2073 4833 2223 4905; x_wconf 90' lang='lat' dir='ltr'>vocis</span> <span class='ocrx_word' id='word_1_970' title='bbox 2257 4849 2372 4886; x_wconf 91' lang='lat' dir='ltr'>non</span> <span class='ocrx_word' id='word_1_971' title='bbox 2419 4836 2656 4905; x_wconf 86' lang='lat' dir='ltr'>eluceat.</span> <span class='ocrx_word' id='word_1_972' title='bbox 2694 4835 2861 4903; x_wconf 84' lang='lat' dir='ltr'>Ergo,</span> <span class='ocrx_word' id='word_1_973' title='bbox 2921 4839 2985 4888; x_wconf 88' lang='lat' dir='ltr'>ut</span> <span class='ocrx_word' id='word_1_974' title='bbox 3015 4833 3300 4905; x_wconf 71' lang='lat' dir='ltr'>cmperam</span> <span class='ocrx_word' id='word_1_975' title='bbox 3355 4833 3559 4904; x_wconf 72' lang='lat' dir='ltr'>dicere,</span> <span class='ocrx_word' id='word_1_976' title='bbox 3603 4855 3771 4892; x_wconf 90' lang='lat' dir='ltr'>omne</span> 
     </span>
    </p>
   </div>
   <div class='ocr_carea' id='block_1_137' title="bbox 2073 4904 3770 4976">
    <p class='ocr_par' dir='ltr' id='par_1_137' title="bbox 2073 4904 3770 4976">
     <span class='ocr_line' id='line_1_140' title="bbox 2073 4904 3770 4976; baseline 0.004 -20"><span class='ocrx_word' id='word_1_977' title='bbox 2073 4904 2314 4976; x_wconf 82' lang='lat' dir='ltr'>verbum</span> <span class='ocrx_word' id='word_1_978' title='bbox 2357 4908 2541 4976; x_wconf 83' lang='lat' dir='ltr'>sonat.</span> <span class='ocrx_word' id='word_1_979' title='bbox 2576 4904 2698 4976; x_wconf 10' lang='lat' dir='ltr'>Sed?</span> <span class='ocrx_word' id='word_1_980' title='bbox 2719 4906 2872 4976; x_wconf 91' lang='lat' dir='ltr'>quod</span> <span class='ocrx_word' id='word_1_981' title='bbox 2903 4904 3265 4976; x_wconf 23' lang='lat' dir='ltr'>sonat,7nihil</span> <span class='ocrx_word' id='word_1_982' title='bbox 3298 4909 3366 4962; x_wconf 88' lang='lat' dir='ltr'>ad</span> <span class='ocrx_word' id='word_1_983' title='bbox 3396 4911 3770 4964; x_wconf 87' lang='lat' dir='ltr'>dialecticam.</span> 
     </span>
    </p>
   </div>
   <div class='ocr_carea' id='block_1_138' title="bbox 2073 4975 3774 5049">
    <p class='ocr_par' dir='ltr' id='par_1_138' title="bbox 2073 4975 3774 5049">
     <span class='ocr_line' id='line_1_141' title="bbox 2073 4975 3774 5049; baseline 0.004 -21"><span class='ocrx_word' id='word_1_984' title='bbox 2073 4975 2151 5049; x_wconf 79' lang='lat' dir='ltr'>De</span> <span class='ocrx_word' id='word_1_985' title='bbox 2193 4992 2331 5049; x_wconf 89' lang='lat' dir='ltr'>sono</span> <span class='ocrx_word' id='word_1_986' title='bbox 2362 4975 2515 5028; x_wconf 90' lang='lat' dir='ltr'>enim</span> <span class='ocrx_word' id='word_1_987' title='bbox 2549 4975 2704 5029; x_wconf 89' lang='lat' dir='ltr'>verbi</span> <span class='ocrx_word' id='word_1_988' title='bbox 2737 4975 2951 5047; x_wconf 76' lang='lat' dir='ltr'>agitur,</span> <span class='ocrx_word' id='word_1_989' title='bbox 2980 4975 3110 5031; x_wconf 87' lang='lat' dir='ltr'>cum</span> <span class='ocrx_word' id='word_1_990' title='bbox 3143 4980 3443 5049; x_wconf 66' lang='lat' dir='ltr'>quaeritur,</span> <span class='ocrx_word' id='word_1_991' title='bbox 3476 4981 3562 5032; x_wconf 87' lang='lat' dir='ltr'>vel</span> <span class='ocrx_word' id='word_1_992' title='bbox 3593 4981 3774 5034; x_wconf 82' lang='lat' dir='ltr'>anim-</span> 
     </span>
    </p>
   </div>
   <div class='ocr_carea' id='block_1_139' title="bbox 2073 5046 3770 5121">
    <p class='ocr_par' dir='ltr' id='par_1_139' title="bbox 2073 5046 3770 5121">
     <span class='ocr_line' id='line_1_142' title="bbox 2073 5046 3770 5121; baseline 0.002 -21"><span class='ocrx_word' id='word_1_993' title='bbox 2073 5046 2404 5121; x_wconf 76' lang='lat' dir='ltr'>advertitur,</span> <span class='ocrx_word' id='word_1_994' title='bbox 2437 5053 2651 5121; x_wconf 84' lang='lat' dir='ltr'>quanta</span> <span class='ocrx_word' id='word_1_995' title='bbox 2673 5046 2956 5121; x_wconf 75' lang='lat' dir='ltr'>vocalium</span> <span class='ocrx_word' id='word_1_996' title='bbox 2985 5051 3072 5103; x_wconf 87' lang='lat' dir='ltr'>vel</span> <span class='ocrx_word' id='word_1_997' title='bbox 3104 5046 3475 5121; x_wconf 77' lang='lat' dir='ltr'>dispositione</span> <span class='ocrx_word' id='word_1_998' title='bbox 3506 5052 3770 5111; x_wconf 88' lang='lat' dir='ltr'>leniatur,</span> 
     </span>
    </p>
   </div>
   <div class='ocr_carea' id='block_1_140' title="bbox 2071 5117 3775 5184">
    <p class='ocr_par' dir='ltr' id='par_1_140' title="bbox 2071 5117 3775 5184">
     <span class='ocr_line' id='line_1_143' title="bbox 2071 5117 3775 5184; baseline 0.002 -14"><span class='ocrx_word' id='word_1_999' title='bbox 2071 5119 2161 5170; x_wconf 89' lang='lat' dir='ltr'>vel</span> <span class='ocrx_word' id='word_1_1000' title='bbox 2193 5117 2566 5171; x_wconf 90' lang='lat' dir='ltr'>concursione</span> <span class='ocrx_word' id='word_1_1001' title='bbox 2599 5118 2885 5184; x_wconf 89' lang='lat' dir='ltr'>dehiscat;</span> <span class='ocrx_word' id='word_1_1002' title='bbox 2918 5119 3056 5174; x_wconf 90' lang='lat' dir='ltr'>item</span> <span class='ocrx_word' id='word_1_1003' title='bbox 3098 5117 3540 5175; x_wconf 44' lang='lat' dir='ltr'>con—sonantium</span> <span class='ocrx_word' id='word_1_1004' title='bbox 3569 5123 3655 5175; x_wconf 88' lang='lat' dir='ltr'>vel</span> <span class='ocrx_word' id='word_1_1005' title='bbox 3686 5122 3775 5174; x_wconf 87' lang='lat' dir='ltr'>in-</span> 
     </span>
    </p>
   </div>
   <div class='ocr_carea' id='block_1_141' title="bbox 2071 5189 3774 5262">
    <p class='ocr_par' dir='ltr' id='par_1_141' title="bbox 2071 5189 3774 5262">
     <span class='ocr_line' id='line_1_144' title="bbox 2071 5189 3774 5262; baseline 0.004 -21"><span class='ocrx_word' id='word_1_1006' title='bbox 2071 5189 2741 5262; x_wconf 78' lang='lat' dir='ltr'>terpositionenodetur,</span> <span class='ocrx_word' id='word_1_1007' title='bbox 2785 5191 2878 5262; x_wconf 83' lang='lat' dir='ltr'>vel</span> <span class='ocrx_word' id='word_1_1008' title='bbox 2934 5193 3300 5262; x_wconf 86' lang='lat' dir='ltr'>congestione</span> <span class='ocrx_word' id='word_1_1009' title='bbox 3356 5197 3689 5261; x_wconf 83' lang='lat' dir='ltr'>asperetur;</span> <span class='ocrx_word' id='word_1_1010' title='bbox 3721 5197 3774 5247; x_wconf 91' lang='lat' dir='ltr'>et</span> 
     </span>
    </p>
   </div>
   <div class='ocr_carea' id='block_1_142' title="bbox 2073 5260 3772 5334">
    <p class='ocr_par' dir='ltr' id='par_1_142' title="bbox 2073 5260 3772 5334">
     <span class='ocr_line' id='line_1_145' title="bbox 2073 5260 3772 5334; baseline 0.003 -22"><span class='ocrx_word' id='word_1_1011' title='bbox 2073 5265 2211 5330; x_wconf 89' lang='lat' dir='ltr'>quot</span> <span class='ocrx_word' id='word_1_1012' title='bbox 2237 5260 2320 5312; x_wconf 84' lang='lat' dir='ltr'>vel</span> <span class='ocrx_word' id='word_1_1013' title='bbox 2351 5260 2617 5330; x_wconf 90' lang='lat' dir='ltr'>qualibus</span> <span class='ocrx_word' id='word_1_1014' title='bbox 2639 5261 2868 5331; x_wconf 79' lang='lat' dir='ltr'>syllabis</span> <span class='ocrx_word' id='word_1_1015' title='bbox 2898 5260 3141 5331; x_wconf 75' lang='lat' dir='ltr'>constet,</span> <span class='ocrx_word' id='word_1_1016' title='bbox 3165 5262 3263 5315; x_wconf 91' lang='lat' dir='ltr'>ubi</span> <span class='ocrx_word' id='word_1_1017' title='bbox 3297 5260 3552 5332; x_wconf 86' lang='lat' dir='ltr'>poeticus</span> <span class='ocrx_word' id='word_1_1018' title='bbox 3581 5263 3772 5334; x_wconf 83' lang='lat' dir='ltr'>rhyth-</span> 
     </span>
    </p>
   </div>
   <div class='ocr_carea' id='block_1_143' title="bbox 2071 5333 3774 5402">
    <p class='ocr_par' dir='ltr' id='par_1_143' title="bbox 2071 5333 3774 5402">
     <span class='ocr_line' id='line_1_146' title="bbox 2071 5333 3774 5402; baseline 0.003 -19"><span class='ocrx_word' id='word_1_1019' title='bbox 2071 5346 2200 5383; x_wconf 90' lang='lat' dir='ltr'>mus</span> <span class='ocrx_word' id='word_1_1020' title='bbox 2231 5335 2610 5402; x_wconf 90' lang='lat' dir='ltr'>accentusque</span> <span class='ocrx_word' id='word_1_1021' title='bbox 2633 5349 2665 5386; x_wconf 89' lang='lat' dir='ltr'>a</span> <span class='ocrx_word' id='word_1_1022' title='bbox 2694 5334 3082 5402; x_wconf 88' lang='lat' dir='ltr'>grammaticis</span> <span class='ocrx_word' id='word_1_1023' title='bbox 3099 5334 3219 5386; x_wconf 90' lang='lat' dir='ltr'>solo</span> <span class='ocrx_word' id='word_1_1024' title='bbox 3249 5333 3475 5387; x_wconf 89' lang='lat' dir='ltr'>aurium</span> <span class='ocrx_word' id='word_1_1025' title='bbox 3501 5339 3774 5388; x_wconf 87' lang='lat' dir='ltr'>tractatur</span> 
     </span>
    </p>
   </div>
   <div class='ocr_carea' id='block_1_144' title="bbox 2070 5401 3772 5475">
    <p class='ocr_par' dir='ltr' id='par_1_144' title="bbox 2070 5401 3772 5475">
     <span class='ocr_line' id='line_1_147' title="bbox 2070 5401 3772 5475; baseline 0.004 -22"><span class='ocrx_word' id='word_1_1026' title='bbox 2070 5401 2326 5475; x_wconf 80' lang='lat' dir='ltr'>negotio.</span> <span class='ocrx_word' id='word_1_1027' title='bbox 2364 5403 2427 5455; x_wconf 82' lang='lat' dir='ltr'>Et</span> <span class='ocrx_word' id='word_1_1028' title='bbox 2450 5408 2644 5457; x_wconf 87' lang='lat' dir='ltr'>tamen</span> <span class='ocrx_word' id='word_1_1029' title='bbox 2674 5421 2803 5458; x_wconf 88' lang='lat' dir='ltr'>cum</span> <span class='ocrx_word' id='word_1_1030' title='bbox 2832 5405 2901 5458; x_wconf 90' lang='lat' dir='ltr'>de</span> <span class='ocrx_word' id='word_1_1031' title='bbox 2934 5405 3021 5458; x_wconf 89' lang='lat' dir='ltr'>his</span> <span class='ocrx_word' id='word_1_1032' title='bbox 3053 5403 3392 5473; x_wconf 84' lang='lat' dir='ltr'>disputatur,</span> <span class='ocrx_word' id='word_1_1033' title='bbox 3419 5412 3630 5475; x_wconf 64' lang='lat' dir='ltr'>praeter</span> <span class='ocrx_word' id='word_1_1034' title='bbox 3658 5405 3772 5459; x_wconf 89' lang='lat' dir='ltr'>dia-</span> 
     </span>
    </p>
   </div>
   <div class='ocr_carea' id='block_1_145' title="bbox 2068 5472 3768 5546">
    <p class='ocr_par' dir='ltr' id='par_1_145' title="bbox 2068 5472 3768 5546">
     <span class='ocr_line' id='line_1_148' title="bbox 2068 5472 3768 5546; baseline 0.002 -21"><span class='ocrx_word' id='word_1_1035' title='bbox 2068 5472 2328 5546; x_wconf 65' lang='lat' dir='ltr'>lecticam</span> <span class='ocrx_word' id='word_1_1036' title='bbox 2359 5490 2482 5546; x_wconf 87' lang='lat' dir='ltr'>non</span> <span class='ocrx_word' id='word_1_1037' title='bbox 2505 5479 2591 5528; x_wconf 91' lang='lat' dir='ltr'>est</span> <span class='ocrx_word' id='word_1_1038' title='bbox 2624 5491 2636 5528; x_wconf 92' lang='lat'>:</span> <span class='ocrx_word' id='word_1_1039' title='bbox 2670 5475 2790 5529; x_wconf 66' lang='lat' dir='ltr'>haec</span> <span class='ocrx_word' id='word_1_1040' title='bbox 2821 5477 2973 5529; x_wconf 90' lang='lat' dir='ltr'>enim</span> <span class='ocrx_word' id='word_1_1041' title='bbox 3034 5472 3271 5529; x_wconf 79' lang='lat' dir='ltr'>scientia</span> <span class='ocrx_word' id='word_1_1042' title='bbox 3300 5472 3628 5546; x_wconf 73' lang='lat' dir='ltr'>disputandi</span> <span class='ocrx_word' id='word_1_1043' title='bbox 3668 5482 3768 5530; x_wconf 89' lang='lat' dir='ltr'>est.</span> 
     </span>
    </p>
   </div>
   <div class='ocr_carea' id='block_1_146' title="bbox 2069 5543 3772 5619">
    <p class='ocr_par' dir='ltr' id='par_1_146' title="bbox 2069 5543 3772 5619">
     <span class='ocr_line' id='line_1_149' title="bbox 2069 5543 3772 5619; baseline 0.002 -22"><span class='ocrx_word' id='word_1_1044' title='bbox 2069 5543 2177 5599; x_wconf 91' lang='lat' dir='ltr'>Sed</span> <span class='ocrx_word' id='word_1_1045' title='bbox 2207 5550 2344 5598; x_wconf 90' lang='lat' dir='ltr'>tunc</span> <span class='ocrx_word' id='word_1_1046' title='bbox 2372 5545 2545 5599; x_wconf 88' lang='lat' dir='ltr'>verba</span> <span class='ocrx_word' id='word_1_1047' title='bbox 2598 5552 2731 5602; x_wconf 90' lang='lat' dir='ltr'>sunt</span> <span class='ocrx_word' id='word_1_1048' title='bbox 2784 5547 2941 5617; x_wconf 89' lang='lat' dir='ltr'>signa</span> <span class='ocrx_word' id='word_1_1049' title='bbox 2974 5562 3188 5615; x_wconf 87' lang='lat' dir='ltr'>rerum,</span> <span class='ocrx_word' id='word_1_1050' title='bbox 3250 5543 3478 5618; x_wconf 75' lang='lat' dir='ltr'>quando</span> <span class='ocrx_word' id='word_1_1051' title='bbox 3510 5549 3578 5603; x_wconf 89' lang='lat' dir='ltr'>de</span> <span class='ocrx_word' id='word_1_1052' title='bbox 3632 5547 3772 5619; x_wconf 89' lang='lat' dir='ltr'>ipsis</span> 
     </span>
    </p>
   </div>
   <div class='ocr_carea' id='block_1_147' title="bbox 2137 5651 3773 5724">
    <p class='ocr_par' dir='ltr' id='par_1_147' title="bbox 2137 5651 3773 5724">
     <span class='ocr_line' id='line_1_150' title="bbox 2137 5651 3773 5724; baseline 0.002 -25"><span class='ocrx_word' id='word_1_1053' title='bbox 2137 5653 2151 5685; x_wconf 87' lang='grc'>¹</span> <span class='ocrx_word' id='word_1_1054' title='bbox 2177 5651 2364 5724; x_wconf 62' lang='lat' dir='ltr'>lethaeo</span> <span class='ocrx_word' id='word_1_1055' title='bbox 2385 5666 2503 5716; x_wconf 72' lang='lat' dir='ltr'>quae</span> <span class='ocrx_word' id='word_1_1056' title='bbox 2534 5655 2680 5704; x_wconf 87' lang='lat' dir='ltr'>uncis</span> <span class='ocrx_word' id='word_1_1057' title='bbox 2708 5653 2930 5712; x_wconf 80' lang='lat' dir='ltr'>inclusa,</span> <span class='ocrx_word' id='word_1_1058' title='bbox 2965 5655 3162 5705; x_wconf 84' lang='lat' dir='ltr'>absunt</span> <span class='ocrx_word' id='word_1_1059' title='bbox 3189 5655 3357 5704; x_wconf 84' lang='lat' dir='ltr'>aMss.</span> <span class='ocrx_word' id='word_1_1060' title='bbox 3389 5654 3544 5706; x_wconf 88' lang='lat' dir='ltr'>Corb.</span> <span class='ocrx_word' id='word_1_1061' title='bbox 3569 5659 3622 5705; x_wconf 84' lang='lat' dir='ltr'>et</span> <span class='ocrx_word' id='word_1_1062' title='bbox 3649 5658 3773 5703; x_wconf 84' lang='lat' dir='ltr'>Ger-</span> 
     </span>
    </p>
   </div>
   <div class='ocr_carea' id='block_1_148' title="bbox 2071 5727 2331 5765">
    <p class='ocr_par' dir='ltr' id='par_1_148' title="bbox 2071 5727 2331 5765">
     <span class='ocr_line' id='line_1_151' title="bbox 2071 5727 2331 5765; baseline 0.004 -1"><span class='ocrx_word' id='word_1_1063' title='bbox 2071 5727 2331 5765; x_wconf 79' lang='lat' dir='ltr'>manensi.</span> 
     </span>
    </p>
   </div>
  </div>
