4014 6164
260 202 387 258 Mli

256 321 519 377 obtinent
543 318 655 373 vim
688 335 701 373 :
733 317 1041 371 verborum
1091 319 1306 381 autem,
1338 312 1437 367 illa
1487 313 1557 367 de
1612 312 1820 383 quibus
1859 311 1954 367 hic

255 394 597 463 disputatur.
630 390 769 444 Nam
800 404 929 463 cum
974 387 1047 463 de
1073 386 1259 440 verbis
1289 384 1449 463 loqui
1489 383 1599 463 nisi
1629 384 1815 463 verbis
1845 400 1951 463 ue-

259 454 558 536 queamus,
589 467 646 515 et
671 477 800 515 cum
820 456 1371 536 loquimnrnonnisi
1392 454 1759 536 de‘aliquibus
1785 455 1955 509 rebus

254 527 582 607 loquamur,
617 531 857 607 occurrit
881 527 1070 607 animo
1100 530 1179 607 ita
1208 543 1328 581 esse
1358 528 1528 581 verba
1558 527 1721 607 signa
1735 542 1950 607 rerum,

258 596 439 660 utres
469 596 588 659 esse
630 619 746 657 non
800 601 1081 656 desinant.
1132 596 1272 654 Cum
1317 614 1452 669 ergo
1490 598 1727 669 verbum
1757 597 1827 651 ab
1856 614 1954 651 ore

252 676 531 752 procedit,
564 674 611 728 si
638 678 873 744 propter
900 670 1262 752 se‘procedit,
1276 669 1333 724 id
1347 668 1517 752 estut
1531 668 1755 752 de_ipso
1785 669 1955 752 verbo

255 739 471 818 aliquid
502 739 791 818 quaeratur
818 748 918 796 aut
947 739 1298 818 disputetur,
1322 757 1410 818 res
1425 740 1740 818 ‘estutique
1763 739 1955 818 dispu-

256 811 460 873 tationi
493 811 909 887 q'uzestionique
955 811 1227 883 subjecta.
1268 811 1371 887 Sed
1421 811 1543 883 ipsa
1589 828 1678 865 res
1717 811 1955 887 verbum

254 882 523 942 vocatur:
552 882 842 957 Quidquid
898 882 1089 957 autem
1138 900 1203 938 ex
1253 883 1423 937 verbo
1450 882 1579 957 non
1627 882 1802 945 auris,
1830 882 1956 957 _se_d

257 959 482 1014 animus
508 958 698 1023 sentit,
718 952 791 1011 'et
818 957 943 1026 ipso
976 955 1167 1010 animo
1214 958 1442 1008 tenetur
1465 954 1778 1026 inclusum,
1814 952 1954 1006 dici-

252 1030 365 1084 bile
395 1034 662 1083 vocatur:
690 1044 819 1081 cum
842 1025 975 1080 vero
1002 1027 1237 1080 verbum
1270 1025 1547 1097 procedit,
1576 1041 1689 1078 non
1718 1030 1956 1097 propter

257 1117 336 1170 se,
368 1100 463 1154 sed
493 1106 726 1171 propter
773 1098 928 1171 aliud
981 1098 1214 1170 aliquod
1268 1095 1729 1171 significandum,
1783 1095 1954 1171 dictio

252 1168 513 1225 vocatur.—
536 1168 643 1225 Res
673 1176 863 1224 autem
912 1170 1055 1239 ipsa,
1078 1168 1244 1239 Iquae
1277 1170 1398 1238 jam
1428 1168 1666 1239 verbum
1696 1183 1815 1239 non
1846 1170 1947 1228 est,

256 1259 445 1314 neque
476 1242 634 1296 verbi
664 1242 722 1296 in
756 1237 953 1314 mente
968 1237 1291 1314 conca—ptio,
1316 1239 1434 1314 sive
1465 1237 1951 1314 habeatverbum,

256 1308 503 1385 quojam
528 1312 837 1384 signiticari
866 1312 1066 1385 possit,
1099 1308 1211 1385 sive
1244 1311 1614 1385 non_habeat,
1635 1308 1776 1362 nihil
1801 1308 1956 1362 aliud

255 1380 430 1456 quam
446 1402 543 1456 res
572 1380 803 1437 vocatur
827 1380 1062 1452 proprio
1086 1383 1206 1456 jam
1231 1380 1647 1456 nomine.__llzec
1659 1396 1796 1456 ergo
1820 1394 1956 1450 qua-

256 1450 666 1509 tuordistincte
687 1450 1008 1517 teneantur,
1041 1450 1300 1519 verbum,
1333 1451 1581 1512 dicibile,
1617 1450 1813 1515 dictio,
1845 1466 1951 1505 res.

257 1526 416 1591 Quod
448 1525 565 1579 dixi
593 1526 852 1588 verbum,
885 1530 941 1577 et
963 1524 1201 1577 verbum
1245 1528 1349 1589 est,
1382 1526 1438 1576 et
1468 1522 1702 1575 verbum
1734 1520 1953 1591 signiﬁ-

258 1600 364 1651 cat.
400 1596 562 1661 Quod
593 1596 705 1649 dixi
733 1595 979 1659 dicibile,
1014 1594 1251 1647 verbum
1285 1599 1403 1659 est;
1438 1610 1538 1645 nec
1585 1598 1779 1646 tamen
1830 1608 1955 1645 ver-

257 1669 417 1729 bum,
449 1668 548 1721 sed
583 1668 735 1736 quod
765 1668 825 1720 in
852 1666 1022 1719 verbo
1053 1664 1395 1736 intelligitur
1427 1669 1483 1717 et
1512 1664 1569 1717 in
1597 1664 1787 1717 animo
1822 1679 1953 1716 cou-

257 1738 493 1804 tinetur,
527 1735 824 1807 signiﬁcat.
872 1736 1033 1800 Quod
1067 1735 1180 1789 dixi
1210 1736 1537 1807 dictionem,
1574 1736 1808 1807 verbum
1849 1738 1955 1804 est,

257 1809 356 1862 sed
388 1809 497 1863 tale
523 1806 637 1878 quo
660 1809 781 1878 jam
805 1808 903 1861 illa
934 1807 1047 1861 duo
1071 1807 1260 1873 simul,
1285 1806 1343 1860 id
1375 1813 1460 1878 est
1488 1808 1675 1878 ipsum
1695 1806 1954 1878 verbum,

257 1884 313 1934 et
352 1880 505 1950 quod
537 1876 603 1933 tit
635 1876 692 1932 in
724 1880 916 1932 animo
941 1893 1041 1948 per
1064 1879 1323 1937 verbum,
1351 1876 1763 1950 significantur.
1791 1876 1956 1950 Quod

258 1949 394 2018 dixi,
428 1966 567 2011 rem.
594 1951 829 2004 verbum
862 1956 966 2019 est,
989 1950 1139 2020 quod
1158 1957 1367 2018 printer
1398 1949 1634 2009 illatria,
1661 1963 1789 2020 quas
1810 1949 1957 2001 dicta

257 2028 410 2087 sunt,
446 2021 726 2093 quidquid
755 2026 946 2093 restat,
991 2019 1313 2093 significat._
1341 2020 1451 2074 Sed
1509 2019 1785 2093 exemplis
1831 2019 1955 2093 haec

258 2088 750 2172 illustranda'esse
768 2088 1071 2172 perscipioi
1104 2090 1412 2172 Fac‘igitur
1434 2088 1733 2172 a‘quodam
1765 2088 1957 2159 gram-

257 2163 463 2218 matico
494 2179 735 2234 puerum
765 2162 1181 2233 interrogatum
1214 2162 1321 2215 hoc
1352 2162 1517 2215 modo
1552 2177 1565 2214 :
1597 2165 1791 2228 Arma,
1826 2177 1956 2231 quas

260 2251 394 2305 pars
420 2233 693 2288 orationis
738 2235 863 2305 est?
892 2233 1055 2305 Quod
1103 2233 1317 2286 dictum
1346 2238 1467 2305 est._
1495 2236 1687 2299 Arma,
1721 2238 1958 2305 propter

259 2302 317 2360 se
351 2305 565 2359 dictum
596 2309 696 2367 est,
733 2304 789 2358 id
820 2310 904 2357 est
932 2304 1166 2358 verbum
1198 2308 1429 2373 propter
1454 2302 1640 2374 ipsum
1672 2302 1905 2357 verbum
1939 2319 1951 2357 :

258 2382 466 2430 caetera
495 2391 626 2429 vero
678 2375 832 2445 quod
874 2374 972 2439 ait,
1006 2390 1135 2445 quae
1185 2390 1316 2442 pars
1364 2374 1641 2427 orationis
1694 2380 1797 2445 est,
1840 2389 1956 2427 non

259 2452 498 2518 propter
527 2463 612 2518 se,
641 2444 737 2499 sed
772 2450 1007 2514 propter
1034 2444 1319 2518 _verbum,
1352 2446 1503 2518 quod
1533 2459 1705 2518 arma_
1739 2444 1956 2518 dictum

259 2515 384 2582 est,
406 2518 495 2571 vel
525 2516 718 2570 animo
748 2532 932 2582 sensa,
964 2515 1049 2569 vel
1081 2530 1213 2568 voce
1245 2516 1463 2585 prolata
1493 2520 1640 2569 sunt.
1677 2515 1787 2569 Sed
1825 2531 1956 2569 cum

258 2588 454 2642 animo
488 2603 650 2641 sensa
680 2592 832 2652 sunt,
871 2590 999 2639 ante
1058 2602 1252 2640 vocem
1305 2586 1556 2640 dicibilia
1608 2591 1774 2647 sunt;
1825 2602 1956 2640 cum

256 2665 447 2713 autem
474 2664 709 2729 propter
760 2658 815 2711 id
846 2657 997 2728 quod
1046 2656 1182 2724 dixi,
1224 2661 1616 2727 proruperunt
1644 2657 1950 2729 invocem,

256 2728 533 2784 dictiones
553 2731 713 2783 facta:
745 2735 894 2782 sunt.
933 2729 1123 2798 lpsum
1153 2744 1287 2781 vero
1313 2744 1493 2796 arma,
1522 2729 1672 2798 quod
1708 2728 1799 2782 hic
1830 2746 1955 2783 ver-

254 2801 394 2855 bum
426 2804 525 2862 est.
560 2816 689 2854 cum
714 2817 747 2853 a
775 2800 1012 2870 Virgilio
1043 2798 1476 2870 pronuntiatum
1508 2805 1609 2861 est,
1635 2798 1805 2853 dictio
1827 2800 1951 2854 fuit:

256 2887 376 2926 non
406 2872 562 2925 enim
591 2876 828 2942 propter
857 2887 917 2924 se
968 2872 1256 2941 prolatum
1287 2875 1389 2936 est,
1424 2871 1518 2924 sed
1546 2876 1697 2942 ruteo
1730 2870 1951 2940 signiﬁ-

253 2950 518 2998 carentur
542 2941 628 2996 vel
659 2943 809 2997 bella
836 2957 964 3011 quas
1016 2942 1188 3011 gessit
1216 2943 1435 3005 Aineas,
1471 2941 1557 2995 vel
1592 2946 1836 3008 scutum,
1869 2942 1955 2996 vel

254 2957 518 2998 carentur
542 2957 628 2996 vel
659 2957 809 2997 bella
836 2957 964 3065 (Quae
1016 2957 1188 3011 gessu.
1216 2957 1435 3005 ligneas,
1471 2957 1557 2995 vei
1592 2957 1836 3008 scutum,
1869 2957 1955 2996 vel

254 3020 458 3068 caetera
490 3028 671 3080 arma,
702 3028 831 3084 quia
911 3013 1147 3066 ulcanus
1165 3013 1354 3066 IEneae
1384 3012 1690 3084 fabricatus
1703 3018 1803 3067 est.
1830 3013 1957 3084 Ipsa

250 3101 386 3139 vero
418 3085 565 3139 bella
596 3087 681 3137 vel
712 3082 894 3152 arma,
925 3099 1054 3154 quas
1106 3090 1265 3154 gesta
1312 3088 1444 3137 sunt
1482 3088 1581 3137 aut
1634 3082 1871 3152 ingesta
1886 3082 1956 3137 ab

256 3158 467 3220 Ainea;
502 3156 640 3225 ipsa.
671 3154 930 3225 inquam,
963 3170 1092 3225 quae
1123 3171 1251 3209 cum
1280 3160 1617 3226 gererentur
1648 3159 1817 3225 atque
1865 3171 1955 3208 es-

250 3232 393 3290 sent,
427 3227 788 3289 videbantur,
814 3242 1059 3296 quaeque
1094 3226 1140 3279 si
1163 3242 1317 3280 nunc
1347 3226 1627 3290 adessent,
1656 3228 1742 3278 vel
1775 3226 1955 3295 digito

252 3301 572 3352 monstraro
601 3312 919 3367 possemus,
963 3301 1061 3350 aut
1116 3302 1365 3367 tangere,
1417 3313 1555 3368 quae,
1577 3296 1800 3368 etiamsi
1842 3313 1955 3355 non

253 3368 663 3438 cogitarentur,
699 3384 814 3422 non
845 3384 911 3421 eo
933 3371 1125 3421 tamen
1156 3368 1220 3421 tit
1265 3372 1328 3421 ut
1372 3367 1488 3421 non
1536 3367 1790 3421 fuerint:
1834 3368 1958 3436 ipsa

252 3455 388 3511 ergo
416 3456 521 3510 per
546 3456 603 3493 se
632 3456 736 3493 nec
778 3440 949 3493 verba
977 3447 1129 3511 sunt,
1161 3454 1265 3492 nec
1313 3438 1598 3511 dicibilia,
1620 3455 1725 3492 nec
1754 3438 1955 3493 dictio-

252 3509 391 3577 nes;
420 3509 521 3565 Sed
553 3517 687 3565 sunt
715 3526 819 3575 res,
848 3526 977 3581 quae
1012 3510 1133 3581 jam
1165 3510 1399 3580 proprio
1447 3509 1680 3563 nomine
1738 3526 1827 3563 res
1858 3526 1955 3563 vo-

254 3587 476 3637 cantur.
509 3580 889 3636 Tractandum
918 3586 1004 3635 est
1035 3580 1212 3651 igitur
1243 3581 1402 3635 nobis
1431 3580 1490 3635 in
1521 3582 1627 3634 hac
1656 3586 1816 3650 parte
1842 3580 1959 3635 dia-

253 3654 465 3708 lecticae
498 3652 566 3707 de
598 3653 804 3719 verbis,
852 3653 922 3707 de
970 3651 1334 3716 dictionibus,
1384 3652 1453 3706 de
1501 3651 1957 3719 dicibilibus,'de

251 3725 421 3779 rebus
449 3740 461 3778 :
494 3724 553 3777 in
584 3724 791 3795 quibus
820 3723 1087 3777 omnibus
1116 3740 1253 3795 cum
1272 3722 1483 3792 partim
1506 3723 1696 3795 verba
1734 3723 1955 3793 signiﬁ-

251 3794 715 3875 een_tur,‘partim
749 3811 864 3848 non
893 3795 1065 3847 verba
1094 3801 1109 3860 (
1136 3794 1401 3875 pihilest
1426 3794 1580 3875 enim
1602 3795 1809 3875 dequo
1841 3810 1957 3874 non

251 3864 443 3918 verbis
473 3864 766 3934 disputare
825 3881 1052 3935 necesse
1106 3864 1235 3932 sit);
1266 3865 1458 3933 itaque
1514 3864 1584 3917 de
1632 3864 1721 3917 his
1768 3865 1956 3935 primo

255 3935 601 4007 disputatur,
632 3951 734 4004 per
762 3934 987 4007 quasde
1031 3934 1252 3988 caeteris
1283 3934 1951 4007 disputai'e_concedi_tur.

252 4005 435 4076 Igitur
464 4006 701 4059 verbum
744 4005 1056 4075 quodlibet,
1092 4010 1327 4075 excepto
1376 4022 1537 4070 sono,
1568 4005 1637 4059 de
1669 4022 1782 4076 quo
1810 4005 1955 4060 bene

248 4075 595 4148 disputatur,
631 4077 699 4130 ad
728 4076 1053 4148 facultatem
1086 4075 1395 4148 dialecticae
1428 4075 1697 4146 pertinet,
1729 4093 1844 4148 non
1884 4077 1957 4131 ad

249 4146 603 4203 dialecticam
630 4147 1012 4218 disciplinam.
1040 4148 1108 4201 Ut
1136 4146 1494 4201 defensiones
1521 4147 1805 4203 Ciceronis
1826 4153 1959 4202 sunt

248 4220 483 4291 quidem
531 4217 832 4275 rhetorices
861 4217 1166 4282 facultatis,
1199 4219 1292 4273 sed
1316 4235 1432 4273 non
1451 4218 1541 4274 his
1571 4219 1805 4274 docetur
1832 4218 1959 4290 ipsa

226 4290 552 4353 rhetorica.

250 4361 483 4418 CAPUT
512 4362 600 4416 VI.
630 4391 699 4401 —
730 4360 811 4415 De
839 4362 1046 4428 origine
1082 4360 1253 4415 verbi.
1320 4360 1555 4415 Verbum
1582 4361 1726 4416 unde
1753 4361 1957 4416 dictum

569 4434 871 4487 Stoicorum
915 4431 980 4485 de
1018 4434 1225 4500 origine
1253 4432 1405 4485 verbi
1431 4435 1634 4500 Opinio.

322 4505 468 4574 Ergo
491 4519 690 4558 omnes
713 4505 950 4557 verbum
981 4511 1217 4573 propter
1247 4503 1302 4557 id
1327 4505 1477 4573 quod
1501 4508 1687 4572 sonat,
1710 4506 1958 4574 quatuor

248 4574 513 4646 quasdam
560 4575 1071 4646 necessariaivocat
1120 4574 1181 4627 in
1214 4575 1649 4646 queestionem,_
1674 4574 1957 4646 originem

250 4644 437 4714 suam,
470 4645 605 4713 vim,
638 4644 1106 4711 declinationem,
1132 4645 1571 4699 ordinationem.
1623 4644 1701 4698 De
1732 4644 1955 4715 origine

248 4717 409 4772 verbi
467 4716 765 4787 quaeritur,
798 4732 925 4770 cum
959 4716 1237 4786 quaeritur
1284 4717 1436 4770 unde
1477 4716 1555 4771 ita
1584 4715 1834 4770 dicatur:
1867 4733 1957 4787 res

250 4804 381 4845 mea
419 4786 704 4841 sententia
735 4787 907 4842 nimis
927 4787 1169 4853 curiosa,
1203 4791 1255 4841 et
1286 4803 1402 4840 non
1434 4786 1952 4843 uimisuecessaria.

251 4862 447 4932 Neque
481 4859 587 4913 hoc
608 4857 750 4932 mihi
781 4859 994 4929 placuit
1021 4858 1227 4932 dicere,
1254 4859 1409 4932 quod
1442 4860 1521 4912 sic
1542 4858 1958 4932 Ciceroniquo-

248 4929 370 5003 que'
392 4932 546 4985 idem
578 4929 838 5003 videtur;
875 4929 1136 5003 quamvis
1168 4930 1295 5000 quis
1313 4935 1491 5003 egeat
1532 4929 1866 5003 auctoritate
1896 4929 1957 4983 in

248 5000 309 5056 re
338 5008 456 5056 tam
496 5000 845 5073 perspicua?
870 5000 1029 5073 Quod
1076 5000 1126 5073 isi
1168 5000 1403 5054 omnino
1434 5002 1678 5055 multum
1726 5001 1957 5073 juvaret

249 5070 528 5144 explicare
561 5070 1044 5144 originemverbi,
1072 5070 1331 5144 ineptum
1357 5078 1504 5144 esset
1528 5072 1955 5144 aggredi,qurod

248 5142 517 5216 persequi
553 5144 803 5216 profecto
845 5142 1137 5216 infinitum
1170 5149 1274 5216 est.
1306 5143 1445 5216 Quis
1494 5142 1649 5216 enim
1706 5143 1954 5216 reperire

290 5213 453 5282 ossit,
483 5213 637 5286 quod
671 5214 809 5286 quid
840 5214 1055 5269 dictum
1086 5214 1283 5286 fuerit,
1309 5213 1459 5269 unde
1490 5215 1569 5268 ita
1595 5215 1807 5268 dictum
1840 5214 1956 5286 sit?

290 5233 449 5282 ossu,
483 5233 637 5286 quoa
671 5233 809 5286 quia
840 5233 1055 5269 metum
1086 5233 1283 5280 ιυιϊη,
1309 5233 1459 5269 unde
1490 5233 1569 5268 lla
1595 5233 1807 5268 dictum
1840 5233 1955 5267 sit!

248 5233 368 5367 ﬁne
411 5287 646 5354 accedit,
681 5286 830 5367 quod
872 5290 937 5341 ut
987 5285 1342 5367 somniorum
1400 5285 1956 5367 interpretatiohita

245 5359 553 5413 verborum
623 5357 785 5427 origo
826 5374 928 5428 pro
988 5358 1265 5428 cujusque
1317 5357 1553 5427 ingenio
1587 5357 1951 5428 praedicatur.

243 5430 381 5483 Ecce
402 5429 556 5483 enim
573 5426 742 5483 verba
769 5426 887 5499 ipsa
920 5426 1205 5499 quispiam
1237 5426 1551 5499 exeoputa
1581 5428 1771 5491 dictat,
1801 5426 1956 5499 quod

248 5515 447 5553 aurem
469 5501 631 5570 quasi
647 5498 973 5553 verberent:
994 5502 1135 5565 lmo,
1161 5498 1349 5568 inquit
1373 5499 1532 5563 alius,
1561 5500 1713 5568 quod
1739 5498 1950 5553 aerem.

247 5570 357 5625 Sed
376 5577 582 5641 nostra
610 5586 726 5624 non
753 5587 964 5641 magna
997 5570 1063 5624 Iis
1095 5575 1199 5624 est.
1252 5570 1391 5641 Nam
1421 5573 1662 5641 uterque
1692 5586 1722 5623 a
1756 5570 1953 5623 verbe-

246 5640 430 5712 rando
456 5642 630 5711 hujus
642 5640 1197 5712 vocabulioriginem
1216 5640 1408 5695 trahit.
1440 5641 1547 5696 Sed
1575 5640 1606 5695 e
1631 5649 1953 5696 transverso

247 5711 475 5779 tertius,
506 5712 658 5780 vide,
690 5729 862 5784 quam
896 5711 1078 5767 rixam
1100 5712 1324 5769 inferat.
1360 5713 1521 5778 Quod
1546 5714 1699 5768 enim
1730 5727 1951 5780 verum,

1563 186 1930 246 PRINCIPIA
1981 184 2455 245 DIALECTICE.

3641 189 3778 243 1412

2062 311 2298 384 ait,uos
2336 310 2499 383 loqui
2528 312 2810 384 oporteat,
2851 308 3234 384 odiosumque
3264 309 3360 381 sit,
3390 314 3607 384 natura
3649 312 3774 384 ipsa

2057 383 2370 454 judicante,
2398 380 2760 437 mendacium
2785 399 2798 446 ;
2824 382 3061 436 verbum
3084 399 3118 454 a
3137 380 3273 436 vero
3296 380 3773 453 cognominatum

2063 453 2166 526 est.
2196 455 2307 509 Nec
2334 453 2634 525 ingenium
2655 459 2924 526 quartum
2953 453 3158 509 defuit.
3190 454 3331 508 Nam
3352 460 3487 508 sunt
3510 454 3618 526 qui
3651 471 3770 509 ver-

2060 525 2199 579 bum
2231 544 2261 579 a
2291 541 2423 579 vero
2444 526 2680 596 quidam
2711 525 2926 580 dictum
2952 530 3176 595 putent,
3208 526 3307 581 sed
3334 525 3770 596 prima’syllaba

2064 598 2197 650 satis
2244 597 2655 663 animadversa,
2696 597 3013 668 secundam
3055 596 3274 667 negligi
3316 613 3431 651 non
3478 605 3767 668 oportere.

2064 669 2312 740 Verbum
2340 669 2493 722 enim
2525 683 2653 740 cum
2676 667 2944 732 dicimus,
2960 667 3270 740 inquiunt,
3294 669 3483 738 prima
3510 667 3641 739 ejus
3661 670 3768 740 syl-

2062 739 2191 793 laba
2211 756 2408 794 verum
2439 738 2736 809 significat,
2761 738 3011 793 secunda
3040 755 3273 793 sonum.
3315 740 3429 793 Hoc
3449 738 3653 795 autem
3676 738 3767 795 vo-

2063 811 2189 864 lunt
2243 826 2363 864 esse
2421 809 2931 881 bombum.iUnde
2989 809 3203 864 Ennius
3254 826 3461 864 sonum
3527 811 3765 881 pedum,

2063 881 2340 935 bombum
2381 882 2591 953 pedum
2638 880 2914 953 dixit:iet
2956 889 3128 953 βοάσαι
3169 882 3343 935 Graeci
3385 880 3681 947 clamare;
3713 888 3769 937 et

2063 952 2349 1023 Virgilius,
2382 951 2425 1002 ἀ
2458 952 2718 1006 Reboant
2775 951 2929 1006 silvm
2957 951 3005 1003 “››
3057 953 3263 1022 (Georg.
3300 952 3396 1008 lib.
3444 956 3497 1018 3,
3528 969 3587 1007 v.
3620 955 3759 1023 223).

2064 1024 2210 1093 Ergo
2241 1024 2478 1077 verbum
2508 1024 2724 1105 dictum
2747 1028 2830 1105 est
2857 1023 3021 1105 quasi
3046 1040 3079 1077 a
3099 1040 3231 1105 vero
3262 1023 3514 1105 boando,
3546 1023 3673 1105 hoc
3688 1031 3768 1079 est

2062 1111 2263 1167 verum
2311 1095 2596 1149 sonando.
2639 1093 2802 1159 Quod
2837 1093 2891 1167 si
2933 1095 3011 1148 ita
3049 1099 3141 1167 est
3175 1094 3493 1164 praescribit
3530 1095 3766 1167 quidem

2061 1165 2169 1220 hoc
2206 1181 2438 1232 nomen,
2487 1182 2558 1219 ne
2588 1182 2719 1219 cum
2760 1165 2997 1219 verbum
3037 1165 3329 1230 faciamus,
3377 1165 3764 1220 mentiamur:

2063 1237 2159 1291 sed
2194 1253 2395 1291 vereor
2434 1253 2503 1290 ne
2542 1237 2652 1308 ipsi
2681 1237 2780 1308 qui
2813 1236 3008 1291 dicunt
3046 1236 3172 1303 ista,
3206 1237 3590 1292 mentiantur.
3628 1239 3769 1308 Ergo

2062 1308 2134 1361 ad
2164 1312 2219 1362 te
2250 1308 2373 1378 jam
2413 1307 2663 1378 pertinet
2692 1307 2972 1377 judicare,
3007 1312 3199 1361 utrum
3229 1308 3469 1362 verbum
3501 1326 3532 1362 a
3566 1307 3769 1363 verbe-

2063 1379 2262 1443 rando,
2294 1395 2368 1432 an
2394 1394 2425 1432 a
2455 1395 2585 1432 vero
2615 1379 2757 1447 solo,
2790 1395 2861 1433 an
2887 1396 2918 1433 a
2947 1394 3079 1433 vero
3108 1379 3335 1433 boando
3362 1380 3585 1433 dictum
3614 1386 3770 1450 pute-

2062 1465 2191 1503 mus
2226 1467 2238 1504 :
2272 1465 2348 1503 an
2376 1449 2566 1519 potius
2596 1458 2747 1503 unde
2780 1451 2853 1504 sit
2874 1450 3089 1504 dictum
3114 1467 3230 1503 non
3270 1466 3535 1504 curemus
3564 1470 3583 1513 ;
3618 1449 3765 1515 cum,

2063 1521 2214 1592 quod
2267 1521 2576 1591 signiticet,
2618 1520 3018 1592 intelligamus,
3069 1521 3318 1575 Breviter
3366 1528 3569 1575 tamen
3628 1523 3771 1576 hunc

2063 1591 2252 1664 locum
2284 1597 2546 1646 notatum
2592 1608 2713 1646 esse
2750 1592 2819 1646 de
2849 1591 3074 1664 origine
3103 1592 3428 1655 verborum,
3468 1594 3604 1646 volo
3640 1610 3771 1664 pau-

2063 1662 2239 1735 lisper
2268 1663 2531 1733 accipias,
2561 1679 2633 1716 ne
2664 1658 3091 1735 ullampartem
3122 1664 3368 1735 suscepti
3400 1664 3600 1734 operis
3627 1658 3769 1735 pre-

2064 1734 2374 1788 termisisse
2406 1734 2713 1789 videamur.
2742 1734 2914 1789 Stoici
2947 1739 3269 1801 autumant,
3294 1734 3445 1805 quos
3479 1734 3689 1789 Cicero
3717 1736 3772 1789 in

2063 1805 2168 1859 hac
2200 1822 2260 1859 re
2290 1805 2510 1871 irridet,
2552 1806 2775 1859 nullum
2809 1822 2929 1859 esse
2968 1806 3227 1871 verbum,
3267 1808 3429 1876 cujus
3464 1822 3589 1859 non
3620 1813 3772 1860 certa

2063 1876 2209 1931 ratio
2241 1876 2510 1947 explicari
2536 1876 2736 1947 possit.
2763 1878 2827 1931 Et
2851 1875 2985 1947 quia
3006 1876 3111 1930 hoc
3138 1875 3679 1947 modo,suggerere
3702 1879 3773 1931 fa-

2064 1948 2169 2001 cile
2200 1947 2326 2012 fuit,
2360 1948 2405 2001 si
2438 1948 2653 2001 diceres
2682 1949 2789 2002 hoc
2816 1947 3108 2001 inﬁnitum
3141 1963 3260 2001 esse
3288 1967 3303 2015 ;
3334 1947 3550 2018 quibus
3583 1948 3772 2002 verbis

2064 2018 2298 2072 alterius
2327 2018 2486 2072 verbi
2509 2018 2791 2089 originem
2820 2018 3312 2089 interpretaveris;
3342 2035 3548 2072 eorum
3578 2035 3772 2073 rursus

2065 2106 2098 2144 a
2127 2095 2183 2144 te
2214 2089 2497 2160 originem
2530 2090 2901 2160 quaerendam
2936 2106 3056 2144 esse
3089 2090 3273 2143 donec
3303 2090 3682 2160 perveniatur
3709 2107 3772 2145 eo

2063 2169 2129 2215 ut
2149 2177 2237 2215 res
2264 2177 2394 2215 cum
2425 2177 2564 2215 sono
2590 2161 2747 2215 verbi
2772 2161 2965 2231 aliqua
2995 2160 3369 2215 similitudine
3390 2161 3696 2228 concinat,
3714 2167 3775 2215 ut

2064 2247 2195 2286 cum
2259 2233 2521 2298 dicimus,
2597 2233 2725 2286 aeris
2782 2231 3770 2303 tinnitum,equorumghinnitum,

2064 2303 2256 2358 ovium
2286 2304 2559 2367 balatum,
2584 2304 2880 2357 turbarum
2911 2301 3260 2373 clangorem,
3294 2301 3609 2357 stridorem
3633 2310 3774 2357 cate-

2065 2390 2287 2429 narum.
2338 2374 2618 2444 Perspicis
2650 2375 2805 2429 enim
2839 2374 2962 2428 haec
2994 2374 3167 2427 verba
3203 2374 3282 2427 ita
3322 2390 3553 2437 sonare,
3588 2381 3659 2429 ut
3688 2392 3771 2429 res

2064 2462 2193 2516 quae
2224 2445 2313 2499 his
2340 2446 2528 2499 verbis
2558 2444 2971 2516 signiﬁcantur.
3007 2445 3119 2499 Sed
3151 2444 3288 2516 quia
3324 2450 3461 2498 sunt
3490 2461 3610 2512 res,
3648 2463 3773 2516 qua

2065 2515 2181 2570 non
2212 2522 2456 2582 sonant;
2490 2516 2549 2570 in
2596 2517 2686 2570 his
2714 2515 3152 2570 similitudinem
3176 2515 3359 2569 tactus
3388 2516 3611 2582 valere,
3642 2515 3702 2570 ut
3733 2518 3777 2571 si

2063 2587 2271 2641 leuiter
2300 2588 2385 2641 vel
2426 2604 2622 2657 aspere
2653 2604 2881 2643 sensum
2914 2592 3179 2659 tangunt,
3212 2587 3410 2659 lenitas
3440 2587 3533 2659 vel
3567 2588 3775 2659 asperi-

2064 2663 2149 2713 tas
2166 2658 2499 2730 Alitterarum
2520 2665 2586 2712 ut
2606 2659 2788 2729 tangit
2813 2658 3096 2730 auditum,
3124 2658 3203 2711 sic
3224 2657 3305 2730 eis
3328 2658 3573 2712 nomina
3600 2657 3773 2730 pepe‘

2065 2728 2221 2783 rerit.
2252 2730 2317 2783 Et
2351 2730 2540 2800 ipsum
2569 2730 2697 2784 lene
2716 2728 2857 2784 cum
2886 2728 3145 2795 dicimus,
3180 2728 3386 2782 leniter
3415 2728 3621 2783 sonat:
3644 2730 3776 2794 Quis

2064 2800 2204 2854 item
2228 2802 2596 2871 asperitatem
2620 2818 2735 2856 non
2756 2807 2812 2855 et
2829 2802 2953 2871 ipso
2976 2800 3209 2853 nomine
3236 2815 3504 2869 asperam
3519 2800 3777 2866 judicet?

2067 2872 2217 2927 Lene
2258 2877 2343 2925 est
2388 2872 2643 2939 auribus,
2689 2888 2819 2926 cum
2866 2871 3109 2926 dicimus
3154 2871 3454 2941 voluptas;
3504 2888 3776 2942 asperum

2067 2946 2171 3003 est,
2208 2959 2336 2996 cum
2369 2942 2634 3012 dicimus,
2673 2959 2832 2998 crux.
2878 2944 2959 2997 lta
3003 2958 3093 2996 res
3130 2941 3271 3011 ipsas
3305 2941 3596 3007 alliciunt,
3640 2943 3779 2996 sicut

2067 3014 2236 3068 verba
2259 3013 2610 3069 sentiuntur.
2644 3015 2769 3081 Mel,
2789 3030 2960 3085 quam
2987 3012 3235 3085 suaviter
3255 3029 3345 3066 res
3365 3012 3496 3085 ipsa
3514 3020 3773 3083 gustum.

2066 3088 2183 3139 tam
2217 3085 2465 3139 suaviter
2492 3101 2706 3157 nomen
2732 3084 2918 3154 tangit
2937 3084 3221 3157 auditum.
3238 3088 3406 3157 _Acre,
3428 3084 3494 3138 in
3527 3091 3778 3157 utroque

2066 3172 2331 3225 asperum
2362 3160 2447 3210 est
2474 3170 2487 3211 :
2530 3156 2660 3210 lana
2690 3161 2746 3210 et
2775 3172 2994 3226 vepres,
3026 3160 3090 3209 ut
3117 3154 3432 3226 audiuntur
3467 3156 3674 3222 verba,
3692 3154 3778 3209 sic

2064 3227 2162 3282 illa
2192 3231 2535 3298 tanguntur.
2589 3229 2719 3281 Haec
2765 3225 2928 3298 quasi
2976 3226 3254 3280 canabula
3285 3225 3612 3281 verborum
3663 3244 3778 3280 esse

2065 3297 2452 3364 crediderunt,
2498 3301 2563 3352 ut
2606 3297 2804 3352 sensus
2851 3313 3046 3352 rerum
3088 3313 3218 3351 cum
3267 3311 3548 3351 sonorum
3609 3315 3777 3352 sensu

2065 3369 2497 3424 concordarent.
2527 3369 2668 3424 Hinc
2689 3370 2760 3424 ad
2786 3369 3042 3439 ipsarum
3071 3368 3222 3421 inter
3245 3385 3303 3421 se
3335 3384 3539 3423 rerum
3572 3370 3777 3423 simili-

2064 3440 2323 3511 tudinem
2367 3440 2702 3511 processisse
2746 3440 3035 3494 licentiam
3066 3439 3468 3511 nominandi:
3512 3446 3581 3493 ut
3626 3456 3780 3507 cum,

2065 3510 2223 3582 verbi
2260 3510 2451 3577 cauSa,
2500 3527 2637 3565 crux
2687 3518 2995 3582 propterea
3049 3510 3197 3564 dicta
3250 3510 3341 3574 sit,
3383 3513 3548 3580 quod
3600 3513 3783 3582 ipsius

2064 3581 2222 3653 verbi
2265 3583 2536 3653 asperitas
2576 3599 2706 3636 cum
2745 3581 2981 3647 doloris,
3015 3597 3187 3651 quem
3217 3597 3355 3635 crux
3386 3582 3574 3636 efficit
3618 3581 3781 3653 aspeo

2063 3650 2231 3707 ritate
2261 3650 2595 3708 concordat:
2639 3669 2804 3707 crura
2842 3650 3049 3706 tamen
3073 3669 3190 3706 non
3218 3656 3459 3723 propter
3491 3650 3783 3723 asperita-

2063 3727 2180 3778 tem
2212 3724 2451 3804 doloris,‘
2474 3725 2573 3778 sed
2599 3723 3349 3804 quod'longitudineatque
3379 3723 3605 3804 duritia
3636 3726 3785 3804 inter

2066 3795 2325 3866 membra
2354 3801 2560 3849 caetera
2590 3794 2704 3848 sint
2732 3795 2888 3866 ligno
2919 3794 3100 3848 crucis
3131 3794 3426 3860 similiora,
3461 3794 3546 3848 sic
3578 3796 3781 3865 appel-

2065 3865 2178 3919 lata
2199 3865 2333 3920 sint.
2359 3866 2496 3920 Inde
2519 3867 2589 3920 ad
2614 3865 2951 3921 abusionem
2973 3870 3206 3919 ventum
3233 3870 3337 3931 est,
3373 3870 3438 3936 ut
3459 3874 3785 3936 usurpetur

2066 3952 2181 4017 non
2213 3941 2330 4017 tam
2371 3937 2455 4017 rei
2489 3937 2715 4017 similis,
2747 3937 2845 3991 sed
2875 3936 3290 4017 quasivicinm.
3323 3935 3480 4017 Quid
3513 3935 3684 3991 enim
3714 3938 3784 4017 si-

2064 4007 2200 4061 mile
2226 4006 2375 4061 inter
2404 4006 3068 4078 signiﬁcationem’parvi
3098 4012 3155 4061 et
3179 4006 3409 4071 minuti,
3432 4023 3571 4061 cum
3604 4008 3785 4078 possit

2063 4094 2305 4149 parvum
2335 4094 2477 4139 esse,
2510 4079 2667 4150 quod
2698 4096 2813 4133 non
2844 4079 3016 4133 modo
3048 4078 3191 4132 nihil
3224 4078 3520 4132 minutum
3552 4080 3660 4146 sit,
3692 4079 3787 4133 sed

2065 4149 2236 4204 etiam
2262 4149 2480 4220 aliquid
2508 4149 2792 4204 Creverit?
2819 4150 3067 4204 Dicimus
3086 4154 3277 4203 tamen
3304 4156 3551 4273 propter
3573 4167 3784 4221 quam-

2065 4221 2198 4273 dam
2224 4220 2596 4273 vicinitatem.
2618 4222 2907 4273 minutum
2930 4237 3034 4273 uro
3063 4236 3260 4273 parvo.
3283 4219 3394 4273 Sed
3459 4237 3545 4273 asc
3578 4222 3784 4273 abusio

2065 4221 2198 4275 dam
2224 4219 2596 4286 vicinitatem,
2618 4222 2907 4275 minutum
2930 4237 3034 4291 pro
3063 4236 3260 4290 parvo.
3283 4219 3394 4291 Sed
3413 4219 3545 4274 haec
3578 4219 3789 4276 abusio

2065 4291 2325 4345 vocabuli
2356 4293 2425 4364 in
2460 4297 2738 4363 potestate
2769 4290 3054 4362 loquentis
3084 4295 3200 4364 est:
3234 4290 3405 4364 habet
3437 4291 3621 4364 enim
3657 4309 3789 4364 par-

2064 4378 2221 4434 vum,
2256 4367 2316 4416 ut
2353 4362 2641 4417 minutum
2682 4379 2798 4418 non
2836 4364 3075 4417 dicatur.
3109 4362 3255 4434 Illud
3295 4362 3486 4432 magis
3527 4362 3792 4434 pertinet

2064 4433 2132 4487 ad
2167 4433 2225 4487 id
2265 4436 2415 4504 quod
2444 4435 2708 4488 volumus
2737 4434 3058 4498 ostendere,
3090 4433 3241 4503 quod
3271 4449 3402 4487 cum
3438 4433 3682 4503 piscina
3715 4434 3794 4489 di-

2063 4504 2213 4577 citur
2242 4503 2572 4577 inrbalneis,
2599 4508 2660 4559 iu
2691 4522 2805 4577 qua
2836 4504 3075 4575 piscium
3103 4504 3244 4557 nihil
3272 4503 3365 4571 sit,
3385 4505 3674 4577 nihilque
3707 4506 3793 4577 pi-

2064 4575 2252 4629 scibus
2281 4576 2469 4630 simile
2515 4575 2745 4644 habeat,
2778 4577 3005 4630 videtur
3039 4581 3231 4629 tamen
3268 4592 3300 4628 a
3339 4575 3606 4645 piscibus
3642 4575 3796 4631 dicta

2062 4652 2299 4717 propter
2330 4664 2559 4717 aquam,
2595 4648 2691 4701 ubi
2736 4646 2987 4717 piscibus
3015 4645 3129 4699 vita
3157 4650 3261 4701 est.
3299 4647 3385 4699 Ita
3424 4649 3795 4702 vocabulum

2061 4734 2181 4772 non
2219 4720 2562 4772 translatum
2607 4717 3006 4784 similitudine,
3049 4718 3146 4772 sed
3195 4717 3444 4787 quadam
3484 4718 3798 4773 vicinitate

2062 4796 2402 4858 usurpatum
2448 4794 2549 4843 est.
2597 4790 2757 4853 Quod
2796 4788 2845 4843 si
2883 4788 3015 4860 quis
3042 4788 3192 4842 dicat
3223 4789 3497 4860 homines
3528 4790 3797 4860 piscibus

2064 4860 2277 4914 similes
2324 4861 2574 4915 natando
2623 4860 2771 4921 fieri,
2827 4858 3058 4914 et’iude
3110 4859 3342 4929 piscinas
3390 4858 3623 4915 nomen
3672 4878 3795 4917 esse

2062 4938 2302 4997 natum;
2338 4933 2575 4986 stultum
2604 4937 2685 4985 est
2715 4932 2823 4985 hoc
2845 4931 3112 4997 refutare,
3143 4946 3272 4983 cum
3304 4930 3374 4983 ab
3408 4947 3471 4984 re
3505 4938 3793 4987 neutr-um

2065 5003 2389 5066 abhorreat,
2434 5008 2493 5056 et
2537 5008 2844 5073 utrumque
2875 5001 3066 5055 lateat.
3103 5002 3253 5073 Illud
3282 5005 3482 5055 tamen
3514 5003 3684 5058 bene
3715 5019 3797 5058 ac-

2064 5073 2218 5144 cidit,
2271 5074 2427 5144 quod
2475 5090 2590 5127 uno
2637 5072 2898 5144 exemplo
2937 5072 3250 5127 dilucidare
3281 5073 3403 5143 jam
3438 5090 3795 5143 possumus,

2064 5143 2201 5215 quid
2233 5143 2407 5199 distet
2432 5145 2594 5215 origo
2619 5145 2791 5212 verbi,
2816 5159 2946 5215 quae
2969 5144 3038 5197 de
3062 5144 3347 5197 vicinitate
3374 5144 3705 5214 arripitur,
3729 5146 3797 5199 ab

2062 5232 2130 5269 ea
2161 5232 2289 5285 quas
2319 5216 2691 5270 similitudine
2714 5216 2958 5287 ducitur.
2995 5215 3135 5269 Hinc
3157 5216 3300 5268 facta
3322 5220 3411 5268 est
3438 5217 3797 5287 progressio

2062 5302 2245 5359 usque
2274 5287 2339 5341 ad
2363 5287 2745 5359 contrarium.
2776 5286 2917 5341 Nam
2939 5287 3100 5359 lucus
3126 5286 3305 5340 dictus
3326 5292 3603 5359 putatur,
3632 5286 3797 5359 quod

2063 5358 2301 5411 minime
2333 5360 2554 5426 luceat;
2580 5365 2635 5413 et
2667 5358 2901 5423 bellum,
2934 5357 3088 5428 quod
3119 5374 3209 5412 res
3239 5358 3389 5411 bella
3420 5373 3549 5412 non
3578 5357 3713 5426 sit;
3746 5363 3803 5413 et

2062 5429 2292 5484 foederis
2313 5446 2547 5493 nomen,
2581 5430 2733 5500 quod
2764 5447 2851 5483 res
2879 5429 3031 5483 fusda
3058 5445 3176 5482 non
3199 5428 3309 5500 sit:
3343 5430 3507 5497 quod
3538 5429 3588 5483 si
3628 5448 3667 5484 a
3702 5431 3804 5483 fa:-

2064 5500 2238 5554 ditate
2290 5502 2449 5570 porci
2495 5502 2709 5555 dictum
2758 5506 2860 5564 est,
2912 5506 2977 5554 ut
3033 5499 3294 5554 nonnulli
3340 5500 3575 5565 volunt,
3643 5501 3805 5556 redit

2062 5586 2210 5643 ergo,
2229 5572 2296 5625 ad
2328 5572 2484 5627 illam
2515 5572 2887 5637 vicinitatem,
2917 5587 3047 5625 cum
3076 5572 3131 5626 id
3162 5570 3313 5643 quod
3343 5570 3429 5643 fit,
3462 5571 3546 5643 ab
3577 5589 3661 5627 eo
3698 5588 3807 5643 per

2062 5642 2216 5712 quod
2246 5643 2312 5697 ﬁt
2332 5643 2693 5699 nominatur.
2722 5645 2863 5699 Nam
2887 5648 2944 5697 et
2964 5643 3071 5698 ista
3097 5642 3336 5697 omnino
3362 5642 3652 5697 vicinitas
3684 5642 3806 5698 late

2060 5718 2238 5783 patet,
2274 5719 2331 5772 et
2358 5732 2461 5787 per
2495 5717 2706 5772 multas
2733 5721 2925 5786 partes
2957 5720 3200 5772 secatur.
3243 5717 3358 5770 Aut
3386 5729 3498 5787 per
3527 5714 3808 5772 efﬁcien-
