3970 6146
190 189 326 243 1413

188 311 349 374 tiam,
380 312 445 362 ut
471 308 578 362 hoc
602 308 852 379 ipsumia
879 306 1129 363 foeditate
1157 307 1338 379 porci,
1370 323 1474 378 per
1504 322 1677 378 quem
1708 306 1889 379 foedus

185 380 460 445 eflicitur;
494 384 592 433 aut
619 377 722 449 per
751 378 1036 446 effectum,
1070 384 1131 433 ut
1158 377 1389 449 puteus,
1415 377 1571 450 quod
1609 380 1731 449 ejus
1760 377 1890 432 effe-

185 456 310 505 ctus
338 450 557 520 potatio
591 457 697 518 est,
729 452 979 504 creditur
1003 450 1217 517 dictus;
1238 455 1335 504 aut
1360 466 1463 520 per
1491 450 1549 503 id
1578 451 1731 520 quod
1761 465 1890 504 con-

184 523 349 587 tinet,
396 525 457 574 ut
494 521 720 586 urbem,
772 522 842 575 ab
890 522 1024 575 orbe
1072 522 1418 591 appellatam
1468 521 1686 584 volunt.
1735 520 1890 590 quod

186 593 476 663 auspicato
511 594 647 646 loco
685 591 1033 647 circumduci
1065 601 1252 645 aratro
1278 592 1434 663 {solet
1463 605 1476 646 ε
1527 594 1687 661 cujus
1715 592 1801 645 rei
1833 596 1890 645 et

184 664 455 733 Virgilius
485 663 768 724 meminit,
797 663 894 716 ubi
939 664 1142 716 Aineas
1175 662 1378 717 urbem
1409 662 1672 733 designat
1701 668 1887 716 aratro

185 735 412 806 (ΛΕηείιί.
444 735 536 789 lib.
572 738 624 799 5,
656 751 708 787 υ.
740 738 861 788 755ὶ
889 750 901 787 :
936 742 1033 788 aut
1056 749 1159 806 per
1183 733 1242 787 id
1271 733 1426 806 qucd
1455 733 1890 806 continetur,_ut

183 804 233 860 Si
262 807 391 876 quis
436 806 708 859 horreum
739 811 958 858 mutata
995 806 1029 859 d
1058 804 1248 859 littera
1291 804 1542 858 afﬁrmet
1570 805 1640 858 ab
1673 804 1885 876 hordeo

186 875 600 956 nummatumi
630 883 751 956 aut.
783 892 886 956 per
929 875 1283 956 abusiunem,
1328 882 1390 956 ut
1434 891 1562 929 cum
1588 875 1889 956 hordeum

185 947 448 1012 dicimus,
482 953 538 1001 et
565 947 645 1001 ibi
684 947 936 1001 triticum
967 947 1260 1013 conditur;
1296 947 1380 1000 vel
1414 963 1447 1000 a
1477 952 1635 1016 parte
1682 951 1886 1007 totum,

184 1024 249 1073 ut
280 1018 569 1072 mucronis
597 1018 852 1083 nomine,
884 1034 1012 1089 quas
1043 1034 1269 1072 summa
1297 1033 1427 1088 pars
1458 1022 1543 1070 est
1571 1016 1765 1087 gladii,
1798 1022 1888 1089 ’ίοέ

183 1094 307 1144 tum
339 1090 592 1161 gladium
620 1095 850 1161 vocant;
878 1088 966 1143 vel
996 1106 1029 1143 a
1048 1095 1166 1142 toto
1197 1104 1346 1161 pars,
1378 1092 1441 1161 ut
1469 1089 1707 1161 capillus
1731 1088 1889 1161 quasi

184 1158 386 1232 capitis
428 1161 599 1230 pilus.
638 1160 784 1223 Quid
834 1158 1344 1232 ultragprovehar‘?
1392 1158 1683 1229 Quidquid
1735 1158 1889 1212 aliud

183 1230 556 1285 annumerari
594 1235 801 1301 potest,
833 1235 932 1284 aut
969 1230 1345 1284 similitudine
1388 1246 1580 1284 rerum
1622 1235 1677 1283 et
1714 1245 1890 1283 sono-

184 1319 337 1368 rum,
368 1306 467 1356 aut
508 1302 879 1355 similitudine
910 1317 1105 1355 rerum
1143 1301 1421 1372 ipsarum,
1451 1307 1548 1355 aut
1578 1301 1886 1367 vicinitate,

185 1380 285 1427 aut
313 1372 619 1441 contrario,
647 1372 925 1426 contineri
955 1371 1181 1426 videbis
1196 1372 1480 1441 originem
1507 1371 1687 1439 verbi,
1714 1386 1889 1440 quam

185 1443 457 1515 prosequi
484 1461 600 1497 non
631 1443 866 1513 quidem
897 1444 1048 1497 ultra
1077 1442 1202 1515 soni
1228 1442 1666 1515 similitudinem
1696 1457 1891 1511 possu-

183 1512 345 1580 inus;
373 1512 471 1568 sed
504 1517 611 1568 hoc
642 1512 754 1567 non
787 1528 1010 1584 semper
1042 1512 1241 1585 utique
1273 1530 1593 1585 possumus.
1623 1514 1891 1566 Innume-

182 1586 389 1640 rabilia
419 1585 572 1639 enim
603 1590 736 1639 sunt
767 1583 958 1650 verba,
979 1583 1226 1655 quorum
1254 1583 1399 1638 ratio
1431 1583 1590 1638 reddi
1618 1600 1737 1655 non
1768 1600 1891 1655 pos:

181 1656 258 1710 sit
289 1673 301 1710 :
334 1661 428 1710 aut
462 1673 576 1710 non
604 1661 704 1723 est,
742 1662 805 1710 ut
839 1673 944 1726 ego
975 1653 1250 1721 arbitror;
1283 1661 1381 1708 aut
1412 1655 1568 1720 latet,
1594 1660 1688 1726 _ut
1716 1653 1890 1707 Stoici

182 1728 557 1781 contendunt.
588 1726 727 1780 Vide
760 1724 953 1779 tamen
990 1727 1314 1795 paululum,
1360 1724 1648 1795 quomodo
1689 1740 1887 1794 perve-

182 1798 299 1852 niri
331 1804 536 1868 putant
566 1797 636 1850 ad
666 1797 763 1849 illa
794 1798 1098 1850 verborum
1120 1796 1425 1863 cunabula,
1448 1796 1534 1868 vel
1557 1795 1628 1848 ad
1652 1796 1888 1868 stirpem

181 1864 375 1941 potius
406 1874 577 1937 atque
607 1867 748 1920 adeo
766 1873 1118 1941 _scmentum,
1152 1868 1300 1919 ultra
1331 1867 1479 1941 quod
1504 1864 1695 1941 _quaeri
1723 1866 1890 1941 origi-

181 1937 320 1993 nem
356 1943 569 2006 vetant,
599 1953 703 2008 nec;
734 1937 782 1990 si
820 1938 946 2008 quis
977 1938 1130 2003 velit,
1164 1942 1351 2007 potest
1383 1937 1696 2007 quidquam
1727 1937 1886 1990 inve-

180 2009 329 2086 nire.
358 2009 534 2063 Nemo
559 2007 800 2086 ambigit
828 2007 1467 2086 Syllabas,_in_qnibus‘v_
1489 2008 1679 2086 littera
1701 2008 1889 2061 locum

182 2080 406 2134 obtinet
432 2077 812 2143 consonantis,
846 2084 909 2132 ut
936 2084 1069 2131 sunt
1094 2078 1156 2132 in
1190 2077 1276 2131 his
1311 2077 1518 2143 verbis,
1554 2083 1767 2143 venter,
1802 2095 1891 2131 va-

181 2149 288 2215 fer,
323 2152 536 2216 velum,
571 2150 787 2214 vinum,
820 2151 1021 2216 vomis,
1056 2150 1282 2214 vulnus,
1325 2164 1576 2202 crassum
1622 2154 1679 2202 et
1726 2148 1889 2219 quasi

184 2222 434 2276 validum
464 2237 668 2275 sonum
699 2223 886 2275 edere.
916 2220 1075 2285 Quod
1108 2220 1387 2290 approbat
1413 2219 1586 2273 etiam
1616 2219 1889 2289 loquendi

182 2292 561 2356 consuetudo,
594 2308 724 2345 cum
755 2292 1097 2362 quibusdam
1129 2291 1312 2344 verbis
1341 2307 1434 2362 eas
1475 2290 1884 2357 subtrahimus,

181 2379 257 2418 ne
280 2369 520 2417 onerent
540 2379 758 2417 aurem.
784 2363 925 2416 Nam
949 2362 1079 2416 inde
1102 2367 1186 2415 est
1207 2361 1361 2432 quod
1387 2362 1589 2415 amasti
1621 2362 1888 2432 libentius

181 2434 426 2489 dicimus
471 2450 646 2504 quam
694 2433 973 2496 amavisti,
1020 2436 1073 2504 et
1118 2431 1283 2498 abiit;
1327 2448 1443 2485 non
1480 2431 1699 2504 Aabivit;
1731 2438 1798 2504 et,
1829 2431 1890 2485 in

180 2506 337 2560 hunc
368 2501 603 2559 modum
633 2503 1095 2558 innumerabilia.
1134 2505 1278 2572 Ergo
1302 2519 1433 2557 cum
1464 2502 1726 2569 dicimus,
1751 2501 1883 2566 vim,

184 2592 362 2632 sonus
395 2576 572 2642 verbi,
599 2580 662 2630 ut
691 2575 906 2630 dictum
931 2581 1033 2641 est,
1058 2574 1222 2698 quasi
1246 2573 1466 2627 validus
1498 2573 1763 2643 congruit
1783 2573 1888 2640 rei,

184 2663 315 2698 quae
359 2647 730 2698 signiﬁcatur.
763 2647 886 2698 Jam
937 2662 1001 2698 ex
1052 2646 1069 2698 i
1101 2648 1151 2698 la
1182 2643 1468 2698 vicinitate
1500 2659 1603 2698 Der
1640 2644 1698 2696 id
1733 2644 1888 2698 quod

184 2663 315 2718 quae
359 2647 730 2718 signiﬁcatur.
763 2647 886 2718 Jam
937 2662 1001 2700 ex
1052 2643 1151 2718 illa
1177 2643 1468 2718 vicinitate
1492 2659 1603 2718 per
1640 2644 1711 2718 id
1733 2644 1889 2718 quod

183 2714 460 2782 alliciunt,
502 2719 611 2771 hoc
654 2723 738 2770 est
785 2717 921 2787 quia
956 2714 1227 2787 violentia
1272 2720 1424 2787 sunt,
1454 2715 1620 2787 dicta
1660 2714 1890 2787 vincula

182 2794 421 2859 possunt
451 2788 649 2853 videri,
681 2784 970 2859 etrv'imen
1000 2786 1367 2859 quoaliquid
1415 2784 1714 2859 vinciatur.
1752 2784 1888 2859 lude

182 2855 348 2927 vites,
407 2861 559 2931 quod
611 2858 974 2931 adminiculis
1018 2855 1607 2931 quibusivinciantur
1652 2855 1889 2909 nexibus

181 2926 453 3001 pendent.
486 2930 625 2984 Hinc
647 2930 821 2984 etiam
848 2926 1079 2999 propter
1101 2926 1562 3001 similitudinem,
1589 2926 1889 2981 incurvum

181 2997 379 3055 senem
428 3001 639 3055 victum
669 2997 971 3054 Terentius
1016 2997 1337 3069 appellavit.
1384 2998 1523 3052 Hinc
1562 3003 1732 3064 terra,
1763 3014 1891 3068 quae

225 3073 424 3126 edibus
453 3072 851 3127 itinerantium
884 3068 1136 3124 ﬂexuds’a
1161 3075 1217 3124 et
1244 3068 1378 3122 trita
1407 3075 1511 3136 est,
1540 3069 1632 3122 via
1661 3069 1886 3125 dicitur.

219 3144 238 3197 i
260 3150 458 3223 autem
490 3143 764 3223 via,‘qu_a:
794 3143 846 3195 vi
877 3142 1091 3222 pedum
1120 3140 1268 3223 trita“
1291 3145 1395 3223 est:
1425 3139 1677 3221 creditur
1716 3140 1885 3222 dicta,

181 3214 519 3286 reditiorigo
542 3215 622 3286 ad
652 3211 813 3286 illam
842 3211 1210 3286 vicinitatem.
1237 3211 1342 3286 Sed
1371 3211 1706 3286 faciamusa
1736 3211 1890 3265 simi-

182 3284 425 3340 litudine
454 3282 585 3338 vitis
615 3286 703 3338 vel
730 3284 978 3351 viminis,
1004 3285 1111 3338 hoc
1133 3287 1218 3337 est
1237 3298 1271 3336 a
1300 3282 1446 3336 ﬂexu
1482 3298 1602 3337 esse
1634 3282 1844 3337 dictam
1872 3299 1886 3338 :

184 3356 393 3428 quaerit
431 3372 567 3427 ergo
616 3372 705 3409 me
741 3355 1049 3426 quispiam,
1085 3370 1261 3428 quare
1305 3354 1397 3428 via
1428 3354 1575 3408 dicta
1623 3359 1754 3428 este:
1798 3370 1890 3407 re—

183 3424 458 3498 spondeo.
493 3424 527 3481 εἰ
556 3427 728 3490 ﬂexu,
756 3424 894 3498 quia
920 3424 1131 3498 ﬂexum
1163 3426 1316 3498 velut
1343 3425 1649 3498 incurvum
1675 3424 1889 3498 victum

183 3494 404 3554 v'eteres
431 3497 726 3553 dixerunt:
757 3494 907 3552 unde
929 3497 1104 3551 victos
1125 3497 1280 3567 quod
1307 3495 1512 3548 cantho
1540 3494 1886 3567 ambiuntur,

180 3575 463 3640 rotarum,
495 3570 653 3640 ligna
707 3573 931 3623 vocant.
986 3566 1355 3640 Persequitur
1401 3581 1680 3640 quaerere,
1736 3566 1889 3640 unde

180 3640 394 3695 victum
441 3635 657 3694 ﬂex'um
687 3639 908 3693 dicatur
939 3655 952 3692 :
983 3644 1038 3692 et
1069 3638 1161 3691 hic
1175 3635 1523 3707 respondeo,
1557 3653 1589 3690 a
1620 3635 1888 3689 similitu-

183 3712 319 3767 dine
350 3711 499 3766 vitis.
533 3713 713 3765 Instat
741 3715 911 3781 atque
941 3708 1114 3779 exigit
1144 3706 1299 3762 unde
1341 3706 1491 3781 istud
1524 3707 1595 3781 sit
1623 3707 1760 3781 vitis
1782 3722 1888 3759 no-

181 3798 319 3836 men
347 3799 361 3837 :
398 3783 523 3837 dico
555 3781 691 3853 quia
720 3776 895 3835 vincit
925 3795 990 3853 ea
1021 3776 1149 3853 quae
1173 3776 1694 3853 comprehenderit.
1729 3776 1890 3853 Scru-

181 3857 336 3908 tatur
363 3853 554 3924 ipsum
572 3846 826 3918 'vincere,
858 3851 1010 3906 unde
1037 3846 1256 3924 dictum
1288 3846 1400 3903 sit:
1441 3848 1718 3924 dicemus,
1749 3864 1783 3901 a
1810 3846 1885 3924 _vi.

184 3923 279 3995 Vis
325 3918 503 3995 quare
553 3924 631 3978 sic
677 3925 1017 3993 appellatur,
1065 3919 1669 3995 requiret:_redditu_r
1718 3918 1887 3995 ratio,

180 3991 317 4067 quia
333 3990 567 4067 robusto
598 3990 860 4067 etival'ido
887 4010 1025 4067 son_o
1048 3990 1286 4067 verbum
1316 3991 1420 4055 rei,
1443 3990 1889 4067 quassigniticae
1934 4046 1945 4054 ,

182 4061 299 4132 ιίιιο,
332 4066 615 4136 congruit.
649 4065 804 4119 Ultra
849 4062 1004 4136 quod
1043 4063 1299 4133 requirat
1336 4077 1452 4136 non
1503 4061 1695 4114 habet.
1742 4062 1891 4125 Quot

180 4137 372 4192 modis
402 4134 593 4192 autem
623 4136 785 4205 origo
831 4135 1138 4205 verborum
1169 4134 1531 4205 corruptione
1567 4147 1769 4185 vocum
1801 4148 1891 4205 va-

180 4209 380 4277 rietur,
412 4210 672 4280 ineptum
705 4203 790 4260 est
815 4203 1089 4280 prosequi
1122 4220 1135 4258 :
1170 4218 1307 4257 nam
1337 4207 1392 4255 et
1423 4203 1683 4280 longum,
1709 4208 1767 4256 et
1785 4204 1892 4257 mi-

183 4297 291 4335 nus
320 4272 490 4353 quam
511 4272 631 4353 illa
653 4272 960 4353 qumjlicta
991 4272 1555 4353 sunt,_necessari_um
1584 4276 1687 4327 est.

596 4343 821 4404 CA'PUT
860 4346 977 4401 VII.
1020 4377 1089 4385 —-
1126 4347 1198 4399 De
1224 4347 1280 4399 vi
1306 4343 1474 4398 verbi.

256 4423 419 4476 Nunc
444 4420 559 4474 vim
589 4421 914 4485 verborum,
949 4421 1230 4488 quantum
1258 4432 1348 4469 res
1377 4414 1612 4488 patitur,
1642 4412 1890 4469 breviter

183 4493 627 4553 consideremus.
677 4492 771 4545 Vis
821 4485 985 4543 verbi
1018 4492 1119 4550 est,
1153 4503 1267 4558 qua
1304 4485 1690 4558 cognoscitur!
1713 4501 1893 4556 quan-

184 4566 310 4616 tum
336 4563 553 4617 valeat:
580 4562 727 4615 valet
747 4566 937 4615 autem
969 4556 1213 4620 tantum,
1244 4564 1527 4628 quantum
1559 4556 1887 4610 audientem

182 4648 412 4687 movere
436 4636 637 4702 potest.
666 4634 842 4687 Porro
873 4635 1062 4702 movet
1085 4627 1432 4702 audientem,
1454 4632 1551 4681 aut
1575 4627 1890 4681 secundum

186 4719 266 4769 se,
302 4710 400 4756 aut
436 4698 758 4756 'secundum
800 4702 857 4755 id
888 4700 1042 4772 quod
1080 4698 1380 4772 significat,
1413 4703 1511 4752 aut
1543 4714 1612 4752 ex
1640 4704 1888 4772 utraque

184 4768 586 4828 communiter.
618 4772 723 4827 Sed
752 4788 883 4825 eum
904 4768 1226 4825 secundum
1257 4786 1314 4823 se
1341 4772 1551 4833 movet,
1576 4773 1675 4822 aut
1706 4768 1775 4822 ad
1807 4784 1893 4821 so-

184 4847 308 4920 lum
338 4859 569 4898 sensum
599 4843 867 4914 pertinet,
887 4847 986 4895 aut
1015 4841 1088 4895 ad
1114 4846 1313 4907 artem,
1337 4845 1437 4920 aut
1465 4840 1533 4893 ad
1554 4845 1885 4920 utrumque.

184 4916 394 4970 Sensus
423 4911 621 4968 autem
644 4920 743 4968 aut
771 4920 978 4967 natura
1009 4920 1286 4976 movetur,
1332 4916 1433 4965 aut
1457 4911 1886 4965 consuetudine.

186 4986 400 5040 Natura
428 4991 690 5039 movetur
718 4984 778 5038 in
809 5000 898 5051 eo,
933 4983 1089 5055 quod
1128 4982 1436 5055 attenditur
1464 4982 1511 5034 si
1542 4981 1891 5055 φύε-ηοῳί-

183 5062 285 5112 net
320 5063 689 5111 Artaxerxem
734 5051 1067 5126 regemivel
1100 5054 1385 5126 mulcetur
1414 5051 1750 5126 cum’audit
1784 5053 1894 5126 Eu-

181 5129 428 5200 ryalum.
461 5127 598 5200 Quis
627 5127 780 5180 enim
804 5122 1037 5200 Etiamsi
1066 5124 1211 5179 nihil
1245 5125 1441 5200 utique
1485 5124 1553 5177 de
1584 5122 1673 5175 his
1703 5122 1890 5200 homi-

183 5194 355 5255 n'ibus
388 5199 651 5264 audierit,
686 5214 928 5269 quorum
962 5197 1070 5269 ista
1108 5199 1243 5249 sunt
1271 5194 1671 5269 nominatneu
1699 5199 1893 5248 tamen

181 5271 245 5326 in
277 5272 375 5325 illo
413 5264 779 5341 asperitatem
828 5268 1159 5333 maximam,
1194 5266 1334 5321 etin
1376 5266 1485 5319 hoc
1526 5264 1744 5335 judicet
1766 5281 1891 5341 esse

180 5335 527 5398 lenitatem-‘2
554 5340 977 5396 Consuetudine
1017 5344 1280 5393 movetur
1307 5352 1524 5401 sensus,
1557 5352 1687 5389 cum
1721 5335 1895 5390 offen-

182 5414 340 5469 ditur
360 5430 488 5468 cum
518 5413 678 5467 audit
701 5411 973 5482 quiddam
1000 5427 1012 5465 :
1039 5426 1170 5464 nam
1196 5409 1286 5464 hic
1302 5409 1382 5482 _ad
1407 5406 1746 5482 suavitatem
1770 5406 1893 5460 soni

182 5489 273 5541 vel
304 5479 883 5542 insuavitatem'nihil
914 5483 1193 5549 interest;
1223 5480 1320 5535 sed
1352 5485 1543 5533 tamen
1572 5479 1765 5532 valent
1792 5493 1895 5531 au-

185 5557 338 5612 rium
368 5557 961 5627 penetraliaimovere,
981 5557 1173 5627 utrum
1207 5567 1311 5623 per
1331 5567 1389 5605 se
1419 5553 1784 5627 transeuntes
1810 5565 1895 5627 so-

187 5644 293 5681 nos
335 5620 499 5698 q'uasi
546 5620 1015 5699 hospiteshnotOS,
1048 5640 1120 5679 an
1151 5620 1380 5699 ignotos
1424 5620 1724 5699 recipiant.
1758 5624 1894 5699 Arte

186 5691 382 5754 autem
410 5691 676 5757 movetur
705 5697 949 5766 auditor,
967 5711 1099 5753 cum
1128 5691 1425 5753 enuntiato
1456 5691 1565 5749 sibi
1596 5691 1790 5761 verbo,
1808 5694 1893 5748 at-

1748 179 2140 239 APPENDIX.

3560 192 3697 247 1414

1997 305 2330 381 tendit-quae
2360 305 2432 360 sit
2461 322 2591 381 pars
2621 305 2915 381 orationis,
2935 309 3035 381 _vel
3066 309 3112 362 si
3140 308 3277 381 quid
3311 312 3467 367 aliud
3499 312 3560 367 in‘
3606 315 3695 370 his

1999 377 2334 448 disciplinis,
2365 393 2493 452 quae
2523 378 2592 431 de
2616 378 2798 432 verbis
2827 377 3416 452 tradunturfaccepit.
3448 387 3519 439 At
3559 402 3693 441 vero

1998 464 2064 502 ex
2096 455 2360 525 utruque,
2388 449 2447 525 id
2472 454 2556 501 est
2585 454 2642 502 et
2660 465 2828 525 sensu
2860 456 2915 503 et
2937 458 3057 505 arte
3085 454 3153 525 de
3185 449 3353 507 verbo
3379 455 3690 525 judicatur,

1998 536 2129 593 cum
2151 519 2235 593 id,
2264 520 2415 590 quod
2438 535 2603 593 aures
2634 521 2967 593 metiuntur,
2996 523 3141 576 ratio
3172 529 3354 593 notat,
3380 519 3453 580 'et
3483 519 3695 583 nomen

1997 590 2077 645 ita
2106 592 2377 669 ponitur;
2409 590 2731 669 Aut_dic1_tur,
2753 591 3033 669 optimus:
3059 610 3186 669 mox
3207 601 3269 669 ut
3296 590 3494 650 aurem
3524 601 3695 669 longa

1997 676 2112 736 una
2133 662 2346 733 syllaba
2369 666 2425 715 et
2453 662 2582 716 duae
2610 661 2811 736 breves
2833 663 3260 733 hujusnominis
3288 661 3692 736 percusserunt,

1999 732 2224 786 animus
2249 749 2313 787 ex
2345 737 2463 787 arte
2494 734 2683 786 statim
2706 732 2923 803 pedem
2939 735 3226 807 dactylum
3254 732 3525 807 agnoscit.
3559 732 3698 794 Sen-

1999 819 2133 880 sum
2148 820 2281 857 vero
2308 820 2419 880 neu
2452 807 2765 858 secundum
2795 821 2871 871 se,
2905 805 3001 880 sed
3031 805 3342 861 secundum
3363 809 3417 862 id
3449 811 3601 880 quod
3628 811 3699 864 si-

1998 874 2231 952 gniﬁcat
2260 875 2741 952 verbum_movet_,
2773 878 3001 952 quando
3040 894 3150 952 _per
3197 880 3435 952 verbum
3466 874 3696 952 accepto

1998 946 2180 1015 signo,
2216 945 2441 1018 animus
2466 946 2608 999 nihil
2650 945 2802 999 aliud
2836 964 3007 1017 quam
3037 945 3218 1018 ipsam
3250 966 3371 1004 rem
3417 945 3694 1017 intuetur,

1998 1018 2160 1093 cujus
2189 1017 2329 1093 illud
2352 1018 2598 1093 signum
2617 1023 2700 1093 est
2731 1020 2885 1093 quod
2918 1017 3132 1089 accepit
3160 1037 3172 1074 :
3199 1026 3263 1074 ut
3304 1037 3455 1086 cum,
3494 1025 3698 1093 Augu—

1997 1089 2145 1164 stino
2176 1088 2497 1164 nominato,
2525 1088 2665 1164 nihil
2697 1090 2850 1164 aliud
2881 1088 3070 1164 quam:
3086 1107 3192 1161 ego
3221 1093 3340 1161 ipse
3371 1088 3696 1164 cogitur'ab

1998 1156 2144 1228 ipso,
2172 1159 2265 1231 cui
2297 1165 2462 1231 notus
2488 1175 2612 1212 sum
2640 1158 2715 1229 (α)
2741 1175 2755 1213 :
2788 1156 3153 1231 aut'quilihe't
3182 1156 3480 1217 hominum
3515 1164 3695 1218 menti

1999 1230 2265 1304 cecurrit,
2292 1230 2359 1304 _si
2394 1230 2537 1304 ferte
2568 1231 2673 1283 hoc
2705 1230 2948 1304 nomen,
2976 1233 3060 1304 vel
3093 1234 3192 1303 qui
3223 1250 3311 1288 me
3343 1234 3568 1304 ignorat
3596 1251 3697 1289 au-

1999 1300 2188 1374 dierit,
2220 1301 2305 1353 vel
2337 1300 2438 1374 qui
2469 1300 2644 1374 alium
2676 1302 2996 1374 novit,_qui
3042 1300 3395 1374 Augustinus
3445 1310 3694 1360 vocetur.

2000 1371 2142 1424 Cum
2174 1376 2365 1425 autem
2398 1372 2567 1425 simul
2600 1378 2656 1424 et
2675 1372 2988 1426 secundum
3020 1390 3077 1427 se
3105 1371 3338 1429 verbum
3374 1382 3564 1430 movet
3592 1393 3695 1430 au—

1998 1441 2278 1517 dientem,
2320 1447 2377 1495 et
2426 1441 2739 1517 secundum
2760 1443 2818 1517 id
2844 1444 2996 1512 quod
3014 1444 3325 1513 signiﬁcat;
3345 1452 3478 1500 tunc
3496 1452 3550 1501 et
3572 1447 3698 1517 ipsa

1999 1512 2343 1594 entiutiatie2
2375 1517 2430 1594 et
2457 1513 2514 1567 id
2547 1514 2811 1594 quodmab
2852 1530 2922 1594 eo_
2971 1512 3545 1594 enuntiatur_,__simul
3582 1512 3696 1594 ‘ad-

1998 1582 2255 1637 vertitur.
2303 1584 2458 1637 Unde
2486 1582 2640 1637 enim
2682 1584 2746 1637 ﬁt
2776 1584 2926 1655 quod
2966 1601 3081 1639 non
3127 1587 3435 1641 offenditur
3473 1588 3701 1643 aurium

1999 1656 2243 1730 castitas,
2271 1670 2400 1706 cum
2457 1656 2636 1730 audit,
2670 1656 2858 1730 manu,
2912 1662 3127 1725 ventre,
3176 1674 3345 1730 pene,
3401 1659 3550 1712 bona
3597 1676 3699 1730 pa-

1997 1725 2110 1778 tria
2139 1725 2512 1799 laceraverat;
2550 1724 2933 1799 offenderetur
2962 1724 3152 1799 autem
3177 1724 3231 1781 si
3278 1729 3535 1783 obscaena
3568 1724 3701 1799 pars

1999 1794 2256 1869 corporis
2295 1795 2524 1849 sordido
2568 1812 2632 1849 ac
2661 1796 2883 1869 vulgari
2926 1797 3156 1852 nomine
3181 1794 3611 1869 appellaretur"?
3641 1802 3701 1856 in

1996 1864 2103 1939 hec
2135 1871 2324 1939 autem
2357 1882 2588 1939 sensum
2627 1864 3001 1939 animumque
3033 1864 3332 1939 utriusque
3367 1872 3699 1928 deformitas

2000 1935 2335 2013 eti'enderet2
2365 1936 2476 2013 _nisi
2508 1937 2605 2013 illa
2629 1935 2925 2013 turpitudo
2960 1940 3053 2013 rei
3083 1956 3211 2010 quas
3237 1935 3560 2010 signiﬁcata
3590 1947 3697 2013 est,

1999 2006 2202 2079 decore
2224 2007 2379 2079 verbi
2411 2006 2785 2077 signiﬁcantis
2815 2006 3154 2079 operiretur,
3189 2006 3321 2065 cuni
3372 2029 3461 2066 res
3498 2006 3697 2069 eadem

1998 2077 2091 2135 sit.
2152 2078 2315 2149 cujus
2343 2083 2655 2149 utrumque
2685 2077 3022 2133 vocabulum
3054 2087 3136 2135 est
3167 2098 3179 2135 :
3227 2083 3403 2137 veluti
3446 2100 3559 2138 non
3589 2085 3701 2139 alia

1997 2148 2422 2226 meretrix,_sed
2452 2148 2617 2226 aliter
2637 2156 2828 2226 tamen
2858 2150 3082 2205 videtur
3104 2169 3171 2226 eo
3204 2155 3379 2226 cultu,
3414 2171 3528 2226 quo
3569 2161 3698 2210 ante

1991 2219 2247 2293 judicem
2269 2224 2416 2273 stare
2445 2222 2669 2293 assolet,
2701 2222 2869 2276 aliter
2894 2238 2960 2276 eo
2992 2239 3105 2293 quo
3138 2224 3192 2277 in
3224 2219 3502 2279 luxui-idsi
3532 2227 3699 2281 cubi-

1997 2291 2125 2366 culo
2170 2291 2402 2360 jaceret.
2436 2290 2578 2345 Cum
2608 2293 2784 2362 igitur
2826 2290 3047 2366 tantam
3102 2294 3217 2348 vim
3248 2299 3481 2366 tamque
3510 2298 3702 2352 multi-

1996 2362 2206 2431 plicem
2242 2367 2679 2438 appareat_esse
2732 2364 3058 2438 verborum,
3092 2381 3265 2438 quam
3320 2362 3567 2421 breviter
3596 2385 3700 2438 pro

1998 2438 2257 2506 tempore
2280 2433 2725 2504 summatimque
2750 2434 3049 2506 attigimus
3075 2433 3328 2506 {duplex
3354 2438 3444 2492 hic
3473 2455 3541 2492 ex
3566 2433 3700 2493 cnn-

1998 2503 2344 2579 sideratione
2376 2521 2576 2557 sensus
2606 2503 2905 2579 nascitur}
2936 2508 3144 2576 partim
3164 2503 3401 2579 propter
3427 2510 3702 2579 explican-

1999 2572 2131 2627 dam
2161 2574 2485 2649 veritatem,
2518 2577 2727 2649 partim
2758 2572 2994 2649 propter
3021 2572 3359 2632 servandum
3414 2572 3700 2649 decorem,

1999 2659 2242 2714 quorum
2275 2645 2532 2713 primum
2559 2646 2626 2700 ad
2657 2645 3036 2713 dialecticum,
3070 2651 3381 2703 secundum
3408 2650 3480 2703 ad
3510 2645 3700 2705 orato;

1999 2730 2121 2767 rem
2154 2716 2400 2790 maxime
2431 2716 2698 2785 pertinet.
2734 2718 3000 2790 Quamvis
3030 2719 3184 2772 enim
3217 2736 3322 2774 nec
3362 2721 3701 2790 disputatio-

1999 2800 2131 2838 nem
2164 2786 2362 2839 deceat
2388 2786 2663 2856 ineptam,
2689 2802 2792 2861 nec
2817 2787 3207 2861 eloquentiam
3263 2786 3523 2861 oporteat
3578 2808 3700 2847 esse

2000 2861 2333 2910 mendacem
2352 2873 2385 2933 _;.
2406 2861 2595 2933 tamen
2635 2857 2782 2933 etin
2815 2857 3109 2933 illa’saepe
3160 2857 3329 2933 atque
3383 2863 3524 2915 adeo
3554 2878 3701 2933 pene

1952 2942 1967 2963 ι
2000 2943 2227 3001 semper
2255 2927 2788 3001 audiendidelicias
2814 2927 3077 3001 discendi
3105 2927 3313 3001 cupido
3364 2927 3699 3000 contemnit,

2000 2998 2138 3071 etin
2161 2998 2265 3052 hac
2296 2998 2636 3071 imperitior
2660 2999 2969 3054 multitudo
3022 2998 3196 3071 quod'
3226 3010 3425 3056 ornate
3471 2998 3698 3070 dicitur,

2000 3069 2361 3147 e_tiam_vere‘
2381 3069 2492 3123 dici
2519 3069 2844 3147 arbitratur.
2882 3069 3196 3147 Ergo-cum
3247 3069 3702 3147 appareatquid

2000 3140 2074 3217 sit
2100 3140 2916 3217 uniuscujusque_proprium_,_
2933 3140 3299 3199 manifestum
3325 3140 3408 3199 est
3433 3150 3487 3200 et
3507 3140 3700 3217 dispu-

2000 3215 2263 3277 tatorem,
2297 3213 2343 3264 si
2374 3228 2488 3282 qua
2517 3212 2570 3265 ei
2601 3212 2921 3267 delectandi
2951 3229 3086 3268 cura
3112 3220 3214 3282 est,
3244 3216 3528 3271 rhetorico
3552 3212 3703 3272 colo-

1998 3298 2060 3335 re
2077 3283 2509 3359 _asp_e_rgendum
2536 3299 2549 3350 ;
2575 3289 2629 3338 et
2650 3289 2957 3359 craterem,
2986 3286 3340 3341 siveritatem
3360 3290 3703 3359 persuadere

1998 3352 2475 3428 vult,’dialecticis
2504 3354 2669 3425 quasi
2701 3356 2887 3409 nervis
2916 3363 3090 3428 atque
3122 3352 3495 3413 ossibus-esse
3528 3360 3702 3415 robo-

1998 3426 2265 3498 randam,
2299 3440 2428 3498 quia
2452 3425 2577 3498 ipsa
2606 3430 2809 3480 natura
2838 3425 3170 3498 corporibus
3211 3429 3442 3495 nostris,
3474 3446 3579 3484 nec
3605 3431 3705 3484 ﬁr-

1998 3494 2185 3567 mitati
2211 3494 2419 3550 virium
2451 3497 2784 3551 subtrahere
2815 3494 3024 3567 potuit,
3058 3515 3160 3552 nec
3199 3494 3497 3555 oculorum
3526 3501 3704 3556 offen-

1998 3565 2369 3655 sicnirpate‘re
2403 3567 2680 3655 permisit.
2697 3565 2912 3655 itaque
2948 3577 3366 3655 nunc'propter
3404 3572 3705 3655 veritatem

1998 3635 2444 3711 dijudicandarri,
2486 3637 2637 3709 quod
2681 3635 2975 3711 dialectica
3001 3635 3322 3711 protitetnr,
3358 3658 3422 3697 ex
3453 3643 3559 3697 hac
3583 3659 3707 3698 ver-

1994 3705 2203 3788 borum
2230 3709 2306 3788 vi,
2340 3705 2520 3779 cujus'
2533 3709 2797 3788 quaedam
2827 3705 3047 3766 semin'a
3072 3705 3407 3785 sparsimus,
3439 3730 3569 3787 quas
3595 3712 3704 3769 im-

1996 3778 2328 3847 pedimenta
2362 3778 2667 3835 nascantur
2697 3780 3013 3837 videamus.

2000 3874 2229 3953 CAPU'I:
2290 3876 2429 3953 VIII.
2464 3907 2547 3953 7——
2578 3877 2879 3953 Obscurumr
2926 3883 2977 3933 et
2999 3881 3333 3949 ambiguum.
3376 3883 3706 3953 Di/ferentia:

2174 3947 2391 4003 obscuri
2421 3952 2472 4002 et
2490 3950 2752 4017 ambigui.
2781 3951 2918 4005 Tria
2937 3967 3134 4019 genera
3154 3947 3520 4009 cbscuroru'r'n.

2071 4033 2318 4110 Impedit
2340 4035 2666 4110 auditorem
2689 4035 2758 4110 ad
2776 4037 3073 4110 veritatem
3088 4039 3389 4094 videndam
3413 4042 3471 4094 in
3492 4043 3699 4110 verbis,

1998 4109 2100 4176 aut
2129 4105 2443 4176 obscuritas
2476 4111 2571 4158 aut
2600 4105 2967 4176 ambiguitas.
2997 4108 3151 4161 Inter
3180 4111 3488 4165 obscurum
3512 4117 3569 4166 et
3587 4105 3705 4167 am;

2001 4174 2240 4251 biguum
2266 4175 2374 4228 hoc
2403 4176 2658 4251 interest,
2680 4174 2836 4251 quod
2864 4178 2922 4231 in
2954 4179 3228 4251 ambiguo
3252 4181 3417 4251 plura
3438 4198 3497 4235 se
3519 4188 3704 4238 osten-

2000 4245 2165 4325 dunt,
2191 4246 2601 4325 quorum‘quid
2625 4246 2821 4325 .pctius
2850 4245 3356 4325 accipiendum-sit
3378 4252 3698 4325 ignoratur;

1998 4315 2057 4369 in
2089 4315 2328 4392 obscure
2358 4320 2550 4392 autem
2580 4318 2747 4383 nihil,
2780 4326 2880 4373 aut
2911 4315 3115 4392 parum
3147 4322 3301 4389 quod
3349 4315 3697 4392 attendatnr,

1998 4391 2260 4460 apparet.
2298 4386 2403 4441 Sed
2437 4388 2767 4460 ubiparum
2795 4395 2881 4443 est
2911 4386 3073 4459 quod
3102 4386 3360 4460 apparet,
3391 4386 3702 4450 obscurum

1997 4456 2381 4531 estambiguo
2408 4456 2627 4531 simile:
2660 4459 2836 4513 veluti
2869 4460 2914 4531 si
2940 4456 3076 4530 quis
3108 4456 3436 4531 ingrediens
3462 4464 3591 4531 iter,
3611 4483 3702 4521 ex-

1998 4527 2245 4597 cipiatur
2271 4529 2462 4599 aliquo
2492 4529 2662 4593 bivio,
2696 4532 2781 4583 vel
2818 4527 3005 4594 trivio,
3055 4533 3141 4585 vel
3173 4527 3368 4599 etiam,
3405 4541 3466 4589 ut
3494 4527 3586 4590 ita
3613 4538 3702 4592 di-

1998 4615 2143 4665 cam,
2176 4600 2438 4654 multivio
2470 4601 2614 4665 loco,
2645 4601 2741 4654 sed
2768 4601 3047 4655 densitate
3070 4604 3294 4658 nebulas
3317 4606 3459 4660 nihil
3479 4608 3702 4664 viarum

1999 4673 2149 4740 quod
2174 4676 2278 4739 est,
2296 4672 2514 4745 eluceat
2533 4686 2562 4745 εΔ
2578 4686 2720 4745 ergo
2751 4688 2785 4726 a
2815 4674 3110 4743 pergendo
3142 4675 3300 4745 prius
3350 4678 3703 4735 obscuritate

1997 4744 2348 4823 tenetur..At
2389 4741 2494 4823 ubi.
2516 4741 2877 4823 aliquantum
2932 4741 3220 4823 rarescere
3264 4749 3492 4823 nebula:
3522 4767 3703 4823 caspe-

1999 4812 2136 4877 rint,
2168 4812 2395 4887 videtur
2424 4812 2663 4887 aliquid,
2712 4814 2881 4887 quod
2923 4820 3118 4869 utrum
3166 4816 3254 4871 via
3284 4819 3375 4887 sit,
3406 4837 3478 4874 an
3533 4812 3702 4876 terrae

1999 4882 2269 4952 proprius
2293 4888 2346 4937 et
2397 4882 2639 4937 nitidior
2668 4882 2825 4938 color
2868 4885 3148 4941 incertum
3181 4894 3296 4944 est:
3356 4882 3461 4945 hoc
3490 4897 3575 4945 est
3601 4894 3702 4947 ob-

2000 4970 2228 5035 scurum
2256 4953 2766 5035 ambiguasimile.
2806 4956 3194 5035 Diluceecente
3242 4962 3385 5035 coelo
3419 4968 3702 5031 quantum

1999 5026 2179 5078 oculis
2207 5026 2343 5077 satis
2389 5026 2481 5089 sit,
2524 5026 2644 5094 jam
2686 5026 2950 5081 omnium
2980 5030 3203 5085 viarum
3251 5026 3518 5086 deductio
3550 5035 3704 5089 clara

2002 5100 2087 5167 est
2113 5111 2126 5158 ;
2150 5095 2246 5167 sed
2270 5095 2481 5167 quaisit
2504 5097 2878 5166 pergendum,
2912 5116 3029 5153 non
3061 5102 3423 5167 obscuritate,
3451 5104 3545 5158 sed
3576 5121 3701 5159 am-

2001 5165 2281 5243 biguitate
2311 5165 2628 5243 dubitatur.
2646 5168 2785 5243 Item
2803 5171 3318 5226 suntobscurorum
3333 5165 3545 5243 genera
3560 5176 3698 5230 tria:

2001 5252 2183 5291 unum
2205 5241 2288 5317 est
2316 5238 2464 5318 quod
2499 5239 2690 5318 sensui
2718 5246 2892 5318 patet,
2922 5243 3114 5318 animo
3145 5238 3404 5318 clausum
3433 5252 3552 5311 est;
3575 5251 3703 5303 tan-

2001 5324 2175 5378 quam
2204 5309 2252 5363 si
2273 5309 2401 5379 quis
2428 5309 2649 5364 malum
2678 5309 2955 5380 punicum
2984 5313 3201 5383 pictum
3230 5314 3438 5383 videat,
3471 5309 3572 5387 qui
3602 5334 3701 5374 ne-

2064 5448 2143 5521 (al
2163 5448 2363 5521 Exhpc
2391 5448 2511 5521 loco
2532 5449 2725 5521 diserte
2753 5451 3268 5521 sequiturauctorem
3289 5454 3510 5521 hujusce
3539 5458 3702 5511 libelli

2001 5511 2266 5579 nominari
2290 5512 2665 5579 Augustinum.
2687 5511 2951 5570 Quisvero
2969 5514 3038 5563 sit
3066 5514 3153 5579 ille
3187 5511 3514 5579 Augustinus
3537 5521 3704 5572 incer-

2002 5576 2115 5622 tum
2146 5577 2243 5622 est.
2288 5574 2611 5632 Quibusdam
2650 5575 2704 5624 in
2741 5579 2968 5624 mentem
3009 5574 3420 5630 veniteunidem
3447 5597 3560 5634 esse
3617 5585 3702 5635 cui

2002 5637 2455 5750 triguuéiitelgilibri
2476 5638 2539 5750 (ἐξ
2558 5637 2886 5689 Mirabilibus
2905 5637 2958 5688 S.
2991 5637 3271 5704 Scripturce
3294 5644 3347 5693 in
3361 5646 3702 5711 appendicem

2032 5734 2043 5748 .
2079 5712 2127 5763 δ,
2148 5712 2349 5763 rejecti.
2477 5712 2545 5750 Μ.
