4014 6164
198 202 330 256 1417

193 328 282 378 ter
310 324 459 395 apud
484 322 805 377 dialecticos
832 343 847 389 ;
876 326 934 377 et
958 327 1152 395 tamen
1181 323 1297 395 hoc
1331 338 1511 376 unum
1543 322 1696 395 quod
1742 323 1892 392 dico,

194 394 431 459 Tullius,
463 398 519 449 et
539 410 746 447 nomen
778 399 879 461 est,
914 398 969 447 et
995 410 1094 463 pes
1123 394 1395 464 dactylus,
1433 399 1489 447 et
1517 394 1889 463 aequivocum.

198 466 399 536 Itaque
434 466 479 519 si
505 466 632 535 quis
659 482 723 519 ex
768 481 860 518 me
911 464 1201 534 efﬂagitet,
1252 470 1311 518 ut
1356 464 1627 518 deﬁniam
1656 466 1794 535 quid
1826 466 1897 518 sit

198 537 434 603 Tullius,
478 536 781 606 cujuslibet
836 536 1083 589 notionis
1132 536 1505 605 explicatione
1555 536 1891 605 respondeo.

199 609 435 661 Possum
469 602 619 661 enim
649 602 801 660 recte
832 606 1040 671 dicere,
1100 602 1315 660 Tullius
1365 622 1575 659 nomen
1631 602 1733 669 est,
1782 623 1894 676 quo

198 678 553 748 signiﬁcatur
584 679 754 731 homo
784 693 1040 731 summus
1062 676 1297 747 quidam
1333 683 1543 739 orator,
1577 677 1677 747 qui
1709 678 1899 731 Catili-

198 766 288 803 nae
319 749 769 819 conjurationem
794 750 989 802 consul
1010 749 1312 818 oppressit.
1346 748 1644 819 subtiliter
1668 748 1896 801 attende

198 836 290 874 me
321 818 532 874 nomen
557 821 745 890 ipsum
766 820 1030 873 deﬁnisse
1057 837 1071 873 :
1094 835 1221 873 nam
1257 819 1301 871 si
1332 818 1472 871 mihi
1506 818 1721 871 Tullius
1749 819 1893 888 ipse,

201 892 300 962 qui
334 891 380 944 si
411 889 641 959 viveret,
673 890 852 961 digito
878 892 1178 944 monstrari
1208 889 1506 961 potuisset,
1540 890 1897 962 deﬁniendus

197 961 363 1041 terei,
399 978 511 1016 non
543 962 810 1041 dicerem,
841 963 1171 1041 Tulliusest
1205 977 1433 1041 nomen,
1466 976 1577 1031 quo
1611 961 1897 1041 signiﬁca—

203 1037 297 1086 tur
326 1034 498 1087 homo
525 1053 538 1100 ;
563 1034 655 1087 sed
689 1033 958 1099 dicerem,
986 1032 1201 1086 Tullius
1234 1037 1317 1085 est
1357 1032 1553 1094 homo,
1590 1037 1645 1085 et
1681 1032 1759 1084 ita
1789 1048 1895 1084 cae-

201 1109 325 1158 tera
354 1105 767 1183 adjungerem._
802 1105 943 1183 Item
974 1104 1319 1183 respondere
1349 1119 1595 1183 possem,
1648 1103 1761 1155 Hoc
1794 1118 1895 1183 no:

200 1190 334 1228 men
363 1173 578 1229 Tullius
611 1178 694 1228 est
736 1174 1010 1245 dactylus.
1047 1174 1136 1227 his
1190 1173 1392 1227 litteris
1422 1179 1718 1245 constans:
1744 1173 1899 1245 quod

200 1245 355 1299 enim
389 1262 483 1299 eas
505 1246 719 1299 litteras
748 1244 975 1306 habeat,
1010 1261 1154 1313 opus
1181 1253 1265 1298 est
1292 1245 1549 1298 innuere.
1574 1244 1722 1297 Licet
1742 1244 1898 1297 enim

198 1316 337 1370 illud
375 1317 582 1377 dicere,
616 1316 833 1387 Tullius
864 1318 1216 1380 estverbum,
1240 1332 1345 1386 per
1366 1316 1517 1387 quod
1545 1315 1896 1387 aequivocan-

199 1391 293 1441 tur
322 1388 472 1441 inter
502 1404 559 1440 se
591 1386 782 1440 omnia
835 1403 962 1440 cum
1011 1388 1120 1440 hoc
1164 1387 1307 1456 ipso,
1365 1403 1494 1456 quae
1541 1402 1710 1454 supra
1752 1386 1899 1438 dicta

200 1464 351 1526 sunt,
383 1463 439 1511 et
477 1458 523 1511 si
563 1458 700 1527 quid
743 1457 895 1510 aliud
925 1457 1169 1510 inveniri
1198 1462 1401 1526 potest.
1439 1457 1546 1510 Sed
1578 1456 1725 1521 dico,
1758 1456 1897 1527 Cum

202 1545 338 1599 ergo
370 1529 477 1582 hoc
506 1526 714 1581 nomen
742 1527 899 1599 quod
916 1528 1051 1599 dixi,
1079 1528 1315 1599 Tullius,
1347 1527 1657 1599 secundum
1688 1526 1899 1599 artium

200 1597 476 1653 vocabula
506 1608 617 1652 tam
649 1599 797 1651 varie
827 1598 969 1651 mihi
1005 1598 1166 1652 licuit
1197 1598 1468 1665 deﬁnire;
1505 1597 1640 1668 quid
1673 1597 1898 1650 dubita-

201 1686 326 1724 mus
348 1687 467 1724 esse
492 1670 893 1740 ambiguorum
911 1686 1089 1739 genus
1117 1685 1183 1722 ex
1205 1668 1509 1739 asquivocis
1522 1668 1896 1740 venientium,

200 1742 351 1812 quod
383 1742 589 1795 merito
617 1738 728 1794 dici
754 1738 937 1809 possit
966 1756 1032 1793 ex
1074 1745 1191 1794 arte
1231 1738 1560 1809 centingere
1582 1740 1609 1791 ?
1642 1738 1900 1812 Diximus

198 1808 350 1866 enim
393 1812 679 1883 asquivoca
711 1808 854 1883 esse,
896 1828 1024 1881 quae
1081 1827 1195 1864 non
1247 1816 1310 1863 ut
1357 1808 1482 1883 uno
1524 1808 1777 1883 nomine,
1825 1809 1900 1883 ita

200 1884 371 1937 etiam
401 1880 515 1936 una
568 1881 898 1936 definitione
916 1880 1174 1951 possunt
1208 1881 1404 1934 teneri.
1442 1880 1597 1951 Unde
1647 1894 1800 1932 nunc
1827 1880 1903 1932 al-

200 1959 388 2009 terum
419 1958 718 2024 genusest,
748 1952 902 2022 quod
935 1950 999 2005 ex
1035 1952 1429 2024 loquendiusu
1461 1950 1653 2024 venire
1681 1966 1899 2003 memo-

200 2021 471 2079 ravimus.
512 2025 685 2078 Usum
726 2021 876 2075 nunc
926 2024 1152 2093 appello
1195 2023 1345 2093 illud,
1379 2021 1635 2086 verbum,
1669 2025 1904 2091 propter

202 2097 354 2166 quod
387 2095 559 2149 verba
606 2092 1022 2166 cognoscimus.
1083 2093 1219 2157 Quis
1261 2092 1414 2166 enim
1467 2093 1638 2146 verba
1661 2096 1904 2166 propter

199 2162 370 2221 verba
400 2162 705 2244 conquirat
735 2169 790 2218 et
813 2164 1094 2244 colligat?
1121 2166 1316 2244 Itaque
1340 2164 1461 2244 jam
1493 2162 1904 2244 constitueuali-

201 2254 370 2308 quem
404 2237 483 2290 sic
516 2233 732 2308 audire,
770 2240 830 2287 ut
860 2233 1060 2308 notum
1112 2236 1163 2308 ei
1195 2233 1283 2300 sit,
1322 2234 1465 2308 nihil
1523 2234 1593 2308 de
1645 2233 1904 2308 partibus

202 2302 497 2372 orationis,
530 2313 629 2360 aut
656 2307 725 2360 de
756 2307 951 2359 metris
982 2306 1180 2376 quwri,
1215 2310 1311 2359 aut
1359 2305 1427 2358 de
1466 2302 1770 2358 verborum
1802 2302 1903 2376 ali-

203 2395 316 2460 qua
351 2378 650 2458 disciplina
676 2394 689 2432 :
721 2375 1123 2460 tanien‘adbuc
1151 2381 1343 2460 potest
1372 2375 1757 2460 cuimudicitur,
1782 2375 1907 2454 Tul-

200 2444 333 2514 lius,
367 2444 791 2519 zequivocorum
826 2444 1199 2519 ambiguitate
1256 2445 1543 2517 impediri.
1601 2447 1716 2519 Hoc
1748 2444 1902 2519 enim

202 2515 454 2573 nomine
470 2525 524 2572 et
548 2519 669 2589 ipse
701 2518 800 2589 qui
829 2518 937 2571 fuit
969 2515 1227 2571 summus
1254 2515 1468 2589 orator,
1500 2520 1556 2569 et
1599 2517 1722 2585 ejus
1743 2515 1904 2589 _picta

202 2590 395 2660 imago
424 2590 509 2642 vel
550 2586 753 2651 statua,
786 2592 852 2660 et
874 2589 1045 2641 codex
1080 2605 1192 2658 quo
1214 2588 1335 2658 ejus
1374 2586 1902 2660 litterzecontinen—

201 2656 404 2726 tur,'et
453 2661 498 2713 si
549 2660 685 2730 quid
734 2663 815 2730 est
841 2656 1169 2729 insepulcro
1191 2656 1311 2728 ejus
1330 2657 1639 2730 cadaveris,
1683 2656 1904 2730 signiﬁ-

204 2732 317 2786 cari
350 2727 837 2801 potest—Diversis
868 2727 1019 2801 enim
1053 2727 1657 2801 rationibusdicimus,
1689 2727 1905 2801 Tullius

203 2803 273 2856 ab
305 2797 539 2855 interitu
565 2802 806 2871 patriam
843 2800 1151 2871 liberavit;
1173 2804 1247 2864 et,
1282 2798 1500 2871 Tullius
1532 2798 1826 2871 inauratus
1847 2797 1907 2850 in

206 2872 484 2942 Capitolio
501 2869 646 2937 stat;
683 2876 756 2937 et,
786 2871 1024 2935 Tullius,
1056 2870 1160 2923 tibi
1193 2874 1344 2922 totus
1376 2869 1649 2942 legendus
1681 2872 1793 2931 est;
1829 2872 1905 2935 et,

206 2939 422 2998 Tullius
452 2943 559 2996 hoc
589 2943 711 2995 loco
742 2942 997 3010 sepultus
1027 2945 1107 2993 est
1135 2957 1146 2993 :
1172 2956 1353 2992 unum
1375 2939 1770 3010 enimnomen
1803 2942 1907 3005 est,

204 3014 307 3068 sed
333 3013 568 3067 diversis
589 3013 710 3066 haec
731 3009 923 3065 omnia
950 3010 1381 3065 deﬁnitionibus
1404 3009 1732 3079 explicanda
1755 3012 1907 3062 sunt.

204 3086 319 3139 Hoc
344 3084 518 3154 igitur
547 3100 729 3153 genus
760 3082 1185 3154 aaquivocorum
1218 3086 1320 3154 est,
1358 3080 1416 3154 in
1457 3096 1570 3149 quo
1596 3080 1714 3154 jam
1749 3079 1909 3154 nulia

203 3158 273 3210 de
296 3148 591 3225 disciplina
621 3148 924 3225 verborum
950 3153 1132 3206 oritur
1163 3148 1523 3225 ambiguitas,
1558 3148 1654 3203 sed
1676 3151 1744 3225 de
1765 3148 1903 3225 ipsis

203 3226 377 3280 rebus
432 3220 559 3296 qua!
595 3224 1008 3295 signiﬁcantur.
1039 3226 1131 3296 ‘At
1178 3223 1222 3275 si
1252 3228 1562 3296 utrumque
1595 3220 1907 3296 confundat

207 3291 534 3351 audientem
563 3291 987 3364 vel'legentem,
1007 3293 1119 3346 sive
1146 3293 1292 3364 quod
1323 3308 1387 3345 ex
1417 3298 1560 3361 arte,
1591 3292 1705 3344 sive
1731 3307 1794 3344 ex
1826 3291 1906 3344 lo-

206 3368 421 3439 quendi
450 3384 554 3439 usu
588 3365 812 3439 dicitur,
844 3381 1034 3439 nonne
1064 3366 1296 3439 tertium
1324 3379 1503 3439 genus
1542 3368 1692 3439 recte
1722 3378 1903 3415 annu-

205 3433 559 3492 merabitur?
580 3437 751 3505 Cujus
773 3436 1098 3504 exemplum
1115 3435 1172 3488 in
1197 3434 1477 3505 sententia
1490 3433 1720 3503 quidem
1743 3449 1905 3505 aper-

206 3510 319 3563 tius
342 3512 598 3578 apparet,
614 3504 735 3559 utsi
759 3506 885 3578 quis
904 3507 1071 3567 dicat,
1091 3504 1251 3578 Multi
1278 3504 1550 3578 dactylico
1574 3509 1758 3557 metro
1778 3504 1908 3555 scri-

248 3575 464 3646 serunt,
498 3583 558 3631 ut
587 3582 672 3631 est
710 3576 928 3629 Tullius
962 3592 973 3629 :
1006 3592 1138 3629 nam
1178 3575 1272 3629 hic
1297 3575 1578 3628 incertum
1606 3578 1693 3646 est
1714 3579 1905 3627 utrum

248 3598 464 3646 serunt,
498 3598 558 3631 ut.
587 3598 672 3631 esu
721 3598 739 3629 ι
759 3598 928 3629 UlllUS
962 3598 973 3629 ζ
1008 3598 1138 3629 Hii!"
1180 3598 1272 3629 ιιιυ
1297 3598 1578 3628 ιυυεηυω
1606 3598 1693 3628 (351.
1716 3598 1905 3627 υιτυω

202 3598 429 3705 Tullius
458 3665 563 3718 pro
586 3648 844 3718 exemplo
874 3646 1282 3718 dactylipedis,
1310 3662 1384 3699 an
1405 3645 1689 3718 dactylico
1722 3649 1908 3718 poeta)

205 3715 473 3793 positum
494 3719 566 3793 sit
597 3736 619 3793 εΔ
641 3715 1062 3793 quorumillud
1100 3715 1186 3793 ﬁeri
1208 3722 1349 3793 arte,
1402 3717 1510 3793 hoc
1553 3733 1618 3769 ex
1662 3732 1771 3793 usu
1826 3715 1907 3768 lo-

206 3786 736 3873 quendi‘accipitur.
771 3789 877 3843 Sed
908 3788 967 3842 in
999 3788 1352 3873 simplicibus
1383 3788 1553 3873 etiam
1575 3786 1757 3840 verbis
1770 3802 1906 3873 con-

203 3858 397 3933 tingit,
433 3858 813 3933 licet‘tantum
858 3876 1054 3933 vocem
1104 3860 1274 3933 hujus
1304 3858 1461 3912 verbi
1502 3858 1909 3933 grammaticus

206 3929 899 4010 audientibus‘discipulis
933 3931 1212 3993 enuntiet,
1246 3935 1312 4010 ut
1330 3946 1500 4010 supra
1530 3929 1905 4010 ostendimus.

208 4005 350 4059 Cum
382 4004 558 4073 igitur
584 4004 707 4055 haec
737 3999 847 4055 tria
877 4018 1087 4073 genera
1127 3999 1443 4054 manifestis
1475 3999 1909 4073 rationibiusuin-

205 4080 296 4129 ter
325 4091 382 4126 se
409 4069 699 4138 differant,
729 4069 955 4125 rursum
986 4072 1237 4141 primum
1269 4087 1449 4141 genus
1478 4070 1537 4141 in
1567 4071 1680 4123 duo
1699 4069 1908 4141 dividi-

206 4142 630 4213 tur.Quidquid
644 4143 796 4213 enim
826 4159 890 4195 ex
922 4139 1059 4204 arte,
1091 4142 1399 4195 verborum
1418 4140 1551 4193 facit
1568 4139 1908 4213 ambiguita-

206 4222 348 4281 tem,
382 4212 589 4284 partim
615 4212 721 4266 sibi
754 4230 854 4283 pro
888 4213 1149 4284 exemplo
1170 4228 1291 4284 esse
1312 4215 1518 4284 poiest,
1553 4212 1764 4280 partim
1796 4227 1911 4263 non

206 4282 418 4359 potest.
460 4286 597 4359 cum
631 4282 785 4337 enim
817 4284 1026 4359 deﬁnio
1060 4283 1196 4359 quid
1228 4282 1512 4351 signiﬁcat
1531 4298 1761 4359 nomen,
1785 4298 1912 4359 pos-

208 4352 337 4412 sum
367 4358 473 4411 hoc
505 4358 692 4425 ipsum
724 4356 971 4424 exempli
1002 4354 1186 4424 gratia
1215 4369 1558 4425 supponere,
1591 4352 1739 4423 quod
1784 4352 1909 4407 dico

208 4445 445 4491 nomen,
476 4424 674 4497 utique
709 4442 921 4479 nomen
953 4432 1073 4479 est:
1101 4426 1205 4497 hac
1231 4426 1384 4497 enim
1432 4424 1559 4497 lege
1610 4440 1714 4493 per
1752 4439 1912 4497 casus

208 4501 455 4554 ﬂectitur
485 4493 723 4553 dicendo
756 4514 989 4561 nomen,
1026 4495 1295 4561 nominis,
1328 4493 1568 4558 nomini,
1623 4499 1726 4548 etc.
1771 4495 1911 4547 Item

210 4588 341 4625 cum
372 4569 581 4624 deﬁnio
612 4569 749 4639 quid
781 4567 1402 4639 signiﬁcat,dactylus_,_
1426 4565 1534 4639 boc
1562 4564 1748 4639 ipsum
1798 4581 1911 4639 po-

207 4646 321 4697 test
349 4658 453 4710 pro
482 4636 741 4710 exemplo
774 4636 928 4693 esse:
955 4638 1169 4710 ctenim
1196 4653 1336 4710 cum
1351 4636 1610 4710 dicimus,
1629 4636 1907 4706 dactylus,

209 4708 394 4767 unum
426 4708 699 4781 syllabam
731 4711 975 4781 longam,
997 4715 1053 4781 et
1077 4708 1454 4781 duasdeinde
1485 4708 1683 4781 breves
1730 4722 1911 4781 enun-

210 4777 533 4838 tiamuszt
556 4798 689 4859 vero
712 4777 1150 4859 _eunfdeﬁnitur
1176 4778 1507 4859 adverbium
1529 4778 1669 4859 quid
1700 4777 1914 4859 signiﬁ-

212 4858 321 4920 cet,
354 4869 468 4906 non
499 4857 685 4922 potest
712 4851 820 4904 hoc
854 4851 1044 4922 ipsum
1073 4867 1196 4922 pro,
1221 4850 1481 4920 exemplo
1514 4848 1625 4922 dici
1658 4865 1672 4914 ;
1702 4848 1911 4901 etenim

212 4940 344 4979 cum
376 4919 707 4977 adverbium
737 4919 997 4990 dicimus,
1030 4919 1152 4975 haec
1184 4920 1308 4991 ipsa
1337 4919 1656 4991 enuntiatio
1700 4935 1913 4991 nomen

210 5000 321 5050 est.
362 4995 445 5048 Ita
470 4994 782 5047 secundum
812 4989 988 5046 aliam
1012 4989 1304 5047 notionem
1353 4990 1685 5045 adverbium
1715 4989 1915 5059 utique

212 5066 550 5121 adverbium
611 5068 713 5129 est,
749 5069 805 5117 et
832 5080 1043 5118 nomen
1098 5080 1215 5117 non
1245 5067 1369 5129 est;
1404 5062 1715 5115 secundum
1746 5062 1915 5114 aliam

210 5153 347 5213 vero
371 5135 703 5213 adverbium
734 5151 849 5189 non
890 5134 1349 5213 estadverbium,
1400 5132 1535 5213 quia
1560 5148 1792 5213 nomen
1806 5136 1913 5213 est.

212 5210 358 5263 Item
389 5224 490 5277 pes
522 5205 780 5271 creticus,
813 5206 1040 5276 quando
1098 5205 1234 5276 quid
1297 5202 1577 5277 signiﬁcet
1612 5202 1915 5277 deﬁnitur,

212 5296 332 5334 non
367 5272 555 5348 potest
586 5278 689 5331 hoc
719 5272 912 5347 ipsum
968 5292 1075 5348 pro
1115 5272 1538 5348 exemplo‘esse
1569 5290 1581 5327 :
1612 5273 1734 5348 haec
1765 5272 1919 5348 enim

213 5351 338 5419 ipsa
367 5345 687 5403 enuntiatio
718 5345 950 5419 quando
971 5345 1245 5419 dicimus,
1276 5345 1537 5410 creticus,
1578 5345 1917 5419 prima_lon-

215 5415 289 5492 ga
317 5422 554 5492 syllaba.
590 5415 795 5472 deinde
824 5418 1045 5492 duabus
1073 5418 1339 5492 brevibus
1366 5420 1618 5492 constat,
1641 5415 1791 5486 quod
1819 5432 1919 5492 au-

216 5487 669 5561 tem'signiﬁcat,
704 5491 875 5559 longa
933 5488 1146 5561 syllaba
1176 5493 1247 5561 et
1276 5487 1461 5541 brevis
1516 5491 1571 5539 et
1600 5487 1769 5561 longa
1798 5491 1917 5561 est;

217 5562 297 5615 ita
329 5568 385 5614 et
415 5555 506 5616 Eic
536 5555 851 5615 secundum
894 5555 1063 5612 aliam
1130 5559 1447 5623 notionem,
1504 5555 1744 5610 creticus
1778 5555 1923 5609 nihil

218 5632 375 5703 aliud
403 5637 486 5686 est
512 5649 685 5703 quam
731 5631 991 5697 creticus,
1026 5634 1082 5683 et
1113 5630 1366 5700 dactylus
1404 5644 1521 5703 non
1560 5632 1679 5703 est;
1716 5643 1925 5703 secun-

217 5702 354 5758 dum
387 5698 556 5758 aliam
581 5721 715 5757 vero
746 5702 986 5757 creticus
1015 5717 1131 5754 non
1172 5698 1256 5757 est
1287 5700 1544 5768 creticus,
1567 5698 1702 5771 quia
1732 5699 1922 5769 dacty-

573 5776 847 5843 PATROL.
898 5774 1149 5845 XXXII.

1758 201 2066 257 APPEND]
2077 204 2143 257 Χ.

3568 217 3703 268 1418

2007 325 2095 404 lus
2125 328 2225 405 est.
2259 325 2579 405 Secundum
2609 326 2784 405 igitur
2812 344 3010 405 genus,
3045 330 3196 400 quod
3220 330 3341 405 jam
3373 338 3606 405 prOptcr
3622 336 3705 389 di-

2006 396 2275 475 sciplinas
2307 396 2711 475 verborum‘ad
2736 396 3007 475 loquendi
3039 396 3455 475 usum'dictum
3472 396 3555 459 est
3578 422 3705 475 per-

2002 466 2206 543 tinere,
2243 466 2382 543 duas
2408 466 2833 543 habetformas;
2886 472 3024 543 Nam
3053 474 3342 543 mquivoca
3373 475 3521 530 dicta
3549 466 3701 543 sunt,

2005 542 2104 618 aut
2134 554 2198 591 ex
2231 538 2431 618 eadem
2454 539 2674 618 origine
2696 540 2999 618 venientia,
3024 538 3216 597 aut-ex
3239 546 3475 601 diversa.
3513 549 3590 601 Ex
3611 538 3704 602 ea;

2005 607 2131 661 dem
2164 608 2383 680 origine
2414 607 2660 679 appello,
2687 612 2913 680 quando
2945 607 3058 666 uno
3091 616 3323 669 nomine
3354 634 3416 671 ac
3454 634 3573 673 non
3602 620 3708 673 sub

2006 695 2121 732 una
2150 679 2484 733 deﬁnitione
2502 679 2835 755 teneantur,
2871 699 2983 736 uno
3016 689 3203 738 tamen
3236 689 3395 755 quasi
3428 689 3582 743 fonte
3615 690 3708 744 di-

2007 755 2356 817 manant,,ut
2386 756 2468 803 est
2500 751 2670 817 istud,
2705 754 2838 821 quia
2868 751 3334 810 Tulliusethofno
3368 763 3423 811 et
3445 765 3627 813 statua
3652 766 3708 815 et

2006 821 2182 901 codex
2217 827 2269 873 et
2288 821 2527 901 cadaver
2559 822 3037 901 intelligipotest;
3070 842 3184 878 non
3206 834 3445 896 possunt
3470 831 3705 899 quidem

2005 892 2246 971 istauna
2273 892 2601 971 deﬁnitione
2632 892 3035 971 concliidi,-sed
3061 892 3256 971 tamen
3288 914 3465 951 unum
3488 892 3703 953 habent

2006 962 2252 1038 fontem,
2266 962 2461 1038 ipsum
2485 964 2901 1038 scilicetverum
2918 966 3232 1033 hominem,
3247 970 3407 1038 cujus
3427 971 3710 1024 etillasta-

2007 1037 2123 1113 tua,
2155 1040 2209 1086 et
2241 1034 2334 1113 ille
2362 1034 2525 1113 liber,
2545 1040 2616 1113 _et
2646 1036 2785 1089 illud
2819 1038 3055 1090 cadaver
3085 1044 3185 1091 est.
3230 1034 3557 1093 Ex'diversa
3589 1042 3709 1095 ori-

2007 1106 2161 1182 gine,
2195 1108 2427 1182 mnuum
2448 1106 2708 1182 dicimus,
2742 1122 2939 1182 nepos,
2965 1110 3131 1182 longe
3153 1126 3218 1161 ex
3243 1110 3467 1163 diversa
3488 1111 3707 1182 origine

2007 1175 2191 1251 ﬁlium
2221 1174 2351 1251 _tilii
2382 1180 2437 1228 et
2476 1174 3194 1251 luxuriosum”significat.
3247 1182 3373 1233 llaec
3428 1174 3707 1251 ergovdis-

2008 1246 2185 1325 tincta
2216 1249 2543 1325 teneamus,
2567 1252 2622 1299 et
2652 1247 2786 1325 inde
2814 1246 3187 1325 illudggenus,
3216 1252 3369 1321 quod
3410 1267 3475 1304 ex
3497 1246 3708 1306 cadem

2010 1316 2230 1395 origine
2255 1316 2499 1385 appello,
2531 1318 2590 1369 in
2620 1333 2747 1386 quae
2772 1316 3253 1395 itemdividatur':
3290 1338 3421 1374 nam
3439 1323 3710 1395 dividitur

2007 1387 2067 1438 in
2099 1387 2232 1450 duo,
2268 1402 2511 1455 quorum
2568 1403 2745 1439 unum
2779 1390 3142 1455 tranlatione,
3176 1392 3417 1444 alterum
3459 1394 3706 1447 declina-

2006 1457 2163 1509 tione
2194 1458 2492 1527 contingit.
2526 1458 2974 1513 Translationem
3005 1477 3164 1525 voco,
3221 1478 3347 1514 cum
3382 1464 3466 1515 vel
3504 1464 3702 1517 simili-

2008 1527 2209 1581 tudine
2243 1544 2422 1581 unum
2455 1544 2663 1581 nomen
2695 1530 2757 1581 iit
2814 1532 3009 1583 multis
3038 1531 3231 1596 rebus,
3291 1538 3354 1585 ut
3385 1534 3620 1593 Tullius.
3658 1541 3712 1588 et

2008 1597 2104 1673 ille
2133 1598 2190 1650 in
2223 1614 2338 1667 quo
2352 1615 2562 1667 magna
2576 1600 2898 1669 eloquentia
2912 1601 3037 1673 fuit,
3057 1608 3111 1654 et
3130 1608 3313 1655 statua
3339 1605 3460 1673 ejus
3480 1605 3706 1658 dicitur.

2007 1669 2103 1739 Vel
2128 1684 2191 1720 ex
2221 1673 2358 1731 toto,
2392 1684 2520 1721 cum
2553 1685 2684 1737 pars
2715 1672 3174 1739 cognominatur,
3214 1680 3271 1725 ut
3302 1669 3431 1726 cum
3467 1676 3707 1729 cadaver

2010 1738 2165 1791 illius
2192 1739 2409 1811 Tullius
2430 1739 2539 1791 dici
2573 1744 2761 1809 potest
2785 1738 2803 1793 :'
2825 1743 2911 1793 vel
2942 1758 3009 1794 ex
3040 1748 3199 1811 parte
3233 1749 3437 1810 totum,
3490 1750 3550 1798 ut
3579 1763 3708 1799 cum

2010 1812 2153 1883 tecta
2184 1809 2425 1883 dicimus
2456 1814 2601 1883 totas
2632 1812 2853 1883 domus.
2880 1814 2992 1864 Aut
3015 1809 3055 1864 δ’
3072 1828 3281 1882 genere
3315 1816 3529 1883 species
3555 1836 3569 1882 ;
3592 1834 3713 1869 ver-

2010 1879 2083 1934 ba
2110 1879 2262 1932 enim
2290 1880 2689 1957 principaliter
2718 1882 2911 1935 dicunt
2967 1879 3226 1957 Romani,
3281 1879 3488 1955 quibus
3518 1879 3711 1957 loqui-

2012 1965 2143 2003 mur
2169 1967 2181 2015 ;
2213 1950 2308 2028 sed
2342 1956 2535 2004 tamen
2565 1952 2733 2005 verba
2767 1954 3020 2028 _proprie
3049 1950 3344 2009 nominata
3375 1963 3527 2023 sunt,
3581 1950 3709 2028 quae

2012 2037 2117 2091 per
2148 2022 2348 2075 modos
2378 2028 2433 2075 et
2462 2029 2724 2100 tempora
2752 2022 3103 2100 declinamus
3133 2042 3145 2079 :
3182 2032 3279 2080 aut
3302 2028 3371 2080 ab
3403 2022 3712 2100 speCie'ge-

2012 2108 2121 2167 nus
2152 2108 2490 2167 ;_nam_‘cum
2521 2094 2984 2167 scliolasticihnon
3006 2097 3199 2167 solum
3233 2094 3483 2167 proprie,
3520 2094 3712 2153 sed'et

2012 2163 2275 2234 primitus
2305 2163 2566 2235 dicantur
2591 2164 2758 2235 iiqui
2786 2165 2969 2220 adhuc
2998 2166 3056 2219 in
3087 2163 3277 2220 schola
3309 2163 3477 2235 sunt;
3512 2186 3714 2225 omnes

2014 2239 2205 2310 tamen
2235 2234 2334 2310 qui
2370 2235 2430 2310 in
2480 2234 2681 2310 litteris
2728 2236 2946 2301 vivunt,
2991 2253 3209 2310 nomen
3263 2239 3369 2292 hoc
3410 2234 3710 2310 usurpant.

2013 2307 2126 2358 Aut
2150 2304 2220 2357 ab
2247 2304 2528 2357 efﬁciente
2567 2304 2819 2371 effectus,
2870 2312 2934 2359 ut
2978 2307 3170 2361 Cicero
3202 2313 3285 2362 est
3314 2310 3457 2363 liber
3487 2304 3712 2365 Cicero-

2015 2374 2151 2454 nis“:
2184 2379 2281 2454 aut
2304 2375 2381 2454 _ab
2411 2374 2610 2454 eﬁ‘ectu
2641 2376 2912 2441 efﬁciens,
2948 2382 3011 2430 ut
3061 2383 3244 2454 terror
3272 2381 3408 2449 quia
3433 2385 3712 2435 terrorem

2014 2444 2163 2525 fecit.
2208 2448 2320 2525 Aut
2347 2462 2381 2525 a
2413 2446 2752 2525 continente-
2794 2463 2923 2525 qua:
2968 2444 3359 2525 continentur,
3419 2457 3480 2505 ut
3510 2452 3712 2525 domus

2016 2516 2189 2569 etiam
2222 2516 2401 2585 quiin
2431 2516 2603 2588 domo
2630 2521 2761 2588 sunt
2788 2517 3195 2572 dicunturzaut
3224 2537 3256 2573 a
3285 2524 3712 2588 conversavicc,

2016 2592 2086 2663 u_t_
2109 2587 2563 2663 castaneaarbor
2595 2586 2801 2639 dicitur
2830 2604 2959 2663 quas
2990 2594 3047 2642 et
3078 2590 3329 2663 fructus:
3361 2594 3447 2663 vel
3487 2594 3531 2645 si
3560 2586 3710 2663 quod

2015 2655 2439 2732 aliudinveniri
2472 2662 2702 2732 potest,‘
2740 2655 2890 2726 quod
2943 2675 3037 2732 eis
3063 2660 3262 2713 eadem
3296 2661 3517 2731 origine
3548 2655 3713 2732 quasi

2016 2726 2902 2803 transferendocognominatur.
2942 2728 3126 2803 Vides,
3166 2735 3227 2783 ut
3278 2726 3539 2798 arbitror,
3564 2726 3714 2803 quid

2020 2797 2187 2850 faciat
2216 2797 2276 2849 in
2327 2796 2514 2849 verbis
2569 2797 3020 2867 ambiguitatem.
3056 2800 3191 2862 Quae
3237 2806 3425 2855 autem
3458 2796 3531 2856 ad
3560 2796 3712 2857 eam-

2021 2869 2169 2947 dem.
2205 2866 2899 2947 originem_pertinen_tia.
2942 2870 3266 2947 conditione
3323 2873 3715 2947 declinationis

2018 2938 2289 3007 ambigua
2326 2954 2445 2991 esse
2493 2938 2755 3005 dicimus,
2804 2939 2939 2993 talia
2986 2944 3135 2994 sunt.
3199 2942 3304 2995 Fac
3348 2943 3507 2997 verbi
3547 2962 3717 2999 causa

2018 3025 2306 3084 quemque
2338 3009 2567 3084 dixisse,
2599 3009 2771 3084 pluit.
2808 3011 2873 3063 Et
2922 3011 3040 3065 haec
3093 3012 3321 3084 diverse,
3345 3013 3541 3084 utique
3573 3016 3711 3070 deﬁ-

2017 3080 2230 3133 nienda
2259 3085 2413 3133 sunt.
2454 3081 2593 3133 Item
2634 3080 2879 3134 scribere
2936 3099 3064 3135 cum
3103 3083 3260 3149 dicit,
3310 3080 3592 3139 incertum
3634 3092 3719 3140 est

2016 3150 2541 3228 utrumuinﬁnitivu
2581 3150 2769 3219 activi,
2826 3168 2896 3205 an
2955 3153 3289 3224 imperativo
3347 3157 3551 3228 passivi
3581 3174 3715 3228 pro-

2014 3221 2346 3296 nuntiatum
2378 3222 2467 3275 sit.
2502 3223 2680 3296 Homo
2711 3238 2839 3296 cum
2873 3221 3058 3296 unum
3100 3241 3310 3279 nomen
3347 3221 3458 3296 'sit,
3513 3221 3712 3283 et'una

2016 3292 2358 3352 enuntiatio,
2394 3296 2585 3345 tamen
2634 3294 2699 3346 ﬁt
2746 3292 2895 3347 aliud
2925 3312 2988 3347 ex
3029 3297 3406 3362 nominativo,
3443 3292 3595 3353 aliud
3648 3316 3713 3353 ex

2015 3364 2289 3439 vocativo.
2319 3362 2487 3426 Quin1
2512 3363 2733 3439 dociius
2762 3367 2820 3439 _et
2850 3364 3010 3439 docte
3032 3366 3197 3439 verbi
3227 3368 3543 3422 enuntiatio
3572 3386 3685 3439 quo

2017 3451 2129 3559 que
2181 3434 2402 3487 diversa
2455 3438 2555 3487 est.
2616 3434 2845 3487 Doctius
2895 3436 3050 3489 aliud
3107 3442 3190 3490 est
3249 3454 3376 3490 cum
3452 3434 3691 3494 dicimus

2057 3505 2236 3558 octius
2295 3504 2684 3559 mancipium:
2744 3504 2894 3558 aliud
2964 3521 3094 3558 cum
3163 3507 3425 3559 dicimus.
3492 3510 3691 3559 doctiu:

2057 3505 2236 3558 octius
2295 3504 2684 3573 mancipium;
2744 3504 2894 3558 aliud
2964 3521 3094 3558 cum
3163 3507 3425 3574 dicimus,
3492 3510 3714 3564 doctius

2016 3577 2113 3629 illo
2154 3576 2487 3649 disputavit:
2541 3574 2930 3649 Declinatione
2986 3575 3164 3645 igitur
3219 3577 3562 3649 ambiguitas
3614 3600 3710 3635 or-

2017 3652 2075 3723 ta
2106 3650 2187 3699 est
2219 3662 2230 3699 :
2280 3662 2411 3699 nam
2457 3645 2895 3723 declinationem
2939 3662 3103 3723 nunc
3140 3645 3403 3723 appelio;
3433 3651 3713 3723 quidquid

2019 3717 2133 3770 sive
2163 3731 2266 3785 per
2294 3732 2454 3769 voces
2485 3716 2597 3768 sive
2656 3731 2758 3785 per
2805 3716 3248 3786 signiﬁcationes
3291 3716 3567 3777 ﬂectendo
3591 3716 3715 3777 ver-

2018 3789 2091 3861 ba
2120 3786 2425 3861 contingit,
2452 3787 2551 3861 ilic
2572 3786 2768 3840 doctus
2803 3792 2857 3861 et
2889 3788 3073 3854 docte,
3120 3792 3343 3844 tantum
3400 3808 3503 3861 per
3551 3811 3714 3849 voces

2019 3858 2231 3936 ﬁexum
2261 3864 2345 3911 est
2365 3874 2392 3936 λ
2413 3856 2697 3936 bichomo
2720 3858 2999 3936 etbomo,
3032 3861 3341 3936 secundum
3372 3856 3515 3917 solas
3536 3865 3712 3936 signi-

2018 3929 2329 4002 ﬁcationes.
2353 3928 2467 4002 _Sed
2499 3928 2827 3998 hujusmodi
2854 3945 3034 3998 genus
3061 3932 3499 4002 ambiguitatum
3532 3928 3716 3991 minu-

2019 4000 2178 4077 tatim
2208 3999 2503 4077 concidere
2536 4016 2599 4077 ac
2626 4002 2893 4077 prosequi
2923 4017 3068 4070 pene
3076 3999 3333 4077 “ﬁnitum
3360 4010 3468 4059 est.
3505 4008 3715 4077 Itaque

2018 4071 2209 4146 locum
2240 4070 2729 4146 ipsumuliactenus
2751 4076 2973 4124 notasse
2999 4072 3300 4146 suffecerit,
3322 4076 3552 4146 ingenio
3574 4070 3715 4146 prae-

2019 4142 2215 4216 sertim
2247 4148 2361 4195 tuo.
2397 4141 2534 4216 Yide
2562 4158 2717 4216 nunc
2749 4158 2833 4206 ea,
2867 4159 2996 4216 qua;
3028 4158 3093 4195 cx
3121 4143 3342 4216 diversa
3372 4141 3592 4216 origine
3621 4165 3714 4201 ve-

2020 4213 2187 4267 niunt
2212 4230 2222 4265 :
2260 4211 2526 4281 namipsa
2546 4211 3093 4267 dividuntur’adhuc
3118 4212 3176 4266 in
3200 4214 3339 4285 duas
3370 4211 3583 4285 primas
3604 4218 3716 4271 for-

2020 4300 2159 4346 mas,
2218 4299 2461 4352 quarum
2520 4299 2631 4335 una
2688 4288 2788 4344 est.
2860 4300 2988 4354 quae
3060 4284 3341 4354 contingit
3370 4284 3714 4343 idiversitate

2021 4355 2350 4423 linguarum
2378 4370 2390 4419 ;
2418 4357 2482 4407 ut
2510 4370 2639 4407 cum
2661 4354 2921 4418 dicimus,
2957 4354 3077 4417 iste,
3113 4356 3235 4408 haec
3264 4372 3380 4409 una
3409 4374 3513 4411 vox
3560 4361 3716 4413 aliud

2022 4426 2171 4505 apud
2203 4426 2444 4489 Graecos,
2479 4424 2632 4504 aliud
2667 4425 2816 4505 apud
2851 4440 2951 4477 nos
2996 4425 3297 4505 signiﬁcat.
3343 4427 3500 4505 _Quod
3535 4446 3715 4505 genus

2021 4501 2215 4550 tamen
2246 4512 2362 4548 non
2393 4495 2591 4571 omnis
2608 4495 2763 4571 novit
2796 4511 2807 4547 ε
2844 4511 2955 4547 non
2984 4495 3135 4548 enim
3165 4497 3472 4571 unicuique
3502 4495 3721 4571 parspi-

2022 4584 2192 4621 cuum
2226 4572 2329 4633 est,
2350 4566 2471 4641 _nisi
2498 4566 2596 4641 qui
2618 4566 2841 4635 linguas
2870 4571 3080 4641 nosset,
3114 4572 3212 4620 aut
3230 4569 3329 4638 qui
3345 4566 3573 4641 linguas
3603 4566 3719 4627 dis-

2021 4642 2267 4763 putaret.
2299 4637 2493 4690 Altera
2522 4637 2705 4690 forma
2735 4641 2836 4700 est,
2868 4652 2997 4706 quae
3028 4637 3086 4691 in
3114 4654 3231 4691 una
3251 4637 3491 4709 quidem
3520 4643 3719 4716 lingua

2046 4709 2154 4763 acit
2183 4706 2867 4763 ambiguitatem.diversa
2893 4714 3085 4760 tamen
3106 4725 3305 4763 eorum
3340 4713 3719 4763 oriaine-aum

2046 4709 2154 4763 ‘acit
2183 4706 2867 4785 amb_iguitatem,ndiversa
2893 4714 3085 4785 tamen
3106 4706 3314 4785 eorum
3340 4706 3720 4785 origine,qvuae

2021 4796 2138 4834 uno
2170 4776 2442 4833 vocabulo
2473 4776 2889 4855 signiﬁcantur,
2921 4779 3087 4855 quale
3118 4784 3213 4855 est
3258 4776 3624 4855 illudfquo'd.
3651 4787 3720 4839 de

2023 4854 2231 4921 nepote
2262 4848 2761 4921 supraposuimus.
2792 4847 2954 4921 Quod
2981 4866 3179 4903 rursus
3198 4850 3257 4904 in
3281 4853 3393 4907 duo
3412 4847 3715 4909 scinditur.

2024 4919 2136 4975 Aut
2158 4921 2261 4974 sub
2293 4920 2491 4974 eodem
2532 4935 2740 4987 genere
2771 4919 2949 4987 partis
2988 4921 3281 4989 orationis,
3337 4925 3481 4978 sicut
3512 4942 3721 4980 nomen

2026 4996 2111 5067 est
2148 5008 2343 5067 nepos,
2374 4990 2719 5067 cu_m_ﬁlium
2749 4990 2873 5067 ﬁlii,
2897 4996 2963 5067 et
2991 5008 3121 5046 cum
3149 4994 3721 5067 luxuriosumsigni-

2026 5062 2157 5117 ﬁcat
2182 5082 2197 5130 ;
2226 5060 2333 5115 aut
2361 5061 2465 5115 sub
2498 5060 2754 5127 diversis,
2788 5065 2851 5114 ut
2878 5061 3090 5117 dictum
3122 5069 3207 5118 est
3238 5082 3271 5118 a
3301 5066 3587 5134 Terentio,

2184 5149 2285 5206 Qui
2310 5149 2444 5213 scias
2469 5162 2593 5210 ergo
2624 5150 2757 5213 istuc
2792 5149 2893 5197 nisi
2915 5151 3170 5213 periclum
3194 5151 3415 5199 feceris?

2339 5212 2564 5272 (Terent.
2591 5210 2756 5260 Andr.
2778 5213 2883 5261 act.
2909 5210 2953 5271 3,
2986 5226 3125 5262 scen.
3154 5216 3199 5268 3,
3237 5226 3281 5261 υ.
3312 5215 3413 5275 33.)

2030 5300 2125 5354 sed
2160 5298 2330 5353 etiam
2362 5298 2505 5351 istuc
2534 5314 2874 5367 pronomen,
2908 5298 3053 5353 istuc
3083 5300 3437 5357 adverbium.
3495 5306 3617 5360 .lam
3661 5324 3723 5362 ex

2029 5377 2309 5447 utroque,
2328 5369 2385 5447 _id
2411 5375 2495 5422 est
2523 5375 2642 5422 arte
2673 5374 2727 5423 et
2756 5386 2864 5423 usu
2894 5371 3218 5447 verborum,
3252 5374 3401 5447 quod
3424 5444 3433 5447 _
3458 5374 3513 5427 in
3548 5381 3726 5447 arqui-

2030 5441 2183 5514 vocis
2214 5440 2655 5514 tertiumgenus
2706 5456 3105 5514 posueramus,
3146 5446 3231 5514 tot
3283 5440 3725 5514 ambiguitatum

2031 5513 2231 5567 formae
2256 5511 2782 5585 possuntgexistere,
2817 5511 3056 5585 quo_t_in_
3075 5511 3299 5565 duobus
3337 5511 3728 5585 superioribus

2032 5597 2426 5653 posueramus.
2487 5583 2679 5636 Restat
2731 5597 2865 5650 ergo
2921 5580 3062 5634 illud
3123 5597 3306 5650 genus
3369 5580 3727 5659 ambiguum,

2106 5708 2117 5738 ¹
2154 5705 2212 5755 In
2235 5705 2315 5766 13.,
2352 5704 2493 5768 quid.
2514 5704 2620 5766 Er.,
2644 5706 2788 5767 quin.
2835 5703 2920 5768 Μ.

2774 5767 3379 5859 (Quarante-cinq.)
