4014 6164
288 220 423 274 1419

283 339 435 420 quod
465 337 527 392 in
555 336 781 420 scriptis
809 337 945 420 solis
972 336 1274 420 reperitur.
1307 336 1482 420 cuius
1519 341 1635 420 tres
1667 340 1800 420 sunt
1851 351 1978 406 spe-

282 407 397 464 cies
426 427 438 465 :
472 413 574 463 aut
602 407 756 463 enim
786 408 969 480 spatio
997 407 1346 480 sillabarum
1373 407 1438 461 ﬁt
1461 408 1573 462 tale
1621 407 1977 480 ambiguum,

279 486 379 536 aut
403 481 688 547 acumine,
720 477 1108 550 aut—utroque.
1145 479 1340 549 Spatio
1371 484 1582 546 autem,
1615 485 1682 533 ut
1700 495 1830 532 cum
1853 477 1984 550 scri-

279 553 452 619 bitur,
485 551 660 618 venit,
694 551 762 605 de
783 549 1042 622 tempore
1067 551 1350 605 incertum
1387 555 1488 622 est,
1529 554 1766 621 propter
1794 549 1981 604 occul-

1655 211 2083 269 CATEGOBIIE
2121 208 2387 268 DECEM.

3667 209 3787 262 1420

2149 335 2290 384 Pone
2319 345 2565 396 sequens,
2588 343 2832 396 namque
2849 330 2988 380 hanc
3017 330 3236 396 dederat
3263 330 3583 396 Proserpina
3610 329 3787 394 legem.

2815 394 3024 456 (Georg.
3057 393 3150 446 liv.
3175 395 3222 452 4,
3253 407 3300 443 υ.
3324 395 3453 455 l.87.)

2087 475 2372 530 incertum
2402 478 2488 530 est
2515 478 2747 545 propter
2786 475 3063 528 latentem
3111 473 3389 528 acuminis
3435 475 3648 528 locum.
3681 475 3790 545 At-

2087 564 2221 602 vero
2250 563 2318 602 ex
2349 544 2591 617 utroque
2623 544 2709 612 iit,
2740 550 2806 600 ut
2832 545 2895 599 in
2925 545 3320 617 superioribus
3343 545 3413 617 de
3439 546 3642 617 lepore
3662 544 3790 598 dixi-

278 628 404 678 tum
434 615 1200 693 primm-syllabw'spatium.
1228 621 1506 675 Acumine
1531 615 1750 688 autem,
1773 625 1835 674 ut
1851 635 1982 674 cum
2090 634 2255 693 mus;
2289 633 2424 672 nam
2450 615 2571 693 non
2601 617 2796 693 solum
2839 615 3229 693 producenda,
3276 615 3398 693 sed
3427 615 3689 693 acuenda
3714 620 3792 693 est

280 686 566 761 scribitur,
599 686 770 765 pone,
821 686 1015 748 utrum
1044 693 1114 747 ab
1145 708 1212 748 eo
1257 693 1410 764 quod
1450 696 1536 747 est
1577 686 1758 763 pono,
1805 707 1881 746 an
1921 696 1985 745 ut
2090 689 2261 765 etiam
2292 688 2611 765 penultima
2639 686 2860 765 syllaba
2883 687 3055 765 hujus
3074 687 3326 765 verbi,_si
3349 686 3419 740 ab
3444 703 3514 741 eo
3531 687 3690 759 quod
3715 692 3794 740 est

283 765 501 820 dictum
533 780 546 819 :

2089 761 2267 833 lepos,
2295 757 2413 814 non
2444 760 2514 813 ab
2545 775 2611 814 eo
2644 757 2797 831 quod
2831 764 2917 814 est
2943 757 3129 830 lepus,
3161 757 3446 813 deﬂexum
3477 757 3586 813 esi.

1714 984 2346 1065 ADMONITIO

1601 1145 1692 1200 DE
1729 1143 2070 1210 SEQUENTI
2109 1142 2490 1198 OPUSCULO.

355 1269 708 1341 Opusculum
741 1269 810 1324 de
840 1268 1038 1341 decem
1060 1268 1370 1340 Categoriis
1399 1268 1797 1341 castigavimus
1826 1268 2013 1341 denuo
2036 1267 2115 1341 ad
2146 1267 2272 1341 Mss.
2309 1269 2552 1341 septem,
2584 1280 2616 1319 e
2645 1265 2853 1336 quibus
2866 1265 3282 1341 AGermanensis
3312 1268 3680 1341 pervetustus
3707 1282 3792 1319 co-

283 1341 386 1395 dex
403 1337 540 1395 haec
567 1341 802 1394 inillius
827 1339 1018 1394 fronte
1049 1337 1282 1410 praefert
1305 1356 1317 1392 :
1349 1337 1608 1408 Prologus
1632 1340 1898 1394 Alchuini
1925 1339 2000 1394 ad
2025 1337 2293 1393 Karolum
2319 1339 2636 1404 Augustum
2661 1351 2824 1407 super
2852 1338 3162 1405 Categorias
3192 1338 3515 1405 Augustini.

438 1439 682 1488 Continet
713 1439 810 1487 iste
840 1438 1018 1487 decem
1049 1441 1254 1486 naturai
1279 1437 1442 1486 verba
1469 1437 1711 1497 libellus;

437 1501 566 1563 Quae
587 1501 694 1563 jam
726 1501 883 1563 verba
909 1503 1089 1548 tenent
1110 1512 1312 1563 rerum,
1332 1499 1534 1563 ratione
1565 1498 1845 1562 stupenda,

438 1562 604 1624 Omne
628 1562 770 1624 quod
800 1563 855 1610 in
885 1565 1124 1610 nostrum
1152 1562 1342 1624 poterit
1362 1562 1643 1624 decurrere
1673 1574 1906 1610 sensum.

437 1623 538 1681 Qui
567 1623 707 1686 legat
733 1624 1006 1686 ingenium
1035 1627 1269 1686 veterum
1301 1623 1539 1686 mirabile
1570 1623 1775 1684 laudet;

433 1687 603 1748 Atque
627 1685 1019 1734 suum’studeat
1047 1685 1137 1733 tali
1169 1698 1409 1734 exercere
1434 1685 1630 1745 labore,

2244 1435 2515 1483 Exornans
2543 1433 2710 1483 titulis
2738 1435 2858 1484 vita)
2887 1434 3010 1483 data
3028 1438 3263 1484 tempora
3291 1433 3552 1482 honestis.

2245 1497 2397 1545 Hunc
2426 1497 2720 1559 Augustino
2748 1497 2946 1559 placuit
2972 1496 3257 1559 transferre
3289 1496 3570 1559 magistro,

2245 1559 2318 1608 De
2347 1558 2584 1608 veterum
2615 1558 2764 1621 gazis
2785 1560 3094 1621 Graecorum,
3118 1558 3263 1608 clave
3285 1558 3468 1607 latina.

2245 1621 2412 1684 Quem
2433 1621 2548 1678 tibi,
2584 1620 2691 1684 Rex
2714 1634 2959 1684 magnus,
2989 1620 3190 1684 sophiae
3220 1624 3466 1684 sextator,
3490 1624 3721 1684 amator.

2245 1683 2463 1732 Munere
2483 1684 2575 1746 qui
2604 1683 2697 1732 tali
2723 1683 2940 1746 gaudes,
2972 1683 3129 1732 modo
3158 1683 3310 1732 mitto
3335 1683 3663 1745 legendum.

282 1777 576 1842 Categoriw
602 1776 916 1830 Aristotelis
947 1776 1015 1829 ab
1041 1776 1351 1844 Augustino
1390 1775 1462 1829 de'
1493 1790 1663 1842 grxco
1692 1777 1752 1828 in
1792 1776 2032 1830 latinum
2076 1777 2316 1828 mutatae.
2366 1773 2602 1828 Eosdem
2632 1789 2827 1827 versus
2866 1773 3134 1828 exhibent
3164 1764 3262 1828 llis.
3315 1772 3702 1828 Michaelinus
3750 1783 3798 1831 et

281 1845 738 1900 Amerbachiana
795 1846 992 1911 editio,
1054 1847 1151 1900 sed
1203 1846 1686 1917 superscriptione
1741 1846 1840 1900 illa
1884 1848 2096 1911 carent,
2126 1846 2414 1917 _Prologus
2471 1844 2767 1917 Alchuini,
2800 1847 2917 1917 etc.
2950 1845 3139 1917 Istud
3193 1844 3402 1917 ipsum,
3463 1845 3793 1917 opinamur,

282 1917 622 1987 opusculum
655 1917 714 1970 in
744 1917 844 1972 lib.
881 1921 902 1971 1
943 1917 1012 1970 de
1045 1915 1678 1971 Odonis'Cluniacensis
1706 1917 1924 1972 abbatis
1971 1917 2082 1970 vita
2110 1915 2446 1985 designatur
2473 1915 2626 1970 hisce
2656 1915 2878 1969 verbis:
2929 1915 3042 1971 Odo
3089 1916 3176 1970 his
3217 1915 3404 1987 ditibus
3457 1916 3614 1987 adiit
3643 1920 3794 1973 Pari-

277 1993 440 2054 sium,
475 1988 656 2057 ibique
687 1989 1037 2042 Dialecticam
1059 1989 1114 2043 S.
1145 1989 1447 2058 Augustini
1471 1989 1716 2042 Deodato
1738 1988 1786 2057 fi

1790 1989 1858 2042 lio
1887 2003 1983 2041 suo
2015 1989 2083 2056 (a)
2122 1988 2346 2042 missam
2383 1987 2638 2057 perlegit,
2665 1991 2717 2041 et
2752 1987 3095 2042 Marcianum
3125 1990 3183 2040 in
3229 1986 3555 2042 liberalibus
3590 1991 3798 2045 artibus

276 2061 590 2126 frequenter
609 2060 909 2112 lectitavit:
936 2057 1315 2128 praeceptorem
1336 2061 1538 2129 quippe
1565 2062 1624 2113 in
1645 2060 1729 2112 his
1760 2059 2004 2113 omnibus
2037 2057 2228 2113 habuit
2255 2059 2579 2129 Remigium.

348 2131 543 2201 Itaque
567 2129 690 2200 jam
723 2130 859 2184 olim
885 2129 1046 2183 istius
1072 2127 1332 2199 opusculi
1345 2127 1552 2201 auctor
1577 2129 1914 2201 credebatur
1942 2129 2316 2201 Augustinus,
2375 2127 2468 2201 cui
2499 2127 2611 2181 alia
2651 2127 2951 2198 complura
2989 2145 3024 2182 a
3068 2128 3355 2201 veteribus
3403 2127 3554 2182 falso
3589 2130 3800 2186 tributa

275 2197 651 2272 fuisse—nemo
670 2200 866 2272 nescit.
911 2201 977 2254 Et
1000 2197 1155 2272 certe
1184 2217 1469 2272 nusquam
1496 2200 1615 2272 ipse
1637 2200 1988 2272 meminitse
2021 2197 2091 2272 de
2131 2197 2443 2272 Cetegoriis
2475 2202 2738 2254 tractasse
2761 2197 2994 2271 {neque
3023 2214 3178 2267 vero,
3210 2199 3295 2272 uti
3326 2215 3507 2270 supra
3537 2201 3798 2256 observa-

278 2286 431 2334 mus,
465 2271 978 2341 deprehenduntur
997 2270 1087 2324 hic
1117 2278 1266 2325 nota:
1299 2269 1679 2326 easdem'libri
1707 2272 1776 2325 de
1808 2269 2109 2325 Dialectica
2128 2269 2189 2324 in
2221 2269 2318 2341 lib.
2357 2273 2377 2323 l
2418 2271 2687 2338 Retract.,
2715 2285 2838 2340 cap.
2872 2269 2925 2341 ϐξ
2961 2270 3285 2335 memorati,
3325 2269 3503 2341 quem
3537 2273 3800 2328 videlicet

283 2341 499 2422 dialogi
529 2340 718 2422 forma
735 2341 1059 2422 scripserat,
1095 2356 1284 2422 eoque
1295 2342 1550 2422 .consilio
1581 2347 1646 2422 ut
1673 2358 1778 2422 per
1803 2341 2122 2422 corporalia
2152 2341 2223 2394 ad
2263 2340 2643 2421 incorporalia
2671 2340 3000 2422 perreniret
3027 2345 3126 2394 aut
3173 2340 3425 2422 dooeret.
3465 2341 3656 2422 Yides.
3678 2361 3802 2414 pra-

275 2416 435 2486 terea
468 2411 669 2486 quanti
690 2411 826 2486 _facit
855 2411 1019 2464 istius
1049 2411 1310 2486 opusculi
1340 2413 1582 2486 scriptor
1610 2411 1992 2466 Aristotelicas
2018 2411 2371 2486 categorias,
2404 2411 2544 2486 quas
2568 2411 2697 2486 jugi
2727 2411 2943 2486 labore,
2973 2412 3528 2486 uecnon_Th_emistii
3547 2411 3795 2483 philoso-

275 2482 379 2562 phi
410 2481 741 2562 magisterio
771 2497 828 2535 se
878 2489 1198 2536 assecutum
1230 2482 1401 2536 fuisse
1423 2482 1732 2607 (proﬁtetur
1760 2497 1772 2539 :
1822 2499 1952 2537 cum
1982 2499 2012 2536 e
2041 2488 2237 2536 contra
2283 2481 2663 2552 Augustinus
2684 2483 2742 2535 in
2775 2482 2874 2536 lib.
2906 2483 2938 2536 5
2966 2488 3166 2536 contra
3192 2483 3517 2545 lulianum,
3548 2481 3688 2556 cap.
3725 2490 3797 2544 li.

275 2553 361 2605 illi
404 2554 726 2606 adversario
776 2568 877 2606 suo
925 2554 1248 2607 exnrobret.
1302 2570 1417 2607 auo
1506 2555 1816 2607 Aristotelis
1846 2555 2142 2607 cateaorias
2189 2555 2506 2607 insipienter
2535 2555 2739 2607 sapiat.
2786 2568 2993 2607 easuue
3015 2553 3072 2607 in
3122 2554 3214 2607 lib.
3266 2555 3301 2607 4
3332 2555 3797 2607 Confessionum.

274 2552 361 2605 illi
404 2552 726 2633 adrersario
776 2568 877 2606 suo
925 2554 1248 2633 exprobret,
1302 2570 1417 2624 quo

1506 2555 1816 2608 Aristotelis
1846 2555 2142 2620 categorias
2189 2555 2506 2622 insipienter
2535 2555 2739 2622 sapiat,
2786 2568 2993 2624 easque
3015 2553 3072 2607 in
3122 2554 3214 2607 lib.
3266 2555 3301 2608 4
3332 2553 3800 2614 Confessionum.

278 2639 402 2704 cap.
422 2623 715 2704 “16,.nullo
733 2640 794 2704 se
819 2623 1089 2704 negotiop
1107 2629 1162 2704 et
1190 2623 1404 2704 absque
1426 2624 1816 2704 marg-istrisui
1835 2624 2098 2704 subsidio
2113 2623 2485 2704 intel‘leaisse‘
2518 2627 2774 2704 testatur.
2823 2623 3148 2704 Atque‘hi‘c‘
3169 2624 3462 2704 Aristoteli
3508 2627 3802 2704 Platonem

277 2693 654 2766 anteferebat,
686 2700 750 2748 ut
790 2693 985 2766 ridere
1015 2699 1098 2748 est
1127 2695 1187 2748 in
1218 2693 1329 2749 lib:
1353 2698 1384 2749 8
1411 2696 1479 2750 de
1511 2693 1748 2750 Civitate
1782 2695 1900 2761 Dei,
1929 2711 2051 2766 cap.
2080 2697 2181 2763 l2;
2210 2694 2306 2748 ille
2336 2694 2491 2748 haud
2531 2694 2702 2749 dubie
2754 2693 2972 2748 ceteris
3004 2695 3394 2766 Aristotelem,

3441 2697 3551 2766 qui
3582 2699 3659 2752 ab
3689 2700 3802 2770 ipso

273 2764 652 2841 Philosophus
680 2765 964 2841 vocitatur
983 2781 1088 2836 per
1108 2766 1588 2841 antonomasiam.
1625 2766 1771 2821 Illud
1796 2764 2181 2841 demumnop
2201 2770 2284 2819 est
2307 2766 2772 2841 praetereundum
2803 2765 3046 2841 silentio,
3070 2765 3346 2841 Adeodati
3377 2764 3629 2841 nomen,
3657 2764 3806 2841 qnod

275 2835 344 2910 in
369 2836 533 2910 editis
559 2835 805 2910 habetur
840 2835 1005 2890 initio
1035 2843 1166 2910 post
1196 2838 1390 2904 verba,
1421 2853 1450 2892 ο
1469 2838 1574 2908 ﬁli,
1609 2853 1726 2892 non
1755 2837 1998 2909 reperiri
2037 2836 2098 2890 in
2133 2837 2258 2891 Mss.
2309 2835 2421 2891 nisi
2462 2836 2609 2891 forte
2655 2853 2689 2890 a
2733 2836 2982 2891 secunda
3012 2852 3190 2891 manu
3227 2836 3291 2891 in
3337 2835 3696 2910 marginali'
3719 2851 3806 2896 aut

277 2905 631 2979 interli_neari
665 2907 846 2976 spatio
876 2905 1350 2979 superscriptum.

340 2976 432 3040 (υ).
461 2977 563 3042 I’er
582 2975 814 3042 errorem
841 2991 906 3026 ex
936 2975 1253 3041 glossemate
1291 2979 1414 3028 Mss.
1443 2992 1471 3028 e
1501 2978 1694 3042 quibus
1739 2977 1960 3027 Michael
2007 2977 2065 3027 in
2097 2977 2336 3041 margine
2373 2976 2448 3025 sic
2472 2975 2634 3026 habet
2660 2990 2672 3025 :
2709 2995 2736 3023 α
2767 2977 2870 3027 Has
2899 2976 3200 3041 Categorias
3227 2979 3542 3030 transmisit
3572 2981 3690 3032 ﬁlio
3721 2997 3805 3031 suo

275 3054 303 3086 α
328 3038 544 3088 nomine
567 3038 857 3088 Adeodato.
881 3055 910 3087 υ

1132 3270 2207 3398 CATEGORUE
2307 3270 2931 3396 DECEM

1333 3470 1447 3535 EX
1515 3469 2106 3536 ARISTOTELE
2178 3468 2716 3537 DECERPTAE.

273 3612 499 3672 CAPUT
536 3609 833 3667 PRIMUM.
864 3637 933 3650 —-
961 3611 1035 3664 De
1064 3609 1340 3664 oratione:
1377 3613 1426 3664 et
1455 3624 1620 3678 quam
1649 3610 1756 3664 late
1783 3613 1975 3678 pateat

848 3682 1177 3750 signiﬁcatio
1204 3678 1386 3736 οὐσίας,

342 3755 484 3810 Cum
533 3751 721 3808 omnis
750 3749 1001 3822 scientia
1040 3751 1456 3822 disciplinaque
1489 3749 1699 3805 artium
1723 3749 1968 3822 diversa-

271 3840 404 3880 rum
429 3839 544 3876 non
575 3822 688 3876 nisi
713 3821 967 3874 oratione
994 3825 1290 3890 tractetur,
1324 3821 1514 3875 nullus
1541 3828 1757 3888 tamen,
1788 3837 1820 3874 o
1863 3821 1967 3887 ﬁli,

270 3896 332 3950 in
364 3893 565 3970 quovis
589 3907 798 3970 genere
831 3891 1053 3970 pollens
1085 3890 1351 3970 inventus
1379 3897 1486 3970 est,
1519 3891 1620 3970 qui
1675 3891 1774 3970 de_
1789 3890 1970 3970 ipsius

271 3959 548 4020 oraiionis
573 3959 991 4031 velletorigine
1031 3959 1382 4031 principiove
1437 3959 1697 4016 tractare.
1751 3959 1967 4017 Idcirco

268 4035 547 4112 miranda.
563 4038 649 4088 est
671 4030 985 4112 Aristotelis
1014 4030 1342 4112 philosophi
1372 4031 1690 4112 diligentia,
1711 4031 1812 4102 qui
1850 4032 1966 4112 dis-

269 4106 496 4162 serendi
516 4105 587 4160 de
619 4103 886 4158 omnibus
906 4102 1166 4173 cupidus,
1197 4102 1266 4156 ab
1290 4102 1467 4173 ipsius
1492 4102 1664 4173 coepit
1686 4102 1964 4169 examine,

270 4194 443 4251 quam
476 4176 645 4251 sciret
683 4179 738 4251 e_t
767 4173 1210 4251 praetermissam
1243 4173 1541 4251 a_c_unctis,
1584 4177 1659 4251 Aet
1682 4173 1966 4251 omnibus

267 4243 666 4305 necessariam.
701 4246 752 4298 Is
772 4243 958 4315 igitur
1012 4261 1115 4298 nos
1143 4243 1335 4298 docuit
1391 4261 1460 4299 ex
1510 4247 1634 4298 octo
1682 4244 1794 4314 his,
1826 4261 1967 4315 quas

270 4316 629 4392 grammatici
653 4314 845 4392 partes
873 4314 1147 4392 orationis
1177 4316 1784 4392 voca_nt,__eam_solam_
1810 4314 1965 4392 recte

269 4385 543 4461 appellari
573 4385 848 4461 orationis
874 4391 1116 4461 partem,
1149 4401 1279 4461 quin
1307 4385 1585 4461 indicaret
1613 4385 1850 4456 aliquid,
1873 4403 1967 4440 vo—

268 4456 586 4531 cabuloque
617 4456 892 4528 signaret:
914 4459 1111 4528 Itaque
1140 4457 1290 4531 solas
1319 4456 1595 4531 orationis
1624 4462 1833 4531 partes,
1862 4473 1965 4511 au-

267 4537 423 4585 ctore
451 4527 771 4594 Aristotele,
806 4527 1102 4599 nomen’et
1125 4527 1362 4581 verbum
1393 4527 1667 4599 debemus
1687 4527 1960 4599 accipere:

267 4606 498 4680 ceteras
525 4616 660 4654 vero
688 4615 753 4680 ex
782 4598 1047 4680 hisﬁeri,
1066 4602 1129 4680 et
1153 4598 1522 4680 compagines
1554 4597 1826 4680 orationis
1864 4615 1965 4669 po-

264 4673 400 4739 tius,
428 4686 601 4742 quam
622 4674 812 4742 partes
840 4670 964 4740 ejus
992 4669 1197 4724 debere
1222 4669 1777 4742 nominari._Nomen
1806 4685 1964 4742 nam-

265 4759 378 4815 que
407 4739 712 4815 personam
741 4739 1110 4815 demonstrat,
1149 4741 1388 4815 verb_um
1419 4740 1557 4815 quid
1604 4739 1845 4815 quisque
1872 4741 1960 4796 fa-

266 4811 342 4870 cit
368 4811 707 4884 patiaturve.
741 4812 957 4866 Dehinc
1004 4826 1232 4884 quoque
1271 4812 1389 4884 hoc
1419 4811 1658 4884 docente
1687 4811 1960 4866 debemus

266 4882 581 4950 advertere,
614 4897 727 4952 quo
785 4882 1127 4953 compendio
1154 4882 1430 4952 paulatim
1461 4882 1643 4937 oratio
1675 4886 1958 4938 coarctata

263 4973 369 5028 per
387 4954 598 5028 gradus
627 4956 828 5007 cuncta
870 4969 1014 5028 quas
1027 4957 1160 5028 sunt
1188 4969 1305 5028 uno
1334 4953 1613 5028 vocabulo
1625 4958 1798 5028 capta
1825 4969 1958 5008 con-

261 5023 516 5082 cluserit.
552 5026 694 5079 Nam
723 5039 852 5095 cum
883 5023 956 5077 sit
983 5024 1207 5078 diversa
1234 5023 1782 5095 innumerabilisque
1801 5040 1963 5095 rmor-

266 5099 470 5154 talium
498 5094 872 5166 nuncupatio,
905 5109 1009 5148 nec
1028 5095 1432 5164 comprehendi
1453 5095 1633 5165 possit
1657 5094 1956 5150 nominum

265 5174 384 5225 tam
415 5169 528 5222 lata
547 5165 863 5234 diversitas,
889 5180 1008 5219 uno
1061 5170 1256 5219 tamen
1295 5166 1572 5220 vocabulo
1603 5181 1735 5220 eum
1765 5166 1956 5220 homi-

264 5256 399 5295 nem
428 5238 658 5304 dixeris,
691 5236 875 5291 noscis
926 5252 1142 5291 omnes.
1202 5235 1476 5292 Similiter
1531 5240 1589 5291 et
1615 5241 1838 5305 cratera,
1895 5241 1958 5292 ut

263 5327 445 5383 equus
470 5309 565 5363 ille
595 5306 763 5383 iam};
783 5308 871 5383 vel
905 5306 1080 5370 αἴθριος
1110 5305 1198 5360 vel
1229 5305 1342 5383 ξῖος,
1372 5308 1457 5361 vel
1491 5307 1585 5361 ille
1630 5307 1954 5383 atqueAille.

262 5377 333 5437 Et-
357 5395 686 5453 quanquam
722 5377 794 5432 sit
830 5379 1037 5433 horum
1094 5378 1399 5432 nominum
1452 5394 1682 5453 quoque
1698 5377 1956 5453 :infinito

260 5447 717 5522 comprehensio,
743 5465 960 5522 equum
986 5454 1342 5522 tamencum
1370 5447 1499 5522 quis
1537 5447 1760 5522 dixerit,
1791 5465 1953 5522 mon:

259 5519 461 5578 strabit
486 5537 705 5574 omnes.
739 5519 815 5573 Et
831 5521 878 5573 si
899 5521 1026 5591 quis
1046 5520 1325 5585 leonibus,
1350 5519 1502 5590 quod
1533 5519 1660 5591 fieri
1682 5520 1847 5591 solet,
1865 5521 1953 5574 vel

257 5595 441 5650 bobus
471 5590 1012 5662 imponatrnomina,
1039 5591 1098 5644 in
1128 5591 1474 5662 immensum
1486 5590 1740 5662 tenditur
1757 5590 1951 5662 unius:

253 5660 851 5735 cujusque—cognitio,
908 5665 964 5716 et
1016 5662 1164 5735 acies
1197 5661 1405 5735 mentis
1455 5660 1793 5735 obtunditur
1813 5677 1834 5735 :_
1856 5661 1954 5716 sed

255 5731 385 5791 cum
416 5731 673 5798 leonem,
696 5731 783 5784 vel
813 5736 1041 5785 taurum
1073 5731 1304 5801 dixeris,
1355 5747 1554 5787 omnes
1585 5731 1685 5802 qui
1737 5731 1952 5802 ubique

2086 3611 2237 3675 sunt,
2273 3608 2378 3663 sub
2409 3624 2522 3662 uno
2550 3606 2786 3662 nomine
2816 3608 3036 3661 naturae
3074 3605 3390 3662 succidunt.
3426 3607 3662 3664 Verum
3694 3627 3805 3665 ora-

2081 3680 2255 3734 tionis
2282 3680 2383 3746 vis,
2428 3677 2823 3750 quaahinlinita
2878 3693 3090 3748 genera
3137 3678 3485 3750 procreandi
3523 3683 3804 3736 varietate

2082 3750 2326 3830 singulis
2345 3747 2633 3830 vocabulis
2655 3747 3040 3830 colligaverat,
3065 3747 3272 3830 parum
3297 3749 3508 3830 fecisse
3540 3751 3799 3830 visa_est,

2080 3819 2199 3875 nisi
2221 3821 2423 3894 eadem
2453 3824 2737 3894 coarctata
2755 3819 2814 3873 in
2845 3835 3026 3894 unum
3047 3819 3324 3894 singulari
3351 3825 3804 3894 nuncupatione

2079 3892 2461 3966 concluderet.
2497 3892 2746 3966 Ideoque
2772 3895 2833 3966 et
2850 3890 3160 3966 hominem
3185 3895 3240 3945 et
3269 3891 3454 3966 {eram
3477 3890 3802 3966 _et‘equum

2080 3961 2484 4046 dixitnanimal,
2514 3961 2659 4016 dans
2675 3961 2892 4042 cunctis
2905 3978 3117 4042 nomen
3145 3962 3298 4033 quod
3325 3964 3532 4046 omnia
3541 3961 3803 4046 posside-

2077 4037 2183 4089 ret.
2212 4034 2324 4088 Nec
2354 4033 2546 4088 minus
2575 4049 2643 4086 ea
2666 4049 2795 4103 quae
2823 4033 2946 4087 sine
2976 4034 3167 4087 anima
3197 4039 3353 4098 sunt,
3384 4033 3563 4089 brevi
3579 4053 3659 4090 ex
3699 4037 3806 4090 im-

2079 4119 2276 4159 mensa
2302 4103 2786 4159 demonstratione
2805 4104 3051 4174 signavit
3076 4121 3089 4158 :
3113 4120 3247 4158 nam
3266 4120 3397 4158 cum
3422 4105 3506 4158 sit
3546 4107 3732 4161 arbor
3753 4114 3804 4160 et

2077 4175 2239 4249 nucis
2261 4179 2317 4229 et
2344 4180 2624 4249 castaneas
2635 4177 2690 4228 et
2701 4175 2925 4249 glandis
2955 4181 3010 4230 et
3024 4175 3532 4249 mali,ceeteraque
3550 4177 3804 4249 inexpli-

2077 4246 2279 4320 cabilia
2308 4262 2518 4320 genera
2555 4246 2938 4320 virgultorum
2963 4266 2978 4312 ;
3009 4248 3313 4320 surculum
3331 4262 3576 4320 vocans,
3609 4246 3808 4320 sin—gn-

2074 4315 2181 4370 lari
2212 4315 2408 4371 omnia
2453 4321 2509 4371 et
2555 4315 2845 4371 communi
2876 4317 3150 4371 vocabulo
3181 4317 3468 4380 astrinxit,
3517 4315 3810 4375 Similiter

2074 4392 2545 4442 ornamentorum
2574 4387 2824 4441 diversos
2857 4388 2910 4441 la
2955 4387 3075 4442 ides
3125 4387 3544 4458 compendiose
3575 4392 3810 4446 vocavit

2075 4473 2350 4513 gemmas.
2383 4460 2672 4513 Postremo
2705 4458 2836 4512 licet
2876 4404 3100 4513 agundo
3125 4466 3506 4513 prospexerat
3533 4462 3809 4513 disnersa

2074 4473 2350 4532 gemmas.
2383 4460 2672 4513 Postremo
2694 4458 2836 4532 licet
2876 4458 3100 4513 abunde
3125 4466 3506 4532 prospexerat
3533 4462 3809 4532 dispersa

2072 4528 2284 4598 passim
2313 4545 2526 4600 genera
2556 4529 2786 4600 speciali
2818 4535 2955 4584 nota
2982 4528 3308 4594 concilians,
3343 4535 3551 4586 tamen
3568 4528 3808 4600 ingenti

2073 4598 2340 4678 quodam'
2353 4606 2411 4655 et
2419 4598 2616 4678 capaci
2645 4600 2717 4654 ad
2742 4598 2967 4678 infinito
2977 4617 3038 4678 m‘
3053 4601 3286 4678 nomine
3305 4617 3484 4656 omne
3505 4598 3809 4678 quid'qm'd

2074 4670 2158 4725 est
2186 4670 2675 4743 comprehenderis
2725 4670 2869 4743 dixit
2906 4670 3098 4743 Αούσίαν,
3132 4676 3288 4727 extra
3334 4670 3543 4743 quam—
3570 4670 3712 4731 nec.
3727 4678 3808 4730 in-

2069 4741 2249 4796 veniri
2280 4741 2518 4814 aliquid,
2549 4758 2654 4796 nec
2683 4741 2920 4814 cogitari
2975 4747 3181 4814 potest.
3235 4741 3372 4797 Haec
3423 4749 3518 4798 est
3549 4763 3688 4802 una
3745 4749 3804 4802 de

2070 4813 2618 4883 categoriisdecem.
2656 4813 3139 4883 Appellatas’vero
3187 4814 3512 4884 categorias
3544 4825 3806 4873 constat.

2068 4888 2375 4960 propterea
2390 4884 2556 4960 Aquod
2571 4899 2704 4960 _n_on
2729 4884 2947 4960 possint
2976 4885 3086 4960 nisi
3116 4885 3489 4960 exrsubjectis
3525 4892 3808 4960 agnosci.

2072 4952 2132 5008 ὧς
2151 4952 2276 5001 nisi
2303 4952 2446 5000 τινῶῦ
2471 4952 2750 5032 λξκθξζσαιῗ
2767 4955 2904 5032 Quis
2930 4956 3086 5032 enim
3110 4956 3249 5032 quid
3277 4952 3350 5010 sit
3391 4952 3602 5012 homo'
3619 4952 3810 5032 possit

2071 5041 2395 5097 agnoscere,
2425 5025 2536 5097 nisi
2563 5025 2811 5096 aliquem
2837 5025 3268 5097 sibihominem
3295 5035 3478 5097 ponat
3497 5025 3654 5086 ante
3680 5049 3808 5087 ocn-

2066 5095 2170 5172 lOs,
2196 5096 2369 5172 quasi
2387 5095 2720 5172 subjectum
2748 5096 3015 5172 homini?
3041 5098 3119 5152 Ne
3142 5095 3340 5172 autem
3366 5104 3806 5172 progrediente

2065 5165 2334 5239 tractatu,
2366 5165 2442 5239 in
2467 5165 2580 5238 quo
2633 5167 2880 5239 plurinis
2935 5169 3210 5239 exemplis
3261 5165 3405 5239 opus
3436 5165 3550 5237 es't,
3586 5176 3804 5230 eadem

2066 5237 2150 5321 ad.
2168 5237 2499 5321 docendum
2517 5238 2753 5321 nomine
2779 5237 3157 5321 repetantur,
3187 5237 3430 5321 ac‘s'aape
3470 5246 3722 5321 accidat
3751 5255 3807 5298 ut

2067 5308 2155 5383 vel
2176 5309 2573 5383 Hortensiivel‘
2590 5309 2758 5383 altius
2778 5308 3052 5378 hominis,
3071 5312 3160 5365 vel
3190 5308 3456 5382 superius
3489 5315 3804 5383 animalis,

2064 5379 2458 5453 velexcelsius
2490 5380 2639 5453 usiai
2685 5380 3042 5453 frequentata
3102 5379 3365 5453 exempla
3393 5383 3456 5436 in
3483 5379 3806 5442 fastidium

2064 5449 2389 5524 reciderent
2411 5471 2425 5518 ;
2454 5451 2565 5505 alia
2585 5451 2672 5504 his
2701 5449 2994 5524 vocabula,
3017 5453 3226 5524 quibus
3270 5449 3344 5507 ad
3372 5453 3804 5513 disserendum

2063 5519 2394 5595 phil‘OSOpbi
2427 5526 2739 5589 uterentur,
2771 5522 2995 5577 inﬂexit
3018 5519 3053 5577 z'
3066 5523 3258 5595 itaque
3292 5526 3719 5588 Hortensium.
3751 5535 3808 5582 et

2062 5591 2224 5665 nucis
2249 5593 2543 5665 arborem,
2575 5597 2892 5665 etrequum
2946 5591 3254 5660 Xanthum,
3290 5599 3348 5650 et
3393 5596 3491 5651 hic
3541 5600 3806 5662 similia,

2063 5659 2288 5722 αἰσθητὰ,
2343 5664 2521 5727 ἄτομα,
2579 5659 2832 5727 ἐνάρισμα,
2880 5665 3159 5728 χαθέιιαστα
3205 5659 3427 5721 vocavit
3466 5686 3481 5722 :
3548 5659 3802 5729 ais-67:1,

2064 5733 2214 5804 quod
2262 5737 2415 5790 tactu
2473 5735 2826 5804 sentiantur;
2855 5736 3034 5797 ἄτομα,
3084 5737 3240 5810 quod
3295 5737 3476 5794 dividi
3508 5747 3567 5797 et
3603 5759 3806 5798 sec-ar:
