  <div class='ocr_page' id='page_1' title='image "/cluster/home/n/w/nwhite01/storage/ocr_20150623/32/hvd.32044096580550/730.png"; bbox 0 0 4014 6164; ppageno 0'>
   <div class='ocr_carea' id='block_1_1' title="bbox 163 250 289 304">
    <p class='ocr_par' dir='ltr' id='par_1_1' title="bbox 163 250 289 304">
     <span class='ocr_line' id='line_1_1' title="bbox 163 250 289 304; baseline 0.008 -3"><span class='ocrx_word' id='word_1_1' title='bbox 163 250 289 304; x_wconf 73' lang='grc'>1421</span> 
     </span>
    </p>
   </div>
   <div class='ocr_carea' id='block_1_2' title="bbox 89 389 1851 470">
    <p class='ocr_par' dir='ltr' id='par_1_2' title="bbox 89 389 1851 470">
     <span class='ocr_line' id='line_1_2' title="bbox 89 389 1851 470; baseline 0.007 -29"><span class='ocrx_word' id='word_1_2' title='bbox 89 444 97 451; x_wconf 66' lang='grc'><em>,</em></span> <span class='ocrx_word' id='word_1_3' title='bbox 157 393 476 459; x_wconf 88' lang='lat' dir='ltr'>nequeant:</span> <span class='ocrx_word' id='word_1_4' title='bbox 501 389 656 470; x_wconf 33' lang='lat' dir='ltr'>‘quis</span> <span class='ocrx_word' id='word_1_5' title='bbox 691 390 846 470; x_wconf 74' lang='lat' dir='ltr'>enim</span> <span class='ocrx_word' id='word_1_6' title='bbox 867 393 1087 470; x_wconf 47' lang='lat' dir='ltr'>&quot;credat</span> <span class='ocrx_word' id='word_1_7' title='bbox 1118 396 1460 470; x_wconf 84' lang='lat' dir='ltr'>Hortensum</span> <span class='ocrx_word' id='word_1_8' title='bbox 1509 398 1650 453; x_wconf 63' lang='lat' dir='ltr'>caedi</span> <span class='ocrx_word' id='word_1_9' title='bbox 1688 416 1851 470; x_wconf 88' lang='lat' dir='ltr'>posse</span> 
     </span>
    </p>
   </div>
   <div class='ocr_carea' id='block_1_3' title="bbox 155 460 1846 537">
    <p class='ocr_par' dir='ltr' id='par_1_3' title="bbox 155 460 1846 537">
     <span class='ocr_line' id='line_1_3' title="bbox 155 460 1846 537; baseline 0.008 -26"><span class='ocrx_word' id='word_1_10' title='bbox 155 476 256 530; x_wconf 90' lang='lat' dir='ltr'>per</span> <span class='ocrx_word' id='word_1_11' title='bbox 294 460 726 537; x_wconf 30' lang='lat' dir='ltr'>partes?’_qu_od</span> <span class='ocrx_word' id='word_1_12' title='bbox 774 460 820 514; x_wconf 89' lang='lat' dir='ltr'>si</span> <span class='ocrx_word' id='word_1_13' title='bbox 863 462 978 537; x_wconf 70' lang='lat' dir='ltr'>fiat,</span> <span class='ocrx_word' id='word_1_14' title='bbox 1026 466 1353 537; x_wconf 70' lang='lat' dir='ltr'>Hortensius</span> <span class='ocrx_word' id='word_1_15' title='bbox 1392 470 1509 537; x_wconf 87' lang='lat' dir='ltr'>jam</span> <span class='ocrx_word' id='word_1_16' title='bbox 1559 460 1846 525; x_wconf 37' lang='lat' dir='ltr'>non‘erit:</span> 
     </span>
    </p>
   </div>
   <div class='ocr_carea' id='block_1_4' title="bbox 155 532 1849 610">
    <p class='ocr_par' dir='ltr' id='par_1_4' title="bbox 155 532 1849 610">
     <span class='ocr_line' id='line_1_4' title="bbox 155 532 1849 610; baseline 0.006 -25"><span class='ocrx_word' id='word_1_17' title='bbox 155 538 401 610; x_wconf 47' lang='lat' dir='ltr'>ivipzepa,</span> <span class='ocrx_word' id='word_1_18' title='bbox 436 533 587 602; x_wconf 90' lang='lat' dir='ltr'>quod</span> <span class='ocrx_word' id='word_1_19' title='bbox 616 532 727 610; x_wconf 82' lang='lat' dir='ltr'>sint</span> <span class='ocrx_word' id='word_1_20' title='bbox 749 534 985 610; x_wconf 29' lang='lat' dir='ltr'>numeri.</span> <span class='ocrx_word' id='word_1_21' title='bbox 1002 535 1199 603; x_wconf 91' lang='lat' dir='ltr'>unius;</span> <span class='ocrx_word' id='word_1_22' title='bbox 1233 532 1531 609; x_wconf 69' lang='grc' dir='ltr'>χιϐέκᾶστι,</span> <span class='ocrx_word' id='word_1_23' title='bbox 1561 542 1709 610; x_wconf 93' lang='lat' dir='ltr'>quod</span> <span class='ocrx_word' id='word_1_24' title='bbox 1734 541 1849 595; x_wconf 89' lang='lat' dir='ltr'>sin-</span> 
     </span>
    </p>
   </div>
   <div class='ocr_carea' id='block_1_5' title="bbox 153 603 1850 680">
    <p class='ocr_par' dir='ltr' id='par_1_5' title="bbox 153 603 1850 680">
     <span class='ocr_line' id='line_1_5' title="bbox 153 603 1850 680; baseline 0.007 -26"><span class='ocrx_word' id='word_1_25' title='bbox 153 603 405 680; x_wconf 66' lang='lat' dir='ltr'>gularia:</span> <span class='ocrx_word' id='word_1_26' title='bbox 430 604 793 680; x_wconf 77' lang='lat' dir='ltr'>nequeenim</span> <span class='ocrx_word' id='word_1_27' title='bbox 824 604 945 680; x_wconf 51' lang='lat' dir='ltr'>haec</span> <span class='ocrx_word' id='word_1_28' title='bbox 971 604 1028 659; x_wconf 90' lang='lat' dir='ltr'>in</span> <span class='ocrx_word' id='word_1_29' title='bbox 1056 623 1170 680; x_wconf 87' lang='lat' dir='ltr'>uno</span> <span class='ocrx_word' id='word_1_30' title='bbox 1194 603 1391 678; x_wconf 74' lang='lat' dir='ltr'>quovis</span> <span class='ocrx_word' id='word_1_31' title='bbox 1422 603 1703 680; x_wconf 79' lang='lat' dir='ltr'>geminari</span> <span class='ocrx_word' id='word_1_32' title='bbox 1726 629 1850 680; x_wconf 89' lang='lat' dir='ltr'>pos-</span> 
     </span>
    </p>
   </div>
   <div class='ocr_carea' id='block_1_6' title="bbox 152 675 1849 752">
    <p class='ocr_par' dir='ltr' id='par_1_6' title="bbox 152 675 1849 752">
     <span class='ocr_line' id='line_1_6' title="bbox 152 675 1849 752; baseline 0.007 -27"><span class='ocrx_word' id='word_1_33' title='bbox 152 679 300 728; x_wconf 90' lang='lat' dir='ltr'>sunt.</span> <span class='ocrx_word' id='word_1_34' title='bbox 346 675 559 752; x_wconf 77' lang='lat' dir='ltr'>Deinde</span> <span class='ocrx_word' id='word_1_35' title='bbox 592 676 813 741; x_wconf 85' lang='lat' dir='ltr'>altiora,</span> <span class='ocrx_word' id='word_1_36' title='bbox 866 676 921 752; x_wconf 83' lang='lat' dir='ltr'>id</span> <span class='ocrx_word' id='word_1_37' title='bbox 966 681 1068 744; x_wconf 91' lang='lat' dir='ltr'>est,</span> <span class='ocrx_word' id='word_1_38' title='bbox 1102 675 1687 752; x_wconf 43' lang='lat' dir='ltr'>hominemfequum,</span> <span class='ocrx_word' id='word_1_39' title='bbox 1726 675 1849 737; x_wconf 79' lang='lat' dir='ltr'>leo-</span> 
     </span>
    </p>
   </div>
   <div class='ocr_carea' id='block_1_7' title="bbox 150 746 1851 823">
    <p class='ocr_par' dir='ltr' id='par_1_7' title="bbox 150 746 1851 823">
     <span class='ocr_line' id='line_1_7' title="bbox 150 746 1851 823; baseline 0.006 -26"><span class='ocrx_word' id='word_1_40' title='bbox 150 760 282 797; x_wconf 88' lang='lat' dir='ltr'>nem</span> <span class='ocrx_word' id='word_1_41' title='bbox 328 746 591 823; x_wconf 79' lang='lat' dir='ltr'>arborem</span> <span class='ocrx_word' id='word_1_42' title='bbox 635 752 764 823; x_wconf 63' lang='grc' dir='ltr'>εἴδεα</span> <span class='ocrx_word' id='word_1_43' title='bbox 822 748 911 800; x_wconf 86' lang='lat' dir='ltr'>vel</span> <span class='ocrx_word' id='word_1_44' title='bbox 960 755 1095 823; x_wconf 52' lang='lat' dir='ltr'>i_aéat;</span> <span class='ocrx_word' id='word_1_45' title='bbox 1123 766 1213 802; x_wconf 91' lang='lat' dir='ltr'>ars</span> <span class='ocrx_word' id='word_1_46' title='bbox 1262 750 1419 823; x_wconf 87' lang='lat' dir='ltr'>dicit,</span> <span class='ocrx_word' id='word_1_47' title='bbox 1460 746 1620 822; x_wconf 79' lang='lat' dir='ltr'>quasi</span> <span class='ocrx_word' id='word_1_48' title='bbox 1660 746 1851 823; x_wconf 85' lang='lat' dir='ltr'>partes</span> 
     </span>
    </p>
   </div>
   <div class='ocr_carea' id='block_1_8' title="bbox 151 816 1847 892">
    <p class='ocr_par' dir='ltr' id='par_1_8' title="bbox 151 816 1847 892">
     <span class='ocr_line' id='line_1_8' title="bbox 151 816 1847 892; baseline 0.007 -26"><span class='ocrx_word' id='word_1_49' title='bbox 151 816 371 892; x_wconf 75' lang='lat' dir='ltr'>generis</span> <span class='ocrx_word' id='word_1_50' title='bbox 403 821 669 892; x_wconf 73' lang='lat' dir='ltr'>etrernm</span> <span class='ocrx_word' id='word_1_51' title='bbox 698 816 932 871; x_wconf 85' lang='lat' dir='ltr'>formas.</span> <span class='ocrx_word' id='word_1_52' title='bbox 959 820 1173 874; x_wconf 85' lang='lat' dir='ltr'>Dehinc</span> <span class='ocrx_word' id='word_1_53' title='bbox 1200 816 1512 892; x_wconf 75' lang='lat' dir='ltr'>superiora,</span> <span class='ocrx_word' id='word_1_54' title='bbox 1544 824 1599 877; x_wconf 93' lang='lat' dir='ltr'>id</span> <span class='ocrx_word' id='word_1_55' title='bbox 1620 816 1705 878; x_wconf 73' lang='lat' dir='ltr'>est</span> <span class='ocrx_word' id='word_1_56' title='bbox 1726 826 1847 878; x_wconf 88' lang='lat' dir='ltr'>ani-</span> 
     </span>
    </p>
   </div>
   <div class='ocr_carea' id='block_1_9' title="bbox 150 886 1850 963">
    <p class='ocr_par' dir='ltr' id='par_1_9' title="bbox 150 886 1850 963">
     <span class='ocr_line' id='line_1_9' title="bbox 150 886 1850 963; baseline 0.007 -25"><span class='ocrx_word' id='word_1_57' title='bbox 150 886 320 963; x_wconf 82' lang='lat' dir='ltr'>malia</span> <span class='ocrx_word' id='word_1_58' title='bbox 349 892 403 939; x_wconf 90' lang='lat' dir='ltr'>et</span> <span class='ocrx_word' id='word_1_59' title='bbox 424 886 669 963; x_wconf 77' lang='lat' dir='ltr'>virgulta</span> <span class='ocrx_word' id='word_1_60' title='bbox 697 892 750 940; x_wconf 89' lang='lat' dir='ltr'>et.</span> <span class='ocrx_word' id='word_1_61' title='bbox 772 905 1028 963; x_wconf 88' lang='lat' dir='ltr'>gemmas</span> <span class='ocrx_word' id='word_1_62' title='bbox 1048 896 1105 963; x_wconf 87' lang='lat' dir='ltr'>et</span> <span class='ocrx_word' id='word_1_63' title='bbox 1135 886 1369 961; x_wconf 79' lang='lat' dir='ltr'>lapides,</span> <span class='ocrx_word' id='word_1_64' title='bbox 1397 909 1607 963; x_wconf 87' lang='lat' dir='ltr'>genera</span> <span class='ocrx_word' id='word_1_65' title='bbox 1628 912 1850 949; x_wconf 89' lang='lat' dir='ltr'>nuncu-</span> 
     </span>
    </p>
   </div>
   <div class='ocr_carea' id='block_1_10' title="bbox 148 957 1847 1029">
    <p class='ocr_par' dir='ltr' id='par_1_10' title="bbox 148 957 1847 1029">
     <span class='ocr_line' id='line_1_10' title="bbox 148 957 1847 1029; baseline 0.008 -21"><span class='ocrx_word' id='word_1_66' title='bbox 148 957 322 1027; x_wconf 85' lang='lat' dir='ltr'>pavit,</span> <span class='ocrx_word' id='word_1_67' title='bbox 364 974 431 1011; x_wconf 83' lang='lat' dir='ltr'>ex</span> <span class='ocrx_word' id='word_1_68' title='bbox 463 960 672 1028; x_wconf 87' lang='lat' dir='ltr'>quibus</span> <span class='ocrx_word' id='word_1_69' title='bbox 702 967 890 1029; x_wconf 88' lang='lat' dir='ltr'>partes</span> <span class='ocrx_word' id='word_1_70' title='bbox 919 962 1005 1014; x_wconf 86' lang='lat' dir='ltr'>vel</span> <span class='ocrx_word' id='word_1_71' title='bbox 1035 957 1235 1016; x_wconf 70' lang='lat' dir='ltr'>forma:</span> <span class='ocrx_word' id='word_1_72' title='bbox 1276 957 1606 1019; x_wconf 47' lang='lat' dir='ltr'>nascvuntur.</span> <span class='ocrx_word' id='word_1_73' title='bbox 1640 967 1847 1021; x_wconf 86' lang='lat' dir='ltr'>Eadem</span> 
     </span>
    </p>
   </div>
   <div class='ocr_carea' id='block_1_11' title="bbox 148 1030 1845 1107">
    <p class='ocr_par' dir='ltr' id='par_1_11' title="bbox 148 1030 1845 1107">
     <span class='ocr_line' id='line_1_11' title="bbox 148 1030 1845 1107; baseline 0.006 -27"><span class='ocrx_word' id='word_1_74' title='bbox 148 1032 341 1081; x_wconf 88' lang='lat' dir='ltr'>tamen</span> <span class='ocrx_word' id='word_1_75' title='bbox 377 1044 612 1107; x_wconf 68' lang='lat' dir='ltr'>genera,</span> <span class='ocrx_word' id='word_1_76' title='bbox 646 1030 986 1107; x_wconf 72' lang='lat' dir='ltr'>speciesvel</span> <span class='ocrx_word' id='word_1_77' title='bbox 1018 1032 1160 1107; x_wconf 61' lang='lat' dir='ltr'>ideas</span> <span class='ocrx_word' id='word_1_78' title='bbox 1193 1034 1362 1107; x_wconf 81' lang='lat' dir='ltr'>etiam</span> <span class='ocrx_word' id='word_1_79' title='bbox 1387 1036 1685 1107; x_wconf 85' lang='lat' dir='ltr'>nominari</span> <span class='ocrx_word' id='word_1_80' title='bbox 1719 1054 1845 1107; x_wconf 88' lang='lat' dir='ltr'>pos-</span> 
     </span>
    </p>
   </div>
   <div class='ocr_carea' id='block_1_12' title="bbox 149 1100 1846 1175">
    <p class='ocr_par' dir='ltr' id='par_1_12' title="bbox 149 1100 1846 1175">
     <span class='ocr_line' id='line_1_12' title="bbox 149 1100 1846 1175; baseline 0.008 -25"><span class='ocrx_word' id='word_1_81' title='bbox 149 1104 299 1165; x_wconf 90' lang='lat' dir='ltr'>sunt,</span> <span class='ocrx_word' id='word_1_82' title='bbox 334 1100 504 1175; x_wconf 83' lang='lat' dir='ltr'>quod</span> <span class='ocrx_word' id='word_1_83' title='bbox 522 1100 736 1175; x_wconf 81' lang='lat' dir='ltr'>habent</span> <span class='ocrx_word' id='word_1_84' title='bbox 764 1102 1045 1175; x_wconf 82' lang='lat' dir='ltr'>exclusius</span> <span class='ocrx_word' id='word_1_85' title='bbox 1078 1105 1313 1175; x_wconf 89' lang='lat' dir='ltr'>aliquid,</span> <span class='ocrx_word' id='word_1_86' title='bbox 1347 1106 1405 1159; x_wconf 91' lang='lat' dir='ltr'>id</span> <span class='ocrx_word' id='word_1_87' title='bbox 1439 1111 1524 1160; x_wconf 91' lang='lat' dir='ltr'>est</span> <span class='ocrx_word' id='word_1_88' title='bbox 1551 1100 1755 1172; x_wconf 78' lang='lat' dir='ltr'>usiam,</span> <span class='ocrx_word' id='word_1_89' title='bbox 1779 1126 1846 1163; x_wconf 82' lang='lat' dir='ltr'>ex</span> 
     </span>
    </p>
   </div>
   <div class='ocr_carea' id='block_1_13' title="bbox 147 1170 1848 1251">
    <p class='ocr_par' dir='ltr' id='par_1_13' title="bbox 147 1170 1848 1251">
     <span class='ocr_line' id='line_1_13' title="bbox 147 1170 1848 1251; baseline 0.007 -29"><span class='ocrx_word' id='word_1_90' title='bbox 147 1186 261 1241; x_wconf 91' lang='lat' dir='ltr'>qua</span> <span class='ocrx_word' id='word_1_91' title='bbox 292 1171 429 1251; x_wconf 77' lang='lat' dir='ltr'>oriri</span> <span class='ocrx_word' id='word_1_92' title='bbox 457 1170 721 1251; x_wconf 60' lang='lat' dir='ltr'>videntur</span> <span class='ocrx_word' id='word_1_93' title='bbox 750 1177 807 1225; x_wconf 90' lang='lat' dir='ltr'>et</span> <span class='ocrx_word' id='word_1_94' title='bbox 837 1170 1393 1251; x_wconf 19' lang='lat' dir='ltr'>nasci._.Ips‘ainovero</span> <span class='ocrx_word' id='word_1_95' title='bbox 1432 1178 1636 1247; x_wconf 86' lang='lat' dir='ltr'>usiam,</span> <span class='ocrx_word' id='word_1_96' title='bbox 1675 1170 1848 1251; x_wconf 85' lang='lat' dir='ltr'>supra</span> 
     </span>
    </p>
   </div>
   <div class='ocr_carea' id='block_1_14' title="bbox 146 1241 1489 1314">
    <p class='ocr_par' dir='ltr' id='par_1_14' title="bbox 146 1241 1489 1314">
     <span class='ocr_line' id='line_1_14' title="bbox 146 1241 1489 1314; baseline 0.006 -20"><span class='ocrx_word' id='word_1_97' title='bbox 146 1257 318 1311; x_wconf 88' lang='lat' dir='ltr'>quam</span> <span class='ocrx_word' id='word_1_98' title='bbox 348 1241 493 1295; x_wconf 92' lang='lat' dir='ltr'>nihil</span> <span class='ocrx_word' id='word_1_99' title='bbox 520 1247 834 1314; x_wconf 29' lang='lat' dir='ltr'>esttgenus</span> <span class='ocrx_word' id='word_1_100' title='bbox 863 1241 1138 1314; x_wconf 74' lang='lat' dir='ltr'>appellari</span> <span class='ocrx_word' id='word_1_101' title='bbox 1169 1247 1489 1303; x_wconf 88' lang='lat' dir='ltr'>voluerunt.</span> 
     </span>
    </p>
   </div>
   <div class='ocr_carea' id='block_1_15' title="bbox 350 1313 1637 1385">
    <p class='ocr_par' dir='ltr' id='par_1_15' title="bbox 350 1313 1637 1385">
     <span class='ocr_line' id='line_1_15' title="bbox 350 1313 1637 1385; baseline 0.005 -19"><span class='ocrx_word' id='word_1_102' title='bbox 350 1314 572 1385; x_wconf 79' lang='lat' dir='ltr'>CAPUT</span> <span class='ocrx_word' id='word_1_103' title='bbox 604 1313 673 1368; x_wconf 90' lang='lat' dir='ltr'>II.</span> <span class='ocrx_word' id='word_1_104' title='bbox 703 1345 769 1353; x_wconf 93' lang='lat'>—</span> <span class='ocrx_word' id='word_1_105' title='bbox 813 1313 1212 1385; x_wconf 67' lang='lat' dir='ltr'>Deaequivocis</span> <span class='ocrx_word' id='word_1_106' title='bbox 1240 1324 1289 1371; x_wconf 87' lang='lat' dir='ltr'>et</span> <span class='ocrx_word' id='word_1_107' title='bbox 1312 1321 1637 1373; x_wconf 75' lang='lat' dir='ltr'>multivocis.</span> 
     </span>
    </p>
   </div>
   <div class='ocr_carea' id='block_1_16' title="bbox 217 1383 1843 1465">
    <p class='ocr_par' dir='ltr' id='par_1_16' title="bbox 217 1383 1843 1465">
     <span class='ocr_line' id='line_1_16' title="bbox 217 1383 1843 1465; baseline 0.005 -29"><span class='ocrx_word' id='word_1_108' title='bbox 217 1383 314 1465; x_wconf 69' lang='lat' dir='ltr'>llis</span> <span class='ocrx_word' id='word_1_109' title='bbox 347 1383 425 1437; x_wconf 88' lang='lat' dir='ltr'>ita</span> <span class='ocrx_word' id='word_1_110' title='bbox 465 1384 816 1465; x_wconf 77' lang='lat' dir='ltr'>compositis,</span> <span class='ocrx_word' id='word_1_111' title='bbox 850 1402 915 1439; x_wconf 88' lang='lat' dir='ltr'>ea</span> <span class='ocrx_word' id='word_1_112' title='bbox 946 1383 1073 1457; x_wconf 68' lang='lat' dir='ltr'>quas</span> <span class='ocrx_word' id='word_1_113' title='bbox 1106 1393 1297 1443; x_wconf 86' lang='lat' dir='ltr'>mente</span> <span class='ocrx_word' id='word_1_114' title='bbox 1328 1396 1600 1465; x_wconf 79' lang='lat' dir='ltr'>concepta</span> <span class='ocrx_word' id='word_1_115' title='bbox 1629 1390 1843 1465; x_wconf 83' lang='lat' dir='ltr'>signari</span> 
     </span>
    </p>
   </div>
   <div class='ocr_carea' id='block_1_17' title="bbox 144 1454 1841 1527">
    <p class='ocr_par' dir='ltr' id='par_1_17' title="bbox 144 1454 1841 1527">
     <span class='ocr_line' id='line_1_17' title="bbox 144 1454 1841 1527; baseline 0.005 -21"><span class='ocrx_word' id='word_1_116' title='bbox 144 1459 202 1527; x_wconf 85' lang='lat' dir='ltr'>et</span> <span class='ocrx_word' id='word_1_117' title='bbox 228 1454 615 1527; x_wconf 81' lang='lat' dir='ltr'>demonstrari</span> <span class='ocrx_word' id='word_1_118' title='bbox 638 1463 901 1527; x_wconf 79' lang='lat' dir='ltr'>possunt,</span> <span class='ocrx_word' id='word_1_119' title='bbox 936 1454 1271 1527; x_wconf 50' lang='lat' dir='ltr'>a&#39;gressurus</span> <span class='ocrx_word' id='word_1_120' title='bbox 1312 1454 1841 1525; x_wconf 49' lang='lat' dir='ltr'>Aristoteles,&#39;omi-</span> 
     </span>
    </p>
   </div>
   <div class='ocr_carea' id='block_1_18' title="bbox 142 1525 1839 1597">
    <p class='ocr_par' dir='ltr' id='par_1_18' title="bbox 142 1525 1839 1597">
     <span class='ocr_line' id='line_1_18' title="bbox 142 1525 1839 1597; baseline 0.005 -20"><span class='ocrx_word' id='word_1_121' title='bbox 142 1525 217 1578; x_wconf 93' lang='lat' dir='ltr'>sit</span> <span class='ocrx_word' id='word_1_122' title='bbox 242 1526 340 1578; x_wconf 90' lang='lat' dir='ltr'>illa</span> <span class='ocrx_word' id='word_1_123' title='bbox 370 1526 603 1579; x_wconf 86' lang='lat' dir='ltr'>interim</span> <span class='ocrx_word' id='word_1_124' title='bbox 642 1543 769 1596; x_wconf 69' lang='lat' dir='ltr'>qua:</span> <span class='ocrx_word' id='word_1_125' title='bbox 812 1525 894 1580; x_wconf 39' lang='lat' dir='ltr'>de&#39;</span> <span class='ocrx_word' id='word_1_126' title='bbox 920 1525 1221 1583; x_wconf 66' lang='lat' dir='ltr'>verborum</span> <span class='ocrx_word' id='word_1_127' title='bbox 1252 1532 1473 1585; x_wconf 88' lang='lat' dir='ltr'>ratione</span> <span class='ocrx_word' id='word_1_128' title='bbox 1504 1536 1839 1597; x_wconf 87' lang='lat' dir='ltr'>tractantur,</span> 
     </span>
    </p>
   </div>
   <div class='ocr_carea' id='block_1_19' title="bbox 140 1597 1842 1667">
    <p class='ocr_par' dir='ltr' id='par_1_19' title="bbox 140 1597 1842 1667">
     <span class='ocr_line' id='line_1_19' title="bbox 140 1597 1842 1667; baseline 0.005 -18"><span class='ocrx_word' id='word_1_129' title='bbox 140 1611 271 1650; x_wconf 92' lang='lat' dir='ltr'>cum</span> <span class='ocrx_word' id='word_1_130' title='bbox 315 1597 376 1649; x_wconf 90' lang='lat' dir='ltr'>in</span> <span class='ocrx_word' id='word_1_131' title='bbox 418 1597 632 1666; x_wconf 66' lang='lat' dir='ltr'>linguae</span> <span class='ocrx_word' id='word_1_132' title='bbox 682 1614 783 1650; x_wconf 91' lang='lat' dir='ltr'>usu</span> <span class='ocrx_word' id='word_1_133' title='bbox 826 1601 1173 1667; x_wconf 84' lang='lat' dir='ltr'>provenerit,</span> <span class='ocrx_word' id='word_1_134' title='bbox 1218 1606 1281 1655; x_wconf 90' lang='lat' dir='ltr'>ut</span> <span class='ocrx_word' id='word_1_135' title='bbox 1320 1618 1435 1655; x_wconf 88' lang='lat' dir='ltr'>uno</span> <span class='ocrx_word' id='word_1_136' title='bbox 1471 1602 1705 1655; x_wconf 88' lang='lat' dir='ltr'>nomine</span> <span class='ocrx_word' id='word_1_137' title='bbox 1751 1620 1842 1657; x_wconf 89' lang='lat' dir='ltr'>res</span> 
     </span>
    </p>
   </div>
   <div class='ocr_carea' id='block_1_20' title="bbox 138 1668 1841 1743">
    <p class='ocr_par' dir='ltr' id='par_1_20' title="bbox 138 1668 1841 1743">
     <span class='ocr_line' id='line_1_20' title="bbox 138 1668 1841 1743; baseline 0.004 -22"><span class='ocrx_word' id='word_1_138' title='bbox 138 1668 356 1743; x_wconf 77' lang='lat' dir='ltr'>multae,</span> <span class='ocrx_word' id='word_1_139' title='bbox 389 1673 445 1722; x_wconf 88' lang='lat' dir='ltr'>et</span> <span class='ocrx_word' id='word_1_140' title='bbox 476 1668 668 1721; x_wconf 89' lang='lat' dir='ltr'>multis</span> <span class='ocrx_word' id='word_1_141' title='bbox 701 1669 1031 1724; x_wconf 87' lang='lat' dir='ltr'>nominibus</span> <span class='ocrx_word' id='word_1_142' title='bbox 1062 1688 1151 1724; x_wconf 83' lang='lat' dir='ltr'>res</span> <span class='ocrx_word' id='word_1_143' title='bbox 1182 1689 1296 1725; x_wconf 90' lang='lat' dir='ltr'>una</span> <span class='ocrx_word' id='word_1_144' title='bbox 1323 1679 1703 1743; x_wconf 90' lang='lat' dir='ltr'>nuncupetur.</span> <span class='ocrx_word' id='word_1_145' title='bbox 1749 1674 1841 1727; x_wconf 83' lang='lat' dir='ltr'>llis</span> 
     </span>
    </p>
   </div>
   <div class='ocr_carea' id='block_1_21' title="bbox 138 1738 1843 1811">
    <p class='ocr_par' dir='ltr' id='par_1_21' title="bbox 138 1738 1843 1811">
     <span class='ocr_line' id='line_1_21' title="bbox 138 1738 1843 1811; baseline 0.004 -20"><span class='ocrx_word' id='word_1_146' title='bbox 138 1738 312 1811; x_wconf 83' lang='lat' dir='ltr'>rebus</span> <span class='ocrx_word' id='word_1_147' title='bbox 339 1755 477 1811; x_wconf 88' lang='lat' dir='ltr'>quas</span> <span class='ocrx_word' id='word_1_148' title='bbox 516 1755 699 1811; x_wconf 89' lang='lat' dir='ltr'>unum</span> <span class='ocrx_word' id='word_1_149' title='bbox 729 1756 941 1811; x_wconf 89' lang='lat' dir='ltr'>nomen</span> <span class='ocrx_word' id='word_1_150' title='bbox 972 1743 1389 1811; x_wconf 87' lang='lat' dir='ltr'>complectitur,</span> <span class='ocrx_word' id='word_1_151' title='bbox 1423 1738 1537 1797; x_wconf 76' lang='lat' dir='ltr'>duo</span> <span class='ocrx_word' id='word_1_152' title='bbox 1568 1744 1843 1798; x_wconf 86' lang='lat' dir='ltr'>vocabula</span> 
     </span>
    </p>
   </div>
   <div class='ocr_carea' id='block_1_22' title="bbox 138 1810 1843 1885">
    <p class='ocr_par' dir='ltr' id='par_1_22' title="bbox 138 1810 1843 1885">
     <span class='ocr_line' id='line_1_22' title="bbox 138 1810 1843 1885; baseline 0.004 -23"><span class='ocrx_word' id='word_1_153' title='bbox 138 1824 232 1862; x_wconf 86' lang='lat' dir='ltr'>ars</span> <span class='ocrx_word' id='word_1_154' title='bbox 262 1810 525 1885; x_wconf 24' lang='lat' dir='ltr'>dedittut</span> <span class='ocrx_word' id='word_1_155' title='bbox 574 1826 642 1863; x_wconf 80' lang='lat' dir='ltr'>ex</span> <span class='ocrx_word' id='word_1_156' title='bbox 690 1810 779 1862; x_wconf 91' lang='lat' dir='ltr'>his</span> <span class='ocrx_word' id='word_1_157' title='bbox 820 1812 931 1864; x_wconf 90' lang='lat' dir='ltr'>alia</span> <span class='ocrx_word' id='word_1_158' title='bbox 965 1810 1335 1883; x_wconf 81' lang='lat' dir='ltr'>homonyma,</span> <span class='ocrx_word' id='word_1_159' title='bbox 1376 1810 1495 1885; x_wconf 87' lang='lat' dir='ltr'>alia</span> <span class='ocrx_word' id='word_1_160' title='bbox 1528 1831 1843 1885; x_wconf 76' lang='lat' dir='ltr'>synonyma</span> 
     </span>
    </p>
   </div>
   <div class='ocr_carea' id='block_1_23' title="bbox 138 1882 1841 1964">
    <p class='ocr_par' dir='ltr' id='par_1_23' title="bbox 138 1882 1841 1964">
     <span class='ocr_line' id='line_1_23' title="bbox 138 1882 1841 1964; baseline 0.004 -31"><span class='ocrx_word' id='word_1_161' title='bbox 138 1886 383 1934; x_wconf 79' lang='lat' dir='ltr'>vocaret.</span> <span class='ocrx_word' id='word_1_162' title='bbox 436 1882 987 1961; x_wconf 64' lang='lat' dir='ltr'>Homonymasunt,</span> <span class='ocrx_word' id='word_1_163' title='bbox 1039 1882 1197 1963; x_wconf 13' lang='lat' dir='ltr'>cum,</span> <span class='ocrx_word' id='word_1_164' title='bbox 1230 1901 1320 1937; x_wconf 90' lang='lat' dir='ltr'>res</span> <span class='ocrx_word' id='word_1_165' title='bbox 1366 1882 1598 1964; x_wconf 78' lang='lat' dir='ltr'>quidem</span> <span class='ocrx_word' id='word_1_166' title='bbox 1650 1882 1841 1964; x_wconf 73' lang='lat' dir='ltr'>plures</span> 
     </span>
    </p>
   </div>
   <div class='ocr_carea' id='block_1_24' title="bbox 136 1952 1839 2027">
    <p class='ocr_par' dir='ltr' id='par_1_24' title="bbox 136 1952 1839 2027">
     <span class='ocr_line' id='line_1_24' title="bbox 136 1952 1839 2027; baseline 0.004 -23"><span class='ocrx_word' id='word_1_167' title='bbox 136 1966 445 2027; x_wconf 65' lang='lat' dir='ltr'>commune</span> <span class='ocrx_word' id='word_1_168' title='bbox 468 1968 677 2005; x_wconf 88' lang='lat' dir='ltr'>nomen</span> <span class='ocrx_word' id='word_1_169' title='bbox 701 1952 1008 2027; x_wconf 87' lang='lat' dir='ltr'>accipiunt,</span> <span class='ocrx_word' id='word_1_170' title='bbox 1035 1952 1506 2027; x_wconf 76' lang='lat' dir='ltr'>interpretatione</span> <span class='ocrx_word' id='word_1_171' title='bbox 1528 1952 1665 2009; x_wconf 80' lang='lat' dir='ltr'>vero</span> <span class='ocrx_word' id='word_1_172' title='bbox 1690 1956 1839 2027; x_wconf 86' lang='lat' dir='ltr'>ejus-</span> 
     </span>
    </p>
   </div>
   <div class='ocr_carea' id='block_1_25' title="bbox 140 2022 1841 2095">
    <p class='ocr_par' dir='ltr' id='par_1_25' title="bbox 140 2022 1841 2095">
     <span class='ocr_line' id='line_1_25' title="bbox 140 2022 1841 2095; baseline 0.004 -20"><span class='ocrx_word' id='word_1_173' title='bbox 140 2022 270 2076; x_wconf 88' lang='lat' dir='ltr'>dem</span> <span class='ocrx_word' id='word_1_174' title='bbox 302 2024 383 2075; x_wconf 90' lang='lat' dir='ltr'>rei</span> <span class='ocrx_word' id='word_1_175' title='bbox 414 2028 771 2095; x_wconf 85' lang='lat' dir='ltr'>separantur,</span> <span class='ocrx_word' id='word_1_176' title='bbox 803 2028 864 2076; x_wconf 90' lang='lat' dir='ltr'>ut</span> <span class='ocrx_word' id='word_1_177' title='bbox 892 2024 1066 2077; x_wconf 90' lang='lat' dir='ltr'>homo</span> <span class='ocrx_word' id='word_1_178' title='bbox 1095 2022 1279 2094; x_wconf 82' lang='lat' dir='ltr'>pictus</span> <span class='ocrx_word' id='word_1_179' title='bbox 1324 2032 1379 2079; x_wconf 89' lang='lat' dir='ltr'>et</span> <span class='ocrx_word' id='word_1_180' title='bbox 1417 2042 1603 2080; x_wconf 88' lang='lat' dir='ltr'>verus.</span> <span class='ocrx_word' id='word_1_181' title='bbox 1642 2022 1841 2081; x_wconf 49' lang='lat' dir='ltr'>ln&#39;hoc</span> 
     </span>
    </p>
   </div>
   <div class='ocr_carea' id='block_1_26' title="bbox 135 2094 1839 2163">
    <p class='ocr_par' dir='ltr' id='par_1_26' title="bbox 135 2094 1839 2163">
     <span class='ocr_line' id='line_1_26' title="bbox 135 2094 1839 2163; baseline 0.005 -18"><span class='ocrx_word' id='word_1_182' title='bbox 135 2108 390 2163; x_wconf 84' lang='lat' dir='ltr'>namque</span> <span class='ocrx_word' id='word_1_183' title='bbox 421 2094 575 2148; x_wconf 89' lang='lat' dir='ltr'>idem</span> <span class='ocrx_word' id='word_1_184' title='bbox 622 2110 833 2147; x_wconf 88' lang='lat' dir='ltr'>nomen</span> <span class='ocrx_word' id='word_1_185' title='bbox 874 2099 994 2148; x_wconf 90' lang='lat' dir='ltr'>est:</span> <span class='ocrx_word' id='word_1_186' title='bbox 1028 2112 1226 2149; x_wconf 84' lang='lat' dir='ltr'>verum</span> <span class='ocrx_word' id='word_1_187' title='bbox 1269 2096 1315 2149; x_wconf 90' lang='lat' dir='ltr'>si</span> <span class='ocrx_word' id='word_1_188' title='bbox 1345 2097 1415 2150; x_wconf 90' lang='lat' dir='ltr'>ad</span> <span class='ocrx_word' id='word_1_189' title='bbox 1446 2097 1839 2153; x_wconf 79' lang='lat' dir='ltr'>definitionem</span> 
     </span>
    </p>
   </div>
   <div class='ocr_carea' id='block_1_27' title="bbox 133 2165 1840 2235">
    <p class='ocr_par' dir='ltr' id='par_1_27' title="bbox 133 2165 1840 2235">
     <span class='ocr_line' id='line_1_27' title="bbox 133 2165 1840 2235; baseline 0.004 -18"><span class='ocrx_word' id='word_1_190' title='bbox 133 2165 226 2235; x_wconf 71' lang='lat' dir='ltr'>vel</span> <span class='ocrx_word' id='word_1_191' title='bbox 258 2165 329 2218; x_wconf 91' lang='lat' dir='ltr'>ad</span> <span class='ocrx_word' id='word_1_192' title='bbox 369 2165 903 2235; x_wconf 87' lang='lat' dir='ltr'>interpretationem</span> <span class='ocrx_word' id='word_1_193' title='bbox 936 2166 1186 2220; x_wconf 88' lang='lat' dir='ltr'>hominis</span> <span class='ocrx_word' id='word_1_194' title='bbox 1220 2168 1440 2235; x_wconf 88' lang='lat' dir='ltr'>redeas,</span> <span class='ocrx_word' id='word_1_195' title='bbox 1468 2168 1840 2223; x_wconf 85' lang='lat' dir='ltr'>inveniuntur</span> 
     </span>
    </p>
   </div>
   <div class='ocr_carea' id='block_1_28' title="bbox 131 2234 1840 2306">
    <p class='ocr_par' dir='ltr' id='par_1_28' title="bbox 131 2234 1840 2306">
     <span class='ocr_line' id='line_1_28' title="bbox 131 2234 1840 2306; baseline 0.004 -19"><span class='ocrx_word' id='word_1_196' title='bbox 131 2234 245 2288; x_wconf 89' lang='lat' dir='ltr'>ista</span> <span class='ocrx_word' id='word_1_197' title='bbox 274 2234 543 2305; x_wconf 80' lang='lat' dir='ltr'>disparia.</span> <span class='ocrx_word' id='word_1_198' title='bbox 580 2239 719 2291; x_wconf 90' lang='lat' dir='ltr'>Cum</span> <span class='ocrx_word' id='word_1_199' title='bbox 749 2235 901 2288; x_wconf 91' lang='lat' dir='ltr'>enim</span> <span class='ocrx_word' id='word_1_200' title='bbox 926 2236 1155 2306; x_wconf 83' lang='lat' dir='ltr'>dixeris,</span> <span class='ocrx_word' id='word_1_201' title='bbox 1181 2254 1379 2292; x_wconf 89' lang='lat' dir='ltr'>verum</span> <span class='ocrx_word' id='word_1_202' title='bbox 1400 2238 1695 2293; x_wconf 90' lang='lat' dir='ltr'>hominem</span> <span class='ocrx_word' id='word_1_203' title='bbox 1720 2240 1840 2295; x_wconf 82' lang='lat' dir='ltr'>ani—</span> 
     </span>
    </p>
   </div>
   <div class='ocr_carea' id='block_1_29' title="bbox 134 2307 1837 2379">
    <p class='ocr_par' dir='ltr' id='par_1_29' title="bbox 134 2307 1837 2379">
     <span class='ocr_line' id='line_1_29' title="bbox 134 2307 1837 2379; baseline 0.004 -20"><span class='ocrx_word' id='word_1_204' title='bbox 134 2307 252 2359; x_wconf 89' lang='lat' dir='ltr'>mal</span> <span class='ocrx_word' id='word_1_205' title='bbox 283 2323 403 2379; x_wconf 81' lang='lat' dir='ltr'>esse</span> <span class='ocrx_word' id='word_1_206' title='bbox 435 2307 599 2379; x_wconf 88' lang='lat' dir='ltr'>quod</span> <span class='ocrx_word' id='word_1_207' title='bbox 626 2307 799 2379; x_wconf 88' lang='lat' dir='ltr'>risum</span> <span class='ocrx_word' id='word_1_208' title='bbox 833 2308 1019 2377; x_wconf 86' lang='lat' dir='ltr'>capiat</span> <span class='ocrx_word' id='word_1_209' title='bbox 1040 2314 1095 2361; x_wconf 90' lang='lat' dir='ltr'>et</span> <span class='ocrx_word' id='word_1_210' title='bbox 1122 2309 1236 2362; x_wconf 89' lang='lat' dir='ltr'>vim</span> <span class='ocrx_word' id='word_1_211' title='bbox 1268 2309 1505 2363; x_wconf 86' lang='lat' dir='ltr'>rationis</span> <span class='ocrx_word' id='word_1_212' title='bbox 1532 2311 1797 2365; x_wconf 86' lang='lat' dir='ltr'>admittat</span> <span class='ocrx_word' id='word_1_213' title='bbox 1822 2329 1837 2379; x_wconf 89' lang='lat'><strong>;</strong></span> 
     </span>
    </p>
   </div>
   <div class='ocr_carea' id='block_1_30' title="bbox 133 2377 1838 2449">
    <p class='ocr_par' dir='ltr' id='par_1_30' title="bbox 133 2377 1838 2449">
     <span class='ocr_line' id='line_1_30' title="bbox 133 2377 1838 2449; baseline 0.003 -19"><span class='ocrx_word' id='word_1_214' title='bbox 133 2392 267 2449; x_wconf 87' lang='lat' dir='ltr'>cum</span> <span class='ocrx_word' id='word_1_215' title='bbox 300 2377 368 2430; x_wconf 92' lang='lat' dir='ltr'>de</span> <span class='ocrx_word' id='word_1_216' title='bbox 403 2378 555 2447; x_wconf 89' lang='lat' dir='ltr'>picto</span> <span class='ocrx_word' id='word_1_217' title='bbox 588 2377 738 2431; x_wconf 89' lang='lat' dir='ltr'>idem</span> <span class='ocrx_word' id='word_1_218' title='bbox 784 2395 898 2431; x_wconf 83' lang='lat' dir='ltr'>non</span> <span class='ocrx_word' id='word_1_219' title='bbox 937 2379 1118 2449; x_wconf 90' lang='lat' dir='ltr'>possis</span> <span class='ocrx_word' id='word_1_220' title='bbox 1151 2380 1357 2449; x_wconf 89' lang='lat' dir='ltr'>dicere,</span> <span class='ocrx_word' id='word_1_221' title='bbox 1393 2382 1711 2435; x_wconf 90' lang='lat' dir='ltr'>necessario</span> <span class='ocrx_word' id='word_1_222' title='bbox 1742 2377 1838 2435; x_wconf 41' lang='lat' dir='ltr'>in-&#39;</span> 
     </span>
    </p>
   </div>
   <div class='ocr_carea' id='block_1_31' title="bbox 132 2448 1837 2522">
    <p class='ocr_par' dir='ltr' id='par_1_31' title="bbox 132 2448 1837 2522">
     <span class='ocr_line' id='line_1_31' title="bbox 132 2448 1837 2522; baseline 0.004 -23"><span class='ocrx_word' id='word_1_223' title='bbox 132 2448 448 2522; x_wconf 65' lang='lat' dir='ltr'>veniuntur</span> <span class='ocrx_word' id='word_1_224' title='bbox 479 2464 597 2501; x_wconf 90' lang='lat' dir='ltr'>esse</span> <span class='ocrx_word' id='word_1_225' title='bbox 632 2449 909 2522; x_wconf 52' lang='lat' dir='ltr'>disparia,</span> <span class='ocrx_word' id='word_1_226' title='bbox 946 2448 1314 2522; x_wconf 76' lang='lat' dir='ltr'>Regulariter</span> <span class='ocrx_word' id='word_1_227' title='bbox 1346 2448 1548 2505; x_wconf 87' lang='lat' dir='ltr'>autem</span> <span class='ocrx_word' id='word_1_228' title='bbox 1582 2452 1837 2522; x_wconf 88' lang='lat' dir='ltr'>accipere</span> 
     </span>
    </p>
   </div>
   <div class='ocr_carea' id='block_1_32' title="bbox 132 2518 1836 2593">
    <p class='ocr_par' dir='ltr' id='par_1_32' title="bbox 132 2518 1836 2593">
     <span class='ocr_line' id='line_1_32' title="bbox 132 2518 1836 2593; baseline 0.004 -23"><span class='ocrx_word' id='word_1_229' title='bbox 132 2518 429 2583; x_wconf 87' lang='lat' dir='ltr'>debemus,</span> <span class='ocrx_word' id='word_1_230' title='bbox 458 2535 626 2571; x_wconf 87' lang='lat' dir='ltr'>omne</span> <span class='ocrx_word' id='word_1_231' title='bbox 644 2518 852 2593; x_wconf 85' lang='lat' dir='ltr'>nomen</span> <span class='ocrx_word' id='word_1_232' title='bbox 868 2520 998 2593; x_wconf 88' lang='lat' dir='ltr'>licet</span> <span class='ocrx_word' id='word_1_233' title='bbox 1011 2518 1327 2590; x_wconf 78' lang='lat' dir='ltr'>preprium,</span> <span class='ocrx_word' id='word_1_234' title='bbox 1346 2522 1496 2592; x_wconf 93' lang='lat' dir='ltr'>quod</span> <span class='ocrx_word' id='word_1_235' title='bbox 1516 2518 1836 2593; x_wconf 42' lang='lat' dir='ltr'>possit-esse</span> 
     </span>
    </p>
   </div>
   <div class='ocr_carea' id='block_1_33' title="bbox 132 2591 1832 2662">
    <p class='ocr_par' dir='ltr' id='par_1_33' title="bbox 132 2591 1832 2662">
     <span class='ocr_line' id='line_1_33' title="bbox 132 2591 1832 2662; baseline 0.004 -20"><span class='ocrx_word' id='word_1_236' title='bbox 132 2604 443 2642; x_wconf 90' lang='lat' dir='ltr'>commune</span> <span class='ocrx_word' id='word_1_237' title='bbox 464 2606 593 2662; x_wconf 88' lang='lat' dir='ltr'>cum</span> <span class='ocrx_word' id='word_1_238' title='bbox 614 2591 853 2654; x_wconf 64' lang='lat' dir='ltr'>caeteris,</span> <span class='ocrx_word' id='word_1_239' title='bbox 882 2592 1271 2662; x_wconf 85' lang='lat' dir='ltr'>homonymon</span> <span class='ocrx_word' id='word_1_240' title='bbox 1295 2591 1481 2646; x_wconf 80' lang='lat' dir='ltr'>voeari</span> <span class='ocrx_word' id='word_1_241' title='bbox 1498 2591 1598 2659; x_wconf 56' lang='lat' dir='ltr'>{ut</span> <span class='ocrx_word' id='word_1_242' title='bbox 1618 2594 1832 2662; x_wconf 89' lang='lat' dir='ltr'>Cicero,</span> 
     </span>
    </p>
   </div>
   <div class='ocr_carea' id='block_1_34' title="bbox 132 2661 1835 2735">
    <p class='ocr_par' dir='ltr' id='par_1_34' title="bbox 132 2661 1835 2735">
     <span class='ocr_line' id='line_1_34' title="bbox 132 2661 1835 2735; baseline 0.004 -23"><span class='ocrx_word' id='word_1_243' title='bbox 132 2676 251 2735; x_wconf 78' lang='lat' dir='ltr'>non</span> <span class='ocrx_word' id='word_1_244' title='bbox 282 2676 451 2735; x_wconf 75' lang='lat' dir='ltr'>unus,</span> <span class='ocrx_word' id='word_1_245' title='bbox 493 2661 589 2713; x_wconf 91' lang='lat' dir='ltr'>sed</span> <span class='ocrx_word' id='word_1_246' title='bbox 621 2661 1339 2735; x_wconf 14' lang='lat' dir='ltr'>plures.__Sedosi:omisso</span> <span class='ocrx_word' id='word_1_247' title='bbox 1390 2664 1621 2717; x_wconf 89' lang='lat' dir='ltr'>nomine</span> <span class='ocrx_word' id='word_1_248' title='bbox 1658 2665 1835 2735; x_wconf 82' lang='lat' dir='ltr'>signis</span> 
     </span>
    </p>
   </div>
   <div class='ocr_carea' id='block_1_35' title="bbox 131 2730 1832 2805">
    <p class='ocr_par' dir='ltr' id='par_1_35' title="bbox 131 2730 1832 2805">
     <span class='ocr_line' id='line_1_35' title="bbox 131 2730 1832 2805; baseline 0.004 -22"><span class='ocrx_word' id='word_1_249' title='bbox 131 2730 325 2805; x_wconf 84' lang='lat' dir='ltr'>potius</span> <span class='ocrx_word' id='word_1_250' title='bbox 347 2732 733 2805; x_wconf 79' lang='lat' dir='ltr'>demonstrare</span> <span class='ocrx_word' id='word_1_251' title='bbox 755 2731 1139 2805; x_wconf 76' lang='lat' dir='ltr'>velisquissit</span> <span class='ocrx_word' id='word_1_252' title='bbox 1162 2734 1256 2787; x_wconf 91' lang='lat' dir='ltr'>ille</span> <span class='ocrx_word' id='word_1_253' title='bbox 1279 2735 1496 2799; x_wconf 88' lang='lat' dir='ltr'>Cicero,</span> <span class='ocrx_word' id='word_1_254' title='bbox 1520 2735 1646 2805; x_wconf 88' lang='lat' dir='ltr'>quis</span> <span class='ocrx_word' id='word_1_255' title='bbox 1667 2730 1832 2802; x_wconf 77' lang='lat' dir='ltr'>alius,</span> 
     </span>
    </p>
   </div>
   <div class='ocr_carea' id='block_1_36' title="bbox 134 2801 1837 2872">
    <p class='ocr_par' dir='ltr' id='par_1_36' title="bbox 134 2801 1837 2872">
     <span class='ocr_line' id='line_1_36' title="bbox 134 2801 1837 2872; baseline 0.004 -19"><span class='ocrx_word' id='word_1_256' title='bbox 134 2801 267 2871; x_wconf 87' lang='lat' dir='ltr'>quis</span> <span class='ocrx_word' id='word_1_257' title='bbox 314 2802 547 2867; x_wconf 90' lang='lat' dir='ltr'>tertius;</span> <span class='ocrx_word' id='word_1_258' title='bbox 598 2803 708 2855; x_wconf 90' lang='lat' dir='ltr'>alia</span> <span class='ocrx_word' id='word_1_259' title='bbox 755 2803 823 2856; x_wconf 91' lang='lat' dir='ltr'>de</span> <span class='ocrx_word' id='word_1_260' title='bbox 867 2801 979 2855; x_wconf 79' lang='lat' dir='ltr'>alia</span> <span class='ocrx_word' id='word_1_261' title='bbox 1022 2804 1186 2872; x_wconf 89' lang='lat' dir='ltr'>signa</span> <span class='ocrx_word' id='word_1_262' title='bbox 1241 2801 1722 2871; x_wconf 53' lang='lat' dir='ltr'>narranda&#39;sunt,</span> <span class='ocrx_word' id='word_1_263' title='bbox 1774 2801 1837 2860; x_wconf 88' lang='lat' dir='ltr'>ut</span> 
     </span>
    </p>
   </div>
   <div class='ocr_carea' id='block_1_37' title="bbox 133 2872 1832 2946">
    <p class='ocr_par' dir='ltr' id='par_1_37' title="bbox 133 2872 1832 2946">
     <span class='ocr_line' id='line_1_37' title="bbox 133 2872 1832 2946; baseline 0.004 -22"><span class='ocrx_word' id='word_1_264' title='bbox 133 2872 596 2946; x_wconf 31' lang='lat' dir='ltr'>alium‘crassum</span> <span class='ocrx_word' id='word_1_265' title='bbox 626 2873 797 2946; x_wconf 80' lang='lat' dir='ltr'>dicas,</span> <span class='ocrx_word' id='word_1_266' title='bbox 830 2874 1303 2946; x_wconf 72' lang='lat' dir='ltr'>aliumtenuem;</span> <span class='ocrx_word' id='word_1_267' title='bbox 1336 2876 1423 2928; x_wconf 91' lang='lat' dir='ltr'>vel</span> <span class='ocrx_word' id='word_1_268' title='bbox 1448 2875 1651 2946; x_wconf 89' lang='lat' dir='ltr'>longus</span> <span class='ocrx_word' id='word_1_269' title='bbox 1678 2877 1832 2930; x_wconf 92' lang='lat' dir='ltr'>dica-</span> 
     </span>
    </p>
   </div>
   <div class='ocr_carea' id='block_1_38' title="bbox 132 2943 1831 3016">
    <p class='ocr_par' dir='ltr' id='par_1_38' title="bbox 132 2943 1831 3016">
     <span class='ocr_line' id='line_1_38' title="bbox 132 2943 1831 3016; baseline 0.002 -19"><span class='ocrx_word' id='word_1_270' title='bbox 132 2947 231 2997; x_wconf 87' lang='lat' dir='ltr'>tur</span> <span class='ocrx_word' id='word_1_271' title='bbox 264 2943 424 3006; x_wconf 87' lang='lat' dir='ltr'>alius,</span> <span class='ocrx_word' id='word_1_272' title='bbox 459 2946 602 3016; x_wconf 87' lang='lat' dir='ltr'>alter</span> <span class='ocrx_word' id='word_1_273' title='bbox 640 2944 826 2997; x_wconf 90' lang='lat' dir='ltr'>brevis</span> <span class='ocrx_word' id='word_1_274' title='bbox 852 2944 1139 3016; x_wconf 89' lang='lat' dir='ltr'>;_candido</span> <span class='ocrx_word' id='word_1_275' title='bbox 1171 2947 1357 2999; x_wconf 80' lang='lat' dir='ltr'>colore</span> <span class='ocrx_word' id='word_1_276' title='bbox 1391 2945 1536 3016; x_wconf 90' lang='lat' dir='ltr'>quis,</span> <span class='ocrx_word' id='word_1_277' title='bbox 1554 2943 1713 3000; x_wconf 67' lang='lat' dir='ltr'>alter</span> <span class='ocrx_word' id='word_1_278' title='bbox 1742 2947 1831 3001; x_wconf 90' lang='lat' dir='ltr'>ni-</span> 
     </span>
    </p>
   </div>
   <div class='ocr_carea' id='block_1_39' title="bbox 132 3014 1831 3086">
    <p class='ocr_par' dir='ltr' id='par_1_39' title="bbox 132 3014 1831 3086">
     <span class='ocr_line' id='line_1_39' title="bbox 132 3014 1831 3086; baseline 0.005 -21"><span class='ocrx_word' id='word_1_279' title='bbox 132 3030 260 3086; x_wconf 87' lang='lat' dir='ltr'>gro.</span> <span class='ocrx_word' id='word_1_280' title='bbox 316 3016 444 3068; x_wconf 63' lang='lat' dir='ltr'>Haec</span> <span class='ocrx_word' id='word_1_281' title='bbox 489 3015 669 3084; x_wconf 84' lang='lat' dir='ltr'>igitur</span> <span class='ocrx_word' id='word_1_282' title='bbox 708 3014 982 3084; x_wconf 88' lang='lat' dir='ltr'>quoniam</span> <span class='ocrx_word' id='word_1_283' title='bbox 1031 3015 1178 3069; x_wconf 88' lang='lat' dir='ltr'>inter</span> <span class='ocrx_word' id='word_1_284' title='bbox 1226 3032 1283 3071; x_wconf 88' lang='lat' dir='ltr'>se</span> <span class='ocrx_word' id='word_1_285' title='bbox 1323 3014 1663 3086; x_wconf 77' lang='lat' dir='ltr'>discrepant,</span> <span class='ocrx_word' id='word_1_286' title='bbox 1711 3019 1831 3073; x_wconf 91' lang='lat' dir='ltr'>solo</span> 
     </span>
    </p>
   </div>
   <div class='ocr_carea' id='block_1_40' title="bbox 133 3084 1829 3159">
    <p class='ocr_par' dir='ltr' id='par_1_40' title="bbox 133 3084 1829 3159">
     <span class='ocr_line' id='line_1_40' title="bbox 133 3084 1829 3159; baseline 0.004 -22"><span class='ocrx_word' id='word_1_287' title='bbox 133 3084 352 3159; x_wconf 79' lang='lat' dir='ltr'>sociata</span> <span class='ocrx_word' id='word_1_288' title='bbox 374 3086 624 3159; x_wconf 87' lang='lat' dir='ltr'>nomine,</span> <span class='ocrx_word' id='word_1_289' title='bbox 658 3086 1003 3159; x_wconf 86' lang='lat' dir='ltr'>homonyma</span> <span class='ocrx_word' id='word_1_290' title='bbox 1034 3086 1183 3159; x_wconf 83' lang='lat' dir='ltr'>dicta</span> <span class='ocrx_word' id='word_1_291' title='bbox 1215 3094 1368 3152; x_wconf 89' lang='lat' dir='ltr'>sunt,</span> <span class='ocrx_word' id='word_1_292' title='bbox 1400 3084 1671 3142; x_wconf 76' lang='lat' dir='ltr'>vocabulo</span> <span class='ocrx_word' id='word_1_293' title='bbox 1689 3089 1829 3159; x_wconf 88' lang='lat' dir='ltr'>jun-</span> 
     </span>
    </p>
   </div>
   <div class='ocr_carea' id='block_1_41' title="bbox 130 3156 1828 3229">
    <p class='ocr_par' dir='ltr' id='par_1_41' title="bbox 130 3156 1828 3229">
     <span class='ocr_line' id='line_1_41' title="bbox 130 3156 1828 3229; baseline 0.002 -19"><span class='ocrx_word' id='word_1_294' title='bbox 130 3159 243 3221; x_wconf 90' lang='lat' dir='ltr'>cta,</span> <span class='ocrx_word' id='word_1_295' title='bbox 274 3156 356 3208; x_wconf 90' lang='lat' dir='ltr'>rei</span> <span class='ocrx_word' id='word_1_296' title='bbox 378 3156 849 3229; x_wconf 82' lang='lat' dir='ltr'>interpretatione</span> <span class='ocrx_word' id='word_1_297' title='bbox 872 3158 1131 3229; x_wconf 89' lang='lat' dir='ltr'>discreta.</span> <span class='ocrx_word' id='word_1_298' title='bbox 1166 3158 1491 3229; x_wconf 81' lang='lat' dir='ltr'>Synonyma</span> <span class='ocrx_word' id='word_1_299' title='bbox 1512 3176 1644 3213; x_wconf 90' lang='lat' dir='ltr'>vero</span> <span class='ocrx_word' id='word_1_300' title='bbox 1677 3156 1828 3226; x_wconf 80' lang='lat' dir='ltr'>sunt,</span> 
     </span>
    </p>
   </div>
   <div class='ocr_carea' id='block_1_42' title="bbox 130 3228 1831 3300">
    <p class='ocr_par' dir='ltr' id='par_1_42' title="bbox 130 3228 1831 3300">
     <span class='ocr_line' id='line_1_42' title="bbox 130 3228 1831 3300; baseline 0.003 -21"><span class='ocrx_word' id='word_1_301' title='bbox 130 3242 225 3279; x_wconf 88' lang='lat' dir='ltr'>res</span> <span class='ocrx_word' id='word_1_302' title='bbox 244 3243 369 3300; x_wconf 75' lang='lat' dir='ltr'>quae</span> <span class='ocrx_word' id='word_1_303' title='bbox 392 3228 786 3300; x_wconf 87' lang='lat' dir='ltr'>etnomineet</span> <span class='ocrx_word' id='word_1_304' title='bbox 804 3228 890 3300; x_wconf 89' lang='lat' dir='ltr'>sui</span> <span class='ocrx_word' id='word_1_305' title='bbox 912 3228 1380 3298; x_wconf 84' lang='lat' dir='ltr'>interpretatione</span> <span class='ocrx_word' id='word_1_306' title='bbox 1397 3232 1740 3300; x_wconf 87' lang='lat' dir='ltr'>junguntur,</span> <span class='ocrx_word' id='word_1_307' title='bbox 1768 3236 1831 3285; x_wconf 91' lang='lat' dir='ltr'>ut</span> 
     </span>
    </p>
   </div>
   <div class='ocr_carea' id='block_1_43' title="bbox 131 3298 1829 3372">
    <p class='ocr_par' dir='ltr' id='par_1_43' title="bbox 131 3298 1829 3372">
     <span class='ocr_line' id='line_1_43' title="bbox 131 3298 1829 3372; baseline 0.002 -21"><span class='ocrx_word' id='word_1_308' title='bbox 131 3298 506 3372; x_wconf 81' lang='lat' dir='ltr'>est_anirnal:</span> <span class='ocrx_word' id='word_1_309' title='bbox 543 3299 789 3372; x_wconf 82' lang='lat' dir='ltr'>idenim</span> <span class='ocrx_word' id='word_1_310' title='bbox 824 3299 891 3352; x_wconf 92' lang='lat' dir='ltr'>de</span> <span class='ocrx_word' id='word_1_311' title='bbox 938 3301 1189 3372; x_wconf 87' lang='lat' dir='ltr'>homine,</span> <span class='ocrx_word' id='word_1_312' title='bbox 1224 3306 1279 3353; x_wconf 92' lang='lat' dir='ltr'>et</span> <span class='ocrx_word' id='word_1_313' title='bbox 1308 3298 1475 3372; x_wconf 83' lang='lat' dir='ltr'>equo,</span> <span class='ocrx_word' id='word_1_314' title='bbox 1510 3298 1564 3355; x_wconf 84' lang='lat' dir='ltr'>et</span> <span class='ocrx_word' id='word_1_315' title='bbox 1591 3302 1659 3356; x_wconf 90' lang='lat' dir='ltr'>de</span> <span class='ocrx_word' id='word_1_316' title='bbox 1689 3302 1829 3372; x_wconf 88' lang='lat' dir='ltr'>fera,</span> 
     </span>
    </p>
   </div>
   <div class='ocr_carea' id='block_1_44' title="bbox 130 3368 1826 3497">
    <p class='ocr_par' dir='ltr' id='par_1_44' title="bbox 130 3368 1826 3497">
     <span class='ocr_line' id='line_1_44' title="bbox 130 3368 1826 3497; baseline 0.004 -76"><span class='ocrx_word' id='word_1_317' title='bbox 130 3373 191 3421; x_wconf 90' lang='lat' dir='ltr'>et</span> <span class='ocrx_word' id='word_1_318' title='bbox 217 3368 284 3421; x_wconf 90' lang='lat' dir='ltr'>de</span> <span class='ocrx_word' id='word_1_319' title='bbox 306 3370 503 3422; x_wconf 83' lang='lat' dir='ltr'>avibus</span> <span class='ocrx_word' id='word_1_320' title='bbox 526 3370 635 3422; x_wconf 90' lang='lat' dir='ltr'>dici</span> <span class='ocrx_word' id='word_1_321' title='bbox 654 3374 858 3437; x_wconf 86' lang='lat' dir='ltr'>potest.</span> <span class='ocrx_word' id='word_1_322' title='bbox 880 3370 1104 3423; x_wconf 84' lang='lat' dir='ltr'>Animal</span> <span class='ocrx_word' id='word_1_323' title='bbox 1126 3376 1209 3425; x_wconf 91' lang='lat' dir='ltr'>est</span> <span class='ocrx_word' id='word_1_324' title='bbox 1230 3368 1381 3441; x_wconf 82' lang='lat' dir='ltr'>quod</span> <span class='ocrx_word' id='word_1_325' title='bbox 1405 3373 1598 3425; x_wconf 91' lang='lat' dir='ltr'>cibum</span> <span class='ocrx_word' id='word_1_326' title='bbox 1621 3368 1826 3497; x_wconf 51' lang='lat' dir='ltr'>ca‘piat,</span> 
     </span>
     <span class='ocr_line' id='line_1_45' title="bbox 130 3440 1826 3497; baseline 0.004 -7"><span class='ocrx_word' id='word_1_327' title='bbox 130 3440 287 3497; x_wconf 82' lang='lat' dir='ltr'>quod</span> <span class='ocrx_word' id='word_1_328' title='bbox 318 3440 557 3493; x_wconf 86' lang='lat' dir='ltr'>mortale</span> <span class='ocrx_word' id='word_1_329' title='bbox 589 3440 680 3497; x_wconf 85' lang='lat' dir='ltr'>sit.</span> <span class='ocrx_word' id='word_1_330' title='bbox 716 3441 865 3497; x_wconf 77' lang='lat' dir='ltr'>quod</span> <span class='ocrx_word' id='word_1_331' title='bbox 895 3458 1065 3493; x_wconf 88' lang='lat' dir='ltr'>sensu</span> <span class='ocrx_word' id='word_1_332' title='bbox 1096 3447 1406 3496; x_wconf 81' lang='lat' dir='ltr'>moveatur.</span> <span class='ocrx_word' id='word_1_333' title='bbox 1444 3444 1605 3497; x_wconf 78' lang='lat' dir='ltr'>Nunc</span> <span class='ocrx_word' id='word_1_334' title='bbox 1636 3462 1665 3496; x_wconf 93' lang='lat' dir='ltr'>a</span> <span class='ocrx_word' id='word_1_335' title='bbox 1736 3462 1826 3497; x_wconf 90' lang='lat' dir='ltr'>eas</span> 
     </span>
    </p>
   </div>
   <div class='ocr_carea' id='block_1_45' title="bbox 130 3440 1829 3509">
    <p class='ocr_par' dir='ltr' id='par_1_45' title="bbox 130 3440 1829 3509">
     <span class='ocr_line' id='line_1_46' title="bbox 130 3440 1829 3509; baseline 0.004 -19"><span class='ocrx_word' id='word_1_336' title='bbox 130 3440 287 3509; x_wconf 92' lang='lat' dir='ltr'>quod</span> <span class='ocrx_word' id='word_1_337' title='bbox 318 3440 557 3493; x_wconf 86' lang='lat' dir='ltr'>mortale</span> <span class='ocrx_word' id='word_1_338' title='bbox 589 3440 680 3503; x_wconf 90' lang='lat' dir='ltr'>sit,</span> <span class='ocrx_word' id='word_1_339' title='bbox 716 3441 865 3509; x_wconf 91' lang='lat' dir='ltr'>quod</span> <span class='ocrx_word' id='word_1_340' title='bbox 895 3458 1065 3493; x_wconf 88' lang='lat' dir='ltr'>sensu</span> <span class='ocrx_word' id='word_1_341' title='bbox 1096 3440 1406 3496; x_wconf 79' lang='lat' dir='ltr'>moveatur.</span> <span class='ocrx_word' id='word_1_342' title='bbox 1444 3444 1605 3497; x_wconf 78' lang='lat' dir='ltr'>Nunc</span> <span class='ocrx_word' id='word_1_343' title='bbox 1636 3440 1703 3497; x_wconf 89' lang='lat' dir='ltr'>ad</span> <span class='ocrx_word' id='word_1_344' title='bbox 1736 3462 1829 3497; x_wconf 90' lang='lat' dir='ltr'>eas</span> 
     </span>
    </p>
   </div>
   <div class='ocr_carea' id='block_1_46' title="bbox 130 3511 1827 3583">
    <p class='ocr_par' dir='ltr' id='par_1_46' title="bbox 130 3511 1827 3583">
     <span class='ocr_line' id='line_1_47' title="bbox 130 3511 1827 3583; baseline 0.002 -20"><span class='ocrx_word' id='word_1_345' title='bbox 130 3527 244 3583; x_wconf 80' lang='lat' dir='ltr'>res,</span> <span class='ocrx_word' id='word_1_346' title='bbox 271 3527 398 3580; x_wconf 65' lang='lat' dir='ltr'>quae</span> <span class='ocrx_word' id='word_1_347' title='bbox 428 3512 667 3580; x_wconf 67' lang='lat' dir='ltr'>singulm</span> <span class='ocrx_word' id='word_1_348' title='bbox 692 3511 886 3563; x_wconf 90' lang='lat' dir='ltr'>multis</span> <span class='ocrx_word' id='word_1_349' title='bbox 914 3512 1245 3565; x_wconf 88' lang='lat' dir='ltr'>nominibus</span> <span class='ocrx_word' id='word_1_350' title='bbox 1272 3513 1485 3583; x_wconf 88' lang='lat' dir='ltr'>signari</span> <span class='ocrx_word' id='word_1_351' title='bbox 1506 3515 1705 3579; x_wconf 88' lang='lat' dir='ltr'>solent,</span> <span class='ocrx_word' id='word_1_352' title='bbox 1735 3532 1827 3568; x_wconf 91' lang='lat' dir='ltr'>ve-</span> 
     </span>
    </p>
   </div>
   <div class='ocr_carea' id='block_1_47' title="bbox 128 3580 1829 3654">
    <p class='ocr_par' dir='ltr' id='par_1_47' title="bbox 128 3580 1829 3654">
     <span class='ocr_line' id='line_1_48' title="bbox 128 3580 1829 3654; baseline 0.004 -21"><span class='ocrx_word' id='word_1_353' title='bbox 128 3580 378 3654; x_wconf 88' lang='lat' dir='ltr'>niamus.</span> <span class='ocrx_word' id='word_1_354' title='bbox 413 3583 750 3650; x_wconf 81' lang='lat' dir='ltr'>Quanquam</span> <span class='ocrx_word' id='word_1_355' title='bbox 782 3583 925 3634; x_wconf 85' lang='lat' dir='ltr'>hanc</span> <span class='ocrx_word' id='word_1_356' title='bbox 950 3580 1548 3654; x_wconf 77' lang='lat' dir='ltr'>partemAristoteles,</span> <span class='ocrx_word' id='word_1_357' title='bbox 1574 3592 1635 3638; x_wconf 90' lang='lat' dir='ltr'>ut</span> <span class='ocrx_word' id='word_1_358' title='bbox 1657 3602 1829 3654; x_wconf 86' lang='lat' dir='ltr'>supe-</span> 
     </span>
    </p>
   </div>
   <div class='ocr_carea' id='block_1_48' title="bbox 128 3653 1829 3724">
    <p class='ocr_par' dir='ltr' id='par_1_48' title="bbox 128 3653 1829 3724">
     <span class='ocr_line' id='line_1_49' title="bbox 128 3653 1829 3724; baseline 0.003 -19"><span class='ocrx_word' id='word_1_359' title='bbox 128 3653 250 3705; x_wconf 90' lang='lat' dir='ltr'>rius</span> <span class='ocrx_word' id='word_1_360' title='bbox 280 3653 492 3724; x_wconf 89' lang='lat' dir='ltr'>dictum</span> <span class='ocrx_word' id='word_1_361' title='bbox 542 3658 644 3717; x_wconf 90' lang='lat' dir='ltr'>est,</span> <span class='ocrx_word' id='word_1_362' title='bbox 688 3653 1136 3721; x_wconf 64' lang='lat' dir='ltr'>prietermiserit,</span> <span class='ocrx_word' id='word_1_363' title='bbox 1176 3653 1386 3707; x_wconf 89' lang='lat' dir='ltr'>idcirco</span> <span class='ocrx_word' id='word_1_364' title='bbox 1428 3656 1581 3724; x_wconf 87' lang='lat' dir='ltr'>quod</span> <span class='ocrx_word' id='word_1_365' title='bbox 1626 3656 1694 3709; x_wconf 90' lang='lat' dir='ltr'>de</span> <span class='ocrx_word' id='word_1_366' title='bbox 1727 3653 1829 3709; x_wconf 18' lang='lat' dir='ltr'>ibis</span> 
     </span>
    </p>
   </div>
   <div class='ocr_carea' id='block_1_49' title="bbox 128 3723 1826 3795">
    <p class='ocr_par' dir='ltr' id='par_1_49' title="bbox 128 3723 1826 3795">
     <span class='ocr_line' id='line_1_50' title="bbox 128 3723 1826 3795; baseline 0.003 -20"><span class='ocrx_word' id='word_1_367' title='bbox 128 3740 262 3793; x_wconf 68' lang='lat' dir='ltr'>quae</span> <span class='ocrx_word' id='word_1_368' title='bbox 296 3723 709 3795; x_wconf 87' lang='lat' dir='ltr'>significantur,</span> <span class='ocrx_word' id='word_1_369' title='bbox 754 3740 863 3777; x_wconf 93' lang='lat' dir='ltr'>non</span> <span class='ocrx_word' id='word_1_370' title='bbox 906 3724 973 3776; x_wconf 89' lang='lat' dir='ltr'>de</span> <span class='ocrx_word' id='word_1_371' title='bbox 1012 3724 1098 3777; x_wconf 88' lang='lat' dir='ltr'>his</span> <span class='ocrx_word' id='word_1_372' title='bbox 1128 3740 1255 3795; x_wconf 71' lang='lat' dir='ltr'>qua:</span> <span class='ocrx_word' id='word_1_373' title='bbox 1298 3723 1599 3795; x_wconf 80' lang='lat' dir='ltr'>significat.</span> <span class='ocrx_word' id='word_1_374' title='bbox 1644 3727 1826 3780; x_wconf 90' lang='lat' dir='ltr'>disse-</span> 
     </span>
    </p>
   </div>
   <div class='ocr_carea' id='block_1_50' title="bbox 126 3794 1825 3865">
    <p class='ocr_par' dir='ltr' id='par_1_50' title="bbox 126 3794 1825 3865">
     <span class='ocr_line' id='line_1_51' title="bbox 126 3794 1825 3865; baseline 0.003 -19"><span class='ocrx_word' id='word_1_375' title='bbox 126 3795 374 3847; x_wconf 90' lang='lat' dir='ltr'>rendum</span> <span class='ocrx_word' id='word_1_376' title='bbox 407 3794 643 3863; x_wconf 89' lang='lat' dir='ltr'>putavit.</span> <span class='ocrx_word' id='word_1_377' title='bbox 672 3795 733 3847; x_wconf 91' lang='lat' dir='ltr'>In</span> <span class='ocrx_word' id='word_1_378' title='bbox 769 3794 855 3847; x_wconf 89' lang='lat' dir='ltr'>his</span> <span class='ocrx_word' id='word_1_379' title='bbox 888 3800 1077 3848; x_wconf 90' lang='lat' dir='ltr'>autem</span> <span class='ocrx_word' id='word_1_380' title='bbox 1103 3812 1221 3848; x_wconf 93' lang='lat' dir='ltr'>non</span> <span class='ocrx_word' id='word_1_381' title='bbox 1252 3794 1464 3865; x_wconf 87' lang='lat' dir='ltr'>rerum,</span> <span class='ocrx_word' id='word_1_382' title='bbox 1498 3796 1594 3849; x_wconf 90' lang='lat' dir='ltr'>sed</span> <span class='ocrx_word' id='word_1_383' title='bbox 1638 3797 1825 3851; x_wconf 90' lang='lat' dir='ltr'>nomi-</span> 
     </span>
    </p>
   </div>
   <div class='ocr_carea' id='block_1_51' title="bbox 127 3866 1826 3935">
    <p class='ocr_par' dir='ltr' id='par_1_51' title="bbox 127 3866 1826 3935">
     <span class='ocr_line' id='line_1_52' title="bbox 127 3866 1826 3935; baseline 0.002 -17"><span class='ocrx_word' id='word_1_384' title='bbox 127 3882 271 3918; x_wconf 89' lang='lat' dir='ltr'>num</span> <span class='ocrx_word' id='word_1_385' title='bbox 307 3866 547 3918; x_wconf 81' lang='lat' dir='ltr'>vertitur</span> <span class='ocrx_word' id='word_1_386' title='bbox 586 3867 845 3935; x_wconf 72' lang='lat' dir='ltr'>quaestio.</span> <span class='ocrx_word' id='word_1_387' title='bbox 895 3868 1021 3919; x_wconf 74' lang='lat' dir='ltr'>Hzec</span> <span class='ocrx_word' id='word_1_388' title='bbox 1055 3867 1233 3921; x_wconf 86' lang='lat' dir='ltr'>divisa</span> <span class='ocrx_word' id='word_1_389' title='bbox 1280 3872 1410 3921; x_wconf 91' lang='lat' dir='ltr'>sunt</span> <span class='ocrx_word' id='word_1_390' title='bbox 1453 3868 1715 3922; x_wconf 86' lang='lat' dir='ltr'>similiter</span> <span class='ocrx_word' id='word_1_391' title='bbox 1768 3869 1826 3922; x_wconf 92' lang='lat' dir='ltr'>in</span> 
     </span>
    </p>
   </div>
   <div class='ocr_carea' id='block_1_52' title="bbox 126 3936 1823 4009">
    <p class='ocr_par' dir='ltr' id='par_1_52' title="bbox 126 3936 1823 4009">
     <span class='ocr_line' id='line_1_53' title="bbox 126 3936 1823 4009; baseline 0.004 -22"><span class='ocrx_word' id='word_1_392' title='bbox 126 3942 320 4009; x_wconf 86' lang='lat' dir='ltr'>partes</span> <span class='ocrx_word' id='word_1_393' title='bbox 344 3936 503 4001; x_wconf 78' lang='lat' dir='ltr'>duas,</span> <span class='ocrx_word' id='word_1_394' title='bbox 536 3942 591 3990; x_wconf 92' lang='lat' dir='ltr'>et</span> <span class='ocrx_word' id='word_1_395' title='bbox 610 3938 719 3989; x_wconf 90' lang='lat' dir='ltr'>alia</span> <span class='ocrx_word' id='word_1_396' title='bbox 746 3944 1063 4009; x_wconf 63' lang='grc' dir='ltr'>πολυώνυμε,</span> <span class='ocrx_word' id='word_1_397' title='bbox 1091 3939 1201 3991; x_wconf 87' lang='lat' dir='ltr'>alia</span> <span class='ocrx_word' id='word_1_398' title='bbox 1231 3945 1509 4009; x_wconf 74' lang='grc' dir='ltr'>ἑτερώνυμα</span> <span class='ocrx_word' id='word_1_399' title='bbox 1535 3945 1684 3993; x_wconf 92' lang='lat' dir='ltr'>sunt.</span> <span class='ocrx_word' id='word_1_400' title='bbox 1718 3940 1823 3993; x_wconf 89' lang='lat' dir='ltr'>Po-</span> 
     </span>
    </p>
   </div>
   <div class='ocr_carea' id='block_1_53' title="bbox 124 4008 1823 4079">
    <p class='ocr_par' dir='ltr' id='par_1_53' title="bbox 124 4008 1823 4079">
     <span class='ocr_line' id='line_1_54' title="bbox 124 4008 1823 4079; baseline 0.002 -20"><span class='ocrx_word' id='word_1_401' title='bbox 124 4008 398 4076; x_wconf 81' lang='lat' dir='ltr'>lyonyma</span> <span class='ocrx_word' id='word_1_402' title='bbox 430 4013 583 4073; x_wconf 90' lang='lat' dir='ltr'>sunt,</span> <span class='ocrx_word' id='word_1_403' title='bbox 614 4024 742 4061; x_wconf 91' lang='lat' dir='ltr'>cum</span> <span class='ocrx_word' id='word_1_404' title='bbox 777 4008 955 4079; x_wconf 88' lang='lat' dir='ltr'>multa</span> <span class='ocrx_word' id='word_1_405' title='bbox 986 4009 1221 4061; x_wconf 87' lang='lat' dir='ltr'>nomina</span> <span class='ocrx_word' id='word_1_406' title='bbox 1252 4008 1425 4062; x_wconf 89' lang='lat' dir='ltr'>unam</span> <span class='ocrx_word' id='word_1_407' title='bbox 1453 4026 1570 4063; x_wconf 90' lang='lat' dir='ltr'>rem</span> <span class='ocrx_word' id='word_1_408' title='bbox 1604 4010 1823 4079; x_wconf 88' lang='lat' dir='ltr'>signifi-</span> 
     </span>
    </p>
   </div>
   <div class='ocr_carea' id='block_1_54' title="bbox 122 4078 1816 4146">
    <p class='ocr_par' dir='ltr' id='par_1_54' title="bbox 122 4078 1816 4146">
     <span class='ocr_line' id='line_1_55' title="bbox 122 4078 1816 4146; baseline 0.002 -15"><span class='ocrx_word' id='word_1_409' title='bbox 122 4082 279 4142; x_wconf 88' lang='lat' dir='ltr'>cant,</span> <span class='ocrx_word' id='word_1_410' title='bbox 312 4095 494 4146; x_wconf 71' lang='lat' dir='ltr'>neque</span> <span class='ocrx_word' id='word_1_411' title='bbox 524 4079 643 4131; x_wconf 91' lang='lat' dir='ltr'>ulla</span> <span class='ocrx_word' id='word_1_412' title='bbox 672 4079 739 4131; x_wconf 92' lang='lat' dir='ltr'>de</span> <span class='ocrx_word' id='word_1_413' title='bbox 766 4078 1085 4131; x_wconf 76' lang='lat' dir='ltr'>differentia</span> <span class='ocrx_word' id='word_1_414' title='bbox 1116 4080 1424 4146; x_wconf 77' lang='lat' dir='ltr'>nominum</span> <span class='ocrx_word' id='word_1_415' title='bbox 1446 4078 1704 4133; x_wconf 80' lang='lat' dir='ltr'>redditur</span> <span class='ocrx_word' id='word_1_416' title='bbox 1733 4096 1816 4134; x_wconf 87' lang='lat' dir='ltr'>ra-</span> 
     </span>
    </p>
   </div>
   <div class='ocr_carea' id='block_1_55' title="bbox 123 4142 1825 4216">
    <p class='ocr_par' dir='ltr' id='par_1_55' title="bbox 123 4142 1825 4216">
     <span class='ocr_line' id='line_1_56' title="bbox 123 4142 1825 4216; baseline 0.001 -14"><span class='ocrx_word' id='word_1_417' title='bbox 123 4149 243 4214; x_wconf 89' lang='lat' dir='ltr'>tio;</span> <span class='ocrx_word' id='word_1_418' title='bbox 280 4153 342 4201; x_wconf 92' lang='lat' dir='ltr'>ut</span> <span class='ocrx_word' id='word_1_419' title='bbox 388 4142 557 4209; x_wconf 83' lang='lat' dir='ltr'>ensis,</span> <span class='ocrx_word' id='word_1_420' title='bbox 610 4164 826 4211; x_wconf 90' lang='lat' dir='ltr'>mucro,</span> <span class='ocrx_word' id='word_1_421' title='bbox 868 4148 1122 4216; x_wconf 84' lang='lat' dir='ltr'>gladius:</span> <span class='ocrx_word' id='word_1_422' title='bbox 1168 4151 1288 4202; x_wconf 62' lang='lat' dir='ltr'>haec</span> <span class='ocrx_word' id='word_1_423' title='bbox 1325 4142 1478 4203; x_wconf 66' lang='lat' dir='ltr'>enim</span> <span class='ocrx_word' id='word_1_424' title='bbox 1511 4166 1613 4204; x_wconf 90' lang='lat' dir='ltr'>cur</span> <span class='ocrx_word' id='word_1_425' title='bbox 1649 4167 1825 4204; x_wconf 90' lang='lat' dir='ltr'>unam</span> 
     </span>
    </p>
   </div>
   <div class='ocr_carea' id='block_1_56' title="bbox 124 4218 1819 4290">
    <p class='ocr_par' dir='ltr' id='par_1_56' title="bbox 124 4218 1819 4290">
     <span class='ocr_line' id='line_1_57' title="bbox 124 4218 1819 4290; baseline 0.002 -18"><span class='ocrx_word' id='word_1_426' title='bbox 124 4235 249 4272; x_wconf 88' lang='lat' dir='ltr'>rem</span> <span class='ocrx_word' id='word_1_427' title='bbox 283 4224 367 4271; x_wconf 90' lang='lat' dir='ltr'>tot</span> <span class='ocrx_word' id='word_1_428' title='bbox 398 4220 742 4288; x_wconf 84' lang='lat' dir='ltr'>significent,</span> <span class='ocrx_word' id='word_1_429' title='bbox 776 4233 881 4269; x_wconf 90' lang='lat' dir='ltr'>nec</span> <span class='ocrx_word' id='word_1_430' title='bbox 913 4218 1179 4285; x_wconf 89' lang='lat' dir='ltr'>discerni,</span> <span class='ocrx_word' id='word_1_431' title='bbox 1213 4236 1318 4273; x_wconf 92' lang='lat' dir='ltr'>nec</span> <span class='ocrx_word' id='word_1_432' title='bbox 1349 4220 1576 4273; x_wconf 83' lang='lat' dir='ltr'>deliniri</span> <span class='ocrx_word' id='word_1_433' title='bbox 1616 4226 1819 4290; x_wconf 88' lang='lat' dir='ltr'>potest.</span> 
     </span>
    </p>
   </div>
   <div class='ocr_carea' id='block_1_57' title="bbox 122 4290 1824 4360">
    <p class='ocr_par' dir='ltr' id='par_1_57' title="bbox 122 4290 1824 4360">
     <span class='ocr_line' id='line_1_58' title="bbox 122 4290 1824 4360; baseline 0.002 -18"><span class='ocrx_word' id='word_1_434' title='bbox 122 4290 342 4343; x_wconf 89' lang='lat' dir='ltr'>Dehinc</span> <span class='ocrx_word' id='word_1_435' title='bbox 372 4290 747 4360; x_wconf 78' lang='lat' dir='ltr'>lieteronyma</span> <span class='ocrx_word' id='word_1_436' title='bbox 772 4304 802 4341; x_wconf 92' lang='lat' dir='ltr'>a</span> <span class='ocrx_word' id='word_1_437' title='bbox 835 4290 1027 4341; x_wconf 88' lang='lat' dir='ltr'>multis</span> <span class='ocrx_word' id='word_1_438' title='bbox 1054 4306 1215 4359; x_wconf 68' lang='lat' dir='ltr'>aeque</span> <span class='ocrx_word' id='word_1_439' title='bbox 1239 4290 1568 4344; x_wconf 87' lang='lat' dir='ltr'>nominibus</span> <span class='ocrx_word' id='word_1_440' title='bbox 1592 4308 1679 4344; x_wconf 90' lang='lat' dir='ltr'>res</span> <span class='ocrx_word' id='word_1_441' title='bbox 1706 4293 1824 4345; x_wconf 92' lang='lat' dir='ltr'>sin-</span> 
     </span>
    </p>
   </div>
   <div class='ocr_carea' id='block_1_58' title="bbox 120 4359 1823 4431">
    <p class='ocr_par' dir='ltr' id='par_1_58' title="bbox 120 4359 1823 4431">
     <span class='ocr_line' id='line_1_59' title="bbox 120 4359 1823 4431; baseline 0.002 -18"><span class='ocrx_word' id='word_1_442' title='bbox 120 4362 291 4431; x_wconf 87' lang='lat' dir='ltr'>gulas</span> <span class='ocrx_word' id='word_1_443' title='bbox 320 4366 533 4413; x_wconf 89' lang='lat' dir='ltr'>tenent.</span> <span class='ocrx_word' id='word_1_444' title='bbox 569 4361 775 4413; x_wconf 89' lang='lat' dir='ltr'>Verum</span> <span class='ocrx_word' id='word_1_445' title='bbox 807 4359 863 4411; x_wconf 92' lang='lat' dir='ltr'>in</span> <span class='ocrx_word' id='word_1_446' title='bbox 899 4360 986 4412; x_wconf 91' lang='lat' dir='ltr'>his</span> <span class='ocrx_word' id='word_1_447' title='bbox 1016 4361 1188 4415; x_wconf 88' lang='lat' dir='ltr'>habet</span> <span class='ocrx_word' id='word_1_448' title='bbox 1215 4361 1496 4414; x_wconf 89' lang='lat' dir='ltr'>rationem</span> <span class='ocrx_word' id='word_1_449' title='bbox 1529 4361 1823 4416; x_wconf 86' lang='lat' dir='ltr'>diversitas</span> 
     </span>
    </p>
   </div>
   <div class='ocr_carea' id='block_1_59' title="bbox 117 4431 1821 4495">
    <p class='ocr_par' dir='ltr' id='par_1_59' title="bbox 117 4431 1821 4495">
     <span class='ocr_line' id='line_1_60' title="bbox 117 4431 1821 4495; baseline 0.001 -10"><span class='ocrx_word' id='word_1_450' title='bbox 117 4432 450 4495; x_wconf 88' lang='lat' dir='ltr'>nominum,</span> <span class='ocrx_word' id='word_1_451' title='bbox 494 4432 647 4484; x_wconf 85' lang='lat' dir='ltr'>velut</span> <span class='ocrx_word' id='word_1_452' title='bbox 676 4437 757 4484; x_wconf 89' lang='lat' dir='ltr'>est</span> <span class='ocrx_word' id='word_1_453' title='bbox 798 4431 972 4484; x_wconf 90' lang='lat' dir='ltr'>homo</span> <span class='ocrx_word' id='word_1_454' title='bbox 1012 4436 1271 4486; x_wconf 89' lang='lat' dir='ltr'>terrenus</span> <span class='ocrx_word' id='word_1_455' title='bbox 1307 4433 1562 4485; x_wconf 83' lang='lat' dir='ltr'>mortalis</span> <span class='ocrx_word' id='word_1_456' title='bbox 1595 4450 1607 4486; x_wconf 91' lang='lat'>:</span> <span class='ocrx_word' id='word_1_457' title='bbox 1650 4434 1821 4487; x_wconf 89' lang='lat' dir='ltr'>homo</span> 
     </span>
    </p>
   </div>
   <div class='ocr_carea' id='block_1_60' title="bbox 118 4502 1820 4574">
    <p class='ocr_par' dir='ltr' id='par_1_60' title="bbox 118 4502 1820 4574">
     <span class='ocr_line' id='line_1_61' title="bbox 118 4502 1820 4574; baseline 0.001 -18"><span class='ocrx_word' id='word_1_458' title='bbox 118 4502 195 4556; x_wconf 91' lang='lat' dir='ltr'>ab</span> <span class='ocrx_word' id='word_1_459' title='bbox 235 4502 590 4556; x_wconf 89' lang='lat' dir='ltr'>humanitate</span> <span class='ocrx_word' id='word_1_460' title='bbox 636 4508 896 4556; x_wconf 90' lang='lat' dir='ltr'>terrenus</span> <span class='ocrx_word' id='word_1_461' title='bbox 943 4507 1193 4574; x_wconf 10' lang='lat' dir='ltr'>arterra,</span> <span class='ocrx_word' id='word_1_462' title='bbox 1248 4503 1307 4556; x_wconf 92' lang='lat' dir='ltr'>in</span> <span class='ocrx_word' id='word_1_463' title='bbox 1350 4519 1463 4574; x_wconf 88' lang='lat' dir='ltr'>qua</span> <span class='ocrx_word' id='word_1_464' title='bbox 1506 4509 1707 4558; x_wconf 89' lang='lat' dir='ltr'>cuncta</span> <span class='ocrx_word' id='word_1_465' title='bbox 1734 4505 1820 4574; x_wconf 87' lang='lat' dir='ltr'>gi-</span> 
     </span>
    </p>
   </div>
   <div class='ocr_carea' id='block_1_61' title="bbox 119 4573 1823 4645">
    <p class='ocr_par' dir='ltr' id='par_1_61' title="bbox 119 4573 1823 4645">
     <span class='ocr_line' id='line_1_62' title="bbox 119 4573 1823 4645; baseline 0.001 -18"><span class='ocrx_word' id='word_1_466' title='bbox 119 4579 405 4643; x_wconf 90' lang='lat' dir='ltr'>gnuntur,</span> <span class='ocrx_word' id='word_1_467' title='bbox 440 4574 694 4627; x_wconf 86' lang='lat' dir='ltr'>mortalis</span> <span class='ocrx_word' id='word_1_468' title='bbox 725 4592 758 4627; x_wconf 91' lang='lat' dir='ltr'>a</span> <span class='ocrx_word' id='word_1_469' title='bbox 794 4573 1123 4645; x_wconf 87' lang='lat' dir='ltr'>necessitate</span> <span class='ocrx_word' id='word_1_470' title='bbox 1163 4573 1382 4627; x_wconf 52' lang='lat' dir='ltr'>mortis:</span> <span class='ocrx_word' id='word_1_471' title='bbox 1426 4574 1612 4629; x_wconf 86' lang='lat' dir='ltr'>Claret</span> <span class='ocrx_word' id='word_1_472' title='bbox 1648 4573 1823 4645; x_wconf 86' lang='lat' dir='ltr'>igitur</span> 
     </span>
    </p>
   </div>
   <div class='ocr_carea' id='block_1_62' title="bbox 117 4644 1821 4725">
    <p class='ocr_par' dir='ltr' id='par_1_62' title="bbox 117 4644 1821 4725">
     <span class='ocr_line' id='line_1_63' title="bbox 117 4644 1821 4725; baseline 0.001 -27"><span class='ocrx_word' id='word_1_473' title='bbox 117 4645 185 4698; x_wconf 89' lang='lat' dir='ltr'>in</span> <span class='ocrx_word' id='word_1_474' title='bbox 217 4646 306 4697; x_wconf 89' lang='lat' dir='ltr'>his</span> <span class='ocrx_word' id='word_1_475' title='bbox 333 4645 632 4697; x_wconf 89' lang='lat' dir='ltr'>nominum</span> <span class='ocrx_word' id='word_1_476' title='bbox 666 4644 947 4725; x_wconf 76' lang='lat' dir='ltr'>originem</span> <span class='ocrx_word' id='word_1_477' title='bbox 981 4646 1195 4725; x_wconf 46' lang='lat' dir='ltr'>quatri,</span> <span class='ocrx_word' id='word_1_478' title='bbox 1218 4646 1274 4698; x_wconf 90' lang='lat' dir='ltr'>in</span> <span class='ocrx_word' id='word_1_479' title='bbox 1297 4644 1697 4725; x_wconf 80' lang='lat' dir='ltr'>superioribus</span> <span class='ocrx_word' id='word_1_480' title='bbox 1726 4663 1821 4700; x_wconf 89' lang='lat' dir='ltr'>re-</span> 
     </span>
    </p>
   </div>
   <div class='ocr_carea' id='block_1_63' title="bbox 117 4716 1821 4786">
    <p class='ocr_par' dir='ltr' id='par_1_63' title="bbox 117 4716 1821 4786">
     <span class='ocr_line' id='line_1_64' title="bbox 117 4716 1821 4786; baseline 0.002 -18"><span class='ocrx_word' id='word_1_481' title='bbox 117 4731 278 4781; x_wconf 90' lang='lat' dir='ltr'>rum,</span> <span class='ocrx_word' id='word_1_482' title='bbox 307 4717 681 4785; x_wconf 88' lang='lat' dir='ltr'>quamobrem</span> <span class='ocrx_word' id='word_1_483' title='bbox 710 4716 795 4769; x_wconf 87' lang='lat' dir='ltr'>his</span> <span class='ocrx_word' id='word_1_484' title='bbox 828 4716 1069 4783; x_wconf 88' lang='lat' dir='ltr'>omissis,</span> <span class='ocrx_word' id='word_1_485' title='bbox 1104 4716 1430 4770; x_wconf 81' lang='lat' dir='ltr'>Aristoteles</span> <span class='ocrx_word' id='word_1_486' title='bbox 1458 4718 1821 4786; x_wconf 87' lang='lat' dir='ltr'>superiorum</span> 
     </span>
    </p>
   </div>
   <div class='ocr_carea' id='block_1_64' title="bbox 116 4787 1819 4858">
    <p class='ocr_par' dir='ltr' id='par_1_64' title="bbox 116 4787 1819 4858">
     <span class='ocr_line' id='line_1_65' title="bbox 116 4787 1819 4858; baseline 0.001 -17"><span class='ocrx_word' id='word_1_487' title='bbox 116 4787 331 4841; x_wconf 87' lang='lat' dir='ltr'>maluit</span> <span class='ocrx_word' id='word_1_488' title='bbox 360 4803 586 4840; x_wconf 87' lang='lat' dir='ltr'>movere</span> <span class='ocrx_word' id='word_1_489' title='bbox 619 4791 939 4840; x_wconf 86' lang='lat' dir='ltr'>tractatum.</span> <span class='ocrx_word' id='word_1_490' title='bbox 976 4788 1120 4857; x_wconf 87' lang='lat' dir='ltr'>Ergo</span> <span class='ocrx_word' id='word_1_491' title='bbox 1152 4787 1223 4841; x_wconf 90' lang='lat' dir='ltr'>ad</span> <span class='ocrx_word' id='word_1_492' title='bbox 1259 4788 1591 4858; x_wconf 86' lang='lat' dir='ltr'>homonyna</span> <span class='ocrx_word' id='word_1_493' title='bbox 1620 4788 1819 4843; x_wconf 88' lang='lat' dir='ltr'>redea-</span> 
     </span>
    </p>
   </div>
   <div class='ocr_carea' id='block_1_65' title="bbox 117 4857 1818 4928">
    <p class='ocr_par' dir='ltr' id='par_1_65' title="bbox 117 4857 1818 4928">
     <span class='ocr_line' id='line_1_66' title="bbox 117 4857 1818 4928; baseline -0.001 -15"><span class='ocrx_word' id='word_1_494' title='bbox 117 4874 274 4919; x_wconf 89' lang='lat' dir='ltr'>mus,</span> <span class='ocrx_word' id='word_1_495' title='bbox 312 4875 440 4928; x_wconf 72' lang='lat' dir='ltr'>qum</span> <span class='ocrx_word' id='word_1_496' title='bbox 472 4858 803 4911; x_wconf 88' lang='lat' dir='ltr'>dividuntur</span> <span class='ocrx_word' id='word_1_497' title='bbox 832 4857 893 4910; x_wconf 89' lang='lat' dir='ltr'>in</span> <span class='ocrx_word' id='word_1_498' title='bbox 941 4858 1081 4910; x_wconf 88' lang='lat' dir='ltr'>duas</span> <span class='ocrx_word' id='word_1_499' title='bbox 1116 4862 1306 4927; x_wconf 87' lang='lat' dir='ltr'>partes</span> <span class='ocrx_word' id='word_1_500' title='bbox 1336 4875 1348 4912; x_wconf 90' lang='lat'>:</span> <span class='ocrx_word' id='word_1_501' title='bbox 1390 4857 1488 4912; x_wconf 88' lang='lat' dir='ltr'>aut</span> <span class='ocrx_word' id='word_1_502' title='bbox 1517 4859 1672 4913; x_wconf 89' lang='lat' dir='ltr'>enim</span> <span class='ocrx_word' id='word_1_503' title='bbox 1702 4859 1818 4912; x_wconf 92' lang='lat' dir='ltr'>for-</span> 
     </span>
    </p>
   </div>
   <div class='ocr_carea' id='block_1_66' title="bbox 116 4929 1819 4984">
    <p class='ocr_par' dir='ltr' id='par_1_66' title="bbox 116 4929 1819 4984">
     <span class='ocr_line' id='line_1_67' title="bbox 116 4929 1819 4984; baseline 0 -1"><span class='ocrx_word' id='word_1_504' title='bbox 116 4929 273 4983; x_wconf 75' lang='lat' dir='ltr'>tuitu</span> <span class='ocrx_word' id='word_1_505' title='bbox 300 4929 868 4983; x_wconf 85' lang='lat' dir='ltr'>liuntauthominum</span> <span class='ocrx_word' id='word_1_506' title='bbox 892 4930 1185 4983; x_wconf 89' lang='lat' dir='ltr'>voluntate</span> <span class='ocrx_word' id='word_1_507' title='bbox 1200 4934 1529 4983; x_wconf 89' lang='lat' dir='ltr'>nascuntur.</span> <span class='ocrx_word' id='word_1_508' title='bbox 1560 4930 1819 4984; x_wconf 88' lang='lat' dir='ltr'>Fortuitu</span> 
     </span>
    </p>
   </div>
   <div class='ocr_carea' id='block_1_67' title="bbox 114 5000 1821 5070">
    <p class='ocr_par' dir='ltr' id='par_1_67' title="bbox 114 5000 1821 5070">
     <span class='ocr_line' id='line_1_68' title="bbox 114 5000 1821 5070; baseline 0 -15"><span class='ocrx_word' id='word_1_509' title='bbox 114 5002 273 5055; x_wconf 90' lang='lat' dir='ltr'>ﬁunt</span> <span class='ocrx_word' id='word_1_510' title='bbox 329 5001 504 5065; x_wconf 88' lang='lat' dir='ltr'>enim,</span> <span class='ocrx_word' id='word_1_511' title='bbox 561 5016 691 5053; x_wconf 90' lang='lat' dir='ltr'>cum</span> <span class='ocrx_word' id='word_1_512' title='bbox 748 5000 997 5070; x_wconf 90' lang='lat' dir='ltr'>quodam</span> <span class='ocrx_word' id='word_1_513' title='bbox 1050 5016 1178 5053; x_wconf 88' lang='lat' dir='ltr'>casn</span> <span class='ocrx_word' id='word_1_514' title='bbox 1238 5000 1423 5053; x_wconf 89' lang='lat' dir='ltr'>simile</span> <span class='ocrx_word' id='word_1_515' title='bbox 1475 5000 1603 5070; x_wconf 87' lang='lat' dir='ltr'>quis</span> <span class='ocrx_word' id='word_1_516' title='bbox 1656 5000 1821 5055; x_wconf 87' lang='lat' dir='ltr'>alteri</span> 
     </span>
    </p>
   </div>
   <div class='ocr_carea' id='block_1_68' title="bbox 115 5071 1819 5141">
    <p class='ocr_par' dir='ltr' id='par_1_68' title="bbox 115 5071 1819 5141">
     <span class='ocr_line' id='line_1_69' title="bbox 115 5071 1819 5141; baseline 0 -16"><span class='ocrx_word' id='word_1_517' title='bbox 115 5087 338 5125; x_wconf 90' lang='lat' dir='ltr'>nomen</span> <span class='ocrx_word' id='word_1_518' title='bbox 365 5072 595 5141; x_wconf 88' lang='lat' dir='ltr'>accipit;</span> <span class='ocrx_word' id='word_1_519' title='bbox 631 5072 943 5136; x_wconf 88' lang='lat' dir='ltr'>voluntate,</span> <span class='ocrx_word' id='word_1_520' title='bbox 976 5087 1104 5125; x_wconf 91' lang='lat' dir='ltr'>cum</span> <span class='ocrx_word' id='word_1_521' title='bbox 1135 5071 1450 5125; x_wconf 90' lang='lat' dir='ltr'>similitudo</span> <span class='ocrx_word' id='word_1_522' title='bbox 1477 5071 1729 5125; x_wconf 90' lang='lat' dir='ltr'>nominis</span> <span class='ocrx_word' id='word_1_523' title='bbox 1752 5088 1819 5126; x_wconf 84' lang='lat' dir='ltr'>ex</span> 
     </span>
    </p>
   </div>
   <div class='ocr_carea' id='block_1_69' title="bbox 113 5142 1820 5213">
    <p class='ocr_par' dir='ltr' id='par_1_69' title="bbox 113 5142 1820 5213">
     <span class='ocr_line' id='line_1_70' title="bbox 113 5142 1820 5213; baseline 0.001 -17"><span class='ocrx_word' id='word_1_524' title='bbox 113 5142 408 5197; x_wconf 89' lang='lat' dir='ltr'>industria</span> <span class='ocrx_word' id='word_1_525' title='bbox 429 5142 777 5211; x_wconf 88' lang='lat' dir='ltr'>imponentis</span> <span class='ocrx_word' id='word_1_526' title='bbox 809 5142 1080 5211; x_wconf 88' lang='lat' dir='ltr'>afligitur.</span> <span class='ocrx_word' id='word_1_527' title='bbox 1118 5144 1330 5196; x_wconf 85' lang='lat' dir='ltr'>Horum</span> <span class='ocrx_word' id='word_1_528' title='bbox 1361 5146 1552 5196; x_wconf 86' lang='lat' dir='ltr'>autem</span> <span class='ocrx_word' id='word_1_529' title='bbox 1584 5159 1711 5213; x_wconf 63' lang='lat' dir='ltr'>qua:</span> <span class='ocrx_word' id='word_1_530' title='bbox 1737 5142 1820 5197; x_wconf 89' lang='lat' dir='ltr'>in-</span> 
     </span>
    </p>
   </div>
   <div class='ocr_carea' id='block_1_70' title="bbox 117 5214 1816 5284">
    <p class='ocr_par' dir='ltr' id='par_1_70' title="bbox 117 5214 1816 5284">
     <span class='ocr_line' id='line_1_71' title="bbox 117 5214 1816 5284; baseline 0 -17"><span class='ocrx_word' id='word_1_531' title='bbox 117 5214 348 5268; x_wconf 87' lang='lat' dir='ltr'>dustria</span> <span class='ocrx_word' id='word_1_532' title='bbox 375 5214 459 5267; x_wconf 87' lang='lat' dir='ltr'>vel</span> <span class='ocrx_word' id='word_1_533' title='bbox 490 5215 779 5267; x_wconf 85' lang='lat' dir='ltr'>voluntate</span> <span class='ocrx_word' id='word_1_534' title='bbox 802 5218 1131 5277; x_wconf 87' lang='lat' dir='ltr'>nascuntur,</span> <span class='ocrx_word' id='word_1_535' title='bbox 1160 5219 1409 5284; x_wconf 89' lang='lat' dir='ltr'>quatuor</span> <span class='ocrx_word' id='word_1_536' title='bbox 1431 5218 1561 5284; x_wconf 86' lang='lat' dir='ltr'>sunt</span> <span class='ocrx_word' id='word_1_537' title='bbox 1586 5230 1816 5284; x_wconf 89' lang='lat' dir='ltr'>genera,</span> 
     </span>
    </p>
   </div>
   <div class='ocr_carea' id='block_1_71' title="bbox 114 5283 1819 5355">
    <p class='ocr_par' dir='ltr' id='par_1_71' title="bbox 114 5283 1819 5355">
     <span class='ocr_line' id='line_1_72' title="bbox 114 5283 1819 5355; baseline -0.001 -16"><span class='ocrx_word' id='word_1_538' title='bbox 114 5292 283 5355; x_wconf 75' lang='grc' dir='ltr'>εἷκὼν,</span> <span class='ocrx_word' id='word_1_539' title='bbox 314 5292 706 5354; x_wconf 67' lang='grc' dir='ltr'>κατ’ἀναλογίιν,</span> <span class='ocrx_word' id='word_1_540' title='bbox 739 5290 1075 5355; x_wconf 43' lang='lat' dir='ltr'>dest/091291);</span> <span class='ocrx_word' id='word_1_541' title='bbox 1106 5283 1196 5339; x_wconf 68' lang='grc' dir='ltr'>ἒνξ</span> <span class='ocrx_word' id='word_1_542' title='bbox 1242 5289 1305 5338; x_wconf 93' lang='lat' dir='ltr'>ut</span> <span class='ocrx_word' id='word_1_543' title='bbox 1361 5283 1559 5338; x_wconf 90' lang='lat' dir='ltr'>eadem</span> <span class='ocrx_word' id='word_1_544' title='bbox 1601 5283 1819 5338; x_wconf 88' lang='lat' dir='ltr'>latinus</span> 
     </span>
    </p>
   </div>
   <div class='ocr_carea' id='block_1_72' title="bbox 114 5355 1815 5435">
    <p class='ocr_par' dir='ltr' id='par_1_72' title="bbox 114 5355 1815 5435">
     <span class='ocr_line' id='line_1_73' title="bbox 114 5355 1815 5435; baseline 0 -27"><span class='ocrx_word' id='word_1_545' title='bbox 114 5373 355 5427; x_wconf 88' lang='lat' dir='ltr'>quoque</span> <span class='ocrx_word' id='word_1_546' title='bbox 387 5374 571 5410; x_wconf 89' lang='lat' dir='ltr'>sermo</span> <span class='ocrx_word' id='word_1_547' title='bbox 588 5357 863 5435; x_wconf 75' lang='lat' dir='ltr'>declaret,</span> <span class='ocrx_word' id='word_1_548' title='bbox 883 5355 1225 5435; x_wconf 79' lang='lat' dir='ltr'>_similitudo,</span> <span class='ocrx_word' id='word_1_549' title='bbox 1250 5355 1561 5435; x_wconf 76' lang='lat' dir='ltr'>proportio,</span> <span class='ocrx_word' id='word_1_550' title='bbox 1586 5356 1655 5409; x_wconf 89' lang='lat' dir='ltr'>ab</span> <span class='ocrx_word' id='word_1_551' title='bbox 1678 5372 1815 5435; x_wconf 83' lang='lat' dir='ltr'>uno,</span> 
     </span>
    </p>
   </div>
   <div class='ocr_carea' id='block_1_73' title="bbox 114 5427 1817 5496">
    <p class='ocr_par' dir='ltr' id='par_1_73' title="bbox 114 5427 1817 5496">
     <span class='ocr_line' id='line_1_74' title="bbox 114 5427 1817 5496; baseline -0.001 -17"><span class='ocrx_word' id='word_1_552' title='bbox 114 5428 188 5479; x_wconf 89' lang='lat' dir='ltr'>ad</span> <span class='ocrx_word' id='word_1_553' title='bbox 226 5445 406 5481; x_wconf 91' lang='lat' dir='ltr'>unum</span> <span class='ocrx_word' id='word_1_554' title='bbox 461 5427 785 5481; x_wconf 88' lang='lat' dir='ltr'>Similitudo</span> <span class='ocrx_word' id='word_1_555' title='bbox 817 5429 918 5488; x_wconf 87' lang='lat' dir='ltr'>est,</span> <span class='ocrx_word' id='word_1_556' title='bbox 955 5432 1017 5480; x_wconf 93' lang='lat' dir='ltr'>ut</span> <span class='ocrx_word' id='word_1_557' title='bbox 1048 5428 1219 5479; x_wconf 89' lang='lat' dir='ltr'>homo</span> <span class='ocrx_word' id='word_1_558' title='bbox 1249 5427 1432 5496; x_wconf 91' lang='lat' dir='ltr'>pictus</span> <span class='ocrx_word' id='word_1_559' title='bbox 1464 5431 1520 5479; x_wconf 90' lang='lat' dir='ltr'>et</span> <span class='ocrx_word' id='word_1_560' title='bbox 1556 5443 1721 5479; x_wconf 78' lang='lat' dir='ltr'>verus</span> <span class='ocrx_word' id='word_1_561' title='bbox 1759 5427 1817 5479; x_wconf 92' lang='lat' dir='ltr'>in</span> 
     </span>
    </p>
   </div>
   <div class='ocr_carea' id='block_1_74' title="bbox 116 5498 1816 5578">
    <p class='ocr_par' dir='ltr' id='par_1_74' title="bbox 116 5498 1816 5578">
     <span class='ocr_line' id='line_1_75' title="bbox 116 5498 1816 5578; baseline 0.001 -28"><span class='ocrx_word' id='word_1_562' title='bbox 116 5499 243 5578; x_wconf 83' lang='lat' dir='ltr'>sola</span> <span class='ocrx_word' id='word_1_563' title='bbox 274 5500 649 5578; x_wconf 62' lang='lat' dir='ltr'>similitudine</span> <span class='ocrx_word' id='word_1_564' title='bbox 676 5499 1037 5578; x_wconf 85' lang='lat' dir='ltr'>copulantur.</span> <span class='ocrx_word' id='word_1_565' title='bbox 1069 5498 1365 5578; x_wconf 79' lang='lat' dir='ltr'>Propertio</span> <span class='ocrx_word' id='word_1_566' title='bbox 1393 5498 1663 5578; x_wconf 71' lang='lat' dir='ltr'>estquod</span> <span class='ocrx_word' id='word_1_567' title='bbox 1690 5504 1816 5578; x_wconf 36' lang='lat'>111:-</span> 
     </span>
    </p>
   </div>
   <div class='ocr_carea' id='block_1_75' title="bbox 116 5569 1814 5638">
    <p class='ocr_par' dir='ltr' id='par_1_75' title="bbox 116 5569 1814 5638">
     <span class='ocr_line' id='line_1_76' title="bbox 116 5569 1814 5638; baseline -0.001 -16"><span class='ocrx_word' id='word_1_568' title='bbox 116 5576 389 5637; x_wconf 68' lang='grc' dir='ltr'>ἀνιλογίαιν</span> <span class='ocrx_word' id='word_1_569' title='bbox 422 5570 595 5624; x_wconf 71' lang='lat' dir='ltr'>Grmci</span> <span class='ocrx_word' id='word_1_570' title='bbox 629 5574 829 5623; x_wconf 85' lang='lat' dir='ltr'>vocant</span> <span class='ocrx_word' id='word_1_571' title='bbox 857 5572 939 5633; x_wconf 90' lang='lat' dir='ltr'>ut,</span> <span class='ocrx_word' id='word_1_572' title='bbox 980 5585 1091 5638; x_wconf 89' lang='lat' dir='ltr'>quo</span> <span class='ocrx_word' id='word_1_573' title='bbox 1125 5575 1288 5638; x_wconf 85' lang='lat' dir='ltr'>pacto</span> <span class='ocrx_word' id='word_1_574' title='bbox 1318 5569 1664 5638; x_wconf 87' lang='lat' dir='ltr'>principium</span> <span class='ocrx_word' id='word_1_575' title='bbox 1694 5569 1814 5621; x_wconf 88' lang='lat' dir='ltr'>ani-</span> 
     </span>
    </p>
   </div>
   <div class='ocr_carea' id='block_1_76' title="bbox 117 5639 1815 5710">
    <p class='ocr_par' dir='ltr' id='par_1_76' title="bbox 117 5639 1815 5710">
     <span class='ocr_line' id='line_1_77' title="bbox 117 5639 1815 5710; baseline -0.001 -17"><span class='ocrx_word' id='word_1_576' title='bbox 117 5640 293 5693; x_wconf 90' lang='lat' dir='ltr'>malis</span> <span class='ocrx_word' id='word_1_577' title='bbox 325 5656 421 5692; x_wconf 90' lang='lat' dir='ltr'>cor</span> <span class='ocrx_word' id='word_1_578' title='bbox 451 5641 713 5704; x_wconf 80' lang='lat' dir='ltr'>dicimus,</span> <span class='ocrx_word' id='word_1_579' title='bbox 744 5640 820 5693; x_wconf 84' lang='lat' dir='ltr'>ita</span> <span class='ocrx_word' id='word_1_580' title='bbox 850 5640 1196 5709; x_wconf 87' lang='lat' dir='ltr'>principium</span> <span class='ocrx_word' id='word_1_581' title='bbox 1226 5657 1387 5710; x_wconf 67' lang='lat' dir='ltr'>aqua}</span> <span class='ocrx_word' id='word_1_582' title='bbox 1418 5640 1633 5693; x_wconf 86' lang='lat' dir='ltr'>fontem</span> <span class='ocrx_word' id='word_1_583' title='bbox 1664 5639 1815 5692; x_wconf 91' lang='lat' dir='ltr'>dica-</span> 
     </span>
    </p>
   </div>
   <div class='ocr_carea' id='block_1_77' title="bbox 117 5710 1817 5781">
    <p class='ocr_par' dir='ltr' id='par_1_77' title="bbox 117 5710 1817 5781">
     <span class='ocr_line' id='line_1_78' title="bbox 117 5710 1817 5781; baseline 0.001 -19"><span class='ocrx_word' id='word_1_584' title='bbox 117 5726 254 5763; x_wconf 90' lang='lat' dir='ltr'>mus</span> <span class='ocrx_word' id='word_1_585' title='bbox 283 5728 298 5762; x_wconf 94' lang='lat'>:</span> <span class='ocrx_word' id='word_1_586' title='bbox 332 5712 626 5781; x_wconf 89' lang='lat' dir='ltr'>proportio</span> <span class='ocrx_word' id='word_1_587' title='bbox 663 5711 815 5765; x_wconf 91' lang='lat' dir='ltr'>enim</span> <span class='ocrx_word' id='word_1_588' title='bbox 856 5710 943 5763; x_wconf 91' lang='lat' dir='ltr'>sui</span> <span class='ocrx_word' id='word_1_589' title='bbox 974 5710 1286 5764; x_wconf 89' lang='lat' dir='ltr'>similitudo</span> <span class='ocrx_word' id='word_1_590' title='bbox 1317 5711 1563 5764; x_wconf 86' lang='lat' dir='ltr'>nominis</span> <span class='ocrx_word' id='word_1_591' title='bbox 1592 5710 1817 5764; x_wconf 89' lang='lat' dir='ltr'>videtur</span> 
     </span>
    </p>
   </div>
   <div class='ocr_carea' id='block_1_78' title="bbox 119 5780 1819 5852">
    <p class='ocr_par' dir='ltr' id='par_1_78' title="bbox 119 5780 1819 5852">
     <span class='ocr_line' id='line_1_79' title="bbox 119 5780 1819 5852; baseline 0 -17"><span class='ocrx_word' id='word_1_592' title='bbox 119 5780 414 5852; x_wconf 90' lang='lat' dir='ltr'>adjuncta.</span> <span class='ocrx_word' id='word_1_593' title='bbox 447 5782 530 5837; x_wconf 86' lang='lat' dir='ltr'>Ab</span> <span class='ocrx_word' id='word_1_594' title='bbox 562 5799 676 5837; x_wconf 91' lang='lat' dir='ltr'>uno</span> <span class='ocrx_word' id='word_1_595' title='bbox 708 5787 808 5850; x_wconf 84' lang='lat' dir='ltr'>est,</span> <span class='ocrx_word' id='word_1_596' title='bbox 842 5798 973 5837; x_wconf 88' lang='lat' dir='ltr'>cum</span> <span class='ocrx_word' id='word_1_597' title='bbox 1003 5781 1245 5837; x_wconf 88' lang='lat' dir='ltr'>dicimus</span> <span class='ocrx_word' id='word_1_598' title='bbox 1273 5799 1305 5836; x_wconf 89' lang='lat' dir='ltr'>a</span> <span class='ocrx_word' id='word_1_599' title='bbox 1330 5781 1613 5837; x_wconf 87' lang='lat' dir='ltr'>medicina</span> <span class='ocrx_word' id='word_1_600' title='bbox 1642 5781 1819 5837; x_wconf 89' lang='lat' dir='ltr'>medi-</span> 
     </span>
    </p>
   </div>
   <div class='ocr_carea' id='block_1_79' title="bbox 1706 258 2101 316">
    <p class='ocr_par' dir='ltr' id='par_1_79' title="bbox 1706 258 2101 316">
     <span class='ocr_line' id='line_1_80' title="bbox 1706 258 2101 316; baseline 0.008 -4"><span class='ocrx_word' id='word_1_601' title='bbox 1706 258 2101 316; x_wconf 74' lang='lat' dir='ltr'>APPENDIK.</span> 
     </span>
    </p>
   </div>
   <div class='ocr_carea' id='block_1_80' title="bbox 3523 282 3662 337">
    <p class='ocr_par' dir='ltr' id='par_1_80' title="bbox 3523 282 3662 337">
     <span class='ocr_line' id='line_1_81' title="bbox 3523 282 3662 337; baseline 0.014 -2"><span class='ocrx_word' id='word_1_602' title='bbox 3523 285 3543 335; x_wconf 80' lang='lat' dir='ltr'>l</span> <span class='ocrx_word' id='word_1_603' title='bbox 3554 282 3662 337; x_wconf 78' lang='grc'>422</span> 
     </span>
    </p>
   </div>
   <div class='ocr_carea' id='block_1_81' title="bbox 1964 383 3656 467">
    <p class='ocr_par' dir='ltr' id='par_1_81' title="bbox 1964 383 3656 467">
     <span class='ocr_line' id='line_1_82' title="bbox 1964 383 3656 467; baseline 0.015 -31"><span class='ocrx_word' id='word_1_604' title='bbox 1964 383 2143 439; x_wconf 90' lang='lat' dir='ltr'>cinale</span> <span class='ocrx_word' id='word_1_605' title='bbox 2173 385 2607 467; x_wconf 75' lang='lat' dir='ltr'>ferramentum,</span> <span class='ocrx_word' id='word_1_606' title='bbox 2638 392 2991 449; x_wconf 87' lang='lat' dir='ltr'>medicinalis</span> <span class='ocrx_word' id='word_1_607' title='bbox 3018 396 3273 467; x_wconf 90' lang='lat' dir='ltr'>scientia,</span> <span class='ocrx_word' id='word_1_608' title='bbox 3303 403 3656 460; x_wconf 89' lang='lat' dir='ltr'>medicinalis</span> 
     </span>
    </p>
   </div>
   <div class='ocr_carea' id='block_1_82' title="bbox 1963 458 3656 533">
    <p class='ocr_par' dir='ltr' id='par_1_82' title="bbox 1963 458 3656 533">
     <span class='ocr_line' id='line_1_83' title="bbox 1963 458 3656 533; baseline 0.015 -26"><span class='ocrx_word' id='word_1_609' title='bbox 1963 471 2126 533; x_wconf 85' lang='lat' dir='ltr'>usus,_</span> <span class='ocrx_word' id='word_1_610' title='bbox 2151 458 2487 533; x_wconf 83' lang='lat' dir='ltr'>medicinale</span> <span class='ocrx_word' id='word_1_611' title='bbox 2534 468 2921 533; x_wconf 67' lang='lat' dir='ltr'>prteceptum:</span> <span class='ocrx_word' id='word_1_612' title='bbox 2971 467 3038 522; x_wconf 90' lang='lat' dir='ltr'>ab</span> <span class='ocrx_word' id='word_1_613' title='bbox 3070 487 3183 524; x_wconf 92' lang='lat' dir='ltr'>uno</span> <span class='ocrx_word' id='word_1_614' title='bbox 3226 458 3285 526; x_wconf 81' lang='lat' dir='ltr'>in</span> <span class='ocrx_word' id='word_1_615' title='bbox 3325 480 3526 530; x_wconf 87' lang='lat' dir='ltr'>cuncta</span> <span class='ocrx_word' id='word_1_616' title='bbox 3556 458 3656 532; x_wconf 55' lang='lat' dir='ltr'>de:</span> 
     </span>
    </p>
   </div>
   <div class='ocr_carea' id='block_1_83' title="bbox 1962 528 3655 613">
    <p class='ocr_par' dir='ltr' id='par_1_83' title="bbox 1962 528 3655 613">
     <span class='ocr_line' id='line_1_84' title="bbox 1962 528 3655 613; baseline 0.014 -34"><span class='ocrx_word' id='word_1_617' title='bbox 1962 528 2261 613; x_wconf 75' lang='lat' dir='ltr'>scendunt.</span> <span class='ocrx_word' id='word_1_618' title='bbox 2415 528 2595 613; x_wconf 79' lang='lat' dir='ltr'>unum</span> <span class='ocrx_word' id='word_1_619' title='bbox 2625 528 2741 613; x_wconf 59' lang='lat' dir='ltr'>est;</span> <span class='ocrx_word' id='word_1_620' title='bbox 2760 540 2823 588; x_wconf 90' lang='lat' dir='ltr'>ut</span> <span class='ocrx_word' id='word_1_621' title='bbox 2848 536 2944 589; x_wconf 90' lang='lat' dir='ltr'>illa</span> <span class='ocrx_word' id='word_1_622' title='bbox 2966 541 3121 608; x_wconf 80' lang='lat' dir='ltr'>potio</span> <span class='ocrx_word' id='word_1_623' title='bbox 3158 544 3398 599; x_wconf 89' lang='lat' dir='ltr'>salubris</span> <span class='ocrx_word' id='word_1_624' title='bbox 3427 528 3530 613; x_wconf 78' lang='lat' dir='ltr'>est,</span> <span class='ocrx_word' id='word_1_625' title='bbox 3559 528 3655 602; x_wconf 76' lang='lat' dir='ltr'>ille</span> 
     </span>
    </p>
   </div>
   <div class='ocr_carea' id='block_1_84' title="bbox 1960 598 3658 673">
    <p class='ocr_par' dir='ltr' id='par_1_84' title="bbox 1960 598 3658 673">
     <span class='ocr_line' id='line_1_85' title="bbox 1960 598 3658 673; baseline 0.014 -23"><span class='ocrx_word' id='word_1_626' title='bbox 1960 598 2217 673; x_wconf 79' lang='lat' dir='ltr'>medicus</span> <span class='ocrx_word' id='word_1_627' title='bbox 2239 601 2480 655; x_wconf 87' lang='lat' dir='ltr'>salubris</span> <span class='ocrx_word' id='word_1_628' title='bbox 2511 608 2615 669; x_wconf 75' lang='lat' dir='ltr'>est,</span> <span class='ocrx_word' id='word_1_629' title='bbox 2648 598 3061 663; x_wconf 76' lang='lat' dir='ltr'>ferramentum</span> <span class='ocrx_word' id='word_1_630' title='bbox 3093 612 3232 668; x_wconf 86' lang='lat' dir='ltr'>illud</span> <span class='ocrx_word' id='word_1_631' title='bbox 3257 598 3658 673; x_wconf 62' lang='grc' dir='ltr'>ςαιιὼιὲέζῖιέἐᾷ</span> 
     </span>
    </p>
   </div>
   <div class='ocr_carea' id='block_1_85' title="bbox 1961 669 3652 761">
    <p class='ocr_par' dir='ltr' id='par_1_85' title="bbox 1961 669 3652 761">
     <span class='ocr_line' id='line_1_86' title="bbox 1961 669 3652 761; baseline 0.014 -40"><span class='ocrx_word' id='word_1_632' title='bbox 1961 669 2115 722; x_wconf 90' lang='lat' dir='ltr'>enim</span> <span class='ocrx_word' id='word_1_633' title='bbox 2137 676 2340 725; x_wconf 91' lang='lat' dir='ltr'>cuncta</span> <span class='ocrx_word' id='word_1_634' title='bbox 2362 688 2565 739; x_wconf 92' lang='lat' dir='ltr'>unum,</span> <span class='ocrx_word' id='word_1_635' title='bbox 2592 675 2646 728; x_wconf 95' lang='lat' dir='ltr'>id</span> <span class='ocrx_word' id='word_1_636' title='bbox 2672 680 2758 729; x_wconf 90' lang='lat' dir='ltr'>est</span> <span class='ocrx_word' id='word_1_637' title='bbox 2780 678 3044 747; x_wconf 90' lang='lat' dir='ltr'>salutem,</span> <span class='ocrx_word' id='word_1_638' title='bbox 3067 683 3337 739; x_wconf 88' lang='lat' dir='ltr'>videntur</span> <span class='ocrx_word' id='word_1_639' title='bbox 3352 669 3652 761; x_wconf 55' lang='lat' dir='ltr'>attingere:</span> 
     </span>
    </p>
   </div>
   <div class='ocr_carea' id='block_1_86' title="bbox 2031 757 3579 844">
    <p class='ocr_par' dir='ltr' id='par_1_86' title="bbox 2031 757 3579 844">
     <span class='ocr_line' id='line_1_87' title="bbox 2031 757 3579 844; baseline 0.015 -34"><span class='ocrx_word' id='word_1_640' title='bbox 2031 757 2254 813; x_wconf 85' lang='lat' dir='ltr'>CAPUT</span> <span class='ocrx_word' id='word_1_641' title='bbox 2281 760 2377 814; x_wconf 89' lang='grc' dir='ltr'>ΙΙΙ.</span> <span class='ocrx_word' id='word_1_642' title='bbox 2408 790 2475 801; x_wconf 91' lang='grc'><strong>-</strong></span> <span class='ocrx_word' id='word_1_643' title='bbox 2506 762 2649 828; x_wconf 83' lang='lat' dir='ltr'>Quid</span> <span class='ocrx_word' id='word_1_644' title='bbox 2676 765 2999 822; x_wconf 77' lang='lat' dir='ltr'>Aristoteles</span> <span class='ocrx_word' id='word_1_645' title='bbox 3030 776 3161 836; x_wconf 76' lang='lat' dir='ltr'>agat</span> <span class='ocrx_word' id='word_1_646' title='bbox 3189 775 3245 825; x_wconf 80' lang='lat' dir='ltr'>in</span> <span class='ocrx_word' id='word_1_647' title='bbox 3274 757 3579 844; x_wconf 43' lang='lat' dir='ltr'>categori‘z‘s.</span> 
     </span>
    </p>
   </div>
   <div class='ocr_carea' id='block_1_87' title="bbox 2028 845 3653 936">
    <p class='ocr_par' dir='ltr' id='par_1_87' title="bbox 2028 845 3653 936">
     <span class='ocr_line' id='line_1_88' title="bbox 2028 845 3653 936; baseline 0.013 -37"><span class='ocrx_word' id='word_1_648' title='bbox 2028 845 2136 900; x_wconf 91' lang='lat' dir='ltr'>Sed</span> <span class='ocrx_word' id='word_1_649' title='bbox 2164 848 2423 936; x_wconf 75' lang='lat' dir='ltr'>plerique</span> <span class='ocrx_word' id='word_1_650' title='bbox 2453 866 2681 936; x_wconf 77' lang='lat' dir='ltr'>movere</span> <span class='ocrx_word' id='word_1_651' title='bbox 2700 856 2962 936; x_wconf 70' lang='lat' dir='ltr'>assolent</span> <span class='ocrx_word' id='word_1_652' title='bbox 2992 860 3393 928; x_wconf 64' lang='lat' dir='ltr'>quaestionem,</span> <span class='ocrx_word' id='word_1_653' title='bbox 3430 865 3497 917; x_wconf 92' lang='lat' dir='ltr'>de</span> <span class='ocrx_word' id='word_1_654' title='bbox 3527 868 3653 936; x_wconf 89' lang='lat' dir='ltr'>qui-</span> 
     </span>
    </p>
   </div>
   <div class='ocr_carea' id='block_1_88' title="bbox 1958 915 3653 997">
    <p class='ocr_par' dir='ltr' id='par_1_88' title="bbox 1958 915 3653 997">
     <span class='ocr_line' id='line_1_89' title="bbox 1958 915 3653 997; baseline 0.014 -29"><span class='ocrx_word' id='word_1_655' title='bbox 1958 915 2073 997; x_wconf 39' lang='lat' dir='ltr'>bus.</span> <span class='ocrx_word' id='word_1_656' title='bbox 2086 915 2269 997; x_wconf 72' lang='lat' dir='ltr'>magis</span> <span class='ocrx_word' id='word_1_657' title='bbox 2280 915 2607 976; x_wconf 73' lang='lat' dir='ltr'>Aristoteles</span> <span class='ocrx_word' id='word_1_658' title='bbox 2628 924 2805 997; x_wconf 83' lang='lat' dir='ltr'>voluit</span> <span class='ocrx_word' id='word_1_659' title='bbox 2825 915 3092 984; x_wconf 76' lang='lat' dir='ltr'>inchoare</span> <span class='ocrx_word' id='word_1_660' title='bbox 3114 915 3653 991; x_wconf 40' lang='lat' dir='ltr'>tractatiim.—13rilm.o</span> 
     </span>
    </p>
   </div>
   <div class='ocr_carea' id='block_1_89' title="bbox 1958 985 3649 1076">
    <p class='ocr_par' dir='ltr' id='par_1_89' title="bbox 1958 985 3649 1076">
     <span class='ocr_line' id='line_1_90' title="bbox 1958 985 3649 1076; baseline 0.014 -37"><span class='ocrx_word' id='word_1_661' title='bbox 1958 985 2128 1076; x_wconf 41' lang='lat' dir='ltr'>de‘iis</span> <span class='ocrx_word' id='word_1_662' title='bbox 2173 985 2318 1076; x_wconf 37' lang='lat' dir='ltr'>qua}.</span> <span class='ocrx_word' id='word_1_663' title='bbox 2350 996 2502 1057; x_wconf 91' lang='lat' dir='ltr'>sunt,</span> <span class='ocrx_word' id='word_1_664' title='bbox 2554 996 2801 1076; x_wconf 67' lang='lat' dir='ltr'>secundo</span> <span class='ocrx_word' id='word_1_665' title='bbox 2851 997 2927 1076; x_wconf 66' lang='lat' dir='ltr'>de</span> <span class='ocrx_word' id='word_1_666' title='bbox 2958 998 3027 1076; x_wconf 90' lang='lat' dir='ltr'>i_is</span> <span class='ocrx_word' id='word_1_667' title='bbox 3074 985 3649 1076; x_wconf 55' lang='grc' dir='ltr'>(χυωρέίέιῌίίᾷιὶὶὖὶι,</span> 
     </span>
    </p>
   </div>
   <div class='ocr_carea' id='block_1_90' title="bbox 1956 1060 3650 1147">
    <p class='ocr_par' dir='ltr' id='par_1_90' title="bbox 1956 1060 3650 1147">
     <span class='ocr_line' id='line_1_91' title="bbox 1956 1060 3650 1147; baseline 0.014 -37"><span class='ocrx_word' id='word_1_668' title='bbox 1956 1060 2125 1113; x_wconf 89' lang='lat' dir='ltr'>tertio</span> <span class='ocrx_word' id='word_1_669' title='bbox 2157 1060 2225 1147; x_wconf 80' lang='lat' dir='ltr'>de</span> <span class='ocrx_word' id='word_1_670' title='bbox 2281 1061 2351 1115; x_wconf 90' lang='lat' dir='ltr'>iis</span> <span class='ocrx_word' id='word_1_671' title='bbox 2398 1080 2526 1133; x_wconf 66' lang='lat' dir='ltr'>quae</span> <span class='ocrx_word' id='word_1_672' title='bbox 2549 1065 2867 1147; x_wconf 39' lang='lat' dir='ltr'>.dicuntur.‘</span> <span class='ocrx_word' id='word_1_673' title='bbox 2894 1060 3110 1147; x_wconf 36' lang='lat' dir='ltr'>Primo:</span> <span class='ocrx_word' id='word_1_674' title='bbox 3129 1060 3263 1147; x_wconf 70' lang='lat' dir='ltr'>sunt</span> <span class='ocrx_word' id='word_1_675' title='bbox 3300 1060 3413 1132; x_wconf 34' lang='lat' dir='ltr'>res;</span> <span class='ocrx_word' id='word_1_676' title='bbox 3431 1060 3650 1147; x_wconf 66' lang='lat' dir='ltr'>omnes;</span> 
     </span>
    </p>
   </div>
   <div class='ocr_carea' id='block_1_91' title="bbox 1957 1135 3651 1220">
    <p class='ocr_par' dir='ltr' id='par_1_91' title="bbox 1957 1135 3651 1220">
     <span class='ocr_line' id='line_1_92' title="bbox 1957 1135 3651 1220; baseline 0.014 -39"><span class='ocrx_word' id='word_1_677' title='bbox 1957 1145 2099 1200; x_wconf 89' lang='lat' dir='ltr'>quas</span> <span class='ocrx_word' id='word_1_678' title='bbox 2121 1137 2335 1213; x_wconf 76' lang='lat' dir='ltr'>natura</span> <span class='ocrx_word' id='word_1_679' title='bbox 2364 1135 2623 1216; x_wconf 78' lang='lat' dir='ltr'>peperit:</span> <span class='ocrx_word' id='word_1_680' title='bbox 2662 1139 2909 1220; x_wconf 80' lang='lat' dir='ltr'>secundo</span> <span class='ocrx_word' id='word_1_681' title='bbox 2947 1142 3345 1220; x_wconf 85' lang='lat' dir='ltr'>percipiuntur</span> <span class='ocrx_word' id='word_1_682' title='bbox 3377 1164 3463 1215; x_wconf 89' lang='lat' dir='ltr'>ea,</span> <span class='ocrx_word' id='word_1_683' title='bbox 3506 1135 3651 1220; x_wconf 48' lang='lat' dir='ltr'>quo:</span> 
     </span>
    </p>
   </div>
   <div class='ocr_carea' id='block_1_92' title="bbox 1955 1202 3651 1275">
    <p class='ocr_par' dir='ltr' id='par_1_92' title="bbox 1955 1202 3651 1275">
     <span class='ocr_line' id='line_1_93' title="bbox 1955 1202 3651 1275; baseline 0.014 -23"><span class='ocrx_word' id='word_1_684' title='bbox 1955 1216 2086 1254; x_wconf 90' lang='lat' dir='ltr'>rum</span> <span class='ocrx_word' id='word_1_685' title='bbox 2117 1202 2397 1275; x_wconf 82' lang='lat' dir='ltr'>imagines</span> <span class='ocrx_word' id='word_1_686' title='bbox 2438 1202 2629 1260; x_wconf 82' lang='lat' dir='ltr'>animo</span> <span class='ocrx_word' id='word_1_687' title='bbox 2661 1208 2905 1264; x_wconf 90' lang='lat' dir='ltr'>videndo</span> <span class='ocrx_word' id='word_1_688' title='bbox 2940 1202 3255 1270; x_wconf 68' lang='lat' dir='ltr'>formamus</span> <span class='ocrx_word' id='word_1_689' title='bbox 3287 1223 3343 1272; x_wconf 90' lang='lat' dir='ltr'>et</span> <span class='ocrx_word' id='word_1_690' title='bbox 3382 1202 3651 1275; x_wconf 68' lang='lat' dir='ltr'>recondi-</span> 
     </span>
    </p>
   </div>
   <div class='ocr_carea' id='block_1_93' title="bbox 1956 1274 3651 1357">
    <p class='ocr_par' dir='ltr' id='par_1_93' title="bbox 1956 1274 3651 1357">
     <span class='ocr_line' id='line_1_94' title="bbox 1956 1274 3651 1357; baseline 0.014 -33"><span class='ocrx_word' id='word_1_691' title='bbox 1956 1287 2083 1325; x_wconf 90' lang='lat' dir='ltr'>mus</span> <span class='ocrx_word' id='word_1_692' title='bbox 2118 1289 2131 1327; x_wconf 92' lang='lat'>:</span> <span class='ocrx_word' id='word_1_693' title='bbox 2174 1274 2343 1353; x_wconf 60' lang='lat' dir='ltr'>tentio</span> <span class='ocrx_word' id='word_1_694' title='bbox 2387 1276 2655 1357; x_wconf 48' lang='lat' dir='ltr'>dionuntur</span> <span class='ocrx_word' id='word_1_695' title='bbox 2684 1278 2805 1357; x_wconf 65' lang='lat' dir='ltr'>illa1</span> <span class='ocrx_word' id='word_1_696' title='bbox 2830 1281 3041 1357; x_wconf 78' lang='lat' dir='ltr'>quibus</span> <span class='ocrx_word' id='word_1_697' title='bbox 3079 1302 3164 1352; x_wconf 90' lang='lat' dir='ltr'>ea,</span> <span class='ocrx_word' id='word_1_698' title='bbox 3212 1305 3341 1357; x_wconf 66' lang='lat' dir='ltr'>quae</span> <span class='ocrx_word' id='word_1_699' title='bbox 3382 1295 3514 1344; x_wconf 90' lang='lat' dir='ltr'>sunt</span> <span class='ocrx_word' id='word_1_700' title='bbox 3545 1274 3651 1345; x_wconf 88' lang='lat' dir='ltr'>im-</span> 
     </span>
    </p>
   </div>
   <div class='ocr_carea' id='block_1_94' title="bbox 1954 1344 3655 1430">
    <p class='ocr_par' dir='ltr' id='par_1_94' title="bbox 1954 1344 3655 1430">
     <span class='ocr_line' id='line_1_95' title="bbox 1954 1344 3655 1430; baseline 0.014 -37"><span class='ocrx_word' id='word_1_701' title='bbox 1954 1344 2380 1430; x_wconf 39' lang='lat' dir='ltr'>pressa&#39;aniino,</span> <span class='ocrx_word' id='word_1_702' title='bbox 2415 1348 2747 1403; x_wconf 79' lang='lat' dir='ltr'>etferuntur.</span> <span class='ocrx_word' id='word_1_703' title='bbox 2782 1344 3121 1430; x_wconf 49' lang='lat' dir='ltr'>Id-namqu_e</span> <span class='ocrx_word' id='word_1_704' title='bbox 3144 1344 3296 1427; x_wconf 72' lang='lat' dir='ltr'>quod</span> <span class='ocrx_word' id='word_1_705' title='bbox 3322 1360 3448 1430; x_wconf 90' lang='lat' dir='ltr'>quis</span> <span class='ocrx_word' id='word_1_706' title='bbox 3473 1344 3655 1416; x_wconf 69' lang='lat' dir='ltr'>conci-</span> 
     </span>
    </p>
   </div>
   <div class='ocr_carea' id='block_1_95' title="bbox 1953 1412 3651 1497">
    <p class='ocr_par' dir='ltr' id='par_1_95' title="bbox 1953 1412 3651 1497">
     <span class='ocr_line' id='line_1_96' title="bbox 1953 1412 3651 1497; baseline 0.014 -33"><span class='ocrx_word' id='word_1_707' title='bbox 1953 1412 2038 1492; x_wconf 79' lang='lat' dir='ltr'>pit</span> <span class='ocrx_word' id='word_1_708' title='bbox 2071 1414 2298 1497; x_wconf 66' lang='lat' dir='ltr'>animo,</span> <span class='ocrx_word' id='word_1_709' title='bbox 2327 1416 2935 1497; x_wconf 83' lang='lat' dir='ltr'>linguaprosequento</span> <span class='ocrx_word' id='word_1_710' title='bbox 2960 1412 3239 1497; x_wconf 63' lang='lat' dir='ltr'>declarat.</span> <span class='ocrx_word' id='word_1_711' title='bbox 3274 1412 3651 1487; x_wconf 49' lang='lat' dir='ltr'>Se‘diit&#39;i‘iIE-</span> 
     </span>
    </p>
   </div>
   <div class='ocr_carea' id='block_1_96' title="bbox 1952 1438 3653 1577">
    <p class='ocr_par' dir='ltr' id='par_1_96' title="bbox 1952 1438 3653 1577">
     <span class='ocr_line' id='line_1_97' title="bbox 1953 1438 3651 1544; baseline 0.014 -80"><span class='ocrx_word' id='word_1_712' title='bbox 1953 1438 2038 1492; x_wconf 58' lang='lat' dir='ltr'>pit</span> <span class='ocrx_word' id='word_1_713' title='bbox 2078 1438 2287 1493; x_wconf 72' lang='lat' dir='ltr'>animo,</span> <span class='ocrx_word' id='word_1_714' title='bbox 2327 1438 2521 1487; x_wconf 86' lang='lat' dir='ltr'>ungua</span> <span class='ocrx_word' id='word_1_715' title='bbox 2555 1438 2935 1544; x_wconf 63' lang='lat' dir='ltr'>prosequente</span> <span class='ocrx_word' id='word_1_716' title='bbox 2968 1438 3239 1483; x_wconf 76' lang='lat' dir='ltr'>dectarat.</span> <span class='ocrx_word' id='word_1_717' title='bbox 3276 1438 3384 1484; x_wconf 71' lang='lat' dir='ltr'>Sed</span> <span class='ocrx_word' id='word_1_718' title='bbox 3415 1438 3478 1485; x_wconf 93' lang='lat' dir='ltr'>ut</span> <span class='ocrx_word' id='word_1_719' title='bbox 3508 1438 3651 1487; x_wconf 84' lang='lat' dir='ltr'>The-</span> 
     </span>
     <span class='ocr_line' id='line_1_98' title="bbox 1952 1490 3653 1577; baseline 0.014 -42"><span class='ocrx_word' id='word_1_720' title='bbox 1952 1490 2385 1577; x_wconf 41' lang='lat' dir='ltr'>I‘Il‘lis‘t‘lt)‘</span> <span class='ocrx_word' id='word_1_721' title='bbox 2408 1494 2597 1577; x_wconf 62' lang='lat' dir='ltr'>artatis</span> <span class='ocrx_word' id='word_1_722' title='bbox 2627 1493 2850 1577; x_wconf 38' lang='lat' dir='ltr'>eruuito</span> <span class='ocrx_word' id='word_1_723' title='bbox 2871 1494 3214 1577; x_wconf 85' lang='lat' dir='ltr'>philosopho</span> <span class='ocrx_word' id='word_1_724' title='bbox 3248 1500 3450 1577; x_wconf 90' lang='lat' dir='ltr'>placet,</span> <span class='ocrx_word' id='word_1_725' title='bbox 3476 1504 3543 1556; x_wconf 92' lang='lat' dir='ltr'>de</span> <span class='ocrx_word' id='word_1_726' title='bbox 3566 1504 3653 1558; x_wconf 84' lang='lat' dir='ltr'>liis</span> 
     </span>
    </p>
   </div>
   <div class='ocr_carea' id='block_1_97' title="bbox 1952 1556 3653 1645">
    <p class='ocr_par' dir='ltr' id='par_1_97' title="bbox 1952 1556 3653 1645">
     <span class='ocr_line' id='line_1_99' title="bbox 1952 1556 3653 1645; baseline 0.014 -39"><span class='ocrx_word' id='word_1_727' title='bbox 1952 1556 2283 1645; x_wconf 51' lang='lat' dir='ltr'>aristoteles</span> <span class='ocrx_word' id='word_1_728' title='bbox 2309 1562 2547 1613; x_wconf 89' lang='lat' dir='ltr'>tractare</span> <span class='ocrx_word' id='word_1_729' title='bbox 2575 1559 2797 1642; x_wconf 77' lang='lat' dir='ltr'>incipit,</span> <span class='ocrx_word' id='word_1_730' title='bbox 2822 1556 2948 1634; x_wconf 65' lang='lat' dir='ltr'>quas</span> <span class='ocrx_word' id='word_1_731' title='bbox 2968 1556 3385 1645; x_wconf 75' lang='lat' dir='ltr'>percipiuntur,</span> <span class='ocrx_word' id='word_1_732' title='bbox 3408 1556 3653 1645; x_wconf 63' lang='lat' dir='ltr'>quaeque</span> 
     </span>
    </p>
   </div>
   <div class='ocr_carea' id='block_1_98' title="bbox 1952 1633 3649 1715">
    <p class='ocr_par' dir='ltr' id='par_1_98' title="bbox 1952 1633 3649 1715">
     <span class='ocr_line' id='line_1_100' title="bbox 1952 1633 3649 1715; baseline 0.014 -37"><span class='ocrx_word' id='word_1_733' title='bbox 1952 1633 2073 1715; x_wconf 69' lang='lat' dir='ltr'>ipse</span> <span class='ocrx_word' id='word_1_734' title='bbox 2100 1633 2282 1715; x_wconf 35' lang='lat' dir='ltr'>Avocat</span> <span class='ocrx_word' id='word_1_735' title='bbox 2336 1645 2517 1707; x_wconf 72' lang='lat' dir='ltr'>graeco</span> <span class='ocrx_word' id='word_1_736' title='bbox 2584 1633 3192 1715; x_wconf 21' lang='lat' dir='ltr'>nomineo&#39;mpiwdugba</span> <span class='ocrx_word' id='word_1_737' title='bbox 3222 1642 3333 1696; x_wconf 86' lang='lat' dir='ltr'>sive</span> <span class='ocrx_word' id='word_1_738' title='bbox 3370 1633 3649 1715; x_wconf 63' lang='grc' dir='ltr'>ξρῶκταςξας,</span> 
     </span>
    </p>
   </div>
   <div class='ocr_carea' id='block_1_99' title="bbox 1951 1698 3649 1771">
    <p class='ocr_par' dir='ltr' id='par_1_99' title="bbox 1951 1698 3649 1771">
     <span class='ocr_line' id='line_1_101' title="bbox 1951 1698 3649 1771; baseline 0.013 -22"><span class='ocrx_word' id='word_1_739' title='bbox 1951 1698 2008 1771; x_wconf 87' lang='lat' dir='ltr'>i_d</span> <span class='ocrx_word' id='word_1_740' title='bbox 2036 1701 2139 1763; x_wconf 89' lang='lat' dir='ltr'>est,</span> <span class='ocrx_word' id='word_1_741' title='bbox 2174 1698 2453 1771; x_wconf 85' lang='lat' dir='ltr'>imagines</span> <span class='ocrx_word' id='word_1_742' title='bbox 2475 1717 2667 1755; x_wconf 89' lang='lat' dir='ltr'>rerum</span> <span class='ocrx_word' id='word_1_743' title='bbox 2692 1698 3004 1760; x_wconf 78' lang='lat' dir='ltr'>insidentes</span> <span class='ocrx_word' id='word_1_744' title='bbox 3032 1698 3225 1764; x_wconf 82' lang='lat' dir='ltr'>animo</span> <span class='ocrx_word' id='word_1_745' title='bbox 3251 1729 3263 1765; x_wconf 91' lang='lat'>:</span> <span class='ocrx_word' id='word_1_746' title='bbox 3294 1698 3649 1771; x_wconf 70' lang='lat' dir='ltr'>verumcum</span> 
     </span>
    </p>
   </div>
   <div class='ocr_carea' id='block_1_100' title="bbox 1950 1766 3649 1856">
    <p class='ocr_par' dir='ltr' id='par_1_100' title="bbox 1950 1766 3649 1856">
     <span class='ocr_line' id='line_1_102' title="bbox 1950 1766 3649 1856; baseline 0.014 -38"><span class='ocrx_word' id='word_1_747' title='bbox 1950 1766 2019 1856; x_wconf 69' lang='lat' dir='ltr'>de</span> <span class='ocrx_word' id='word_1_748' title='bbox 2034 1766 2315 1847; x_wconf 69' lang='lat' dir='ltr'>perceptis</span> <span class='ocrx_word' id='word_1_749' title='bbox 2330 1774 2695 1856; x_wconf 71' lang='lat' dir='ltr'>proposuerit</span> <span class='ocrx_word' id='word_1_750' title='bbox 2708 1774 2996 1856; x_wconf 72' lang='lat' dir='ltr'>disputare</span> <span class='ocrx_word' id='word_1_751' title='bbox 3011 1786 3106 1856; x_wconf 87' lang='lat' dir='ltr'>;_et</span> <span class='ocrx_word' id='word_1_752' title='bbox 3118 1782 3186 1835; x_wconf 91' lang='lat' dir='ltr'>de</span> <span class='ocrx_word' id='word_1_753' title='bbox 3210 1782 3275 1835; x_wconf 89' lang='lat' dir='ltr'>iis</span> <span class='ocrx_word' id='word_1_754' title='bbox 3288 1800 3415 1854; x_wconf 68' lang='lat' dir='ltr'>qua:</span> <span class='ocrx_word' id='word_1_755' title='bbox 3430 1766 3649 1856; x_wconf 44' lang='lat' dir='ltr'>{ait}?</span> 
     </span>
    </p>
   </div>
   <div class='ocr_carea' id='block_1_101' title="bbox 1951 1837 3647 1911">
    <p class='ocr_par' dir='ltr' id='par_1_101' title="bbox 1951 1837 3647 1911">
     <span class='ocr_line' id='line_1_103' title="bbox 1951 1837 3647 1911; baseline 0.013 -21"><span class='ocrx_word' id='word_1_756' title='bbox 1951 1837 2020 1891; x_wconf 91' lang='lat' dir='ltr'>de</span> <span class='ocrx_word' id='word_1_757' title='bbox 2060 1838 2129 1891; x_wconf 93' lang='lat' dir='ltr'>iis</span> <span class='ocrx_word' id='word_1_758' title='bbox 2160 1837 2289 1911; x_wconf 67' lang='lat' dir='ltr'>qua:</span> <span class='ocrx_word' id='word_1_759' title='bbox 2331 1837 2627 1909; x_wconf 78' lang='lat' dir='ltr'>dicuntur,</span> <span class='ocrx_word' id='word_1_760' title='bbox 2665 1837 2981 1901; x_wconf 75' lang='lat' dir='ltr'>necessario</span> <span class='ocrx_word' id='word_1_761' title='bbox 3012 1837 3325 1907; x_wconf 51' lang='lat' dir='ltr'>&#39;locuturus</span> <span class='ocrx_word' id='word_1_762' title='bbox 3366 1837 3647 1911; x_wconf 30' lang='lat' dir='ltr'>esti—Per;</span> 
     </span>
    </p>
   </div>
   <div class='ocr_carea' id='block_1_102' title="bbox 1949 1910 3647 1995">
    <p class='ocr_par' dir='ltr' id='par_1_102' title="bbox 1949 1910 3647 1995">
     <span class='ocr_line' id='line_1_104' title="bbox 1949 1910 3647 1995; baseline 0.014 -34"><span class='ocrx_word' id='word_1_763' title='bbox 1949 1915 2114 1989; x_wconf 79' lang='lat' dir='ltr'>cepta</span> <span class='ocrx_word' id='word_1_764' title='bbox 2145 1910 2299 1990; x_wconf 81' lang='lat' dir='ltr'>enim</span> <span class='ocrx_word' id='word_1_765' title='bbox 2339 1928 2407 1965; x_wconf 79' lang='lat' dir='ltr'>ex</span> <span class='ocrx_word' id='word_1_766' title='bbox 2458 1912 2546 1967; x_wconf 88' lang='lat' dir='ltr'>his</span> <span class='ocrx_word' id='word_1_767' title='bbox 2581 1915 3031 1995; x_wconf 59' lang='lat' dir='ltr'>oriunturquge</span> <span class='ocrx_word' id='word_1_768' title='bbox 3058 1929 3211 1995; x_wconf 87' lang='lat' dir='ltr'>sunt,</span> <span class='ocrx_word' id='word_1_769' title='bbox 3245 1941 3373 1995; x_wconf 68' lang='lat' dir='ltr'>quin</span> <span class='ocrx_word' id='word_1_770' title='bbox 3401 1910 3647 1983; x_wconf 83' lang='lat' dir='ltr'>videndo</span> 
     </span>
    </p>
   </div>
   <div class='ocr_carea' id='block_1_103' title="bbox 1948 1989 3644 2066">
    <p class='ocr_par' dir='ltr' id='par_1_103' title="bbox 1948 1989 3644 2066">
     <span class='ocr_line' id='line_1_105' title="bbox 1948 1989 3644 2066; baseline 0.014 -35"><span class='ocrx_word' id='word_1_771' title='bbox 1948 1989 2329 2061; x_wconf 60' lang='lat' dir='ltr'>peneipimus:</span> <span class='ocrx_word' id='word_1_772' title='bbox 2362 1989 2767 2066; x_wconf 72' lang='lat' dir='ltr'>perceptorum</span> <span class='ocrx_word' id='word_1_773' title='bbox 2787 1989 2990 2066; x_wconf 78' lang='lat' dir='ltr'>autem</span> <span class='ocrx_word' id='word_1_774' title='bbox 3003 1992 3185 2066; x_wconf 82' lang='lat' dir='ltr'>deerit</span> <span class='ocrx_word' id='word_1_775' title='bbox 3216 1989 3644 2066; x_wconf 77' lang='lat' dir='ltr'>demonstratio,</span> 
     </span>
    </p>
   </div>
   <div class='ocr_carea' id='block_1_104' title="bbox 1947 2055 3646 2125">
    <p class='ocr_par' dir='ltr' id='par_1_104' title="bbox 1947 2055 3646 2125">
     <span class='ocr_line' id='line_1_106' title="bbox 1947 2055 3646 2125; baseline 0.014 -23"><span class='ocrx_word' id='word_1_776' title='bbox 1947 2055 2060 2125; x_wconf 76' lang='lat' dir='ltr'>nisi</span> <span class='ocrx_word' id='word_1_777' title='bbox 2079 2068 2297 2120; x_wconf 91' lang='lat' dir='ltr'>eorum,</span> <span class='ocrx_word' id='word_1_778' title='bbox 2321 2070 2449 2124; x_wconf 68' lang='lat' dir='ltr'>quas</span> <span class='ocrx_word' id='word_1_779' title='bbox 2471 2055 2986 2125; x_wconf 84' lang='lat' dir='ltr'>dicuntur,auxilio</span> <span class='ocrx_word' id='word_1_780' title='bbox 3007 2062 3221 2119; x_wconf 84' lang='lat' dir='ltr'>fuerint</span> <span class='ocrx_word' id='word_1_781' title='bbox 3237 2055 3646 2124; x_wconf 54' lang='lat' dir='ltr'>demonstrata:</span> 
     </span>
    </p>
   </div>
   <div class='ocr_carea' id='block_1_105' title="bbox 1948 2122 3647 2207">
    <p class='ocr_par' dir='ltr' id='par_1_105' title="bbox 1948 2122 3647 2207">
     <span class='ocr_line' id='line_1_107' title="bbox 1948 2122 3647 2207; baseline 0.014 -33"><span class='ocrx_word' id='word_1_782' title='bbox 1948 2122 2093 2207; x_wconf 63' lang='lat' dir='ltr'>Ergo</span> <span class='ocrx_word' id='word_1_783' title='bbox 2126 2122 2458 2207; x_wconf 77' lang='lat' dir='ltr'>quanquam</span> <span class='ocrx_word' id='word_1_784' title='bbox 2482 2122 2799 2207; x_wconf 77' lang='lat' dir='ltr'>separatim</span> <span class='ocrx_word' id='word_1_785' title='bbox 2837 2137 3046 2207; x_wconf 81' lang='lat' dir='ltr'>postea</span> <span class='ocrx_word' id='word_1_786' title='bbox 3060 2151 3126 2207; x_wconf 86' lang='lat' dir='ltr'>ea</span> <span class='ocrx_word' id='word_1_787' title='bbox 3160 2153 3287 2207; x_wconf 79' lang='lat' dir='ltr'>quae</span> <span class='ocrx_word' id='word_1_788' title='bbox 3320 2122 3647 2205; x_wconf 11' lang='lat' dir='ltr'>sunt,idefi-V</span> 
     </span>
    </p>
   </div>
   <div class='ocr_carea' id='block_1_106' title="bbox 1947 2195 3647 2267">
    <p class='ocr_par' dir='ltr' id='par_1_106' title="bbox 1947 2195 3647 2267">
     <span class='ocr_line' id='line_1_108' title="bbox 1947 2195 3647 2267; baseline 0.014 -22"><span class='ocrx_word' id='word_1_789' title='bbox 1947 2195 2172 2267; x_wconf 80' lang='lat' dir='ltr'>niturus</span> <span class='ocrx_word' id='word_1_790' title='bbox 2201 2195 2307 2249; x_wconf 91' lang='lat' dir='ltr'>sit:</span> <span class='ocrx_word' id='word_1_791' title='bbox 2356 2195 2593 2251; x_wconf 81' lang='lat' dir='ltr'>mixtam</span> <span class='ocrx_word' id='word_1_792' title='bbox 2633 2195 2941 2257; x_wconf 54' lang='lat' dir='ltr'>tamen&#39;de</span> <span class='ocrx_word' id='word_1_793' title='bbox 2978 2195 3647 2267; x_wconf 45' lang='lat' dir='ltr'>tribus‘disnutationem</span> 
     </span>
    </p>
   </div>
   <div class='ocr_carea' id='block_1_107' title="bbox 1947 2262 3648 2361">
    <p class='ocr_par' dir='ltr' id='par_1_107' title="bbox 1947 2262 3648 2361">
     <span class='ocr_line' id='line_1_109' title="bbox 1947 2262 3648 2361; baseline 0.014 -45"><span class='ocrx_word' id='word_1_794' title='bbox 1947 2262 2223 2345; x_wconf 78' lang='lat' dir='ltr'>debemus</span> <span class='ocrx_word' id='word_1_795' title='bbox 2251 2266 2527 2361; x_wconf 64' lang='lat' dir='ltr'>accipere.</span> <span class='ocrx_word' id='word_1_796' title='bbox 2560 2271 2705 2361; x_wconf 65' lang='lat' dir='ltr'>LNam</span> <span class='ocrx_word' id='word_1_797' title='bbox 2724 2273 2806 2361; x_wconf 36' lang='lat' dir='ltr'>Ade</span> <span class='ocrx_word' id='word_1_798' title='bbox 2836 2276 3118 2361; x_wconf 73' lang='lat' dir='ltr'>perceptis</span> <span class='ocrx_word' id='word_1_799' title='bbox 3152 2280 3251 2359; x_wconf 88' lang='lat' dir='ltr'>qui</span> <span class='ocrx_word' id='word_1_800' title='bbox 3278 2262 3648 2361; x_wconf 46' lang='lat' dir='ltr'>legendi]?</span> 
     </span>
    </p>
   </div>
   <div class='ocr_carea' id='block_1_108' title="bbox 1946 2336 3642 2423">
    <p class='ocr_par' dir='ltr' id='par_1_108' title="bbox 1946 2336 3642 2423">
     <span class='ocr_line' id='line_1_110' title="bbox 1946 2336 3642 2423; baseline 0.014 -37"><span class='ocrx_word' id='word_1_801' title='bbox 1946 2336 2229 2423; x_wconf 60' lang='lat' dir='ltr'>originem</span> <span class='ocrx_word' id='word_1_802' title='bbox 2249 2336 2443 2419; x_wconf 78' lang='lat' dir='ltr'>rerum</span> <span class='ocrx_word' id='word_1_803' title='bbox 2470 2341 2665 2407; x_wconf 89' lang='lat' dir='ltr'>trahit,</span> <span class='ocrx_word' id='word_1_804' title='bbox 2689 2348 2745 2423; x_wconf 80' lang='lat' dir='ltr'>et</span> <span class='ocrx_word' id='word_1_805' title='bbox 2762 2336 3031 2413; x_wconf 63' lang='lat' dir='ltr'>praesidia</span> <span class='ocrx_word' id='word_1_806' title='bbox 3051 2336 3322 2423; x_wconf 81' lang='lat' dir='ltr'>orationis</span> <span class='ocrx_word' id='word_1_807' title='bbox 3352 2336 3642 2423; x_wconf 72' lang='lat' dir='ltr'>implorat.</span> 
     </span>
    </p>
   </div>
   <div class='ocr_carea' id='block_1_109' title="bbox 1945 2405 3642 2492">
    <p class='ocr_par' dir='ltr' id='par_1_109' title="bbox 1945 2405 3642 2492">
     <span class='ocr_line' id='line_1_111' title="bbox 1945 2405 3642 2492; baseline 0.014 -34"><span class='ocrx_word' id='word_1_808' title='bbox 1945 2405 2306 2492; x_wconf 69' lang='lat' dir='ltr'>§uperﬂuam</span> <span class='ocrx_word' id='word_1_809' title='bbox 2337 2409 2517 2479; x_wconf 89' lang='lat' dir='ltr'>igitur</span> <span class='ocrx_word' id='word_1_810' title='bbox 2530 2405 2923 2492; x_wconf 53' lang='lat' dir='ltr'>quaestionem</span> <span class='ocrx_word' id='word_1_811' title='bbox 2952 2424 3162 2492; x_wconf 75' lang='lat' dir='ltr'>movet,</span> <span class='ocrx_word' id='word_1_812' title='bbox 3198 2421 3298 2492; x_wconf 91' lang='lat' dir='ltr'>qui</span> <span class='ocrx_word' id='word_1_813' title='bbox 3320 2405 3460 2479; x_wconf 68' lang='lat' dir='ltr'>dicit</span> <span class='ocrx_word' id='word_1_814' title='bbox 3479 2405 3642 2480; x_wconf 53' lang='grc' dir='ltr'>ἐέὶᾙξ</span> 
     </span>
    </p>
   </div>
   <div class='ocr_carea' id='block_1_110' title="bbox 1945 2480 3643 2563">
    <p class='ocr_par' dir='ltr' id='par_1_110' title="bbox 1945 2480 3643 2563">
     <span class='ocr_line' id='line_1_112' title="bbox 1945 2480 3643 2563; baseline 0.014 -34"><span class='ocrx_word' id='word_1_815' title='bbox 1945 2480 2055 2530; x_wconf 87' lang='lat' dir='ltr'>tari</span> <span class='ocrx_word' id='word_1_816' title='bbox 2080 2485 2343 2563; x_wconf 89' lang='lat' dir='ltr'>oportere</span> <span class='ocrx_word' id='word_1_817' title='bbox 2382 2480 2940 2563; x_wconf 45' lang='lat' dir='ltr'>our‘aristotelesiu</span> <span class='ocrx_word' id='word_1_818' title='bbox 2978 2480 3263 2563; x_wconf 78' lang='lat' dir='ltr'>principio</span> <span class='ocrx_word' id='word_1_819' title='bbox 3304 2510 3405 2549; x_wconf 91' lang='lat' dir='ltr'>suo</span> <span class='ocrx_word' id='word_1_820' title='bbox 3441 2496 3643 2551; x_wconf 90' lang='lat' dir='ltr'>homo-</span> 
     </span>
    </p>
   </div>
   <div class='ocr_carea' id='block_1_111' title="bbox 1946 2550 3645 2638">
    <p class='ocr_par' dir='ltr' id='par_1_111' title="bbox 1946 2550 3645 2638">
     <span class='ocr_line' id='line_1_113' title="bbox 1946 2550 3645 2638; baseline 0.014 -38"><span class='ocrx_word' id='word_1_821' title='bbox 1946 2550 2412 2638; x_wconf 36' lang='lat' dir='ltr'>nymaglegevol</span> <span class='ocrx_word' id='word_1_822' title='bbox 2458 2552 2804 2638; x_wconf 29' lang='lat' dir='ltr'>digerittvel</span> <span class='ocrx_word' id='word_1_823' title='bbox 2844 2550 3143 2638; x_wconf 72' lang='lat' dir='ltr'>deteierit,</span> <span class='ocrx_word' id='word_1_824' title='bbox 3168 2550 3230 2616; x_wconf 47' lang='lat' dir='ltr'>‘si</span> <span class='ocrx_word' id='word_1_825' title='bbox 3274 2564 3344 2618; x_wconf 90' lang='lat' dir='ltr'>de</span> <span class='ocrx_word' id='word_1_826' title='bbox 3390 2565 3477 2619; x_wconf 90' lang='lat' dir='ltr'>his</span> <span class='ocrx_word' id='word_1_827' title='bbox 3515 2550 3645 2638; x_wconf 69' lang='lat' dir='ltr'>qua:</span> 
     </span>
    </p>
   </div>
   <div class='ocr_carea' id='block_1_112' title="bbox 1943 2620 3643 2703">
    <p class='ocr_par' dir='ltr' id='par_1_112' title="bbox 1943 2620 3643 2703">
     <span class='ocr_line' id='line_1_114' title="bbox 1943 2620 3643 2703; baseline 0.013 -33"><span class='ocrx_word' id='word_1_828' title='bbox 1943 2620 2340 2703; x_wconf 70' lang='lat' dir='ltr'>percipiuntnr</span> <span class='ocrx_word' id='word_1_829' title='bbox 2358 2622 2545 2703; x_wconf 74' lang='lat' dir='ltr'>fuerat</span> <span class='ocrx_word' id='word_1_830' title='bbox 2566 2620 2929 2703; x_wconf 78' lang='lat' dir='ltr'>tractaturus,</span> <span class='ocrx_word' id='word_1_831' title='bbox 2951 2645 3080 2684; x_wconf 88' lang='lat' dir='ltr'>cum</span> <span class='ocrx_word' id='word_1_832' title='bbox 3107 2620 3322 2703; x_wconf 87' lang='lat' dir='ltr'>liqueat</span> <span class='ocrx_word' id='word_1_833' title='bbox 3342 2650 3456 2689; x_wconf 91' lang='lat' dir='ltr'>non</span> <span class='ocrx_word' id='word_1_834' title='bbox 3476 2620 3643 2699; x_wconf 63' lang='lat' dir='ltr'>pdsse</span> 
     </span>
    </p>
   </div>
   <div class='ocr_carea' id='block_1_113' title="bbox 1946 2688 3642 2787">
    <p class='ocr_par' dir='ltr' id='par_1_113' title="bbox 1946 2688 3642 2787">
     <span class='ocr_line' id='line_1_115' title="bbox 1946 2688 3642 2787; baseline -0.015 1"><span class='ocrx_word' id='word_1_835' title='bbox 1946 2688 2057 2787; x_wconf 60' lang='lat' dir='ltr'>dici</span> <span class='ocrx_word' id='word_1_836' title='bbox 2088 2690 2327 2787; x_wconf 45' lang='lat' dir='ltr'>aliquid,</span> <span class='ocrx_word' id='word_1_837' title='bbox 2361 2692 2657 2775; x_wconf 64' lang='lat' dir='ltr'>nisimwd</span> <span class='ocrx_word' id='word_1_838' title='bbox 2682 2688 3019 2787; x_wconf 62' lang='grc' dir='ltr'>ρετοερωεη</span> <span class='ocrx_word' id='word_1_839' title='bbox 3056 2688 3247 2784; x_wconf 67' lang='lat' dir='ltr'>fuerit,</span> <span class='ocrx_word' id='word_1_840' title='bbox 3282 2688 3642 2787; x_wconf 52' lang='grc' dir='ltr'>ηρορέτεῑρῑ</span> 
     </span>
    </p>
   </div>
   <div class='ocr_carea' id='block_1_114' title="bbox 1944 2760 3640 2886">
    <p class='ocr_par' dir='ltr' id='par_1_114' title="bbox 1944 2760 3640 2886">
     <span class='ocr_line' id='line_1_116' title="bbox 1944 2760 3640 2886; baseline 0.013 -74"><span class='ocrx_word' id='word_1_841' title='bbox 1944 2760 2395 2886; x_wconf 53' lang='grc' dir='ltr'>ἓΙίῳιὶᾴξιοεεθ,</span> <span class='ocrx_word' id='word_1_842' title='bbox 2448 2760 2559 2819; x_wconf 78' lang='lat' dir='ltr'>nisi</span> <span class='ocrx_word' id='word_1_843' title='bbox 2594 2760 2703 2821; x_wconf 62' lang='lat' dir='ltr'>res&#39;</span> <span class='ocrx_word' id='word_1_844' title='bbox 2731 2760 2903 2823; x_wconf 88' lang='lat' dir='ltr'>fuerit</span> <span class='ocrx_word' id='word_1_845' title='bbox 2942 2770 3012 2825; x_wconf 91' lang='lat' dir='ltr'>de</span> <span class='ocrx_word' id='word_1_846' title='bbox 3052 2789 3166 2844; x_wconf 90' lang='lat' dir='ltr'>qua</span> <span class='ocrx_word' id='word_1_847' title='bbox 3194 2760 3384 2846; x_wconf 85' lang='lat' dir='ltr'>imago</span> <span class='ocrx_word' id='word_1_848' title='bbox 3412 2760 3640 2833; x_wconf 51' lang='lat' dir='ltr'>intueri;</span> 
     </span>
     <span class='ocr_line' id='line_1_117' title="bbox 1985 2847 2322 2886; baseline 0.009 -3"><span class='ocrx_word' id='word_1_849' title='bbox 1985 2847 2016 2883; x_wconf 89' lang='grc' dir='ltr'>ο</span> <span class='ocrx_word' id='word_1_850' title='bbox 2047 2848 2209 2886; x_wconf 82' lang='lat' dir='ltr'>capia</span> <span class='ocrx_word' id='word_1_851' title='bbox 2236 2849 2322 2886; x_wconf 90' lang='lat' dir='ltr'>ur.</span> 
     </span>
    </p>
   </div>
   <div class='ocr_carea' id='block_1_115' title="bbox 1985 2847 2322 2901">
    <p class='ocr_par' dir='ltr' id='par_1_115' title="bbox 1985 2847 2322 2901">
     <span class='ocr_line' id='line_1_118' title="bbox 1985 2847 2322 2901; baseline 0.015 -18"><span class='ocrx_word' id='word_1_852' title='bbox 1985 2847 2016 2883; x_wconf 93' lang='lat'>0</span> <span class='ocrx_word' id='word_1_853' title='bbox 2047 2847 2322 2901; x_wconf 84' lang='lat' dir='ltr'>capiatur.</span> 
     </span>
    </p>
   </div>
   <div class='ocr_carea' id='block_1_116' title="bbox 1946 2920 3638 3005">
    <p class='ocr_par' dir='ltr' id='par_1_116' title="bbox 1946 2920 3638 3005">
     <span class='ocr_line' id='line_1_119' title="bbox 1946 2920 3638 3005; baseline 0.011 -31"><span class='ocrx_word' id='word_1_854' title='bbox 1946 2920 2076 2974; x_wconf 83' lang='lat' dir='ltr'>CAP</span> <span class='ocrx_word' id='word_1_855' title='bbox 2086 2922 2171 2977; x_wconf 90' lang='lat' dir='ltr'>UT</span> <span class='ocrx_word' id='word_1_856' title='bbox 2197 2922 2283 2977; x_wconf 91' lang='lat' dir='ltr'>IV.</span> <span class='ocrx_word' id='word_1_857' title='bbox 2320 2952 2386 2963; x_wconf 85' lang='lat'><strong><em>—</em></strong></span> <span class='ocrx_word' id='word_1_858' title='bbox 2401 2926 2477 2980; x_wconf 88' lang='lat' dir='ltr'>De</span> <span class='ocrx_word' id='word_1_859' title='bbox 2496 2924 2927 3005; x_wconf 60' lang='lat' dir='ltr'>denominativis.</span> <span class='ocrx_word' id='word_1_860' title='bbox 2950 2930 3222 3000; x_wconf 74' lang='lat' dir='ltr'>Differam</span> <span class='ocrx_word' id='word_1_861' title='bbox 3242 2949 3549 3005; x_wconf 81' lang='lat' dir='ltr'>paronyma</span> <span class='ocrx_word' id='word_1_862' title='bbox 3570 2938 3638 2991; x_wconf 85' lang='lat' dir='ltr'>ab</span> 
     </span>
    </p>
   </div>
   <div class='ocr_carea' id='block_1_117' title="bbox 2607 2999 2961 3071">
    <p class='ocr_par' dir='ltr' id='par_1_117' title="bbox 2607 2999 2961 3071">
     <span class='ocr_line' id='line_1_120' title="bbox 2607 2999 2961 3071; baseline 0.008 -19"><span class='ocrx_word' id='word_1_863' title='bbox 2607 2999 2961 3071; x_wconf 78' lang='lat' dir='ltr'>homonymis.</span> 
     </span>
    </p>
   </div>
   <div class='ocr_carea' id='block_1_118' title="bbox 1946 3078 3637 3163">
    <p class='ocr_par' dir='ltr' id='par_1_118' title="bbox 1946 3078 3637 3163">
     <span class='ocr_line' id='line_1_121' title="bbox 1946 3078 3637 3163; baseline 0.012 -32"><span class='ocrx_word' id='word_1_864' title='bbox 1946 3149 1956 3160; x_wconf 42' lang='lat'><strong>.</strong></span> <span class='ocrx_word' id='word_1_865' title='bbox 2012 3078 2109 3163; x_wconf 66' lang='lat' dir='ltr'>llis</span> <span class='ocrx_word' id='word_1_866' title='bbox 2139 3095 2275 3151; x_wconf 89' lang='lat' dir='ltr'>ergo</span> <span class='ocrx_word' id='word_1_867' title='bbox 2305 3083 2925 3163; x_wconf 83' lang='lat' dir='ltr'>cognitis,paronyma</span> <span class='ocrx_word' id='word_1_868' title='bbox 2970 3089 3285 3159; x_wconf 84' lang='lat' dir='ltr'>videamus,</span> <span class='ocrx_word' id='word_1_869' title='bbox 3329 3108 3459 3163; x_wconf 80' lang='lat' dir='ltr'>quae</span> <span class='ocrx_word' id='word_1_870' title='bbox 3504 3101 3637 3152; x_wconf 90' lang='lat' dir='ltr'>sunt</span> 
     </span>
    </p>
   </div>
   <div class='ocr_carea' id='block_1_119' title="bbox 1940 3151 3635 3235">
    <p class='ocr_par' dir='ltr' id='par_1_119' title="bbox 1940 3151 3635 3235">
     <span class='ocr_line' id='line_1_122' title="bbox 1940 3151 3635 3235; baseline 0.011 -33"><span class='ocrx_word' id='word_1_871' title='bbox 1940 3151 2003 3235; x_wconf 90' lang='lat' dir='ltr'>in</span> <span class='ocrx_word' id='word_1_872' title='bbox 2032 3151 2511 3223; x_wconf 78' lang='lat' dir='ltr'>homonymorum</span> <span class='ocrx_word' id='word_1_873' title='bbox 2545 3151 3067 3235; x_wconf 49' lang='lat' dir='ltr'>et—synon&#39;ymorum</span> <span class='ocrx_word' id='word_1_874' title='bbox 3094 3151 3282 3235; x_wconf 77' lang='lat' dir='ltr'>medio</span> <span class='ocrx_word' id='word_1_875' title='bbox 3309 3151 3635 3235; x_wconf 74' lang='lat' dir='ltr'>constituta,</span> 
     </span>
    </p>
   </div>
   <div class='ocr_carea' id='block_1_120' title="bbox 1942 3226 3637 3301">
    <p class='ocr_par' dir='ltr' id='par_1_120' title="bbox 1942 3226 3637 3301">
     <span class='ocr_line' id='line_1_123' title="bbox 1942 3226 3637 3301; baseline 0.011 -27"><span class='ocrx_word' id='word_1_876' title='bbox 1942 3226 1999 3301; x_wconf 82' lang='lat' dir='ltr'>et</span> <span class='ocrx_word' id='word_1_877' title='bbox 2028 3238 2155 3301; x_wconf 59' lang='lat' dir='ltr'>quas</span> <span class='ocrx_word' id='word_1_878' title='bbox 2188 3240 2292 3277; x_wconf 91' lang='lat' dir='ltr'>nec</span> <span class='ocrx_word' id='word_1_879' title='bbox 2321 3226 2781 3297; x_wconf 89' lang='lat' dir='ltr'>paronymadici</span> <span class='ocrx_word' id='word_1_880' title='bbox 2804 3226 3067 3300; x_wconf 81' lang='lat' dir='ltr'>possunt,</span> <span class='ocrx_word' id='word_1_881' title='bbox 3101 3232 3209 3286; x_wconf 90' lang='lat' dir='ltr'>nisi</span> <span class='ocrx_word' id='word_1_882' title='bbox 3240 3234 3300 3287; x_wconf 93' lang='lat' dir='ltr'>in</span> <span class='ocrx_word' id='word_1_883' title='bbox 3331 3251 3387 3288; x_wconf 88' lang='lat' dir='ltr'>se</span> <span class='ocrx_word' id='word_1_884' title='bbox 3418 3226 3637 3291; x_wconf 55' lang='lat' dir='ltr'>habue;</span> 
     </span>
    </p>
   </div>
   <div class='ocr_carea' id='block_1_121' title="bbox 1939 3299 3637 3367">
    <p class='ocr_par' dir='ltr' id='par_1_121' title="bbox 1939 3299 3637 3367">
     <span class='ocr_line' id='line_1_124' title="bbox 1939 3299 3637 3367; baseline 0.011 -23"><span class='ocrx_word' id='word_1_885' title='bbox 1939 3299 2055 3367; x_wconf 74' lang='lat' dir='ltr'>rint</span> <span class='ocrx_word' id='word_1_886' title='bbox 2098 3299 2473 3367; x_wconf 90' lang='lat' dir='ltr'>utrorumque</span> <span class='ocrx_word' id='word_1_887' title='bbox 2519 3299 2893 3367; x_wconf 82' lang='lat' dir='ltr'>contractum,</span> <span class='ocrx_word' id='word_1_888' title='bbox 2938 3302 2997 3357; x_wconf 92' lang='lat' dir='ltr'>id</span> <span class='ocrx_word' id='word_1_889' title='bbox 3043 3308 3125 3357; x_wconf 88' lang='lat' dir='ltr'>est</span> <span class='ocrx_word' id='word_1_890' title='bbox 3172 3304 3281 3358; x_wconf 91' lang='lat' dir='ltr'>nisi</span> <span class='ocrx_word' id='word_1_891' title='bbox 3321 3311 3377 3359; x_wconf 89' lang='lat' dir='ltr'>et</span> <span class='ocrx_word' id='word_1_892' title='bbox 3423 3324 3637 3363; x_wconf 91' lang='lat' dir='ltr'>nomen</span> 
     </span>
    </p>
   </div>
   <div class='ocr_carea' id='block_1_122' title="bbox 1938 3362 3637 3443">
    <p class='ocr_par' dir='ltr' id='par_1_122' title="bbox 1938 3362 3637 3443">
     <span class='ocr_line' id='line_1_125' title="bbox 1938 3362 3637 3443; baseline 0.011 -28"><span class='ocrx_word' id='word_1_893' title='bbox 1938 3362 2421 3443; x_wconf 76' lang='lat' dir='ltr'>homonymorum</span> <span class='ocrx_word' id='word_1_894' title='bbox 2451 3372 2505 3422; x_wconf 92' lang='lat' dir='ltr'>et</span> <span class='ocrx_word' id='word_1_895' title='bbox 2534 3372 2827 3441; x_wconf 86' lang='lat' dir='ltr'>negotium</span> <span class='ocrx_word' id='word_1_896' title='bbox 2856 3362 3306 3443; x_wconf 77' lang='lat' dir='ltr'>synonymorum</span> <span class='ocrx_word' id='word_1_897' title='bbox 3336 3362 3637 3433; x_wconf 88' lang='lat' dir='ltr'>videantur</span> 
     </span>
    </p>
   </div>
   <div class='ocr_carea' id='block_1_123' title="bbox 1938 3433 3633 3513">
    <p class='ocr_par' dir='ltr' id='par_1_123' title="bbox 1938 3433 3633 3513">
     <span class='ocr_line' id='line_1_126' title="bbox 1938 3433 3633 3513; baseline 0.009 -26"><span class='ocrx_word' id='word_1_898' title='bbox 1938 3433 2482 3513; x_wconf 49' lang='lat' dir='ltr'>habere&#39;commune</span> <span class='ocrx_word' id='word_1_899' title='bbox 2516 3433 2687 3513; x_wconf 14' lang='lat' dir='ltr'>;7utva</span> <span class='ocrx_word' id='word_1_900' title='bbox 2718 3433 2995 3513; x_wconf 79' lang='lat' dir='ltr'>sapientia</span> <span class='ocrx_word' id='word_1_901' title='bbox 3024 3433 3361 3513; x_wconf 68' lang='lat' dir='ltr'>sapientem,</span> <span class='ocrx_word' id='word_1_902' title='bbox 3393 3450 3479 3501; x_wconf 89' lang='lat' dir='ltr'>vel</span> <span class='ocrx_word' id='word_1_903' title='bbox 3499 3465 3633 3503; x_wconf 89' lang='lat' dir='ltr'>-me-</span> 
     </span>
    </p>
   </div>
   <div class='ocr_carea' id='block_1_124' title="bbox 1939 3505 3633 3590">
    <p class='ocr_par' dir='ltr' id='par_1_124' title="bbox 1939 3505 3633 3590">
     <span class='ocr_line' id='line_1_127' title="bbox 1939 3505 3633 3590; baseline 0.009 -31"><span class='ocrx_word' id='word_1_904' title='bbox 1939 3505 2189 3590; x_wconf 39' lang='lat' dir='ltr'>dion-ina</span> <span class='ocrx_word' id='word_1_905' title='bbox 2220 3505 2805 3590; x_wconf 39' lang='lat' dir='ltr'>medicina&#39;dicamus;</span> <span class='ocrx_word' id='word_1_906' title='bbox 2842 3514 3041 3590; x_wconf 75' lang='lat' dir='ltr'>eadem</span> <span class='ocrx_word' id='word_1_907' title='bbox 3072 3505 3132 3568; x_wconf 68' lang='lat' dir='ltr'>in</span> <span class='ocrx_word' id='word_1_908' title='bbox 3163 3505 3384 3590; x_wconf 78' lang='lat' dir='ltr'>medico</span> <span class='ocrx_word' id='word_1_909' title='bbox 3412 3536 3541 3590; x_wconf 69' lang='lat' dir='ltr'>quas</span> <span class='ocrx_word' id='word_1_910' title='bbox 3572 3521 3633 3575; x_wconf 93' lang='lat' dir='ltr'>in</span> 
     </span>
    </p>
   </div>
   <div class='ocr_carea' id='block_1_125' title="bbox 1937 3577 3635 3645">
    <p class='ocr_par' dir='ltr' id='par_1_125' title="bbox 1937 3577 3635 3645">
     <span class='ocr_line' id='line_1_128' title="bbox 1937 3577 3635 3645; baseline 0.01 -17"><span class='ocrx_word' id='word_1_911' title='bbox 1937 3577 2221 3631; x_wconf 90' lang='lat' dir='ltr'>medicina</span> <span class='ocrx_word' id='word_1_912' title='bbox 2253 3584 2307 3632; x_wconf 91' lang='lat' dir='ltr'>et</span> <span class='ocrx_word' id='word_1_913' title='bbox 2332 3586 2490 3633; x_wconf 89' lang='lat' dir='ltr'>actus</span> <span class='ocrx_word' id='word_1_914' title='bbox 2521 3577 2834 3637; x_wconf 89' lang='lat' dir='ltr'>similitudo</span> <span class='ocrx_word' id='word_1_915' title='bbox 2862 3584 3087 3638; x_wconf 82' lang='lat' dir='ltr'>videtur</span> <span class='ocrx_word' id='word_1_916' title='bbox 3116 3592 3173 3639; x_wconf 84' lang='lat' dir='ltr'>et</span> <span class='ocrx_word' id='word_1_917' title='bbox 3201 3577 3473 3644; x_wconf 73' lang='lat' dir='ltr'>nominis.</span> <span class='ocrx_word' id='word_1_918' title='bbox 3503 3593 3635 3645; x_wconf 54' lang='lat' dir='ltr'>Pro.</span> 
     </span>
    </p>
   </div>
   <div class='ocr_carea' id='block_1_126' title="bbox 1936 3652 3630 3728">
    <p class='ocr_par' dir='ltr' id='par_1_126' title="bbox 1936 3652 3630 3728">
     <span class='ocr_line' id='line_1_129' title="bbox 1936 3652 3630 3728; baseline 0.01 -29"><span class='ocrx_word' id='word_1_919' title='bbox 1936 3652 2132 3716; x_wconf 90' lang='lat' dir='ltr'>pterea</span> <span class='ocrx_word' id='word_1_920' title='bbox 2170 3655 2320 3703; x_wconf 91' lang='lat' dir='ltr'>recte</span> <span class='ocrx_word' id='word_1_921' title='bbox 2362 3666 2743 3728; x_wconf 67' lang='lat' dir='ltr'>paronymum</span> <span class='ocrx_word' id='word_1_922' title='bbox 2789 3654 3003 3728; x_wconf 85' lang='lat' dir='ltr'>dictum</span> <span class='ocrx_word' id='word_1_923' title='bbox 3058 3660 3159 3721; x_wconf 90' lang='lat' dir='ltr'>est,</span> <span class='ocrx_word' id='word_1_924' title='bbox 3208 3660 3360 3728; x_wconf 92' lang='lat' dir='ltr'>quod</span> <span class='ocrx_word' id='word_1_925' title='bbox 3400 3662 3630 3716; x_wconf 88' lang='lat' dir='ltr'>aliunde</span> 
     </span>
    </p>
   </div>
   <div class='ocr_carea' id='block_1_127' title="bbox 1938 3721 3632 3813">
    <p class='ocr_par' dir='ltr' id='par_1_127' title="bbox 1938 3721 3632 3813">
     <span class='ocr_line' id='line_1_130' title="bbox 1938 3721 3632 3813; baseline 0.01 -43"><span class='ocrx_word' id='word_1_926' title='bbox 1938 3734 2151 3772; x_wconf 90' lang='lat' dir='ltr'>nomen</span> <span class='ocrx_word' id='word_1_927' title='bbox 2185 3721 2482 3813; x_wconf 67' lang='lat' dir='ltr'>acoeperit.</span> <span class='ocrx_word' id='word_1_928' title='bbox 2530 3724 2736 3777; x_wconf 90' lang='lat' dir='ltr'>Verum</span> <span class='ocrx_word' id='word_1_929' title='bbox 2777 3741 2847 3779; x_wconf 90' lang='lat' dir='ltr'>ne</span> <span class='ocrx_word' id='word_1_930' title='bbox 2887 3726 3087 3813; x_wconf 72' lang='lat' dir='ltr'>eadem</span> <span class='ocrx_word' id='word_1_931' title='bbox 3126 3721 3424 3813; x_wconf 66' lang='lat' dir='ltr'>videantur</span> <span class='ocrx_word' id='word_1_932' title='bbox 3463 3749 3632 3813; x_wconf 89' lang='lat' dir='ltr'>paro-</span> 
     </span>
    </p>
   </div>
   <div class='ocr_carea' id='block_1_128' title="bbox 1937 3792 3633 3869">
    <p class='ocr_par' dir='ltr' id='par_1_128' title="bbox 1937 3792 3633 3869">
     <span class='ocr_line' id='line_1_131' title="bbox 1937 3792 3633 3869; baseline 0.01 -28"><span class='ocrx_word' id='word_1_933' title='bbox 1937 3796 2213 3869; x_wconf 85' lang='lat' dir='ltr'>nyma_et</span> <span class='ocrx_word' id='word_1_934' title='bbox 2258 3792 2629 3869; x_wconf 69' lang='lat' dir='ltr'>homonyma,</span> <span class='ocrx_word' id='word_1_935' title='bbox 2688 3796 2924 3869; x_wconf 61' lang='lat' dir='ltr'>quieab</span> <span class='ocrx_word' id='word_1_936' title='bbox 2965 3812 3080 3851; x_wconf 91' lang='lat' dir='ltr'>uno</span> <span class='ocrx_word' id='word_1_937' title='bbox 3126 3798 3413 3869; x_wconf 91' lang='lat' dir='ltr'>dicuntur,</span> <span class='ocrx_word' id='word_1_938' title='bbox 3461 3792 3517 3858; x_wconf 84' lang='lat' dir='ltr'>id</span> <span class='ocrx_word' id='word_1_939' title='bbox 3548 3808 3633 3858; x_wconf 91' lang='lat' dir='ltr'>est</span> 
     </span>
    </p>
   </div>
   <div class='ocr_carea' id='block_1_129' title="bbox 1934 3862 3628 3944">
    <p class='ocr_par' dir='ltr' id='par_1_129' title="bbox 1934 3862 3628 3944">
     <span class='ocr_line' id='line_1_132' title="bbox 1934 3862 3628 3944; baseline 0.009 -30"><span class='ocrx_word' id='word_1_940' title='bbox 1934 3866 2075 3940; x_wconf 65' lang='grc' dir='ltr'>ῥμοῦ,</span> <span class='ocrx_word' id='word_1_941' title='bbox 2125 3862 2271 3915; x_wconf 88' lang='lat' dir='ltr'>hanc</span> <span class='ocrx_word' id='word_1_942' title='bbox 2320 3862 2723 3944; x_wconf 61' lang='lat' dir='ltr'>differentianf</span> <span class='ocrx_word' id='word_1_943' title='bbox 2757 3867 3030 3944; x_wconf 80' lang='lat' dir='ltr'>debemus</span> <span class='ocrx_word' id='word_1_944' title='bbox 3086 3862 3414 3938; x_wconf 75' lang='lat' dir='ltr'>agnoscere,</span> <span class='ocrx_word' id='word_1_945' title='bbox 3476 3876 3628 3944; x_wconf 91' lang='lat' dir='ltr'>quod</span> 
     </span>
    </p>
   </div>
   <div class='ocr_carea' id='block_1_130' title="bbox 1934 3930 3631 4055">
    <p class='ocr_par' dir='ltr' id='par_1_130' title="bbox 1934 3930 3631 4055">
     <span class='ocr_line' id='line_1_133' title="bbox 1934 3930 3631 4055; baseline 0.009 -72"><span class='ocrx_word' id='word_1_946' title='bbox 1934 3930 2059 4055; x_wconf 58' lang='lat' dir='ltr'>ipsa</span> <span class='ocrx_word' id='word_1_947' title='bbox 2114 3948 2430 4013; x_wconf 78' lang='lat' dir='ltr'>paronyma</span> <span class='ocrx_word' id='word_1_948' title='bbox 2480 3934 2631 3988; x_wconf 88' lang='lat' dir='ltr'>inter</span> <span class='ocrx_word' id='word_1_949' title='bbox 2681 3952 2739 3989; x_wconf 91' lang='lat' dir='ltr'>se</span> <span class='ocrx_word' id='word_1_950' title='bbox 2797 3938 3025 4008; x_wconf 89' lang='lat' dir='ltr'>quidem</span> <span class='ocrx_word' id='word_1_951' title='bbox 3076 3930 3313 4010; x_wconf 60' lang='lat' dir='ltr'>propter</span> <span class='ocrx_word' id='word_1_952' title='bbox 3369 3930 3631 3999; x_wconf 69' lang='lat' dir='ltr'>similitu-</span> 
     </span>
     <span class='ocr_line' id='line_1_134' title="bbox 1975 4004 3629 4055; baseline 0 0"><span class='ocrx_word' id='word_1_953' title='bbox 1975 4018 2128 4055; x_wconf 82' lang='lat' dir='ltr'>lnem</span> <span class='ocrx_word' id='word_1_954' title='bbox 2157 4004 2406 4055; x_wconf 84' lang='lat' dir='ltr'>nominis</span> <span class='ocrx_word' id='word_1_955' title='bbox 2436 4004 2782 4055; x_wconf 86' lang='lat' dir='ltr'>homonvma</span> <span class='ocrx_word' id='word_1_956' title='bbox 2812 4014 2964 4055; x_wconf 80' lang='lat' dir='ltr'>sunt-</span> <span class='ocrx_word' id='word_1_957' title='bbox 2990 4010 3139 4055; x_wconf 67' lang='lat' dir='ltr'>illius</span> <span class='ocrx_word' id='word_1_958' title='bbox 3166 4017 3353 4055; x_wconf 74' lang='lat' dir='ltr'>tampn</span> <span class='ocrx_word' id='word_1_959' title='bbox 3379 4016 3629 4055; x_wconf 74' lang='lat' dir='ltr'>nnminic</span> 
     </span>
    </p>
   </div>
   <div class='ocr_carea' id='block_1_131' title="bbox 1975 4003 3630 4077">
    <p class='ocr_par' dir='ltr' id='par_1_131' title="bbox 1975 4003 3630 4077">
     <span class='ocr_line' id='line_1_135' title="bbox 1975 4003 3630 4077; baseline 0.008 -23"><span class='ocrx_word' id='word_1_960' title='bbox 1975 4003 2128 4055; x_wconf 90' lang='lat' dir='ltr'>inem</span> <span class='ocrx_word' id='word_1_961' title='bbox 2157 4003 2406 4077; x_wconf 76' lang='lat' dir='ltr'>nominis</span> <span class='ocrx_word' id='word_1_962' title='bbox 2436 4004 2782 4077; x_wconf 89' lang='lat' dir='ltr'>homonyma</span> <span class='ocrx_word' id='word_1_963' title='bbox 2812 4003 2965 4074; x_wconf 75' lang='lat' dir='ltr'>sunt,</span> <span class='ocrx_word' id='word_1_964' title='bbox 2990 4003 3139 4063; x_wconf 78' lang='lat' dir='ltr'>illius</span> <span class='ocrx_word' id='word_1_965' title='bbox 3166 4003 3357 4068; x_wconf 76' lang='lat' dir='ltr'>tamen</span> <span class='ocrx_word' id='word_1_966' title='bbox 3379 4016 3630 4069; x_wconf 89' lang='lat' dir='ltr'>nominis</span> 
     </span>
    </p>
   </div>
   <div class='ocr_carea' id='block_1_132' title="bbox 1933 4075 3630 4155">
    <p class='ocr_par' dir='ltr' id='par_1_132' title="bbox 1933 4075 3630 4155">
     <span class='ocr_line' id='line_1_136' title="bbox 1933 4075 3630 4155; baseline 0.009 -30"><span class='ocrx_word' id='word_1_967' title='bbox 1933 4088 2246 4155; x_wconf 78' lang='lat' dir='ltr'>paronyma</span> <span class='ocrx_word' id='word_1_968' title='bbox 2271 4075 2558 4155; x_wconf 78' lang='lat' dir='ltr'>dicuntur,</span> <span class='ocrx_word' id='word_1_969' title='bbox 2580 4075 2739 4155; x_wconf 73' lang='lat' dir='ltr'>unde</span> <span class='ocrx_word' id='word_1_970' title='bbox 2769 4095 2974 4132; x_wconf 88' lang='lat' dir='ltr'>nomen</span> <span class='ocrx_word' id='word_1_971' title='bbox 3007 4088 3368 4155; x_wconf 79' lang='lat' dir='ltr'>acceperunt,</span> <span class='ocrx_word' id='word_1_972' title='bbox 3397 4091 3459 4139; x_wconf 93' lang='lat' dir='ltr'>ut</span> <span class='ocrx_word' id='word_1_973' title='bbox 3489 4092 3630 4155; x_wconf 85' lang='lat' dir='ltr'>puta</span> 
     </span>
    </p>
   </div>
   <div class='ocr_carea' id='block_1_133' title="bbox 1934 4145 3632 4224">
    <p class='ocr_par' dir='ltr' id='par_1_133' title="bbox 1934 4145 3632 4224">
     <span class='ocr_line' id='line_1_137' title="bbox 1934 4145 3632 4224; baseline 0.008 -28"><span class='ocrx_word' id='word_1_974' title='bbox 1934 4145 2272 4224; x_wconf 69' lang='lat' dir='ltr'>asapientia</span> <span class='ocrx_word' id='word_1_975' title='bbox 2296 4146 2548 4224; x_wconf 81' lang='lat' dir='ltr'>dicamus</span> <span class='ocrx_word' id='word_1_976' title='bbox 2579 4148 2873 4224; x_wconf 82' lang='lat' dir='ltr'>hominem</span> <span class='ocrx_word' id='word_1_977' title='bbox 2897 4145 3236 4224; x_wconf 70' lang='lat' dir='ltr'>sapientem,</span> <span class='ocrx_word' id='word_1_978' title='bbox 3257 4145 3632 4224; x_wconf 42' lang='lat' dir='ltr'>sapiens‘con-</span> 
     </span>
    </p>
   </div>
   <div class='ocr_carea' id='block_1_134' title="bbox 1933 4213 3627 4292">
    <p class='ocr_par' dir='ltr' id='par_1_134' title="bbox 1933 4213 3627 4292">
     <span class='ocr_line' id='line_1_138' title="bbox 1933 4213 3627 4292; baseline 0.008 -26"><span class='ocrx_word' id='word_1_979' title='bbox 1933 4213 2125 4292; x_wconf 76' lang='lat' dir='ltr'>silium</span> <span class='ocrx_word' id='word_1_980' title='bbox 2152 4232 2165 4268; x_wconf 92' lang='lat'>:</span> <span class='ocrx_word' id='word_1_981' title='bbox 2193 4216 2343 4269; x_wconf 85' lang='lat' dir='ltr'>inter</span> <span class='ocrx_word' id='word_1_982' title='bbox 2373 4234 2430 4269; x_wconf 91' lang='lat' dir='ltr'>se</span> <span class='ocrx_word' id='word_1_983' title='bbox 2458 4218 2599 4292; x_wconf 83' lang='lat' dir='ltr'>haec_</span> <span class='ocrx_word' id='word_1_984' title='bbox 2613 4213 3141 4292; x_wconf 45' lang='lat' dir='ltr'>homonyma-sunt,</span> <span class='ocrx_word' id='word_1_985' title='bbox 3172 4213 3352 4292; x_wconf 70' lang='lat' dir='ltr'>ipsius</span> <span class='ocrx_word' id='word_1_986' title='bbox 3381 4241 3512 4279; x_wconf 89' lang='lat' dir='ltr'>vero</span> <span class='ocrx_word' id='word_1_987' title='bbox 3540 4243 3627 4280; x_wconf 89' lang='lat' dir='ltr'>sa-</span> 
     </span>
    </p>
   </div>
   <div class='ocr_carea' id='block_1_135' title="bbox 1932 4285 3629 4363">
    <p class='ocr_par' dir='ltr' id='par_1_135' title="bbox 1932 4285 3629 4363">
     <span class='ocr_line' id='line_1_139' title="bbox 1932 4285 3629 4363; baseline 0.009 -26"><span class='ocrx_word' id='word_1_988' title='bbox 1932 4285 2167 4363; x_wconf 69' lang='lat' dir='ltr'>pientiae</span> <span class='ocrx_word' id='word_1_989' title='bbox 2196 4303 2535 4363; x_wconf 77' lang='lat' dir='ltr'>paronyma.</span> <span class='ocrx_word' id='word_1_990' title='bbox 2569 4285 2867 4363; x_wconf 71' lang='lat' dir='ltr'>Observari</span> <span class='ocrx_word' id='word_1_991' title='bbox 2891 4296 3082 4346; x_wconf 90' lang='lat' dir='ltr'>tamen</span> <span class='ocrx_word' id='word_1_992' title='bbox 3112 4285 3355 4363; x_wconf 77' lang='lat' dir='ltr'>Oportet,</span> <span class='ocrx_word' id='word_1_993' title='bbox 3386 4301 3449 4350; x_wconf 93' lang='lat' dir='ltr'>ut</span> <span class='ocrx_word' id='word_1_994' title='bbox 3478 4313 3629 4351; x_wconf 88' lang='lat' dir='ltr'>com-</span> 
     </span>
    </p>
   </div>
   <div class='ocr_carea' id='block_1_136' title="bbox 1930 4358 3627 4435">
    <p class='ocr_par' dir='ltr' id='par_1_136' title="bbox 1930 4358 3627 4435">
     <span class='ocr_line' id='line_1_140' title="bbox 1930 4358 3627 4435; baseline 0.008 -27"><span class='ocrx_word' id='word_1_995' title='bbox 1930 4358 2307 4435; x_wconf 82' lang='lat' dir='ltr'>mutationem</span> <span class='ocrx_word' id='word_1_996' title='bbox 2359 4360 2575 4413; x_wconf 73' lang='lat' dir='ltr'>ultimze</span> <span class='ocrx_word' id='word_1_997' title='bbox 2623 4362 2854 4435; x_wconf 77' lang='lat' dir='ltr'>syllabae</span> <span class='ocrx_word' id='word_1_998' title='bbox 2894 4358 3177 4435; x_wconf 47' lang='lat' dir='ltr'>habeant?</span> <span class='ocrx_word' id='word_1_999' title='bbox 3210 4358 3397 4435; x_wconf 86' lang='lat' dir='ltr'>neque</span> <span class='ocrx_word' id='word_1_1000' title='bbox 3440 4366 3518 4421; x_wconf 91' lang='lat' dir='ltr'>ita</span> <span class='ocrx_word' id='word_1_1001' title='bbox 3561 4370 3627 4422; x_wconf 83' lang='lat' dir='ltr'>ti-</span> 
     </span>
    </p>
   </div>
   <div class='ocr_carea' id='block_1_137' title="bbox 1932 4428 3626 4502">
    <p class='ocr_par' dir='ltr' id='par_1_137' title="bbox 1932 4428 3626 4502">
     <span class='ocr_line' id='line_1_141' title="bbox 1932 4428 3626 4502; baseline 0.006 -22"><span class='ocrx_word' id='word_1_1002' title='bbox 1932 4428 2163 4502; x_wconf 85' lang='lat' dir='ltr'>niantur</span> <span class='ocrx_word' id='word_1_1003' title='bbox 2214 4446 2531 4502; x_wconf 83' lang='lat' dir='ltr'>paronyma</span> <span class='ocrx_word' id='word_1_1004' title='bbox 2587 4428 3073 4502; x_wconf 85' lang='lat' dir='ltr'>quemadmodum</span> <span class='ocrx_word' id='word_1_1005' title='bbox 3120 4428 3388 4491; x_wconf 79' lang='lat' dir='ltr'>desinunt</span> <span class='ocrx_word' id='word_1_1006' title='bbox 3443 4455 3508 4491; x_wconf 87' lang='lat' dir='ltr'>ea</span> <span class='ocrx_word' id='word_1_1007' title='bbox 3557 4440 3626 4493; x_wconf 89' lang='lat' dir='ltr'>de</span> 
     </span>
    </p>
   </div>
   <div class='ocr_carea' id='block_1_138' title="bbox 1932 4499 3624 4579">
    <p class='ocr_par' dir='ltr' id='par_1_138' title="bbox 1932 4499 3624 4579">
     <span class='ocr_line' id='line_1_142' title="bbox 1932 4499 3624 4579; baseline 0.007 -28"><span class='ocrx_word' id='word_1_1008' title='bbox 1932 4499 2139 4579; x_wconf 80' lang='lat' dir='ltr'>quibus</span> <span class='ocrx_word' id='word_1_1009' title='bbox 2186 4499 2465 4579; x_wconf 76' lang='lat' dir='ltr'>originem</span> <span class='ocrx_word' id='word_1_1010' title='bbox 2516 4499 2772 4579; x_wconf 77' lang='lat' dir='ltr'>ducunt;</span> <span class='ocrx_word' id='word_1_1011' title='bbox 2810 4509 2890 4579; x_wconf 84' lang='lat' dir='ltr'>_ut</span> <span class='ocrx_word' id='word_1_1012' title='bbox 2926 4504 3208 4579; x_wconf 81' lang='lat' dir='ltr'>medicina</span> <span class='ocrx_word' id='word_1_1013' title='bbox 3249 4510 3307 4579; x_wconf 80' lang='lat' dir='ltr'>et</span> <span class='ocrx_word' id='word_1_1014' title='bbox 3348 4510 3624 4579; x_wconf 91' lang='lat' dir='ltr'>medicus,</span> 
     </span>
    </p>
   </div>
   <div class='ocr_carea' id='block_1_139' title="bbox 1932 4570 3626 4638">
    <p class='ocr_par' dir='ltr' id='par_1_139' title="bbox 1932 4570 3626 4638">
     <span class='ocr_line' id='line_1_143' title="bbox 1932 4570 3626 4638; baseline 0.007 -16"><span class='ocrx_word' id='word_1_1015' title='bbox 1932 4570 2215 4624; x_wconf 89' lang='lat' dir='ltr'>medicina</span> <span class='ocrx_word' id='word_1_1016' title='bbox 2259 4572 2384 4625; x_wconf 90' lang='lat' dir='ltr'>aliis</span> <span class='ocrx_word' id='word_1_1017' title='bbox 2424 4573 2624 4627; x_wconf 88' lang='lat' dir='ltr'>litteris</span> <span class='ocrx_word' id='word_1_1018' title='bbox 2663 4574 2964 4638; x_wconf 89' lang='lat' dir='ltr'>clauditur,</span> <span class='ocrx_word' id='word_1_1019' title='bbox 3008 4576 3133 4628; x_wconf 90' lang='lat' dir='ltr'>aliis</span> <span class='ocrx_word' id='word_1_1020' title='bbox 3167 4578 3436 4634; x_wconf 89' lang='lat' dir='ltr'>medicus.</span> <span class='ocrx_word' id='word_1_1021' title='bbox 3472 4570 3626 4634; x_wconf 77' lang='lat' dir='ltr'>Hauc</span> 
     </span>
    </p>
   </div>
   <div class='ocr_carea' id='block_1_140' title="bbox 1931 4640 3626 4716">
    <p class='ocr_par' dir='ltr' id='par_1_140' title="bbox 1931 4640 3626 4716">
     <span class='ocr_line' id='line_1_144' title="bbox 1931 4640 3626 4716; baseline 0.008 -24"><span class='ocrx_word' id='word_1_1022' title='bbox 1931 4640 2108 4710; x_wconf 87' lang='lat' dir='ltr'>igitur</span> <span class='ocrx_word' id='word_1_1023' title='bbox 2137 4642 2515 4716; x_wconf 75' lang='lat' dir='ltr'>differentiam</span> <span class='ocrx_word' id='word_1_1024' title='bbox 2561 4644 2670 4716; x_wconf 83' lang='lat' dir='ltr'>nisi</span> <span class='ocrx_word' id='word_1_1025' title='bbox 2711 4660 3031 4716; x_wconf 86' lang='lat' dir='ltr'>paronyma</span> <span class='ocrx_word' id='word_1_1026' title='bbox 3060 4647 3378 4710; x_wconf 88' lang='lat' dir='ltr'>habuerint,</span> <span class='ocrx_word' id='word_1_1027' title='bbox 3423 4655 3477 4703; x_wconf 91' lang='lat' dir='ltr'>et</span> <span class='ocrx_word' id='word_1_1028' title='bbox 3514 4652 3626 4706; x_wconf 90' lang='lat' dir='ltr'>nisi</span> 
     </span>
    </p>
   </div>
   <div class='ocr_carea' id='block_1_141' title="bbox 1930 4714 3625 4787">
    <p class='ocr_par' dir='ltr' id='par_1_141' title="bbox 1930 4714 3625 4787">
     <span class='ocr_line' id='line_1_145' title="bbox 1930 4714 3625 4787; baseline 0.007 -22"><span class='ocrx_word' id='word_1_1029' title='bbox 1930 4728 2061 4787; x_wconf 85' lang='lat' dir='ltr'>cum</span> <span class='ocrx_word' id='word_1_1030' title='bbox 2085 4714 2417 4787; x_wconf 83' lang='lat' dir='ltr'>synonymis</span> <span class='ocrx_word' id='word_1_1031' title='bbox 2438 4714 2687 4783; x_wconf 89' lang='lat' dir='ltr'>negotio,</span> <span class='ocrx_word' id='word_1_1032' title='bbox 2715 4714 2843 4768; x_wconf 82' lang='lat' dir='ltr'>Cum</span> <span class='ocrx_word' id='word_1_1033' title='bbox 2866 4714 3231 4787; x_wconf 54' lang='lat' dir='ltr'>h&#39;omonymis</span> <span class='ocrx_word' id='word_1_1034' title='bbox 3253 4720 3484 4775; x_wconf 90' lang='lat' dir='ltr'>nomine</span> <span class='ocrx_word' id='word_1_1035' title='bbox 3501 4722 3625 4777; x_wconf 89' lang='lat' dir='ltr'>fue-</span> 
     </span>
    </p>
   </div>
   <div class='ocr_carea' id='block_1_142' title="bbox 1930 4783 3624 4863">
    <p class='ocr_par' dir='ltr' id='par_1_142' title="bbox 1930 4783 3624 4863">
     <span class='ocr_line' id='line_1_146' title="bbox 1930 4783 3624 4863; baseline 0.008 -28"><span class='ocrx_word' id='word_1_1036' title='bbox 1930 4783 2045 4863; x_wconf 84' lang='lat' dir='ltr'>rint</span> <span class='ocrx_word' id='word_1_1037' title='bbox 2076 4786 2356 4863; x_wconf 72' lang='lat' dir='ltr'>copulata,</span> <span class='ocrx_word' id='word_1_1038' title='bbox 2387 4785 2737 4863; x_wconf 73' lang='lat' dir='ltr'>homonyma</span> <span class='ocrx_word' id='word_1_1039' title='bbox 2766 4786 2955 4863; x_wconf 80' lang='lat' dir='ltr'>potius</span> <span class='ocrx_word' id='word_1_1040' title='bbox 2984 4783 3155 4863; x_wconf 74' lang='lat' dir='ltr'>quam</span> <span class='ocrx_word' id='word_1_1041' title='bbox 3180 4806 3494 4863; x_wconf 89' lang='lat' dir='ltr'>paronyma</span> <span class='ocrx_word' id='word_1_1042' title='bbox 3522 4811 3624 4848; x_wconf 86' lang='lat' dir='ltr'>no-</span> 
     </span>
    </p>
   </div>
   <div class='ocr_carea' id='block_1_143' title="bbox 1928 4854 3623 4935">
    <p class='ocr_par' dir='ltr' id='par_1_143' title="bbox 1928 4854 3623 4935">
     <span class='ocr_line' id='line_1_147' title="bbox 1928 4854 3623 4935; baseline 0.006 -29"><span class='ocrx_word' id='word_1_1043' title='bbox 1928 4854 2243 4935; x_wconf 75' lang='lat' dir='ltr'>minantur.</span> <span class='ocrx_word' id='word_1_1044' title='bbox 2282 4856 2353 4908; x_wconf 92' lang='lat' dir='ltr'>Ut</span> <span class='ocrx_word' id='word_1_1045' title='bbox 2380 4854 2425 4908; x_wconf 91' lang='lat' dir='ltr'>si</span> <span class='ocrx_word' id='word_1_1046' title='bbox 2457 4872 2490 4909; x_wconf 88' lang='lat' dir='ltr'>a</span> <span class='ocrx_word' id='word_1_1047' title='bbox 2518 4856 2739 4935; x_wconf 80' lang='lat' dir='ltr'>malitia</span> <span class='ocrx_word' id='word_1_1048' title='bbox 2767 4854 3050 4935; x_wconf 11' lang='lat' dir='ltr'>ivitiosum</span> <span class='ocrx_word' id='word_1_1049' title='bbox 3084 4854 3623 4935; x_wconf 47' lang='lat' dir='ltr'>dicamusfnegotio</span> 
     </span>
    </p>
   </div>
   <div class='ocr_carea' id='block_1_144' title="bbox 1930 4926 3624 5006">
    <p class='ocr_par' dir='ltr' id='par_1_144' title="bbox 1930 4926 3624 5006">
     <span class='ocr_line' id='line_1_148' title="bbox 1930 4926 3624 5006; baseline 0.006 -29"><span class='ocrx_word' id='word_1_1050' title='bbox 1930 4926 2161 5006; x_wconf 81' lang='lat' dir='ltr'>quidem</span> <span class='ocrx_word' id='word_1_1051' title='bbox 2192 4942 2321 5006; x_wconf 86' lang='lat' dir='ltr'>cum</span> <span class='ocrx_word' id='word_1_1052' title='bbox 2359 4927 2691 5006; x_wconf 64' lang='lat' dir='ltr'>synonymis</span> <span class='ocrx_word' id='word_1_1053' title='bbox 2718 4929 3003 5006; x_wconf 58' lang='lat' dir='ltr'>convenit,</span> <span class='ocrx_word' id='word_1_1054' title='bbox 3036 4930 3133 5006; x_wconf 79' lang='lat' dir='ltr'>sed</span> <span class='ocrx_word' id='word_1_1055' title='bbox 3164 4932 3232 4986; x_wconf 92' lang='lat' dir='ltr'>ab</span> <span class='ocrx_word' id='word_1_1056' title='bbox 3263 4926 3624 5006; x_wconf 59' lang='lat' dir='ltr'>homonymis</span> 
     </span>
    </p>
   </div>
   <div class='ocr_carea' id='block_1_145' title="bbox 1930 4996 3623 5069">
    <p class='ocr_par' dir='ltr' id='par_1_145' title="bbox 1930 4996 3623 5069">
     <span class='ocr_line' id='line_1_149' title="bbox 1930 4996 3623 5069; baseline 0.005 -19"><span class='ocrx_word' id='word_1_1057' title='bbox 1930 4996 2213 5067; x_wconf 86' lang='lat' dir='ltr'>discrepat</span> <span class='ocrx_word' id='word_1_1058' title='bbox 2246 4996 2499 5051; x_wconf 90' lang='lat' dir='ltr'>nomine.</span> <span class='ocrx_word' id='word_1_1059' title='bbox 2534 4998 2729 5069; x_wconf 90' lang='lat' dir='ltr'>Neque</span> <span class='ocrx_word' id='word_1_1060' title='bbox 2758 4999 2914 5054; x_wconf 91' lang='lat' dir='ltr'>enim</span> <span class='ocrx_word' id='word_1_1061' title='bbox 2948 5000 3183 5055; x_wconf 80' lang='lat' dir='ltr'>vitiosus</span> <span class='ocrx_word' id='word_1_1062' title='bbox 3213 5008 3270 5057; x_wconf 92' lang='lat' dir='ltr'>et</span> <span class='ocrx_word' id='word_1_1063' title='bbox 3299 4996 3518 5059; x_wconf 72' lang='lat' dir='ltr'>malitia</span> <span class='ocrx_word' id='word_1_1064' title='bbox 3548 5007 3623 5059; x_wconf 89' lang='lat' dir='ltr'>si-</span> 
     </span>
    </p>
   </div>
   <div class='ocr_carea' id='block_1_146' title="bbox 1928 5068 3620 5131">
    <p class='ocr_par' dir='ltr' id='par_1_146' title="bbox 1928 5068 3620 5131">
     <span class='ocr_line' id='line_1_150' title="bbox 1928 5068 3620 5131; baseline 0.006 -10"><span class='ocrx_word' id='word_1_1065' title='bbox 1928 5068 2086 5121; x_wconf 91' lang='lat' dir='ltr'>milia</span> <span class='ocrx_word' id='word_1_1066' title='bbox 2132 5072 2281 5131; x_wconf 88' lang='lat' dir='ltr'>sunt,</span> <span class='ocrx_word' id='word_1_1067' title='bbox 2332 5068 2661 5131; x_wconf 85' lang='lat' dir='ltr'>quanquam</span> <span class='ocrx_word' id='word_1_1068' title='bbox 2701 5071 2900 5124; x_wconf 91' lang='lat' dir='ltr'>eodem</span> <span class='ocrx_word' id='word_1_1069' title='bbox 2946 5071 3237 5127; x_wconf 90' lang='lat' dir='ltr'>intellectu</span> <span class='ocrx_word' id='word_1_1070' title='bbox 3278 5074 3620 5131; x_wconf 88' lang='lat' dir='ltr'>sentiantur.</span> 
     </span>
    </p>
   </div>
   <div class='ocr_carea' id='block_1_147' title="bbox 1926 5138 3625 5215">
    <p class='ocr_par' dir='ltr' id='par_1_147' title="bbox 1926 5138 3625 5215">
     <span class='ocr_line' id='line_1_151' title="bbox 1926 5138 3625 5215; baseline 0.004 -22"><span class='ocrx_word' id='word_1_1071' title='bbox 1926 5139 2089 5215; x_wconf 85' lang='lat' dir='ltr'>Quod</span> <span class='ocrx_word' id='word_1_1072' title='bbox 2118 5139 2165 5215; x_wconf 68' lang='lat' dir='ltr'>si</span> <span class='ocrx_word' id='word_1_1073' title='bbox 2191 5155 2222 5192; x_wconf 90' lang='lat' dir='ltr'>a</span> <span class='ocrx_word' id='word_1_1074' title='bbox 2251 5138 2467 5215; x_wconf 81' lang='lat' dir='ltr'>malitia</span> <span class='ocrx_word' id='word_1_1075' title='bbox 2496 5138 2715 5215; x_wconf 81' lang='lat' dir='ltr'>dicatur</span> <span class='ocrx_word' id='word_1_1076' title='bbox 2744 5143 2944 5215; x_wconf 84' lang='lat' dir='ltr'>malus,</span> <span class='ocrx_word' id='word_1_1077' title='bbox 2980 5148 3131 5198; x_wconf 88' lang='lat' dir='ltr'>recte</span> <span class='ocrx_word' id='word_1_1078' title='bbox 3162 5149 3465 5215; x_wconf 89' lang='lat' dir='ltr'>utrumque</span> <span class='ocrx_word' id='word_1_1079' title='bbox 3496 5163 3625 5200; x_wconf 89' lang='lat' dir='ltr'>con-</span> 
     </span>
    </p>
   </div>
   <div class='ocr_carea' id='block_1_148' title="bbox 1926 5209 3619 5283">
    <p class='ocr_par' dir='ltr' id='par_1_148' title="bbox 1926 5209 3619 5283">
     <span class='ocr_line' id='line_1_152' title="bbox 1926 5209 3619 5283; baseline 0.005 -20"><span class='ocrx_word' id='word_1_1080' title='bbox 1926 5212 2107 5283; x_wconf 82' lang='lat' dir='ltr'>venit.</span> <span class='ocrx_word' id='word_1_1081' title='bbox 2136 5211 2205 5283; x_wconf 70' lang='lat' dir='ltr'>In</span> <span class='ocrx_word' id='word_1_1082' title='bbox 2229 5209 2431 5263; x_wconf 88' lang='lat' dir='ltr'>ultima</span> <span class='ocrx_word' id='word_1_1083' title='bbox 2453 5227 2587 5283; x_wconf 84' lang='lat' dir='ltr'>vero</span> <span class='ocrx_word' id='word_1_1084' title='bbox 2611 5212 2825 5281; x_wconf 87' lang='lat' dir='ltr'>syllaba</span> <span class='ocrx_word' id='word_1_1085' title='bbox 2846 5229 2961 5267; x_wconf 91' lang='lat' dir='ltr'>non</span> <span class='ocrx_word' id='word_1_1086' title='bbox 2977 5220 3275 5269; x_wconf 90' lang='lat' dir='ltr'>mutantur</span> <span class='ocrx_word' id='word_1_1087' title='bbox 3302 5209 3407 5268; x_wconf 72' lang='lat' dir='ltr'>hoc</span> <span class='ocrx_word' id='word_1_1088' title='bbox 3429 5218 3619 5283; x_wconf 91' lang='lat' dir='ltr'>modo,</span> 
     </span>
    </p>
   </div>
   <div class='ocr_carea' id='block_1_149' title="bbox 1927 5281 3621 5355">
    <p class='ocr_par' dir='ltr' id='par_1_149' title="bbox 1927 5281 3621 5355">
     <span class='ocr_line' id='line_1_153' title="bbox 1927 5281 3621 5355; baseline 0.004 -20"><span class='ocrx_word' id='word_1_1089' title='bbox 1927 5281 2076 5355; x_wconf 75' lang='lat' dir='ltr'>utsi</span> <span class='ocrx_word' id='word_1_1090' title='bbox 2117 5281 2371 5334; x_wconf 89' lang='lat' dir='ltr'>dicamus</span> <span class='ocrx_word' id='word_1_1091' title='bbox 2412 5297 2444 5333; x_wconf 90' lang='lat' dir='ltr'>a</span> <span class='ocrx_word' id='word_1_1092' title='bbox 2472 5282 2753 5351; x_wconf 88' lang='lat' dir='ltr'>sapientia</span> <span class='ocrx_word' id='word_1_1093' title='bbox 2792 5285 2966 5339; x_wconf 82' lang='lat' dir='ltr'>verba</span> <span class='ocrx_word' id='word_1_1094' title='bbox 3012 5285 3311 5355; x_wconf 89' lang='lat' dir='ltr'>sapientia.</span> <span class='ocrx_word' id='word_1_1095' title='bbox 3356 5286 3454 5339; x_wconf 89' lang='lat' dir='ltr'>Hic</span> <span class='ocrx_word' id='word_1_1096' title='bbox 3491 5281 3621 5342; x_wconf 86' lang='lat' dir='ltr'>cum</span> 
     </span>
    </p>
   </div>
   <div class='ocr_carea' id='block_1_150' title="bbox 1930 5353 3621 5425">
    <p class='ocr_par' dir='ltr' id='par_1_150' title="bbox 1930 5353 3621 5425">
     <span class='ocr_line' id='line_1_154' title="bbox 1930 5353 3621 5425; baseline 0.004 -20"><span class='ocrx_word' id='word_1_1097' title='bbox 1930 5353 2084 5406; x_wconf 92' lang='lat' dir='ltr'>nulla</span> <span class='ocrx_word' id='word_1_1098' title='bbox 2128 5356 2476 5425; x_wconf 80' lang='lat' dir='ltr'>commutata</span> <span class='ocrx_word' id='word_1_1099' title='bbox 2527 5358 2610 5406; x_wconf 88' lang='lat' dir='ltr'>est</span> <span class='ocrx_word' id='word_1_1100' title='bbox 2658 5355 2892 5423; x_wconf 87' lang='lat' dir='ltr'>syllaba,</span> <span class='ocrx_word' id='word_1_1101' title='bbox 2937 5353 3241 5425; x_wconf 84' lang='lat' dir='ltr'>paronymi</span> <span class='ocrx_word' id='word_1_1102' title='bbox 3276 5358 3497 5412; x_wconf 83' lang='lat' dir='ltr'>exclusa</span> <span class='ocrx_word' id='word_1_1103' title='bbox 3536 5365 3621 5413; x_wconf 89' lang='lat' dir='ltr'>est</span> 
     </span>
    </p>
   </div>
   <div class='ocr_carea' id='block_1_151' title="bbox 1927 5423 3620 5491">
    <p class='ocr_par' dir='ltr' id='par_1_151' title="bbox 1927 5423 3620 5491">
     <span class='ocr_line' id='line_1_155' title="bbox 1927 5423 3620 5491; baseline 0.004 -14"><span class='ocrx_word' id='word_1_1104' title='bbox 1927 5423 2296 5491; x_wconf 87' lang='lat' dir='ltr'>nuncupatio.</span> <span class='ocrx_word' id='word_1_1105' title='bbox 2351 5423 2506 5475; x_wconf 90' lang='lat' dir='ltr'>Unde</span> <span class='ocrx_word' id='word_1_1106' title='bbox 2545 5430 2765 5479; x_wconf 89' lang='lat' dir='ltr'>constat</span> <span class='ocrx_word' id='word_1_1107' title='bbox 2808 5423 3021 5479; x_wconf 38' lang='lat' dir='ltr'>haec—et</span> <span class='ocrx_word' id='word_1_1108' title='bbox 3054 5423 3141 5478; x_wconf 81' lang='lat' dir='ltr'>his</span> <span class='ocrx_word' id='word_1_1109' title='bbox 3180 5426 3387 5481; x_wconf 89' lang='lat' dir='ltr'>similia</span> <span class='ocrx_word' id='word_1_1110' title='bbox 3418 5430 3620 5483; x_wconf 89' lang='lat' dir='ltr'>homo-</span> 
     </span>
    </p>
   </div>
   <div class='ocr_carea' id='block_1_152' title="bbox 1929 5494 3617 5569">
    <p class='ocr_par' dir='ltr' id='par_1_152' title="bbox 1929 5494 3617 5569">
     <span class='ocr_line' id='line_1_156' title="bbox 1929 5494 3617 5569; baseline 0.004 -20"><span class='ocrx_word' id='word_1_1111' title='bbox 1929 5495 2115 5569; x_wconf 84' lang='lat' dir='ltr'>nymis</span> <span class='ocrx_word' id='word_1_1112' title='bbox 2144 5494 2333 5569; x_wconf 83' lang='lat' dir='ltr'>potius</span> <span class='ocrx_word' id='word_1_1113' title='bbox 2363 5494 2567 5569; x_wconf 79' lang='lat' dir='ltr'>debere</span> <span class='ocrx_word' id='word_1_1114' title='bbox 2599 5496 2887 5566; x_wconf 84' lang='lat' dir='ltr'>conjungi.</span> <span class='ocrx_word' id='word_1_1115' title='bbox 2925 5497 3077 5550; x_wconf 87' lang='lat' dir='ltr'>Scire</span> <span class='ocrx_word' id='word_1_1116' title='bbox 3115 5497 3288 5551; x_wconf 87' lang='lat' dir='ltr'>etiam</span> <span class='ocrx_word' id='word_1_1117' title='bbox 3320 5499 3617 5569; x_wconf 87' lang='lat' dir='ltr'>debemus,</span> 
     </span>
    </p>
   </div>
   <div class='ocr_carea' id='block_1_153' title="bbox 1931 5564 3622 5637">
    <p class='ocr_par' dir='ltr' id='par_1_153' title="bbox 1931 5564 3622 5637">
     <span class='ocr_line' id='line_1_157' title="bbox 1931 5564 3622 5637; baseline 0.005 -18"><span class='ocrx_word' id='word_1_1118' title='bbox 1931 5564 2102 5619; x_wconf 88' lang='lat' dir='ltr'>verba</span> <span class='ocrx_word' id='word_1_1119' title='bbox 2145 5568 2243 5617; x_wconf 91' lang='lat' dir='ltr'>aut</span> <span class='ocrx_word' id='word_1_1120' title='bbox 2272 5564 2551 5635; x_wconf 89' lang='lat' dir='ltr'>simplicia</span> <span class='ocrx_word' id='word_1_1121' title='bbox 2598 5564 2737 5631; x_wconf 85' lang='lat' dir='ltr'>esse,</span> <span class='ocrx_word' id='word_1_1122' title='bbox 2789 5564 2887 5620; x_wconf 76' lang='lat' dir='ltr'>aut</span> <span class='ocrx_word' id='word_1_1123' title='bbox 2934 5571 3083 5620; x_wconf 87' lang='lat' dir='ltr'>certe</span> <span class='ocrx_word' id='word_1_1124' title='bbox 3121 5569 3437 5637; x_wconf 87' lang='lat' dir='ltr'>conjuncta.</span> <span class='ocrx_word' id='word_1_1125' title='bbox 3482 5564 3622 5626; x_wconf 54' lang='lat' dir='ltr'>Con;</span> 
     </span>
    </p>
   </div>
   <div class='ocr_carea' id='block_1_154' title="bbox 1925 5637 3617 5713">
    <p class='ocr_par' dir='ltr' id='par_1_154' title="bbox 1925 5637 3617 5713">
     <span class='ocr_line' id='line_1_158' title="bbox 1925 5637 3617 5713; baseline 0.005 -23"><span class='ocrx_word' id='word_1_1126' title='bbox 1925 5638 2125 5707; x_wconf 87' lang='lat' dir='ltr'>juncta</span> <span class='ocrx_word' id='word_1_1127' title='bbox 2154 5640 2300 5713; x_wconf 39' lang='lat' dir='ltr'>sun‘t,</span> <span class='ocrx_word' id='word_1_1128' title='bbox 2334 5652 2515 5707; x_wconf 88' lang='lat' dir='ltr'>equus</span> <span class='ocrx_word' id='word_1_1129' title='bbox 2556 5638 2773 5713; x_wconf 77' lang='lat' dir='ltr'>currit:</span> <span class='ocrx_word' id='word_1_1130' title='bbox 2806 5637 3104 5713; x_wconf 87' lang='lat' dir='ltr'>simplicia,</span> <span class='ocrx_word' id='word_1_1131' title='bbox 3142 5642 3425 5713; x_wconf 71' lang='lat' dir='ltr'>cumhtec</span> <span class='ocrx_word' id='word_1_1132' title='bbox 3456 5660 3617 5713; x_wconf 88' lang='lat' dir='ltr'>sepa-</span> 
     </span>
    </p>
   </div>
   <div class='ocr_carea' id='block_1_155' title="bbox 1931 5706 3621 5789">
    <p class='ocr_par' dir='ltr' id='par_1_155' title="bbox 1931 5706 3621 5789">
     <span class='ocr_line' id='line_1_159' title="bbox 1931 5706 3621 5789; baseline 0.006 -28"><span class='ocrx_word' id='word_1_1133' title='bbox 1931 5706 2130 5789; x_wconf 75' lang='lat' dir='ltr'>rantur</span> <span class='ocrx_word' id='word_1_1134' title='bbox 2156 5712 2211 5789; x_wconf 77' lang='lat' dir='ltr'>et</span> <span class='ocrx_word' id='word_1_1135' title='bbox 2241 5706 2511 5788; x_wconf 75' lang='lat' dir='ltr'>dicuntur</span> <span class='ocrx_word' id='word_1_1136' title='bbox 2538 5709 2783 5789; x_wconf 77' lang='lat' dir='ltr'>singula,</span> <span class='ocrx_word' id='word_1_1137' title='bbox 2816 5712 2879 5761; x_wconf 89' lang='lat' dir='ltr'>ut</span> <span class='ocrx_word' id='word_1_1138' title='bbox 2908 5724 3108 5789; x_wconf 75' lang='lat' dir='ltr'>equus,</span> <span class='ocrx_word' id='word_1_1139' title='bbox 3140 5710 3335 5789; x_wconf 80' lang='lat' dir='ltr'>currit.</span> <span class='ocrx_word' id='word_1_1140' title='bbox 3365 5713 3475 5769; x_wconf 91' lang='lat' dir='ltr'>Sed</span> <span class='ocrx_word' id='word_1_1141' title='bbox 3498 5706 3621 5786; x_wconf 71' lang='lat' dir='ltr'>jam</span> 
     </span>
    </p>
   </div>
   <div class='ocr_carea' id='block_1_156' title="bbox 1932 5778 3317 5851">
    <p class='ocr_par' dir='ltr' id='par_1_156' title="bbox 1932 5778 3317 5851">
     <span class='ocr_line' id='line_1_160' title="bbox 1932 5778 3317 5851; baseline 0.004 -18"><span class='ocrx_word' id='word_1_1142' title='bbox 1932 5779 2064 5835; x_wconf 86' lang='lat' dir='ltr'>satis</span> <span class='ocrx_word' id='word_1_1143' title='bbox 2095 5779 2162 5833; x_wconf 90' lang='lat' dir='ltr'>de</span> <span class='ocrx_word' id='word_1_1144' title='bbox 2197 5778 2283 5833; x_wconf 82' lang='lat' dir='ltr'>his</span> <span class='ocrx_word' id='word_1_1145' title='bbox 2314 5794 2441 5848; x_wconf 66' lang='lat' dir='ltr'>qua:</span> <span class='ocrx_word' id='word_1_1146' title='bbox 2468 5779 2879 5849; x_wconf 88' lang='lat' dir='ltr'>significantur,</span> <span class='ocrx_word' id='word_1_1147' title='bbox 2913 5778 3127 5835; x_wconf 90' lang='lat' dir='ltr'>dictum</span> <span class='ocrx_word' id='word_1_1148' title='bbox 3154 5785 3317 5851; x_wconf 91' lang='lat' dir='ltr'>puto.</span> 
     </span>
    </p>
   </div>
  </div>
