  <div class='ocr_page' id='page_1' title='image "/cluster/home/n/w/nwhite01/storage/ocr_20150623/32/hvd.32044096580550/731.png"; bbox 0 0 4014 6164; ppageno 0'>
   <div class='ocr_carea' id='block_1_1' title="bbox 376 238 509 292">
    <p class='ocr_par' dir='ltr' id='par_1_1' title="bbox 376 238 509 292">
     <span class='ocr_line' id='line_1_1' title="bbox 376 238 509 292; baseline 0 -2"><span class='ocrx_word' id='word_1_1' title='bbox 376 238 509 292; x_wconf 81' lang='grc'><strong>1423</strong></span> 
     </span>
    </p>
   </div>
   <div class='ocr_carea' id='block_1_2' title="bbox 657 356 1786 412">
    <p class='ocr_par' dir='ltr' id='par_1_2' title="bbox 657 356 1786 412">
     <span class='ocr_line' id='line_1_2' title="bbox 657 356 1786 412; baseline 0 -2"><span class='ocrx_word' id='word_1_2' title='bbox 657 356 880 411; x_wconf 86' lang='lat' dir='ltr'>CAPUT</span> <span class='ocrx_word' id='word_1_3' title='bbox 911 357 975 412; x_wconf 87' lang='lat' dir='ltr'>V.</span> <span class='ocrx_word' id='word_1_4' title='bbox 1007 387 1074 396; x_wconf 93' lang='lat'><strong><em>—</em></strong></span> <span class='ocrx_word' id='word_1_5' title='bbox 1112 356 1430 411; x_wconf 78' lang='lat' dir='ltr'>Substantz&#39;a</span> <span class='ocrx_word' id='word_1_6' title='bbox 1459 361 1507 409; x_wconf 86' lang='lat' dir='ltr'>et</span> <span class='ocrx_word' id='word_1_7' title='bbox 1541 356 1786 410; x_wconf 69' lang='lat' dir='ltr'>accidens</span> 
     </span>
    </p>
   </div>
   <div class='ocr_carea' id='block_1_3' title="bbox 446 428 2076 498">
    <p class='ocr_par' dir='ltr' id='par_1_3' title="bbox 446 428 2076 498">
     <span class='ocr_line' id='line_1_3' title="bbox 446 428 2076 498; baseline 0.001 -18"><span class='ocrx_word' id='word_1_8' title='bbox 446 429 638 481; x_wconf 80' lang='lat' dir='ltr'>Restat</span> <span class='ocrx_word' id='word_1_9' title='bbox 669 433 728 481; x_wconf 93' lang='lat' dir='ltr'>ut</span> <span class='ocrx_word' id='word_1_10' title='bbox 761 444 962 481; x_wconf 91' lang='lat' dir='ltr'>eorum</span> <span class='ocrx_word' id='word_1_11' title='bbox 1003 444 1132 498; x_wconf 81' lang='lat' dir='ltr'>quae</span> <span class='ocrx_word' id='word_1_12' title='bbox 1174 433 1326 495; x_wconf 90' lang='lat' dir='ltr'>sunt,</span> <span class='ocrx_word' id='word_1_13' title='bbox 1377 443 1489 497; x_wconf 90' lang='lat' dir='ltr'>quo</span> <span class='ocrx_word' id='word_1_14' title='bbox 1533 434 1698 497; x_wconf 88' lang='lat' dir='ltr'>pacto</span> <span class='ocrx_word' id='word_1_15' title='bbox 1744 428 2076 482; x_wconf 79' lang='lat' dir='ltr'>Aristoteles</span> 
     </span>
    </p>
   </div>
   <div class='ocr_carea' id='block_1_4' title="bbox 372 498 2074 568">
    <p class='ocr_par' dir='ltr' id='par_1_4' title="bbox 372 498 2074 568">
     <span class='ocr_line' id='line_1_4' title="bbox 372 498 2074 568; baseline -0.001 -15"><span class='ocrx_word' id='word_1_16' title='bbox 372 499 715 564; x_wconf 78' lang='lat' dir='ltr'>tractaverit,</span> <span class='ocrx_word' id='word_1_17' title='bbox 748 515 1097 553; x_wconf 77' lang='lat' dir='ltr'>enarramus.</span> <span class='ocrx_word' id='word_1_18' title='bbox 1141 498 1283 552; x_wconf 86' lang='lat' dir='ltr'>Sunt</span> <span class='ocrx_word' id='word_1_19' title='bbox 1314 498 1489 567; x_wconf 92' lang='lat' dir='ltr'>igitur</span> <span class='ocrx_word' id='word_1_20' title='bbox 1520 500 1615 552; x_wconf 90' lang='lat' dir='ltr'>illa</span> <span class='ocrx_word' id='word_1_21' title='bbox 1655 515 1782 568; x_wconf 71' lang='lat' dir='ltr'>quae</span> <span class='ocrx_word' id='word_1_22' title='bbox 1814 505 1912 552; x_wconf 88' lang='lat' dir='ltr'>aut</span> <span class='ocrx_word' id='word_1_23' title='bbox 1947 516 2074 568; x_wconf 85' lang='lat' dir='ltr'>per-</span> 
     </span>
    </p>
   </div>
   <div class='ocr_carea' id='block_1_5' title="bbox 376 569 2071 639">
    <p class='ocr_par' dir='ltr' id='par_1_5' title="bbox 376 569 2071 639">
     <span class='ocr_line' id='line_1_5' title="bbox 376 569 2071 639; baseline 0.001 -17"><span class='ocrx_word' id='word_1_24' title='bbox 376 569 620 639; x_wconf 87' lang='lat' dir='ltr'>cipimus</span> <span class='ocrx_word' id='word_1_25' title='bbox 649 571 926 635; x_wconf 79' lang='lat' dir='ltr'>sensibus,</span> <span class='ocrx_word' id='word_1_26' title='bbox 952 576 1051 623; x_wconf 91' lang='lat' dir='ltr'>aut</span> <span class='ocrx_word' id='word_1_27' title='bbox 1077 577 1267 622; x_wconf 87' lang='lat' dir='ltr'>mente</span> <span class='ocrx_word' id='word_1_28' title='bbox 1291 569 1704 637; x_wconf 85' lang='lat' dir='ltr'>etcogitatione</span> <span class='ocrx_word' id='word_1_29' title='bbox 1729 570 2071 639; x_wconf 77' lang='lat' dir='ltr'>colligimus.</span> 
     </span>
    </p>
   </div>
   <div class='ocr_carea' id='block_1_6' title="bbox 377 640 2072 711">
    <p class='ocr_par' dir='ltr' id='par_1_6' title="bbox 377 640 2072 711">
     <span class='ocr_line' id='line_1_6' title="bbox 377 640 2072 711; baseline 0 -17"><span class='ocrx_word' id='word_1_30' title='bbox 377 640 649 694; x_wconf 89' lang='lat' dir='ltr'>Sensibus</span> <span class='ocrx_word' id='word_1_31' title='bbox 679 647 938 694; x_wconf 86' lang='lat' dir='ltr'>tenemus</span> <span class='ocrx_word' id='word_1_32' title='bbox 961 657 1088 711; x_wconf 81' lang='lat' dir='ltr'>quae</span> <span class='ocrx_word' id='word_1_33' title='bbox 1111 647 1208 693; x_wconf 89' lang='lat' dir='ltr'>aut</span> <span class='ocrx_word' id='word_1_34' title='bbox 1229 641 1494 706; x_wconf 91' lang='lat' dir='ltr'>videndo,</span> <span class='ocrx_word' id='word_1_35' title='bbox 1524 647 1619 693; x_wconf 88' lang='lat' dir='ltr'>aut</span> <span class='ocrx_word' id='word_1_36' title='bbox 1650 642 2072 707; x_wconf 89' lang='lat' dir='ltr'>contrectando,</span> 
     </span>
    </p>
   </div>
   <div class='ocr_carea' id='block_1_7' title="bbox 381 712 2074 781">
    <p class='ocr_par' dir='ltr' id='par_1_7' title="bbox 381 712 2074 781">
     <span class='ocr_line' id='line_1_7' title="bbox 381 712 2074 781; baseline 0 -17"><span class='ocrx_word' id='word_1_37' title='bbox 381 718 476 765; x_wconf 89' lang='lat' dir='ltr'>aut</span> <span class='ocrx_word' id='word_1_38' title='bbox 517 712 823 776; x_wconf 89' lang='lat' dir='ltr'>audiendo,</span> <span class='ocrx_word' id='word_1_39' title='bbox 857 718 954 764; x_wconf 87' lang='lat' dir='ltr'>aut</span> <span class='ocrx_word' id='word_1_40' title='bbox 993 713 1294 780; x_wconf 87' lang='lat' dir='ltr'>gustando,</span> <span class='ocrx_word' id='word_1_41' title='bbox 1327 718 1425 765; x_wconf 89' lang='lat' dir='ltr'>aut</span> <span class='ocrx_word' id='word_1_42' title='bbox 1456 712 1749 765; x_wconf 87' lang='lat' dir='ltr'>odorando</span> <span class='ocrx_word' id='word_1_43' title='bbox 1781 713 2074 781; x_wconf 89' lang='lat' dir='ltr'>cognosci-</span> 
     </span>
    </p>
   </div>
   <div class='ocr_carea' id='block_1_8' title="bbox 379 782 2077 853">
    <p class='ocr_par' dir='ltr' id='par_1_8' title="bbox 379 782 2077 853">
     <span class='ocr_line' id='line_1_8' title="bbox 379 782 2077 853; baseline 0 -17"><span class='ocrx_word' id='word_1_44' title='bbox 379 799 525 836; x_wconf 88' lang='lat' dir='ltr'>mus.</span> <span class='ocrx_word' id='word_1_45' title='bbox 569 784 768 847; x_wconf 87' lang='lat' dir='ltr'>Mente,</span> <span class='ocrx_word' id='word_1_46' title='bbox 801 788 861 836; x_wconf 93' lang='lat' dir='ltr'>ut</span> <span class='ocrx_word' id='word_1_47' title='bbox 899 799 1028 836; x_wconf 91' lang='lat' dir='ltr'>cum</span> <span class='ocrx_word' id='word_1_48' title='bbox 1064 783 1189 852; x_wconf 87' lang='lat' dir='ltr'>quis</span> <span class='ocrx_word' id='word_1_49' title='bbox 1219 799 1452 853; x_wconf 90' lang='lat' dir='ltr'>equum,</span> <span class='ocrx_word' id='word_1_50' title='bbox 1485 789 1585 835; x_wconf 89' lang='lat' dir='ltr'>aut</span> <span class='ocrx_word' id='word_1_51' title='bbox 1615 782 1930 849; x_wconf 85' lang='lat' dir='ltr'>hominem,</span> <span class='ocrx_word' id='word_1_52' title='bbox 1978 788 2077 836; x_wconf 89' lang='lat' dir='ltr'>aut</span> 
     </span>
    </p>
   </div>
   <div class='ocr_carea' id='block_1_9' title="bbox 378 853 2076 924">
    <p class='ocr_par' dir='ltr' id='par_1_9' title="bbox 378 853 2076 924">
     <span class='ocr_line' id='line_1_9' title="bbox 378 853 2076 924; baseline -0.001 -18"><span class='ocrx_word' id='word_1_53' title='bbox 378 853 675 924; x_wconf 83' lang='lat' dir='ltr'>quodlibet</span> <span class='ocrx_word' id='word_1_54' title='bbox 719 854 932 907; x_wconf 85' lang='lat' dir='ltr'>animal</span> <span class='ocrx_word' id='word_1_55' title='bbox 983 853 1186 906; x_wconf 91' lang='lat' dir='ltr'>viderit</span> <span class='ocrx_word' id='word_1_56' title='bbox 1219 870 1230 919; x_wconf 88' lang='lat'><strong>;</strong></span> <span class='ocrx_word' id='word_1_57' title='bbox 1263 870 1590 923; x_wconf 81' lang='lat' dir='ltr'>quanquam</span> <span class='ocrx_word' id='word_1_58' title='bbox 1651 870 1829 906; x_wconf 90' lang='lat' dir='ltr'>unum</span> <span class='ocrx_word' id='word_1_59' title='bbox 1874 870 2076 923; x_wconf 88' lang='lat' dir='ltr'>corpus</span> 
     </span>
    </p>
   </div>
   <div class='ocr_carea' id='block_1_10' title="bbox 378 925 2074 994">
    <p class='ocr_par' dir='ltr' id='par_1_10' title="bbox 378 925 2074 994">
     <span class='ocr_line' id='line_1_10' title="bbox 378 925 2074 994; baseline 0 -16"><span class='ocrx_word' id='word_1_60' title='bbox 378 941 497 978; x_wconf 88' lang='lat' dir='ltr'>esse</span> <span class='ocrx_word' id='word_1_61' title='bbox 528 926 889 994; x_wconf 79' lang='lat' dir='ltr'>respondeat,</span> <span class='ocrx_word' id='word_1_62' title='bbox 922 925 1192 992; x_wconf 74' lang='lat' dir='ltr'>intelligit</span> <span class='ocrx_word' id='word_1_63' title='bbox 1223 935 1414 977; x_wconf 86' lang='lat' dir='ltr'>tamen</span> <span class='ocrx_word' id='word_1_64' title='bbox 1446 925 1639 976; x_wconf 88' lang='lat' dir='ltr'>multis</span> <span class='ocrx_word' id='word_1_65' title='bbox 1667 925 1922 994; x_wconf 89' lang='lat' dir='ltr'>partibus</span> <span class='ocrx_word' id='word_1_66' title='bbox 1956 941 2074 978; x_wconf 88' lang='lat' dir='ltr'>esse</span> 
     </span>
    </p>
   </div>
   <div class='ocr_carea' id='block_1_11' title="bbox 378 995 2071 1065">
    <p class='ocr_par' dir='ltr' id='par_1_11' title="bbox 378 995 2071 1065">
     <span class='ocr_line' id='line_1_11' title="bbox 378 995 2071 1065; baseline -0.001 -16"><span class='ocrx_word' id='word_1_67' title='bbox 378 1001 724 1049; x_wconf 88' lang='lat' dir='ltr'>concretum.</span> <span class='ocrx_word' id='word_1_68' title='bbox 759 995 1052 1065; x_wconf 75' lang='lat' dir='ltr'>Siquidem</span> <span class='ocrx_word' id='word_1_69' title='bbox 1083 996 1190 1048; x_wconf 87' lang='lat' dir='ltr'>alia</span> <span class='ocrx_word' id='word_1_70' title='bbox 1214 1012 1342 1063; x_wconf 88' lang='lat' dir='ltr'>pars</span> <span class='ocrx_word' id='word_1_71' title='bbox 1370 995 1440 1048; x_wconf 86' lang='lat' dir='ltr'>sit</span> <span class='ocrx_word' id='word_1_72' title='bbox 1460 995 1682 1064; x_wconf 81' lang='lat' dir='ltr'>capitis,</span> <span class='ocrx_word' id='word_1_73' title='bbox 1709 995 1818 1048; x_wconf 90' lang='lat' dir='ltr'>alia</span> <span class='ocrx_word' id='word_1_74' title='bbox 1840 996 2071 1064; x_wconf 85' lang='lat' dir='ltr'>pedum,</span> 
     </span>
    </p>
   </div>
   <div class='ocr_carea' id='block_1_12' title="bbox 378 1066 2075 1135">
    <p class='ocr_par' dir='ltr' id='par_1_12' title="bbox 378 1066 2075 1135">
     <span class='ocr_line' id='line_1_12' title="bbox 378 1066 2075 1135; baseline -0.001 -16"><span class='ocrx_word' id='word_1_75' title='bbox 378 1073 829 1135; x_wconf 68' lang='lat' dir='ltr'>casterortimque</span> <span class='ocrx_word' id='word_1_76' title='bbox 857 1069 1265 1130; x_wconf 80' lang='lat' dir='ltr'>membrorum,</span> <span class='ocrx_word' id='word_1_77' title='bbox 1291 1066 1348 1118; x_wconf 90' lang='lat' dir='ltr'>in</span> <span class='ocrx_word' id='word_1_78' title='bbox 1380 1067 1502 1135; x_wconf 91' lang='lat' dir='ltr'>ipso</span> <span class='ocrx_word' id='word_1_79' title='bbox 1525 1066 1705 1134; x_wconf 86' lang='lat' dir='ltr'>capite</span> <span class='ocrx_word' id='word_1_80' title='bbox 1737 1073 1928 1135; x_wconf 88' lang='lat' dir='ltr'>partes</span> <span class='ocrx_word' id='word_1_81' title='bbox 1949 1083 2075 1119; x_wconf 88' lang='lat' dir='ltr'>suas</span> 
     </span>
    </p>
   </div>
   <div class='ocr_carea' id='block_1_13' title="bbox 379 1138 2076 1207">
    <p class='ocr_par' dir='ltr' id='par_1_13' title="bbox 379 1138 2076 1207">
     <span class='ocr_line' id='line_1_13' title="bbox 379 1138 2076 1207; baseline -0.001 -16"><span class='ocrx_word' id='word_1_82' title='bbox 379 1153 542 1191; x_wconf 89' lang='lat' dir='ltr'>aures</span> <span class='ocrx_word' id='word_1_83' title='bbox 565 1138 830 1203; x_wconf 83' lang='lat' dir='ltr'>habeant,</span> <span class='ocrx_word' id='word_1_84' title='bbox 865 1139 1068 1191; x_wconf 89' lang='lat' dir='ltr'>habeat</span> <span class='ocrx_word' id='word_1_85' title='bbox 1101 1138 1392 1207; x_wconf 80' lang='lat' dir='ltr'>propriam</span> <span class='ocrx_word' id='word_1_86' title='bbox 1427 1138 1646 1206; x_wconf 85' lang='lat' dir='ltr'>lingua.</span> <span class='ocrx_word' id='word_1_87' title='bbox 1684 1139 1825 1206; x_wconf 66' lang='lat' dir='ltr'>Ipsae</span> <span class='ocrx_word' id='word_1_88' title='bbox 1847 1153 2076 1207; x_wconf 87' lang='lat' dir='ltr'>quoque</span> 
     </span>
    </p>
   </div>
   <div class='ocr_carea' id='block_1_14' title="bbox 376 1208 2076 1279">
    <p class='ocr_par' dir='ltr' id='par_1_14' title="bbox 376 1208 2076 1279">
     <span class='ocr_line' id='line_1_14' title="bbox 376 1208 2076 1279; baseline 0 -18"><span class='ocrx_word' id='word_1_89' title='bbox 376 1215 568 1278; x_wconf 88' lang='lat' dir='ltr'>partes</span> <span class='ocrx_word' id='word_1_90' title='bbox 599 1210 840 1279; x_wconf 69' lang='lat' dir='ltr'>singulae</span> <span class='ocrx_word' id='word_1_91' title='bbox 874 1211 1054 1262; x_wconf 90' lang='lat' dir='ltr'>multa</span> <span class='ocrx_word' id='word_1_92' title='bbox 1081 1208 1138 1261; x_wconf 91' lang='lat' dir='ltr'>in</span> <span class='ocrx_word' id='word_1_93' title='bbox 1171 1225 1227 1279; x_wconf 88' lang='lat' dir='ltr'>se</span> <span class='ocrx_word' id='word_1_94' title='bbox 1256 1209 1521 1267; x_wconf 85' lang='lat' dir='ltr'>habeant,</span> <span class='ocrx_word' id='word_1_95' title='bbox 1550 1224 1678 1278; x_wconf 66' lang='lat' dir='ltr'>qua:</span> <span class='ocrx_word' id='word_1_96' title='bbox 1711 1208 1886 1261; x_wconf 88' lang='lat' dir='ltr'>dividi</span> <span class='ocrx_word' id='word_1_97' title='bbox 1914 1215 1967 1260; x_wconf 88' lang='lat' dir='ltr'>et</span> <span class='ocrx_word' id='word_1_98' title='bbox 1987 1225 2076 1279; x_wconf 81' lang='lat' dir='ltr'>se-</span> 
     </span>
    </p>
   </div>
   <div class='ocr_carea' id='block_1_15' title="bbox 377 1278 2076 1350">
    <p class='ocr_par' dir='ltr' id='par_1_15' title="bbox 377 1278 2076 1350">
     <span class='ocr_line' id='line_1_15' title="bbox 377 1278 2076 1350; baseline -0.001 -18"><span class='ocrx_word' id='word_1_99' title='bbox 377 1281 567 1350; x_wconf 89' lang='lat' dir='ltr'>parari</span> <span class='ocrx_word' id='word_1_100' title='bbox 600 1278 850 1350; x_wconf 88' lang='lat' dir='ltr'>possint:</span> <span class='ocrx_word' id='word_1_101' title='bbox 887 1287 949 1332; x_wconf 91' lang='lat' dir='ltr'>ut</span> <span class='ocrx_word' id='word_1_102' title='bbox 977 1295 1107 1350; x_wconf 86' lang='lat' dir='ltr'>caro</span> <span class='ocrx_word' id='word_1_103' title='bbox 1136 1278 1212 1350; x_wconf 86' lang='lat' dir='ltr'>sit</span> <span class='ocrx_word' id='word_1_104' title='bbox 1242 1279 1417 1350; x_wconf 84' lang='lat' dir='ltr'>aliud,</span> <span class='ocrx_word' id='word_1_105' title='bbox 1450 1279 1886 1350; x_wconf 84' lang='lat' dir='ltr'>aliudcorium,</span> <span class='ocrx_word' id='word_1_106' title='bbox 1923 1278 2076 1332; x_wconf 89' lang='lat' dir='ltr'>aliud</span> 
     </span>
    </p>
   </div>
   <div class='ocr_carea' id='block_1_16' title="bbox 376 1349 2076 1418">
    <p class='ocr_par' dir='ltr' id='par_1_16' title="bbox 376 1349 2076 1418">
     <span class='ocr_line' id='line_1_16' title="bbox 376 1349 2076 1418; baseline 0 -16"><span class='ocrx_word' id='word_1_107' title='bbox 376 1349 555 1416; x_wconf 71' lang='lat' dir='ltr'>venae,</span> <span class='ocrx_word' id='word_1_108' title='bbox 593 1349 746 1403; x_wconf 84' lang='lat' dir='ltr'>aliud</span> <span class='ocrx_word' id='word_1_109' title='bbox 779 1351 961 1415; x_wconf 85' lang='lat' dir='ltr'>nervi,</span> <span class='ocrx_word' id='word_1_110' title='bbox 997 1349 1154 1402; x_wconf 88' lang='lat' dir='ltr'>aliud</span> <span class='ocrx_word' id='word_1_111' title='bbox 1184 1349 1392 1416; x_wconf 87' lang='lat' dir='ltr'>capilli.</span> <span class='ocrx_word' id='word_1_112' title='bbox 1434 1349 1576 1418; x_wconf 86' lang='lat' dir='ltr'>Ergo</span> <span class='ocrx_word' id='word_1_113' title='bbox 1621 1349 1736 1401; x_wconf 67' lang='lat' dir='ltr'>base</span> <span class='ocrx_word' id='word_1_114' title='bbox 1767 1354 1958 1402; x_wconf 87' lang='lat' dir='ltr'>mente</span> <span class='ocrx_word' id='word_1_115' title='bbox 1989 1350 2076 1402; x_wconf 90' lang='lat' dir='ltr'>vel</span> 
     </span>
    </p>
   </div>
   <div class='ocr_carea' id='block_1_17' title="bbox 377 1419 2074 1489">
    <p class='ocr_par' dir='ltr' id='par_1_17' title="bbox 377 1419 2074 1489">
     <span class='ocr_line' id='line_1_17' title="bbox 377 1419 2074 1489; baseline 0 -16"><span class='ocrx_word' id='word_1_116' title='bbox 377 1420 664 1473; x_wconf 89' lang='lat' dir='ltr'>intellectu</span> <span class='ocrx_word' id='word_1_117' title='bbox 699 1420 1040 1489; x_wconf 81' lang='lat' dir='ltr'>colligimus,</span> <span class='ocrx_word' id='word_1_118' title='bbox 1079 1419 1150 1471; x_wconf 91' lang='lat' dir='ltr'>ad</span> <span class='ocrx_word' id='word_1_119' title='bbox 1182 1436 1309 1488; x_wconf 80' lang='lat' dir='ltr'>quae</span> <span class='ocrx_word' id='word_1_120' title='bbox 1341 1422 1521 1471; x_wconf 84' lang='lat' dir='ltr'>nostri</span> <span class='ocrx_word' id='word_1_121' title='bbox 1553 1435 1746 1471; x_wconf 85' lang='lat' dir='ltr'>sensus</span> <span class='ocrx_word' id='word_1_122' title='bbox 1777 1425 2074 1489; x_wconf 87' lang='lat' dir='ltr'>penetrare</span> 
     </span>
    </p>
   </div>
   <div class='ocr_carea' id='block_1_18' title="bbox 377 1490 2075 1559">
    <p class='ocr_par' dir='ltr' id='par_1_18' title="bbox 377 1490 2075 1559">
     <span class='ocr_line' id='line_1_18' title="bbox 377 1490 2075 1559; baseline 0 -16"><span class='ocrx_word' id='word_1_123' title='bbox 377 1507 492 1543; x_wconf 89' lang='lat' dir='ltr'>non</span> <span class='ocrx_word' id='word_1_124' title='bbox 520 1497 776 1559; x_wconf 90' lang='lat' dir='ltr'>possunt.</span> <span class='ocrx_word' id='word_1_125' title='bbox 807 1490 1242 1543; x_wconf 85' lang='lat' dir='ltr'>Consideramus</span> <span class='ocrx_word' id='word_1_126' title='bbox 1273 1490 1442 1542; x_wconf 89' lang='lat' dir='ltr'>etiam</span> <span class='ocrx_word' id='word_1_127' title='bbox 1465 1490 1583 1555; x_wconf 87' lang='lat' dir='ltr'>illa,</span> <span class='ocrx_word' id='word_1_128' title='bbox 1611 1497 1666 1542; x_wconf 89' lang='lat' dir='ltr'>et</span> <span class='ocrx_word' id='word_1_129' title='bbox 1686 1490 1865 1542; x_wconf 88' lang='lat' dir='ltr'>animi</span> <span class='ocrx_word' id='word_1_130' title='bbox 1889 1491 2075 1543; x_wconf 90' lang='lat' dir='ltr'>inten-</span> 
     </span>
    </p>
   </div>
   <div class='ocr_carea' id='block_1_19' title="bbox 376 1559 2072 1631">
    <p class='ocr_par' dir='ltr' id='par_1_19' title="bbox 376 1559 2072 1631">
     <span class='ocr_line' id='line_1_19' title="bbox 376 1559 2072 1631; baseline 0 -17"><span class='ocrx_word' id='word_1_131' title='bbox 376 1560 532 1614; x_wconf 87' lang='lat' dir='ltr'>tione</span> <span class='ocrx_word' id='word_1_132' title='bbox 577 1561 971 1631; x_wconf 89' lang='lat' dir='ltr'>cognoscimus</span> <span class='ocrx_word' id='word_1_133' title='bbox 1014 1562 1102 1614; x_wconf 85' lang='lat' dir='ltr'>vel</span> <span class='ocrx_word' id='word_1_134' title='bbox 1133 1559 1450 1625; x_wconf 88' lang='lat' dir='ltr'>hominem,</span> <span class='ocrx_word' id='word_1_135' title='bbox 1499 1561 1587 1613; x_wconf 90' lang='lat' dir='ltr'>vel</span> <span class='ocrx_word' id='word_1_136' title='bbox 1635 1561 1789 1614; x_wconf 87' lang='lat' dir='ltr'>aliud</span> <span class='ocrx_word' id='word_1_137' title='bbox 1842 1561 2072 1628; x_wconf 86' lang='lat' dir='ltr'>animal,</span> 
     </span>
    </p>
   </div>
   <div class='ocr_carea' id='block_1_20' title="bbox 378 1636 2071 1701">
    <p class='ocr_par' dir='ltr' id='par_1_20' title="bbox 378 1636 2071 1701">
     <span class='ocr_line' id='line_1_20' title="bbox 378 1636 2071 1701; baseline 0.001 -17"><span class='ocrx_word' id='word_1_138' title='bbox 378 1647 645 1695; x_wconf 88' lang='lat' dir='ltr'>crescere,</span> <span class='ocrx_word' id='word_1_139' title='bbox 667 1647 980 1698; x_wconf 72' lang='lat' dir='ltr'>senescere,</span> <span class='ocrx_word' id='word_1_140' title='bbox 1005 1647 1158 1683; x_wconf 91' lang='lat' dir='ltr'>nunc</span> <span class='ocrx_word' id='word_1_141' title='bbox 1179 1636 1350 1696; x_wconf 88' lang='lat' dir='ltr'>stare,</span> <span class='ocrx_word' id='word_1_142' title='bbox 1378 1647 1529 1683; x_wconf 91' lang='lat' dir='ltr'>nunc</span> <span class='ocrx_word' id='word_1_143' title='bbox 1557 1647 1782 1684; x_wconf 89' lang='lat' dir='ltr'>movere</span> <span class='ocrx_word' id='word_1_144' title='bbox 1810 1648 2033 1701; x_wconf 88' lang='lat' dir='ltr'>gressus</span> 
     </span>
    </p>
   </div>
   <div class='ocr_carea' id='block_1_21' title="bbox 374 1701 2069 1772">
    <p class='ocr_par' dir='ltr' id='par_1_21' title="bbox 374 1701 2069 1772">
     <span class='ocr_line' id='line_1_21' title="bbox 374 1701 2069 1772; baseline 0.002 -18"><span class='ocrx_word' id='word_1_145' title='bbox 374 1703 541 1754; x_wconf 89' lang='lat' dir='ltr'>modo</span> <span class='ocrx_word' id='word_1_146' title='bbox 573 1702 705 1770; x_wconf 84' lang='lat' dir='ltr'>angi</span> <span class='ocrx_word' id='word_1_147' title='bbox 752 1702 920 1766; x_wconf 90' lang='lat' dir='ltr'>curis,</span> <span class='ocrx_word' id='word_1_148' title='bbox 954 1701 1125 1772; x_wconf 86' lang='lat' dir='ltr'>modo</span> <span class='ocrx_word' id='word_1_149' title='bbox 1159 1717 1357 1754; x_wconf 85' lang='lat' dir='ltr'>secura</span> <span class='ocrx_word' id='word_1_150' title='bbox 1397 1706 1586 1754; x_wconf 89' lang='lat' dir='ltr'>mente</span> <span class='ocrx_word' id='word_1_151' title='bbox 1629 1705 2069 1772; x_wconf 87' lang='lat' dir='ltr'>conquiescere;</span> 
     </span>
    </p>
   </div>
   <div class='ocr_carea' id='block_1_22' title="bbox 377 1771 2071 1854">
    <p class='ocr_par' dir='ltr' id='par_1_22' title="bbox 377 1771 2071 1854">
     <span class='ocr_line' id='line_1_22' title="bbox 377 1771 2071 1854; baseline 0.001 -29"><span class='ocrx_word' id='word_1_152' title='bbox 377 1773 618 1854; x_wconf 73' lang='lat' dir='ltr'>sanitate</span> <span class='ocrx_word' id='word_1_153' title='bbox 658 1772 800 1852; x_wconf 79' lang='lat' dir='ltr'>alias</span> <span class='ocrx_word' id='word_1_154' title='bbox 839 1771 1156 1854; x_wconf 54' lang='lat' dir='ltr'>frui,“alias</span> <span class='ocrx_word' id='word_1_155' title='bbox 1181 1773 1441 1854; x_wconf 51' lang='lat' dir='ltr'>‘dolorem</span> <span class='ocrx_word' id='word_1_156' title='bbox 1489 1771 1773 1852; x_wconf 41' lang='lat' dir='ltr'>perpeti,</span> <span class='ocrx_word' id='word_1_157' title='bbox 1802 1791 1868 1827; x_wconf 82' lang='lat' dir='ltr'>ex</span> <span class='ocrx_word' id='word_1_158' title='bbox 1905 1774 2071 1854; x_wconf 88' lang='lat' dir='ltr'>nigro</span> 
     </span>
    </p>
   </div>
   <div class='ocr_carea' id='block_1_23' title="bbox 376 1843 2074 1913">
    <p class='ocr_par' dir='ltr' id='par_1_23' title="bbox 376 1843 2074 1913">
     <span class='ocr_line' id='line_1_23' title="bbox 376 1843 2074 1913; baseline 0.002 -18"><span class='ocrx_word' id='word_1_159' title='bbox 376 1843 590 1910; x_wconf 88' lang='lat' dir='ltr'>album,</span> <span class='ocrx_word' id='word_1_160' title='bbox 613 1843 844 1912; x_wconf 89' lang='lat' dir='ltr'>nigrum</span> <span class='ocrx_word' id='word_1_161' title='bbox 870 1859 934 1896; x_wconf 80' lang='lat' dir='ltr'>ex</span> <span class='ocrx_word' id='word_1_162' title='bbox 959 1843 1088 1895; x_wconf 90' lang='lat' dir='ltr'>albo</span> <span class='ocrx_word' id='word_1_163' title='bbox 1112 1843 1300 1896; x_wconf 91' lang='lat' dir='ltr'>colore</span> <span class='ocrx_word' id='word_1_164' title='bbox 1323 1844 1536 1896; x_wconf 88' lang='lat' dir='ltr'>mutari</span> <span class='ocrx_word' id='word_1_165' title='bbox 1562 1860 1574 1910; x_wconf 88' lang='lat'><strong>;</strong></span> <span class='ocrx_word' id='word_1_166' title='bbox 1605 1844 1854 1913; x_wconf 89' lang='lat' dir='ltr'>peritum</span> <span class='ocrx_word' id='word_1_167' title='bbox 1885 1861 1948 1898; x_wconf 83' lang='lat' dir='ltr'>ex</span> <span class='ocrx_word' id='word_1_168' title='bbox 1971 1843 2074 1898; x_wconf 82' lang='lat' dir='ltr'>im-</span> 
     </span>
    </p>
   </div>
   <div class='ocr_carea' id='block_1_24' title="bbox 416 1913 2074 1984">
    <p class='ocr_par' dir='ltr' id='par_1_24' title="bbox 416 1913 2074 1984">
     <span class='ocr_line' id='line_1_24' title="bbox 416 1913 2074 1984; baseline 0.002 -18"><span class='ocrx_word' id='word_1_169' title='bbox 416 1913 577 1977; x_wconf 91' lang='lat' dir='ltr'>erito,</span> <span class='ocrx_word' id='word_1_170' title='bbox 613 1914 843 1978; x_wconf 83' lang='lat' dir='ltr'>doctum</span> <span class='ocrx_word' id='word_1_171' title='bbox 875 1930 942 1966; x_wconf 79' lang='lat' dir='ltr'>ex</span> <span class='ocrx_word' id='word_1_172' title='bbox 989 1913 1250 1980; x_wconf 89' lang='lat' dir='ltr'>indocto;</span> <span class='ocrx_word' id='word_1_173' title='bbox 1299 1929 1362 1966; x_wconf 85' lang='lat' dir='ltr'>ex</span> <span class='ocrx_word' id='word_1_174' title='bbox 1408 1919 1707 1968; x_wconf 89' lang='lat' dir='ltr'>mansueto</span> <span class='ocrx_word' id='word_1_175' title='bbox 1748 1915 1956 1984; x_wconf 89' lang='lat' dir='ltr'>ferum,</span> <span class='ocrx_word' id='word_1_176' title='bbox 2006 1933 2074 1970; x_wconf 82' lang='lat' dir='ltr'>ex</span> 
     </span>
    </p>
   </div>
   <div class='ocr_carea' id='block_1_25' title="bbox 397 1984 2073 2056">
    <p class='ocr_par' dir='ltr' id='par_1_25' title="bbox 397 1984 2073 2056">
     <span class='ocr_line' id='line_1_25' title="bbox 397 1984 2073 2056; baseline 0.003 -20"><span class='ocrx_word' id='word_1_177' title='bbox 397 1984 548 2056; x_wconf 88' lang='lat' dir='ltr'>&#39;eroci</span> <span class='ocrx_word' id='word_1_178' title='bbox 607 1988 987 2056; x_wconf 87' lang='lat' dir='ltr'>mansuetum.</span> <span class='ocrx_word' id='word_1_179' title='bbox 1051 1986 1196 2037; x_wconf 89' lang='lat' dir='ltr'>Dum</span> <span class='ocrx_word' id='word_1_180' title='bbox 1239 1984 1414 2054; x_wconf 84' lang='lat' dir='ltr'>igitur</span> <span class='ocrx_word' id='word_1_181' title='bbox 1465 1985 1535 2037; x_wconf 91' lang='lat' dir='ltr'>iis</span> <span class='ocrx_word' id='word_1_182' title='bbox 1591 2002 1717 2056; x_wconf 63' lang='lat' dir='ltr'>qua:</span> <span class='ocrx_word' id='word_1_183' title='bbox 1764 1991 1912 2048; x_wconf 88' lang='lat' dir='ltr'>sunt,</span> <span class='ocrx_word' id='word_1_184' title='bbox 1961 1988 2073 2041; x_wconf 87' lang='lat' dir='ltr'>alia</span> 
     </span>
    </p>
   </div>
   <div class='ocr_carea' id='block_1_26' title="bbox 373 2055 2072 2127">
    <p class='ocr_par' dir='ltr' id='par_1_26' title="bbox 373 2055 2072 2127">
     <span class='ocr_line' id='line_1_26' title="bbox 373 2055 2072 2127; baseline 0.002 -20"><span class='ocrx_word' id='word_1_185' title='bbox 373 2055 650 2127; x_wconf 87' lang='lat' dir='ltr'>sensibus,</span> <span class='ocrx_word' id='word_1_186' title='bbox 679 2057 789 2108; x_wconf 90' lang='lat' dir='ltr'>alia</span> <span class='ocrx_word' id='word_1_187' title='bbox 813 2055 1096 2108; x_wconf 87' lang='lat' dir='ltr'>mentibus</span> <span class='ocrx_word' id='word_1_188' title='bbox 1121 2056 1476 2125; x_wconf 84' lang='lat' dir='ltr'>colligantur,</span> <span class='ocrx_word' id='word_1_189' title='bbox 1502 2071 1765 2125; x_wconf 90' lang='lat' dir='ltr'>separare</span> <span class='ocrx_word' id='word_1_190' title='bbox 1792 2057 1912 2110; x_wconf 66' lang='lat' dir='ltr'>haec</span> <span class='ocrx_word' id='word_1_191' title='bbox 1939 2074 2072 2127; x_wconf 91' lang='lat' dir='ltr'>pro-</span> 
     </span>
    </p>
   </div>
   <div class='ocr_carea' id='block_1_27' title="bbox 372 2126 2070 2196">
    <p class='ocr_par' dir='ltr' id='par_1_27' title="bbox 372 2126 2070 2196">
     <span class='ocr_line' id='line_1_27' title="bbox 372 2126 2070 2196; baseline 0.003 -18"><span class='ocrx_word' id='word_1_192' title='bbox 372 2126 511 2196; x_wconf 90' lang='lat' dir='ltr'>priis</span> <span class='ocrx_word' id='word_1_193' title='bbox 558 2127 889 2180; x_wconf 85' lang='lat' dir='ltr'>nominibus</span> <span class='ocrx_word' id='word_1_194' title='bbox 947 2127 1206 2179; x_wconf 89' lang='lat' dir='ltr'>homines</span> <span class='ocrx_word' id='word_1_195' title='bbox 1267 2127 1476 2179; x_wconf 85' lang='lat' dir='ltr'>eruditi</span> <span class='ocrx_word' id='word_1_196' title='bbox 1532 2127 1895 2181; x_wconf 89' lang='lat' dir='ltr'>maluerunt:</span> <span class='ocrx_word' id='word_1_197' title='bbox 1928 2126 1984 2182; x_wconf 83' lang='lat' dir='ltr'>et</span> <span class='ocrx_word' id='word_1_198' title='bbox 2013 2129 2070 2183; x_wconf 91' lang='lat' dir='ltr'>id</span> 
     </span>
    </p>
   </div>
   <div class='ocr_carea' id='block_1_28' title="bbox 373 2197 2070 2268">
    <p class='ocr_par' dir='ltr' id='par_1_28' title="bbox 373 2197 2070 2268">
     <span class='ocr_line' id='line_1_28' title="bbox 373 2197 2070 2268; baseline 0.003 -19"><span class='ocrx_word' id='word_1_199' title='bbox 373 2197 525 2267; x_wconf 92' lang='lat' dir='ltr'>quod</span> <span class='ocrx_word' id='word_1_200' title='bbox 549 2197 906 2268; x_wconf 86' lang='lat' dir='ltr'>dignoscitur</span> <span class='ocrx_word' id='word_1_201' title='bbox 925 2198 1204 2262; x_wconf 89' lang='lat' dir='ltr'>sensibus,</span> <span class='ocrx_word' id='word_1_202' title='bbox 1221 2197 1341 2266; x_wconf 87' lang='lat' dir='ltr'>jam</span> <span class='ocrx_word' id='word_1_203' title='bbox 1363 2197 1474 2250; x_wconf 89' lang='lat' dir='ltr'>dici</span> <span class='ocrx_word' id='word_1_204' title='bbox 1504 2204 1688 2264; x_wconf 74' lang='grc' dir='ltr'>ούσιαν,</span> <span class='ocrx_word' id='word_1_205' title='bbox 1715 2198 1857 2252; x_wconf 91' lang='lat' dir='ltr'>illud</span> <span class='ocrx_word' id='word_1_206' title='bbox 1880 2205 2070 2254; x_wconf 90' lang='lat' dir='ltr'>autem</span> 
     </span>
    </p>
   </div>
   <div class='ocr_carea' id='block_1_29' title="bbox 373 2268 2068 2339">
    <p class='ocr_par' dir='ltr' id='par_1_29' title="bbox 373 2268 2068 2339">
     <span class='ocr_line' id='line_1_29' title="bbox 373 2268 2068 2339; baseline 0.003 -20"><span class='ocrx_word' id='word_1_207' title='bbox 373 2268 527 2338; x_wconf 92' lang='lat' dir='ltr'>quod</span> <span class='ocrx_word' id='word_1_208' title='bbox 559 2268 735 2321; x_wconf 89' lang='lat' dir='ltr'>animi</span> <span class='ocrx_word' id='word_1_209' title='bbox 763 2273 1006 2321; x_wconf 88' lang='lat' dir='ltr'>tractatu</span> <span class='ocrx_word' id='word_1_210' title='bbox 1031 2269 1338 2338; x_wconf 87' lang='lat' dir='ltr'>colligitur,</span> <span class='ocrx_word' id='word_1_211' title='bbox 1373 2285 1435 2321; x_wconf 90' lang='lat' dir='ltr'>ac</span> <span class='ocrx_word' id='word_1_212' title='bbox 1458 2285 1606 2338; x_wconf 67' lang='lat' dir='ltr'>saepe</span> <span class='ocrx_word' id='word_1_213' title='bbox 1639 2275 1911 2334; x_wconf 87' lang='lat' dir='ltr'>mutatur,</span> <span class='ocrx_word' id='word_1_214' title='bbox 1946 2294 2068 2339; x_wconf 77' lang='grc' dir='ltr'>συμ-</span> 
     </span>
    </p>
   </div>
   <div class='ocr_carea' id='block_1_30' title="bbox 373 2339 2066 2411">
    <p class='ocr_par' dir='ltr' id='par_1_30' title="bbox 373 2339 2066 2411">
     <span class='ocr_line' id='line_1_30' title="bbox 373 2339 2066 2411; baseline 0.001 -19"><span class='ocrx_word' id='word_1_215' title='bbox 373 2345 594 2406; x_wconf 78' lang='grc' dir='ltr'>ϐεϐηκὸς,</span> <span class='ocrx_word' id='word_1_216' title='bbox 626 2339 684 2392; x_wconf 92' lang='lat' dir='ltr'>id</span> <span class='ocrx_word' id='word_1_217' title='bbox 716 2344 798 2392; x_wconf 90' lang='lat' dir='ltr'>est</span> <span class='ocrx_word' id='word_1_218' title='bbox 829 2339 1107 2405; x_wconf 89' lang='lat' dir='ltr'>accidens,</span> <span class='ocrx_word' id='word_1_219' title='bbox 1143 2340 1439 2411; x_wconf 86' lang='lat' dir='ltr'>nominare</span> <span class='ocrx_word' id='word_1_220' title='bbox 1468 2341 1786 2411; x_wconf 88' lang='lat' dir='ltr'>voluerunt.</span> <span class='ocrx_word' id='word_1_221' title='bbox 1823 2341 1886 2394; x_wconf 89' lang='lat' dir='ltr'>Et</span> <span class='ocrx_word' id='word_1_222' title='bbox 1918 2358 2066 2411; x_wconf 86' lang='lat' dir='ltr'>quo-</span> 
     </span>
    </p>
   </div>
   <div class='ocr_carea' id='block_1_31' title="bbox 371 2410 2068 2480">
    <p class='ocr_par' dir='ltr' id='par_1_31' title="bbox 371 2410 2068 2480">
     <span class='ocr_line' id='line_1_31' title="bbox 371 2410 2068 2480; baseline 0 -16"><span class='ocrx_word' id='word_1_223' title='bbox 371 2410 526 2464; x_wconf 84' lang='lat' dir='ltr'>niam</span> <span class='ocrx_word' id='word_1_224' title='bbox 575 2412 634 2463; x_wconf 92' lang='lat' dir='ltr'>in</span> <span class='ocrx_word' id='word_1_225' title='bbox 677 2416 1048 2480; x_wconf 87' lang='lat' dir='ltr'>permanente</span> <span class='ocrx_word' id='word_1_226' title='bbox 1100 2410 1223 2462; x_wconf 91' lang='lat' dir='ltr'>usia</span> <span class='ocrx_word' id='word_1_227' title='bbox 1269 2426 1334 2462; x_wconf 89' lang='lat' dir='ltr'>ea</span> <span class='ocrx_word' id='word_1_228' title='bbox 1381 2426 1510 2479; x_wconf 86' lang='lat' dir='ltr'>quae</span> <span class='ocrx_word' id='word_1_229' title='bbox 1553 2410 1837 2476; x_wconf 90' lang='lat' dir='ltr'>accidunt,</span> <span class='ocrx_word' id='word_1_230' title='bbox 1887 2410 2068 2464; x_wconf 84' lang='lat' dir='ltr'>inesse</span> 
     </span>
    </p>
   </div>
   <div class='ocr_carea' id='block_1_32' title="bbox 372 2480 2064 2550">
    <p class='ocr_par' dir='ltr' id='par_1_32' title="bbox 372 2480 2064 2550">
     <span class='ocr_line' id='line_1_32' title="bbox 372 2480 2064 2550; baseline 0.001 -16"><span class='ocrx_word' id='word_1_231' title='bbox 372 2486 706 2549; x_wconf 89' lang='lat' dir='ltr'>noscuntur,</span> <span class='ocrx_word' id='word_1_232' title='bbox 738 2481 920 2550; x_wconf 88' lang='lat' dir='ltr'>ipsam</span> <span class='ocrx_word' id='word_1_233' title='bbox 947 2480 1131 2534; x_wconf 84' lang='lat' dir='ltr'>usiam</span> <span class='ocrx_word' id='word_1_234' title='bbox 1165 2488 1500 2550; x_wconf 76' lang='grc' dir='ltr'>ὑποκείμενον,</span> <span class='ocrx_word' id='word_1_235' title='bbox 1528 2481 1583 2534; x_wconf 92' lang='lat' dir='ltr'>id</span> <span class='ocrx_word' id='word_1_236' title='bbox 1613 2486 1715 2546; x_wconf 90' lang='lat' dir='ltr'>est,</span> <span class='ocrx_word' id='word_1_237' title='bbox 1748 2483 2064 2550; x_wconf 87' lang='lat' dir='ltr'>subjacens,</span> 
     </span>
    </p>
   </div>
   <div class='ocr_carea' id='block_1_33' title="bbox 372 2552 2067 2622">
    <p class='ocr_par' dir='ltr' id='par_1_33' title="bbox 372 2552 2067 2622">
     <span class='ocr_line' id='line_1_33' title="bbox 372 2552 2067 2622; baseline 0.001 -16"><span class='ocrx_word' id='word_1_238' title='bbox 372 2556 429 2606; x_wconf 87' lang='lat' dir='ltr'>et</span> <span class='ocrx_word' id='word_1_239' title='bbox 456 2569 571 2606; x_wconf 91' lang='lat' dir='ltr'>non</span> <span class='ocrx_word' id='word_1_240' title='bbox 604 2553 661 2605; x_wconf 92' lang='lat' dir='ltr'>in</span> <span class='ocrx_word' id='word_1_241' title='bbox 693 2553 945 2622; x_wconf 80' lang='lat' dir='ltr'>subjecto</span> <span class='ocrx_word' id='word_1_242' title='bbox 975 2552 1252 2622; x_wconf 88' lang='lat' dir='ltr'>appellari</span> <span class='ocrx_word' id='word_1_243' title='bbox 1292 2553 1616 2617; x_wconf 86' lang='lat' dir='ltr'>voluerunt,</span> <span class='ocrx_word' id='word_1_244' title='bbox 1651 2552 1747 2605; x_wconf 90' lang='lat' dir='ltr'>illa</span> <span class='ocrx_word' id='word_1_245' title='bbox 1778 2569 1908 2606; x_wconf 89' lang='lat' dir='ltr'>vero</span> <span class='ocrx_word' id='word_1_246' title='bbox 1938 2569 2067 2622; x_wconf 58' lang='lat' dir='ltr'>quae</span> 
     </span>
    </p>
   </div>
   <div class='ocr_carea' id='block_1_34' title="bbox 372 2623 2057 2692">
    <p class='ocr_par' dir='ltr' id='par_1_34' title="bbox 372 2623 2057 2692">
     <span class='ocr_line' id='line_1_34' title="bbox 372 2623 2057 2692; baseline 0.001 -16"><span class='ocrx_word' id='word_1_247' title='bbox 372 2624 652 2687; x_wconf 89' lang='lat' dir='ltr'>accidunt,</span> <span class='ocrx_word' id='word_1_248' title='bbox 683 2629 733 2677; x_wconf 84' lang='grc' dir='ltr'>ἐν</span> <span class='ocrx_word' id='word_1_249' title='bbox 763 2630 1080 2692; x_wconf 75' lang='grc' dir='ltr'>ὑποκειμένῳ,</span> <span class='ocrx_word' id='word_1_250' title='bbox 1113 2623 1170 2675; x_wconf 90' lang='lat' dir='ltr'>id</span> <span class='ocrx_word' id='word_1_251' title='bbox 1205 2627 1287 2676; x_wconf 90' lang='lat' dir='ltr'>est</span> <span class='ocrx_word' id='word_1_252' title='bbox 1311 2623 1370 2676; x_wconf 93' lang='lat' dir='ltr'>in</span> <span class='ocrx_word' id='word_1_253' title='bbox 1400 2623 1734 2692; x_wconf 85' lang='lat' dir='ltr'>subjacenti,</span> <span class='ocrx_word' id='word_1_254' title='bbox 1769 2623 2057 2678; x_wconf 85' lang='lat' dir='ltr'>dixerunt.</span> 
     </span>
    </p>
   </div>
   <div class='ocr_carea' id='block_1_35' title="bbox 371 2693 2068 2763">
    <p class='ocr_par' dir='ltr' id='par_1_35' title="bbox 371 2693 2068 2763">
     <span class='ocr_line' id='line_1_35' title="bbox 371 2693 2068 2763; baseline 0.001 -16"><span class='ocrx_word' id='word_1_255' title='bbox 371 2693 503 2748; x_wconf 90' lang='lat' dir='ltr'>Sine</span> <span class='ocrx_word' id='word_1_256' title='bbox 535 2694 708 2747; x_wconf 91' lang='lat' dir='ltr'>dubio</span> <span class='ocrx_word' id='word_1_257' title='bbox 750 2699 941 2746; x_wconf 88' lang='lat' dir='ltr'>tamen</span> <span class='ocrx_word' id='word_1_258' title='bbox 991 2693 1130 2746; x_wconf 91' lang='lat' dir='ltr'>illud</span> <span class='ocrx_word' id='word_1_259' title='bbox 1165 2700 1388 2763; x_wconf 86' lang='lat' dir='ltr'>Oportet</span> <span class='ocrx_word' id='word_1_260' title='bbox 1431 2711 1462 2746; x_wconf 92' lang='lat' dir='ltr'>a</span> <span class='ocrx_word' id='word_1_261' title='bbox 1505 2693 1666 2746; x_wconf 88' lang='lat' dir='ltr'>nobis</span> <span class='ocrx_word' id='word_1_262' title='bbox 1697 2694 1958 2763; x_wconf 89' lang='lat' dir='ltr'>.agnosci,</span> <span class='ocrx_word' id='word_1_263' title='bbox 2004 2699 2068 2749; x_wconf 88' lang='lat' dir='ltr'>ut</span> 
     </span>
    </p>
   </div>
   <div class='ocr_carea' id='block_1_36' title="bbox 369 2764 2064 2834">
    <p class='ocr_par' dir='ltr' id='par_1_36' title="bbox 369 2764 2064 2834">
     <span class='ocr_line' id='line_1_36' title="bbox 369 2764 2064 2834; baseline -0.001 -16"><span class='ocrx_word' id='word_1_264' title='bbox 369 2765 654 2834; x_wconf 83' lang='lat' dir='ltr'>potiorem</span> <span class='ocrx_word' id='word_1_265' title='bbox 681 2765 843 2817; x_wconf 89' lang='lat' dir='ltr'>usian</span> <span class='ocrx_word' id='word_1_266' title='bbox 867 2764 1250 2817; x_wconf 89' lang='lat' dir='ltr'>accidentibus</span> <span class='ocrx_word' id='word_1_267' title='bbox 1271 2764 1532 2824; x_wconf 87' lang='lat' dir='ltr'>dicimus,</span> <span class='ocrx_word' id='word_1_268' title='bbox 1553 2765 1629 2816; x_wconf 90' lang='lat' dir='ltr'>sic</span> <span class='ocrx_word' id='word_1_269' title='bbox 1651 2765 1844 2834; x_wconf 87' lang='lat' dir='ltr'>potius</span> <span class='ocrx_word' id='word_1_270' title='bbox 1862 2774 2064 2834; x_wconf 75' lang='grc' dir='ltr'>ἄτομον,</span> 
     </span>
    </p>
   </div>
   <div class='ocr_carea' id='block_1_37' title="bbox 369 2835 2061 2903">
    <p class='ocr_par' dir='ltr' id='par_1_37' title="bbox 369 2835 2061 2903">
     <span class='ocr_line' id='line_1_37' title="bbox 369 2835 2061 2903; baseline 0.002 -17"><span class='ocrx_word' id='word_1_271' title='bbox 369 2837 457 2888; x_wconf 88' lang='lat' dir='ltr'>vel</span> <span class='ocrx_word' id='word_1_272' title='bbox 483 2843 799 2901; x_wconf 62' lang='grc' dir='ltr'>καθέηκα-τον,</span> <span class='ocrx_word' id='word_1_273' title='bbox 832 2836 888 2888; x_wconf 93' lang='lat' dir='ltr'>id</span> <span class='ocrx_word' id='word_1_274' title='bbox 916 2842 998 2887; x_wconf 87' lang='lat' dir='ltr'>est</span> <span class='ocrx_word' id='word_1_275' title='bbox 1021 2836 1170 2888; x_wconf 89' lang='lat' dir='ltr'>hunc</span> <span class='ocrx_word' id='word_1_276' title='bbox 1197 2835 1492 2888; x_wconf 90' lang='lat' dir='ltr'>hominem</span> <span class='ocrx_word' id='word_1_277' title='bbox 1517 2837 1605 2888; x_wconf 86' lang='lat' dir='ltr'>vel</span> <span class='ocrx_word' id='word_1_278' title='bbox 1635 2836 1787 2888; x_wconf 88' lang='lat' dir='ltr'>hunc</span> <span class='ocrx_word' id='word_1_279' title='bbox 1813 2837 2061 2903; x_wconf 85' lang='lat' dir='ltr'>leonem,</span> 
     </span>
    </p>
   </div>
   <div class='ocr_carea' id='block_1_38' title="bbox 371 2905 2065 2974">
    <p class='ocr_par' dir='ltr' id='par_1_38' title="bbox 371 2905 2065 2974">
     <span class='ocr_line' id='line_1_38' title="bbox 371 2905 2065 2974; baseline 0.001 -16"><span class='ocrx_word' id='word_1_280' title='bbox 371 2905 438 2959; x_wconf 90' lang='lat' dir='ltr'>iis</span> <span class='ocrx_word' id='word_1_281' title='bbox 469 2923 597 2974; x_wconf 84' lang='lat' dir='ltr'>quae</span> <span class='ocrx_word' id='word_1_282' title='bbox 646 2907 859 2959; x_wconf 87' lang='lat' dir='ltr'>fuerint</span> <span class='ocrx_word' id='word_1_283' title='bbox 888 2907 1236 2970; x_wconf 91' lang='lat' dir='ltr'>communia,</span> <span class='ocrx_word' id='word_1_284' title='bbox 1280 2908 1367 2960; x_wconf 91' lang='lat' dir='ltr'>vel</span> <span class='ocrx_word' id='word_1_285' title='bbox 1399 2905 1690 2959; x_wconf 91' lang='lat' dir='ltr'>communi</span> <span class='ocrx_word' id='word_1_286' title='bbox 1717 2913 1913 2960; x_wconf 83' lang='lat' dir='ltr'>vocata</span> <span class='ocrx_word' id='word_1_287' title='bbox 1942 2907 2065 2961; x_wconf 90' lang='lat' dir='ltr'>ani-</span> 
     </span>
    </p>
   </div>
   <div class='ocr_carea' id='block_1_39' title="bbox 369 2977 1194 3046">
    <p class='ocr_par' dir='ltr' id='par_1_39' title="bbox 369 2977 1194 3046">
     <span class='ocr_line' id='line_1_39' title="bbox 369 2977 1194 3046; baseline 0 -16"><span class='ocrx_word' id='word_1_288' title='bbox 369 2977 612 3030; x_wconf 88' lang='lat' dir='ltr'>malium</span> <span class='ocrx_word' id='word_1_289' title='bbox 643 2978 892 3042; x_wconf 87' lang='lat' dir='ltr'>nomine,</span> <span class='ocrx_word' id='word_1_290' title='bbox 928 2978 1194 3046; x_wconf 76' lang='lat' dir='ltr'>iudicare.</span> 
     </span>
    </p>
   </div>
   <div class='ocr_carea' id='block_1_40' title="bbox 372 3046 2070 3116">
    <p class='ocr_par' dir='ltr' id='par_1_40' title="bbox 372 3046 2070 3116">
     <span class='ocr_line' id='line_1_40' title="bbox 372 3046 2070 3116; baseline 0.001 -14"><span class='ocrx_word' id='word_1_291' title='bbox 372 3048 598 3102; x_wconf 83' lang='lat' dir='ltr'>CAPUT</span> <span class='ocrx_word' id='word_1_292' title='bbox 629 3049 720 3103; x_wconf 87' lang='lat' dir='ltr'>Vl.</span> <span class='ocrx_word' id='word_1_293' title='bbox 763 3077 830 3088; x_wconf 89' lang='lat'><strong><em>—</em></strong></span> <span class='ocrx_word' id='word_1_294' title='bbox 864 3049 992 3113; x_wconf 68' lang='lat' dir='ltr'>Quae</span> <span class='ocrx_word' id='word_1_295' title='bbox 1031 3048 1288 3101; x_wconf 79' lang='lat' dir='ltr'>dicuntur</span> <span class='ocrx_word' id='word_1_296' title='bbox 1341 3046 1405 3099; x_wconf 89' lang='lat' dir='ltr'>dc</span> <span class='ocrx_word' id='word_1_297' title='bbox 1460 3047 1713 3116; x_wconf 81' lang='lat' dir='ltr'>subjecto,</span> <span class='ocrx_word' id='word_1_298' title='bbox 1770 3063 1888 3115; x_wconf 69' lang='lat' dir='ltr'>quae</span> <span class='ocrx_word' id='word_1_299' title='bbox 1943 3055 2070 3103; x_wconf 82' lang='lat' dir='ltr'>sunt</span> 
     </span>
    </p>
   </div>
   <div class='ocr_carea' id='block_1_41' title="bbox 1053 3119 1389 3186">
    <p class='ocr_par' dir='ltr' id='par_1_41' title="bbox 1053 3119 1389 3186">
     <span class='ocr_line' id='line_1_41' title="bbox 1053 3119 1389 3186; baseline -0.003 -16"><span class='ocrx_word' id='word_1_300' title='bbox 1053 3120 1110 3171; x_wconf 77' lang='lat' dir='ltr'>in</span> <span class='ocrx_word' id='word_1_301' title='bbox 1135 3119 1389 3186; x_wconf 83' lang='lat' dir='ltr'>subjecto.</span> 
     </span>
    </p>
   </div>
   <div class='ocr_carea' id='block_1_42' title="bbox 444 3174 2082 3258">
    <p class='ocr_par' dir='ltr' id='par_1_42' title="bbox 444 3174 2082 3258">
     <span class='ocr_line' id='line_1_42' title="bbox 444 3174 2082 3258; baseline 0.001 -17"><span class='ocrx_word' id='word_1_302' title='bbox 444 3190 662 3241; x_wconf 79' lang='lat' dir='ltr'>Rursus</span> <span class='ocrx_word' id='word_1_303' title='bbox 684 3188 752 3241; x_wconf 91' lang='lat' dir='ltr'>ad</span> <span class='ocrx_word' id='word_1_304' title='bbox 773 3204 839 3241; x_wconf 90' lang='lat' dir='ltr'>ea</span> <span class='ocrx_word' id='word_1_305' title='bbox 851 3204 979 3258; x_wconf 81' lang='lat' dir='ltr'>quae</span> <span class='ocrx_word' id='word_1_306' title='bbox 1001 3174 1416 3258; x_wconf 76' lang='lat' dir='ltr'>signiﬁcantur,</span> <span class='ocrx_word' id='word_1_307' title='bbox 1432 3188 1763 3242; x_wconf 85' lang='lat' dir='ltr'>Aristoteles</span> <span class='ocrx_word' id='word_1_308' title='bbox 1777 3174 2082 3258; x_wconf 86' lang='lat' dir='ltr'>regressus</span> 
     </span>
    </p>
   </div>
   <div class='ocr_carea' id='block_1_43' title="bbox 375 3259 2065 3328">
    <p class='ocr_par' dir='ltr' id='par_1_43' title="bbox 375 3259 2065 3328">
     <span class='ocr_line' id='line_1_43' title="bbox 375 3259 2065 3328; baseline 0.001 -16"><span class='ocrx_word' id='word_1_309' title='bbox 375 3262 478 3320; x_wconf 85' lang='lat' dir='ltr'>est,</span> <span class='ocrx_word' id='word_1_310' title='bbox 513 3263 653 3328; x_wconf 88' lang='lat' dir='ltr'>quot</span> <span class='ocrx_word' id='word_1_311' title='bbox 681 3259 866 3312; x_wconf 89' lang='lat' dir='ltr'>modis</span> <span class='ocrx_word' id='word_1_312' title='bbox 891 3276 956 3312; x_wconf 90' lang='lat' dir='ltr'>ea</span> <span class='ocrx_word' id='word_1_313' title='bbox 978 3276 1106 3328; x_wconf 63' lang='lat' dir='ltr'>quia</span> <span class='ocrx_word' id='word_1_314' title='bbox 1129 3265 1259 3312; x_wconf 91' lang='lat' dir='ltr'>sunt</span> <span class='ocrx_word' id='word_1_315' title='bbox 1281 3259 1589 3327; x_wconf 88' lang='lat' dir='ltr'>signiﬁcari</span> <span class='ocrx_word' id='word_1_316' title='bbox 1612 3261 1878 3325; x_wconf 81' lang='lat' dir='ltr'>assolent,</span> <span class='ocrx_word' id='word_1_317' title='bbox 1904 3276 2065 3313; x_wconf 85' lang='lat' dir='ltr'>mon-</span> 
     </span>
    </p>
   </div>
   <div class='ocr_carea' id='block_1_44' title="bbox 375 3330 2067 3400">
    <p class='ocr_par' dir='ltr' id='par_1_44' title="bbox 375 3330 2067 3400">
     <span class='ocr_line' id='line_1_44' title="bbox 375 3330 2067 3400; baseline 0.001 -18"><span class='ocrx_word' id='word_1_318' title='bbox 375 3335 674 3384; x_wconf 88' lang='lat' dir='ltr'>straturus.</span> <span class='ocrx_word' id='word_1_319' title='bbox 711 3332 785 3383; x_wconf 82' lang='lat' dir='ltr'><strong>Ex</strong></span> <span class='ocrx_word' id='word_1_320' title='bbox 815 3330 904 3383; x_wconf 89' lang='lat' dir='ltr'>his</span> <span class='ocrx_word' id='word_1_321' title='bbox 933 3331 1108 3400; x_wconf 88' lang='lat' dir='ltr'>igitur</span> <span class='ocrx_word' id='word_1_322' title='bbox 1137 3347 1265 3400; x_wconf 64' lang='lat' dir='ltr'>qua:</span> <span class='ocrx_word' id='word_1_323' title='bbox 1297 3337 1450 3396; x_wconf 90' lang='lat' dir='ltr'>sunt,</span> <span class='ocrx_word' id='word_1_324' title='bbox 1474 3330 1586 3383; x_wconf 91' lang='lat' dir='ltr'>alia</span> <span class='ocrx_word' id='word_1_325' title='bbox 1615 3331 1682 3383; x_wconf 90' lang='lat' dir='ltr'>de</span> <span class='ocrx_word' id='word_1_326' title='bbox 1714 3331 1966 3398; x_wconf 79' lang='lat' dir='ltr'>subjecto</span> <span class='ocrx_word' id='word_1_327' title='bbox 1998 3331 2067 3384; x_wconf 89' lang='lat' dir='ltr'>si-</span> 
     </span>
    </p>
   </div>
   <div class='ocr_carea' id='block_1_45' title="bbox 373 3401 2064 3472">
    <p class='ocr_par' dir='ltr' id='par_1_45' title="bbox 373 3401 2064 3472">
     <span class='ocr_line' id='line_1_45' title="bbox 373 3401 2064 3472; baseline 0.001 -18"><span class='ocrx_word' id='word_1_328' title='bbox 373 3401 736 3472; x_wconf 88' lang='lat' dir='ltr'>gniﬁcantur,</span> <span class='ocrx_word' id='word_1_329' title='bbox 783 3406 839 3454; x_wconf 90' lang='lat' dir='ltr'>et</span> <span class='ocrx_word' id='word_1_330' title='bbox 886 3401 944 3454; x_wconf 91' lang='lat' dir='ltr'>in</span> <span class='ocrx_word' id='word_1_331' title='bbox 993 3402 1246 3468; x_wconf 80' lang='lat' dir='ltr'>subjecto</span> <span class='ocrx_word' id='word_1_332' title='bbox 1279 3416 1392 3453; x_wconf 89' lang='lat' dir='ltr'>non</span> <span class='ocrx_word' id='word_1_333' title='bbox 1432 3405 1582 3465; x_wconf 90' lang='lat' dir='ltr'>sunt,</span> <span class='ocrx_word' id='word_1_334' title='bbox 1633 3401 1933 3472; x_wconf 87' lang='lat' dir='ltr'>uthomo.</span> <span class='ocrx_word' id='word_1_335' title='bbox 1989 3403 2064 3455; x_wconf 91' lang='lat' dir='ltr'>De</span> 
     </span>
    </p>
   </div>
   <div class='ocr_carea' id='block_1_46' title="bbox 373 3471 2062 3542">
    <p class='ocr_par' dir='ltr' id='par_1_46' title="bbox 373 3471 2062 3542">
     <span class='ocr_line' id='line_1_46' title="bbox 373 3471 2062 3542; baseline 0.001 -18"><span class='ocrx_word' id='word_1_336' title='bbox 373 3471 626 3541; x_wconf 78' lang='lat' dir='ltr'>Subjecto</span> <span class='ocrx_word' id='word_1_337' title='bbox 669 3471 901 3542; x_wconf 82' lang='lat' dir='ltr'>quidem</span> <span class='ocrx_word' id='word_1_338' title='bbox 938 3473 1311 3541; x_wconf 91' lang='lat' dir='ltr'>signiﬁcatur,</span> <span class='ocrx_word' id='word_1_339' title='bbox 1343 3472 1540 3541; x_wconf 89' lang='lat' dir='ltr'>aliquo</span> <span class='ocrx_word' id='word_1_340' title='bbox 1572 3471 1843 3536; x_wconf 86' lang='lat' dir='ltr'>homine;</span> <span class='ocrx_word' id='word_1_341' title='bbox 1879 3489 2062 3542; x_wconf 89' lang='lat' dir='ltr'>neque</span> 
     </span>
    </p>
   </div>
   <div class='ocr_carea' id='block_1_47' title="bbox 373 3543 2063 3613">
    <p class='ocr_par' dir='ltr' id='par_1_47' title="bbox 373 3543 2063 3613">
     <span class='ocr_line' id='line_1_47' title="bbox 373 3543 2063 3613; baseline 0.001 -17"><span class='ocrx_word' id='word_1_342' title='bbox 373 3544 529 3596; x_wconf 90' lang='lat' dir='ltr'>enim</span> <span class='ocrx_word' id='word_1_343' title='bbox 559 3544 732 3596; x_wconf 91' lang='lat' dir='ltr'>homo</span> <span class='ocrx_word' id='word_1_344' title='bbox 763 3543 872 3596; x_wconf 89' lang='lat' dir='ltr'>dici</span> <span class='ocrx_word' id='word_1_345' title='bbox 901 3551 1109 3613; x_wconf 88' lang='lat' dir='ltr'>posset,</span> <span class='ocrx_word' id='word_1_346' title='bbox 1136 3544 1243 3596; x_wconf 89' lang='lat' dir='ltr'>nisi</span> <span class='ocrx_word' id='word_1_347' title='bbox 1267 3547 1412 3595; x_wconf 85' lang='lat' dir='ltr'>esset</span> <span class='ocrx_word' id='word_1_348' title='bbox 1441 3543 1646 3612; x_wconf 87' lang='lat' dir='ltr'>aliquis</span> <span class='ocrx_word' id='word_1_349' title='bbox 1667 3543 1744 3613; x_wconf 88' lang='lat' dir='ltr'>de</span> <span class='ocrx_word' id='word_1_350' title='bbox 1774 3559 1887 3613; x_wconf 91' lang='lat' dir='ltr'>quo</span> <span class='ocrx_word' id='word_1_351' title='bbox 1919 3544 2063 3597; x_wconf 88' lang='lat' dir='ltr'>dice-</span> 
     </span>
    </p>
   </div>
   <div class='ocr_carea' id='block_1_48' title="bbox 370 3612 2058 3683">
    <p class='ocr_par' dir='ltr' id='par_1_48' title="bbox 370 3612 2058 3683">
     <span class='ocr_line' id='line_1_48' title="bbox 370 3612 2058 3683; baseline 0.001 -17"><span class='ocrx_word' id='word_1_352' title='bbox 370 3619 548 3668; x_wconf 89' lang='lat' dir='ltr'>retur.</span> <span class='ocrx_word' id='word_1_353' title='bbox 587 3615 647 3666; x_wconf 91' lang='lat' dir='ltr'>ln</span> <span class='ocrx_word' id='word_1_354' title='bbox 678 3612 927 3683; x_wconf 86' lang='lat' dir='ltr'>subjecto</span> <span class='ocrx_word' id='word_1_355' title='bbox 958 3620 1148 3668; x_wconf 88' lang='lat' dir='ltr'>autem</span> <span class='ocrx_word' id='word_1_356' title='bbox 1175 3615 1332 3668; x_wconf 89' lang='lat' dir='ltr'>nullo</span> <span class='ocrx_word' id='word_1_357' title='bbox 1363 3618 1463 3677; x_wconf 91' lang='lat' dir='ltr'>est,</span> <span class='ocrx_word' id='word_1_358' title='bbox 1500 3629 1627 3666; x_wconf 89' lang='lat' dir='ltr'>cum</span> <span class='ocrx_word' id='word_1_359' title='bbox 1660 3612 1779 3682; x_wconf 90' lang='lat' dir='ltr'>ipse</span> <span class='ocrx_word' id='word_1_360' title='bbox 1795 3612 1885 3666; x_wconf 42' lang='lat' dir='ltr'>&quot;sit</span> <span class='ocrx_word' id='word_1_361' title='bbox 1916 3614 2058 3680; x_wconf 90' lang='lat' dir='ltr'>usia,</span> 
     </span>
    </p>
   </div>
   <div class='ocr_carea' id='block_1_49' title="bbox 371 3684 2062 3754">
    <p class='ocr_par' dir='ltr' id='par_1_49' title="bbox 371 3684 2062 3754">
     <span class='ocr_line' id='line_1_49' title="bbox 371 3684 2062 3754; baseline 0.001 -17"><span class='ocrx_word' id='word_1_362' title='bbox 371 3701 545 3754; x_wconf 90' lang='lat' dir='ltr'>quam</span> <span class='ocrx_word' id='word_1_363' title='bbox 583 3686 847 3753; x_wconf 90' lang='lat' dir='ltr'>superius</span> <span class='ocrx_word' id='word_1_364' title='bbox 877 3685 1126 3739; x_wconf 81' lang='lat' dir='ltr'>diximus</span> <span class='ocrx_word' id='word_1_365' title='bbox 1156 3685 1212 3738; x_wconf 91' lang='lat' dir='ltr'>in</span> <span class='ocrx_word' id='word_1_366' title='bbox 1258 3685 1416 3737; x_wconf 91' lang='lat' dir='ltr'>nullo</span> <span class='ocrx_word' id='word_1_367' title='bbox 1457 3700 1712 3754; x_wconf 90' lang='lat' dir='ltr'>unquam</span> <span class='ocrx_word' id='word_1_368' title='bbox 1746 3684 2062 3754; x_wconf 81' lang='lat' dir='ltr'>subjacenti</span> 
     </span>
    </p>
   </div>
   <div class='ocr_carea' id='block_1_50' title="bbox 371 3755 2060 3825">
    <p class='ocr_par' dir='ltr' id='par_1_50' title="bbox 371 3755 2060 3825">
     <span class='ocr_line' id='line_1_50' title="bbox 371 3755 2060 3825; baseline 0.002 -19"><span class='ocrx_word' id='word_1_369' title='bbox 371 3771 490 3808; x_wconf 86' lang='lat' dir='ltr'>esse</span> <span class='ocrx_word' id='word_1_370' title='bbox 516 3771 529 3819; x_wconf 92' lang='lat'><strong>;</strong></span> <span class='ocrx_word' id='word_1_371' title='bbox 561 3757 774 3825; x_wconf 88' lang='lat' dir='ltr'>quippe</span> <span class='ocrx_word' id='word_1_372' title='bbox 806 3772 934 3808; x_wconf 89' lang='lat' dir='ltr'>cum</span> <span class='ocrx_word' id='word_1_373' title='bbox 965 3757 1038 3809; x_wconf 87' lang='lat' dir='ltr'>sit</span> <span class='ocrx_word' id='word_1_374' title='bbox 1066 3755 1285 3809; x_wconf 63' lang='lat' dir='ltr'>caeteris</span> <span class='ocrx_word' id='word_1_375' title='bbox 1316 3756 1437 3824; x_wconf 86' lang='lat' dir='ltr'>ipsa</span> <span class='ocrx_word' id='word_1_376' title='bbox 1467 3757 1738 3824; x_wconf 78' lang='lat' dir='ltr'>subjecta.</span> <span class='ocrx_word' id='word_1_377' title='bbox 1775 3757 1899 3808; x_wconf 84' lang='lat' dir='ltr'>Alia</span> <span class='ocrx_word' id='word_1_378' title='bbox 1930 3772 2060 3809; x_wconf 90' lang='lat' dir='ltr'>vero</span> 
     </span>
    </p>
   </div>
   <div class='ocr_carea' id='block_1_51' title="bbox 370 3825 2063 3905">
    <p class='ocr_par' dir='ltr' id='par_1_51' title="bbox 370 3825 2063 3905">
     <span class='ocr_line' id='line_1_51' title="bbox 370 3825 2063 3905; baseline 0.003 -30"><span class='ocrx_word' id='word_1_379' title='bbox 370 3839 474 3905; x_wconf 81' lang='lat' dir='ltr'>nec</span> <span class='ocrx_word' id='word_1_380' title='bbox 489 3825 560 3905; x_wconf 42' lang='lat' dir='ltr'>“in</span> <span class='ocrx_word' id='word_1_381' title='bbox 592 3827 843 3892; x_wconf 65' lang='lat' dir='ltr'>subjecto</span> <span class='ocrx_word' id='word_1_382' title='bbox 874 3832 1022 3904; x_wconf 79' lang='lat' dir='ltr'>sunt,</span> <span class='ocrx_word' id='word_1_383' title='bbox 1041 3843 1159 3905; x_wconf 69' lang='lat' dir='ltr'>nec</span> <span class='ocrx_word' id='word_1_384' title='bbox 1185 3827 1252 3879; x_wconf 91' lang='lat' dir='ltr'>de</span> <span class='ocrx_word' id='word_1_385' title='bbox 1278 3827 1532 3905; x_wconf 79' lang='lat' dir='ltr'>subjecto</span> <span class='ocrx_word' id='word_1_386' title='bbox 1560 3825 1976 3905; x_wconf 88' lang='lat' dir='ltr'>signiﬁcantur,</span> <span class='ocrx_word' id='word_1_387' title='bbox 2000 3832 2063 3905; x_wconf 74' lang='lat' dir='ltr'>ut</span> 
     </span>
    </p>
   </div>
   <div class='ocr_carea' id='block_1_52' title="bbox 369 3893 2060 3964">
    <p class='ocr_par' dir='ltr' id='par_1_52' title="bbox 369 3893 2060 3964">
     <span class='ocr_line' id='line_1_52' title="bbox 369 3893 2060 3964; baseline 0.004 -18"><span class='ocrx_word' id='word_1_388' title='bbox 369 3898 452 3964; x_wconf 87' lang='lat' dir='ltr'>est</span> <span class='ocrx_word' id='word_1_389' title='bbox 484 3893 710 3959; x_wconf 88' lang='lat' dir='ltr'>Cicero;</span> <span class='ocrx_word' id='word_1_390' title='bbox 744 3910 846 3947; x_wconf 91' lang='lat' dir='ltr'>nec</span> <span class='ocrx_word' id='word_1_391' title='bbox 876 3895 934 3947; x_wconf 91' lang='lat' dir='ltr'>in</span> <span class='ocrx_word' id='word_1_392' title='bbox 970 3897 1223 3963; x_wconf 72' lang='lat' dir='ltr'>subjecto</span> <span class='ocrx_word' id='word_1_393' title='bbox 1254 3901 1355 3960; x_wconf 89' lang='lat' dir='ltr'>est,</span> <span class='ocrx_word' id='word_1_394' title='bbox 1386 3893 1525 3964; x_wconf 82' lang='lat' dir='ltr'>quia</span> <span class='ocrx_word' id='word_1_395' title='bbox 1554 3893 1674 3948; x_wconf 89' lang='lat' dir='ltr'>usia</span> <span class='ocrx_word' id='word_1_396' title='bbox 1703 3902 1822 3961; x_wconf 89' lang='lat' dir='ltr'>est;</span> <span class='ocrx_word' id='word_1_397' title='bbox 1856 3913 1960 3950; x_wconf 89' lang='lat' dir='ltr'>nec</span> <span class='ocrx_word' id='word_1_398' title='bbox 1990 3897 2060 3952; x_wconf 89' lang='lat' dir='ltr'>de</span> 
     </span>
    </p>
   </div>
   <div class='ocr_carea' id='block_1_53' title="bbox 368 3963 2059 4035">
    <p class='ocr_par' dir='ltr' id='par_1_53' title="bbox 368 3963 2059 4035">
     <span class='ocr_line' id='line_1_53' title="bbox 368 3963 2059 4035; baseline 0.004 -19"><span class='ocrx_word' id='word_1_399' title='bbox 368 3963 623 4033; x_wconf 85' lang='lat' dir='ltr'>subjecto</span> <span class='ocrx_word' id='word_1_400' title='bbox 651 3964 844 4035; x_wconf 90' lang='lat' dir='ltr'>aliquo</span> <span class='ocrx_word' id='word_1_401' title='bbox 867 3965 1238 4035; x_wconf 87' lang='lat' dir='ltr'>signiﬁcatur,</span> <span class='ocrx_word' id='word_1_402' title='bbox 1264 3963 1548 4034; x_wconf 85' lang='lat' dir='ltr'>siquidem</span> <span class='ocrx_word' id='word_1_403' title='bbox 1580 3982 1710 4019; x_wconf 91' lang='lat' dir='ltr'>cum</span> <span class='ocrx_word' id='word_1_404' title='bbox 1733 3983 1764 4020; x_wconf 90' lang='lat' dir='ltr'>a</span> <span class='ocrx_word' id='word_1_405' title='bbox 1792 3982 1850 4020; x_wconf 89' lang='lat' dir='ltr'>se</span> <span class='ocrx_word' id='word_1_406' title='bbox 1872 3971 2059 4022; x_wconf 90' lang='lat' dir='ltr'>ortum</span> 
     </span>
    </p>
   </div>
   <div class='ocr_carea' id='block_1_54' title="bbox 365 4035 2053 4108">
    <p class='ocr_par' dir='ltr' id='par_1_54' title="bbox 365 4035 2053 4108">
     <span class='ocr_line' id='line_1_54' title="bbox 365 4035 2053 4108; baseline 0.003 -20"><span class='ocrx_word' id='word_1_407' title='bbox 365 4035 980 4108; x_wconf 9' lang='lat' dir='ltr'>vocabulumgteneat,</span> <span class='ocrx_word' id='word_1_408' title='bbox 1041 4053 1223 4108; x_wconf 88' lang='lat' dir='ltr'>neque</span> <span class='ocrx_word' id='word_1_409' title='bbox 1282 4036 1526 4106; x_wconf 79' lang='lat' dir='ltr'>intelligi</span> <span class='ocrx_word' id='word_1_410' title='bbox 1577 4037 1753 4106; x_wconf 87' lang='lat' dir='ltr'>possit</span> <span class='ocrx_word' id='word_1_411' title='bbox 1806 4037 2053 4093; x_wconf 80' lang='lat' dir='ltr'>aliunde.</span> 
     </span>
    </p>
   </div>
   <div class='ocr_carea' id='block_1_55' title="bbox 366 4106 2058 4178">
    <p class='ocr_par' dir='ltr' id='par_1_55' title="bbox 366 4106 2058 4178">
     <span class='ocr_line' id='line_1_55' title="bbox 366 4106 2058 4178; baseline 0.002 -19"><span class='ocrx_word' id='word_1_412' title='bbox 366 4106 526 4160; x_wconf 89' lang='lat' dir='ltr'>Dicta</span> <span class='ocrx_word' id='word_1_413' title='bbox 553 4113 686 4160; x_wconf 88' lang='lat' dir='ltr'>sunt</span> <span class='ocrx_word' id='word_1_414' title='bbox 715 4106 828 4160; x_wconf 91' lang='lat' dir='ltr'>duo</span> <span class='ocrx_word' id='word_1_415' title='bbox 858 4124 986 4178; x_wconf 65' lang='lat' dir='ltr'>quas</span> <span class='ocrx_word' id='word_1_416' title='bbox 1018 4109 1085 4161; x_wconf 91' lang='lat' dir='ltr'>ad</span> <span class='ocrx_word' id='word_1_417' title='bbox 1118 4106 1280 4161; x_wconf 80' lang='lat' dir='ltr'>usian</span> <span class='ocrx_word' id='word_1_418' title='bbox 1305 4108 1612 4177; x_wconf 88' lang='lat' dir='ltr'>pertinent,</span> <span class='ocrx_word' id='word_1_419' title='bbox 1646 4124 1758 4178; x_wconf 89' lang='lat' dir='ltr'>quo</span> <span class='ocrx_word' id='word_1_420' title='bbox 1788 4115 1952 4176; x_wconf 91' lang='lat' dir='ltr'>pacto</span> <span class='ocrx_word' id='word_1_421' title='bbox 1982 4109 2058 4163; x_wconf 90' lang='lat' dir='ltr'>si-</span> 
     </span>
    </p>
   </div>
   <div class='ocr_carea' id='block_1_56' title="bbox 364 4178 2052 4248">
    <p class='ocr_par' dir='ltr' id='par_1_56' title="bbox 364 4178 2052 4248">
     <span class='ocr_line' id='line_1_56' title="bbox 364 4178 2052 4248; baseline 0.002 -18"><span class='ocrx_word' id='word_1_422' title='bbox 364 4178 730 4246; x_wconf 90' lang='lat' dir='ltr'>gniﬁcentur,</span> <span class='ocrx_word' id='word_1_423' title='bbox 764 4194 1009 4247; x_wconf 91' lang='lat' dir='ltr'>quorum</span> <span class='ocrx_word' id='word_1_424' title='bbox 1042 4179 1303 4248; x_wconf 87' lang='lat' dir='ltr'>superius</span> <span class='ocrx_word' id='word_1_425' title='bbox 1325 4187 1505 4245; x_wconf 79' lang='grc' dir='ltr'>κοινὸν,</span> <span class='ocrx_word' id='word_1_426' title='bbox 1538 4179 1594 4232; x_wconf 94' lang='lat' dir='ltr'>id</span> <span class='ocrx_word' id='word_1_427' title='bbox 1617 4184 1700 4231; x_wconf 88' lang='lat' dir='ltr'>est</span> <span class='ocrx_word' id='word_1_428' title='bbox 1720 4194 2052 4248; x_wconf 89' lang='lat' dir='ltr'>commune;</span> 
     </span>
    </p>
   </div>
   <div class='ocr_carea' id='block_1_57' title="bbox 362 4248 2055 4319">
    <p class='ocr_par' dir='ltr' id='par_1_57' title="bbox 362 4248 2055 4319">
     <span class='ocr_line' id='line_1_57' title="bbox 362 4248 2055 4319; baseline 0.002 -19"><span class='ocrx_word' id='word_1_429' title='bbox 362 4248 620 4307; x_wconf 87' lang='lat' dir='ltr'>inferius,</span> <span class='ocrx_word' id='word_1_430' title='bbox 654 4255 969 4316; x_wconf 71' lang='grc' dir='ltr'>καοέκαστον,</span> <span class='ocrx_word' id='word_1_431' title='bbox 1015 4249 1073 4303; x_wconf 92' lang='lat' dir='ltr'>id</span> <span class='ocrx_word' id='word_1_432' title='bbox 1105 4255 1190 4303; x_wconf 90' lang='lat' dir='ltr'>est</span> <span class='ocrx_word' id='word_1_433' title='bbox 1219 4249 1506 4319; x_wconf 86' lang='lat' dir='ltr'>singulare</span> <span class='ocrx_word' id='word_1_434' title='bbox 1536 4249 1764 4304; x_wconf 90' lang='lat' dir='ltr'>dicitur.</span> <span class='ocrx_word' id='word_1_435' title='bbox 1805 4252 1963 4304; x_wconf 88' lang='lat' dir='ltr'>Nunc</span> <span class='ocrx_word' id='word_1_436' title='bbox 1992 4268 2055 4304; x_wconf 90' lang='lat' dir='ltr'>ea</span> 
     </span>
    </p>
   </div>
   <div class='ocr_carea' id='block_1_58' title="bbox 363 4319 2057 4391">
    <p class='ocr_par' dir='ltr' id='par_1_58' title="bbox 363 4319 2057 4391">
     <span class='ocr_line' id='line_1_58' title="bbox 363 4319 2057 4391; baseline 0.002 -19"><span class='ocrx_word' id='word_1_437' title='bbox 363 4335 490 4388; x_wconf 53' lang='lat' dir='ltr'>qua!</span> <span class='ocrx_word' id='word_1_438' title='bbox 513 4324 728 4372; x_wconf 78' lang='lat' dir='ltr'>suntex</span> <span class='ocrx_word' id='word_1_439' title='bbox 749 4319 1159 4385; x_wconf 88' lang='lat' dir='ltr'>accidentibus,</span> <span class='ocrx_word' id='word_1_440' title='bbox 1179 4321 1452 4387; x_wconf 89' lang='lat' dir='ltr'>quoniam</span> <span class='ocrx_word' id='word_1_441' title='bbox 1473 4321 1642 4373; x_wconf 92' lang='lat' dir='ltr'>modo</span> <span class='ocrx_word' id='word_1_442' title='bbox 1664 4321 2057 4391; x_wconf 90' lang='lat' dir='ltr'>signiﬁcentur</span> 
     </span>
    </p>
   </div>
   <div class='ocr_carea' id='block_1_59' title="bbox 363 4391 2053 4461">
    <p class='ocr_par' dir='ltr' id='par_1_59' title="bbox 363 4391 2053 4461">
     <span class='ocr_line' id='line_1_59' title="bbox 363 4391 2053 4461; baseline 0.003 -19"><span class='ocrx_word' id='word_1_443' title='bbox 363 4391 777 4461; x_wconf 87' lang='lat' dir='ltr'>dicendumest</span> <span class='ocrx_word' id='word_1_444' title='bbox 817 4391 1154 4461; x_wconf 89' lang='lat' dir='ltr'>Suntigitur</span> <span class='ocrx_word' id='word_1_445' title='bbox 1174 4407 1239 4444; x_wconf 81' lang='lat' dir='ltr'>ex</span> <span class='ocrx_word' id='word_1_446' title='bbox 1265 4391 1334 4443; x_wconf 90' lang='lat' dir='ltr'>iis</span> <span class='ocrx_word' id='word_1_447' title='bbox 1359 4392 1468 4443; x_wconf 89' lang='lat' dir='ltr'>alia</span> <span class='ocrx_word' id='word_1_448' title='bbox 1490 4408 1617 4461; x_wconf 65' lang='lat' dir='ltr'>quae</span> <span class='ocrx_word' id='word_1_449' title='bbox 1645 4394 1775 4445; x_wconf 89' lang='lat' dir='ltr'>etin</span> <span class='ocrx_word' id='word_1_450' title='bbox 1804 4392 2053 4461; x_wconf 64' lang='lat' dir='ltr'>subjecto</span> 
     </span>
    </p>
   </div>
   <div class='ocr_carea' id='block_1_60' title="bbox 362 4460 2053 4531">
    <p class='ocr_par' dir='ltr' id='par_1_60' title="bbox 362 4460 2053 4531">
     <span class='ocr_line' id='line_1_60' title="bbox 362 4460 2053 4531; baseline 0.003 -19"><span class='ocrx_word' id='word_1_451' title='bbox 362 4468 512 4527; x_wconf 88' lang='lat' dir='ltr'>sunt,</span> <span class='ocrx_word' id='word_1_452' title='bbox 549 4469 604 4514; x_wconf 91' lang='lat' dir='ltr'>et</span> <span class='ocrx_word' id='word_1_453' title='bbox 641 4460 1037 4530; x_wconf 81' lang='lat' dir='ltr'>signiﬁcantur</span> <span class='ocrx_word' id='word_1_454' title='bbox 1081 4463 1148 4515; x_wconf 91' lang='lat' dir='ltr'>de</span> <span class='ocrx_word' id='word_1_455' title='bbox 1182 4462 1453 4531; x_wconf 79' lang='lat' dir='ltr'>subjecto,</span> <span class='ocrx_word' id='word_1_456' title='bbox 1486 4460 1551 4514; x_wconf 86' lang='lat' dir='ltr'>ut</span> <span class='ocrx_word' id='word_1_457' title='bbox 1581 4467 1666 4515; x_wconf 92' lang='lat' dir='ltr'>est</span> <span class='ocrx_word' id='word_1_458' title='bbox 1702 4460 1938 4516; x_wconf 89' lang='lat' dir='ltr'>scientia</span> <span class='ocrx_word' id='word_1_459' title='bbox 1966 4465 2053 4518; x_wconf 90' lang='lat' dir='ltr'>vel</span> 
     </span>
    </p>
   </div>
   <div class='ocr_carea' id='block_1_61' title="bbox 360 4532 2051 4603">
    <p class='ocr_par' dir='ltr' id='par_1_61' title="bbox 360 4532 2051 4603">
     <span class='ocr_line' id='line_1_61' title="bbox 360 4532 2051 4603; baseline 0.004 -21"><span class='ocrx_word' id='word_1_460' title='bbox 360 4532 532 4584; x_wconf 92' lang='lat' dir='ltr'>color.</span> <span class='ocrx_word' id='word_1_461' title='bbox 569 4533 711 4586; x_wconf 88' lang='lat' dir='ltr'>Sunt</span> <span class='ocrx_word' id='word_1_462' title='bbox 741 4533 892 4586; x_wconf 89' lang='lat' dir='ltr'>enim</span> <span class='ocrx_word' id='word_1_463' title='bbox 924 4534 983 4586; x_wconf 89' lang='lat' dir='ltr'>in</span> <span class='ocrx_word' id='word_1_464' title='bbox 1031 4533 1283 4603; x_wconf 82' lang='lat' dir='ltr'>subjecto</span> <span class='ocrx_word' id='word_1_465' title='bbox 1320 4533 1534 4602; x_wconf 89' lang='lat' dir='ltr'>aliquo,</span> <span class='ocrx_word' id='word_1_466' title='bbox 1568 4532 1625 4586; x_wconf 90' lang='lat' dir='ltr'>id</span> <span class='ocrx_word' id='word_1_467' title='bbox 1657 4539 1741 4586; x_wconf 83' lang='lat' dir='ltr'>est</span> <span class='ocrx_word' id='word_1_468' title='bbox 1767 4533 1828 4586; x_wconf 89' lang='lat' dir='ltr'>in</span> <span class='ocrx_word' id='word_1_469' title='bbox 1858 4534 2051 4588; x_wconf 89' lang='lat' dir='ltr'>animo</span> 
     </span>
    </p>
   </div>
   <div class='ocr_carea' id='block_1_62' title="bbox 359 4603 2053 4674">
    <p class='ocr_par' dir='ltr' id='par_1_62' title="bbox 359 4603 2053 4674">
     <span class='ocr_line' id='line_1_62' title="bbox 359 4603 2053 4674; baseline 0.004 -21"><span class='ocrx_word' id='word_1_470' title='bbox 359 4604 448 4674; x_wconf 84' lang='lat' dir='ltr'>vel</span> <span class='ocrx_word' id='word_1_471' title='bbox 478 4619 714 4672; x_wconf 89' lang='lat' dir='ltr'>corpore</span> <span class='ocrx_word' id='word_1_472' title='bbox 741 4619 752 4655; x_wconf 90' lang='lat'>:</span> <span class='ocrx_word' id='word_1_473' title='bbox 790 4619 975 4674; x_wconf 89' lang='lat' dir='ltr'>neque</span> <span class='ocrx_word' id='word_1_474' title='bbox 1003 4604 1155 4657; x_wconf 91' lang='lat' dir='ltr'>enim</span> <span class='ocrx_word' id='word_1_475' title='bbox 1187 4603 1423 4657; x_wconf 90' lang='lat' dir='ltr'>scientia</span> <span class='ocrx_word' id='word_1_476' title='bbox 1452 4607 1639 4672; x_wconf 83' lang='lat' dir='ltr'>potest</span> <span class='ocrx_word' id='word_1_477' title='bbox 1668 4619 1808 4671; x_wconf 90' lang='lat' dir='ltr'>esse,</span> <span class='ocrx_word' id='word_1_478' title='bbox 1843 4605 1948 4658; x_wconf 91' lang='lat' dir='ltr'>nisi</span> <span class='ocrx_word' id='word_1_479' title='bbox 1981 4606 2053 4660; x_wconf 89' lang='lat' dir='ltr'>sit</span> 
     </span>
    </p>
   </div>
   <div class='ocr_carea' id='block_1_63' title="bbox 358 4672 2047 4745">
    <p class='ocr_par' dir='ltr' id='par_1_63' title="bbox 358 4672 2047 4745">
     <span class='ocr_line' id='line_1_63' title="bbox 358 4672 2047 4745; baseline 0.004 -21"><span class='ocrx_word' id='word_1_480' title='bbox 358 4672 550 4726; x_wconf 90' lang='lat' dir='ltr'>anima</span> <span class='ocrx_word' id='word_1_481' title='bbox 563 4674 814 4745; x_wconf 79' lang='lat' dir='ltr'>subjecta</span> <span class='ocrx_word' id='word_1_482' title='bbox 825 4672 939 4745; x_wconf 80' lang='lat' dir='ltr'>qua</span> <span class='ocrx_word' id='word_1_483' title='bbox 950 4675 1334 4740; x_wconf 88' lang='lat' dir='ltr'>contineatur;</span> <span class='ocrx_word' id='word_1_484' title='bbox 1360 4690 1463 4727; x_wconf 91' lang='lat' dir='ltr'>nec</span> <span class='ocrx_word' id='word_1_485' title='bbox 1484 4674 1791 4744; x_wconf 89' lang='lat' dir='ltr'>signiﬁcari</span> <span class='ocrx_word' id='word_1_486' title='bbox 1813 4676 2047 4730; x_wconf 82' lang='lat' dir='ltr'>scientia</span> 
     </span>
    </p>
   </div>
   <div class='ocr_carea' id='block_1_64' title="bbox 357 4744 2047 4817">
    <p class='ocr_par' dir='ltr' id='par_1_64' title="bbox 357 4744 2047 4817">
     <span class='ocr_line' id='line_1_64' title="bbox 357 4744 2047 4817; baseline 0.003 -21"><span class='ocrx_word' id='word_1_487' title='bbox 357 4748 562 4813; x_wconf 86' lang='lat' dir='ltr'>posset,</span> <span class='ocrx_word' id='word_1_488' title='bbox 597 4744 703 4796; x_wconf 91' lang='lat' dir='ltr'>nisi</span> <span class='ocrx_word' id='word_1_489' title='bbox 734 4746 800 4798; x_wconf 90' lang='lat' dir='ltr'>de</span> <span class='ocrx_word' id='word_1_490' title='bbox 845 4744 1098 4817; x_wconf 79' lang='lat' dir='ltr'>subjecta</span> <span class='ocrx_word' id='word_1_491' title='bbox 1127 4745 1536 4815; x_wconf 84' lang='lat' dir='ltr'>grammatica:</span> <span class='ocrx_word' id='word_1_492' title='bbox 1571 4745 1657 4798; x_wconf 90' lang='lat' dir='ltr'>vel</span> <span class='ocrx_word' id='word_1_493' title='bbox 1699 4746 1854 4799; x_wconf 91' lang='lat' dir='ltr'>color</span> <span class='ocrx_word' id='word_1_494' title='bbox 1895 4747 2047 4817; x_wconf 90' lang='lat' dir='ltr'>quis-</span> 
     </span>
    </p>
   </div>
   <div class='ocr_carea' id='block_1_65' title="bbox 355 4816 2045 4898">
    <p class='ocr_par' dir='ltr' id='par_1_65' title="bbox 355 4816 2045 4898">
     <span class='ocr_line' id='line_1_65' title="bbox 355 4816 2045 4898; baseline 0.003 -33"><span class='ocrx_word' id='word_1_495' title='bbox 355 4829 528 4898; x_wconf 81' lang='lat' dir='ltr'>quam</span> <span class='ocrx_word' id='word_1_496' title='bbox 555 4820 744 4898; x_wconf 82' lang='lat' dir='ltr'>posset</span> <span class='ocrx_word' id='word_1_497' title='bbox 769 4832 918 4896; x_wconf 78' lang='lat' dir='ltr'>esse,_</span> <span class='ocrx_word' id='word_1_498' title='bbox 940 4817 1051 4898; x_wconf 75' lang='lat' dir='ltr'>nisi</span> <span class='ocrx_word' id='word_1_499' title='bbox 1079 4816 1719 4898; x_wconf 35' lang='lat' dir='ltr'>in‘s.ubjecto.corpore_;</span> <span class='ocrx_word' id='word_1_500' title='bbox 1749 4833 1850 4869; x_wconf 92' lang='lat' dir='ltr'>nec</span> <span class='ocrx_word' id='word_1_501' title='bbox 1872 4816 2045 4898; x_wconf 61' lang='lat' dir='ltr'>signi-</span> 
     </span>
    </p>
   </div>
   <div class='ocr_carea' id='block_1_66' title="bbox 352 4885 2048 4958">
    <p class='ocr_par' dir='ltr' id='par_1_66' title="bbox 352 4885 2048 4958">
     <span class='ocr_line' id='line_1_66' title="bbox 352 4885 2048 4958; baseline 0.004 -20"><span class='ocrx_word' id='word_1_502' title='bbox 352 4885 512 4939; x_wconf 88' lang='lat' dir='ltr'>ﬁcari</span> <span class='ocrx_word' id='word_1_503' title='bbox 550 4890 764 4958; x_wconf 77' lang='lat' dir='ltr'>posset,</span> <span class='ocrx_word' id='word_1_504' title='bbox 814 4886 923 4940; x_wconf 87' lang='lat' dir='ltr'>nisi</span> <span class='ocrx_word' id='word_1_505' title='bbox 966 4888 1034 4940; x_wconf 91' lang='lat' dir='ltr'>de</span> <span class='ocrx_word' id='word_1_506' title='bbox 1083 4885 1335 4958; x_wconf 83' lang='lat' dir='ltr'>subjecto</span> <span class='ocrx_word' id='word_1_507' title='bbox 1377 4888 1568 4957; x_wconf 88' lang='lat' dir='ltr'>aliquo</span> <span class='ocrx_word' id='word_1_508' title='bbox 1615 4889 1834 4958; x_wconf 86' lang='lat' dir='ltr'>colore:</span> <span class='ocrx_word' id='word_1_509' title='bbox 1867 4885 1946 4941; x_wconf 78' lang='lat' dir='ltr'>ita</span> <span class='ocrx_word' id='word_1_510' title='bbox 1982 4888 2048 4944; x_wconf 89' lang='lat' dir='ltr'>ﬁt</span> 
     </span>
    </p>
   </div>
   <div class='ocr_carea' id='block_1_67' title="bbox 351 4955 2042 5028">
    <p class='ocr_par' dir='ltr' id='par_1_67' title="bbox 351 4955 2042 5028">
     <span class='ocr_line' id='line_1_67' title="bbox 351 4955 2042 5028; baseline 0.001 -18"><span class='ocrx_word' id='word_1_511' title='bbox 351 4961 502 5028; x_wconf 80' lang='lat' dir='ltr'>utet</span> <span class='ocrx_word' id='word_1_512' title='bbox 543 4955 604 5009; x_wconf 86' lang='lat' dir='ltr'>in</span> <span class='ocrx_word' id='word_1_513' title='bbox 647 4957 899 5026; x_wconf 87' lang='lat' dir='ltr'>subjecto</span> <span class='ocrx_word' id='word_1_514' title='bbox 944 4958 1072 5016; x_wconf 89' lang='lat' dir='ltr'>sint.</span> <span class='ocrx_word' id='word_1_515' title='bbox 1123 4955 1202 5012; x_wconf 47' lang='lat' dir='ltr'>et&#39;</span> <span class='ocrx_word' id='word_1_516' title='bbox 1223 4960 1291 5013; x_wconf 91' lang='lat' dir='ltr'>de</span> <span class='ocrx_word' id='word_1_517' title='bbox 1337 4955 1588 5028; x_wconf 82' lang='lat' dir='ltr'>subjecto</span> <span class='ocrx_word' id='word_1_518' title='bbox 1628 4957 2042 5028; x_wconf 87' lang='lat' dir='ltr'>signiﬁcentur,</span> 
     </span>
    </p>
   </div>
   <div class='ocr_carea' id='block_1_68' title="bbox 349 5027 2043 5098">
    <p class='ocr_par' dir='ltr' id='par_1_68' title="bbox 349 5027 2043 5098">
     <span class='ocr_line' id='line_1_68' title="bbox 349 5027 2043 5098; baseline 0.002 -18"><span class='ocrx_word' id='word_1_519' title='bbox 349 5027 477 5098; x_wconf 83' lang='lat' dir='ltr'>Alia</span> <span class='ocrx_word' id='word_1_520' title='bbox 505 5043 638 5081; x_wconf 88' lang='lat' dir='ltr'>vero</span> <span class='ocrx_word' id='word_1_521' title='bbox 684 5033 818 5082; x_wconf 91' lang='lat' dir='ltr'>sunt</span> <span class='ocrx_word' id='word_1_522' title='bbox 856 5044 923 5081; x_wconf 83' lang='lat' dir='ltr'>ex</span> <span class='ocrx_word' id='word_1_523' title='bbox 964 5028 1167 5082; x_wconf 88' lang='lat' dir='ltr'>iisdem</span> <span class='ocrx_word' id='word_1_524' title='bbox 1198 5027 1544 5098; x_wconf 68' lang='grc' dir='ltr'>συμϐεϐηιέόσι,</span> <span class='ocrx_word' id='word_1_525' title='bbox 1575 5028 1634 5082; x_wconf 91' lang='lat' dir='ltr'>id</span> <span class='ocrx_word' id='word_1_526' title='bbox 1673 5027 1755 5082; x_wconf 85' lang='lat' dir='ltr'>est</span> <span class='ocrx_word' id='word_1_527' title='bbox 1785 5030 2043 5084; x_wconf 87' lang='lat' dir='ltr'>acciden-</span> 
     </span>
    </p>
   </div>
   <div class='ocr_carea' id='block_1_69' title="bbox 348 5097 2040 5170">
    <p class='ocr_par' dir='ltr' id='par_1_69' title="bbox 348 5097 2040 5170">
     <span class='ocr_line' id='line_1_69' title="bbox 348 5097 2040 5170; baseline 0.003 -19"><span class='ocrx_word' id='word_1_528' title='bbox 348 5097 522 5170; x_wconf 85' lang='lat' dir='ltr'>tibus,</span> <span class='ocrx_word' id='word_1_529' title='bbox 555 5115 683 5170; x_wconf 71' lang='lat' dir='ltr'>quas</span> <span class='ocrx_word' id='word_1_530' title='bbox 713 5099 774 5152; x_wconf 90' lang='lat' dir='ltr'>in</span> <span class='ocrx_word' id='word_1_531' title='bbox 806 5099 1059 5168; x_wconf 78' lang='lat' dir='ltr'>subjecto</span> <span class='ocrx_word' id='word_1_532' title='bbox 1089 5097 1324 5170; x_wconf 87' lang='lat' dir='ltr'>quidem</span> <span class='ocrx_word' id='word_1_533' title='bbox 1367 5107 1516 5164; x_wconf 89' lang='lat' dir='ltr'>sunt,</span> <span class='ocrx_word' id='word_1_534' title='bbox 1560 5100 1658 5153; x_wconf 89' lang='lat' dir='ltr'>sed</span> <span class='ocrx_word' id='word_1_535' title='bbox 1692 5101 1758 5154; x_wconf 91' lang='lat' dir='ltr'>de</span> <span class='ocrx_word' id='word_1_536' title='bbox 1790 5101 2040 5170; x_wconf 82' lang='lat' dir='ltr'>subjecto</span> 
     </span>
    </p>
   </div>
   <div class='ocr_carea' id='block_1_70' title="bbox 347 5169 2041 5241">
    <p class='ocr_par' dir='ltr' id='par_1_70' title="bbox 347 5169 2041 5241">
     <span class='ocr_line' id='line_1_70' title="bbox 347 5169 2041 5241; baseline 0.002 -19"><span class='ocrx_word' id='word_1_537' title='bbox 347 5169 586 5241; x_wconf 88' lang='lat' dir='ltr'>minime</span> <span class='ocrx_word' id='word_1_538' title='bbox 613 5171 1028 5240; x_wconf 87' lang='lat' dir='ltr'>signiﬁcantur,</span> <span class='ocrx_word' id='word_1_539' title='bbox 1055 5176 1117 5223; x_wconf 94' lang='lat' dir='ltr'>ut</span> <span class='ocrx_word' id='word_1_540' title='bbox 1145 5177 1246 5238; x_wconf 92' lang='lat' dir='ltr'>est,</span> <span class='ocrx_word' id='word_1_541' title='bbox 1280 5173 1401 5224; x_wconf 55' lang='lat' dir='ltr'>haec</span> <span class='ocrx_word' id='word_1_542' title='bbox 1422 5171 1812 5241; x_wconf 88' lang='lat' dir='ltr'>grammatica,</span> <span class='ocrx_word' id='word_1_543' title='bbox 1838 5169 1923 5224; x_wconf 86' lang='lat' dir='ltr'>vel</span> <span class='ocrx_word' id='word_1_544' title='bbox 1951 5173 2041 5226; x_wconf 91' lang='lat' dir='ltr'>hic</span> 
     </span>
    </p>
   </div>
   <div class='ocr_carea' id='block_1_71' title="bbox 347 5240 2038 5311">
    <p class='ocr_par' dir='ltr' id='par_1_71' title="bbox 347 5240 2038 5311">
     <span class='ocr_line' id='line_1_71' title="bbox 347 5240 2038 5311; baseline 0.001 -17"><span class='ocrx_word' id='word_1_545' title='bbox 347 5240 509 5294; x_wconf 88' lang='lat' dir='ltr'>albus</span> <span class='ocrx_word' id='word_1_546' title='bbox 539 5242 714 5295; x_wconf 91' lang='lat' dir='ltr'>color.</span> <span class='ocrx_word' id='word_1_547' title='bbox 755 5243 819 5294; x_wconf 91' lang='lat' dir='ltr'>In</span> <span class='ocrx_word' id='word_1_548' title='bbox 849 5241 1098 5310; x_wconf 83' lang='lat' dir='ltr'>subjecto</span> <span class='ocrx_word' id='word_1_549' title='bbox 1126 5242 1359 5311; x_wconf 90' lang='lat' dir='ltr'>quidem</span> <span class='ocrx_word' id='word_1_550' title='bbox 1389 5240 1541 5308; x_wconf 84' lang='lat' dir='ltr'>sunt,</span> <span class='ocrx_word' id='word_1_551' title='bbox 1573 5242 1765 5295; x_wconf 91' lang='lat' dir='ltr'>animo</span> <span class='ocrx_word' id='word_1_552' title='bbox 1799 5243 1885 5296; x_wconf 90' lang='lat' dir='ltr'>vel</span> <span class='ocrx_word' id='word_1_553' title='bbox 1915 5259 2038 5296; x_wconf 91' lang='lat' dir='ltr'>cor-</span> 
     </span>
    </p>
   </div>
   <div class='ocr_carea' id='block_1_72' title="bbox 342 5312 2038 5436">
    <p class='ocr_par' dir='ltr' id='par_1_72' title="bbox 342 5312 2038 5436">
     <span class='ocr_line' id='line_1_72' title="bbox 342 5312 2038 5436; baseline 0.001 -70"><span class='ocrx_word' id='word_1_554' title='bbox 342 5327 506 5436; x_wconf 61' lang='lat' dir='ltr'>pore,</span> <span class='ocrx_word' id='word_1_555' title='bbox 530 5313 598 5365; x_wconf 92' lang='lat' dir='ltr'>de</span> <span class='ocrx_word' id='word_1_556' title='bbox 617 5312 868 5382; x_wconf 78' lang='lat' dir='ltr'>subjecto</span> <span class='ocrx_word' id='word_1_557' title='bbox 893 5319 1082 5366; x_wconf 88' lang='lat' dir='ltr'>autem</span> <span class='ocrx_word' id='word_1_558' title='bbox 1105 5328 1216 5365; x_wconf 92' lang='lat' dir='ltr'>non</span> <span class='ocrx_word' id='word_1_559' title='bbox 1237 5313 1650 5383; x_wconf 88' lang='lat' dir='ltr'>signiﬁcantur.</span> <span class='ocrx_word' id='word_1_560' title='bbox 1672 5314 1864 5384; x_wconf 86' lang='lat' dir='ltr'>Neque</span> <span class='ocrx_word' id='word_1_561' title='bbox 1883 5314 2038 5368; x_wconf 90' lang='lat' dir='ltr'>enim</span> 
     </span>
     <span class='ocr_line' id='line_1_73' title="bbox 386 5382 2037 5436; baseline 0.001 -1"><span class='ocrx_word' id='word_1_562' title='bbox 386 5382 433 5436; x_wconf 93' lang='lat' dir='ltr'>is</span> <span class='ocrx_word' id='word_1_563' title='bbox 463 5383 690 5436; x_wconf 87' lang='lat' dir='ltr'>aliunde</span> <span class='ocrx_word' id='word_1_564' title='bbox 716 5385 1057 5436; x_wconf 87' lang='lat' dir='ltr'>vocabulum</span> <span class='ocrx_word' id='word_1_565' title='bbox 1085 5384 1314 5436; x_wconf 80' lang='lat' dir='ltr'>pendet.</span> <span class='ocrx_word' id='word_1_566' title='bbox 1349 5385 1446 5436; x_wconf 84' lang='lat' dir='ltr'>sed</span> <span class='ocrx_word' id='word_1_567' title='bbox 1475 5401 1575 5436; x_wconf 92' lang='lat' dir='ltr'>suo</span> <span class='ocrx_word' id='word_1_568' title='bbox 1598 5388 1652 5436; x_wconf 90' lang='lat' dir='ltr'>et</span> <span class='ocrx_word' id='word_1_569' title='bbox 1681 5385 1908 5436; x_wconf 77' lang='lat' dir='ltr'>speciali</span> <span class='ocrx_word' id='word_1_570' title='bbox 1940 5401 2037 5436; x_wconf 92' lang='lat' dir='ltr'>no-</span> 
     </span>
    </p>
   </div>
   <div class='ocr_carea' id='block_1_73' title="bbox 386 5382 2037 5454">
    <p class='ocr_par' dir='ltr' id='par_1_73' title="bbox 386 5382 2037 5454">
     <span class='ocr_line' id='line_1_74' title="bbox 386 5382 2037 5454; baseline 0.002 -19"><span class='ocrx_word' id='word_1_571' title='bbox 386 5382 433 5454; x_wconf 90' lang='lat' dir='ltr'>is</span> <span class='ocrx_word' id='word_1_572' title='bbox 463 5383 690 5437; x_wconf 88' lang='lat' dir='ltr'>aliunde</span> <span class='ocrx_word' id='word_1_573' title='bbox 716 5385 1057 5437; x_wconf 85' lang='lat' dir='ltr'>vocabulum</span> <span class='ocrx_word' id='word_1_574' title='bbox 1084 5382 1314 5452; x_wconf 79' lang='lat' dir='ltr'>pendet,</span> <span class='ocrx_word' id='word_1_575' title='bbox 1349 5385 1446 5438; x_wconf 85' lang='lat' dir='ltr'>sed</span> <span class='ocrx_word' id='word_1_576' title='bbox 1475 5401 1575 5437; x_wconf 91' lang='lat' dir='ltr'>suo</span> <span class='ocrx_word' id='word_1_577' title='bbox 1598 5388 1652 5437; x_wconf 90' lang='lat' dir='ltr'>et</span> <span class='ocrx_word' id='word_1_578' title='bbox 1681 5382 1908 5454; x_wconf 77' lang='lat' dir='ltr'>speciali</span> <span class='ocrx_word' id='word_1_579' title='bbox 1940 5401 2037 5439; x_wconf 93' lang='lat' dir='ltr'>no-</span> 
     </span>
    </p>
   </div>
   <div class='ocr_carea' id='block_1_74' title="bbox 340 5453 2032 5525">
    <p class='ocr_par' dir='ltr' id='par_1_74' title="bbox 340 5453 2032 5525">
     <span class='ocr_line' id='line_1_75' title="bbox 340 5453 2032 5525; baseline 0.002 -20"><span class='ocrx_word' id='word_1_580' title='bbox 340 5453 495 5506; x_wconf 90' lang='lat' dir='ltr'>mine</span> <span class='ocrx_word' id='word_1_581' title='bbox 540 5454 928 5522; x_wconf 86' lang='lat' dir='ltr'>designantur.</span> <span class='ocrx_word' id='word_1_582' title='bbox 968 5456 1030 5508; x_wconf 91' lang='lat' dir='ltr'>In</span> <span class='ocrx_word' id='word_1_583' title='bbox 1070 5454 1140 5507; x_wconf 90' lang='lat' dir='ltr'>iis</span> <span class='ocrx_word' id='word_1_584' title='bbox 1171 5471 1399 5525; x_wconf 89' lang='lat' dir='ltr'>quoque</span> <span class='ocrx_word' id='word_1_585' title='bbox 1440 5453 1723 5508; x_wconf 16' lang='lat' dir='ltr'>accidens,</span> <span class='ocrx_word' id='word_1_586' title='bbox 1751 5456 2032 5525; x_wconf 90' lang='lat' dir='ltr'>superius,</span> 
     </span>
    </p>
   </div>
   <div class='ocr_carea' id='block_1_75' title="bbox 341 5525 2034 5594">
    <p class='ocr_par' dir='ltr' id='par_1_75' title="bbox 341 5525 2034 5594">
     <span class='ocr_line' id='line_1_76' title="bbox 341 5525 2034 5594; baseline 0.004 -19"><span class='ocrx_word' id='word_1_587' title='bbox 341 5538 645 5577; x_wconf 88' lang='lat' dir='ltr'>commune</span> <span class='ocrx_word' id='word_1_588' title='bbox 677 5525 1059 5591; x_wconf 87' lang='lat' dir='ltr'>nominamus,</span> <span class='ocrx_word' id='word_1_589' title='bbox 1102 5526 1337 5578; x_wconf 85' lang='lat' dir='ltr'>inferius</span> <span class='ocrx_word' id='word_1_590' title='bbox 1373 5526 1465 5578; x_wconf 91' lang='lat' dir='ltr'>ubi</span> <span class='ocrx_word' id='word_1_591' title='bbox 1491 5526 1610 5594; x_wconf 84' lang='lat' dir='ltr'>jam</span> <span class='ocrx_word' id='word_1_592' title='bbox 1650 5531 1802 5579; x_wconf 91' lang='lat' dir='ltr'>certa</span> <span class='ocrx_word' id='word_1_593' title='bbox 1835 5543 1922 5579; x_wconf 90' lang='lat' dir='ltr'>res</span> <span class='ocrx_word' id='word_1_594' title='bbox 1953 5532 2034 5581; x_wconf 90' lang='lat' dir='ltr'>est</span> 
     </span>
    </p>
   </div>
   <div class='ocr_carea' id='block_1_76' title="bbox 339 5596 2032 5667">
    <p class='ocr_par' dir='ltr' id='par_1_76' title="bbox 339 5596 2032 5667">
     <span class='ocr_line' id='line_1_77' title="bbox 339 5596 2032 5667; baseline 0.004 -22"><span class='ocrx_word' id='word_1_595' title='bbox 339 5608 445 5662; x_wconf 91' lang='lat' dir='ltr'>pro</span> <span class='ocrx_word' id='word_1_596' title='bbox 472 5601 652 5663; x_wconf 88' lang='lat' dir='ltr'>parte,</span> <span class='ocrx_word' id='word_1_597' title='bbox 679 5596 785 5648; x_wconf 91' lang='lat' dir='ltr'>hoc</span> <span class='ocrx_word' id='word_1_598' title='bbox 803 5602 885 5649; x_wconf 89' lang='lat' dir='ltr'>est</span> <span class='ocrx_word' id='word_1_599' title='bbox 905 5604 1203 5651; x_wconf 72' lang='grc' dir='ltr'>καθέκαστον</span> <span class='ocrx_word' id='word_1_600' title='bbox 1234 5596 1460 5650; x_wconf 91' lang='lat' dir='ltr'>dicitur.</span> <span class='ocrx_word' id='word_1_601' title='bbox 1492 5597 1698 5650; x_wconf 88' lang='lat' dir='ltr'>Verum</span> <span class='ocrx_word' id='word_1_602' title='bbox 1720 5614 1791 5650; x_wconf 88' lang='lat' dir='ltr'>ne</span> <span class='ocrx_word' id='word_1_603' title='bbox 1815 5597 2032 5667; x_wconf 90' lang='lat' dir='ltr'>aliquid</span> 
     </span>
    </p>
   </div>
   <div class='ocr_carea' id='block_1_77' title="bbox 337 5667 2033 5735">
    <p class='ocr_par' dir='ltr' id='par_1_77' title="bbox 337 5667 2033 5735">
     <span class='ocr_line' id='line_1_78' title="bbox 337 5667 2033 5735; baseline 0.004 -18"><span class='ocrx_word' id='word_1_604' title='bbox 337 5678 460 5735; x_wconf 83' lang='lat' dir='ltr'>non</span> <span class='ocrx_word' id='word_1_605' title='bbox 489 5671 749 5734; x_wconf 90' lang='lat' dir='ltr'>apertum</span> <span class='ocrx_word' id='word_1_606' title='bbox 787 5667 1080 5734; x_wconf 70' lang='lat' dir='ltr'>praeterire</span> <span class='ocrx_word' id='word_1_607' title='bbox 1126 5667 1453 5721; x_wconf 83' lang='lat' dir='ltr'>Aristoteles</span> <span class='ocrx_word' id='word_1_608' title='bbox 1505 5667 1942 5735; x_wconf 81' lang='lat' dir='ltr'>existimaretur,</span> <span class='ocrx_word' id='word_1_609' title='bbox 1975 5674 2033 5723; x_wconf 86' lang='lat' dir='ltr'>et</span> 
     </span>
    </p>
   </div>
   <div class='ocr_carea' id='block_1_78' title="bbox 339 5732 2026 5809">
    <p class='ocr_par' dir='ltr' id='par_1_78' title="bbox 339 5732 2026 5809">
     <span class='ocr_line' id='line_1_79' title="bbox 339 5732 2026 5809; baseline 0.005 -24"><span class='ocrx_word' id='word_1_610' title='bbox 339 5732 596 5788; x_wconf 86' lang='lat' dir='ltr'>oriundis</span> <span class='ocrx_word' id='word_1_611' title='bbox 626 5732 1035 5804; x_wconf 57' lang='lat' dir='ltr'>quaestionibus</span> <span class='ocrx_word' id='word_1_612' title='bbox 1075 5739 1429 5792; x_wconf 91' lang='lat' dir='ltr'>occasionem</span> <span class='ocrx_word' id='word_1_613' title='bbox 1473 5739 1630 5793; x_wconf 84' lang='lat' dir='ltr'>daret</span> <span class='ocrx_word' id='word_1_614' title='bbox 1662 5738 1730 5791; x_wconf 89' lang='lat' dir='ltr'>de</span> <span class='ocrx_word' id='word_1_615' title='bbox 1776 5754 1841 5793; x_wconf 88' lang='lat' dir='ltr'>eo</span> <span class='ocrx_word' id='word_1_616' title='bbox 1873 5732 2026 5809; x_wconf 85' lang='lat' dir='ltr'>quod</span> 
     </span>
    </p>
   </div>
   <div class='ocr_carea' id='block_1_79' title="bbox 1763 230 2491 288">
    <p class='ocr_par' dir='ltr' id='par_1_79' title="bbox 1763 230 2491 288">
     <span class='ocr_line' id='line_1_80' title="bbox 1763 230 2491 288; baseline -0.003 -4"><span class='ocrx_word' id='word_1_617' title='bbox 1763 232 2188 288; x_wconf 64' lang='lat' dir='ltr'>CATEGORIIE</span> <span class='ocrx_word' id='word_1_618' title='bbox 2230 230 2491 286; x_wconf 76' lang='lat' dir='ltr'>DECEM.</span> 
     </span>
    </p>
   </div>
   <div class='ocr_carea' id='block_1_80' title="bbox 3759 227 3866 279">
    <p class='ocr_par' dir='ltr' id='par_1_80' title="bbox 3759 227 3866 279">
     <span class='ocr_line' id='line_1_81' title="bbox 3759 227 3866 279; baseline 0.009 -1"><span class='ocrx_word' id='word_1_619' title='bbox 3759 227 3866 279; x_wconf 62' lang='grc' dir='ltr'>14ἓᾷ</span> 
     </span>
    </p>
   </div>
   <div class='ocr_carea' id='block_1_81' title="bbox 2183 349 3865 424">
    <p class='ocr_par' dir='ltr' id='par_1_81' title="bbox 2183 349 3865 424">
     <span class='ocr_line' id='line_1_82' title="bbox 2183 349 3865 424; baseline -0.004 -15"><span class='ocrx_word' id='word_1_620' title='bbox 2183 355 2244 408; x_wconf 90' lang='lat' dir='ltr'>in</span> <span class='ocrx_word' id='word_1_621' title='bbox 2274 354 2526 424; x_wconf 85' lang='lat' dir='ltr'>subjecto</span> <span class='ocrx_word' id='word_1_622' title='bbox 2559 355 2665 418; x_wconf 90' lang='lat' dir='ltr'>est,</span> <span class='ocrx_word' id='word_1_623' title='bbox 2695 349 2876 424; x_wconf 81' lang='lat' dir='ltr'>voluit</span> <span class='ocrx_word' id='word_1_624' title='bbox 2903 352 3143 424; x_wconf 76' lang='lat' dir='ltr'>tractare</span> <span class='ocrx_word' id='word_1_625' title='bbox 3169 349 3526 424; x_wconf 74' lang='lat' dir='ltr'>diligentius,</span> <span class='ocrx_word' id='word_1_626' title='bbox 3553 365 3625 403; x_wconf 89' lang='lat' dir='ltr'>ac</span> <span class='ocrx_word' id='word_1_627' title='bbox 3649 349 3865 424; x_wconf 71' lang='lat' dir='ltr'>deﬁnire</span> 
     </span>
    </p>
   </div>
   <div class='ocr_carea' id='block_1_82' title="bbox 2225 421 3866 490">
    <p class='ocr_par' dir='ltr' id='par_1_82' title="bbox 2225 421 3866 490">
     <span class='ocr_line' id='line_1_83' title="bbox 2225 421 3866 490; baseline -0.004 -11"><span class='ocrx_word' id='word_1_628' title='bbox 2225 426 2320 479; x_wconf 91' lang='lat' dir='ltr'>uid</span> <span class='ocrx_word' id='word_1_629' title='bbox 2350 421 2515 490; x_wconf 79' lang='lat' dir='ltr'>esset,</span> <span class='ocrx_word' id='word_1_630' title='bbox 2547 428 2611 477; x_wconf 90' lang='lat' dir='ltr'>ut</span> <span class='ocrx_word' id='word_1_631' title='bbox 2630 421 3114 475; x_wconf 87' lang='lat' dir='ltr'>calumniantibus</span> <span class='ocrx_word' id='word_1_632' title='bbox 3147 421 3334 474; x_wconf 84' lang='lat' dir='ltr'>aditus</span> <span class='ocrx_word' id='word_1_633' title='bbox 3365 422 3756 474; x_wconf 82' lang='lat' dir='ltr'>clauderetur.</span> <span class='ocrx_word' id='word_1_634' title='bbox 3789 421 3866 473; x_wconf 79' lang='lat' dir='ltr'>De-</span> 
     </span>
    </p>
   </div>
   <div class='ocr_carea' id='block_1_83' title="bbox 2184 491 3866 566">
    <p class='ocr_par' dir='ltr' id='par_1_83' title="bbox 2184 491 3866 566">
     <span class='ocr_line' id='line_1_84' title="bbox 2184 491 3866 566; baseline -0.005 -15"><span class='ocrx_word' id='word_1_635' title='bbox 2184 491 2306 551; x_wconf 82' lang='lat' dir='ltr'>ﬁnit</span> <span class='ocrx_word' id='word_1_636' title='bbox 2339 512 2474 566; x_wconf 91' lang='lat' dir='ltr'>ergo</span> <span class='ocrx_word' id='word_1_637' title='bbox 2507 495 2566 547; x_wconf 90' lang='lat' dir='ltr'>in</span> <span class='ocrx_word' id='word_1_638' title='bbox 2606 493 2872 566; x_wconf 81' lang='lat' dir='ltr'>subjecto</span> <span class='ocrx_word' id='word_1_639' title='bbox 2899 509 3021 545; x_wconf 89' lang='lat' dir='ltr'>esse</span> <span class='ocrx_word' id='word_1_640' title='bbox 3052 491 3201 562; x_wconf 86' lang='lat' dir='ltr'>quod</span> <span class='ocrx_word' id='word_1_641' title='bbox 3247 491 3312 566; x_wconf 8' lang='lat' dir='ltr'>in,</span> <span class='ocrx_word' id='word_1_642' title='bbox 3337 492 3516 545; x_wconf 85' lang='lat' dir='ltr'>altero</span> <span class='ocrx_word' id='word_1_643' title='bbox 3545 496 3643 566; x_wconf 79' lang='lat' dir='ltr'>est</span> <span class='ocrx_word' id='word_1_644' title='bbox 3677 491 3866 561; x_wconf 81' lang='lat' dir='ltr'>aliquo,</span> 
     </span>
    </p>
   </div>
   <div class='ocr_carea' id='block_1_84' title="bbox 2185 563 3870 637">
    <p class='ocr_par' dir='ltr' id='par_1_84' title="bbox 2185 563 3870 637">
     <span class='ocr_line' id='line_1_85' title="bbox 2185 563 3870 637; baseline -0.004 -16"><span class='ocrx_word' id='word_1_645' title='bbox 2185 585 2302 621; x_wconf 90' lang='lat' dir='ltr'>non</span> <span class='ocrx_word' id='word_1_646' title='bbox 2333 563 2555 637; x_wconf 52' lang='lat' dir='ltr'>ut&#39;pars</span> <span class='ocrx_word' id='word_1_647' title='bbox 2599 565 2672 618; x_wconf 88' lang='lat' dir='ltr'>sit</span> <span class='ocrx_word' id='word_1_648' title='bbox 2711 564 2995 637; x_wconf 81' lang='lat' dir='ltr'>quaedam,</span> <span class='ocrx_word' id='word_1_649' title='bbox 3047 563 3414 637; x_wconf 80' lang='lat' dir='ltr'>neque_sine_</span> <span class='ocrx_word' id='word_1_650' title='bbox 3433 578 3502 637; x_wconf 84' lang='lat' dir='ltr'>eo</span> <span class='ocrx_word' id='word_1_651' title='bbox 3541 563 3604 615; x_wconf 91' lang='lat' dir='ltr'>in</span> <span class='ocrx_word' id='word_1_652' title='bbox 3651 579 3767 633; x_wconf 90' lang='lat' dir='ltr'>quo</span> <span class='ocrx_word' id='word_1_653' title='bbox 3808 572 3870 615; x_wconf 74' lang='lat' dir='ltr'>est</span> 
     </span>
    </p>
   </div>
   <div class='ocr_carea' id='block_1_85' title="bbox 2184 633 3870 709">
    <p class='ocr_par' dir='ltr' id='par_1_85' title="bbox 2184 633 3870 709">
     <span class='ocr_line' id='line_1_86' title="bbox 2184 633 3870 709; baseline -0.004 -17"><span class='ocrx_word' id='word_1_654' title='bbox 2184 643 2368 709; x_wconf 86' lang='lat' dir='ltr'>potest</span> <span class='ocrx_word' id='word_1_655' title='bbox 2397 633 2651 709; x_wconf 76' lang='lat' dir='ltr'>unquam</span> <span class='ocrx_word' id='word_1_656' title='bbox 2693 633 2836 688; x_wconf 81' lang='lat' dir='ltr'>esse.</span> <span class='ocrx_word' id='word_1_657' title='bbox 2882 636 3010 709; x_wconf 62' lang='lat' dir='ltr'>bace</span> <span class='ocrx_word' id='word_1_658' title='bbox 3047 633 3304 709; x_wconf 83' lang='lat' dir='ltr'>deﬁnitio</span> <span class='ocrx_word' id='word_1_659' title='bbox 3349 634 3556 709; x_wconf 74' lang='lat' dir='ltr'>addita</span> <span class='ocrx_word' id='word_1_660' title='bbox 3593 638 3870 709; x_wconf 66' lang='lat' dir='ltr'>propterea</span> 
     </span>
    </p>
   </div>
   <div class='ocr_carea' id='block_1_86' title="bbox 2186 705 3870 780">
    <p class='ocr_par' dir='ltr' id='par_1_86' title="bbox 2186 705 3870 780">
     <span class='ocr_line' id='line_1_87' title="bbox 2186 705 3870 780; baseline -0.004 -17"><span class='ocrx_word' id='word_1_661' title='bbox 2186 705 2289 776; x_wconf 82' lang='lat' dir='ltr'>est,</span> <span class='ocrx_word' id='word_1_662' title='bbox 2324 709 2458 780; x_wconf 90' lang='lat' dir='ltr'>quia</span> <span class='ocrx_word' id='word_1_663' title='bbox 2493 705 2615 780; x_wconf 47' lang='lat' dir='ltr'>&#39;dici</span> <span class='ocrx_word' id='word_1_664' title='bbox 2666 711 2856 777; x_wconf 90' lang='lat' dir='ltr'>posset</span> <span class='ocrx_word' id='word_1_665' title='bbox 2892 706 3138 780; x_wconf 86' lang='lat' dir='ltr'>digitum</span> <span class='ocrx_word' id='word_1_666' title='bbox 3177 705 3262 780; x_wconf 77' lang='lat' dir='ltr'>vel</span> <span class='ocrx_word' id='word_1_667' title='bbox 3306 705 3609 780; x_wconf 32' lang='lat' dir='ltr'>pedem‘in</span> <span class='ocrx_word' id='word_1_668' title='bbox 3643 705 3870 780; x_wconf 66' lang='lat' dir='ltr'>subjecta</span> 
     </span>
    </p>
   </div>
   <div class='ocr_carea' id='block_1_87' title="bbox 2186 775 3872 847">
    <p class='ocr_par' dir='ltr' id='par_1_87' title="bbox 2186 775 3872 847">
     <span class='ocr_line' id='line_1_88' title="bbox 2186 775 3872 847; baseline -0.003 -14"><span class='ocrx_word' id='word_1_669' title='bbox 2186 775 2419 843; x_wconf 44' lang='lat' dir='ltr'>essefid</span> <span class='ocrx_word' id='word_1_670' title='bbox 2448 785 2534 832; x_wconf 91' lang='lat' dir='ltr'>est</span> <span class='ocrx_word' id='word_1_671' title='bbox 2563 778 2620 831; x_wconf 92' lang='lat' dir='ltr'>in</span> <span class='ocrx_word' id='word_1_672' title='bbox 2652 775 2886 847; x_wconf 78' lang='lat' dir='ltr'>corpore</span> <span class='ocrx_word' id='word_1_673' title='bbox 2923 797 2937 843; x_wconf 88' lang='lat'><strong>;</strong></span> <span class='ocrx_word' id='word_1_674' title='bbox 2968 779 3076 830; x_wconf 92' lang='lat' dir='ltr'>hoc</span> <span class='ocrx_word' id='word_1_675' title='bbox 3118 777 3294 845; x_wconf 87' lang='lat' dir='ltr'>igitur</span> <span class='ocrx_word' id='word_1_676' title='bbox 3323 775 3566 828; x_wconf 73' lang='lat' dir='ltr'>exclusit</span> <span class='ocrx_word' id='word_1_677' title='bbox 3600 782 3770 828; x_wconf 85' lang='lat' dir='ltr'>cauta</span> <span class='ocrx_word' id='word_1_678' title='bbox 3798 776 3872 829; x_wconf 81' lang='lat' dir='ltr'>de-</span> 
     </span>
    </p>
   </div>
   <div class='ocr_carea' id='block_1_88' title="bbox 2185 847 3873 916">
    <p class='ocr_par' dir='ltr' id='par_1_88' title="bbox 2185 847 3873 916">
     <span class='ocr_line' id='line_1_89' title="bbox 2185 847 3873 916; baseline -0.003 -12"><span class='ocrx_word' id='word_1_679' title='bbox 2185 850 2464 910; x_wconf 88' lang='lat' dir='ltr'>ﬁnitione,</span> <span class='ocrx_word' id='word_1_680' title='bbox 2500 849 2739 903; x_wconf 89' lang='lat' dir='ltr'>dicendo</span> <span class='ocrx_word' id='word_1_681' title='bbox 2772 848 2828 901; x_wconf 91' lang='lat' dir='ltr'>id</span> <span class='ocrx_word' id='word_1_682' title='bbox 2863 864 2982 900; x_wconf 86' lang='lat' dir='ltr'>esse</span> <span class='ocrx_word' id='word_1_683' title='bbox 3021 847 3079 900; x_wconf 88' lang='lat' dir='ltr'>in</span> <span class='ocrx_word' id='word_1_684' title='bbox 3111 847 3383 914; x_wconf 85' lang='lat' dir='ltr'>subjecto,</span> <span class='ocrx_word' id='word_1_685' title='bbox 3417 847 3574 916; x_wconf 90' lang='lat' dir='ltr'>quod</span> <span class='ocrx_word' id='word_1_686' title='bbox 3612 849 3739 915; x_wconf 83' lang='lat' dir='ltr'>ejus</span> <span class='ocrx_word' id='word_1_687' title='bbox 3769 864 3873 916; x_wconf 77' lang='lat' dir='ltr'>pars</span> 
     </span>
    </p>
   </div>
   <div class='ocr_carea' id='block_1_89' title="bbox 2185 918 3872 989">
    <p class='ocr_par' dir='ltr' id='par_1_89' title="bbox 2185 918 3872 989">
     <span class='ocr_line' id='line_1_90' title="bbox 2185 918 3872 989; baseline -0.004 -14"><span class='ocrx_word' id='word_1_688' title='bbox 2185 938 2302 975; x_wconf 91' lang='lat' dir='ltr'>non</span> <span class='ocrx_word' id='word_1_689' title='bbox 2333 922 2405 974; x_wconf 89' lang='lat' dir='ltr'>sit</span> <span class='ocrx_word' id='word_1_690' title='bbox 2435 923 2494 974; x_wconf 91' lang='lat' dir='ltr'>in</span> <span class='ocrx_word' id='word_1_691' title='bbox 2524 937 2636 989; x_wconf 87' lang='lat' dir='ltr'>quo</span> <span class='ocrx_word' id='word_1_692' title='bbox 2667 925 2780 973; x_wconf 88' lang='lat' dir='ltr'>est:</span> <span class='ocrx_word' id='word_1_693' title='bbox 2815 918 3059 988; x_wconf 87' lang='lat' dir='ltr'>digitum</span> <span class='ocrx_word' id='word_1_694' title='bbox 3091 925 3280 971; x_wconf 88' lang='lat' dir='ltr'>autem</span> <span class='ocrx_word' id='word_1_695' title='bbox 3311 919 3396 969; x_wconf 87' lang='lat' dir='ltr'>vel</span> <span class='ocrx_word' id='word_1_696' title='bbox 3426 918 3647 987; x_wconf 88' lang='lat' dir='ltr'>pedem</span> <span class='ocrx_word' id='word_1_697' title='bbox 3680 931 3872 986; x_wconf 82' lang='lat' dir='ltr'>partem</span> 
     </span>
    </p>
   </div>
   <div class='ocr_carea' id='block_1_90' title="bbox 2187 989 3874 1062">
    <p class='ocr_par' dir='ltr' id='par_1_90' title="bbox 2187 989 3874 1062">
     <span class='ocr_line' id='line_1_91' title="bbox 2187 989 3874 1062; baseline -0.003 -17"><span class='ocrx_word' id='word_1_698' title='bbox 2187 1010 2305 1046; x_wconf 85' lang='lat' dir='ltr'>esse</span> <span class='ocrx_word' id='word_1_699' title='bbox 2344 992 2596 1062; x_wconf 89' lang='lat' dir='ltr'>corporis</span> <span class='ocrx_word' id='word_1_700' title='bbox 2646 995 2879 1062; x_wconf 80' lang='lat' dir='ltr'>constat.</span> <span class='ocrx_word' id='word_1_701' title='bbox 2924 989 3139 1062; x_wconf 84' lang='lat' dir='ltr'>Dehinc</span> <span class='ocrx_word' id='word_1_702' title='bbox 3177 1005 3210 1041; x_wconf 92' lang='lat' dir='ltr'>a</span> <span class='ocrx_word' id='word_1_703' title='bbox 3251 989 3750 1062; x_wconf 78' lang='lat' dir='ltr'>calumniantibus</span> <span class='ocrx_word' id='word_1_704' title='bbox 3786 991 3874 1062; x_wconf 72' lang='lat' dir='ltr'>diei</span> 
     </span>
    </p>
   </div>
   <div class='ocr_carea' id='block_1_91' title="bbox 2187 1059 3874 1134">
    <p class='ocr_par' dir='ltr' id='par_1_91' title="bbox 2187 1059 3874 1134">
     <span class='ocr_line' id='line_1_92' title="bbox 2187 1059 3874 1134; baseline -0.003 -18"><span class='ocrx_word' id='word_1_705' title='bbox 2187 1069 2396 1134; x_wconf 89' lang='lat' dir='ltr'>posset,</span> <span class='ocrx_word' id='word_1_706' title='bbox 2445 1059 2654 1132; x_wconf 79' lang='lat' dir='ltr'>aquam</span> <span class='ocrx_word' id='word_1_707' title='bbox 2703 1063 2785 1134; x_wconf 84' lang='lat' dir='ltr'>vel</span> <span class='ocrx_word' id='word_1_708' title='bbox 2814 1060 3013 1134; x_wconf 75' lang='lat' dir='ltr'>vinum</span> <span class='ocrx_word' id='word_1_709' title='bbox 3041 1059 3115 1134; x_wconf 93' lang='lat' dir='ltr'>_in</span> <span class='ocrx_word' id='word_1_710' title='bbox 3140 1059 3588 1134; x_wconf 75' lang='lat' dir='ltr'>quodamcado</span> <span class='ocrx_word' id='word_1_711' title='bbox 3639 1060 3799 1134; x_wconf 81' lang='lat' dir='ltr'>quasi</span> <span class='ocrx_word' id='word_1_712' title='bbox 3828 1061 3874 1134; x_wconf 75' lang='lat' dir='ltr'>in</span> 
     </span>
    </p>
   </div>
   <div class='ocr_carea' id='block_1_92' title="bbox 2188 1129 3874 1204">
    <p class='ocr_par' dir='ltr' id='par_1_92' title="bbox 2188 1129 3874 1204">
     <span class='ocr_line' id='line_1_93' title="bbox 2188 1129 3874 1204; baseline -0.003 -18"><span class='ocrx_word' id='word_1_713' title='bbox 2188 1129 2440 1204; x_wconf 79' lang='lat' dir='ltr'>subjecto</span> <span class='ocrx_word' id='word_1_714' title='bbox 2474 1129 2594 1186; x_wconf 78' lang='lat' dir='ltr'>esse</span> <span class='ocrx_word' id='word_1_715' title='bbox 2620 1149 2631 1186; x_wconf 92' lang='lat'>:</span> <span class='ocrx_word' id='word_1_716' title='bbox 2659 1132 2754 1204; x_wconf 84' lang='lat' dir='ltr'>sed</span> <span class='ocrx_word' id='word_1_717' title='bbox 2775 1130 2832 1184; x_wconf 82' lang='lat' dir='ltr'>id</span> <span class='ocrx_word' id='word_1_718' title='bbox 2861 1130 2997 1204; x_wconf 82' lang='lat' dir='ltr'>oriri</span> <span class='ocrx_word' id='word_1_719' title='bbox 3025 1129 3188 1184; x_wconf 89' lang='lat' dir='ltr'>docta</span> <span class='ocrx_word' id='word_1_720' title='bbox 3212 1129 3567 1204; x_wconf 71' lang='lat' dir='ltr'>deﬁnitione</span> <span class='ocrx_word' id='word_1_721' title='bbox 3590 1129 3712 1204; x_wconf 85' lang='lat' dir='ltr'>non</span> <span class='ocrx_word' id='word_1_722' title='bbox 3742 1131 3874 1196; x_wconf 75' lang='lat' dir='ltr'>sinit,</span> 
     </span>
    </p>
   </div>
   <div class='ocr_carea' id='block_1_93' title="bbox 2187 1201 3875 1270">
    <p class='ocr_par' dir='ltr' id='par_1_93' title="bbox 2187 1201 3875 1270">
     <span class='ocr_line' id='line_1_94' title="bbox 2187 1201 3875 1270; baseline -0.002 -12"><span class='ocrx_word' id='word_1_723' title='bbox 2187 1201 2399 1258; x_wconf 82' lang='lat' dir='ltr'>addens</span> <span class='ocrx_word' id='word_1_724' title='bbox 2428 1205 2485 1258; x_wconf 90' lang='lat' dir='ltr'>id</span> <span class='ocrx_word' id='word_1_725' title='bbox 2535 1219 2655 1256; x_wconf 90' lang='lat' dir='ltr'>esse</span> <span class='ocrx_word' id='word_1_726' title='bbox 2698 1203 2755 1255; x_wconf 91' lang='lat' dir='ltr'>in</span> <span class='ocrx_word' id='word_1_727' title='bbox 2805 1201 3076 1270; x_wconf 82' lang='lat' dir='ltr'>subjecto,</span> <span class='ocrx_word' id='word_1_728' title='bbox 3119 1202 3273 1270; x_wconf 90' lang='lat' dir='ltr'>quod</span> <span class='ocrx_word' id='word_1_729' title='bbox 3311 1201 3432 1254; x_wconf 89' lang='lat' dir='ltr'>sine</span> <span class='ocrx_word' id='word_1_730' title='bbox 3478 1201 3750 1270; x_wconf 80' lang='lat' dir='ltr'>subjecto</span> <span class='ocrx_word' id='word_1_731' title='bbox 3778 1218 3875 1254; x_wconf 80' lang='lat' dir='ltr'>esse</span> 
     </span>
    </p>
   </div>
   <div class='ocr_carea' id='block_1_94' title="bbox 2186 1271 3877 1340">
    <p class='ocr_par' dir='ltr' id='par_1_94' title="bbox 2186 1271 3877 1340">
     <span class='ocr_line' id='line_1_95' title="bbox 2186 1271 3877 1340; baseline -0.002 -11"><span class='ocrx_word' id='word_1_732' title='bbox 2186 1292 2299 1330; x_wconf 91' lang='lat' dir='ltr'>non</span> <span class='ocrx_word' id='word_1_733' title='bbox 2333 1275 2542 1340; x_wconf 88' lang='lat' dir='ltr'>possit:</span> <span class='ocrx_word' id='word_1_734' title='bbox 2587 1274 2784 1326; x_wconf 90' lang='lat' dir='ltr'>vinum</span> <span class='ocrx_word' id='word_1_735' title='bbox 2815 1276 3023 1335; x_wconf 82' lang='lat' dir='ltr'>autem,</span> <span class='ocrx_word' id='word_1_736' title='bbox 3073 1273 3160 1325; x_wconf 88' lang='lat' dir='ltr'>vel</span> <span class='ocrx_word' id='word_1_737' title='bbox 3207 1287 3436 1340; x_wconf 89' lang='lat' dir='ltr'>aquam,</span> <span class='ocrx_word' id='word_1_738' title='bbox 3483 1271 3620 1324; x_wconf 84' lang='lat' dir='ltr'>sine</span> <span class='ocrx_word' id='word_1_739' title='bbox 3665 1272 3798 1325; x_wconf 87' lang='lat' dir='ltr'>cado</span> <span class='ocrx_word' id='word_1_740' title='bbox 3832 1275 3877 1325; x_wconf 84' lang='lat' dir='ltr'>in</span> 
     </span>
    </p>
   </div>
   <div class='ocr_carea' id='block_1_95' title="bbox 2186 1343 3877 1416">
    <p class='ocr_par' dir='ltr' id='par_1_95' title="bbox 2186 1343 3877 1416">
     <span class='ocr_line' id='line_1_96' title="bbox 2186 1343 3877 1416; baseline -0.002 -17"><span class='ocrx_word' id='word_1_741' title='bbox 2186 1362 2300 1416; x_wconf 92' lang='lat' dir='ltr'>quo</span> <span class='ocrx_word' id='word_1_742' title='bbox 2323 1343 2494 1399; x_wconf 74' lang='lat' dir='ltr'>fuerit</span> <span class='ocrx_word' id='word_1_743' title='bbox 2516 1360 2678 1414; x_wconf 89' lang='lat' dir='ltr'>posse</span> <span class='ocrx_word' id='word_1_744' title='bbox 2701 1343 2841 1416; x_wconf 79' lang='lat' dir='ltr'>alibi</span> <span class='ocrx_word' id='word_1_745' title='bbox 2855 1359 2996 1404; x_wconf 87' lang='lat' dir='ltr'>esse,</span> <span class='ocrx_word' id='word_1_746' title='bbox 3023 1358 3137 1396; x_wconf 90' lang='lat' dir='ltr'>non</span> <span class='ocrx_word' id='word_1_747' title='bbox 3158 1348 3343 1412; x_wconf 86' lang='lat' dir='ltr'>potest</span> <span class='ocrx_word' id='word_1_748' title='bbox 3365 1343 3654 1416; x_wconf 78' lang='lat' dir='ltr'>dubitari.</span> <span class='ocrx_word' id='word_1_749' title='bbox 3681 1344 3877 1416; x_wconf 75' lang='lat' dir='ltr'>Interea</span> 
     </span>
    </p>
   </div>
   <div class='ocr_carea' id='block_1_96' title="bbox 2185 1413 3873 1484">
    <p class='ocr_par' dir='ltr' id='par_1_96' title="bbox 2185 1413 3873 1484">
     <span class='ocr_line' id='line_1_97' title="bbox 2185 1413 3873 1484; baseline -0.002 -14"><span class='ocrx_word' id='word_1_750' title='bbox 2185 1413 2292 1470; x_wconf 81' lang='lat' dir='ltr'>boc</span> <span class='ocrx_word' id='word_1_751' title='bbox 2322 1417 2445 1469; x_wconf 91' lang='lat' dir='ltr'>loco</span> <span class='ocrx_word' id='word_1_752' title='bbox 2477 1413 2749 1469; x_wconf 88' lang='lat' dir='ltr'>debemus</span> <span class='ocrx_word' id='word_1_753' title='bbox 2781 1414 3072 1467; x_wconf 87' lang='lat' dir='ltr'>advertere</span> <span class='ocrx_word' id='word_1_754' title='bbox 3103 1429 3216 1483; x_wconf 90' lang='lat' dir='ltr'>qua</span> <span class='ocrx_word' id='word_1_755' title='bbox 3245 1418 3362 1466; x_wconf 89' lang='lat' dir='ltr'>arte</span> <span class='ocrx_word' id='word_1_756' title='bbox 3399 1413 3677 1466; x_wconf 90' lang='lat' dir='ltr'>deﬁnitio</span> <span class='ocrx_word' id='word_1_757' title='bbox 3710 1415 3873 1484; x_wconf 73' lang='lat' dir='ltr'>dispo~</span> 
     </span>
    </p>
   </div>
   <div class='ocr_carea' id='block_1_97' title="bbox 2185 1485 3876 1554">
    <p class='ocr_par' dir='ltr' id='par_1_97' title="bbox 2185 1485 3876 1554">
     <span class='ocr_line' id='line_1_98' title="bbox 2185 1485 3876 1554; baseline -0.002 -14"><span class='ocrx_word' id='word_1_758' title='bbox 2185 1492 2373 1542; x_wconf 91' lang='lat' dir='ltr'>natur.</span> <span class='ocrx_word' id='word_1_759' title='bbox 2392 1486 2646 1540; x_wconf 85' lang='lat' dir='ltr'>Primum</span> <span class='ocrx_word' id='word_1_760' title='bbox 2662 1486 2816 1539; x_wconf 89' lang='lat' dir='ltr'>enim</span> <span class='ocrx_word' id='word_1_761' title='bbox 2829 1485 2973 1538; x_wconf 90' lang='lat' dir='ltr'>hanc</span> <span class='ocrx_word' id='word_1_762' title='bbox 2988 1485 3446 1552; x_wconf 86' lang='lat' dir='ltr'>perimmensum</span> <span class='ocrx_word' id='word_1_763' title='bbox 3464 1485 3638 1537; x_wconf 90' lang='lat' dir='ltr'>tendi</span> <span class='ocrx_word' id='word_1_764' title='bbox 3654 1492 3876 1554; x_wconf 80' lang='lat' dir='ltr'>oportet,</span> 
     </span>
    </p>
   </div>
   <div class='ocr_carea' id='block_1_98' title="bbox 2184 1555 3876 1628">
    <p class='ocr_par' dir='ltr' id='par_1_98' title="bbox 2184 1555 3876 1628">
     <span class='ocr_line' id='line_1_99' title="bbox 2184 1555 3876 1628; baseline -0.002 -17"><span class='ocrx_word' id='word_1_765' title='bbox 2184 1558 2557 1628; x_wconf 89' lang='lat' dir='ltr'>incipientem</span> <span class='ocrx_word' id='word_1_766' title='bbox 2604 1574 2636 1610; x_wconf 93' lang='lat' dir='ltr'>a</span> <span class='ocrx_word' id='word_1_767' title='bbox 2676 1571 2927 1628; x_wconf 61' lang='lat' dir='ltr'>genere:</span> <span class='ocrx_word' id='word_1_768' title='bbox 2969 1555 3179 1628; x_wconf 10' lang='lat' dir='ltr'>dehinc?</span> <span class='ocrx_word' id='word_1_769' title='bbox 3207 1556 3504 1628; x_wconf 82' lang='lat' dir='ltr'>paulatim</span> <span class='ocrx_word' id='word_1_770' title='bbox 3555 1572 3668 1625; x_wconf 90' lang='lat' dir='ltr'>per</span> <span class='ocrx_word' id='word_1_771' title='bbox 3715 1563 3876 1628; x_wconf 75' lang='lat' dir='ltr'>partes</span> 
     </span>
    </p>
   </div>
   <div class='ocr_carea' id='block_1_99' title="bbox 2185 1625 3878 1697">
    <p class='ocr_par' dir='ltr' id='par_1_99' title="bbox 2185 1625 3878 1697">
     <span class='ocr_line' id='line_1_100' title="bbox 2185 1625 3878 1697; baseline -0.002 -14"><span class='ocrx_word' id='word_1_772' title='bbox 2185 1625 2466 1683; x_wconf 70' lang='lat' dir='ltr'>currendo</span> <span class='ocrx_word' id='word_1_773' title='bbox 2518 1625 2811 1697; x_wconf 86' lang='lat' dir='ltr'>pervenire</span> <span class='ocrx_word' id='word_1_774' title='bbox 2843 1626 3031 1697; x_wconf 83' lang='lat' dir='ltr'>debet,</span> <span class='ocrx_word' id='word_1_775' title='bbox 3063 1626 3134 1679; x_wconf 89' lang='lat' dir='ltr'>ad</span> <span class='ocrx_word' id='word_1_776' title='bbox 3167 1625 3225 1678; x_wconf 90' lang='lat' dir='ltr'>id</span> <span class='ocrx_word' id='word_1_777' title='bbox 3256 1626 3315 1677; x_wconf 93' lang='lat' dir='ltr'>in</span> <span class='ocrx_word' id='word_1_778' title='bbox 3345 1641 3461 1694; x_wconf 90' lang='lat' dir='ltr'>quo</span> <span class='ocrx_word' id='word_1_779' title='bbox 3490 1629 3695 1679; x_wconf 89' lang='lat' dir='ltr'>solum</span> <span class='ocrx_word' id='word_1_780' title='bbox 3731 1635 3810 1679; x_wconf 86' lang='lat' dir='ltr'>est</span> <span class='ocrx_word' id='word_1_781' title='bbox 3835 1627 3878 1679; x_wconf 90' lang='lat' dir='ltr'>id</span> 
     </span>
    </p>
   </div>
   <div class='ocr_carea' id='block_1_100' title="bbox 2183 1695 3878 1771">
    <p class='ocr_par' dir='ltr' id='par_1_100' title="bbox 2183 1695 3878 1771">
     <span class='ocr_line' id='line_1_101' title="bbox 2183 1695 3878 1771; baseline -0.002 -17"><span class='ocrx_word' id='word_1_782' title='bbox 2183 1701 2334 1771; x_wconf 91' lang='lat' dir='ltr'>quod</span> <span class='ocrx_word' id='word_1_783' title='bbox 2367 1695 2756 1771; x_wconf 27' lang='lat' dir='ltr'>deﬁnituratlt</span> <span class='ocrx_word' id='word_1_784' title='bbox 2792 1697 2832 1749; x_wconf 92' lang='lat' dir='ltr'>ii</span> <span class='ocrx_word' id='word_1_785' title='bbox 2864 1697 2963 1771; x_wconf 86' lang='lat' dir='ltr'>qui</span> <span class='ocrx_word' id='word_1_786' title='bbox 2993 1695 3156 1771; x_wconf 83' lang='lat' dir='ltr'>signa</span> <span class='ocrx_word' id='word_1_787' title='bbox 3187 1697 3457 1771; x_wconf 79' lang='lat' dir='ltr'>formant,</span> <span class='ocrx_word' id='word_1_788' title='bbox 3493 1697 3766 1771; x_wconf 86' lang='lat' dir='ltr'>primum</span> <span class='ocrx_word' id='word_1_789' title='bbox 3797 1698 3878 1750; x_wconf 84' lang='lat' dir='ltr'>im-</span> 
     </span>
    </p>
   </div>
   <div class='ocr_carea' id='block_1_101' title="bbox 2183 1767 3877 1837">
    <p class='ocr_par' dir='ltr' id='par_1_101' title="bbox 2183 1767 3877 1837">
     <span class='ocr_line' id='line_1_102' title="bbox 2183 1767 3877 1837; baseline -0.002 -13"><span class='ocrx_word' id='word_1_790' title='bbox 2183 1767 2447 1824; x_wconf 82' lang='lat' dir='ltr'>mensum</span> <span class='ocrx_word' id='word_1_791' title='bbox 2485 1768 2855 1837; x_wconf 88' lang='lat' dir='ltr'>subdeligunt</span> <span class='ocrx_word' id='word_1_792' title='bbox 2895 1767 3162 1837; x_wconf 86' lang='lat' dir='ltr'>lapidem,</span> <span class='ocrx_word' id='word_1_793' title='bbox 3200 1767 3403 1820; x_wconf 90' lang='lat' dir='ltr'>dehinc</span> <span class='ocrx_word' id='word_1_794' title='bbox 3444 1770 3742 1836; x_wconf 86' lang='lat' dir='ltr'>paulatim</span> <span class='ocrx_word' id='word_1_795' title='bbox 3790 1771 3877 1820; x_wconf 87' lang='lat' dir='ltr'>mi-</span> 
     </span>
    </p>
   </div>
   <div class='ocr_carea' id='block_1_102' title="bbox 2183 1838 3872 1907">
    <p class='ocr_par' dir='ltr' id='par_1_102' title="bbox 2183 1838 3872 1907">
     <span class='ocr_line' id='line_1_103' title="bbox 2183 1838 3872 1907; baseline -0.004 -11"><span class='ocrx_word' id='word_1_796' title='bbox 2183 1843 2411 1896; x_wconf 90' lang='lat' dir='ltr'>nuendo</span> <span class='ocrx_word' id='word_1_797' title='bbox 2440 1845 2495 1894; x_wconf 91' lang='lat' dir='ltr'>et</span> <span class='ocrx_word' id='word_1_798' title='bbox 2517 1838 2899 1894; x_wconf 91' lang='lat' dir='ltr'>abscindendo</span> <span class='ocrx_word' id='word_1_799' title='bbox 2931 1840 3238 1907; x_wconf 83' lang='lat' dir='ltr'>superﬂua,</span> <span class='ocrx_word' id='word_1_800' title='bbox 3257 1839 3326 1891; x_wconf 87' lang='lat' dir='ltr'>ad</span> <span class='ocrx_word' id='word_1_801' title='bbox 3350 1839 3698 1892; x_wconf 84' lang='lat' dir='ltr'>formandos</span> <span class='ocrx_word' id='word_1_802' title='bbox 3713 1842 3872 1891; x_wconf 77' lang='lat' dir='ltr'>vultus</span> 
     </span>
    </p>
   </div>
   <div class='ocr_carea' id='block_1_103' title="bbox 2183 1909 3874 1981">
    <p class='ocr_par' dir='ltr' id='par_1_103' title="bbox 2183 1909 3874 1981">
     <span class='ocr_line' id='line_1_104' title="bbox 2183 1909 3874 1981; baseline -0.003 -14"><span class='ocrx_word' id='word_1_803' title='bbox 2183 1918 2239 1967; x_wconf 91' lang='lat' dir='ltr'>et</span> <span class='ocrx_word' id='word_1_804' title='bbox 2265 1913 2522 1966; x_wconf 90' lang='lat' dir='ltr'>membra</span> <span class='ocrx_word' id='word_1_805' title='bbox 2548 1910 2903 1981; x_wconf 88' lang='lat' dir='ltr'>perveniunt.</span> <span class='ocrx_word' id='word_1_806' title='bbox 2927 1909 3014 1981; x_wconf 86' lang='lat' dir='ltr'>Sic</span> <span class='ocrx_word' id='word_1_807' title='bbox 3034 1910 3289 1981; x_wconf 88' lang='lat' dir='ltr'>deﬁnitio</span> <span class='ocrx_word' id='word_1_808' title='bbox 3313 1925 3341 1961; x_wconf 90' lang='lat' dir='ltr'>a</span> <span class='ocrx_word' id='word_1_809' title='bbox 3364 1925 3584 1977; x_wconf 86' lang='lat' dir='ltr'>genere</span> <span class='ocrx_word' id='word_1_810' title='bbox 3613 1911 3874 1980; x_wconf 80' lang='lat' dir='ltr'>incipiens</span> 
     </span>
    </p>
   </div>
   <div class='ocr_carea' id='block_1_104' title="bbox 2181 1980 3872 2054">
    <p class='ocr_par' dir='ltr' id='par_1_104' title="bbox 2181 1980 3872 2054">
     <span class='ocr_line' id='line_1_105' title="bbox 2181 1980 3872 2054; baseline -0.003 -16"><span class='ocrx_word' id='word_1_811' title='bbox 2181 1984 2415 2054; x_wconf 89' lang='lat' dir='ltr'>depulsa</span> <span class='ocrx_word' id='word_1_812' title='bbox 2441 1980 2715 2054; x_wconf 79' lang='lat' dir='ltr'>paulatim</span> <span class='ocrx_word' id='word_1_813' title='bbox 2735 1980 3459 2054; x_wconf 76' lang='lat' dir='ltr'>generalitateverborum,</span> <span class='ocrx_word' id='word_1_814' title='bbox 3482 1981 3556 2054; x_wconf 80' lang='lat' dir='ltr'>ad</span> <span class='ocrx_word' id='word_1_815' title='bbox 3592 1984 3872 2054; x_wconf 87' lang='lat' dir='ltr'>proprium</span> 
     </span>
    </p>
   </div>
   <div class='ocr_carea' id='block_1_105' title="bbox 2182 2050 3874 2122">
    <p class='ocr_par' dir='ltr' id='par_1_105' title="bbox 2182 2050 3874 2122">
     <span class='ocr_line' id='line_1_106' title="bbox 2182 2050 3874 2122; baseline -0.002 -14"><span class='ocrx_word' id='word_1_816' title='bbox 2182 2050 2645 2108; x_wconf 65' lang='lat' dir='ltr'>demonstranda:</span> <span class='ocrx_word' id='word_1_817' title='bbox 2672 2050 2758 2105; x_wconf 84' lang='lat' dir='ltr'>rei</span> <span class='ocrx_word' id='word_1_818' title='bbox 2773 2050 2958 2104; x_wconf 90' lang='lat' dir='ltr'>cubile</span> <span class='ocrx_word' id='word_1_819' title='bbox 2992 2051 3172 2104; x_wconf 90' lang='lat' dir='ltr'>tendit</span> <span class='ocrx_word' id='word_1_820' title='bbox 3200 2051 3488 2122; x_wconf 88' lang='lat' dir='ltr'>accedere.</span> <span class='ocrx_word' id='word_1_821' title='bbox 3520 2052 3639 2105; x_wconf 87' lang='lat' dir='ltr'>Sed</span> <span class='ocrx_word' id='word_1_822' title='bbox 3671 2053 3742 2105; x_wconf 89' lang='lat' dir='ltr'>ad</span> <span class='ocrx_word' id='word_1_823' title='bbox 3770 2069 3874 2122; x_wconf 67' lang='lat' dir='ltr'>pro«</span> 
     </span>
    </p>
   </div>
   <div class='ocr_carea' id='block_1_106' title="bbox 2180 2120 3872 2196">
    <p class='ocr_par' dir='ltr' id='par_1_106' title="bbox 2180 2120 3872 2196">
     <span class='ocr_line' id='line_1_107' title="bbox 2180 2120 3872 2196; baseline -0.002 -17"><span class='ocrx_word' id='word_1_824' title='bbox 2180 2127 2431 2196; x_wconf 88' lang='lat' dir='ltr'>positum</span> <span class='ocrx_word' id='word_1_825' title='bbox 2472 2129 2824 2196; x_wconf 85' lang='lat' dir='ltr'>revertamur</span> <span class='ocrx_word' id='word_1_826' title='bbox 2852 2126 3169 2196; x_wconf 14' lang='lat' dir='ltr'>:Atractatus</span> <span class='ocrx_word' id='word_1_827' title='bbox 3201 2120 3357 2196; x_wconf 76' lang='lat' dir='ltr'>enim</span> <span class='ocrx_word' id='word_1_828' title='bbox 3392 2128 3515 2196; x_wconf 79' lang='lat' dir='ltr'>erat</span> <span class='ocrx_word' id='word_1_829' title='bbox 3548 2123 3626 2176; x_wconf 90' lang='lat' dir='ltr'>de</span> <span class='ocrx_word' id='word_1_830' title='bbox 3661 2123 3732 2176; x_wconf 86' lang='lat' dir='ltr'>iis</span> <span class='ocrx_word' id='word_1_831' title='bbox 3771 2120 3872 2192; x_wconf 57' lang='lat' dir='ltr'>qua</span> 
     </span>
    </p>
   </div>
   <div class='ocr_carea' id='block_1_107' title="bbox 2179 2192 3872 2267">
    <p class='ocr_par' dir='ltr' id='par_1_107' title="bbox 2179 2192 3872 2267">
     <span class='ocr_line' id='line_1_108' title="bbox 2179 2192 3872 2267; baseline -0.002 -17"><span class='ocrx_word' id='word_1_832' title='bbox 2179 2192 2312 2250; x_wconf 75' lang='lat' dir='ltr'>sunt</span> <span class='ocrx_word' id='word_1_833' title='bbox 2329 2195 2816 2267; x_wconf 85' lang='lat' dir='ltr'>quemadmodum</span> <span class='ocrx_word' id='word_1_834' title='bbox 2844 2192 3349 2267; x_wconf 72' lang='lat' dir='ltr'>signi_ﬁcentur,de</span> <span class='ocrx_word' id='word_1_835' title='bbox 3373 2194 3593 2267; x_wconf 83' lang='lat' dir='ltr'>quibus</span> <span class='ocrx_word' id='word_1_836' title='bbox 3617 2196 3872 2267; x_wconf 81' lang='lat' dir='ltr'>quoniam</span> 
     </span>
    </p>
   </div>
   <div class='ocr_carea' id='block_1_108' title="bbox 2173 2263 3867 2338">
    <p class='ocr_par' dir='ltr' id='par_1_108' title="bbox 2173 2263 3867 2338">
     <span class='ocr_line' id='line_1_109' title="bbox 2173 2263 3867 2338; baseline -0.001 -18"><span class='ocrx_word' id='word_1_837' title='bbox 2173 2267 2290 2338; x_wconf 88' lang='lat' dir='ltr'>jam</span> <span class='ocrx_word' id='word_1_838' title='bbox 2315 2263 2492 2338; x_wconf 82' lang='lat' dir='ltr'>multa</span> <span class='ocrx_word' id='word_1_839' title='bbox 2513 2265 2662 2319; x_wconf 90' lang='lat' dir='ltr'>dicta</span> <span class='ocrx_word' id='word_1_840' title='bbox 2679 2270 2828 2330; x_wconf 88' lang='lat' dir='ltr'>sunt,</span> <span class='ocrx_word' id='word_1_841' title='bbox 2857 2263 3001 2318; x_wconf 90' lang='lat' dir='ltr'>illud</span> <span class='ocrx_word' id='word_1_842' title='bbox 3024 2264 3364 2334; x_wconf 86' lang='lat' dir='ltr'>regulariter</span> <span class='ocrx_word' id='word_1_843' title='bbox 3385 2265 3556 2318; x_wconf 87' lang='lat' dir='ltr'>nobis</span> <span class='ocrx_word' id='word_1_844' title='bbox 3581 2263 3867 2338; x_wconf 69' lang='lat' dir='ltr'>tenendam</span> 
     </span>
    </p>
   </div>
   <div class='ocr_carea' id='block_1_109' title="bbox 2179 2337 3867 2407">
    <p class='ocr_par' dir='ltr' id='par_1_109' title="bbox 2179 2337 3867 2407">
     <span class='ocr_line' id='line_1_110' title="bbox 2179 2337 3867 2407; baseline -0.001 -15"><span class='ocrx_word' id='word_1_845' title='bbox 2179 2337 2282 2404; x_wconf 71' lang='lat' dir='ltr'>est,</span> <span class='ocrx_word' id='word_1_846' title='bbox 2307 2337 2498 2392; x_wconf 89' lang='lat' dir='ltr'>omnia</span> <span class='ocrx_word' id='word_1_847' title='bbox 2522 2344 2813 2402; x_wconf 68' lang='grc' dir='ltr'>καθέκαστα,</span> <span class='ocrx_word' id='word_1_848' title='bbox 2839 2341 2926 2392; x_wconf 86' lang='lat' dir='ltr'>vel</span> <span class='ocrx_word' id='word_1_849' title='bbox 2949 2344 3179 2407; x_wconf 67' lang='grc' dir='ltr'>ἐνάριῦμα</span> <span class='ocrx_word' id='word_1_850' title='bbox 3197 2373 3208 2395; x_wconf 89' lang='grc'><em>,</em></span> <span class='ocrx_word' id='word_1_851' title='bbox 3234 2339 3319 2390; x_wconf 89' lang='lat' dir='ltr'>vel</span> <span class='ocrx_word' id='word_1_852' title='bbox 3341 2345 3520 2404; x_wconf 64' lang='grc' dir='ltr'>ἄτομα,</span> <span class='ocrx_word' id='word_1_853' title='bbox 3555 2337 3647 2388; x_wconf 81' lang='lat' dir='ltr'>vel</span> <span class='ocrx_word' id='word_1_854' title='bbox 3672 2344 3867 2400; x_wconf 55' lang='lat'>11:515&#39;1.</span> 
     </span>
    </p>
   </div>
   <div class='ocr_carea' id='block_1_110' title="bbox 2178 2408 3869 2477">
    <p class='ocr_par' dir='ltr' id='par_1_110' title="bbox 2178 2408 3869 2477">
     <span class='ocr_line' id='line_1_111' title="bbox 2178 2408 3869 2477; baseline -0.001 -15"><span class='ocrx_word' id='word_1_855' title='bbox 2178 2408 2238 2462; x_wconf 92' lang='lat' dir='ltr'>id</span> <span class='ocrx_word' id='word_1_856' title='bbox 2277 2414 2364 2462; x_wconf 91' lang='lat' dir='ltr'>est</span> <span class='ocrx_word' id='word_1_857' title='bbox 2395 2409 2545 2461; x_wconf 88' lang='lat' dir='ltr'>hunc</span> <span class='ocrx_word' id='word_1_858' title='bbox 2577 2408 2891 2476; x_wconf 88' lang='lat' dir='ltr'>hominem,</span> <span class='ocrx_word' id='word_1_859' title='bbox 2926 2409 3013 2461; x_wconf 85' lang='lat' dir='ltr'>vel</span> <span class='ocrx_word' id='word_1_860' title='bbox 3045 2411 3198 2461; x_wconf 89' lang='lat' dir='ltr'>hunc</span> <span class='ocrx_word' id='word_1_861' title='bbox 3225 2423 3466 2477; x_wconf 87' lang='lat' dir='ltr'>equum,</span> <span class='ocrx_word' id='word_1_862' title='bbox 3499 2412 3601 2459; x_wconf 89' lang='lat' dir='ltr'>vet</span> <span class='ocrx_word' id='word_1_863' title='bbox 3631 2408 3777 2460; x_wconf 86' lang='lat' dir='ltr'>hanc</span> <span class='ocrx_word' id='word_1_864' title='bbox 3805 2425 3869 2460; x_wconf 83' lang='lat' dir='ltr'>ar-</span> 
     </span>
    </p>
   </div>
   <div class='ocr_carea' id='block_1_111' title="bbox 2176 2478 3869 2548">
    <p class='ocr_par' dir='ltr' id='par_1_111' title="bbox 2176 2478 3869 2548">
     <span class='ocr_line' id='line_1_112' title="bbox 2176 2478 3869 2548; baseline -0.004 -15"><span class='ocrx_word' id='word_1_865' title='bbox 2176 2479 2376 2533; x_wconf 89' lang='lat' dir='ltr'>borem</span> <span class='ocrx_word' id='word_1_866' title='bbox 2404 2479 2472 2533; x_wconf 84' lang='lat' dir='ltr'>de.</span> <span class='ocrx_word' id='word_1_867' title='bbox 2504 2480 2757 2547; x_wconf 80' lang='lat' dir='ltr'>subjecto</span> <span class='ocrx_word' id='word_1_868' title='bbox 2779 2479 3092 2548; x_wconf 87' lang='lat' dir='ltr'>signiﬁcari</span> <span class='ocrx_word' id='word_1_869' title='bbox 3113 2495 3225 2532; x_wconf 90' lang='lat' dir='ltr'>non</span> <span class='ocrx_word' id='word_1_870' title='bbox 3252 2496 3325 2548; x_wconf 91' lang='lat' dir='ltr'>po</span> <span class='ocrx_word' id='word_1_871' title='bbox 3340 2495 3444 2532; x_wconf 84' lang='lat' dir='ltr'>sse.</span> <span class='ocrx_word' id='word_1_872' title='bbox 3481 2478 3588 2531; x_wconf 90' lang='lat' dir='ltr'>Sin</span> <span class='ocrx_word' id='word_1_873' title='bbox 3613 2495 3749 2532; x_wconf 81' lang='lat' dir='ltr'>vero</span> <span class='ocrx_word' id='word_1_874' title='bbox 3772 2480 3869 2532; x_wconf 56' lang='lat' dir='ltr'>hs...</span> 
     </span>
    </p>
   </div>
   <div class='ocr_carea' id='block_1_112' title="bbox 2177 2549 3867 2613">
    <p class='ocr_par' dir='ltr' id='par_1_112' title="bbox 2177 2549 3867 2613">
     <span class='ocr_line' id='line_1_113' title="bbox 2177 2549 3867 2613; baseline -0.001 -10"><span class='ocrx_word' id='word_1_875' title='bbox 2177 2551 2374 2603; x_wconf 89' lang='lat' dir='ltr'>eadem</span> <span class='ocrx_word' id='word_1_876' title='bbox 2407 2549 2475 2603; x_wconf 89' lang='lat' dir='ltr'>de</span> <span class='ocrx_word' id='word_1_877' title='bbox 2524 2549 2911 2604; x_wconf 90' lang='lat' dir='ltr'>accidentibus</span> <span class='ocrx_word' id='word_1_878' title='bbox 2943 2550 3171 2612; x_wconf 83' lang='lat' dir='ltr'>fuerint,</span> <span class='ocrx_word' id='word_1_879' title='bbox 3207 2550 3263 2602; x_wconf 90' lang='lat' dir='ltr'>id</span> <span class='ocrx_word' id='word_1_880' title='bbox 3293 2557 3380 2604; x_wconf 90' lang='lat' dir='ltr'>est</span> <span class='ocrx_word' id='word_1_881' title='bbox 3417 2549 3510 2601; x_wconf 89' lang='lat' dir='ltr'>hic</span> <span class='ocrx_word' id='word_1_882' title='bbox 3558 2551 3739 2613; x_wconf 91' lang='lat' dir='ltr'>color,</span> <span class='ocrx_word' id='word_1_883' title='bbox 3772 2552 3867 2602; x_wconf 54' lang='lat' dir='ltr'>hae:</span> 
     </span>
    </p>
   </div>
   <div class='ocr_carea' id='block_1_113' title="bbox 2177 2620 3868 2691">
    <p class='ocr_par' dir='ltr' id='par_1_113' title="bbox 2177 2620 3868 2691">
     <span class='ocr_line' id='line_1_114' title="bbox 2177 2620 3868 2691; baseline -0.001 -17"><span class='ocrx_word' id='word_1_884' title='bbox 2177 2621 2496 2690; x_wconf 90' lang='lat' dir='ltr'>disciplina,</span> <span class='ocrx_word' id='word_1_885' title='bbox 2552 2621 2610 2674; x_wconf 89' lang='lat' dir='ltr'>in</span> <span class='ocrx_word' id='word_1_886' title='bbox 2657 2620 2910 2690; x_wconf 90' lang='lat' dir='ltr'>subjecto</span> <span class='ocrx_word' id='word_1_887' title='bbox 2955 2637 3075 2676; x_wconf 90' lang='lat' dir='ltr'>esse</span> <span class='ocrx_word' id='word_1_888' title='bbox 3125 2637 3326 2691; x_wconf 88' lang='lat' dir='ltr'>posse:</span> <span class='ocrx_word' id='word_1_889' title='bbox 3387 2621 3868 2690; x_wconf 81' lang='lat' dir='ltr'>quemodmodum</span> 
     </span>
    </p>
   </div>
   <div class='ocr_carea' id='block_1_114' title="bbox 2176 2691 3871 2760">
    <p class='ocr_par' dir='ltr' id='par_1_114' title="bbox 2176 2691 3871 2760">
     <span class='ocr_line' id='line_1_115' title="bbox 2176 2691 3871 2760; baseline -0.002 -15"><span class='ocrx_word' id='word_1_890' title='bbox 2176 2692 2330 2745; x_wconf 89' lang='lat' dir='ltr'>enim</span> <span class='ocrx_word' id='word_1_891' title='bbox 2357 2691 2617 2760; x_wconf 88' lang='lat' dir='ltr'>superius</span> <span class='ocrx_word' id='word_1_892' title='bbox 2650 2691 3105 2746; x_wconf 87' lang='lat' dir='ltr'>demonstratum</span> <span class='ocrx_word' id='word_1_893' title='bbox 3128 2697 3230 2755; x_wconf 90' lang='lat' dir='ltr'>est,</span> <span class='ocrx_word' id='word_1_894' title='bbox 3263 2707 3436 2746; x_wconf 88' lang='lat' dir='ltr'>omne</span> <span class='ocrx_word' id='word_1_895' title='bbox 3466 2691 3744 2744; x_wconf 88' lang='lat' dir='ltr'>accidens</span> <span class='ocrx_word' id='word_1_896' title='bbox 3770 2693 3871 2744; x_wconf 76' lang='lat' dir='ltr'>sine</span> 
     </span>
    </p>
   </div>
   <div class='ocr_carea' id='block_1_115' title="bbox 2175 2763 3868 2833">
    <p class='ocr_par' dir='ltr' id='par_1_115' title="bbox 2175 2763 3868 2833">
     <span class='ocr_line' id='line_1_116' title="bbox 2175 2763 3868 2833; baseline 0.001 -17"><span class='ocrx_word' id='word_1_897' title='bbox 2175 2763 2428 2833; x_wconf 82' lang='lat' dir='ltr'>subjecto</span> <span class='ocrx_word' id='word_1_898' title='bbox 2453 2778 2571 2816; x_wconf 89' lang='lat' dir='ltr'>esse</span> <span class='ocrx_word' id='word_1_899' title='bbox 2595 2778 2709 2815; x_wconf 91' lang='lat' dir='ltr'>non</span> <span class='ocrx_word' id='word_1_900' title='bbox 2735 2769 2937 2831; x_wconf 89' lang='lat' dir='ltr'>potest.</span> <span class='ocrx_word' id='word_1_901' title='bbox 2960 2763 3305 2832; x_wconf 88' lang='lat' dir='ltr'>Doctiigitur</span> <span class='ocrx_word' id='word_1_902' title='bbox 3327 2778 3530 2816; x_wconf 88' lang='lat' dir='ltr'>sumus</span> <span class='ocrx_word' id='word_1_903' title='bbox 3555 2779 3676 2832; x_wconf 90' lang='lat' dir='ltr'>quo</span> <span class='ocrx_word' id='word_1_904' title='bbox 3702 2771 3868 2831; x_wconf 78' lang='lat' dir='ltr'>pacto.</span> 
     </span>
    </p>
   </div>
   <div class='ocr_carea' id='block_1_116' title="bbox 2173 2833 3807 2904">
    <p class='ocr_par' dir='ltr' id='par_1_116' title="bbox 2173 2833 3807 2904">
     <span class='ocr_line' id='line_1_117' title="bbox 2173 2833 3807 2904; baseline 0.001 -19"><span class='ocrx_word' id='word_1_905' title='bbox 2173 2834 2262 2888; x_wconf 86' lang='lat' dir='ltr'>vel</span> <span class='ocrx_word' id='word_1_906' title='bbox 2293 2833 2631 2901; x_wconf 75' lang='lat' dir='ltr'>subjectum,</span> <span class='ocrx_word' id='word_1_907' title='bbox 2662 2834 2751 2887; x_wconf 91' lang='lat' dir='ltr'>vel</span> <span class='ocrx_word' id='word_1_908' title='bbox 2779 2833 2837 2886; x_wconf 91' lang='lat' dir='ltr'>in</span> <span class='ocrx_word' id='word_1_909' title='bbox 2869 2836 3122 2904; x_wconf 84' lang='lat' dir='ltr'>subjecto</span> <span class='ocrx_word' id='word_1_910' title='bbox 3151 2834 3438 2902; x_wconf 89' lang='lat' dir='ltr'>possimus</span> <span class='ocrx_word' id='word_1_911' title='bbox 3467 2849 3807 2901; x_wconf 84' lang='lat' dir='ltr'>agnoscere.</span> 
     </span>
    </p>
   </div>
   <div class='ocr_carea' id='block_1_117' title="bbox 2381 2904 3690 2972">
    <p class='ocr_par' dir='ltr' id='par_1_117' title="bbox 2381 2904 3690 2972">
     <span class='ocr_line' id='line_1_118' title="bbox 2381 2904 3690 2972; baseline -0.001 -14"><span class='ocrx_word' id='word_1_912' title='bbox 2381 2905 2607 2958; x_wconf 82' lang='lat' dir='ltr'>CAPUT</span> <span class='ocrx_word' id='word_1_913' title='bbox 2637 2904 2747 2958; x_wconf 85' lang='lat' dir='ltr'>VII.</span> <span class='ocrx_word' id='word_1_914' title='bbox 2784 2935 2850 2944; x_wconf 91' lang='lat'><strong>—</strong></span> <span class='ocrx_word' id='word_1_915' title='bbox 2883 2906 3032 2971; x_wconf 75' lang='lat' dir='ltr'>Quid</span> <span class='ocrx_word' id='word_1_916' title='bbox 3063 2919 3248 2971; x_wconf 81' lang='lat' dir='ltr'>genus,</span> <span class='ocrx_word' id='word_1_917' title='bbox 3281 2904 3418 2972; x_wconf 81' lang='lat' dir='ltr'>quid</span> <span class='ocrx_word' id='word_1_918' title='bbox 3453 2907 3690 2971; x_wconf 75' lang='lat' dir='ltr'>Species.</span> 
     </span>
    </p>
   </div>
   <div class='ocr_carea' id='block_1_118' title="bbox 2248 2974 3870 3045">
    <p class='ocr_par' dir='ltr' id='par_1_118' title="bbox 2248 2974 3870 3045">
     <span class='ocr_line' id='line_1_119' title="bbox 2248 2974 3870 3045; baseline -0.001 -17"><span class='ocrx_word' id='word_1_919' title='bbox 2248 2975 2465 3028; x_wconf 86' lang='lat' dir='ltr'>Dehinc</span> <span class='ocrx_word' id='word_1_920' title='bbox 2489 2991 2590 3027; x_wconf 92' lang='lat' dir='ltr'>nos</span> <span class='ocrx_word' id='word_1_921' title='bbox 2610 2974 2943 3030; x_wconf 85' lang='lat' dir='ltr'>Aristoteles</span> <span class='ocrx_word' id='word_1_922' title='bbox 2984 2977 3166 3038; x_wconf 87' lang='lat' dir='ltr'>ducet,</span> <span class='ocrx_word' id='word_1_923' title='bbox 3200 2980 3257 3028; x_wconf 92' lang='lat' dir='ltr'>et</span> <span class='ocrx_word' id='word_1_924' title='bbox 3279 2977 3386 3042; x_wconf 54' lang='lat' dir='ltr'>,illa</span> <span class='ocrx_word' id='word_1_925' title='bbox 3418 2991 3554 3044; x_wconf 59' lang='lat' dir='ltr'>quin</span> <span class='ocrx_word' id='word_1_926' title='bbox 3601 2975 3674 3028; x_wconf 89' lang='lat' dir='ltr'>de</span> <span class='ocrx_word' id='word_1_927' title='bbox 3705 2975 3870 3045; x_wconf 73' lang='lat' dir='ltr'>subje-</span> 
     </span>
    </p>
   </div>
   <div class='ocr_carea' id='block_1_119' title="bbox 2177 3045 3870 3116">
    <p class='ocr_par' dir='ltr' id='par_1_119' title="bbox 2177 3045 3870 3116">
     <span class='ocr_line' id='line_1_120' title="bbox 2177 3045 3870 3116; baseline 0 -18"><span class='ocrx_word' id='word_1_928' title='bbox 2177 3048 2264 3099; x_wconf 88' lang='lat' dir='ltr'>cto</span> <span class='ocrx_word' id='word_1_929' title='bbox 2286 3045 2701 3116; x_wconf 87' lang='lat' dir='ltr'>signiﬁcantur,</span> <span class='ocrx_word' id='word_1_930' title='bbox 2729 3063 2842 3116; x_wconf 91' lang='lat' dir='ltr'>qua</span> <span class='ocrx_word' id='word_1_931' title='bbox 2870 3048 3090 3101; x_wconf 88' lang='lat' dir='ltr'>ratione</span> <span class='ocrx_word' id='word_1_932' title='bbox 3117 3062 3439 3099; x_wconf 88' lang='lat' dir='ltr'>noscamus.</span> <span class='ocrx_word' id='word_1_933' title='bbox 3474 3047 3540 3098; x_wconf 90' lang='lat' dir='ltr'>In</span> <span class='ocrx_word' id='word_1_934' title='bbox 3577 3045 3670 3098; x_wconf 87' lang='lat' dir='ltr'>his</span> <span class='ocrx_word' id='word_1_935' title='bbox 3703 3053 3870 3098; x_wconf 78' lang='lat' dir='ltr'>autem</span> 
     </span>
    </p>
   </div>
   <div class='ocr_carea' id='block_1_120' title="bbox 2177 3116 3870 3187">
    <p class='ocr_par' dir='ltr' id='par_1_120' title="bbox 2177 3116 3870 3187">
     <span class='ocr_line' id='line_1_121' title="bbox 2177 3116 3870 3187; baseline -0.001 -18"><span class='ocrx_word' id='word_1_936' title='bbox 2177 3117 2419 3185; x_wconf 88' lang='lat' dir='ltr'>speciale</span> <span class='ocrx_word' id='word_1_937' title='bbox 2448 3116 2592 3170; x_wconf 91' lang='lat' dir='ltr'>illud</span> <span class='ocrx_word' id='word_1_938' title='bbox 2631 3121 2734 3182; x_wconf 89' lang='lat' dir='ltr'>est,</span> <span class='ocrx_word' id='word_1_939' title='bbox 2769 3119 2915 3187; x_wconf 90' lang='lat' dir='ltr'>quod</span> <span class='ocrx_word' id='word_1_940' title='bbox 2952 3117 3152 3172; x_wconf 88' lang='lat' dir='ltr'>eadem</span> <span class='ocrx_word' id='word_1_941' title='bbox 3189 3117 3248 3170; x_wconf 91' lang='lat' dir='ltr'>in</span> <span class='ocrx_word' id='word_1_942' title='bbox 3280 3117 3402 3186; x_wconf 89' lang='lat' dir='ltr'>ipso</span> <span class='ocrx_word' id='word_1_943' title='bbox 3436 3117 3704 3186; x_wconf 84' lang='lat' dir='ltr'>subjecto</span> <span class='ocrx_word' id='word_1_944' title='bbox 3737 3119 3870 3170; x_wconf 76' lang='lat' dir='ltr'>inve-</span> 
     </span>
    </p>
   </div>
   <div class='ocr_carea' id='block_1_121' title="bbox 2171 3188 3869 3259">
    <p class='ocr_par' dir='ltr' id='par_1_121' title="bbox 2171 3188 3869 3259">
     <span class='ocr_line' id='line_1_122' title="bbox 2171 3188 3869 3259; baseline -0.001 -19"><span class='ocrx_word' id='word_1_945' title='bbox 2171 3191 2438 3259; x_wconf 84' lang='lat' dir='ltr'>niuntur,</span> <span class='ocrx_word' id='word_1_946' title='bbox 2466 3203 2595 3259; x_wconf 64' lang='lat' dir='ltr'>quae</span> <span class='ocrx_word' id='word_1_947' title='bbox 2617 3190 2830 3259; x_wconf 87' lang='lat' dir='ltr'>suntin</span> <span class='ocrx_word' id='word_1_948' title='bbox 2850 3205 2916 3242; x_wconf 90' lang='lat' dir='ltr'>eo</span> <span class='ocrx_word' id='word_1_949' title='bbox 2935 3190 3089 3259; x_wconf 91' lang='lat' dir='ltr'>quod</span> <span class='ocrx_word' id='word_1_950' title='bbox 3108 3190 3178 3242; x_wconf 89' lang='lat' dir='ltr'>de</span> <span class='ocrx_word' id='word_1_951' title='bbox 3199 3189 3456 3257; x_wconf 84' lang='lat' dir='ltr'>subjecto</span> <span class='ocrx_word' id='word_1_952' title='bbox 3481 3188 3869 3257; x_wconf 84' lang='lat' dir='ltr'>signiﬁcatur:</span> 
     </span>
    </p>
   </div>
   <div class='ocr_carea' id='block_1_122' title="bbox 2176 3258 3870 3329">
    <p class='ocr_par' dir='ltr' id='par_1_122' title="bbox 2176 3258 3870 3329">
     <span class='ocr_line' id='line_1_123' title="bbox 2176 3258 3870 3329; baseline -0.001 -18"><span class='ocrx_word' id='word_1_953' title='bbox 2176 3265 2239 3311; x_wconf 87' lang='lat' dir='ltr'>ut</span> <span class='ocrx_word' id='word_1_954' title='bbox 2280 3258 2434 3311; x_wconf 87' lang='lat' dir='ltr'>cnim</span> <span class='ocrx_word' id='word_1_955' title='bbox 2477 3258 2688 3311; x_wconf 85' lang='lat' dir='ltr'>animal</span> <span class='ocrx_word' id='word_1_956' title='bbox 2729 3258 2795 3311; x_wconf 90' lang='lat' dir='ltr'>de</span> <span class='ocrx_word' id='word_1_957' title='bbox 2829 3258 3083 3328; x_wconf 84' lang='lat' dir='ltr'>subjecto</span> <span class='ocrx_word' id='word_1_958' title='bbox 3114 3259 3491 3329; x_wconf 88' lang='lat' dir='ltr'>signiﬁcatur,</span> <span class='ocrx_word' id='word_1_959' title='bbox 3525 3259 3770 3311; x_wconf 84' lang='lat' dir='ltr'>homine</span> <span class='ocrx_word' id='word_1_960' title='bbox 3798 3261 3870 3310; x_wconf 68' lang='lat' dir='ltr'>ve!</span> 
     </span>
    </p>
   </div>
   <div class='ocr_carea' id='block_1_123' title="bbox 2176 3329 3874 3398">
    <p class='ocr_par' dir='ltr' id='par_1_123' title="bbox 2176 3329 3874 3398">
     <span class='ocr_line' id='line_1_124' title="bbox 2176 3329 3874 3398; baseline 0.001 -18"><span class='ocrx_word' id='word_1_961' title='bbox 2176 3344 2344 3398; x_wconf 83' lang='lat' dir='ltr'>equo,</span> <span class='ocrx_word' id='word_1_962' title='bbox 2360 3330 2437 3382; x_wconf 90' lang='lat' dir='ltr'>sic</span> <span class='ocrx_word' id='word_1_963' title='bbox 2451 3335 2504 3382; x_wconf 91' lang='lat' dir='ltr'>et.</span> <span class='ocrx_word' id='word_1_964' title='bbox 2523 3331 2694 3382; x_wconf 89' lang='lat' dir='ltr'>homo</span> <span class='ocrx_word' id='word_1_965' title='bbox 2714 3329 2782 3382; x_wconf 88' lang='lat' dir='ltr'>de</span> <span class='ocrx_word' id='word_1_966' title='bbox 2796 3331 3047 3398; x_wconf 83' lang='lat' dir='ltr'>subjecto</span> <span class='ocrx_word' id='word_1_967' title='bbox 3060 3331 3254 3398; x_wconf 88' lang='lat' dir='ltr'>aliquo</span> <span class='ocrx_word' id='word_1_968' title='bbox 3272 3330 3510 3382; x_wconf 88' lang='lat' dir='ltr'>homine</span> <span class='ocrx_word' id='word_1_969' title='bbox 3523 3330 3874 3398; x_wconf 82' lang='lat' dir='ltr'>signiﬁcetur</span> 
     </span>
    </p>
   </div>
   <div class='ocr_carea' id='block_1_124' title="bbox 2175 3400 3871 3463">
    <p class='ocr_par' dir='ltr' id='par_1_124' title="bbox 2175 3400 3871 3463">
     <span class='ocr_line' id='line_1_125' title="bbox 2175 3400 3871 3463; baseline 0 -11"><span class='ocrx_word' id='word_1_970' title='bbox 2175 3415 2402 3453; x_wconf 85' lang='lat' dir='ltr'>necesse</span> <span class='ocrx_word' id='word_1_971' title='bbox 2415 3405 2497 3453; x_wconf 88' lang='lat' dir='ltr'>est</span> <span class='ocrx_word' id='word_1_972' title='bbox 2520 3416 2532 3453; x_wconf 90' lang='lat'>:</span> <span class='ocrx_word' id='word_1_973' title='bbox 2559 3400 2752 3453; x_wconf 90' lang='lat' dir='ltr'>Cicero</span> <span class='ocrx_word' id='word_1_974' title='bbox 2782 3406 2975 3454; x_wconf 89' lang='lat' dir='ltr'>autem</span> <span class='ocrx_word' id='word_1_975' title='bbox 2999 3407 3055 3455; x_wconf 89' lang='lat' dir='ltr'>et</span> <span class='ocrx_word' id='word_1_976' title='bbox 3076 3402 3248 3454; x_wconf 89' lang='lat' dir='ltr'>homo</span> <span class='ocrx_word' id='word_1_977' title='bbox 3269 3407 3354 3453; x_wconf 90' lang='lat' dir='ltr'>est</span> <span class='ocrx_word' id='word_1_978' title='bbox 3375 3401 3692 3454; x_wconf 82' lang='lat' dir='ltr'>etanimal.</span> <span class='ocrx_word' id='word_1_979' title='bbox 3725 3400 3871 3463; x_wconf 64' lang='lat' dir='ltr'>Qua!-</span> 
     </span>
    </p>
   </div>
   <div class='ocr_carea' id='block_1_125' title="bbox 2173 3470 3874 3540">
    <p class='ocr_par' dir='ltr' id='par_1_125' title="bbox 2173 3470 3874 3540">
     <span class='ocr_line' id='line_1_126' title="bbox 2173 3470 3874 3540; baseline 0.001 -18"><span class='ocrx_word' id='word_1_980' title='bbox 2173 3486 2417 3540; x_wconf 85' lang='lat' dir='ltr'>cumque</span> <span class='ocrx_word' id='word_1_981' title='bbox 2440 3470 2613 3540; x_wconf 87' lang='lat' dir='ltr'>igitur</span> <span class='ocrx_word' id='word_1_982' title='bbox 2634 3471 2930 3540; x_wconf 69' lang='lat' dir='ltr'>praedicari</span> <span class='ocrx_word' id='word_1_983' title='bbox 2953 3473 3022 3526; x_wconf 89' lang='lat' dir='ltr'>de</span> <span class='ocrx_word' id='word_1_984' title='bbox 3050 3471 3283 3525; x_wconf 86' lang='lat' dir='ltr'>animali</span> <span class='ocrx_word' id='word_1_985' title='bbox 3310 3477 3576 3540; x_wconf 88' lang='lat' dir='ltr'>possunt,</span> <span class='ocrx_word' id='word_1_986' title='bbox 3605 3471 3805 3525; x_wconf 83' lang='lat' dir='ltr'>eadem</span> <span class='ocrx_word' id='word_1_987' title='bbox 3829 3481 3874 3523; x_wconf 71' lang='lat' dir='ltr'>et</span> 
     </span>
    </p>
   </div>
   <div class='ocr_carea' id='block_1_126' title="bbox 2173 3541 3872 3612">
    <p class='ocr_par' dir='ltr' id='par_1_126' title="bbox 2173 3541 3872 3612">
     <span class='ocr_line' id='line_1_127' title="bbox 2173 3541 3872 3612; baseline -0.001 -18"><span class='ocrx_word' id='word_1_988' title='bbox 2173 3541 2243 3612; x_wconf 87' lang='lat' dir='ltr'>de</span> <span class='ocrx_word' id='word_1_989' title='bbox 2264 3542 2392 3595; x_wconf 68' lang='lat' dir='ltr'>bon:</span> <span class='ocrx_word' id='word_1_990' title='bbox 2405 3541 2498 3594; x_wconf 90' lang='lat' dir='ltr'>ine</span> <span class='ocrx_word' id='word_1_991' title='bbox 2521 3546 2577 3594; x_wconf 89' lang='lat' dir='ltr'>et</span> <span class='ocrx_word' id='word_1_992' title='bbox 2594 3542 2856 3595; x_wconf 86' lang='lat' dir='ltr'>Cicerone</span> <span class='ocrx_word' id='word_1_993' title='bbox 2870 3543 3270 3612; x_wconf 80' lang='lat' dir='ltr'>praedicantur.</span> <span class='ocrx_word' id='word_1_994' title='bbox 3285 3543 3666 3612; x_wconf 86' lang='lat' dir='ltr'>Quapropter</span> <span class='ocrx_word' id='word_1_995' title='bbox 3682 3559 3746 3596; x_wconf 86' lang='lat' dir='ltr'>ea</span> <span class='ocrx_word' id='word_1_996' title='bbox 3759 3559 3872 3612; x_wconf 56' lang='lat' dir='ltr'>qua»</span> 
     </span>
    </p>
   </div>
   <div class='ocr_carea' id='block_1_127' title="bbox 2170 3610 3873 3683">
    <p class='ocr_par' dir='ltr' id='par_1_127' title="bbox 2170 3610 3873 3683">
     <span class='ocr_line' id='line_1_128' title="bbox 2170 3610 3873 3683; baseline 0 -19"><span class='ocrx_word' id='word_1_997' title='bbox 2170 3610 2232 3664; x_wconf 91' lang='lat' dir='ltr'>in</span> <span class='ocrx_word' id='word_1_998' title='bbox 2259 3628 2344 3677; x_wconf 92' lang='lat' dir='ltr'>eo,</span> <span class='ocrx_word' id='word_1_999' title='bbox 2369 3613 2518 3682; x_wconf 91' lang='lat' dir='ltr'>quod</span> <span class='ocrx_word' id='word_1_1000' title='bbox 2549 3612 2617 3665; x_wconf 90' lang='lat' dir='ltr'>de</span> <span class='ocrx_word' id='word_1_1001' title='bbox 2642 3610 2891 3682; x_wconf 81' lang='lat' dir='ltr'>subjecto</span> <span class='ocrx_word' id='word_1_1002' title='bbox 2916 3613 3290 3683; x_wconf 88' lang='lat' dir='ltr'>signiﬁcatur,</span> <span class='ocrx_word' id='word_1_1003' title='bbox 3315 3610 3728 3680; x_wconf 76' lang='lat' dir='ltr'>inveniuntur,</span> <span class='ocrx_word' id='word_1_1004' title='bbox 3751 3610 3804 3666; x_wconf 73' lang='lat' dir='ltr'>et</span> <span class='ocrx_word' id='word_1_1005' title='bbox 3824 3614 3873 3665; x_wconf 82' lang='lat' dir='ltr'>in</span> 
     </span>
    </p>
   </div>
   <div class='ocr_carea' id='block_1_128' title="bbox 2171 3683 3873 3752">
    <p class='ocr_par' dir='ltr' id='par_1_128' title="bbox 2171 3683 3873 3752">
     <span class='ocr_line' id='line_1_129' title="bbox 2171 3683 3873 3752; baseline 0.001 -17"><span class='ocrx_word' id='word_1_1006' title='bbox 2171 3697 2237 3735; x_wconf 90' lang='lat' dir='ltr'>eo</span> <span class='ocrx_word' id='word_1_1007' title='bbox 2255 3685 2406 3752; x_wconf 91' lang='lat' dir='ltr'>quod</span> <span class='ocrx_word' id='word_1_1008' title='bbox 2431 3683 2748 3752; x_wconf 85' lang='lat' dir='ltr'>subjectum</span> <span class='ocrx_word' id='word_1_1009' title='bbox 2770 3689 2870 3747; x_wconf 90' lang='lat' dir='ltr'>est,</span> <span class='ocrx_word' id='word_1_1010' title='bbox 2893 3700 3121 3738; x_wconf 87' lang='lat' dir='ltr'>necesse</span> <span class='ocrx_word' id='word_1_1011' title='bbox 3140 3688 3225 3738; x_wconf 89' lang='lat' dir='ltr'>est</span> <span class='ocrx_word' id='word_1_1012' title='bbox 3243 3685 3527 3737; x_wconf 86' lang='lat' dir='ltr'>inveniri:</span> <span class='ocrx_word' id='word_1_1013' title='bbox 3557 3691 3628 3738; x_wconf 91' lang='lat' dir='ltr'>ut</span> <span class='ocrx_word' id='word_1_1014' title='bbox 3651 3685 3696 3736; x_wconf 89' lang='lat' dir='ltr'>si</span> <span class='ocrx_word' id='word_1_1015' title='bbox 3716 3685 3873 3748; x_wconf 77' lang='lat' dir='ltr'>dicas,</span> 
     </span>
    </p>
   </div>
   <div class='ocr_carea' id='block_1_129' title="bbox 2169 3754 3870 3826">
    <p class='ocr_par' dir='ltr' id='par_1_129' title="bbox 2169 3754 3870 3826">
     <span class='ocr_line' id='line_1_130' title="bbox 2169 3754 3870 3826; baseline 0 -20"><span class='ocrx_word' id='word_1_1016' title='bbox 2169 3754 2380 3806; x_wconf 88' lang='lat' dir='ltr'>animal</span> <span class='ocrx_word' id='word_1_1017' title='bbox 2412 3758 2497 3807; x_wconf 90' lang='lat' dir='ltr'>est</span> <span class='ocrx_word' id='word_1_1018' title='bbox 2524 3754 2675 3824; x_wconf 90' lang='lat' dir='ltr'>quod</span> <span class='ocrx_word' id='word_1_1019' title='bbox 2696 3754 2888 3808; x_wconf 88' lang='lat' dir='ltr'>cibum</span> <span class='ocrx_word' id='word_1_1020' title='bbox 2911 3755 3118 3825; x_wconf 88' lang='lat' dir='ltr'>capiat,</span> <span class='ocrx_word' id='word_1_1021' title='bbox 3146 3755 3576 3826; x_wconf 5' lang='lat' dir='ltr'>quodpmortale</span> <span class='ocrx_word' id='word_1_1022' title='bbox 3602 3755 3698 3817; x_wconf 81' lang='lat' dir='ltr'>sit,</span> <span class='ocrx_word' id='word_1_1023' title='bbox 3727 3755 3870 3825; x_wconf 82' lang='lat' dir='ltr'>quod</span> 
     </span>
    </p>
   </div>
   <div class='ocr_carea' id='block_1_130' title="bbox 2169 3825 3872 3896">
    <p class='ocr_par' dir='ltr' id='par_1_130' title="bbox 2169 3825 3872 3896">
     <span class='ocr_line' id='line_1_131' title="bbox 2169 3825 3872 3896; baseline -0.001 -19"><span class='ocrx_word' id='word_1_1024' title='bbox 2169 3841 2338 3896; x_wconf 86' lang='lat' dir='ltr'>sensu</span> <span class='ocrx_word' id='word_1_1025' title='bbox 2356 3832 2681 3896; x_wconf 87' lang='lat' dir='ltr'>moveatur;</span> <span class='ocrx_word' id='word_1_1026' title='bbox 2703 3826 2913 3879; x_wconf 90' lang='lat' dir='ltr'>animal</span> <span class='ocrx_word' id='word_1_1027' title='bbox 2935 3831 3127 3879; x_wconf 90' lang='lat' dir='ltr'>autem</span> <span class='ocrx_word' id='word_1_1028' title='bbox 3146 3829 3214 3879; x_wconf 89' lang='lat' dir='ltr'>de</span> <span class='ocrx_word' id='word_1_1029' title='bbox 3232 3825 3492 3895; x_wconf 85' lang='lat' dir='ltr'>subjecto</span> <span class='ocrx_word' id='word_1_1030' title='bbox 3516 3825 3872 3896; x_wconf 72' lang='lat' dir='ltr'>signiﬁcatur</span> 
     </span>
    </p>
   </div>
   <div class='ocr_carea' id='block_1_131' title="bbox 2167 3895 3868 3960">
    <p class='ocr_par' dir='ltr' id='par_1_131' title="bbox 2167 3895 3868 3960">
     <span class='ocr_line' id='line_1_132' title="bbox 2167 3895 3868 3960; baseline 0.001 -12"><span class='ocrx_word' id='word_1_1031' title='bbox 2167 3895 2436 3950; x_wconf 89' lang='lat' dir='ltr'>homine:</span> <span class='ocrx_word' id='word_1_1032' title='bbox 2472 3895 2671 3950; x_wconf 90' lang='lat' dir='ltr'>eadem</span> <span class='ocrx_word' id='word_1_1033' title='bbox 2703 3901 2896 3950; x_wconf 89' lang='lat' dir='ltr'>tamen</span> <span class='ocrx_word' id='word_1_1034' title='bbox 2926 3901 2980 3950; x_wconf 90' lang='lat' dir='ltr'>et</span> <span class='ocrx_word' id='word_1_1035' title='bbox 3004 3897 3073 3950; x_wconf 91' lang='lat' dir='ltr'>de</span> <span class='ocrx_word' id='word_1_1036' title='bbox 3099 3898 3333 3950; x_wconf 90' lang='lat' dir='ltr'>homine</span> <span class='ocrx_word' id='word_1_1037' title='bbox 3361 3895 3478 3950; x_wconf 90' lang='lat' dir='ltr'>dici</span> <span class='ocrx_word' id='word_1_1038' title='bbox 3510 3895 3754 3951; x_wconf 82' lang='lat' dir='ltr'>necesse</span> <span class='ocrx_word' id='word_1_1039' title='bbox 3778 3902 3868 3960; x_wconf 77' lang='lat' dir='ltr'>est,</span> 
     </span>
    </p>
   </div>
   <div class='ocr_carea' id='block_1_132' title="bbox 2211 3966 3870 4037">
    <p class='ocr_par' dir='ltr' id='par_1_132' title="bbox 2211 3966 3870 4037">
     <span class='ocr_line' id='line_1_133' title="bbox 2211 3966 3870 4037; baseline -0.001 -17"><span class='ocrx_word' id='word_1_1040' title='bbox 2211 3983 2296 4020; x_wconf 78' lang='lat' dir='ltr'>uae</span> <span class='ocrx_word' id='word_1_1041' title='bbox 2337 3967 2406 4020; x_wconf 91' lang='lat' dir='ltr'>de</span> <span class='ocrx_word' id='word_1_1042' title='bbox 2437 3966 2670 4020; x_wconf 89' lang='lat' dir='ltr'>animali</span> <span class='ocrx_word' id='word_1_1043' title='bbox 2702 3967 2851 4021; x_wconf 90' lang='lat' dir='ltr'>dicta</span> <span class='ocrx_word' id='word_1_1044' title='bbox 2899 3973 3050 4021; x_wconf 89' lang='lat' dir='ltr'>sunt.</span> <span class='ocrx_word' id='word_1_1045' title='bbox 3089 3968 3302 4021; x_wconf 87' lang='lat' dir='ltr'>Deinde</span> <span class='ocrx_word' id='word_1_1046' title='bbox 3341 3983 3475 4037; x_wconf 71' lang='lat' dir='ltr'>quae</span> <span class='ocrx_word' id='word_1_1047' title='bbox 3520 3968 3600 4021; x_wconf 89' lang='lat' dir='ltr'>de</span> <span class='ocrx_word' id='word_1_1048' title='bbox 3650 3969 3870 4021; x_wconf 75' lang='lat' dir='ltr'>homine</span> 
     </span>
    </p>
   </div>
   <div class='ocr_carea' id='block_1_133' title="bbox 2207 4037 3872 4097">
    <p class='ocr_par' dir='ltr' id='par_1_133' title="bbox 2207 4037 3872 4097">
     <span class='ocr_line' id='line_1_134' title="bbox 2207 4037 3872 4097; baseline -0.001 -7"><span class='ocrx_word' id='word_1_1049' title='bbox 2207 4037 2316 4091; x_wconf 88' lang='lat' dir='ltr'>icta</span> <span class='ocrx_word' id='word_1_1050' title='bbox 2345 4038 2571 4097; x_wconf 90' lang='lat' dir='ltr'>fuerint,</span> <span class='ocrx_word' id='word_1_1051' title='bbox 2605 4037 2806 4091; x_wconf 89' lang='lat' dir='ltr'>eadem</span> <span class='ocrx_word' id='word_1_1052' title='bbox 2836 4042 2891 4092; x_wconf 89' lang='lat' dir='ltr'>et</span> <span class='ocrx_word' id='word_1_1053' title='bbox 2917 4039 2985 4092; x_wconf 92' lang='lat' dir='ltr'>de</span> <span class='ocrx_word' id='word_1_1054' title='bbox 3016 4038 3266 4092; x_wconf 89' lang='lat' dir='ltr'>Socrate.</span> <span class='ocrx_word' id='word_1_1055' title='bbox 3299 4039 3537 4092; x_wconf 86' lang='lat' dir='ltr'>Certum</span> <span class='ocrx_word' id='word_1_1056' title='bbox 3569 4045 3771 4093; x_wconf 87' lang='lat' dir='ltr'>autem</span> <span class='ocrx_word' id='word_1_1057' title='bbox 3801 4045 3872 4090; x_wconf 77' lang='lat' dir='ltr'>es:</span> 
     </span>
    </p>
   </div>
   <div class='ocr_carea' id='block_1_134' title="bbox 2167 4107 3867 4177">
    <p class='ocr_par' dir='ltr' id='par_1_134' title="bbox 2167 4107 3867 4177">
     <span class='ocr_line' id='line_1_135' title="bbox 2167 4107 3867 4177; baseline 0.001 -17"><span class='ocrx_word' id='word_1_1058' title='bbox 2167 4107 2452 4162; x_wconf 89' lang='lat' dir='ltr'>Socratem</span> <span class='ocrx_word' id='word_1_1059' title='bbox 2498 4109 2814 4177; x_wconf 87' lang='lat' dir='ltr'>subjectum</span> <span class='ocrx_word' id='word_1_1060' title='bbox 2862 4125 2983 4163; x_wconf 89' lang='lat' dir='ltr'>esse</span> <span class='ocrx_word' id='word_1_1061' title='bbox 3032 4109 3275 4174; x_wconf 89' lang='lat' dir='ltr'>homini,</span> <span class='ocrx_word' id='word_1_1062' title='bbox 3323 4109 3638 4164; x_wconf 86' lang='lat' dir='ltr'>hominem</span> <span class='ocrx_word' id='word_1_1063' title='bbox 3691 4117 3867 4162; x_wconf 80' lang='lat' dir='ltr'>autem</span> 
     </span>
    </p>
   </div>
   <div class='ocr_carea' id='block_1_135' title="bbox 2165 4178 3874 4250">
    <p class='ocr_par' dir='ltr' id='par_1_135' title="bbox 2165 4178 3874 4250">
     <span class='ocr_line' id='line_1_136' title="bbox 2165 4178 3874 4250; baseline -0.001 -19"><span class='ocrx_word' id='word_1_1064' title='bbox 2165 4178 2423 4250; x_wconf 79' lang='lat' dir='ltr'>animali.</span> <span class='ocrx_word' id='word_1_1065' title='bbox 2460 4179 2748 4248; x_wconf 88' lang='lat' dir='ltr'>Quidquid</span> <span class='ocrx_word' id='word_1_1066' title='bbox 2770 4179 3021 4250; x_wconf 90' lang='lat' dir='ltr'>igiturin</span> <span class='ocrx_word' id='word_1_1067' title='bbox 3043 4180 3133 4245; x_wconf 91' lang='lat' dir='ltr'>iis,</span> <span class='ocrx_word' id='word_1_1068' title='bbox 3164 4195 3291 4250; x_wconf 74' lang='lat' dir='ltr'>quze</span> <span class='ocrx_word' id='word_1_1069' title='bbox 3317 4179 3386 4233; x_wconf 89' lang='lat' dir='ltr'>de</span> <span class='ocrx_word' id='word_1_1070' title='bbox 3416 4181 3688 4250; x_wconf 84' lang='lat' dir='ltr'>subjecto</span> <span class='ocrx_word' id='word_1_1071' title='bbox 3716 4180 3874 4250; x_wconf 69' lang='lat' dir='ltr'>signi-</span> 
     </span>
    </p>
   </div>
   <div class='ocr_carea' id='block_1_136' title="bbox 2164 4249 3874 4321">
    <p class='ocr_par' dir='ltr' id='par_1_136' title="bbox 2164 4249 3874 4321">
     <span class='ocr_line' id='line_1_137' title="bbox 2164 4249 3874 4321; baseline 0 -19"><span class='ocrx_word' id='word_1_1072' title='bbox 2164 4249 2426 4321; x_wconf 82' lang='lat' dir='ltr'>ﬁcantur,</span> <span class='ocrx_word' id='word_1_1073' title='bbox 2461 4251 2690 4321; x_wconf 15' lang='lat' dir='ltr'>dictum,</span> <span class='ocrx_word' id='word_1_1074' title='bbox 2719 4249 2908 4312; x_wconf 87' lang='lat' dir='ltr'>fuerit,</span> <span class='ocrx_word' id='word_1_1075' title='bbox 2943 4251 3100 4304; x_wconf 90' lang='lat' dir='ltr'>idem</span> <span class='ocrx_word' id='word_1_1076' title='bbox 3130 4249 3195 4304; x_wconf 84' lang='lat' dir='ltr'>et</span> <span class='ocrx_word' id='word_1_1077' title='bbox 3224 4251 3292 4304; x_wconf 87' lang='lat' dir='ltr'>de</span> <span class='ocrx_word' id='word_1_1078' title='bbox 3325 4251 3417 4313; x_wconf 90' lang='lat' dir='ltr'>iis,</span> <span class='ocrx_word' id='word_1_1079' title='bbox 3456 4249 3599 4321; x_wconf 72' lang='lat' dir='ltr'>quae</span> <span class='ocrx_word' id='word_1_1080' title='bbox 3635 4249 3874 4321; x_wconf 63' lang='lat' dir='ltr'>subjerza</span> 
     </span>
    </p>
   </div>
   <div class='ocr_carea' id='block_1_137' title="bbox 2162 4319 3875 4393">
    <p class='ocr_par' dir='ltr' id='par_1_137' title="bbox 2162 4319 3875 4393">
     <span class='ocr_line' id='line_1_138' title="bbox 2162 4319 3875 4393; baseline 0.001 -20"><span class='ocrx_word' id='word_1_1081' title='bbox 2162 4319 2404 4393; x_wconf 83' lang='lat' dir='ltr'>dicimus</span> <span class='ocrx_word' id='word_1_1082' title='bbox 2433 4320 2854 4393; x_wconf 66' lang='lat' dir='ltr'>praedicabitur.</span> <span class='ocrx_word' id='word_1_1083' title='bbox 2894 4323 3255 4393; x_wconf 83' lang='lat' dir='ltr'>Regulariter</span> <span class='ocrx_word' id='word_1_1084' title='bbox 3284 4319 3492 4375; x_wconf 74' lang='lat' dir='ltr'>autem</span> <span class='ocrx_word' id='word_1_1085' title='bbox 3514 4322 3629 4376; x_wconf 88' lang='lat' dir='ltr'>illa</span> <span class='ocrx_word' id='word_1_1086' title='bbox 3661 4319 3875 4377; x_wconf 68' lang='lat' dir='ltr'>desat—</span> 
     </span>
    </p>
   </div>
   <div class='ocr_carea' id='block_1_138' title="bbox 2156 4390 3871 4463">
    <p class='ocr_par' dir='ltr' id='par_1_138' title="bbox 2156 4390 3871 4463">
     <span class='ocr_line' id='line_1_139' title="bbox 2156 4390 3871 4463; baseline 0.001 -20"><span class='ocrx_word' id='word_1_1087' title='bbox 2156 4390 2305 4460; x_wconf 89' lang='lat' dir='ltr'>jecto</span> <span class='ocrx_word' id='word_1_1088' title='bbox 2363 4391 2775 4461; x_wconf 87' lang='lat' dir='ltr'>signiﬁcantur,</span> <span class='ocrx_word' id='word_1_1089' title='bbox 2830 4390 3128 4463; x_wconf 30' lang='lat' dir='ltr'>quan-per</span> <span class='ocrx_word' id='word_1_1090' title='bbox 3178 4392 3363 4462; x_wconf 88' lang='lat' dir='ltr'>seipsa</span> <span class='ocrx_word' id='word_1_1091' title='bbox 3415 4395 3706 4462; x_wconf 86' lang='lat' dir='ltr'>cognosci</span> <span class='ocrx_word' id='word_1_1092' title='bbox 3771 4410 3871 4446; x_wconf 71' lang='lat' dir='ltr'>non</span> 
     </span>
    </p>
   </div>
   <div class='ocr_carea' id='block_1_139' title="bbox 2160 4463 3868 4534">
    <p class='ocr_par' dir='ltr' id='par_1_139' title="bbox 2160 4463 3868 4534">
     <span class='ocr_line' id='line_1_140' title="bbox 2160 4463 3868 4534; baseline -0.001 -19"><span class='ocrx_word' id='word_1_1093' title='bbox 2160 4468 2420 4534; x_wconf 86' lang='lat' dir='ltr'>possunt,</span> <span class='ocrx_word' id='word_1_1094' title='bbox 2445 4468 2506 4516; x_wconf 91' lang='lat' dir='ltr'>ut</span> <span class='ocrx_word' id='word_1_1095' title='bbox 2525 4463 2736 4516; x_wconf 89' lang='lat' dir='ltr'>animal</span> <span class='ocrx_word' id='word_1_1096' title='bbox 2755 4463 3000 4533; x_wconf 84' lang='lat' dir='ltr'>intelligi</span> <span class='ocrx_word' id='word_1_1097' title='bbox 3029 4480 3142 4517; x_wconf 92' lang='lat' dir='ltr'>non</span> <span class='ocrx_word' id='word_1_1098' title='bbox 3171 4469 3356 4533; x_wconf 88' lang='lat' dir='ltr'>potest</span> <span class='ocrx_word' id='word_1_1099' title='bbox 3378 4464 3494 4517; x_wconf 89' lang='lat' dir='ltr'>nisi</span> <span class='ocrx_word' id='word_1_1100' title='bbox 3515 4465 3598 4518; x_wconf 86' lang='lat' dir='ltr'>de</span> <span class='ocrx_word' id='word_1_1101' title='bbox 3626 4466 3868 4534; x_wconf 56' lang='lat' dir='ltr'>subjecti:</span> 
     </span>
    </p>
   </div>
   <div class='ocr_carea' id='block_1_140' title="bbox 2160 4533 3868 4606">
    <p class='ocr_par' dir='ltr' id='par_1_140' title="bbox 2160 4533 3868 4606">
     <span class='ocr_line' id='line_1_141' title="bbox 2160 4533 3868 4606; baseline -0.002 -17"><span class='ocrx_word' id='word_1_1102' title='bbox 2160 4533 2409 4606; x_wconf 82' lang='lat' dir='ltr'>homine,</span> <span class='ocrx_word' id='word_1_1103' title='bbox 2455 4534 2533 4606; x_wconf 88' lang='lat' dir='ltr'>sic</span> <span class='ocrx_word' id='word_1_1104' title='bbox 2565 4534 2740 4606; x_wconf 86' lang='lat' dir='ltr'>homo</span> <span class='ocrx_word' id='word_1_1105' title='bbox 2769 4535 2985 4588; x_wconf 88' lang='lat' dir='ltr'>adverti</span> <span class='ocrx_word' id='word_1_1106' title='bbox 3015 4551 3124 4588; x_wconf 89' lang='lat' dir='ltr'>non</span> <span class='ocrx_word' id='word_1_1107' title='bbox 3157 4539 3344 4604; x_wconf 88' lang='lat' dir='ltr'>potest</span> <span class='ocrx_word' id='word_1_1108' title='bbox 3373 4534 3490 4587; x_wconf 88' lang='lat' dir='ltr'>nisi</span> <span class='ocrx_word' id='word_1_1109' title='bbox 3519 4536 3602 4589; x_wconf 87' lang='lat' dir='ltr'>de</span> <span class='ocrx_word' id='word_1_1110' title='bbox 3628 4538 3868 4606; x_wconf 59' lang='lat' dir='ltr'>subjects</span> 
     </span>
    </p>
   </div>
   <div class='ocr_carea' id='block_1_141' title="bbox 2159 4603 3865 4684">
    <p class='ocr_par' dir='ltr' id='par_1_141' title="bbox 2159 4603 3865 4684">
     <span class='ocr_line' id='line_1_142' title="bbox 2159 4603 3865 4684; baseline 0 -28"><span class='ocrx_word' id='word_1_1111' title='bbox 2159 4603 2349 4683; x_wconf 76' lang='lat' dir='ltr'>aliquo</span> <span class='ocrx_word' id='word_1_1112' title='bbox 2382 4605 2612 4684; x_wconf 78' lang='lat' dir='ltr'>homine</span> <span class='ocrx_word' id='word_1_1113' title='bbox 2640 4605 3021 4684; x_wconf 78' lang='lat' dir='ltr'>dignoscatur.</span> <span class='ocrx_word' id='word_1_1114' title='bbox 3052 4603 3208 4659; x_wconf 86' lang='lat' dir='ltr'>Nunc</span> <span class='ocrx_word' id='word_1_1115' title='bbox 3235 4605 3517 4684; x_wconf 78' lang='lat' dir='ltr'>quoniam</span> <span class='ocrx_word' id='word_1_1116' title='bbox 3552 4603 3865 4684; x_wconf 52' lang='lat' dir='ltr'>defaiegs-</span> 
     </span>
    </p>
   </div>
   <div class='ocr_carea' id='block_1_142' title="bbox 2158 4674 3864 4746">
    <p class='ocr_par' dir='ltr' id='par_1_142' title="bbox 2158 4674 3864 4746">
     <span class='ocr_line' id='line_1_143' title="bbox 2158 4674 3864 4746; baseline 0.001 -19"><span class='ocrx_word' id='word_1_1117' title='bbox 2158 4674 2375 4746; x_wconf 77' lang='lat' dir='ltr'>riarum</span> <span class='ocrx_word' id='word_1_1118' title='bbox 2407 4675 2668 4730; x_wconf 90' lang='lat' dir='ltr'>omnium</span> <span class='ocrx_word' id='word_1_1119' title='bbox 2697 4674 3003 4746; x_wconf 87' lang='lat' dir='ltr'>generibus</span> <span class='ocrx_word' id='word_1_1120' title='bbox 3033 4681 3090 4730; x_wconf 89' lang='lat' dir='ltr'>et</span> <span class='ocrx_word' id='word_1_1121' title='bbox 3121 4674 3420 4745; x_wconf 87' lang='lat' dir='ltr'>speciebus</span> <span class='ocrx_word' id='word_1_1122' title='bbox 3456 4682 3510 4729; x_wconf 90' lang='lat' dir='ltr'>et</span> <span class='ocrx_word' id='word_1_1123' title='bbox 3548 4674 3864 4732; x_wconf 62' lang='lat' dir='ltr'>differ-eatis</span> 
     </span>
    </p>
   </div>
   <div class='ocr_carea' id='block_1_143' title="bbox 2156 4745 3864 4822">
    <p class='ocr_par' dir='ltr' id='par_1_143' title="bbox 2156 4745 3864 4822">
     <span class='ocr_line' id='line_1_144' title="bbox 2156 4745 3864 4822; baseline -0.002 -23"><span class='ocrx_word' id='word_1_1124' title='bbox 2156 4745 2448 4800; x_wconf 88' lang='lat' dir='ltr'>locuturus</span> <span class='ocrx_word' id='word_1_1125' title='bbox 2477 4751 2601 4822; x_wconf 82' lang='lat' dir='ltr'>_e_st,</span> <span class='ocrx_word' id='word_1_1126' title='bbox 2645 4745 3091 4822; x_wconf 69' lang='lat' dir='ltr'>inSpiciendu_m_</span> <span class='ocrx_word' id='word_1_1127' title='bbox 3123 4747 3280 4822; x_wconf 82' lang='lat' dir='ltr'>prius</span> <span class='ocrx_word' id='word_1_1128' title='bbox 3325 4746 3600 4822; x_wconf 71' lang='lat' dir='ltr'>videtur._</span> <span class='ocrx_word' id='word_1_1129' title='bbox 3624 4750 3771 4822; x_wconf 87' lang='lat' dir='ltr'>quid</span> <span class='ocrx_word' id='word_1_1130' title='bbox 3815 4749 3864 4797; x_wconf 62' lang='lat' dir='ltr'>sit</span> 
     </span>
    </p>
   </div>
   <div class='ocr_carea' id='block_1_144' title="bbox 2156 4817 3860 4901">
    <p class='ocr_par' dir='ltr' id='par_1_144' title="bbox 2156 4817 3860 4901">
     <span class='ocr_line' id='line_1_145' title="bbox 2156 4817 3860 4901; baseline 0.002 -31"><span class='ocrx_word' id='word_1_1131' title='bbox 2156 4832 2359 4901; x_wconf 76' lang='lat' dir='ltr'>genus,</span> <span class='ocrx_word' id='word_1_1132' title='bbox 2393 4817 2801 4901; x_wconf 42' lang='lat' dir='ltr'>quid‘species,‘</span> <span class='ocrx_word' id='word_1_1133' title='bbox 2817 4818 2961 4901; x_wconf 81' lang='lat' dir='ltr'>quid</span> <span class='ocrx_word' id='word_1_1134' title='bbox 2986 4817 3326 4901; x_wconf 67' lang='lat' dir='ltr'>differentia.</span> <span class='ocrx_word' id='word_1_1135' title='bbox 3353 4818 3560 4901; x_wconf 75' lang='lat' dir='ltr'>Genus</span> <span class='ocrx_word' id='word_1_1136' title='bbox 3587 4817 3778 4901; x_wconf 60' lang='lat' dir='ltr'>igitur</span> <span class='ocrx_word' id='word_1_1137' title='bbox 3801 4827 3860 4897; x_wconf 52' lang='lat' dir='ltr'>est</span> 
     </span>
    </p>
   </div>
   <div class='ocr_carea' id='block_1_145' title="bbox 2156 4888 3858 4962">
    <p class='ocr_par' dir='ltr' id='par_1_145' title="bbox 2156 4888 3858 4962">
     <span class='ocr_line' id='line_1_146' title="bbox 2156 4888 3858 4962; baseline -0.003 -20"><span class='ocrx_word' id='word_1_1138' title='bbox 2156 4890 2308 4958; x_wconf 93' lang='lat' dir='ltr'>quod</span> <span class='ocrx_word' id='word_1_1139' title='bbox 2338 4888 2656 4962; x_wconf 76' lang='lat' dir='ltr'>secundum</span> <span class='ocrx_word' id='word_1_1140' title='bbox 2687 4888 2877 4962; x_wconf 78' lang='lat' dir='ltr'>multa</span> <span class='ocrx_word' id='word_1_1141' title='bbox 2898 4893 2969 4962; x_wconf 69' lang='lat' dir='ltr'>_et</span> <span class='ocrx_word' id='word_1_1142' title='bbox 3011 4889 3351 4954; x_wconf 69' lang='lat' dir='ltr'>differentia,</span> <span class='ocrx_word' id='word_1_1143' title='bbox 3397 4890 3548 4962; x_wconf 84' lang='lat' dir='ltr'>quid</span> <span class='ocrx_word' id='word_1_1144' title='bbox 3588 4888 3671 4945; x_wconf 81' lang='lat' dir='ltr'>sit</span> <span class='ocrx_word' id='word_1_1145' title='bbox 3701 4890 3858 4962; x_wconf 63' lang='lat' dir='ltr'>speci:</span> 
     </span>
    </p>
   </div>
   <div class='ocr_carea' id='block_1_146' title="bbox 2155 4959 3854 5029">
    <p class='ocr_par' dir='ltr' id='par_1_146' title="bbox 2155 4959 3854 5029">
     <span class='ocr_line' id='line_1_147' title="bbox 2155 4959 3854 5029; baseline 0.001 -17"><span class='ocrx_word' id='word_1_1146' title='bbox 2155 4959 2475 5013; x_wconf 90' lang='lat' dir='ltr'>ostenditur</span> <span class='ocrx_word' id='word_1_1147' title='bbox 2519 4965 2689 5029; x_wconf 90' lang='lat' dir='ltr'>atque</span> <span class='ocrx_word' id='word_1_1148' title='bbox 2735 4959 3109 5029; x_wconf 88' lang='lat' dir='ltr'>signiﬁcatur,</span> <span class='ocrx_word' id='word_1_1149' title='bbox 3159 4963 3222 5013; x_wconf 89' lang='lat' dir='ltr'>ut</span> <span class='ocrx_word' id='word_1_1150' title='bbox 3269 4964 3353 5012; x_wconf 89' lang='lat' dir='ltr'>est</span> <span class='ocrx_word' id='word_1_1151' title='bbox 3404 4960 3556 5013; x_wconf 84' lang='lat' dir='ltr'>nsia-</span> <span class='ocrx_word' id='word_1_1152' title='bbox 3630 4959 3854 5018; x_wconf 47' lang='lat' dir='ltr'>Om’niss</span> 
     </span>
    </p>
   </div>
   <div class='ocr_carea' id='block_1_147' title="bbox 2153 5029 3856 5099">
    <p class='ocr_par' dir='ltr' id='par_1_147' title="bbox 2153 5029 3856 5099">
     <span class='ocr_line' id='line_1_148' title="bbox 2153 5029 3856 5099; baseline -0.001 -17"><span class='ocrx_word' id='word_1_1153' title='bbox 2153 5031 2388 5099; x_wconf 90' lang='lat' dir='ltr'>quidem</span> <span class='ocrx_word' id='word_1_1154' title='bbox 2436 5029 2600 5084; x_wconf 89' lang='lat' dir='ltr'>usian</span> <span class='ocrx_word' id='word_1_1155' title='bbox 2650 5029 2935 5084; x_wconf 91' lang='lat' dir='ltr'>dicimus:</span> <span class='ocrx_word' id='word_1_1156' title='bbox 2990 5030 3086 5084; x_wconf 91' lang='lat' dir='ltr'>sed</span> <span class='ocrx_word' id='word_1_1157' title='bbox 3136 5030 3241 5084; x_wconf 91' lang='lat' dir='ltr'>hoc</span> <span class='ocrx_word' id='word_1_1158' title='bbox 3285 5045 3622 5087; x_wconf 88' lang='lat' dir='ltr'>commune</span> <span class='ocrx_word' id='word_1_1159' title='bbox 3668 5046 3856 5088; x_wconf 68' lang='lat' dir='ltr'>nume:</span> 
     </span>
    </p>
   </div>
   <div class='ocr_carea' id='block_1_148' title="bbox 2151 5101 3852 5176">
    <p class='ocr_par' dir='ltr' id='par_1_148' title="bbox 2151 5101 3852 5176">
     <span class='ocr_line' id='line_1_149' title="bbox 2151 5101 3852 5176; baseline 0.001 -22"><span class='ocrx_word' id='word_1_1160' title='bbox 2151 5101 2340 5176; x_wconf 73' lang='lat' dir='ltr'>specie</span> <span class='ocrx_word' id='word_1_1161' title='bbox 2371 5106 2684 5170; x_wconf 89' lang='lat' dir='ltr'>separatur,</span> <span class='ocrx_word' id='word_1_1162' title='bbox 2717 5117 2846 5176; x_wconf 79' lang='lat' dir='ltr'>cum</span> <span class='ocrx_word' id='word_1_1163' title='bbox 2902 5101 3143 5176; x_wconf 87' lang='lat' dir='ltr'>dicimus</span> <span class='ocrx_word' id='word_1_1164' title='bbox 3189 5101 3404 5176; x_wconf 77' lang='lat' dir='ltr'>animat</span> <span class='ocrx_word' id='word_1_1165' title='bbox 3458 5104 3558 5156; x_wconf 90' lang='lat' dir='ltr'>vel</span> <span class='ocrx_word' id='word_1_1166' title='bbox 3600 5106 3852 5176; x_wconf 67' lang='lat' dir='ltr'>lapidem</span> 
     </span>
    </p>
   </div>
   <div class='ocr_carea' id='block_1_149' title="bbox 2151 5171 3858 5244">
    <p class='ocr_par' dir='ltr' id='par_1_149' title="bbox 2151 5171 3858 5244">
     <span class='ocr_line' id='line_1_150' title="bbox 2151 5171 3858 5244; baseline 0.002 -19"><span class='ocrx_word' id='word_1_1167' title='bbox 2151 5171 2234 5225; x_wconf 89' lang='lat' dir='ltr'>Ita</span> <span class='ocrx_word' id='word_1_1168' title='bbox 2264 5172 2326 5225; x_wconf 89' lang='lat' dir='ltr'>ﬁt</span> <span class='ocrx_word' id='word_1_1169' title='bbox 2359 5177 2417 5225; x_wconf 90' lang='lat' dir='ltr'>ut</span> <span class='ocrx_word' id='word_1_1170' title='bbox 2446 5188 2561 5244; x_wconf 84' lang='lat' dir='ltr'>uno</span> <span class='ocrx_word' id='word_1_1171' title='bbox 2593 5173 2758 5244; x_wconf 86' lang='lat' dir='ltr'>quasi</span> <span class='ocrx_word' id='word_1_1172' title='bbox 2787 5173 3091 5243; x_wconf 87' lang='lat' dir='ltr'>conjuncta</span> <span class='ocrx_word' id='word_1_1173' title='bbox 3131 5172 3430 5238; x_wconf 89' lang='lat' dir='ltr'>vocabulo,</span> <span class='ocrx_word' id='word_1_1174' title='bbox 3473 5171 3685 5244; x_wconf 80' lang='lat' dir='ltr'>specie</span> <span class='ocrx_word' id='word_1_1175' title='bbox 3715 5191 3858 5243; x_wconf 50' lang='lat' dir='ltr'>seps:-</span> 
     </span>
    </p>
   </div>
   <div class='ocr_carea' id='block_1_150' title="bbox 2148 5243 3858 5308">
    <p class='ocr_par' dir='ltr' id='par_1_150' title="bbox 2148 5243 3858 5308">
     <span class='ocr_line' id='line_1_151' title="bbox 2148 5243 3858 5308; baseline 0 -13"><span class='ocrx_word' id='word_1_1176' title='bbox 2148 5248 2367 5296; x_wconf 87' lang='lat' dir='ltr'>rentur.</span> <span class='ocrx_word' id='word_1_1177' title='bbox 2404 5243 2732 5296; x_wconf 78' lang='lat' dir='ltr'>Differentia</span> <span class='ocrx_word' id='word_1_1178' title='bbox 2762 5260 2896 5297; x_wconf 86' lang='lat' dir='ltr'>vero</span> <span class='ocrx_word' id='word_1_1179' title='bbox 2929 5249 3032 5308; x_wconf 90' lang='lat' dir='ltr'>est,</span> <span class='ocrx_word' id='word_1_1180' title='bbox 3065 5259 3194 5308; x_wconf 69' lang='lat' dir='ltr'>quae</span> <span class='ocrx_word' id='word_1_1181' title='bbox 3223 5243 3556 5299; x_wconf 88' lang='lat' dir='ltr'>secundum</span> <span class='ocrx_word' id='word_1_1182' title='bbox 3611 5248 3794 5301; x_wconf 72' lang='lat' dir='ltr'>multa</span> <span class='ocrx_word' id='word_1_1183' title='bbox 3820 5257 3858 5295; x_wconf 67' lang='grc' dir='ltr'>ετ</span> 
     </span>
    </p>
   </div>
   <div class='ocr_carea' id='block_1_151' title="bbox 2149 5313 3858 5389">
    <p class='ocr_par' dir='ltr' id='par_1_151' title="bbox 2149 5313 3858 5389">
     <span class='ocr_line' id='line_1_152' title="bbox 2149 5313 3858 5389; baseline -0.001 -22"><span class='ocrx_word' id='word_1_1184' title='bbox 2149 5313 2492 5379; x_wconf 79' lang='lat' dir='ltr'>differentia,</span> <span class='ocrx_word' id='word_1_1185' title='bbox 2543 5330 2656 5367; x_wconf 90' lang='lat' dir='ltr'>non</span> <span class='ocrx_word' id='word_1_1186' title='bbox 2687 5313 2823 5389; x_wconf 80' lang='lat' dir='ltr'>quid</span> <span class='ocrx_word' id='word_1_1187' title='bbox 2869 5314 2958 5380; x_wconf 90' lang='lat' dir='ltr'>sit,</span> <span class='ocrx_word' id='word_1_1188' title='bbox 3004 5313 3102 5367; x_wconf 88' lang='lat' dir='ltr'>sed</span> <span class='ocrx_word' id='word_1_1189' title='bbox 3133 5315 3301 5384; x_wconf 88' lang='lat' dir='ltr'>quale</span> <span class='ocrx_word' id='word_1_1190' title='bbox 3335 5313 3399 5389; x_wconf 83' lang='lat' dir='ltr'>ﬁt</span> <span class='ocrx_word' id='word_1_1191' title='bbox 3431 5318 3643 5389; x_wconf 77' lang='lat' dir='ltr'>specie</span> <span class='ocrx_word' id='word_1_1192' title='bbox 3677 5316 3858 5389; x_wconf 58' lang='lat' dir='ltr'>pradi-</span> 
     </span>
    </p>
   </div>
   <div class='ocr_carea' id='block_1_152' title="bbox 2147 5385 3856 5460">
    <p class='ocr_par' dir='ltr' id='par_1_152' title="bbox 2147 5385 3856 5460">
     <span class='ocr_line' id='line_1_153' title="bbox 2147 5385 3856 5460; baseline -0.003 -22"><span class='ocrx_word' id='word_1_1193' title='bbox 2147 5391 2326 5460; x_wconf 77' lang='lat' dir='ltr'>catur,</span> <span class='ocrx_word' id='word_1_1194' title='bbox 2370 5389 2432 5437; x_wconf 91' lang='lat' dir='ltr'>ut</span> <span class='ocrx_word' id='word_1_1195' title='bbox 2482 5390 2567 5460; x_wconf 78' lang='lat' dir='ltr'>est</span> <span class='ocrx_word' id='word_1_1196' title='bbox 2615 5385 2824 5460; x_wconf 75' lang='lat' dir='ltr'>animal</span> <span class='ocrx_word' id='word_1_1197' title='bbox 2874 5391 3218 5454; x_wconf 89' lang='lat' dir='ltr'>gressutum,</span> <span class='ocrx_word' id='word_1_1198' title='bbox 3266 5385 3529 5460; x_wconf 69' lang='lat' dir='ltr'>volatile,</span> <span class='ocrx_word' id='word_1_1199' title='bbox 3596 5385 3856 5460; x_wconf 59' lang='lat' dir='ltr'>aquatile.</span> 
     </span>
    </p>
   </div>
   <div class='ocr_carea' id='block_1_153' title="bbox 2143 5454 3860 5529">
    <p class='ocr_par' dir='ltr' id='par_1_153' title="bbox 2143 5454 3860 5529">
     <span class='ocr_line' id='line_1_154' title="bbox 2143 5454 3860 5529; baseline -0.001 -21"><span class='ocrx_word' id='word_1_1200' title='bbox 2143 5454 2326 5529; x_wconf 81' lang='lat' dir='ltr'>bipes,</span> <span class='ocrx_word' id='word_1_1201' title='bbox 2374 5456 2721 5529; x_wconf 84' lang='lat' dir='ltr'>quadrupes,</span> <span class='ocrx_word' id='word_1_1202' title='bbox 2773 5456 2961 5510; x_wconf 85' lang='lat' dir='ltr'>Genus</span> <span class='ocrx_word' id='word_1_1203' title='bbox 3007 5472 3142 5529; x_wconf 84' lang='lat' dir='ltr'>ergo</span> <span class='ocrx_word' id='word_1_1204' title='bbox 3183 5460 3240 5529; x_wconf 81' lang='lat' dir='ltr'>et</span> <span class='ocrx_word' id='word_1_1205' title='bbox 3293 5454 3860 5529; x_wconf 50' lang='lat' dir='ltr'>differentia-speci:</span> 
     </span>
    </p>
   </div>
   <div class='ocr_carea' id='block_1_154' title="bbox 2143 5525 3860 5596">
    <p class='ocr_par' dir='ltr' id='par_1_154' title="bbox 2143 5525 3860 5596">
     <span class='ocr_line' id='line_1_155' title="bbox 2143 5525 3860 5596; baseline 0.001 -19"><span class='ocrx_word' id='word_1_1206' title='bbox 2143 5525 2555 5594; x_wconf 82' lang='lat' dir='ltr'>signiﬁcantur.</span> <span class='ocrx_word' id='word_1_1207' title='bbox 2595 5525 2701 5580; x_wconf 92' lang='lat' dir='ltr'>Sed</span> <span class='ocrx_word' id='word_1_1208' title='bbox 2735 5542 2915 5595; x_wconf 86' lang='lat' dir='ltr'>genus</span> <span class='ocrx_word' id='word_1_1209' title='bbox 2963 5527 3103 5596; x_wconf 91' lang='lat' dir='ltr'>quid</span> <span class='ocrx_word' id='word_1_1210' title='bbox 3151 5527 3240 5593; x_wconf 90' lang='lat' dir='ltr'>sit,</span> <span class='ocrx_word' id='word_1_1211' title='bbox 3290 5526 3640 5584; x_wconf 80' lang='lat' dir='ltr'>dill&#39;erentia</span> <span class='ocrx_word' id='word_1_1212' title='bbox 3682 5525 3860 5583; x_wconf 67' lang='lat' dir='ltr'>ante:</span> 
     </span>
    </p>
   </div>
   <div class='ocr_carea' id='block_1_155' title="bbox 2143 5596 3858 5667">
    <p class='ocr_par' dir='ltr' id='par_1_155' title="bbox 2143 5596 3858 5667">
     <span class='ocr_line' id='line_1_156' title="bbox 2143 5596 3858 5667; baseline 0.002 -19"><span class='ocrx_word' id='word_1_1213' title='bbox 2143 5597 2327 5666; x_wconf 89' lang='lat' dir='ltr'>qualis</span> <span class='ocrx_word' id='word_1_1214' title='bbox 2358 5596 2427 5650; x_wconf 90' lang='lat' dir='ltr'>sit</span> <span class='ocrx_word' id='word_1_1215' title='bbox 2472 5597 2658 5666; x_wconf 90' lang='lat' dir='ltr'>specie</span> <span class='ocrx_word' id='word_1_1216' title='bbox 2703 5601 2942 5665; x_wconf 90' lang='lat' dir='ltr'>possunt</span> <span class='ocrx_word' id='word_1_1217' title='bbox 2972 5597 3221 5666; x_wconf 87' lang='lat' dir='ltr'>agnosci.</span> <span class='ocrx_word' id='word_1_1218' title='bbox 3255 5597 3491 5667; x_wconf 88' lang='lat' dir='ltr'>Species</span> <span class='ocrx_word' id='word_1_1219' title='bbox 3523 5607 3736 5656; x_wconf 85' lang='lat' dir='ltr'>autem</span> 
     </span>
    </p>
   </div>
   <div class='ocr_carea' id='block_1_156' title="bbox 2141 5667 3862 5738">
    <p class='ocr_par' dir='ltr' id='par_1_156' title="bbox 2141 5667 3862 5738">
     <span class='ocr_line' id='line_1_157' title="bbox 2141 5667 3862 5738; baseline -0.001 -17"><span class='ocrx_word' id='word_1_1220' title='bbox 2141 5683 2312 5738; x_wconf 87' lang='lat' dir='ltr'>quam</span> <span class='ocrx_word' id='word_1_1221' title='bbox 2333 5667 2566 5738; x_wconf 89' lang='lat' dir='ltr'>quidam</span> <span class='ocrx_word' id='word_1_1222' title='bbox 2579 5667 2891 5722; x_wconf 87' lang='lat' dir='ltr'>etformam</span> <span class='ocrx_word' id='word_1_1223' title='bbox 2912 5673 3134 5731; x_wconf 90' lang='lat' dir='ltr'>vocant,</span> <span class='ocrx_word' id='word_1_1224' title='bbox 3161 5684 3289 5738; x_wconf 60' lang='lat' dir='ltr'>quis</span> <span class='ocrx_word' id='word_1_1225' title='bbox 3319 5671 3665 5728; x_wconf 88' lang='lat' dir='ltr'>secundum</span> <span class='ocrx_word' id='word_1_1226' title='bbox 3691 5673 3862 5726; x_wconf 59' lang='lat' dir='ltr'>multa</span> 
     </span>
    </p>
   </div>
   <div class='ocr_carea' id='block_1_157' title="bbox 2140 5738 3860 5818">
    <p class='ocr_par' dir='ltr' id='par_1_157' title="bbox 2140 5738 3860 5818">
     <span class='ocr_line' id='line_1_158' title="bbox 2140 5738 3860 5818; baseline 0.003 -27"><span class='ocrx_word' id='word_1_1227' title='bbox 2140 5743 2195 5792; x_wconf 82' lang='lat' dir='ltr'>et</span> <span class='ocrx_word' id='word_1_1228' title='bbox 2229 5738 2569 5806; x_wconf 77' lang='lat' dir='ltr'>differentia,</span> <span class='ocrx_word' id='word_1_1229' title='bbox 2603 5739 2740 5808; x_wconf 77' lang='lat' dir='ltr'>quid</span> <span class='ocrx_word' id='word_1_1230' title='bbox 2783 5740 2856 5794; x_wconf 92' lang='lat' dir='ltr'>sit</span> <span class='ocrx_word' id='word_1_1231' title='bbox 2885 5755 3124 5795; x_wconf 89' lang='lat' dir='ltr'>numero</span> <span class='ocrx_word' id='word_1_1232' title='bbox 3152 5739 3510 5810; x_wconf 62' lang='lat' dir='ltr'>praedicatur</span> <span class='ocrx_word' id='word_1_1233' title='bbox 3549 5750 3740 5818; x_wconf 80' lang='lat' dir='ltr'>atque</span> <span class='ocrx_word' id='word_1_1234' title='bbox 3775 5759 3860 5796; x_wconf 66' lang='lat' dir='ltr'>ca-</span> 
     </span>
    </p>
   </div>
  </div>
