4014 6164
356 239 490 294 1427

351 363 470 418 solo
496 380 510 418 :
545 377 681 417 nam
711 365 762 416 et
785 361 1030 433 pecudes
1057 361 1251 416 cibum
1273 363 1522 433 capiunt,
1550 367 1604 416 et
1624 362 1759 417 ferae
1789 366 2048 418 currunt.

351 435 582 501 Quarto,
617 450 719 487 nec
749 433 809 486 in
839 434 982 501 solo,
1013 449 1116 486 nec
1145 433 1413 505 inomni,
1439 437 1501 487 ut
1532 434 1578 486 si
1611 434 1738 505 quis
1769 434 1828 488 in
1859 435 2049 488 homi-

352 506 442 561 nis
479 505 812 560 detinitione
845 505 903 558 id
931 520 1050 557 esse
1082 504 1378 558 hominem
1425 505 1594 570 dicat,
1637 504 1807 575 quod
1857 507 2052 560 album

357 581 472 643 est;
505 593 610 630 nec
634 576 695 629 in
724 577 864 641 solo,
895 591 1000 628 nec
1030 575 1088 628 in
1137 575 1294 646 omni
1343 579 1444 630 est.
1495 575 1694 646 Neque
1744 577 1899 630 enim
1955 581 2054 630 aut

353 647 528 702 homo
560 648 710 700 solus
731 646 1007 700 candidus
1029 645 1337 710 invenitur,
1371 651 1426 699 et
1453 662 1567 700 non
1588 645 1691 700 bos
1720 652 1818 701 aut
1846 664 2052 717 equus,

355 724 456 772 aut
484 718 670 790 omnis
698 717 872 790 homo
904 717 1065 770 albus
1093 721 1193 790 est.
1232 718 1350 771 Duo
1368 733 1502 788 ergo
1534 723 1684 784 sunt,
1719 735 1848 790 qua1
1875 719 1947 772 ad
1965 720 2053 772 in-

354 789 763 861 vestigandum
784 788 1036 861 aliquam
1081 788 1232 842 viam
1280 793 1602 842 monstrant
1633 795 1712 861 get
1737 788 1880 856 duo,
1926 805 2052 861 quae

356 864 574 914 certum
592 858 808 931 aliquid
835 858 1157 931 signiﬁcare
1179 875 1296 931 non
1315 865 1568 930 possunt.
1590 859 1646 914 1d
1673 861 1827 931 quod
1849 858 2056 915 est'nec

358 931 419 986 in
449 931 590 994 solo,
625 929 797 983 necin
820 929 996 994 omni,
1015 929 1155 983 nihil
1179 946 1245 983 ex
1273 929 1380 984 huc
1401 929 1707 999 possumus
1725 948 2052 1001 agnoscere;

357 1001 641 1071 siquidem
667 1001 934 1070 generale
967 1004 1071 1053 est.
1101 1002 1357 1054 Alterum
1389 1001 1449 1054 in
1480 1003 1657 1068 omni,
1693 1019 1805 1056 non
1825 1003 1883 1056 in
1911 1003 2052 1069 solo,

358 1087 476 1126 non
508 1071 677 1125 habet
727 1071 1144 1136 differentiam;
1179 1078 1595 1142 proptereaque
1655 1073 1916 1127 similiter
1968 1091 2056 1126 re-

358 1143 817 1214 spuendumiest:
875 1144 994 1196 Duo
1027 1147 1159 1196 sunt
1190 1144 1442 1213 reliqua;
1497 1160 1624 1214 qua:
1655 1145 1824 1198 certis
1858 1145 2055 1214 signis,

360 1214 414 1268 id
447 1214 506 1267 in
538 1227 650 1283 quo
675 1212 909 1275 fuerint,
944 1218 1212 1283 poterunt
1235 1212 1644 1277 demonstrare,
1679 1215 1734 1269 id
1755 1221 1838 1270 est
1860 1212 2058 1269 in'solo

361 1289 418 1339 et
442 1285 502 1338 in
532 1283 710 1338 omni.
739 1284 1000 1356 Dubitari
1017 1284 1170 1356 enim
1199 1301 1316 1338 non
1347 1289 1556 1354 potest,
1586 1286 1724 1356 quin
1755 1303 1884 1340 cum
1908 1287 2060 1340 inve-

360 1355 535 1418 neris,
568 1355 908 1427 pronunties
939 1355 1170 1427 quidsit
1198 1356 1276 1422 id,
1309 1357 1368 1409 in
1398 1373 1511 1426 quo
1542 1355 1724 1410 inesse
1767 1357 2059 1427 cognosci-

361 1431 475 1506 tur.
497 1427 864 1508 Alterum‘est
889 1425 948 1478 in
980 1426 1120 1489 solo,
1174 1443 1289 1479 non
1331 1427 1389 1479 in
1416 1425 1604 1508 omni,
1625 1497 1640 1508 ‘
1659 1444 1783 1508 non,
1825 1425 2060 1508 quidem

364 1496 590 1551 virtutis
622 1496 897 1568 ejusdem,
950 1501 1346 1568 verumtamen
1377 1498 1529 1568 quod
1576 1497 1644 1551 ad
1679 1496 2061 1552 deliniendam

364 1582 512 1639 rem_
544 1566 859 1639 necessario
891 1567 1267 1639 quaerendum
1297 1566 1409 1639 sit,
1431 1567 1476 1620 si
1504 1569 1756 1638 primum
1807 1586 1923 1623 non
1956 1586 2064 1639 po-

367 1636 542 1709 tuerit
571 1636 1033 1709 invenirirNunc
1064 1637 1239 1708 igitur
1270 1643 1334 1709 ut
1379 1636 1639 1709 designet
1687 1641 1870 1706 usian,
1903 1636 1974 1694 ab
2002 1641 2063 1694 in

367 1707 546 1774 omni,
561 1707 758 1779 nonin
780 1707 1299 1779 soloargumentari
1320 1707 1538 1779 incipit,
1561 1727 1690 1764 cum
1713 1711 2066 1765 demonstrat

367 1793 488 1849 esse
518 1778 794 1849 secundas
819 1777 995 1849 usias,
1011 1795 1164 1849 quas
1191 1779 1401 1833 idcirco
1429 1777 1707 1834 secundas
1757 1782 1894 1836 dicit
1919 1798 2060 1848 esse,

367 1848 504 1920 quia
527 1847 686 1922 idin
712 1848 801 1902 his
829 1847 1074 1922 inveniri
1101 1850 1332 1920 poterit,
1365 1852 1516 1920 quod
1548 1851 1606 1905 in
1636 1853 1856 1922 primis.
1891 1847 2060 1907 Denié

368 1918 479 1990 que
510 1918 646 1974 dicit
674 1935 978 1974 commune
1012 1918 1118 1974 hoc
1147 1937 1266 1974 esse
1298 1918 1531 1976 cui—libet
1564 1918 1718 1990 usise,
1753 1929 1815 1976 ut
1835 1923 1894 1977 in
1925 1925 2059 1978 sub-

360 1991 511 2065 jecto
541 2006 666 2065 non
689 1990 780 2044 sit.
816 1991 958 2065 Cum
988 1990 1164 2062 igitur
1193 2008 1294 2065 nee
1348 2009 1529 2063 genus
1577 2009 1680 2048 nec
1735 1994 1950 2065 species
2004 1994 2066 2048 in

368 2060 624 2131 subjecto
652 2060 1038 2128 inveniantur,
1097 2060 1463 2118 manifestum
1512 2069 1596 2118 est
1623 2066 1745 2119 haec
1763 2060 2066 2119 secundas

365 2131 522 2186 usias
554 2131 1115 2206 deberenominarir
1143 2135 1356 2206 Deinde
1385 2135 1519 2188 hinc
1557 2152 1787 2206 quoque
1819 2136 2068 2190 ostendit

367 2209 619 2278 genuset
635 2203 882 2278 speciem
911 2205 1188 2278 secundas
1209 2205 1361 2258 usias
1383 2222 1523 2278 esse,
1551 2203 1920 2277 quod—omnia
1936 2223 2066 2278 quae

368 2278 502 2348 sunt
530 2274 591 2328 in
621 2274 896 2348 subjecto,
923 2290 1056 2329 cum
1086 2275 1154 2328 iis
1195 2293 1323 2347 quae
1356 2276 1462 2332 sibi
1489 2274 1744 2348 subjecta
1795 2274 2067 2346 suntfin-

368 2345 599 2420 terdum
621 2346 807 2398 solum
840 2361 1068 2420 nomen,
1099 2345 1433 2401 non'tamen
1461 2345 1808 2420 etra'tionem
1829 2353 2068 2420 possunt

367 2415 579 2488 habere
604 2431 998 2488 _communem.
1022 2417 1208 2488 Genus
1234 2422 1424 2472 autem
1454 2423 1509 2472 et
1532 2419 1748 2488 species
1776 2415 1906 2474 enim
1941 2421 2069 2472 sub-

371 2485 622 2556 jectis,id
645 2491 869 2556 estcum
900 2485 1092 2556 aliquo
1126 2487 1356 2541 homine
1369 2485 1581 2542 certam
1630 2495 1686 2544 et
1710 2491 2064 2545 rationisha-

406 2560 504 2630 ent
557 2555 809 2630 nominis
853 2555 1213 2630 societatemr
1254 2559 1572 2630 monstratis
1623 2577 1760 2630 ergo
1805 2561 2067 2615 secundis

367 2625 526 2693 usiis,
553 2626 614 2680 id
638 2630 722 2698 est
747 2642 955 2698 genere
981 2632 1038 2680 et
1065 2628 1272 2697 specie,
1295 2629 1616 2684 dill‘erentia
1646 2625 1766 2685 lea
1796 2633 2064 2698 restabat,

365 2713 497 2823 quae
526 2697 909 2751 consideranti
938 2699 1288 2769 diligentius,
1343 2701 1506 2771 quasi
1547 2703 1806 2756 accidens
1836 2719 1955 2758 esse
1984 2697 2066 2757 vi?

405 2773 551 2822 etur.
586 2767 882 2823 Siauidem
907 2767 1070 2823 bines
1100 2771 1186 2823 vel
1218 2773 1456 2823 mortale
1492 2773 1577 2823 vel
1630 2773 1906 2823 rationale
1936 2791 2065 2823 cum

405 2773 551 2822 etur.
586 2767 882 2838 Siquidem
907 2767 1070 2839 bipes
1100 2771 1186 2824 vel
1218 2767 1456 2826 mortale
1492 2773 1577 2826 vel
1630 2773 1906 2828 rationale
1936 2791 2066 2828 cum

367 2839 581 2893 animal
607 2839 841 2914 dicitur,
867 2854 988 2894 non
1015 2839 1271 2914 quidsit,
1305 2843 1603 2914 sedquale
1634 2843 1706 2899 sit
1731 2845 1921 2914 potius
1959 2846 2062 2900 de-

368 2915 740 2987 monstratur,
774 2909 1049 2987 _ideoque'
1093 2909 1314 2987 videtur
1369 2909 1483 2987 vim
1536 2909 2068 2987 tenere—qualitatis.

370 2982 580 3036 Verum
602 2981 830 3053 quando
854 2998 886 3035 a
909 2998 1116 3052 genere
1144 2983 1329 3052 prima
1361 2985 1543 3039 oritur
1563 2981 1902 3053 differentia,
1928 2992 1983 3042 et
1995 2988 2073 3041 sic

369 3052 628 3124 sequitur
652 3052 896 3124 species,
929 3053 988 3107 in
1015 3054 1398 3110 accidentibus
1420 3072 1534 3110 non
1563 3057 1732 3111 debet
1756 3052 2068 3114 numerari.

366 3123 553 3200 Atque
611 3123 1126 3200 ideohAristoteles
1183 3141 1310 3200 eam
1363 3127 1779 3200 significatione
1835 3129 2073 3200 quidem

368 3193 609 3247 mixtam
643 3193 802 3262 dixit,
823 3193 1030 3248 virtute
1057 3201 1249 3250 autem
1279 3193 1606 3252 inter'usias
1635 3193 1957 3254 habendam
1987 3201 2076 3254 de-

369 3264 572 3342 crevit:
607 3265 806 3342 eadem
837 3264 992 3342 enim
1021 3265 1213 3342 iubae
1245 3268 1489 3342 inveniri
1523 3271 1878 3342 pronuntiat,
1940 3288 2070 3342 quae

369 3339 426 3408 et
457 3334 518 3388 in
547 3335 766 3388 caeteris
795 3335 1129 3390 substantiis
1161 3334 1562 3408 reperiuntur;
1599 3340 1652 3394 id
1687 3347 1768 3394 est
1798 3334 1925 3394 cum
1949 3334 2072 3396 sub-

363 3407 516 3476 jecto
541 3421 720 3477 posse,
746 3412 803 3459 et
823 3421 1035 3460 nomen
1053 3411 1108 3460 et
1135 3407 1416 3463 rationem
1448 3411 1657 3465 habere
1687 3412 2065 3468 consimilem.

370 3477 514 3554 gum
545 3477 700 3554 enim
728 3483 1054 3554 gressutum
1085 3479 1378 3554 hominem
1406 3480 1674 3554 dicimus,
1710 3483 1768 3536 in
1812 3484 2067 3554 subjecto

369 3548 610 3625 idem_et
637 3548 998 3625 vocabultim,
1055 3554 1110 3603 et
1160 3551 1282 3625 ejus
1311 3552 1593 3625 rationem
1636 3555 1836 3608 eadem
1871 3548 2069 3625 possu-

369 3635 498 3695 mus
514 3618 783 3695 invenire
817 3635 830 3673 :
864 3619 1121 3695 Socrates
1158 3618 1311 3677 enim
1345 3627 1399 3676 et
1429 3623 1600 3678 homo
1639 3630 1722 3678 est
1752 3629 1808 3678 et
1840 3618 2068 3695 gressu-

370 3694 481 3765 tus.
509 3689 783 3765 Similiter
810 3692 1178 3765 prosequitur
1206 3697 1410 3765 cratera
1467 3689 1926 3765 argumentando
1975 3713 2070 3751 va-

371 3760 536 3838 riata,
568 3760 965 3838 demonstrans
995 3760 1261 3838 {quaedam
1291 3764 1475 3838 inesse
1506 3760 1645 3820 usiee
1687 3783 1817 3838 qum
1847 3769 1964 3821 sola
2013 3773 2069 3822 et

372 3831 560 3911 omnis
586 3831 1112 3911 habeathquaad’am
1143 3851 1273 3911 quae
1303 3837 1422 3890 sola
1451 3842 1507 3890 et
1538 3853 1653 3891 non
1671 3831 2070 3911 oinnis,_qua3-

372 3900 666 3976 demque;
689 3900 884 3954 omnis
906 3908 963 3976 et
994 3919 1110 3976 non
1140 3900 1282 3976 s'ola,
1310 3911 1366 3960 et
1395 3911 1659 3976 quaedam
1690 3925 1794 3962 nec
1823 3900 1947 3962 δέ)Ιέ
1965 3925 2069 3964 nec

373 3969 583 4048 omnis:
604 3971 740 4034 Qum
762 3971 1039 4048 quoniam
1053 3973 1112 4026 in
1132 3969 1432 4048 Aristotele
1452 3977 1573 4048 ipso
1591 3979 1894 4033 manifesta
1913 3984 2066 4048 sunt,

374 4041 732 4124 superfluum
757 4042 939 4124 vinsum
966 4047 1050 4096 est
1069 4043 1291 4124 aperire
1314 4061 1328 4099 :
1371 4041 1619 4124 maxime
1648 4065 1780 4124 cum
1830 4050 1922 4104 hic
1945 4041 2066 4124 ser;

372 4128 468 4190 mo
496 4129 612 4190 non
637 4112 945 4190 transferre
967 4112 1160 4190 omnia
1186 4131 1314 4190 qua:
1344 4134 1377 4172 a
1405 4118 1752 4190 Philosopho
1779 4131 1910 4175 sunt
1932 4121 2066 4175 scri-

369 4183 859 4263 pta,_dec_reverit,
895 4185 988 4239 sed
1015 4201 1081 4240 ea
1101 4183 1328 4258 planius
1375 4183 1654 4245 enarrare
1673 4207 1802 4263 quae
1832 4191 2070 4248 rudibus

375 4255 710 4310 videbantur
739 4255 996 4311 obscura.

513 4326 738 4381 CAPUT
766 4327 828 4381 X.
857 4355 927 4368 —
954 4330 1028 4383 De
1054 4331 1377 4397 quantitate.
1425 4332 1634 4398 Quanto
1679 4334 1823 4388 nihil
1850 4339 1927 4389 est

648 4399 1000 4470 contrarium.
1035 4400 1334 4455 Contraria
1363 4417 1480 4470 qua
1517 4403 1792 4459 dicantur.

443 4467 736 4539 Descripta
764 4468 942 4538 igitur
988 4471 1131 4539 usia,
1166 4471 1298 4546 quia
1326 4467 1552 4526 deﬁniri
1585 4491 1698 4546 non
1724 4475 1910 4545 potuit
1938 4492 2067 4546 pro-

372 4542 500 4613 pter
531 4555 623 4613 eas
651 4555 846 4594 causas
876 4556 1018 4611 quas
1039 4542 1303 4613 superius
1331 4545 1660 4612 memoravi,
1691 4542 2068 4602 accidentium

371 4609 768 4664 deﬁnitionem
797 4609 1145 4688 necessarius
1174 4614 1315 4688 ordo
1347 4615 1628 4684 poscebat.
1649 4609 1916 4680 'Quorum
1944 4619 2065 4688 pri-

373 4695 548 4759 mum.
565 4688 667 4746 est,
703 4687 1006 4759 quantum,
1039 4699 1144 4738 nec
1173 4685 1294 4739 sine
1315 4702 1510 4740 causa:
1534 4702 1668 4759 nam
1699 4704 1828 4741 cum
1856 4685 2066 4759 aliquid

371 4749 811 4827 viderimusfid
867 4749 1094 4827 necesse
1151 4761 1254 4824 est,
1305 4761 1582 4827 quantum
1627 4757 1718 4824 sit,
1763 4749 2064 4815 mstimare.

371 4821 661 4900 Quantum
690 4838 823 4876 vero
855 4823 960 4900 sit,
972 4825 1219 4900 inveniri
1236 4821 1364 4900 Lno'n
1392 4833 1594 4898 potest,
1631 4821 1738 4882 nisi
1768 4829 1941 4900 fuerit
1968 4832 2067 4886 ad-

371 4891 555 4972 hibita
584 4907 852 4972 mensura
877 4891 1198 4972 collectum.
1228 4891 1449 4972 Siergo
1481 4891 1710 4972 omissa
1743 4899 2064 4966 latitudine,

371 4963 1168 5042 solam‘quielongitudinem
1212 4963 1454 5042 voluerit
1491 4971 1736 5037 emetiri,
1772 4963 2067 5041 longitudo

372 5033 814 5110 sinelatitudine
838 5033 1121 5110 mensurae
1143 5039 1395 5110 subjecta
1447 5044 1657 5104 γραμμὴ
1688 5033 1910 5096 dicitur.
1941 5043 2066 5098 Non

372 5105 526 5182 quod
545 5105 616 5159 sit
625 5105 699 5182 sit
717 5104 1016 5182 longitudo
1034 5109 1230 5182 aliqua
1243 5104 1375 5182 qua:
1391 5118 1612 5167 careeat
1628 5113 1946 5176 latitudine,
1970 5115 2068 5168 sed

371 5176 528 5302 quod
558 5177 736 5230 solam
759 5177 887 5248 quis
908 5176 1152 5234 metiens
1175 5176 1592 5252 longitudinem
1613 5186 1846 5245 γραμμὴν
1878 5185 2067 5239 metiri

412 5247 600 5302 icitur.
620 5248 859 5302 Emensa
872 5264 1004 5302 vero
1029 5266 1157 5302 cum
1173 5253 1529 5302 longitudine
1570 5255 1831 5302 latitudo-
1860 5256 2067 5302 dicitur

412 5247 600 5324 icitur.
620 5247 859 5324 Emensa
872 5264 1004 5303 vero
1029 5266 1158 5324 cum
1173 5247 1529 5324 longitudine
1569 5255 1832 5319 latitudo,
1860 5256 2069 5310 dicitur

373 5317 638 5382 ἐπιφανεία·
663 5319 762 5374 Sin
792 5323 984 5376 autem
1014 5326 1071 5375 et
1101 5317 1340 5379 altitudo
1370 5325 1542 5380 fuerit
1573 5317 1858 5381 mensurae
1887 5327 2067 5382 socia-

371 5395 716 5462 ta,icorpus
765 5396 966 5446 cuncta
1004 5393 1324 5462 perﬁciunt.
1377 5397 1534 5460 Quod
1595 5403 1784 5451 tamen
1834 5415 1948 5452 non
1989 5399 2068 5452 ita

371 5461 703 5538 accipimus,
757 5461 1244 5538 quemadmodum
1300 5468 1546 5522 solemus
1597 5468 1851 5538 accipere
1900 5475 2064 5523 natu-

367 5533 487 5603 rale
531 5548 755 5603 corpus,
811 5551 913 5588 nec
970 5536 1038 5589 ad
1088 5537 1275 5591 usiam
1325 5539 1528 5594 reverti
1583 5533 1896 5594 videamur.
1960 5542 2065 5594 De-

368 5601 503 5682 inde
541 5601 813 5682 metimur
865 5609 921 5660 et
972 5607 1180 5675 locum,
1239 5609 1300 5662 in
1367 5626 1480 5681 quo
1538 5610 2062 5682 aliquidconstitu-

368 5676 494 5727 tum
519 5678 620 5728 est.
648 5676 895 5751 Tempus
950 5693 1182 5751 quoque
1239 5676 1523 5735 mensura:
1569 5676 1898 5751 subjicitur:
1931 5699 2065 5736 nam

369 5758 502 5799 cum
529 5749 792 5802 movetur
817 5747 1056 5818 aliquid,
1089 5747 1215 5820 ipso
1266 5757 1427 5807 motu
1475 5747 1702 5808 necesse
1732 5759 1813 5807 est
1844 5758 1898 5808 et
1927 5759 2065 5807 tem-

1750 237 2180 294 CATEGORUE
2220 237 2483 293 DECEM.

3748 243 3763 289 l
3781 239 3866 291 428

2155 362 2310 434 poris
2351 361 2588 434 habere
2640 375 2994 434 mensuram,
3051 376 3184 415 cum
3239 360 3482 416 dicimus
3530 361 3759 432 primo,
3790 365 3862 415 vel

2158 432 2427 494 secundo,
2507 432 2594 486 vel
2672 432 2841 486 tertio
2920 448 3071 486 anno
3145 433 3424 502 pervenit,
3485 434 3580 486 vel
3659 449 3866 498 mense,

2159 507 2247 558 vel
2281 505 2396 572 die,
2453 504 2540 557 vel
2593 503 2753 570 hora,
2811 502 2900 557 vel
2959 507 3272 558 momento.
3309 506 3421 558 Hoc
3470 505 3654 558 modo
3709 504 3868 573 igitur

2162 580 2442 646 quantum
2464 574 2536 628 sit
2569 574 2824 644 quidque
2869 573 3174 646 colligitur.
3211 575 3393 644 Ipsius
3438 581 3640 628 autem
3677 581 3870 645 quanti

2163 645 2317 700 aliud
2372 651 2456 700 est
2500 646 2815 710 cohaerens,
2849 645 3003 698 aliud
3048 652 3392 714 separatum.
3436 647 3763 700 Cohzerens
3809 654 3872 699 εει

2161 733 2441 788 gramme,
2471 716 2800 786 epiphania,
2836 731 3064 786 corpus,
3093 717 3251 788 locus
3292 722 3348 771 et
3384 722 3642 788 tempus.
3685 719 3755 771 In
3801 719 3872 770 his

2163 789 2315 842 enim
2344 789 2700 858 singularum
2730 787 2982 856 partium
3012 787 3288 840 terminos
3319 805 3432 841 non
3456 787 3652 858 potest
3675 788 3872 842 habere

2163 875 2452 914 mensura.
2478 858 2658 913 Simul
2686 874 2934 928 namque
2965 863 3027 911 ut
3049 874 3336 928 grammes
3365 860 3564 913 medio
3600 867 3874 929 punctum

2164 933 2364 1001 ﬁgens,
2425 929 2588 1000 quasi
2638 934 2859 1001 certum
2919 945 3206 1001 mensurae
3260 931 3580 984 terminum
3631 932 3873 994 dederis,

2163 999 2540 1070 utrarumque
2572 999 2842 1069 partium,
2875 1017 3004 1070 quas
3026 1000 3207 1054 divisa
3231 1017 3487 1070 gramme
3520 1001 3700 1055 facta:
3735 1010 3871 1065 sunt,

2165 1073 2228 1126 tit
2254 1069 2660 1143 terminusille
2690 1069 3035 1143 communis,
3071 1076 3135 1124 ut
3164 1069 3446 1125 incertum
3491 1074 3572 1126 sit
3604 1074 3706 1126 cui
3737 1077 3870 1143 parti

2166 1143 2365 1197 affixus
2394 1141 2674 1196 terminus
2702 1141 2994 1196 videatur:
3019 1143 3158 1194 adeo
3186 1159 3317 1266 pars
3355 1149 3609 1213 utraque
3643 1141 3760 1196 sibi
3794 1161 3870 1196 co-

2166 1214 2346 1266 haeret
2377 1218 2547 1266 atoue
2577 1213 2879 1266 coniuncta
2910 1217 3014 1266 est.
3042 1214 3181 1266 Enin
3229 1214 3359 1266 auia
3396 1231 3666 1266 auoaue-
3715 1216 3870 1266 simili

2165 1214 2346 1268 haeret
2377 1218 2547 1284 atque
2577 1213 2879 1285 conjuncta
2910 1217 3014 1266 est.
3042 1213 3359 1282 Epiphania
3396 1231 3666 1285 quoque,
3715 1216 3874 1268 simili

2167 1283 2471 1356 decausa,’
2509 1299 2776 1356 connexa
2806 1283 3012 1356 dicitur
3043 1289 3100 1356 et
3151 1283 3464 1338 cohaerens.
3538 1283 3809 1356 Denique
3837 1290 3873 1339 si

2167 1355 2294 1427 quis
2318 1356 2463 1409 hanc
2493 1354 2747 1408 dividere
2780 1354 3040 1416 voluerit,
3075 1354 3135 1406 in
3167 1356 3290 1423 ejus
3341 1356 3535 1409 medio
3568 1354 3873 1425 grammen

2167 1431 2345 1497 ponat
2374 1441 2600 1497 necesse
2649 1429 2777 1497 est:
2829 1441 2960 1478 cum
3008 1441 3265 1495 gramme
3295 1427 3436 1491 haec,
3467 1443 3608 1497 qua:
3641 1429 3874 1497 epipha-

2167 1496 2323 1552 niam
2353 1496 2677 1568 dividit,iex
2733 1496 2836 1568 hac
2892 1497 3032 1550 duas
3085 1508 3274 1565 partes
3321 1496 3564 1564 fecerit;
3626 1496 3874 1568 ipsarum

2167 1569 2411 1623 duarum
2443 1567 2694 1648 partium
2741 1566 2865 1646 ipsa
2889 1583 3178 1648 "gramme
3208 1569 3490 1624 terminus
3519 1566 3742 1641 incipit
3769 1586 3874 1622 esse

2169 1637 2490 1711 communis
2515 1654 2529 1692 :
2563 1637 2641 1711 sic
2671 1637 2966 1711 enim‘sibi
2986 1654 3242 1711 connexa
3267 1645 3391 1711 est,
3419 1646 3482 1693 ut
3513 1637 3673 1693 non'
3713 1657 3872 1711 appa-

2167 1715 2290 1782 reat
2316 1708 2715 1782 eniterminus
2762 1707 3289 1782 videaturintixus.
3343 1710 3630 1764 Similiter
3687 1707 3876 1782 corpus

2169 1781 2217 1834 si
2246 1781 2376 1851 quis
2413 1795 2601 1834 secare
2632 1779 2894 1851 voluerit,
2933 1779 3232 1851 dividendi
3283 1782 3550 1849 corporis
3601 1779 3876 1835 terminus

2170 1849 2428 1922 gra'mme
2443 1851 2528 1904 vel
2559 1849 2870 1923 epiphania
2900 1850 2970 1923 sit
2991 1856 3333 1923 necesseest
3356 1869 3368 1917 ;
3393 1851 3523 1921 ipsa
3559 1854 3729 1906 enim
3750 1871 3875 1923 pra-

2169 1921 2330 1989 cisio,
2353 1938 2524 1992 quam
2557 1937 2812 1991 gramine
2834 1921 2968 1975 facit
2990 1937 3118 1975 cum
3149 1922 3476 1992 epiphania,
3533 1921 3779 1978 necesse
3809 1933 3877 1977 est

2171 1993 2230 2047 in
2261 2010 2466 2062 corpus
2522 1993 2860 2046 descendat:
2919 1997 3089 2062 atque
3144 1992 3274 2046 ideo
3301 1993 3598 2047 incertum
3631 2001 3744 2058 est,
3777 1996 3875 2048 sive

2170 2061 2448 2135 gramme,
2483 2062 2597 2116 sive
2625 2061 3220 2135 epiphania.cuiparti
3242 2064 3564 2117 terminum
3598 2066 3874 2130 dederint,

2169 2133 2296 2190 cum
2328 2134 2505 2205 diviso
2538 2149 2777 2205 corpore
2802 2133 2861 2205 in
2901 2136 3143 2204 utraque
3175 2140 3336 2204 parte
3366 2135 3758 2205 epiphaniam
3797 2154 3878 2190 ne-

2172 2223 2324 2260 cesse
2353 2211 2439 2259 est
2483 2203 2767 2276 inveniri,
2807 2203 3063 2274 Ideoque
3108 2203 3312 2276 corpus
3351 2203 3666 2260 conterens
3716 2210 3874 2261 estin

2174 2294 2288 2348 quo
2317 2275 2708 2348 faciendarum
2741 2275 2984 2328 duarum
3010 2277 3260 2345 partium
3291 2278 3632 2331 communis
3659 2286 3750 2332 est
3778 2285 3874 2332 ter-

2174 2347 2380 2402 minus.
2418 2347 2717 2416 Temporis
2746 2362 2977 2416 quoque
3017 2347 3216 2401 similis
3249 2348 3392 2401 ratio
3447 2354 3561 2412 est,
3596 2351 3695 2402 cui
3746 2351 3869 2403 diri-

2172 2419 2360 2473 dendo
2409 2417 2457 2470 si
2512 2417 2750 2471 velimus
2789 2417 3103 2471 terminum
3161 2419 3316 2486 dare,
3368 2419 3660 2486 dicamus,
3699 2423 3868 2474 modo.

2175 2490 2340 2544 Modo
2374 2494 2566 2542 autem
2597 2489 2746 2542 inter
2762 2489 3130 2560 praeteritum
3159 2493 3214 2542 et
3239 2489 3501 2544 futurum
3533 2498 3772 2560 tempus
3807 2494 3871 2545 ita

2174 2561 2475 2640 eonfusum
2529 2565 2632 2625 est,
2666 2563 2729 2612 ut
2757 2558 3040 2640 incertum
3071 2561 3142 2613 sit
3190 2561 3556 2640 quo_debeat
3614 2558 3866 2640 separari.

2175 2633 2352 2686 Locus
2381 2635 2571 2684 autem
2612 2630 2901 2702 quomodo
2945 2646 3153 2699 corpus
3179 2631 3600 2702 quodcumque
3641 2630 3870 2687 circum-

2177 2704 2288 2770 dat,
2323 2705 2379 2756 et
2407 2699 2659 2772 corporis
2680 2699 2934 2772 partibus
2964 2699 3270 2771 occupatur
3293 2719 3306 2755 :
3341 2703 3420 2755 ita
3448 2699 3755 2758 communi
3776 2711 3872 2758 ter-

2173 2773 2330 2828 mino
2365 2771 2626 2842 partitur,
2661 2771 3145 2842 quemadmodum
3168 2772 3417 2846 p_artitur
3449 2780 3509 2828 et
3545 2792 3760 2846 corpus
3786 2794 3798 2828 :
3823 2791 3873 2827 ac

2177 2849 2484 2914 propterea
2514 2859 2647 2896 eum
2706 2858 2933 2896 necesse
2989 2846 3074 2896 est
3127 2843 3522 2898 cohazrentem
3577 2843 3872 2900 ut'caetera

2181 2914 2490 2970 nominari.
2531 2914 2802 2984 Separata
2854 2929 2986 2967 vero
3039 2919 3191 2980 sunt,
3252 2931 3535 2969 numerus
3575 2922 3637 2970 et
3688 2918 3872 2970 oratio.

2183 2987 2319 3052 Quis
2343 2985 2496 3040 enim
2527 3001 2643 3057 non
2672 2985 2926 3057 advertat
2956 2985 3206 3057 propriis
3222 2987 3486 3039 terminis
3505 3003 3700 3042 unum
3733 3005 3872 3057 sepa-

2183 3062 2369 3112 ratum
2399 3072 2519 3111 esse
2541 3073 2572 3109 a
2615 3055 2856 3118 duobus,
2893 3055 3034 3110 duos
3064 3071 3097 3108 a
3125 3056 3306 3109 tribus
3326 3058 3356 3110 ‘?
3414 3059 3482 3112 Et
3531 3060 3602 3112 in
3635 3055 3875 3114 oratione

2180 3129 2420 3199 singula:
2449 3126 2681 3198 syllaba:
2713 3130 2988 3198 separatae
3017 3131 3151 3199 sunt
3183 3141 3196 3182 :
3222 3133 3430 3182 natura
3459 3129 3627 3184 enim
3680 3137 3737 3184 et
3787 3147 3874 3184 nn-

2180 3197 2339 3254 mero
2390 3197 2789 3268 segregantur,
2839 3214 2971 3252 cum
3035 3197 3273 3252 alteram
3329 3200 3596 3265 brevem,
3659 3202 3876 3254 alteram

2176 3271 2427 3343 longam,
2468 3274 2731 3343 et‘unam
2758 3269 2844 3322 vel
2867 3269 3007 3343 duas
3032 3268 3294 3323 dicimus.
3339 3269 3641 3343 Nimirum
3660 3281 3880 3343 apparet

2176 3339 2318 3406 haec,
2352 3355 2482 3411 quas
2511 3339 2778 3412 diximus,
2811 3344 2867 3394 et
2890 3340 2966 3412 ad
2992 3345 3271 3410 quantum
3291 3341 3620 3411 pertinere,
3653 3339 3715 3397 et
3737 3339 3878 3412 sepe-

2176 3418 2299 3465 rata
2327 3410 2588 3481 oportere
2616 3410 2923 3465 nominari.
2946 3412 3160 3464 Horum
3189 3410 3546 3481 quantorum
3583 3420 3674 3467 est
3703 3422 3758 3466 et
3785 3410 3876 3467 alis;

2177 3482 2532 3556 dilferentia:
2578 3497 2714 3556 nam
2765 3497 2832 3535 ex
2881 3481 2972 3536 his
3019 3481 3134 3535 alia
3178 3487 3330 3556 sunt,
3389 3499 3658 3554 quorum
3711 3491 3877 3556 part5

2178 3553 2520 3626 positionem
2579 3552 2911 3626 habentLex
2941 3568 3053 3622 qua
3086 3552 3268 3622 possit
3302 3552 3544 3622 δειιόδοὶ
3600 3552 3735 3626 ί]υὲ
3763 3572 3877 3626 pars

2179 3621 2386 3698 cuique
2409 3623 2690 3698 jungatur
2723 3640 2734 3677 :
2769 3621 2879 3677 alia
2907 3621 3038 3678 vero
3072 3621 3204 3698 sunt
3224 3621 3488 3698 quorum
3515 3621 3721 3694 partes

2178 3694 2394 3750 tionem
2425 3694 2634 3748 habere
2674 3710 2793 3748 non
2821 3699 3077 3764 possunt.
3115 3695 3464 3749 Positionem
3495 3702 3703 3751 autem
3749 3694 3876 3756 dico,

2181 3783 2312 3821 cum
2343 3767 2598 3838 videmus
2647 3767 2922 3836 cujusque
2968 3765 3052 3818 rei
3077 3765 3422 3838 dexteram,
3461 3767 3698 3836 laevam,
3727 3785 3876 3838 supe-

2181 3837 2354 3903 riora,
2387 3835 2862 3908 inferiora,_a_nte,
2896 3840 3042 3907 post,
3075 3837 3268 3908 longe,
3321 3837 3507 3907 juxta.
3553 3838 3708 3894 Sunt
3762 3835 3874 3908 ergo

2181 3924 2425 3979 quorum
2445 3911 2636 3979 partes
2656 3906 2762 3961 sibi
2780 3906 3079 3979 manifesta
3093 3906 3378 3979 positione
3388 3909 3735 3979 junguntur
3755 3906 3872 3964 hic.

2181 3977 2463 4050 gramme,
2519 3977 2848 4058 epiphania,
2905 3977 3563 4058 corpus,.locus.'Siv'e
3626 3983 3780 4035 enim
3831 3982 3876 4032 in

2181 4048 2460 4122 gramme,
2493 4049 2608 4122 sive
2654 4048 2721 4122 in
2749 4048 3232 4122 epipgania,‘sive
3261 4049 3320 4102 in
3376 4051 3653 4120 quolibet
3687 4054 3876 4106 horum

2180 4119 2380 4192 positis
2437 4119 2697 4192 terminis
2717 4123 2907 4189 partes
2937 4119 3155 4192 feceris,
3188 4119 3525 4190 quanquam
3563 4123 3682 4177 sibi
3710 4124 3878 4176 cohe-

2179 4191 2369 4246 rentes
2399 4191 2696 4246 videautur
2715 4195 2888 4261 atque
2910 4191 3248 4260 conjunctae,
3282 4197 3480 4244 tamen
3513 4193 3738 4248 adverti
3767 4210 3879 4246 oor-

2179 4263 2452 4344 poraliter
2490 4262 2641 4344 licet,
2673 4277 2801 4334 qua:
2831 4277 2962 4332 pars
2994 4261 3089 4316 ubi
3121 4261 3216 4328 sit,
3238 4262 3330 4344 eui
3351 4263 3661 4344 vicinasit,
3690 4267 3878 4336 cuique

2173 4334 2472 4414 jungatur.
2505 4334 2647 4388 Sunt
2676 4349 2808 4386 vero
2839 4348 3084 4403 quorum
3139 4337 3327 4404 partes
3357 4334 3738 4414 positionem
3782 4334 3876 4414 non

2179 4405 2411 4471 habent,
2444 4405 2583 4467 haec,
2620 4409 2868 4472 tempus,
2912 4419 3207 4470 numerus,
3249 4405 3452 4459 oratio.
3491 4406 3695 4462 Unum
3744 4408 3874 4460 enim

2180 4493 2310 4530 cum
2338 4475 2598 4537 dicimus,
2631 4474 2821 4544 ipsum
2851 4490 3158 4529 numerum
3211 4475 3396 4529 solum
3455 4476 3750 4540 dicentes,
3781 4495 3874 4531 non

2181 4546 2394 4618 aliquid
2416 4546 2788 4618 corporaliter
2811 4551 3197 4618 numerantes,
3224 4562 3338 4599 non
3357 4545 3634 4618 rvidemus
3659 4551 3749 4603 vel
3777 4551 3874 4618 ejus

2180 4616 2435 4672 dextram
2464 4618 2551 4671 vel
2584 4616 2896 4670 sinistram:
2947 4617 3160 4687 quippe
3189 4632 3320 4670 cum
3349 4617 3408 4670 in
3442 4619 3631 4672 verbo
3665 4621 3736 4674 sit
3767 4616 3874 4673 tan-

2179 4694 2302 4743 tum
2326 4688 2386 4742 in
2403 4704 2564 4752 sono,
2590 4692 2643 4741 et
2662 4687 2721 4740 in
2739 4688 2895 4741 nullo
2913 4686 2984 4740 sit
2997 4686 3254 4757 corpore,
3278 4687 3644 4757 positionem
3664 4707 3870 4744 suarm:

2178 4759 2429 4830 partium
2457 4775 2572 4813 non
2602 4763 2791 4830 potest
2820 4757 3231 4825 demonstrare,
3264 4759 3378 4830 nisi
3410 4759 3562 4812 forte
3628 4764 3869 4816 ordinet:

2179 4829 2503 4892 dixerimus,
2537 4829 2691 4900 quod
2713 4845 2896 4883 unum
2926 4834 3247 4900 sequuntur
3275 4829 3425 4883 duo:
3461 4831 3684 4900 positio
3705 4843 3868 4887 antu:

2179 4901 2238 4954 in
2268 4901 2354 4954 his
2383 4899 2676 4965 duntaxat,
2709 4916 2822 4953 non
2854 4899 3038 4970 potest
3066 4899 3329 4953 inveniri.
3390 4899 3690 4957 Similiter
3743 4912 3794 4957 et
3829 4907 3868 4955 i2-

2178 4976 2627 5051 temporeatque
2655 4987 2942 5051 sermone,
2972 4971 3216 5024 maxime
3256 4987 3385 5024 cum
3439 4972 3571 5051 hinc
3631 4992 3766 5029 mox
3815 4991 3867 5024 r2-

2177 5041 2419 5097 deantur
2448 5041 2582 5108 labi,
2608 5058 2738 5095 cum
2765 5041 2997 5100 dixeris.
3025 5047 3082 5096 et
3111 5048 3338 5112 tempus
3367 5045 3594 5110 currit;
3623 5053 3687 5100 et
3711 5063 3872 5101 serra.-

2178 5131 2308 5168 cum
2340 5114 2596 5168 nondum
2631 5113 2814 5166 dictus
2846 5112 3040 5180 fuerit,
3095 5129 3211 5166 non
3243 5119 3362 5180 est;
3416 5121 3474 5167 et
3521 5131 3668 5171 cum
3719 5120 3872 5171 diem:

2178 5185 2369 5249 fuerit,
2400 5201 2513 5238 non
2567 5187 2822 5254 apparet,
2883 5184 3241 5238 Manifestum
3273 5191 3357 5239 est
3402 5184 3590 5254 igitur
3645 5190 3874 5242 1)ch

2177 5256 2520 5337 positionem
2551 5255 3192 5337 diversarumpartium
3213 5271 3328 5308 non
3380 5255 3639 5337 habere._
3667 5261 3870 5329 Proprie

2176 5326 2353 5395 igitur
2383 5327 2504 5380 haec
2529 5327 2664 5390 sola,
2702 5342 2832 5396 quae
2871 5326 3020 5380 dicta
3069 5331 3201 5379 sunt
3229 5331 3442 5397 quanta
3473 5326 3870 5384 nominantur:

2178 5399 2225 5452 si
2253 5414 2368 5478 qua
2397 5415 2529 5478 vero
2555 5402 2764 5477 praeter
2777 5397 3169 5478 haecinveniri
3199 5398 3516 5478 potuerint,
3547 5402 3776 5455 debent
3795 5417 3874 5470 pm

2178 5467 2563 5523 accidentibus
2592 5467 2748 5538 poni.
2783 5469 2928 5522 Sunt
2956 5469 3109 5539 enim
3134 5470 3418 5538 quaedam,
3453 5486 3592 5539 quae
3630 5467 3874 5527 accidet

2177 5539 2330 5593 tibus
2360 5540 2496 5610 ipsis
2519 5539 2800 5607 accidunt,
2837 5543 2897 5592 ut
2927 5538 2973 5592 si
3025 5539 3301 5607 dicamus,
3333 5538 3594 5596 multum
3654 5546 3872 5598 album:

2175 5615 2479 5687 propterea
2506 5611 2757 5687 multum
2815 5611 3010 5687 album
3064 5610 3306 5687 dicitur,_
3327 5627 3446 5687 non
3480 5615 3679 5687 quod
3711 5617 3878 5687 ipsae:

2175 5681 2366 5735 album
2403 5681 2474 5735 sit
2503 5682 2869 5747 immensum,
2894 5681 2990 5735 sed
3012 5681 3174 5808 [quod
3219 5681 3630 5752 epiphania'in
3663 5681 3780 5758 qu'a
3822 5689 3881 5736 3‘.-

2176 5753 2312 5808 bum
2344 5757 2448 5808 est.
2485 5753 2665 5808 multa
2693 5757 2976 5808 cernatur.
3067 5752 3374 5808 anifestum
3405 5759 3492 5808 est
3521 5757 3716 5808 igitur
3767 5775 3878 5808 CIIII;

2176 5753 2312 5808 bum
2344 5757 2448 5821 est,
2485 5753 2665 5808 multa
2693 5757 2976 5808 cernatur.
3012 5752 3374 5808 Manifestum
3405 5759 3492 5810 est
3521 5752 3716 5828 igitur
3767 5775 3878 5812 ςῦεξλ
