3970 6146
208 247 340 301 ill-'29

201 368 452 443 inultum
483 367 680 443 album
727 366 993 443 dicimus,
1025 384 1093 443 ex
1121 368 1446 443 epiphaniae
1477 370 1794 443 quantitate
1823 373 1905 427 al-

200 440 363 507 bum,
388 439 541 514 quod
571 438 655 492 illi
684 438 903 507 accidit,
929 438 1517 514 aestimari.‘S_imiliter
1543 460 1672 498 cum
1702 444 1904 514 longos

201 516 358 586 ectus
402 510 661 586 dicimus,
700 526 820 564 non
861 512 1015 586 quod
1056 516 1212 565 actus
1258 512 1530 568 immensi
1567 515 1700 581 sint,
1742 510 1904 586 longi

200 581 488 646 dicuntur,
522 580 621 634 sed
667 597 732 634 ex
766 580 1039 655 temporis
1072 598 1360 655 mensura,
1397 601 1510 655 quo
1542 580 1905 641 continentur

199 656 356 727 actus
382 656 641 727 actuum,
673 652 959 722 quantitas
989 653 1327 708 asstimatur.
1370 652 1513 727 Illud
1553 662 1743 710 tamen
1774 674 1901 727 spe-

199 724 340 777 ciale
363 723 638 777 debemus
653 739 983 793 agnoscere,
1000 729 1212 793 quanto
1230 726 1583 780 contrarium
1596 728 1741 781 nihil
1759 723 1899 782 esse.

198 793 535 864 Epiphaniae
565 793 740 860 enim,
774 794 890 847 sive
935 809 1230 864 grammaa,
1266 796 1381 850 sive
1422 797 1646 851 duobus
1672 798 1897 864 cubitis,

199 865 314 918 sive
368 865 552 919 tribus
607 864 962 919 contrarium
1009 871 1096 919 est
1141 866 1306 921 nihil.
1361 868 1478 921 Nisi
1525 868 1670 923 forte
1710 885 1903 923 errore

199 936 451 1007 quodam
482 937 817 1007 multumet
841 936 1113 1007 exiguum
1142 941 1414 1007 putemus
1444 955 1564 993 esse
1595 940 1900 1007 contraria,

198 1006 714 1081 non_'advertentes_
734 1006 857 1081 haec
883 1006 957 1061 in
982 1024 1177 1081 eorum
1204 1025 1515 1081 numerum
1545 1026 1673 1081 qua:
1701 1010 1768 1065 ad
1799 1011 1900 1064 ali-

198 1078 339 1149 quid
379 1077 645 1132 dicuntur
684 1078 889 1132 debere
921 1079 1233 1149 transferri.
1269 1080 1421 1134 Nihil
1460 1077 1615 1135 enim
1655 1082 1901 1136 multum

197 1149 289 1223 rel
337 1148 608 1223 exiguum
646 1148 872 1223 dicitur,
907 1148 1017 1203 nisi
1062 1151 1227 1223 alteri
1268 1150 1441 1205 fuerit
1485 1158 1897 1223 comparatum.

198 1219 341 1274 Cum
371 1220 525 1273 enim
552 1219 793 1292 dicimus
822 1224 1076 1275 montem
1102 1222 1361 1289 brevem;
1388 1219 1751 1292 grandiorem
1782 1240 1900 1277 esse

196 1294 465 1354 alterum,
509 1290 600 1345 cui
651 1295 1013 1360 comparatus
1066 1296 1170 1359 est,
1223 1290 1558 1347 indicamus.
1617 1295 1713 1348 Vel
1771 1310 1900 1347 cum

196 1361 443 1435 dicimus
472 1362 697 1435 grande;
719 1362 869 1435 milii
916 1378 1198 1435 granum;
1232 1365 1658 1435 comparatione
1688 1364 1777 1417 sui
1808 1381 1902 1435 ge-

198 1432 374 1501 neris,
413 1432 637 1504 inquo
685 1432 1180 1504 brevius’aliquid
1232 1432 1544 1504 invehitur,
1592 1435 1734 1489 illud
1776 1432 1899 1490 esse

196 1504 477 1574 grandius
508 1512 912 1560 monstramus.
944 1506 1023 1559 Ac
1064 1510 1365 1575 propterea
1394 1506 1765 1560 manifestum
1794 1510 1897 1573 est,

194 1575 446 1629 multum
494 1581 551 1629 et
595 1575 889 1647 exiguum,
924 1575 1157 1647 grande
1200 1581 1259 1647 et
1302 1575 1489 1642 breve,
1532 1593 1662 1631 cum
1704 1576 1898 1647 aliquo

195 1649 528 1716 comparata
572 1646 660 1700 sui
700 1646 1038 1700 vocabulum
1079 1646 1349 1716 reperire.
1386 1649 1497 1701 Nec
1526 1648 1586 1700 in
1634 1649 1743 1702 hoc
1780 1646 1898 1702 solo

192 1723 369 1797 errat,
405 1716 503 1797 qui
550 1720 713 1787 putat
758 1718 1006 1797 multum
1029 1728 1095 1796 net
1138 1717 1406 1797 exiguum
1438 1722 1650 1788 quanto
1691 1718 1899 1797 debere

191 1786 492 1857 conjungi,
537 1803 737 1841 verum
779 1787 951 1841 etiam
997 1786 1044 1839 si
1083 1786 1368 1842 existimet
1414 1786 1534 1842 esse
1580 1789 1897 1855 contraria;

190 1858 349 1928 quod
388 1857 513 1912 fieri
552 1857 783 1929 penitus
821 1873 939 1929 non
976 1862 1188 1929 potest.
1233 1859 1375 1929 Nam
1408 1858 1455 1912 si
1478 1859 1612 1929 haec
1646 1859 1898 1929 quodam

191 1926 390 1983 errore
414 1926 638 1997 decepti
666 1926 952 1981 contraria
981 1926 1238 1990 dicimus,
1256 1928 1355 1982 ﬁet
1380 1932 1443 1982 ut
1471 1928 1530 1982 in
1552 1926 1683 1983 una
1696 1946 1756 1984 re
1781 1945 1897 1985 uno

190 2003 367 2069 atque
407 2000 611 2053 eodem
656 2002 915 2068 tempore
954 1999 1239 2053 contraria
1278 1998 1581 2054 videantur
1622 2000 1892 2056 incidere.

194 2070 320 2124 Una
344 2070 497 2123 enim
525 2085 635 2135 res,
660 2072 719 2141 et
747 2069 931 2139 major
959 2085 993 2122 a
1020 2069 1263 2133 minore,
1298 2075 1355 2125 et
1382 2070 1569 2124 brevis
1599 2087 1631 2124 a
1656 2071 1894 2141 majore,

191 2156 314 2213 uno
350 2146 522 2211 atque
570 2139 771 2195 eodem
818 2144 1074 2213 tempore
1120 2141 1330 2210 poterit
1372 2141 1661 2213 nominari
1694 2157 1708 2195 :
1748 2139 1896 2213 quod

190 2210 319 2283 ﬁeri
351 2210 456 2265 nec
484 2226 680 2266 rerum
709 2214 914 2265 natura
942 2211 1176 2283 patitur,
1206 2227 1309 2283 nec
1341 2211 1483 2266 ratio
1512 2212 1635 2283 ipsa
1663 2210 1898 2282 perinit-

190 2282 283 2354 tit.
314 2283 393 2337 Ac
422 2287 727 2352 propterea
757 2298 958 2336 eorum
989 2282 1319 2354 repellenda
1347 2284 1629 2354 sententia
1658 2288 1761 2349 est,
1796 2284 1897 2354 qui

190 2353 317 2407 haac
344 2351 585 2408 credunt
612 2370 733 2408 esse
759 2351 1071 2424 contraria;
1089 2353 1202 2407 Nec
1227 2354 1407 2423 magis
1436 2353 1496 2407 in
1526 2358 1741 2424 quanto
1765 2351 1896 2408 cdn-

192 2424 478 2491 trarietas,
518 2440 693 2495 quam
730 2424 791 2477 in
831 2423 1041 2477 circulo
1089 2424 1373 2479 convideri
1416 2428 1621 2495 potest.
1668 2426 1895 2479 Veteres

193 2495 351 2550 enim
382 2494 553 2566 supra
584 2500 642 2549 et
665 2495 812 2549 infra
831 2499 1078 2566 propter
1098 2494 1535 2566 coeliiterraeque
1567 2494 1896 2549 distantiam

192 2565 480 2621 contraria
509 2565 615 2620 sibi
647 2582 767 2619 esse
813 2565 1098 2628 dixerunt,
1137 2565 1522 2636 undequaque
1552 2581 1780 2620 versum
1818 2582 1897 2619 as-

192 2643 446 2692 serentes
479 2642 691 2691 terram
733 2635 928 2690 subter
972 2651 1114 2702 esse,
1147 2637 1353 2691 ccelum
1393 2635 1582 2707 super.
1630 2637 1896 2692 Contem-

191 2708 479 2779 plantibus
526 2708 679 2762 enim
728 2707 893 2779 nobis
938 2710 1202 2779 naturam
1262 2722 1477 2775 rerum,
1535 2711 1706 2770 terra,
1765 2724 1894 2778 quae

190 2777 502 2858 videturiu
532 2779 759 2858 medio,‘
778 2777 990 2858 ubique
1022 2778 1221 2858 subtus
1251 2782 1336 2831 est
1368 2794 1381 2831 :
1415 2793 1548 2858 nam
1580 2782 1635 2831 et
1664 2777 1893 2858 antipo-

193 2848 292 2927 des
316 2850 516 2918 nostri,
538 2850 639 2920 qui
668 2848 835 2927 nobis
864 2847 1133 2927 dicuutur
1163 2848 1341 2927 figere
1372 2847 1608 2901 adversa
1632 2849 1891 2927 vestigia,

192 2920 398 2975 caelum
428 2918 599 2991 super
628 2936 685 2974 se
734 2919 965 2991 habent.
1002 2918 1188 2991 Claret
1219 2918 1395 2991 igitur
1422 2934 1648 2989 semper
1678 2924 1893 2991 terram

192 2991 254 3070 in
276 2988 643 3070 inferioribus
668 2989 1054 3070 constitutam:
1080 2988 1296 3070 Deinde
1318 2989 1417 3042 illa
1444 2988 1674 3070 qquue
1695 3006 1729 3042 a
1755 2990 1896 3070 phy-

195 3062 327 3116 sicis
374 3063 642 3133 jungitur
694 3061 862 3129 ratio,
901 3059 1052 3131 quod
1087 3065 1408 3133 propterea
1461 3059 1895 3133 erudiversitate

191 3130 448 3187 locorum
492 3130 645 3186 terra
672 3133 814 3186 coelo
853 3130 1137 3185 contraria
1167 3135 1269 3198 est,
1301 3130 1359 3184 id
1389 3135 1473 3184 est
1501 3130 1643 3185 illud
1670 3146 1897 3201 semper

193 3216 441 3270 sursum,
488 3204 611 3258 haec
657 3203 944 3267 deorsum,
996 3202 1151 3272 quod
1203 3200 1416 3271 omnia,
1465 3217 1593 3271 qua:
1640 3200 1895 3272 pondere

194 3275 389 3345 gravia
410 3279 562 3343 sunt,
587 3274 922 3328 naturaliter
943 3273 1207 3327 feruntur
1226 3273 1297 3345 ad
1326 3276 1566 3339 terram;
1591 3273 1674 3345 ad,
1690 3274 1895 3345 cmlum

194 3343 329 3399 vero
377 3345 549 3400 levari
593 3361 820 3399 necesse
864 3349 961 3408 est,
1010 3360 1138 3414 quae
1186 3343 1450 3398 videntur
1501 3343 1891 3414 esserleviora.

194 3417 338 3471 Hinc
392 3416 569 3487 igitur
627 3416 832 3487 coelum
897 3413 1225 3487 terramque
1277 3414 1556 3487 contraria
1611 3413 1718 3468 sibi
1774 3431 1894 3487 esse

192 3485 491 3555 dixerunt;
543 3487 693 3557 quod
740 3486 887 3540 hanc
933 3486 1219 3557 deorsum,
1271 3485 1414 3539 illud
1458 3501 1588 3557 vero
1634 3485 1895 3557 superius

194 3558 468 3613 naturalis
513 3556 818 3612 necessitas
861 3556 1169 3611 collocavit.
1206 3558 1279 3610 Ex
1315 3557 1420 3610 hac
1456 3556 1633 3625 igitur
1676 3556 1895 3611 ratione

195 3629 420 3685 videtur
440 3628 860 3683 contrariorum
890 3628 1153 3681 omnium
1174 3627 1432 3682 deﬁnitio
1453 3626 1780 3681 constituta.
1804 3627 1897 3681 Di-

190 3705 402 3755 cuntur
430 3699 585 3754 enim
614 3699 712 3753 illa
738 3714 857 3753 esse
884 3698 1192 3767 contraria,
1218 3714 1347 3769 quae
1375 3714 1504 3752 cum
1536 3698 1650 3769 sint
1680 3714 1744 3751 ex
1777 3714 1893 3753 uno

192 3772 510 3841 eodemque
553 3786 782 3841 genere,
814 3770 996 3823 multo
1026 3768 1292 3841 tamen’a
1321 3785 1380 3823 se
1412 3768 1593 3839 spatio
1624 3784 1894 3841 separanf

192 3788 393 3826 eouem
438 3788 510 3825 ue
553 3788 782 3841 genere,
814 3788 996 3823 ωυιιο
1032 3788 1228 3823 tamen
1258 3788 1292 3823 a
1321 3788 1380 3823 se
1412 3788 1593 3839 spauo
1624 3788 1894 3839 separan-

190 3847 305 3897 tur.
329 3788 436 3898 Sed
460 3843 581 3896 haec
600 3840 699 3913 qui
720 3844 998 3904 asserunt,
1020 3839 1233 3913 habent
1259 3841 1550 3913 advertere
1575 3839 1894 3913 ad_aliquid

192 3912 359 3969 dictis
380 3913 568 3985 potius
584 3910 791 3985 debere
816 3911 1107 3985 conjungi.
1129 3911 1423 3985 Siquidem
1445 3910 1753 3985 supradici
1778 3926 1895 3985 non

192 3981 398 4055 potest,
430 3984 542 4038 nisi
571 3988 627 4038 et
657 3984 805 4055 infra
824 3981 1010 4055 fuerit
1038 3981 1439 4055 designatum.
1481 3981 1642 4047 Quod
1672 3981 1718 4036 si
1748 3982 1898 4055 calu-

194 4053 404 4109 inniari
447 4054 953 4125 quibusdamlibet,
996 4070 1169 4124 supra
1215 4058 1272 4107 et
1316 4053 1467 4107 infra
1505 4054 1565 4107 in
1608 4053 1897 4125 categoria

193 4126 391 4197 magis,
429 4124 557 4197 quas
586 4125 687 4197 ubi
718 4125 1375 4197 diciturtvideri‘potest
1406 4139 1420 4176 :
1451 4140 1582 4178 cum
1611 4124 1764 4197 enim
1794 4140 1893 4177 su-

192 4193 380 4266 pra'et
404 4193 553 4251 infra
584 4196 849 4265 dicimus,
873 4195 975 4250 ubi
1005 4193 1219 4266 aliquid
1248 4200 1498 4263 geratur,
1533 4193 1885 4266 agnoscitur.

190 4264 297 4323 Sed
330 4269 471 4336 haec,
507 4272 568 4321 ut
603 4267 875 4335 diximus,
905 4264 1284 4336 garrientium
1318 4269 1451 4317 sunt
1482 4281 1500 4336 ζ
1540 4280 1643 4336 nos
1672 4280 1805 4318 vero
1834 4264 1895 4336 in

193 4345 409 4411 quanto
436 4338 659 4393 admitti
689 4335 1039 4411 contrarium
1071 4336 1299 4411 credere
1331 4350 1446 4411 non
1472 4335 1897 4411 debemus._z_\d:

193 4405 411 4465 vertere
452 4410 671 4464 interea
710 4409 839 4463 licet
880 4407 1051 4477 hujus
1084 4406 1377 4477 occasione
1416 4410 1711 4477 tractatus,
1740 4405 1895 4477 aliud

193 4498 314 4535 esse
352 4497 524 4550 super
561 4486 617 4533 et
660 4480 852 4534 subter
889 4476 1179 4543 naturale;
1215 4476 1368 4550 aliud
1400 4492 1529 4530 vero
1557 4476 1721 4550 _quod
1750 4476 1898 4531 circa

194 4567 319 4604 nos.
362 4547 630 4607 Naturale
678 4550 833 4604 enim
880 4565 996 4603 non
1048 4552 1233 4619 potest
1276 4547 1590 4613 immutari,
1638 4553 1893 4601 nostrum

193 4625 383 4675 autem
413 4620 759 4691 migratione
789 4618 1093 4691 hominum
1123 4623 1508 4691 commutatur
1540 4635 1552 4672 :
1580 4623 1646 4671 ut
1690 4618 1737 4671 si
1768 4619 1896 4691 quis

194 4707 323 4745 cum
354 4692 415 4746 in
459 4688 827 4746 inferioribus
866 4690 1059 4758 fuerit,
1092 4690 1165 4744 ad
1193 4688 1487 4758 superiora
1533 4688 1894 4756 conscendat,

193 4765 291 4814 aut
348 4779 378 4816 e
424 4761 829 4833 superioribus
880 4760 1016 4833 velit
1070 4761 1141 4815 ad
1194 4760 1467 4814 inferiora
1518 4760 1897 4833 descendere;

195 4833 392 4887 omnia
420 4832 522 4897 illi,
557 4848 685 4902 quae
726 4837 855 4886 ante
886 4832 1112 4886 fuerant
1154 4834 1598 4898 commutantur,
1629 4846 1757 4885 cum
1793 4832 1898 4885 de-

196 4903 506 4969 scendenti,
530 4902 800 4956 inferiora
832 4918 960 4973 quae
989 4902 1234 4967 fuerant,
1259 4902 1551 4973 superiora
1568 4906 1895 4973 cernantur.

194 4974 339 5028 Illud
389 4990 617 5044 quoque
668 4972 881 5044 quanto
942 4973 1111 5037 inest,
1162 4973 1223 5027 in
1275 4972 1431 5027 omni
1481 4972 1737 5043 quidem,
1786 4989 1898 5027 non
1938 5012 1947 5017 ρ

194 5050 386 5099 tamen
420 5044 481 5099 in
528 5045 668 5109 solo,
702 5050 765 5099 ut
794 5061 909 5099 non
941 5044 1177 5115 recipiat
1204 5044 1386 5114 magis
1415 5048 1471 5098 et
1502 5044 1710 5108 minus,
1743 5044 1899 5113 quod

195 5133 377 5187 graece
406 5116 621 5170 dictum
653 5121 733 5169 est
764 5122 955 5185 μᾶλλον
984 5126 1065 5170 καὶ
1092 5122 1258 5187 ἧττον.
1289 5116 1555 5184 Bipedale
1586 5115 1899 5187 enimcum

196 5185 459 5251 dicimus,
492 5203 607 5240 non
640 5203 942 5256 possumus
971 5187 1127 5241 aliud
1168 5186 1426 5257 bipedale
1466 5185 1655 5257 magis
1675 5186 1761 5238 vel
1790 5185 1900 5239 mi-

197 5275 305 5313 nus
331 5258 537 5313 dicere.
568 5257 750 5311 Simili
781 5259 931 5311 enim
964 5258 1134 5312 modo
1163 5256 1423 5327 bipedale
1455 5256 1766 5311 secundum
1793 5260 1898 5323 est,

196 5329 684 5400 quemadmodum
713 5334 768 5400 et
784 5328 1055 5398 primum.
1081 5328 1239 5393 Quod
1262 5329 1307 5400 si
1330 5328 1485 5382 aliud
1509 5327 1621 5381 alio
1654 5327 1900 5400 amplius

197 5398 389 5462 fuerit,
411 5401 529 5470 jam
561 5414 679 5453 non
700 5399 994 5469 bipedalis,
1021 5402 1118 5453 sed
1149 5399 1383 5454 alterius
1414 5414 1694 5453 mensuras
1724 5398 1902 5452 susci-

197 5473 282 5543 pit
329 5487 559 5525 nomen.
595 5472 707 5524 Nec
738 5488 1012 5543 numerus
1042 5470 1226 5543 magis
1256 5474 1355 5524 aut
1402 5470 1593 5543 minus
1638 5470 1896 5543 sustinet,

199 5540 482 5613 siquidem
516 5549 626 5596 tres
656 5542 838 5612 magis
869 5548 966 5595 aut
996 5542 1187 5595 minus
1210 5546 1322 5594 tres
1350 5541 1648 5594 nominare
1673 5540 1902 5613 demen-

200 5612 283 5693 tia
309 5619 410 5668 est.
538 5618 764 5694 tempus
796 5618 1124 5694 nonpotest
1158 5629 1277 5694 esse
1308 5612 1775 5694 tempore‘magis
1805 5616 1902 5692 aut

205 5684 413 5738 minus.
447 5686 632 5738 Claret
661 5682 838 5755 igitur
882 5682 970 5738 his
1002 5683 1271 5754 expositis
1306 5683 1486 5754 magis
1534 5686 1590 5735 et
1621 5682 1809 5755 minus
1842 5683 1901 5735 in

203 5760 416 5825 quanto
447 5753 837 5811 inveniri‘non
868 5771 1051 5827 posse.
1079 5753 1391 5825 Proprium
1417 5753 1562 5809 vero
1594 5753 1815 5826 quanti,
1848 5757 1905 5808 et

1763 248 2155 307 APPENDIX.

3566 257 3702 312 1430

2014 373 2166 444 quod
2197 372 2257 427 in
2280 374 2447 445 omni
2476 377 2532 428 et
2561 373 2621 427 in
2650 374 2770 428 solo
2802 374 3109 437 invenitur,
3133 376 3276 432 illud
3301 382 3404 445 est,
3429 380 3495 434 ut
3512 377 3710 433 omnia

2014 447 2135 520 ejus
2167 444 2326 515 paria
2354 450 2453 499 aut
2493 444 2735 520 imparia
2776 445 3056 520 dicantur,
3091 448 3161 502 Ut
3196 444 3470 503 numerus
3520 466 3625 520 par
3653 453 3710 504 et

2011 514 2223 586 impar;
2253 532 2371 597 non
2413 515 2651 599 aequalis
2687 532 2989 599 numerus,
3015 518 3203 599 si__par
3232 526 3347 586 est;
3391 524 3489 599 aut
3517 514 3565 573 si
3593 520 3706 599 im-

2012 602 2135 656 par,
2164 603 2280 641 non
2328 586 2627 660 inaequalis
2669 586 2906 660 dicatur.
2939 586 3324 660 Similiterque
3354 591 3476 660 ejus
3513 592 3708 645 omnia

2013 674 2130 711 non
2159 659 2419 728 mqualia,
2470 663 2567 732 aut
2596 657 2922 727 inaequalia,
2973 657 3269 732 sedparia
3315 657 3415 715 aut
3466 662 3709 732 imparia

2011 734 2434 801 nuncupantur.
2473 728 2687 801 Cgetera
2714 744 2847 801 vero
2875 745 3003 799 quae
3032 728 3409 801 ad’quantum
3438 728 3708 801 non7per-

2011 799 2215 864 tinent,
2250 798 2461 855 similia
2482 798 2591 870 sibi
2623 798 2816 870 potius
2842 816 3015 870 quam
3042 798 3285 870 aequalia
3308 798 3703 857 nominamus:

2012 874 2073 923 ut
2105 870 2299 924 album
2345 870 2473 924 albo
2523 869 2732 937 simile,
2776 869 2875 924 aut
2913 887 3029 924 non
3075 869 3261 925 simile
3297 872 3533 926 dicatur.
3592 875 3707 927 Hoc

2011 940 2165 1013 enim
2194 941 2432 1013 Verbum
2471 940 2794 1010 specialiter
2833 940 2903 995 iis
2936 958 3065 1013 quae
3096 942 3156 995 in
3187 948 3402 1013 quanto
3434 947 3585 1010 sunt,
3621 944 3704 997 vi-

2008 1011 2176 1066 detur
2207 1011 2468 1066 infixum.

2011 1083 2235 1138 CAPUT
2258 1084 2345 1138 ΧΙ.
2377 1112 2447 1123 -—
2474 1082 2568 1137 Ad
2603 1082 2834 1210 aliqgid.
2989 1083 3205 1152 aliquid
3235 1084 3452 1154 quando
3481 1084 3701 1139 dicitur.

2760 1170 2915 1210 mnos:
2942 1171 2995 1208 a.

2838 1156 2995 1209 osita.

2079 1222 2505 1293 Categoriarum
2524 1225 2693 1279 tertia
2714 1170 3139 1295 ἕέἐιέὶιῗὲῆξιιίηθ
3161 1224 3237 1296 δάν
3252 1225 3489 1296 aliquid,
3521 1241 3704 1296 graece

2009 1301 2123 1365 πρός
2146 1318 2194 1349 τι
2221 1299 2501 1348 censetur.
2546 1296 2610 1348 Et
2639 1296 2873 1365 quidem
2926 1296 3073 1349 hanc
3116 1295 3364 1349 tertiam’
3382 1312 3499 1350 non
3537 1295 3701 1364 ordo,

2008 1366 2133 1437 sed,
2161 1370 2430 1437 tractatus
2481 1366 2785 1420 necessitas
2832 1366 2993 1420 fecit:
3056 1382 3188 1437 nam
3238 1370 3367 1436 post
3425 1372 3705 1437 quantum

2009 1436 2175 1508 quale
2225 1435 2589 1508 sequebatur.
2653 1438 2862 1508 Verum
2893 1436 3189 1508 quoniam
3223 1438 3283 1490 in
3321 1435 3459 1491 ﬁne‘
3482 1438 3702 1508 quanti,

2007 1506 2270 1578 quaedam
2290 1506 2557 1578 ejusdem
2580 1507 2807 1578 generis
2838 1507 2905 1560 ad
2937 1506 3152 1576 aliquid
3177 1506 3517 1561 videbantur
3538 1525 3705 1578 posse

2008 1576 2335 1658 transferri;
2377 1578 2524 1656 hanc
2559 1577 2928 1658 categoriam,
2971 1594 3101 1647 quae
3134 1583 3331 1658 quarta
3366 1576 3566 1658 fuerat,
3606 1596 3705 1632 ne-

2007 1647 2251 1701 cessario
2293 1647 2533 1719 tertiam
2566 1647 2744 1702 voluit
2791 1648 3078 1714 ordinare,
3122 1647 3187 1702 ut
3225 1648 3487 1702 discussis
3538 1655 3706 1719 atque

2007 1717 2335 1771 monstratis
2383 1718 2669 1790 omnibus,
2724 1735 2850 1789 quas
2900 1720 3104 1790 cuique
3148 1718 3549 1790 convenirent,
3594 1717 3708 1774 fre-

2004 1804 2189 1913 quens
2219 1792 2343 1841 orta
2371 1789 2628 1842 confusio
2662 1789 3247 1859 solvereturflncipit
3294 1795 3485 1842 autem
3528 1806 3642 1843 non
3674 1806 3707 1844 a

2044 1858 2434 1913 eiinitionibus
2463 1859 2577 1912 suis
2598 1860 2943 1913 Aristoteles.
2968 1860 3066 1913 sed
3095 1860 3166 1913 ab
3191 1876 3391 1913 eorum
3419 1860 3704 1913 terminis.

2044 1858 2434 1913 eiinitionibus
2463 1859 2577 1912 suis
2598 1860 2943 1926 Aristoteles,
2968 1860 3066 1913 sed
3095 1858 3391 1913 ab’eorum
3419 1860 3704 1926 terminis,

2048 1930 2106 1983 ui
2135 1934 2264 1983 ante
2295 1946 2353 2001 se
2385 1930 2455 1983 ad
2496 1929 2715 2001 aliquid
2761 1946 3061 2001 perperam
3095 1931 3334 1984 definire
3379 1931 3701 1985 voluerunt.

2032 2005 2089 2054 ta
2115 2004 2309 2054 tamen
2330 2000 2451 2055 ωδε
2477 2000 3002 2067 debemus’audire,
3030 2002 3192 2071 quasi
3225 2001 3487 2055 tractatui
3518 2018 3704 2055 neces-

2004 2071 2168 2126 saria.
2203 2075 2399 2125 Astute
2429 2071 2585 2125 enim
2618 2077 2674 2125 et
2695 2072 2799 2142 _dat
2842 2071 2955 2125 illis
2984 2072 3259 2126 auxilium
3303 2072 3700 2142 philosophus,

2005 2147 2059 2196 et
2088 2141 2371 2223 medelam
2402 2143 2549 2223 male
2572 2140 2780 2223 positis
2810 2142 3073 2223 terminis
3101 2140 3328 2223 quaerit,
3358 2140 3702 2223 postea‘sua).

2004 2213 2323 2284 prolatione
2362 2213 2662 2268 sententiae
2703 2213 2918 2280 omnia,
2952 2229 3080 2283 qua:
3122 2213 3435 2284 improprie
3470 2214 3704 2268 definita

2004 2288 2177 2355 sunt,
2201 2284 2534 2354 repulsurus
2579 2293 2689 2355 περὶ
2714 2294 2800 2339 τοῦ
2828 2290 2945 2355 πρός
2968 2308 3051 2355 τι.γ
3084 2285 3168 2337 Ad
3196 2284 3423 2355 aliquid,
3442 2300 3579 2354 ergo
3609 2301 3701 2338 ca-

2004 2354 2283 2422 tegoriam
2327 2370 2595 2408 vocamus
2643 2354 2792 2422 eam,
2840 2354 2968 2424 qua:
3000 2354 3057 2408 id
3101 2354 3253 2424 quod
3284 2359 3367 2408 est
3398 2354 3606 2408 dicitur
3633 2371 3703 2409 ex

2004 2424 2203 2491 altero,
2238 2425 2357 2478 sine
2402 2427 2563 2494 cujus
2594 2424 2859 2478 societate
2907 2440 3027 2478 esse
3076 2441 3194 2478 non
3223 2426 3419 2495 possit,
3449 2429 3505 2479 et
3543 2425 3705 2495 cujus

2003 2496 2085 2549 vis
2113 2495 2300 2549 omnis
2341 2511 2407 2549 ex
2449 2495 2685 2549 alterius
2714 2495 3113 2565 conjunctione
3148 2496 3473 2549 descendit:
3507 2500 3571 2549 ut
3598 2495 3704 2549 du-

2002 2567 2164 2636 plum
2202 2565 2394 2635 simpli
2435 2565 2654 2636 dicitur,
2687 2566 2951 2635 duplum,
2997 2566 3183 2636 majus
3218 2566 3455 2620 minoris
3498 2565 3706 2620 dicitur

2005 2634 2210 2706 inajus,
2257 2634 2443 2689 simile
2487 2634 2662 2690 simili
2702 2634 2910 2689 dicitur
2940 2634 3144 2690 simile.
3191 2637 3380 2690 Claret
3420 2635 3595 2706 igitur
3634 2638 3707 2692 ad

2003 2706 2219 2777 aliquid
2266 2722 2381 2777 non
2420 2723 2524 2759 sua
2555 2706 2629 2777 vi,
2662 2706 2760 2777 sed
2789 2706 3023 2760 alterius
3065 2706 3466 2775 conjunctione
3514 2708 3705 2761 consi-

2003 2776 2172 2831 stere.
2205 2776 2417 2847 Eodem
2449 2776 2619 2830 modo
2651 2776 2978 2845 accipienda
3001 2781 3133 2829 sunt
3161 2781 3368 2847 caetera
3392 2777 3701 2847 quaeiejus-

2004 2848 2135 2903 dem
2160 2846 2461 2917 categorias
2484 2863 2603 2901 esse
2624 2851 2957 2912 noscuntur,
2985 2851 3046 2898 ut
3071 2850 3155 2900 est
3178 2846 3427 2917 habitus,
3456 2846 3702 2915 affectio,

2002 2916 2318 2988 disciplina,
2388 2917 2615 2986 positio,
2688 2933 2905 2971 sensus.
2976 2918 3105 2970 Haec
3159 2916 3513 2988 Aristoteles,
3581 2925 3693 2983 ἕξιν,

2002 2987 2227 3053 διάθεάιν,
2274 2995 2565 3057 ἐπιστήμην,
2612 2995 2761 3056 θέσιν,
2804 2995 3043 3055 αἴσθησιν,
3090 2987 3426 3041 nominavit.
3468 2989 3535 3042 Et
3580 2988 3704 3042 haec

2004 3077 2253 3131 namque
2274 3060 2526 3131 pendent
2556 3075 2622 3112 ex
2642 3060 2838 3113 altero.
2858 3059 3154 3131 Siquidem
3176 3057 3421 3131 habitus
3462 3058 3700 3131 alicujus

2003 3133 2088 3187 rei
2136 3128 2364 3185 Habitus
2417 3130 2645 3189 dicitur,
2695 3134 2751 3183 et
2803 3128 3022 3184 affectio
3076 3128 3314 3200 alicujus
3359 3128 3425 3182 ad
3484 3129 3697 3200 aliquid

2006 3202 2246 3268 affectio,
2277 3205 2332 3255 et
2360 3200 2593 3255 scientia
2624 3204 2674 3254 et
2714 3200 2918 3271 positio
2951 3205 3005 3254 et
3034 3216 3232 3253 sensus
3275 3199 3449 3253 simili
3476 3199 3699 3253 ratione

2004 3277 2336 3328 noscuntur.
2368 3274 2493 3326 Non
2524 3287 2625 3325 nos
2655 3277 2844 3327 autem
2887 3272 3201 3342 perturbet,
3248 3271 3402 3342 quod
3436 3270 3695 3342 quaedam

2004 3346 2178 3413 hujus
2233 3342 2532 3413 categorias
2585 3358 2703 3395 esse
2760 3341 3087 3410 narrantur,
3143 3341 3283 3412 quae
3326 3346 3381 3395 et
3438 3341 3701 3413 qualitati

2001 3412 2270 3470 videntur
2306 3412 2425 3469 esse
2468 3414 2789 3483 conjuncta.
2846 3414 3080 3467 Habitus
3110 3413 3263 3466 enim
3294 3416 3349 3465 et
3395 3412 3615 3466 affectio
3646 3417 3703 3483 et

2002 3486 2239 3541 scientia
2270 3490 2325 3539 et
2352 3482 2716 3555 caetera’quas
2759 3500 2888 3538 cum
2920 3484 3006 3537 his
3048 3483 3205 3555 dicta
3245 3487 3398 3555 sunt,
3442 3482 3701 3555 qualitati

2004 3557 2270 3612 videntur
2310 3556 2558 3610 maxime
2595 3552 2916 3609 convenire.
2957 3554 3064 3609 Sed
3103 3552 3483 3608 differentiam
3528 3553 3699 3607 debe-

2003 3644 2132 3704 mus
2156 3628 2474 3704 advertere,
2497 3642 2611 3704 qlua
2648 3625 2886 3704 haerdute
2903 3624 3224 3704 categorias,
3248 3622 3305 3678 id
3327 3627 3409 3677 est
3432 3623 3698 3704 quaiitas,

2004 3702 2059 3753 et
2106 3698 2178 3753 ad
2226 3697 2461 3768 aliquid,
2499 3694 2615 3768 sive
2662 3703 2779 3768 πρᾴς
2810 3719 2858 3750 τι
2893 3704 2974 3768 τεαὶ
3012 3694 3227 3768 storm-n5,
3271 3711 3329 3768 _a‘
3353 3710 3412 3747 se
3456 3694 3700 3768 invicem

2004 3763 2359 3841 separantur.
2393 3763 2623 3841 Quoties
2658 3763 2812 3841 enim
2843 3765 3078 3820 scientia
3108 3763 3421 3841 cujuslibet
3442 3764 3525 3818 rei
3570 3780 3699 3835 quae

2003 3835 2087 3895 sit
2102 3838 2332 3904 scibilis,
2367 3836 2603 3893 scientia
2647 3836 2875 3901 dicitur,
2908 3841 2964 3890 et
3015 3835 3213 3891 sensus
3259 3835 3342 3889 rei
3374 3836 3513 3906 ejus.
3570 3850 3698 3906 quae

2003 3911 2077 3965 sit
2105 3909 2407 3976 sensibilis,
2434 3924 2631 3962 sensus
2660 3907 2895 3974 dicitur;
2923 3911 3059 3961 tunc
3083 3907 3155 3961 ad
3181 3906 3399 3977 aliquid
3424 3906 3699 3961 debemus

2004 3981 2257 4053 accipere
2276 3997 2293 4053 _:
2323 3984 2389 4053 at
2415 3995 2546 4053 cum
2571 3978 2806 4053 seientia
2826 3982 2923 4033 aut
2939 3978 3380 4053 disciplinanon
3405 3977 3490 4031 rei
3518 3977 3701 4047 cujus-

2002 4048 2165 4121 libet,
2194 4051 2293 4106 sed
2323 4050 2575 4105 hominis
2600 4050 2826 4115 dicitur,
2863 4049 3196 4174 qualitatem
3227 4048 3499 4102 debemus
3526 4065 3702 4118 agno-

2003 4140 2175 4174 scere.
2229 4124 2359 4174 Haec
2398 4126 2483 4174 est
2524 4120 2755 4174 interim
2810 4120 2863 4173 di
2913 4120 3148 4174 erentia.
3204 4120 3336 4173 licet
3379 4119 3425 4172 si
3472 4119 3698 4174 nroorie

2003 4119 2175 4177 scere.
2229 4124 2359 4176 Haec
2398 4126 2483 4175 est
2524 4120 2755 4174 interim
2810 4119 3148 4187 differentia,
3204 4120 3336 4173 licet
3379 4119 3425 4172 si
3471 4119 3698 4189 proprie

2002 4192 2559 4271 hauc_categ_oriam,
2610 4207 2736 4271 quas
2785 4190 2855 4244 ad
2892 4189 3115 4271 aliquid
3161 4188 3386 4255 dicitur,
3431 4188 3700 4271 volumus

2003 4264 2262 4326 definire,
2298 4258 2358 4316 u't
2389 4279 2418 4315 a
2448 4258 2666 4315 caeteris
2686 4266 2980 4331 separetur
2995 4258 3325 4331 '(inromnes
3351 4258 3507 4331 enim
3537 4260 3699 4314 vide-

2003 4341 2098 4389 tur
2128 4335 2433 4401 incurrere)
2462 4352 2476 4397 ;
2506 4332 2618 4386 alio
2652 4330 2822 4386 modo
2852 4348 2978 4385 eam
3018 4330 3256 4385 definire
3300 4330 3592 4401 debemus,
3627 4345 3699 4384 ne

2004 4420 2228 4476 semper
2269 4419 2475 4474 parum
2521 4402 3008 4476 considerantibus
3049 4416 3209 4476 error
3248 4400 3493 4476 _oriatur.
3544 4402 3701 4476 Tunc

2005 4470 2146 4546 ergd
2167 4480 2219 4530 et
2259 4470 2390 4529 vere
2422 4477 2478 4528 et
2513 4474 2741 4545 proprie
2773 4473 2858 4546 adi
2886 4470 3103 4546 aliquid
3127 4470 3375 4546 _dicitur,
3416 4487 3572 4546 cum_
3594 4472 3699 4546 sub

2005 4540 2120 4601 un'o
2149 4550 2279 4601 ortu
2308 4540 2728 4617 atqueoccasu,
2760 4548 2817 4597 et
2847 4543 2901 4596 id
2938 4540 3093 4613 quod
3116 4540 3401 4617 jungitur,
3434 4546 3491 4595 et
3518 4541 3576 4595 id
3606 4542 3699 4595 cui

2000 4618 2284 4694 jungitur,
2295 4611 2629 4694 invenitur:
2655 4619 2717 4694 ut
2734 4618 2874 4694 puta
2897 4611 3087 4667 servus
3101 4611 3157 4694 et
3173 4611 3456 4694 d‘eminus,
3479 4617 3702 4694 utru‘m-

2007 4682 2235 4760 que'vel
2264 4682 2431 4760 Simul
2455 4692 2561 4753 est,
2592 4686 2678 4739 vel
2705 4682 2873 4760 simul
2906 4688 3152 4760 nonest.
3187 4682 3406 4737 Etenim
3436 4699 3566 4737 cum
3594 4683 3701 4737 do-

2006 4755 2229 4814 minum
2253 4759 2482 4823 dixeris,
2504 4755 2821 4810 necessario
2852 4756 3053 4809 existet
3075 4758 3131 4807 et
3156 4769 3381 4820 servus;
3413 4770 3543 4807 cum
3571 4770 3701 4807 vero

2006 4831 2303 4885 dominum
2323 4827 2542 4893 tuleris,
2567 4842 2670 4880 nec
2688 4842 2881 4880 servus
2901 4824 3701 4896 apparet.rSimiliterduplum

2007 4907 2063 4956 et
2101 4902 2393 4972 simplum,
2438 4898 2784 4972 alterutrum
2824 4913 2886 4972 se
2924 4895 3011 4950 vel
3049 4895 3343 4972 perimunt
3384 4895 3471 4972 vel
3511 4899 3698 4972 osten-

2006 4973 2185 5028 dunt:
2213 4964 2539 5041 'apparente
2570 4968 2724 5041 enim
2754 4968 2949 5041 duplo,
2979 4964 3231 5041 nascitur
3259 4966 3528 5035 simplum
3534 4964 3704 5041 idu-

2050 5045 2101 5097 lo
2129 5034 2425 5114 pereunte,
2466 5056 2571 5114 nec
2600 5034 3112 5114 simplumpoterit
3134 5034 3496 5114 permanere.
3531 5034 3703 5114 Simi:

2050 5061 2101 5097 ΙΟ
2129 5061 2425 5114 pereunte,
2467 5061 2571 5093 1186
2600 5061 2871 5108 διωριιιυι
2905 5061 3112 5109 pater".
3138 5061 3496 5108 pertimuere.
3531 5061 3703 5089 Dilut-

2006 5061 2251 5184 fiterque
2280 5111 2329 5184 si
2378 5111 2650 5184 simplum
2696 5126 2814 5184 non
2853 5110 2941 5173 sit,
2988 5126 3089 5164 nec
3117 5110 3355 5184 duplum
3404 5111 3524 5184 est;
3569 5111 3626 5184 et
3657 5105 3705 5159 si

2008 5175 2279 5264 simplum
2307 5175 2509 5249 fuerit,
2533 5186 2587 5235 et
2616 5182 2855 5264 duplum
2883 5175 3213 5264 necessario
3232 5175 3545 5264 apparebit.
3568 5176 3703 5256 Spe-

2006 5252 2225 5311 cialiter
2253 5260 2443 5308 tamen
2476 5269 2540 5306 ac
2568 5252 2925 5320 regulariter,
2967 5257 3028 5305 ut
3055 5253 3176 5305 haec
3205 5252 3490 5318 categoria
3519 5252 3704 5320 mani-

2008 5326 2204 5382 festius
2228 5324 2612 5395 dignoscatur,
2635 5318 2781 5395 haec
2804 5323 2892 5395 via
2910 5318 3027 5395 est,
3062 5337 3175 5395 qua
3205 5320 3477 5373 debemus
3507 5318 3706 5371 adver-

2007 5401 2147 5465 tere,
2171 5391 2459 5450 non'recte
2482 5394 2592 5449 dici
2622 5394 2692 5448 ad
2714 5394 2948 5465 aliquid,
2973 5391 3089 5465 nisi
3112 5407 3243 5445 cum
3264 5398 3561 5465 iutiéxac'rov
3590 5398 3706 5460 πρὸς

2009 5461 2307 5523 mesico-coxa
2326 5473 2639 5536 ἀναφέρεται,
2670 5466 2775 5519 hoc
2798 5461 2888 5536 est
2907 5462 3199 5536 singulare
3217 5461 3286 5515 ad
3309 5461 3597 5536 singulare
3612 5478 3708 5536 _re-

2009 5540 2207 5594 fertur.
2240 5538 2298 5593 Si
2338 5530 2568 5608 quidem
2619 5530 2749 5590 cum
2784 5530 3328 5608 dicimusduplum,
3372 5531 3494 5608 sine
3533 5530 3707 5608 dubio

2010 5626 2127 5665 non
2158 5602 2522 5679 generaliter,
2557 5608 2655 5663 sed
2685 5605 3008 5679 specialiter
3032 5602 3411 5679 hoc’duplum
3441 5602 3706 5664 dicimus,

2011 5684 2068 5735 et
2095 5676 2268 5750 hujus
2312 5680 2500 5749 simpli
2540 5676 3075 5750 duplumdicimus.
3118 5678 3196 5729 Ac
3235 5679 3538 5750 propterea
3575 5678 3711 5750 tunc

2014 5769 2143 5807 vere
2180 5744 2259 5807 ad
2298 5744 2513 5823 aliquid
2557 5744 2841 5820 categoria
2870 5752 2971 5815 est,
3014 5744 3258 5818 quoties,
3304 5744 3462 5801 verbi
3506 5744 3710 5816 gratia,
