4014 6164
288 215 414 269 1431

284 336 572 392 Socratem
603 336 918 408 Chrysippo
959 336 1199 390 dicimus
1230 353 1348 391 esse
1382 338 1545 408 vultu
1589 336 1974 392 consimilem.

285 409 565 463 Caeterum
599 424 712 478 quo
742 413 904 478 pacto
954 409 1039 460 vel
1090 408 1235 478 quis,
1271 409 1356 461 vel
1387 408 1474 461 cui
1507 407 1578 461 sit
1626 409 1829 462 similis
1885 409 1984 462 de-

288 478 753 544 monstrabimus,
783 479 891 531 nisi
920 483 974 531 et
1003 480 1129 548 quis
1155 479 1352 531 similis
1369 479 1460 544 sit,
1491 484 1546 532 et
1567 479 1657 532 cui
1686 479 1758 532 sit
1783 479 1986 533 similis

288 549 662 621 personaliter
704 549 1057 621 indicemus?
1090 549 1196 603 Sed
1235 554 1367 602 sunt
1409 550 1681 620 quidnam
1723 551 1821 620 qui
1852 551 1986 604 huic

289 620 611 675 deﬁnitioni
666 620 841 673 velint
898 635 1124 672 movere
1181 622 1526 690 supertluam
1585 622 1981 690 quaestionem,

291 695 607 745 asserentes
634 690 874 743 inveniri
904 707 1066 760 posse
1088 691 1156 743 ad
1181 691 1397 761 aliquid
1426 691 1641 745 dictum
1671 694 1820 762 quod
1853 699 1985 746 ante

290 763 377 826 sit,
397 766 452 815 et
468 766 660 833 postea
683 766 942 833 nascatur
973 762 1122 831 quod
1151 762 1217 816 de
1245 762 1368 832 ipso
1399 763 1599 817 debeat
1627 763 1981 833 nuncupari;

294 837 355 887 ut
376 836 496 902 jam
545 832 840 884 videantur
889 832 1009 885 haec
1041 833 1154 887 duo
1186 849 1288 886 nec
1328 838 1454 886 ortu
1506 850 1609 887 nec
1638 832 1838 887 occasu
1877 834 1986 888 sibi

293 919 411 957 esse
442 903 740 970 conjuncta
767 918 780 956 :
815 918 879 955 ac
908 903 1047 974 dant
1091 905 1352 974 exempla
1391 905 1598 957 scibilis
1629 910 1685 958 et
1714 905 1982 972 scientim,

292 978 604 1027 asserentes
651 977 782 1025 ante
803 1044 810 1045 ί
831 973 1021 1026 scibile
1054 973 1334 1042 fuisse,’et
1381 980 1506 1045 post
1538 977 1660 1044 ejus
1692 976 1989 1030 scientiam

291 1049 672 1116 consecutam.
692 1045 764 1116 Ve
774 1044 856 1096 rbi
870 1045 1051 1116 gratia
1063 1047 1208 1114 apud
1227 1044 1603 1116 geometricos
1621 1051 1748 1100 ante
1764 1056 1986 1116 γραμμῆ,

291 1116 378 1188 vel
409 1114 652 1168 circulus
692 1115 815 1188 fuit,
849 1115 943 1169 sed
976 1132 1174 1170 eorum
1213 1114 1448 1170 scientia
1479 1123 1670 1188 postea
1695 1134 1727 1169 a
1748 1114 1990 1188 sapiens

291 1187 446 1258 tibus
475 1186 888 1254 comprehensa
917 1191 1038 1258 est:
1070 1186 1495 1258 proptereaque
1520 1193 1646 1242 ante
1678 1187 1850 1242 fuisse
1882 1189 1988 1241 sci-

292 1257 427 1324 bile,
464 1258 520 1309 in
567 1271 679 1326 quo
727 1259 904 1326 possit
950 1257 1192 1312 scientia’
1215 1257 1470 1328 reperiri.
1506 1261 1618 1312 Hoc
1652 1262 1988 1328 argumento

291 1328 471 1399 igitur
500 1331 822 1381 monstrant
852 1329 1032 1381 multa
1069 1345 1187 1381 esse
1219 1331 1388 1399 hujus
1428 1329 1747 1400 categoriae,
1785 1329 1991 1400 quibus

294 1415 409 1453 non
435 1403 491 1451 et.
525 1402 681 1451 ortus
704 1403 760 1450 et
805 1415 1034 1450 occasus
1079 1400 1339 1453 videatur
1386 1417 1503 1452 esse
1556 1400 1892 1454 communis.
1927 1401 1993 1454 Et

295 1468 580 1522 sensibilis
624 1468 777 1520 enim
824 1485 1134 1540 sensusque
1184 1472 1510 1540 exemplum
1556 1471 1730 1524 simili
1774 1470 1991 1523 ratione

295 1547 554 1612 constare
601 1539 984 1612 contendunt:
1032 1540 1310 1612 siquidem
1352 1539 1645 1595 sensibilia
1693 1546 1823 1595 ante
1869 1542 1991 1595 fue-

296 1612 432 1666 rint.
482 1611 770 1682 Elementa
817 1610 969 1664 enim
1023 1610 1231 1681 quibus
1281 1629 1451 1666 omne
1498 1628 1706 1682 corpus
1752 1616 1988 1678 constat,

294 1689 426 1735 ante
475 1681 723 1754 fuerunt,
779 1696 951 1750 quam
1011 1697 1217 1754 corpus
1265 1700 1328 1737 ex
1388 1683 1474 1736 his
1518 1681 1752 1754 aliquod
1801 1699 1992 1736 nasce-

297 1757 488 1825 retur,_
517 1750 573 1802 in
607 1765 735 1825 quod
753 1767 950 1825 sensus
985 1750 1266 1806 existeret.
1304 1754 1400 1807 His
1432 1750 1992 1825 igitur—argumentis

295 1821 600 1896 ostendunt
631 1819 1021 1877 deﬁnitionem
1051 1825 1373 1896 categoriaz,
1409 1819 1535 1894 quae
1571 1825 1637 1878 ad
1669 1819 1879 1896 aliquid
1914 1824 1992 1878 di-

296 1894 465 1966 citur,
505 1907 621 1944 non
675 1896 823 1945 recte
881 1909 1000 1948 esse
1049 1894 1306 1948 deﬁxam.
1360 1898 1487 1949 Hazc
1544 1897 1729 1950 solent
1763 1894 1990 1966 parum

294 1964 601 2033 diligenter
631 1967 891 2018 naturam
920 1981 1112 2019 rerum
1144 1967 1430 2020 intuentes
1469 1971 1741 2020 astruere.
1789 1964 1994 2021 Omnia

295 2035 447 2088 enim
479 2049 607 2104 quae
636 2038 784 2108 sunt,
833 2039 930 2108 aut
978 2037 1224 2090 naturali
1269 2037 1527 2108 potentia
1566 2037 1832 2091 dicuntur
1871 2054 1992 2091 esse

295 2111 394 2160 aut
469 2103 797 2174 operatione
875 2107 1141 2174 faciendi,
1211 2103 1351 2178 quas
1423 2109 1601 2162 Greci
1669 2116 1873 2178 δύναμιν
1913 2117 1994 2163 καὶ

296 2183 539 2250 ἐνέργειᾳγ
596 2179 818 2250 vocant.
877 2177 1055 2250 Quas,
1102 2179 1167 2250 si
1215 2177 1342 2250 quis
1407 2195 1668 2248 separare
1728 2180 1990 2250 voluerit,

296 2244 423 2321 nec,
455 2247 570 2300 ulla
620 2244 888 2300 societate
928 2244 1272 2321 confundere
1321 2244 1600 2320 intelliget
1655 2250 1725 2304 ad
1774 2249 1992 2321 aliquid

295 2318 511 2391 dictum
541 2331 659 2391 non
689 2331 854 2386 posse
885 2335 1005 2391 esse
1038 2320 1157 2391 sine
1188 2321 1386 2386 altero,
1423 2318 1584 2391 cujus
1616 2337 1736 2374 esse
1765 2318 1988 2374 dicitur.

294 2389 489 2462 Scibili
517 2388 670 2444 enim
705 2395 926 2460 γραμμῆ,
957 2390 1070 2462 sive
1097 2390 1328 2462 circulo,
1358 2391 1417 2444 in
1462 2388 1582 2462 ipso
1613 2397 1993 2462 ortunaturze

295 2458 531 2532 scientia
577 2458 922 2532 sociataest.
953 2460 1146 2532 Simul
1184 2477 1454 2532 namque
1483 2458 1576 2515 'ut
1629 2461 1824 2516 scibile
1871 2477 1993 2515 esse

293 2529 483 2600 coepit,
517 2530 716 2586 habuit
766 2530 1059 2586 scientiam
1109 2531 1216 2596 sui,
1249 2529 1618 2586 sed'necdum
1651 2539 1882 2602 ἑνεργεια,
1936 2533 1990 2586 id

296 2603 380 2654 est.
427 2603 755 2673 operatione
805 2606 1118 2655 monstrata
1155 2605 1258 2656 est.
1307 2604 1425 2656 Non
1474 2619 1608 2673 ergo
1649 2608 1784 2656 tunc
1822 2603 1995 2673 coepit

296 2686 417 2744 esse
465 2672 700 2744 scientia
743 2675 886 2744 ejus,
934 2673 1160 2744 quando
1203 2673 1372 2743 cmpit
1413 2673 1658 2743 operari,
1709 2675 1807 2727 sed
1863 2672 1992 2728 cum

294 2741 418 2812 ipso
439 2743 619 2796 scibili
641 2741 896 2808 orta'est,
919 2741 1170 2814 operatio
1195 2741 1389 2814 pos—tea
1411 2741 1496 2798 est
1523 2749 1845 2798 consecuta.
1873 2745 1992 2798 Dis-

295 2815 731 2885 cernerecnim
789 2831 892 2869 nos
950 2819 1173 2884 'oportet
1237 2815 1586 2885 operationis
1640 2815 1989 2869 exordium:

294 2887 430 2937 tunc
469 2884 623 2939 enim
663 2902 970 2957 possumus
1003 2884 1293 2939 advertere
1327 2885 1618 2939 scientiam
1649 2902 1780 2940 cum
1811 2886 1992 2940 scibili

296 2970 414 3007 esse
462 2963 842 3028 procreatam,
889 2957 1281 3028 operationem
1331 2973 1459 3028 vero
1509 2957 1628 3027 ejus
1661 2957 1991 3028 apparuisse

255 3024 264 3028 “
295 3024 878 3099 posteaindagationc
905 3024 1294 3099 prudentium.
1319 3024 1826 3098 Quibus'depulsis,
1852 3028 1994 3099 opti-

296 3097 794 3169 macdeﬁnitio‘est
825 3097 1136 3169 adialiquid
1184 3099 1510 3166 relatorum,
1554 3097 1778 3168 semper
1817 3097 1990 3152 ea'si-

294 3168 531 3238 mulvel
565 3168 870 3238 exstingui,
907 3169 991 3221 vel
1019 3168 1190 3222 nasci.
1221 3169 1364 3222 lllud
1395 3186 1527 3222 sane
1561 3169 1835 3223 debemus
1867 3186 1986 3224 me-

293 3237 476 3311 moria
515 3237 802 3311 continere
843 3256 956 3292 non
1001 3239 1304 3311 omniaad
1349 3240 1565 3311 aliquid
1605 3241 1753 3294 dicta
1791 3240 1994 3295 iisdem

295 3308 514 3382 casibus
543 3309 744 3382 referri
773 3311 841 3382 ad
875 3326 941 3382 ea
966 3309 1172 3382 quibus
1193 3308 1544 3380 junguntur;
1576 3311 1670 3364 sed
1704 3311 1816 3364 alia
1840 3312 1997 3382 geni-

293 3379 611 3452 tivo‘casui,
651 3381 758 3434 alia
792 3379 998 3447 dativo,
1043 3379 1325 3451 pleraque
1348 3381 1592 3435 ablativo
1623 3379 1893 3452 copulari.
1932 3385 1995 3437 Et

294 3449 545 3524 genitivo
582 3452 843 3524 quidem,
879 3456 942 3524 ut
970 3467 1162 3504 servus
1215 3449 1448 3524 domini,
1491 3449 1733 3524 duplum
1767 3453 1986 3523 simpli.

294 3520 512 3592 Dativo,
549 3520 733 3576 simile
769 3522 963 3589 simili,
997 3539 1101 3592 par
1128 3522 1268 3592 pari.
1317 3520 1594 3577 Ablativo'
1617 3541 1771 3592 vero,
1809 3520 1994 3578 sensi-

291 3590 404 3663 bile
443 3608 608 3645 sensu
641 3595 928 3661 sensibile,
965 3590 1158 3647 scibile
1193 3594 1429 3648 scientia
1461 3595 1672 3663 scibile,
1707 3590 1764 3649 et
1790 3600 1995 3650 caetera

290 3661 640 3736 hujusmodi,
686 3681 814 3736 quas
854 3664 1022 3718 variis
1066 3664 1288 3736 casibus
1329 3665 1563 3719 alterius
1593 3661 1860 3720 societate
1893 3683 1992 3721 ne-

287 3736 542 3807 ctuntur.
573 3735 725 3807 Inest
753 3740 948 3790 autem
993 3735 1123 3789 huic
1155 3738 1453 3807 categorim
1485 3741 1539 3789 et
1578 3737 1682 3790 soli
1725 3742 1782 3791 et
1811 3737 1989 3806 omni,

291 3803 520 3857 utinter
533 3806 839 3877 conjuncta
860 3807 993 3874 duo,
1019 3823 1147 3876 quae
1168 3823 1231 3860 ex
1257 3803 1313 3861 se
1333 3808 1641 3877 pendeant,
1667 3807 1737 3863 sit
1775 3803 1995 3862 alterna

291 3874 774 3950 conversio,‘rquaa
815 3893 1013 3950 graece
1035 3874 1243 3950 dicitur
1270 3874 1594 3950 alimmum.
1628 3874 1709 3950 Ut
1751 3879 1993 3950 duplum

290 3942 483 4026 simpli
505 3942 734 4026 dicitur,
767 3942 1120 4026 ei'simpliim
1151 3947 1329 4026 dupli,
1361 3952 1418 4000 et
1441 3942 1634 4026 servus
1661 3942 1900 4026 domini,
1936 3954 1994 4026 et

290 4013 556 4067 dominus
587 4013 750 4088 servi.
786 4013 1036 4087 Apparet
1065 4033 1202 4088 ergo
1230 4013 1352 4088 hac
1392 4018 1654 4088 copulata
1692 4013 1899 4073 vicaria
1932 4020 1992 4075 in

288 4089 466 4162 semet
495 4086 864 4162 replicatione
891 4086 1166 4162 converti,
1196 4087 1242 4141 si
1274 4086 1477 4162 tamen
1497 4088 1738 4162 scienter
1770 4095 1828 4144 et
1854 4107 1990 4162 pru-

286 4155 486 4229 denter
514 4156 621 4211 ista
651 4159 747 4211 ﬁat
776 4158 1088 4212 conversio.
1123 4160 1263 4212 Nam
1295 4159 1341 4212 si
1371 4158 1633 4229 imperite
1663 4161 1785 4215 haec
1826 4155 1990 4216 voca-

288 4227 422 4304 bula
453 4233 876 4304 convertantur,
913 4229 1095 4304 oritur
1126 4246 1333 4301 magna
1361 4227 1618 4285 confusio
1644 4248 1656 4285 :
1694 4237 1754 4285 ut
1785 4232 1831 4286 si
1862 4233 1990 4304 quis

286 4296 552 4371 imperite
601 4299 828 4368 dixerit,
864 4296 987 4354 avis
1025 4296 1294 4371 pennam,
1336 4303 1506 4356 stulta
1546 4303 1838 4357 conversio
1877 4296 1986 4359 est.

285 4369 412 4454 lyon
441 4369 592 4423 enim
618 4386 807 4440 penna
834 4369 1279 4452 omnis—avisest
1302 4388 1314 4426 :
1341 4373 1388 4454 si
1413 4373 1642 4454 quidem
1675 4379 1808 4428 sunt
1836 4391 1990 4446 qum-

283 4439 416 4493 dam
436 4439 658 4510 penna},
676 4458 804 4513 quae
824 4459 940 4496 non
961 4448 1092 4497 sunt
1108 4443 1318 4510 avium,
1336 4439 1750 4513 utcicadarum,
1771 4439 1992 4499 musca-

285 4525 436 4584 rum,
460 4517 916 4584 caeterorumque
947 4514 1304 4579 animalium,
1334 4531 1460 4584 qua:
1485 4515 1752 4568 similiter
1781 4523 1987 4572 natura

283 4579 560 4665 formavit:
582 4583 742 4646 Quod
766 4585 810 4637 si
822 4579 965 4665 quis
978 4601 1225 4665 pennam
1245 4579 1740 4665 pen—naiipennam
1757 4587 1984 4656 dixerit,

282 4652 447 4774 quasi
477 4657 598 4706 rata
627 4652 917 4708 conversio
957 4652 1057 4709 e'st.
1093 4657 1204 4709 Hoc
1244 4652 1363 4710 loco
1395 4652 1618 4710 libitum
1665 4661 1768 4722 est,
1815 4652 1982 4728 quas;

322 4736 414 4774 am
444 4723 724 4774 tenebras-
761 4743 890 4774 num
920 4742 1212 4774 emergere
1236 4743 1300 4774 nx
1326 4727 1750 4774 categoriarum
1779 4727 1982 4774 simili.

322 4736 414 4797 ain
444 4723 725 4797 tenebras,
761 4743 890 4797 qua:
920 4742 1212 4796 emergere
1236 4743 1300 4780 cx
1326 4727 1752 4797 categoriarum
1779 4723 1984 4784 simili-

281 4791 479 4846 tudine
511 4791 1052 4869 assolent-aperire.
1083 4791 1379 4869 Siquidem
1411 4791 1542 4852 cum
1569 4798 1811 4852 dicimus
1841 4815 1984 4869 pen-

281 4878 415 4940 nam
445 4865 698 4940 pennati,
733 4871 789 4919 et
816 4865 986 4938 caput
1021 4865 1270 4940 capitati,
1315 4869 1578 4923 videmur
1614 4869 1750 4922 asiae
1794 4865 1983 4940 partes

280 4933 758 5012 inaccidentibus
791 4933 1025 5012 ponere.
1074 4933 1269 4994 Penna
1311 4940 1471 5012 enim,
1494 4941 1615 4994 sine
1647 4933 1820 4995 dubio
1849 4958 1981 5012 pars

278 5005 417 5083 usiaa
447 5011 549 5083 est,
583 5007 670 5083 vel
704 5005 874 5083 caput
900 5010 986 5062 vel
1016 5025 1238 5083 manus,
1257 5027 1397 5083 qua:
1422 5011 1566 5083 Asiad
1591 5011 1808 5083 aliquid
1838 5005 1981 5067 refe-

280 5027 417 5059 usue
447 5027 549 5086 est,
584 5027 670 5060 vei
704 5027 874 5076 caput
900 5027 986 5062 Vel
1016 5027 1238 5078 manus,
1269 5027 1397 5135 quae
1433 5028 1477 5063 ει
1498 5027 1566 5066 aa
1591 5027 1808 5083 aliquid
1838 5027 1978 5067 rete-

278 5082 496 5152 rantur,
531 5078 867 5152 iniernsias
899 5084 954 5133 et
993 5081 1060 5134 ad
1092 5081 1266 5152 aliqui
1347 5081 1632 5136 videbitur
1667 5084 1824 5136 nulla
1855 5099 1978 5138 esse

276 5145 558 5202 discretio.
595 5149 666 5203 Ut
694 5148 871 5220 igitur
899 5145 1230 5205 amoveatur
1270 5152 1534 5206 universa
1566 5153 1843 5220 confusio,
1875 5155 1976 5208 ad-

274 5221 492 5301 vertere
533 5235 647 5301 nos
668 5226 1051 5301 oportethquo
1093 5228 1274 5301 pacto,
1306 5229 1363 5301 ct
1400 5240 1531 5301 vere
1561 5225 1875 5301 etprop‘ric
1907 5227 1976 5282 ad

275 5288 507 5366 aliquid
541 5288 841 5366 deﬁnitum
872 5288 972 5366 sit:
992 5294 1071 5366 Ita
1093 5288 1400 5366 enim’ejus
1422 5288 1678 5349 deﬁnitio
1701 5288 1972 5366 se'habet,

275 5364 338 5438 ut
367 5361 589 5438 dicatur
614 5363 683 5417 ad
713 5364 947 5436 aliquid,
975 5365 1146 5438 cujus
1174 5364 1228 5418 id
1260 5361 1412 5436 quod
1442 5371 1525 5419 est
1554 5369 1765 5438 pendet
1793 5383 1859 5422 ex
1890 5361 1973 5422 all

272 5432 654 5511 tero,.cu_ique
687 5432 910 5489 necesse
942 5437 1012 5511 sit
1041 5432 1428 5507 singulariter,
1459 5437 1524 5511 id
1547 5432 1629 5490 est
1653 5446 1970 5511 καᾼθέκαστον,

271 5502 478 5578 vicaria
507 5502 579 5556 in‘
598 5510 777 5578 semet
813 5502 1439 5562 mutatione'converti.
1486 5509 1600 5562 Hoc
1626 5509 1754 5578 quis
1779 5502 1968 5563 consi-l

273 5570 490 5650 derato,
539 5576 803 5650 reperiet,
841 5594 945 5650 nec
991 5580 1227 5650 pennati
1276 5595 1547 5650 pennam,
1599 5570 1701 5633 nec
1739 5581 1971 5649 capitati

271 5647 442 5713 caput
469 5649 623 5721 recte
653 5649 932 5721 possead
962 5647 1176 5721 aliquid
1220 5647 1544 5704 nominari:
1577 5666 1693 5704 non
1723 5647 1875 5705 enim
1907 5656 1971 5706 ut

269 5714 504 5784 pennati
535 5714 782 5786 pennam
811 5714 1076 5788 dicimus;
1107 5722 1184 5775 sic
1213 5737 1515 5791 possumus
1544 5721 1732 5776 dicere
1761 5739 1967 5792 pennae

1671 214 2099 270 CATEGORL‘E
2141 211 2405 270 DECEM.

3673 208 3794 259 1'13?

2092 340 2432 408 pennatam,
2453 335 2542 408 vel
2561 331 2762 408 capitis
2788 331 3097 408 capitatam
3122 347 3136 384 :
3164 330 3221 408 id
3242 346 3492 402 namque
3521 331 3626 402 qui
3656 331 3796 385 dixe-

2094 406 2186 474 rit,
2238 406 2593 461 irridebitur.
2646 406 2772 458 Esse
2818 406 2968 456 enim
3018 407 3288 474 pennato,
3339 418 3453 456 non
3499 418 3569 456 ex
3618 419 3797 472 penna

2095 478 2413 544 descendit;
2458 492 2641 548 neque
2703 490 2894 544 penna
2944 490 3007 527 ex
3043 480 3295 548 pennata
3322 479 3569 528 constat.
3601 474 3796 528 Simili-

2094 555 2292 621 terque
2321 545 2631 621 capitatum
2663 562 2775 599 non
2803 550 3024 621 constat
3062 561 3144 621 ex,
3171 545 3384 621 capite,
3404 561 3602 615 neque
3639 552 3799 621 caput

2095 638 2159 674 ex
2199 615 2451 690 capitato
2495 618 2719 672 videtur
2760 616 3087 690 consistere.
3122 620 3193 669 At
3237 615 3386 686 quod
3431 631 3566 668 vere
3599 616 3674 669 ad
3714 616 3800 690 ali-

2138 692 2230 745 uid
2274 687 2489 745 dicitur
2535 688 2786 743 converti
2830 703 2934 757 per
2980 687 3128 740 vices
3171 693 3377 757 potest,
3427 693 3490 740 ut
3542 689 3799 755 superius

2134 763 2361 828 iximus,
2405 761 2670 816 dominus
2713 759 2856 812 servi
2904 758 3192 820 dominus,
3237 762 3292 811 et
3337 774 3538 810 servus
3585 759 3798 811 domini

2095 848 2332 886 servus:
2371 837 2426 886 et
2473 846 2666 885 rursus
2707 831 2991 883 subtracto
3038 844 3200 882 servo
3241 829 3507 882 dominus
3549 844 3671 881 non
3702 835 3799 893 est,

2097 909 2315 958 remoto
2356 903 2590 957 domino
2631 917 2733 955 nec
2774 916 2966 953 servus
3005 903 3260 970 apparet.
3304 901 3636 953 Pennatum
3677 915 3800 952 vero

2097 991 2214 1028 esse
2245 991 2281 1044 p
2309 974 2476 1037 iterit,
2509 973 2679 1026 etiam
2705 987 2896 1042 penna
2924 975 3228 1044 pereunte;
3249 975 3306 1044 _e_t
3327 986 3560 1024 rursum
3595 986 3799 1044 penna,

2096 1041 2370 1116 pereunte
2401 1049 2671 1114 pennato,
2702 1041 2889 1116 potest
2917 1042 3640 1116 esse._Con_siderataiergo
3673 1041 3801 1116 deti-

2096 1113 2314 1170 iiitione
2346 1113 2514 1186 hujus
2544 1113 2866 1186 categorias,
2900 1113 3110 1186 poterit
3148 1113 3321 1186 etiam
3351 1113 3715 1186 confusionis
3743 1130 3802 1166 ex

2098 1183 2472 1241 similitudine
2523 1183 2729 1239 exortae
2769 1183 3032 1238 discretio
3081 1184 3608 1254 reperiri.7Eodem
3649 1189 3802 1253 pacto

2097 1273 2402 1330 possumus
2432 1257 2576 1310 hanc
2605 1255 2949 1330 categoriam
2982 1259 3037 1307 et
3073 1253 3578 1330 ab’oppositorum
3610 1255 3804 1330 simili-

2097 1325 2296 1383 tudine
2325 1343 2606 1398 separare.
2632 1328 2772 1380 Nam
2803 1331 2860 1379 et
2885 1325 3148 1396 opposita
3178 1326 3805 1398 ἀντικείμεναηΑΓὶξιῡιε-

2099 1401 2179 1453 les
2224 1396 2405 1463 vocat,
2447 1399 2751 1470 quamdam
2803 1397 2974 1470 hujus
3019 1397 3321 1470 categoria:
3369 1396 3806 1470 similitudinem

2099 1471 2350 1524 reddunt
2377 1486 2390 1522 :
2421 1467 2705 1540 siquidem
2735 1469 2982 1540 calidum
3013 1472 3069 1520 et
3094 1467 3367 1540 frigidum
3400 1467 3681 1540 videntur
3709 1467 3805 1519 sibi

2100 1538 2807 1612 appositionis—societate;
2831 1538 3179 1612 conjuncta:
3227 1538 3325 1612 sed
3379 1538 3641 1612 calidum
3701 1554 3806 1590 non

2100 1608 2292 1682 frigidi
2339 1612 2609 1679 calidum,
2642 1611 2736 1664 sed
2772 1609 2990 1682 frigido
3042 1608 3370 1682 oppositum
3413 1609 3710 1682 dicimus;
3759 1614 3808 1662 et

2094 1679 2312 1754 justum
2365 1698 2480 1735 non
2520 1682 2716 1754 injusti
2761 1681 3000 1754 justum,
3046 1679 3142 1733 sed
3191 1679 3410 1754 injusto‘
3451 1680 3807 1754 contrarium

2101 1750 2480 1807 nominamus.
2511 1751 2842 1806 Aristoteles
2862 1751 3114 1821 quidem,
3140 1755 3206 1804 ut
3235 1750 3294 1803 in
3325 1750 3622 1820 principio
3647 1751 3807 1820 hujus

2100 1824 2400 1893 categorias
2429 1823 2698 1884 diximus,
2731 1823 2911 1876 multa
2951 1822 3214 1893 exempla
3243 1822 3543 1893 proponit,
3578 1838 3712 1892 quae
3747 1822 3807 1875 ad

2101 1892 2246 1949 hanc
2276 1911 2392 1948 non
2422 1895 2526 1948 sub
2555 1900 2708 1948 certa
2737 1895 2922 1948 forma
2953 1892 3235 1964 pertinere
3267 1892 3597 1956 videantur,
3624 1894 3805 1946 volens

2100 1967 2168 2020 de
2199 1966 2679 2037 consequentibus
2708 1964 3125 2037 reprehendere
3143 1963 3288 2037 yitia
3311 1974 3688 2037 cancrorum,
3717 1964 3806 2033 qui

2100 2034 2455 2114 hancsecus
2500 2036 2738 2114 deﬁnire
2777 2034 3104 2114 voluerunt.
3141 2034 3416 2114 Denique_
3439 2036 3806 2114 etOVirtutem

2101 2107 2332 2162 malitiae
2364 2112 2418 2161 et
2444 2107 2693 2160 scientia:
2723 2105 3127 2176 ignorantiam,
3160 2105 3320 2174 quasi
3352 2105 3421 2158 ad
3449 2105 3683 2176 aliquid
3711 2122 3806 2175 po-

2103 2179 2231 2244 suit,
2264 2193 2445 2249 eaque
2478 2177 2616 2231 dixit
2645 2193 2828 2249 posse
2849 2176 3504 2249 reciperccontrarium,
3545 2192 3672 2249 non
3703 2193 3804 2246 quo

2102 2249 2178 2302 ita
2207 2265 2294 2302 res
2323 2247 2589 2320 postulet,
2614 2248 2712 2302 sed
2734 2252 2793 2302 ut
2815 2247 3040 2301 indocte
3071 2247 3660 2320 disserentiumivitia
3689 2264 3806 2318 pos-

2101 2324 2184 2373 set
2204 2317 2524 2374 ostehdere.
2561 2321 2687 2374 Haec
2714 2335 2981 2389 namque,
3007 2322 3068 2389 ut
3097 2317 3359 2386 superius
3377 2317 3805 2388 explicavimus.

2103 2390 2368 2460 opposita
2385 2391 2576 2460 potius
2603 2406 2775 2460 quam
2803 2388 3112 2460 adialiquid
3139 2389 3286 2442 dicta
3308 2389 3634 2458 judicanda
3665 2396 3805 2442 sunt.

2105 2459 2236 2540 Mihi
2271 2459 2420 2540 vero,
2453 2466 2518 2540 ut
2547 2465 2602 2514 et
2622 2459 2740 2532 ipsi
2770 2459 3054 2540 Aristoteli
3082 2460 3286 2540 piacet,
3320 2460 3509 2540 magis
3539 2466 3606 2514 et
3629 2462 3806 2540 minus

2101 2533 2224 2586 haec
2269 2532 2574 2602 categoria,
2605 2529 2720 2586 non
2769 2530 2958 2585 omnis
2996 2529 3253 2602 quidem,
3286 2546 3390 2584 nec
3428 2529 3557 2584 sola
3596 2532 3812 2585 videtur

2102 2619 2266 2674 posse
2293 2601 2598 2672 suscipere.
2634 2602 2829 2656 Simile
2856 2601 3008 2655 enim
3031 2601 3293 2674 cuilibet,
3319 2606 3375 2654 et
3394 2602 3588 2674 magis
3610 2602 3811 2667 simile,

2103 2673 2158 2728 et
2200 2675 2390 2727 minus
2433 2674 2620 2726 simile
2669 2689 2972 2744 possumus
3013 2673 3218 2744 dicere.
3268 2673 3377 2744 sed
3425 2673 3535 2726 hoc
3591 2689 3712 2726 non
3761 2673 3810 2726 in

2102 2745 2391 2806 omnibus,
2422 2749 2484 2798 ut
2519 2743 2829 2816 dixi,’quas
2867 2748 3001 2796 sunt
3035 2743 3104 2797 ad
3144 2743 3361 2816 aliquid
3400 2745 3628 2814 poterit
3659 2744 3811 2797 inve-

2104 2816 2232 2869 niri.
2263 2817 2517 2886 Namque
2549 2831 2650 2869 nec
2683 2815 2867 2886 magis
2891 2819 3076 2884 pater,
3098 2829 3200 2886 nec
3227 2815 3419 2886 minus
3443 2820 3615 2884 pater
3629 2821 3812 2884 potest

2103 2887 2246 2952 dici;
2280 2903 2384 2940 nec
2425 2884 2621 2939 minus
2669 2884 2838 2948 ﬁlius,
2875 2889 2974 2938 aut
3021 2885 3204 2955 magis
3243 2884 3436 2951 ﬁlius;
3469 2901 3580 2939 nec
3627 2887 3810 2940 minus

2103 2958 2362 3028 duplum,
2396 2962 2493 3011 aut
2523 2957 2705 3027 magis
2731 2958 2988 3028 duplum.
3020 2957 3141 3028 Non
3172 2971 3276 3009 nos
3303 2961 3500 3028 autem
3535 2957 3725 3025 fallat,
3756 2962 3809 3010 ut

2099 3026 2367 3098 putemus
2411 3028 2481 3081 ad
2527 3026 2745 3099 aliquid
2789 3026 2909 3082 esse
2950 3026 3192 3098 quoties,
3225 3027 3381 3080 verbi
3422 3027 3643 3098 gratia,
3675 3029 3805 3081 dici-

2100 3115 2249 3164 mus,
2271 3100 2434 3170 cujus
2463 3115 2663 3170 equus,
2693 3100 2777 3152 vel
2803 3100 2964 3170 cujus
2985 3099 3228 3170 lignum,
3252 3099 3338 3151 vel
3369 3101 3539 3168 cujus
3561 3100 3806 3153 fundus:

2102 3171 2222 3224 haec
2253 3168 2407 3224 enim
2446 3168 2766 3239 dominum,
2800 3168 2887 3223 vel
2917 3168 3262 3239 possidentis
3291 3185 3613 3238 personam
3666 3186 3812 3224 mon.

2104 3241 2360 3305 strantia,
2394 3257 2513 3295 non
2544 3241 2620 3295 ad'
2643 3241 2860 3312 aliquid
2899 3240 3046 3294 dicta
3073 3246 3355 3312 censenda
3383 3246 3548 3294 sunt.
3595 3243 3679 3295 De
3707 3257 3814 3312 qua

2101 3313 2396 3384 categoria
2435 3317 2715 3383 quantum
2742 3311 3080 3384 potuimus,
3129 3311 3567 3380 explanavimus
3619 3329 3655 3384 :A
3692 3311 3812 3365 licet

2102 3387 2260 3436 tanta
2304 3381 2610 3436 huic'cum
2654 3381 2872 3436 caeteris
2916 3381 3174 3435 videatur
3217 3397 3337 3434 esse
3376 3382 3720 3452 permixtio,
3759 3393 3814 3435 ut

2102 3453 2222 3535 ipse
2253 3455 2848 3535 quoqtie_Arisioteles
2886 3453 3056 3535 hujus
3086 3452 3493 3535 discretionem
3540 3454 3704 3508 haud
3737 3457 3812 3535 fa:

2101 3524 2206 3596 cile
2239 3524 2533 3596 repererit,
2571 3525 2730 3594 cujus
2775 3525 2944 3578 etiam
2978 3525 3148 3594 longa
3190 3539 3251 3576 ac
3281 3525 3562 3580 diuturna
3597 3541 3718 3579 non
3748 3526 3815 3578 sit

2103 3595 2372 3649 indecens
2402 3595 2748 3650 retractatio.

2103 3667 2329 3721 CAPUT
2359 3668 2472 3720 XII.
2499 3697 2568 3707 —
2589 3670 2662 3722 De
2682 3667 2963 3737 qualitate.
2994 3668 3204 3736 Species
3230 3667 3524 3735 qualitatis
3556 3673 3812 3736 quam-3r,

2140 3738 2424 3813 .Habitus.
2459 3739 2706 3808 A/f‘ectio.
2747 3741 2990 3794 Potentia
3018 3739 3310 3792 naturalis.
3343 3739 3594 3792 Passim;
3636 3741 3808 3808 quali-

2175 3813 2310 3862 tates
2323 3849 2334 3862 .
2877 3828 2885 3836 '

2173 3879 2333 3932 Nunc
2385 3879 2454 3933 de
2493 3879 2765 3951 qualitate
2809 3883 3138 3948 tractemus,
3171 3879 3489 3934 secundum
3539 3895 3728 3951 quam
3755 3896 3817 3934 ea

2103 3965 2236 4022 quae
2263 3954 2415 4022 sunt,
2447 3951 2640 4021 qualia
2668 3956 3092 4021 nuncupantur.
3127 3952 3284 4006 Multi
3313 3957 3508 4004 autem
3543 3959 3816 4022 quaerunt

2103 4019 2244 4090 quid
2271 4020 2354 4094 sit
2395 4019 2762 4094 qualitastet
2803 4019 2942 4093 quid
2991 4023 3178 4094 quale,
3219 4037 3465 4094 quorum
3508 4019 3701 4076 fa'cilis
3740 4039 3818 4074 se-

2101 4091 2323 4162 paratio
2379 4097 2482 4145 est.
2514 4091 2884 4164 _Qualitatein
2942 4091 3192 4164 namque
3236 4091 3496 4164 fdicimus
3552 4094 3816 4147 dulcedi-

2102 4178 2276 4234 nem,
2313 4162 2724 4230 austeritatem,
2783 4162 3128 4230 albedinem}
3188 4163 3580 4234 nigredinem.
3641 4166 3817 4229 Quale

2101 4249 2232 4286 vero
2265 4231 2627 4306 intelligitur,
2659 4235 2884 4306 quoties
2913 4236 3106 4290 album
3138 4231 3372 4306 aliquid,
3393 4236 3484 4306 vel
3511 4237 3712 4302 dulce,
3734 4239 3816 4289 vel

2100 4309 2407 4376 austerum,
2440 4306 2524 4358 vel
2575 4305 2807 4376 nigrum
2848 4306 3117 4361 dicimus.
3159 4305 3311 4360 Licet
3338 4305 3688 4361 Aristoteles
3727 4309 3815 4361 in—

2100 4374 2430 4429 differenter
2458 4380 2515 4448 et
2537 4374 2944 4447 pro'qualitate
2976 4378 3143 4448 quale
3175 4377 3451 4447 posuerit,
3482 4382 3540 4429 et
3571 4379 3817 4448 qualita-

2099 4449 2340 4518 tempro
2367 4447 2543 4516 quali,
2567 4453 2981 4518 proptereaque
2996 4447 3174 4502 etiam
3196 4465 3300 4501 nos
3329 4447 3611 4502 eumdem
3641 4453 3820 4504 secuti

2098 4516 2308 4590 similia
2330 4516 2696 4590 senserimus}
2730 4516 3102 4573 Hanc—autem
3127 4519 3472 4590 categoriam
3502 4527 3822 4590 propterea

2097 4587 2318 4661 caeteris
2360 4588 2739 4661 difﬁciliorem
2779 4590 2994 4661 volunt,
3039 4591 3172 4661 quia
3204 4587 3422 4661 facilius
3473 4587 3667 4660 quam
3712 4609 3820 4645 cz-

2095 4663 2230 4732 tera:
2253 4659 2311 4712 in
2335 4674 2535 4732 omnes
2560 4660 2784 4714 videtur
2804 4659 3095 4715 incurrere
3119 4689 3129 4714 ;
3155 4667 3216 4714 ut
3244 4667 3382 4732 puta
3402 4660 3477 4732 in?
3494 4659 3634 4715 nsia
3663 4664 3821 4716 inve—

2094 4729 2270 4804 nitur,
2303 4745 2432 4804 cum
2474 4731 2736 4804 dicimus,
2770 4732 2965 4804 homo,
3000 4729 3430 4804 grammaticus;
3464 4731 3526 4804 in
3563 4740 3820 4804 quanto.

2092 4801 2221 4876 'alba
2240 4801 2323 4853 vel
2347 4800 2514 4876 nigra
2538 4802 2874 4876 epiphania;
2902 4804 2959 4876 in
2987 4800 3053 4857 ad
3079 4803 3315 4876 aliquid,
3339 4800 3610 4876 prudens
3629 4813 3820 4876 pater.

2091 4871 2553 4944 optimusﬁlius;
2578 4871 2647 4926 in,
2671 4874 2871 4942 facere,
2906 4874 3046 4928 dure
3077 4871 3273 4940 saltat;
3297 4871 3358 4927 iii
3383 4875 3527 4944 pati,
3563 4871 3689 4930 fert
3715 4878 3823 4931 foro

2092 4942 2230 5018 titer
2271 4941 2536 5018 vulnera;
2583 4943 2642 4997 in
2689 4941 3155 5018 loco,_'_obscurus
3192 4941 3468 5011 locus;'in
3516 4952 3816 5018 tempore.

2089 5013 2304 5087 calidus
2333 5014 2566 5087 mensis,
2593 5020 2693 5087 aut
2712 5015 2984 5087 frigidus;
3015 5016 3073 5069 in
3095 5017 3304 5087 jacere,
3331 5032 3554 5086 pronus
3589 5013 3704 5072 mit
3735 5036 3824 5073 su-

2087 5083 2258 5154 pinus
2285 5085 2468 5154 jacet;
2503 5085 2562 5138 in
2592 5083 2824 5162 habere,
2854 5083 3122 5162 decenter
3150 5083 3419 5141 armatus.
3473 5088 3602 5142 Erit
3641 5090 3824 5162 igitur

2088 5170 2424 5232 non_parvae
2464 5157 2803 5232 prudentiae,
2836 5158 3168 5232 qualitatem
3215 5174 3344 5212 cum
3391 5161 3630 5232 caneris
3670 5157 3820 5232 pene

2069 5227 2426 5301 ‘confusam,
2455 5229 2659 5282 mentis
2711 5227 3008 5283 vivacitate
3057 5245 3372 5284 secernere.
3430 5231 3625 5301 Hujus
3674 5227 3820 5286 'sunt

2087 5297 2298 5372 species
2328 5314 2574 5372 numero
2590 5304 2864 5372 quatuor,
2896 5316 3039 5371 quas
3067 5301 3396 5355 Aristoteles
3426 5297 3539 5370 pro
3569 5305 3816 5372 generi-

2083 5367 2190 5442 bus
2236 5370 2448 5438 posuit,
2482 5369 2696 5424 scilicet
2737 5367 3040 5441 propterea
3085 5371 3221 5442 quia
3264 5377 3319 5424 et
3365 5367 3504 5440 ipsa!
3556 5367 3820 5438 singulae

2083 5438 2295 5492 habent
2325 5441 2536 5509 species
2566 5457 2713 5495 suas.
2737 5438 2805 5496 id
2830 5438 2962 5495 vero
2994 5438 3123 5496 cum
3147 5438 3432 5507 acciderit,
3463 5443 3822 5498 subalterna

2082 5509 2472 5582 nominantur,
2517 5527 2645 5582 qua:
2703 5513 2882 5567 Graeci
2929 5520 3197 5579 cummi:
3235 5520 3613 5568 vocaverunt.
3671 5519 3822 5582 Ergo

2078 5581 2330 5659 primum
2363 5579 2550 5659 genus
2575 5588 2662 5637 est
2686 5583 2914 5659 habitus
2944 5591 3001 5638 et
3031 5585 3251 5659 alfectio
3279 5600 3307 5659 τᾷ
3323 5587 3696 5659 secundum,
3720 5579 3826 5659 p3-

2078 5651 2255 5732 teutia
2283 5653 2593 5732 naturalis:
2633 5655 2887 5732 tertium,
2919 5656 3154 5732 passivze
3181 5657 3487 5732 qualitates
3517 5657 3652 5732 sive

2078 5723 2267 5777 siones
2301 5739 2312 5777 :
2356 5730 2644 5795 quartum,
2676 5725 2896 5793 formae,
2919 5723 3012 5782 _ac
3041 5723 3260 5798 ﬁguris.
3297 5729 3426 5783 Hec
3457 5723 3818 5788 Aristot'eles
