3970 6146
158 228 290 280 1433

151 354 247 414 ἕξιν
290 356 372 401 καὶ
416 351 623 400 διάθεσιν
652 343 807 409 dixit,
841 354 1047 416 φυσικὴν
1084 352 1303 414 δύναμιν,
1352 351 1615 414 παθητικᾴς
1658 351 1849 411 ποίότη-

148 442 236 480 τας
290 424 542 483 χαί-πάθη,
573 424 805 488 σχήματα
849 425 929 470 καὶ
953 424 1154 487 μορφάς.
1209 416 1442 469 Habitus
1491 416 1710 470 affectio
1765 421 1849 471 est

149 489 332 542 animi
352 490 524 557 longo
554 494 810 557 tempore
839 503 1205 556 perseverans
1230 503 1242 541 :
1275 490 1339 540 ut
1364 491 1447 540 est
1470 488 1646 541 virtus
1675 492 1729 541 et
1760 488 1845 542 di-

148 559 390 629 sciplina
409 574 537 629 quae
558 558 1012 629 perseveratione
1032 558 1118 611 sui
1138 562 1194 611 et
1213 557 1591 627 perpetuitate
1624 564 1845 628 tempo-

149 630 228 685 ris
258 630 635 696 aestimantur,
668 629 777 681 nisi
802 629 945 682 forte
968 629 1319 699 easlanguor
1334 629 1587 698 corporis
1617 629 1843 700 aliquis,

150 707 210 756 et
228 717 362 754 casu
402 700 610 771 injecta
639 700 900 754 debilitas
928 700 1308 771 amputaverit
1337 700 1571 753 Affectio
1602 716 1735 753 vero
1765 705 1849 754 est

148 771 442 826 mutabilis
458 770 963 841 mentisimpulsio,
986 771 1069 824 vel
1094 770 1374 841 cupiditas
1396 771 1554 832 levis,
1582 771 1848 841 quaabre-

148 843 205 897 vi
235 848 494 913 tempore
519 843 790 896 deleatur.
820 842 1053 913 Habitus
1073 858 1207 913 ergo
1229 845 1287 913 et
1306 842 1528 895 affectio
1548 842 1725 895 videri
1746 858 1846 912 po-

146 918 280 980 test;
307 912 375 968 ab
424 914 527 967 hac
573 929 821 984 namque
867 912 1082 984 incipit,
1118 918 1174 966 et
1199 913 1247 965 si
1278 912 1398 983 ipsa
1445 912 1841 982 permanserit,

147 985 377 1038 habitus
424 985 693 1038 nascitur.
744 984 978 1038 Aﬁ‘ectio
1011 989 1200 1037 autem
1235 984 1461 1037 habitus
1506 984 1683 1037 videri
1729 999 1845 1037 non

144 1060 369 1125 potest;
421 1055 468 1108 si
496 1056 649 1109 enim
698 1056 767 1109 ad
806 1055 1062 1109 habitum
1110 1055 1452 1124 pervenerit,
1506 1056 1845 1109 vocabulum

141 1127 446 1197 proprium
480 1143 596 1180 non
626 1126 861 1180 tenebit.
897 1127 1012 1179 Hoc
1042 1127 1164 1179 loco
1199 1142 1313 1179 non
1336 1131 1420 1179 est
1445 1127 1842 1193 incongruum,

145 1198 302 1269 quod
344 1214 494 1267 saepe
516 1197 822 1269 quaesitum
853 1202 957 1269 est,
988 1198 1145 1269 brevi
1175 1202 1423 1269 tractatu
1440 1198 1747 1269 dissolvere
1781 1214 1845 1251 ac

132 1271 371 1336 docere,
403 1268 549 1339 quid
574 1269 839 1321 virtutem
873 1268 1347 1338 disciplinamque
1397 1268 1698 1321 discernat.
1731 1270 1844 1321 Hoc

145 1339 404 1409 profecto
434 1340 583 1409 quod
616 1339 917 1409 disciplina
948 1339 1006 1392 in
1033 1355 1098 1392 ea
1128 1346 1287 1407 parte
1331 1339 1537 1392 animas
1583 1355 1711 1408 qum
1755 1356 1844 1391 ra-

144 1411 379 1464 tionalis
408 1411 634 1473 dicitur,
677 1410 1070 1463 tantummodo
1114 1410 1457 1474 diversatur;
1486 1409 1663 1462 virtus
1711 1425 1843 1463 vero

142 1497 346 1535 omnes
377 1482 585 1534 animas
602 1486 792 1551 partes
813 1480 1190 1551 amplectitur,
1216 1496 1562 1550 omnemque
1592 1480 1843 1534 animam

141 1568 249 1606 suo
272 1553 513 1623 imperio
542 1553 826 1623 gubernat
855 1568 919 1605 ac
947 1551 1129 1622 regit:
1182 1556 1241 1604 ut
1270 1557 1327 1605 et
1352 1551 1705 1623 iracundiam
1740 1552 1842 1623 do-

140 1628 282 1689 met,
315 1622 371 1678 et
417 1622 752 1693 cupiditates
808 1623 1000 1676 animo
1038 1623 1494 1693 amoveatquod
1544 1622 1846 1691 disciplina

140 1694 331 1747 facere
381 1692 826 1765 haudquaquam
886 1694 1054 1765 valet.
1103 1692 1361 1765 Potentia
1422 1693 1698 1765 naturalis
1738 1698 1840 1765 est,

140 1765 371 1834 quoties
401 1765 529 1834 quis
553 1762 780 1818 videtur
812 1764 897 1817 vel
932 1779 1119 1834 posse,
1153 1764 1247 1834 vel
1287 1778 1403 1816 non
1434 1778 1597 1830 posse
1628 1762 1843 1834 aliquid

139 1832 249 1905 per
277 1832 543 1891 naturam
572 1836 783 1888 facere:
827 1840 891 1886 ut
920 1832 1079 1887 verbi
1105 1833 1309 1901 gratia,
1341 1833 1681 1905 plerumque
1712 1832 1843 1885 visis

138 1904 480 1975 eorpOribus
531 1920 869 1975 puerorum,
899 1908 954 1957 et
991 1904 1391 1975 contemplatis
1418 1904 1653 1957 artubus
1701 1918 1839 1973 pro-

140 1974 483 2039 nuntiamus
511 1975 730 2046 aliquid
751 1975 820 2028 de
850 1974 1063 2039 futuro,
1102 1990 1311 2045 eosque
1342 1974 1595 2046 dicimus
1624 1975 1710 2027 vel
1741 1991 1843 2044 pu-

138 2046 437 2117 gillatores
464 2045 624 2111 fore,"
640 2047 726 2099 vel
757 2061 1045 2117 cursores:
1080 2061 1196 2117 non
1246 2045 1396 2117 quod
1429 2046 1549 2115 jam
1585 2045 1689 2117 hac
1718 2050 1841 2117 arte

138 2110 231 2170 vel
282 2110 465 2179 studio
495 2110 818 2179 teneantur,
870 2116 964 2169 sed
1011 2110 1842 2187 quodivi—deanturpositione

137 2188 399 2258 corporis
428 2189 550 2242 haec
578 2187 799 2241 facilius
830 2186 1141 2258 impleturi.
1174 2186 1447 2240 Similiter
1472 2186 1725 2240 salubres
1755 2187 1843 2240 vel

137 2254 455 2328 imbeciﬂes
490 2259 750 2324 dicimus,
786 2257 884 2328 qui
914 2254 1011 2311 aut
1040 2258 1201 2310 facile
1236 2262 1333 2310 aut
1361 2274 1475 2310 non
1507 2258 1667 2310 facile
1695 2257 1839 2311 reci-

140 2330 305 2400 piant
329 2328 750 2398 aﬁgritndinem.
778 2329 996 2385 Eodem
1020 2328 1191 2381 modo
1214 2344 1462 2400 namque
1484 2328 1612 2400 etin
1632 2328 1716 2381 his
1736 2344 1841 2400 po:

139 2399 321 2454 tentia
352 2401 627 2454 naturalis
659 2400 989 2464 advertitur,
1020 2415 1147 2470 quae
1183 2415 1276 2452 eos
1303 2399 1437 2452 facit
1465 2399 1549 2452 vel
1581 2399 1843 2469 languori

137 2471 398 2525 crebrius
428 2472 739 2542 subjacere,
762 2471 847 2524 vel
872 2471 1117 2542 retinere
1135 2474 1474 2542 perpetuam
1491 2471 1839 2542 sospitatem.

139 2544 360 2596 Durum
393 2541 620 2613 quoque
652 2547 707 2596 et
733 2542 905 2595 molle
933 2541 1314 2613 cum‘dicitur,
1351 2541 1602 2613 ostendit
1640 2546 1842 2613 poten-

135 2614 279 2667 tiam
312 2610 651 2667 naturalem.
690 2614 904 2666 Durum
935 2610 1216 2682 siquidem
1248 2616 1350 2673 est,
1384 2612 1536 2681 quod
1574 2611 1843 2665 ﬁrmitate

136 2690 363 2738 naturae
403 2684 829 2754 corruptionem
874 2683 961 2736 sui
992 2698 1106 2735 non
1138 2682 1618 2754 facileiadmittat;
1671 2683 1842 2754 molle

134 2771 296 2821 vero,
332 2755 389 2808 in
423 2771 535 2826 quo
568 2753 651 2809 est
678 2761 884 2826 natura
914 2754 1114 2818 laxior,
1140 2768 1244 2805 nec
1260 2753 1329 2826 ad
1359 2753 1636 2826 contraria
1662 2753 1843 2826 repel-

138 2826 310 2903 lenda
341 2822 645 2903 sufficiens.
672 2825 923 2879 Tertium
949 2840 1130 2903 genus
1152 2822 1451 2903 qualitatis
1465 2823 1584 2903 sive
1602 2823 1840 2903 species,

137 2896 379 2968 passivae
405 2897 707 2967 qualitates
738 2901 792 2949 et
817 2893 1145 2968 passiones,
1165 2909 1301 2968 quas
1328 2897 1466 2968 sunt
1490 2893 1837 2961 hujusmodi,

134 2963 459 3033 austeritas,
489 2968 752 3021 calidatio
796 2963 853 3019 et
895 2963 1225 3035 frigidatio:
1261 2964 1339 3017 sic
1377 2963 1530 3017 enim
1564 2972 1838 3035 θερμότητι

135 3043 198 3093 et
225 3047 511 3119 ψυχρόςτητα
541 3040 723 3119 placet
750 3037 963 3119 dicere,
982 3034 1046 3119 et
1076 3035 1280 3119 albedo
1298 3039 1371 3119 _et
1389 3034 1660 3119 nigredo:
1704 3051 1839 3119 qua)

138 3107 257 3163 non
288 3107 497 3164 idcirco
530 3107 764 3179 passivae
791 3108 1090 3178 qualitates
1122 3107 1592 3179 dicuntur,quod
1624 3107 1841 3175 patian-

134 3181 485 3253 turaliquid,
518 3178 610 3234 sed
628 3181 775 3253 quod
791 3178 1358 3253 faciuntpassionem.
1387 3178 1488 3230 Mel
1510 3193 1759 3247 namque
1782 3180 1843 3253 ut

138 3252 307 3306 dulce
342 3247 438 3319 sit,
474 3247 611 3305 non
640 3247 673 3303 ἐι
709 3247 1029 3304 dulcedine"
1062 3249 1279 3319 aliquid
1310 3264 1542 3319 passum
1589 3254 1691 3315 est,
1743 3247 1841 3301 sed

139 3323 367 3377 dulcem
411 3323 771 3393 gustantibus
824 3321 997 3393 efﬁcit
1052 3320 1393 3393 passionem.
1450 3319 1685 3393 Passivas
1740 3336 1838 3393 au-

137 3400 259 3448 tem
292 3390 592 3466 qualitates
615 3393 834 3466 rectius
890 3392 1174 3466 dicuntur,
1207 3390 1408 3466 albedo
1471 3395 1529 3466 et
1582 3390 1852 3466 nigredo;

136 3471 198 3518 et
242 3461 450 3542 tio—rum
501 3464 709 3542 media,
750 3463 805 3542 id
839 3467 922 3515 est
950 3462 1124 3542 rubor
1154 3467 1211 3515 et
1231 3463 1466 3542 .pallor:
1516 3461 1637 3542 haec
1685 3462 1837 3542 enim
1879 3502 1887 3507 .

135 3537 372 3590 nonnisi
425 3536 632 3590 animae
680 3535 765 3587 vel
796 3533 1049 3604 corporis
1095 3533 1358 3604 passione
1389 3538 1720 3585 nascuntur.
1773 3534 1843 3586 Ut

136 3607 294 3661 enim
329 3608 609 3677 nigrescat
640 3604 865 3683 aliquis,
897 3603 1153 3674 corporis
1181 3604 1369 3670 passio
1400 3607 1522 3683 est;
1570 3609 1633 3683 ut
1661 3604 1839 3683 palle-

135 3684 259 3731 scat
285 3680 370 3731 vel
394 3673 679 3740 rubescat,
712 3673 942 3741 animm,
996 3673 1124 3745 quae
1156 3690 1285 3727 cum
1332 3673 1706 3742 turpitudinis
1746 3690 1837 3745 ve-

137 3750 473 3803 recundiam
522 3750 667 3803 ferre
698 3744 1039 3818 nequiverit,
1080 3745 1242 3816 quasi
1284 3745 1352 3798 ad
1386 3745 1681 3818 obtentum
1720 3744 1837 3818 sui,

138 3820 433 3889 sanguinis
475 3820 696 3891 copiam
738 3815 819 3891 in:
838 3815 1145 3891 exteriores
1183 3816 1437 3887 corporis
1480 3820 1681 3891 partes
1709 3815 1839 3891 fun-

137 3887 471 3971 dit—eoque.
611 3896 677 3945 ut
708 3889 926 3971 pudore
979 3888 1158 3970 nimio
1211 3890 1599 3971 rubescamiis.
1653 3887 1840 3941 Pallor

137 3959 587 4033 quoque—simili
635 3959 841 4033 animae
880 3960 1145 4033 passione
1193 3959 1655 4033 consistitucum
1707 3974 1837 4028 per-

136 4028 293 4086 culsa
320 4038 478 4087 metu
513 4032 694 4086 nimio
728 4032 795 4085 ad
827 4028 1015 4085 cordis
1059 4030 1329 4083 ulteriora
1369 4028 1644 4099 confugit,
1683 4045 1838 4083 eam-

138 4120 251 4175 que
284 4103 515 4175 sanguis
550 4102 886 4174 insequitur,
933 4101 1077 4154 adeo
1119 4100 1503 4175 utdesertum
1537 4099 1836 4175 sanguine,

136 4170 291 4247 quod
331 4170 415 4229 est
447 4174 506 4228 in
538 4170 862 4247 conspectu,
909 4187 1113 4242 corpus
1151 4171 1418 4247 albescat.
1464 4172 1591 4247 Haec
1630 4170 1838 4247 animae

136 4241 322 4317 passio
354 4246 432 4300 ita
460 4262 493 4299 a
520 4241 870 4317 philosophis
896 4241 1043 4317 vera,
1058 4257 1179 4317 esse
1206 4242 1487 4301 ﬁrmatur,
1522 4245 1588 4317 ut
1614 4241 1838 4317 etiamsi

135 4311 318 4394 pallor
347 4319 431 4372 vel
472 4311 647 4371 rubor
671 4311 999 4394 in‘corpore
1023 4313 1254 4394 j_ugitei'_
1273 4315 1616 4394 perseveret,
1663 4311 1837 4393 simili

135 4382 400 4458 passione
432 4392 686 4441 asserant
724 4382 997 4458 evenisse.
1032 4382 1127 4438 nae
1159 4383 1337 4458 igitur
1374 4382 1747 4458 qualitates
1774 4384 1836 4458 in

134 4454 373 4528 corpore
405 4463 789 4528 perseverent,
832 4456 966 4528 quia
997 4455 1306 4528 secundum
1342 4468 1435 4507 eas
1469 4455 1666 4524 quales
1695 4454 1835 4528 dici-

135 4526 286 4594 mur,
318 4526 457 4600 ipsa:
495 4545 721 4600 quoque
762 4526 1065 4600 qualitates
1102 4526 1339 4600 passivae
1370 4532 1711 4600 censentur_:
1748 4526 1835 4579 sin

135 4614 269 4652 vero
292 4595 359 4652 ad
380 4595 547 4653 breve
569 4595 798 4669 tempus
819 4595 1157 4669 exstiterint,
1188 4596 1265 4649 ita
1288 4601 1352 4648 ut
1376 4595 1486 4669 cito
1510 4596 1832 4669 discedant;

132 4669 424 4741 passiones
445 4686 538 4723 eas
567 4666 755 4740 potius
778 4668 1163 4741 nomina-mus.
1196 4666 1657 4741 Nonenim‘quis
1688 4666 1732 4720 si
1763 4668 1835 4721 ad

132 4736 360 4810 tempus
397 4736 585 4794 iratus'
615 4746 721 4807 est,
763 4743 862 4793 aut
902 4738 1290 4810 erubuit,gaut
1320 4736 1574 4810 incaluit,
1612 4744 1711 4791 aut
1741 4754 1835 4791 re-

131 4808 288 4865 frixit
319 4811 357 4877 ‘,
402 4827 529 4864 mox
566 4811 635 4864 ad
675 4815 885 4864 statum
912 4815 1132 4862 natura!
1161 4808 1370 4862 iterum
1399 4808 1704 4875 rediturus,
1739 4813 1835 4863 aut

132 4883 484 4937 rubicundus
500 4883 582 4935 vel
605 4881 911 4935 iracundus
932 4881 1018 4933 vel
1041 4880 1254 4934 calidus
1277 4881 1361 4933 vel
1384 4880 1621 4950 frigidus
1642 4881 1835 4949 appel-

131 4954 236 5007 lari
266 4958 474 5024 potest,
508 4952 553 5006 si
583 4953 651 5006 ad
683 4958 908 5024 tempus
930 4951 1146 5022 aliquid
1175 4967 1372 5024 passus
1402 4957 1502 5024 est.
1542 4950 1655 5024 Erit
1693 4966 1831 5021 ergo

128 5020 284 5078 inter
329 5024 581 5095 passivas
621 5020 920 5094 qualitates
959 5020 1505 5095 efpassioneseista
1543 5020 1829 5088 discretio,

130 5095 283 5166 quod
330 5093 622 5166 passiones
639 5093 722 5148 ad
749 5098 975 5162 tempus
1015 5093 1225 5148 eXortaa
1262 5093 1425 5166 facile
1465 5097 1831 5146 commutan-

129 5164 253 5232 tur;
298 5164 532 5237 passiva:
576 5182 711 5220 vero
742 5166 1046 5236 qualitates
1094 5164 1407 5237 secundum
1454 5180 1596 5233 quas
1634 5166 1831 5237 quales

127 5234 395 5306 dicimur,
427 5243 704 5307 perpetuo
746 5234 1130 5306 perseverant.
1163 5236 1432 5299 Quartam
1466 5250 1617 5287 nunc
1648 5234 1833 5304 quali-

129 5309 260 5362 tatis
305 5308 551 5380 speciem
607 5307 1118 5380 retractemustin
1172 5323 1285 5380 qua
1343 5310 1475 5359 sunt
1531 5307 1737 5380 forma;
1777 5310 1832 5360 et

126 5376 365 5462 ﬁgurae?
417 5384 474 5432 et
515 5379 716 5462 ﬁgura;
765 5378 1192 5462 inanimalibus,
1243 5378 1443 5458 formae
1486 5376 1831 5462 animalibus

126 5448 480 5505 tribuuntur.
519 5448 754 5522 Figures
793 5448 947 5503 enim
979 5455 1115 5503 tunc
1143 5448 1534 5522 designamus,
1567 5464 1697 5522 cum
1720 5449 1829 5522 evel

126 5522 438 5592 trigonum,
490 5519 1013 5592 vel'tetragonum,
1074 5520 1161 5592 vel
1218 5535 1448 5586 conum,
1506 5521 1592 5572 vel
1650 5519 1828 5592 cylin-

126 5590 314 5660 drum,
344 5595 427 5648 vel
460 5594 746 5666 sphaeram
778 5590 1051 5661 dicimus;
1084 5591 1295 5646 formas
1324 5594 1515 5646 autem
1546 5606 1674 5645 cum
1704 5590 1825 5645 for-

194 5745 201 5776 ι
238 5744 315 5792 Ita
345 5743 465 5795 Mss.
498 5708 563 5796 At
590 5744 735 5806 editi,
766 5742 1037 5808 refriguit.

1707 221 2093 277 APPENDIX.

3521 226 3656 280 1434

1956 359 2148 398 mosos
2204 343 2510 397 asserimus
2579 344 2800 415 aliquos
2848 347 2934 399 vel
2993 345 3293 401 deformes.
3337 348 3399 401 In
3455 347 3653 403 eodem

1959 415 2248 486 qualitatis
2275 430 2484 486 genere
2539 420 2689 477 sunt,
2748 416 2992 469 curvitas
3020 422 3078 471 et
3136 417 3433 471 rectitudo.
3465 420 3653 473 Aude-

1958 503 2084 540 mus
2140 487 2289 540 enim
2342 486 2580 558 ευθύτητα
2608 486 3065 548 καίγσαμπυλὸτητα
3119 489 3226 541 hoc
3286 493 3447 558 pacto
3516 506 3652 543 con-

1956 564 2192 630 vertere.
2230 558 2312 611 Ab
2340 557 2407 630 iis
2436 572 2685 630 namque
2714 564 2934 612 rectum
2963 559 3051 612 vel
3090 557 3325 612 curvum
3357 559 3653 630 quidpiam

1958 629 2201 682 dicitur:
2254 627 2507 682 lenitudo
2563 627 2791 698 quoque
2844 635 2901 683 et
2930 629 3201 699 asperitas
3258 635 3315 683 et
3364 627 3565 683 raritas
3592 647 3655 683 ac

1958 700 2227 765 densitas,
2260 717 2289 753 e
2321 700 2527 770 quibus
2569 715 2780 761 rarum,
2836 700 3096 765 densum,
3144 701 3271 753 lene
3301 704 3357 754 et
3387 717 3654 770 asperum

1955 770 2343 840 designamus,
2401 771 2743 842 qualitatum
2784 770 3016 840 quidem
3068 786 3309 824 numero
3342 777 3650 839 sociantur,

1957 842 2055 895 sed
2082 842 2295 895 habent
2348 842 2584 895 alteram
2643 842 3171 910 interpretationem
3204 842 3310 895 sui.
3358 842 3652 913 Siquidem

1956 914 2196 966 densum
2227 913 2663 966 coarctationem
2694 913 2929 966 nimiam
2946 914 3377 983 conjunctarum
3399 913 3650 982 partium

1954 984 2177 1037 videtur
2219 984 2542 1050 ostendere;
2587 999 2778 1036 rarum
2830 990 3045 1049 contra,
3081 984 3139 1036 in
3172 1000 3285 1052 quo
3339 983 3652 1037 intervallis

1954 1054 2349 1125 frequentibus
2381 1055 2559 1108 laxior
2587 1055 2837 1124 partium
2866 1055 3088 1108 videtur
3136 1070 3254 1107 esse
3286 1054 3645 1123 conjunctio:

1954 1125 2267 1196 quinetiam
2309 1126 2437 1179 lene
2474 1126 2613 1179 illud
2668 1126 2901 1196 proprie
2952 1127 3176 1179 videtur
3227 1127 3546 1192 ostendere,
3594 1125 3652 1178 in

1954 1213 2066 1267 quo
2097 1198 2279 1266 posito
2304 1197 2555 1265 partium
2584 1196 2662 1250 ita
2692 1203 2821 1266 apte
2868 1198 3237 1267 pariliterque
3277 1196 3494 1267 digesta
3544 1202 3647 1260 est,

1953 1273 2017 1320 ut
2055 1268 2210 1321 nulla
2240 1284 2437 1320 earum
2468 1283 2751 1321 mensura
2802 1268 3035 1321 alterius
3072 1269 3389 1333 emineret;
3434 1272 3649 1333 contra,

1956 1354 2220 1408 asperum
2269 1338 2647 1407 discrepantia
2700 1339 3133 1407 conjunctarum
3191 1337 3436 1408 partium
3478 1338 3648 1391 facit:

1953 1410 2315 1478 asperitatem
2366 1425 2615 1479 namque
2672 1409 2860 1479 gignit
2916 1408 3025 1461 nisi
3060 1408 3457 1479 inaequalitas
3514 1424 3645 1479 par-

1953 1479 2122 1545 tium,
2148 1484 2213 1532 ut
2238 1479 2311 1533 sit
2340 1478 2563 1550 longior
2591 1478 2727 1545 una,
2746 1478 2755 1479 ί
2777 1481 2954 1532 altera
2986 1478 3241 1550 inferior.
3282 1483 3360 1531 Ac
3389 1478 3650 1549 propter-

1954 1566 2019 1603 ea
2048 1551 2167 1604 hzec
2190 1550 2425 1620 quidam
2450 1549 2655 1603 volunt
2694 1550 2994 1619 categoria:
3044 1549 3204 1602 alteri
3234 1550 3469 1616 sociare,
3524 1566 3652 1620 qua:

1953 1621 2106 1691 apud
2146 1619 2365 1691 Greecos
2394 1621 2595 1681 κεῖσθαι,
2624 1621 2773 1690 apud
2836 1636 2942 1673 nos
2990 1620 3201 1688 jacere,
3263 1619 3377 1672 sive
3429 1623 3489 1673 ut
3541 1619 3655 1674 An-

1954 1690 2211 1761 gOrius‘,
2245 1707 2417 1761 quem
2465 1706 2570 1760 ego
2614 1691 2763 1744 inter
2810 1691 3164 1744 doctissimos
3206 1690 3412 1755 habeo,
3452 1691 3651 1755 voluit,

1953 1760 2093 1841 situs
2122 1760 2346 1815 dicitur.
2382 1762 2568 1816 Claret
2589 1760 2743 1841 enim
2773 1762 3225 1841 unumquodque
3273 1777 3468 1813 earum
3514 1778 3651 1832 par-

1942 1832 2115 1893 tium,
2150 1849 2278 1902 quae
2311 1848 2517 1902 corpus
2559 1832 2833 1895 efﬁciunt,
2867 1832 3151 1901 positione
3207 1837 3502 1885 constare:
3566 1848 3653 1886 ve-

1953 1908 2277 1956 rumtamen
2311 1919 2439 1956 cum
2474 1905 2601 1956 lene
2623 1904 2708 1957 vel
2738 1919 3004 1973 asperum
3034 1904 3121 1955 vel
3160 1902 3398 1956 densum
3437 1903 3523 1955 vel
3556 1918 3650 1955 ra-

1951 1989 2079 2027 rum
2114 1973 2375 2045 dicimus,
2428 1974 2617 2045 qualia
2677 1975 3152 2037 demonstremus,
3203 1988 3382 2045 eaque
3434 1973 3651 2045 omnia,

1953 2061 2081 2115 quae
2116 2044 2185 2097 de
2216 2045 2303 2097 his
2335 2043 2597 2115 superius
2629 2044 2906 2115 explicata
2936 2050 3087 2110 sunt,
3122 2045 3192 2099 ad
3222 2043 3652 2115 interpretatio-

1953 2113 2083 2169 nem
2115 2131 2229 2170 non
2261 2113 2536 2181 vocabuli,
2568 2116 2663 2169 sed
2698 2113 2915 2168 naturae
2951 2116 3213 2169 videntur
3237 2113 3430 2184 potius
3480 2115 3655 2185 perti-

1954 2202 2125 2239 nerc:
2160 2203 2273 2257 qua
2300 2187 2368 2240 de
2398 2202 2567 2240 causa
2596 2187 2745 2255 cogit
2771 2186 2939 2251 ratio,
2972 2192 3036 2239 ut
3068 2187 3189 2240 haec
3222 2201 3449 2255 quoque
3502 2186 3654 2257 inter

1952 2257 2143 2326 qualia
2175 2256 2561 2312 numeremus.
2595 2258 2676 2311 Ab
2728 2258 2816 2310 his
2844 2257 3041 2324 igitur,
3101 2273 3242 2327 quas
3274 2256 3654 2327 enumeravi-

1952 2324 2100 2395 mus,
2158 2328 2525 2397 qualitatibus
2553 2327 2856 2390 παρωνύμως
2887 2328 3079 2397 qualia
3116 2324 3522 2392 nominantur,
3591 2330 3654 2381 ut

1952 2399 2080 2451 lene
2112 2415 2139 2450 a
2172 2397 2426 2463 lenitate,
2480 2414 2511 2451 a
2562 2397 2852 2468 densitate
2892 2400 3155 2463 densum,
3212 2402 3530 2468 caeteraque
3561 2398 3652 2451 his

1954 2468 2179 2522 similia.
2215 2469 2323 2549 Sed
2372 2467 2967 2549 plerumqueaccidit,
3020 2468 3152 2549 licet
3189 2474 3434 2549 raro,‘ut
3463 2469 3655 2549 qualia

1953 2556 2070 2593 non
2102 2539 2391 2602 παρωνύμως
2423 2556 2453 2591 a
2483 2556 2583 2592 sua
2613 2539 2885 2608 qualitate
2910 2539 3277 2603 descendant,
3300 2542 3415 2591 uta
3444 2539 3653 2593 virtute

1953 2626 2066 2663 non
2118 2615 2302 2681 potest
2350 2610 2458 2663 dici
2489 2611 2792 2681 virtuosus,
2855 2609 2957 2681 sed,
3009 2611 3439 2681 moderatusret
3485 2609 3653 2664 indu-

1953 2678 2140 2734 strius.
2180 2682 2290 2734 Nec
2322 2680 2379 2732 in
2394 2695 2580 2750 graeco
2613 2680 2843 2750 quidem
2874 2678 2970 2726 ἀπὸ
3002 2682 3087 2737 τῆς
3120 2679 3313 2743 ἀρετ-ης,
3343 2680 3538 2742 ἁρετὺς;
3568 2681 3653 2733 di-

1952 2751 2119 2815 citur,
2181 2752 2277 2804 sed
2334 2748 2587 2804 σπὸυδαῖος
2630 2748 2811 2804 ‘Unde
2879 2754 3119 2819 apparet
3191 2752 3402 2820 qualia,
3479 2751 3653 2803 etiam

1950 2823 2210 2892 neglecta
2257 2822 2598 2892 plerumque
2633 2836 3088 2892 paronymorum
3129 2820 3491 2892 derivatione
3521 2836 3653 2874 con-

1952 2890 2119 2945 stare.
2154 2894 2281 2945 Haec
2320 2890 2593 2946 hactenus
2627 2908 2639 2944 :
2682 2907 2836 2945 nunc
2880 2890 3171 2961 qualitatis
3213 2891 3383 2962 hujus
3416 2896 3652 2961 propter

1950 2980 2121 3034 quam
2154 2963 2403 3016 diversas
2433 2963 2646 3033 species
2703 2962 3150 3034 explanavimus,
3185 2963 3643 3034 consequentias,

1950 3033 2005 3087 et
2035 3035 2331 3105 proprium
2359 3035 2649 3089 videamus
2699 3035 2763 3087 Et
2783 3033 3034 3103 primum
3057 3033 3287 3105 quidem
3315 3033 3649 3087 contratrie-

1950 3104 2124 3159 tatem
2156 3106 2410 3174 recipere
2460 3105 2780 3176 qualitates,
2816 3106 2973 3176 nulla
3020 3104 3300 3158 dubitatio
3349 3109 3451 3158 est.
3516 3104 3653 3176 Quis

1950 3176 2103 3230 enim
2134 3177 2356 3231 dubitat
2385 3175 2555 3230 saluti
2583 3175 2933 3229 contrarium
2965 3176 3455 3247 esselanguorem,
3481 3175 3650 3246 justi-

1949 3247 2045 3301 tia:
2080 3247 2444 3317 injustitiam,
2486 3249 2733 3301 calorem
2766 3247 2984 3316 frigori,
3032 3248 3184 3300 malo
3240 3249 3475 3308 bonum,
3533 3262 3650 3299 non

1951 3319 2177 3372 erudito
2205 3318 2409 3372 litteris
2430 3318 2714 3373 eruditum
2737 3319 2765 3371 ?
2795 3319 2902 3372 Sed
2932 3319 3038 3372 hoc
3066 3334 3181 3372 non
3212 3318 3270 3371 in
3320 3317 3477 3372 omni
3509 3333 3649 3388 qua-

1950 3390 2107 3442 litate
2136 3390 2384 3460 reperies
2414 3407 2426 3443 :
2457 3406 2589 3443 nam
2622 3389 2953 3458 pallido,vel
2982 3390 3159 3456 fusco,
3206 3389 3292 3442 vel
3345 3389 3646 3460 quadrato,

1948 3462 2034 3513 vel
2066 3459 2315 3529 trigono,
2349 3461 2490 3514 nihil
2520 3465 2705 3531 potest
2751 3476 2871 3513 esse
2925 3459 3296 3513 contrarium.
3352 3459 3477 3514 Non
3508 3475 3646 3529 ergo

1950 3531 2057 3585 erit
2082 3532 2511 3585 incommodum
2541 3532 2796 3600 regulam
2829 3531 3140 3602 quamdam
3169 3531 3325 3598 dare,
3357 3547 3475 3602 qua
3517 3547 3647 3601 quae

1950 3602 2251 3673 qualitates
2280 3603 2739 3656 contrarietatem
2788 3601 2915 3673 non
2972 3601 3270 3671 recipiant,
3300 3601 3507 3673 possit
3560 3602 3650 3655 ad-

1948 3672 2110 3727 verti.
2145 3673 2259 3726 Erit
2299 3673 2477 3743 igitur
2525 3678 2721 3727 notum
2769 3672 2967 3737 doctis,
3018 3688 3112 3725 eas
3156 3672 3478 3743 qualitates,
3519 3688 3648 3743 qum

1947 3744 2250 3797 contrariis
2279 3745 2485 3798 media:
2517 3748 2667 3810 sunt,
2701 3748 2759 3798 et
2803 3760 2896 3797 eas
2935 3759 3063 3814 quas
3093 3758 3162 3797 ex
3182 3744 3383 3797 formis
3412 3744 3644 3814 ﬁguris-

1948 3830 2059 3886 que
2106 3820 2437 3881 nascuntur,
2487 3813 2966 3869 contrarietatem
3005 3814 3234 3885 penitus
3284 3813 3566 3886 excusare
3601 3813 3643 3886 ?.

1949 3886 2258 3939 Contrariis
2289 3892 2481 3940 autem
2513 3886 2726 3940 medias
2757 3886 2891 3946 dixi.
2925 3890 2990 3940 ut
3019 3890 3102 3939 est
3143 3885 3366 3940 fuscum
3398 3891 3453 3939 et
3481 3885 3644 3955 palli-

1948 3956 2085 4010 dum
2113 3973 2125 4010 :
2159 3958 2281 4011 haec
2311 3957 2463 4011 enim
2521 3958 2633 4029 duo
2664 3957 3047 4029 deﬂalbedine
3100 3957 3515 4029 nigredineque
3544 3974 3644 4029 na-

1947 4032 2199 4096 scuntur,
2226 4044 2289 4082 ac
2336 4032 2468 4082 sunt
2518 4028 2606 4082 his
2635 4028 2861 4094 media;
2912 4029 3035 4099 ipsa
3061 4028 3194 4081 vero
3248 4028 3449 4082 albedo
3481 4033 3536 4081 et
3568 4028 3649 4081 ni-

1947 4100 2124 4167 gredo
2156 4100 2262 4153 sibi
2302 4104 2434 4152 sunt
2481 4100 2799 4165 contraria;
2858 4100 3013 4153 fusco
3071 4104 3287 4169 autem,
3315 4099 3645 4169 pallidaque

1947 4170 2294 4241 contrarium
2326 4170 2469 4241 nihil
2503 4174 2603 4223 est.
2641 4170 2825 4224 Claret
2854 4186 2989 4241 ergo
3045 4168 3461 4241 contrariorum
3498 4168 3641 4241 mme-

1947 4240 2059 4307 dia,
2102 4240 2449 4294 contrarium
2508 4255 2621 4294 non
2673 4239 3111 4303 habereCQuin
3157 4239 3330 4293 etiam
3378 4239 3642 4310 qualitas,

1947 4327 2075 4381 qua:
2137 4328 2203 4365 ex
2257 4311 2441 4365 forma
2514 4312 2597 4365 vel
2657 4310 2842 4381 ﬁgura
2900 4310 3174 4373 consistit,
3226 4309 3645 4365 contrarietatis

1946 4380 2146 4452 ignara
2171 4386 2270 4435 est.
2306 4382 2451 4447 Quid
2476 4383 2631 4436 enim
2662 4380 2937 4452 quadrato
2961 4382 3043 4434 vel
3078 4381 3324 4452 trigono,
3359 4380 3493 4451 quid
3528 4380 3645 4433 cir-

1946 4399 2146 4452 ignara
2171 4399 2270 4435 θεῖ.
2306 4399 2451 4447 uuln
2476 4399 2631 4436 enim
2662 4399 2937 4506 quadrato
2961 4399 3043 4434 vel
3078 4399 3324 4450 trigono,
3359 4399 3493 4451 qum
3528 4399 3645 4433 cir-

1945 4455 2071 4506 culo
2101 4455 2183 4507 vel
2214 4470 2356 4507 cono
2385 4454 2472 4507 vel
2522 4453 2671 4524 cylin
2714 4470 2775 4506 ro
2806 4451 3155 4524 contrarium
3186 4451 3314 4524 quis
3344 4454 3646 4524 opponat?

1947 4524 2305 4595 Regulariter
2327 4540 2461 4594 ergo
2490 4521 2786 4578 teneamus
2817 4521 3233 4576 contrarietatis
3272 4521 3643 4595 receptricem

1945 4594 2297 4667 qualitatem,
2342 4611 2445 4649 nec
2491 4611 2719 4649 omnem
2752 4610 2915 4667 posse
2965 4610 3104 4667 esse,
3156 4609 3257 4646 nec
3297 4594 3497 4667 solam.
3532 4595 3645 4667 Nec

1944 4664 2086 4720 illud
2114 4672 2197 4721 est
2219 4667 2618 4728 omittendum,
2655 4670 2719 4719 ut
2745 4664 2988 4719 Sciamus
3017 4664 3099 4736 in,
3124 4664 3423 4718 contrariis
3460 4666 3643 4736 quali-

1944 4741 2148 4805 tatum,
2175 4739 2278 4791 sub
2307 4739 2506 4791 eadem
2556 4737 2840 4805 categoria
2882 4751 3001 4789 esse
3055 4735 3318 4802 alterum,
3380 4735 3493 4789 subi
3529 4752 3643 4806 qua

1944 4809 2096 4863 aliud
2138 4809 2461 4862 invenitur:
2518 4811 2580 4861 ut
2620 4806 2859 4877 justitize
2900 4806 3176 4877 injustitia
3206 4807 3487 4860 contraria
3519 4813 3638 4872 est;

1944 4880 2185 4950 qualitas
2216 4878 2429 4948 iustitia
2457 4898 2484 4950 ;V
2511 4883 2567 4932 et
2592 4876 2874 4950 injustitia
2900 4876 3076 4950 igitur
3096 4878 3341 4947 qualitas
3371 4882 3471 4931 est.
3498 4879 3640 4931 Item

1944 4948 2187 5021 qualitas
2217 4956 2300 5003 est
2329 4949 2569 5015 albedo;
2603 4964 2780 5021 quare
2818 4948 3181 5021 nigredinem
3237 4962 3465 5021 quoque
3517 4965 3639 5003 esse

1942 5023 2273 5092 qualitatem
2306 5036 2553 5092 necesse
2612 5020 2867 5092 est.Quo
2904 5020 2987 5085 ﬁt,
3021 5024 3084 5074 ut
3113 5020 3453 5092 regulariter
3511 5035 3642 5072 con-

1940 5089 2130 5146 trariae
2164 5091 2466 5162 qualitates
2495 5091 2779 5159 categoria
2816 5107 3041 5162 semper
3071 5092 3267 5144 eadem
3298 5089 3637 5162 vinciantur.

1941 5161 2271 5243 Quaerentes
2299 5162 2519 5243 interea
2551 5162 2689 5233 quid
2715 5162 2787 5243 sit
2827 5161 3123 5233 proprium
3144 5161 3464 5243 qualitatis,
3497 5177 3638 5243 quo-

1941 5236 2095 5287 niam
2123 5234 2581 5288 contrarietatem
2616 5234 2899 5303 suscipere
2932 5251 3035 5289 nec
3078 5234 3249 5286 solius
3281 5236 3383 5298 est,
3417 5248 3519 5285 nec
3550 5237 3639 5286 to-

1938 5306 2073 5371 tius,
2106 5305 2258 5359 aliud
2295 5310 2740 5371 perscrutemur.
2765 5306 2939 5360 Video
2965 5305 3117 5359 enim
3150 5304 3331 5374 magis
3352 5308 3407 5356 et
3423 5303 3635 5369 minus,

1939 5377 2047 5429 hoc
2073 5382 2157 5429 est
2205 5375 2396 5438 μᾶλλον
2425 5374 2681 5434 καὶῆττον
2734 5377 2793 5431 in
2840 5393 2898 5431 se
2969 5376 3221 5444 recipere
3280 5375 3634 5446 qualitatem.

1941 5448 2198 5518 Namque
2228 5448 2409 5519 magis
2438 5449 2654 5513 album,
2695 5449 2779 5502 vel
2830 5448 3009 5519 magis
3038 5446 3424 5519 nigrumtvel
3458 5446 3640 5519 magis

1936 5516 2241 5583 musicum,
2274 5516 2361 5573 vel
2404 5519 2592 5573 minus
2632 5516 3255 5589 musicum'possumus
3287 5516 3493 5572 dicere.
3532 5518 3636 5571 Ve-

1935 5606 2065 5645 rum
2096 5591 2153 5645 id
2207 5607 2438 5663 quoque
2494 5607 2599 5646 nec
2641 5592 2701 5645 in
2731 5590 2887 5645 omni
2935 5588 3230 5661 qualitate,
3263 5604 3369 5644 nec
3424 5589 3483 5644 in
3515 5590 3638 5645 sola

2000 5682 2015 5744 ῖ
2054 5682 2111 5744 in
2143 5680 2257 5729 aliis
2282 5681 2433 5735 Edd..
2470 5680 2753 5744 Augurius.
2851 5679 2919 5727 M.

2002 5742 2022 5775 2
2048 5743 2126 5791 Ita
2154 5747 2356 5794 veteres
2392 5746 2512 5794 Mss.
2541 5742 2607 5793 At
2626 5742 2768 5799 editi,
2800 5753 3057 5791 recusare.
