4014 6164
320 200 452 255 1435

315 324 528 398 poterit
548 323 820 398 inveniri._
838 323 976 398 Quis
991 321 1147 377 enim
1177 320 1543 398 prudentiam
1564 320 1870 398 prudentia
1890 337 2021 398 pru-

319 392 640 452 dentiorem
672 394 851 466 possit
884 395 1091 459 dicere,
1133 392 1220 466 vel
1255 393 1575 466 albedinem
1614 392 1912 466 clariorem
1945 393 2022 446 al-

316 468 548 533 bedine,
569 468 652 521 vel
673 463 1005 520 doctrinam
1035 465 1290 519 doctrina
1327 464 1658 526 doctiorem,
1689 463 1774 516 vel
1795 463 2021 533 trigono

324 539 510 607 magis
541 539 852 607 trigonum,
888 538 974 590 vel
1018 536 1294 607 quadrato
1334 534 1516 603 magis
1560 535 1928 607 quadratum.
1963 534 2022 588 Si

322 605 476 664 enim
507 605 798 678 trigonum
827 607 1017 678 fuerit,
1038 605 1228 678 imagis
1257 622 1377 678 esse
1396 621 1565 678 quam
1584 605 1874 678 trigonum
1903 622 2018 659 non

321 685 545 751 potest;
579 677 677 732 aut
697 679 742 732 si
774 677 955 748 magis
984 682 1082 730 aut.
1110 677 1302 731 minus
1330 677 1520 746 fuerit,
1550 677 1692 801 l9am
1721 677 2014 746 trigonum
2047 713 2063 720 α

322 767 438 801 non
469 751 595 801 erit.
649 752 917 801 Seuarare
956 753 1151 801 tamen
1203 749 1385 801 nlacet
1435 764 1498 801 ac
1591 748 1869 801 iscernere
1922 765 2017 801 eas

321 748 438 806 non
469 751 595 804 erit.
649 752 917 820 Separare
956 753 1151 820 tamen
1203 749 1385 820 placet
1435 764 1498 820 ac
1528 748 1869 820 discernere
1922 765 2017 816 eas

322 821 646 892 qualitates,
687 818 814 891 qua
843 819 1028 889 magis
1055 824 1110 892 et
1139 818 1334 892 minus
1363 818 1762 892 recipiunt,_ab
1791 818 1859 872 iis
1889 835 2018 888 qua

320 889 733 972 hunc‘gradun—i
783 890 1226 972 comparationis
1257 889 1596 972 excusent}.
1629 890 1710 944 Sit
1738 906 1875 960 ergo
1897 892 2020 945 hac

322 961 543 1034 regula,
577 963 878 1032 qualitates
918 961 1068 1032 ipsas
1119 961 1302 1034 magis
1357 964 1413 1034 et
1468 961 1659 1014 minus
1706 977 1818 1014 non
1854 977 2018 1034 posse

322 1032 628 1104 suscipere.
664 1035 738 1088 Ea
767 1050 918 1097 vero,
963 1049 1092 1104 qua
1123 1049 1205 1104 ex
1226 1032 1314 1086 his
1345 1033 1511 1097 ﬁunt,
1543 1037 1891 1102 comparata,
1931 1032 2020 1086 vel

319 1103 506 1176 magis
536 1104 788 1174 recipere
820 1103 993 1175 posse
1015 1104 1101 1176 vel
1133 1103 1354 1176 minus:
1381 1108 1455 1176 ut
1474 1103 1861 1176 eloquentiam
1892 1118 2020 1156 ma-

320 1175 408 1247 gis
429 1174 848 1255 eloquentiam,
878 1191 974 1255 seu
996 1175 1184 1255 minus
1204 1174 1396 1255 nullus
1427 1174 1613 1255 dicere
1632 1179 1824 1255 potest
1847 1190 1860 1228 :
1886 1189 2020 1255 eum

316 1244 452 1301 vero
483 1244 582 1318 qui
613 1248 890 1318 eloquens
921 1246 1147 1318 dicitur,
1201 1245 1384 1318 magis
1430 1246 1518 1299 vel
1568 1244 2021 1318 minus_cateri_s

317 1315 680 1389 eloquentem
711 1315 1012 1389 possumus
1033 1317 1240 1389 dicere.
1266 1315 1453 1372 Claret
1481 1332 1618 1386 ergo
1641 1315 1821 1385 magis
1851 1320 1907 1370 et
1920 1315 2022 1389 mi-

319 1387 526 1443 nus'in'
561 1387 825 1459 qualibus
878 1388 1122 1441 inveniri
1177 1403 1364 1459 posse,
1423 1403 1716 1457 nunquam
1747 1403 1913 1459 posse
1960 1387 2020 1442 in

318 1458 618 1530 qualitates
650 1459 920 1513 incidere.
966 1459 1185 1530 Figura
1214 1458 1504 1530 quodque,
1537 1463 1602 1511 ut
1626 1458 1888 1530 superius
1917 1473 2017 1530 ex-

362 1529 592 1583 licatum
623 1535 730 1597 est,
778 1545 893 1583 non
925 1528 1235 1582 admittunt
1265 1529 1446 1597 magis
1476 1533 1530 1582 et
1560 1529 1787 1582 minus:
1839 1528 2020 1599 siqui-

362 1547 592 1583 ucatum
623 1547 730 1597 εει,
778 1547 893 1583 non
925 1547 1235 1582 admittunt
1265 1547 1446 1597 magis
1476 1547 1530 1582 et
1560 1547 1787 1582 minus:
1839 1547 2020 1599 Siqui-

317 1547 450 1656 gem
471 1600 705 1662 circulo,
737 1600 783 1652 si
829 1599 1042 1669 aliquid
1099 1601 1276 1653 addas
1330 1599 1417 1652 vel
1449 1599 1660 1666 minus,
1691 1599 2020 1669 circuliJam

319 1671 660 1725 vocabulum
704 1687 821 1724 non
847 1670 1082 1735 tenebit,
1123 1674 1179 1723 et
1207 1670 1266 1723 in
1316 1670 1547 1725 alterius
1576 1671 1777 1740 ﬁgura
1808 1686 2015 1725 nomen

317 1741 613 1812 migrabit.
662 1741 956 1796 Manifesta
980 1741 1160 1810 igitur
1189 1740 1664 1812 designatumest
1697 1757 1824 1812 qua
1840 1742 2020 1812 quali-

319 1811 466 1867 tates
511 1812 850 1892 huiusmodi
898 1813 1110 1892 gradus
1158 1811 1927 1892 comparationisaccipient,
1963 1817 2021 1892 et

320 1900 451 1954 qua
500 1882 706 1938 abhis
761 1883 1026 1936 videntur
1055 1899 1175 1936 esse
1229 1882 1450 1936 aliena.
1505 1882 1812 1954 Reliquum
1843 1887 2021 1938 estut

317 1953 612 2025 qualitatis
643 1954 967 2024 proprium,
1016 1954 1166 2025 quod
1200 1954 1350 2022 apud
1383 1956 1604 2008 Gracos
1635 1953 1720 2008 est
1744 1953 1885 2014 ἳδιον,
1930 1954 2018 2009 in-

317 2024 681 2094 vestigemus.
711 2027 968 2095 Namque
996 2024 1303 2079 usiahabet
1330 2025 1437 2079 hoc
1461 2027 1784 2096 proprium,
1816 2029 1880 2079 ut
1909 2025 2019 2080 sin-

317 2097 534 2167 gularis
564 2101 734 2166 atque
766 2113 882 2150 una
911 2112 1177 2167 numero,
1207 2097 1489 2150 contraria
1521 2097 1579 2150 in
1607 2113 1666 2150 se
1698 2096 2014 2167 suscipiat:

318 2166 591 2239 suscipiat
620 2173 810 2222 autem
870 2166 1006 2232 dixi,
1040 2183 1155 2221 non
1212 2167 1419 2239 habeat
1471 2167 1775 2222 contraria.
1824 2166 2018 2222 Memi-

317 2238 480 2293 nisse
501 2243 693 2292 autem
726 2255 830 2292 nos
860 2243 1100 2308 oportet,
1135 2238 1290 2308 quod
1320 2238 1480 2302 usia,
1523 2255 1652 2292 cum
1705 2239 1775 2293 de
1810 2255 1877 2294 ea
1904 2242 2018 2293 tra-

316 2313 623 2376 ctaremus,
679 2309 822 2380 nihil
871 2325 990 2362 esse
1040 2309 1289 2380 diximus
1341 2309 1711 2364 contrarium.
1777 2312 1922 2380 Ergo
1956 2313 2019 2364 ut

322 2380 446 2449 ejus
475 2385 559 2433 est
588 2379 886 2449 proprium
931 2379 1215 2448 suscipere
1248 2380 1552 2442 contraria.
1584 2379 1639 2434 id
1671 2385 1775 2449 est,
1805 2379 2017 2435 sanita-

320 2454 438 2503 tem
468 2449 660 2516 modo,
693 2449 863 2503 modo
911 2449 1347 2518 agritudinem;
1383 2451 1582 2519 quanti
1633 2466 1786 2516 vero,
1841 2453 1900 2506 id
1935 2454 2020 2504 est

315 2522 402 2567 τοῦ
430 2521 602 2577 πὸσου,
663 2525 725 2573 ut
779 2535 886 2590 par
931 2519 1186 2590 imparve
1229 2519 1482 2586 dicatur;
1514 2522 1600 2568 τοῦ
1635 2519 1685 2568 δέ
1713 2520 1829 2585 πρός
1857 2539 1920 2579 τι.
1945 2523 2019 2576 ad

316 2591 553 2662 aliquid,
586 2595 650 2645 ut
675 2588 796 2645 sint
831 2588 1152 2662 ﬁmo-11.30%,
1182 2590 1291 2645 hoc
1349 2595 1451 2657 est,
1499 2594 1564 2662 ut
1605 2591 1665 2644 in
1695 2608 1753 2646 se
1783 2608 2018 2646 conver-

316 2661 530 2734 tantur,
563 2679 626 2716 ac
647 2662 770 2734 rsint
796 2661 905 2715 sibi
926 2666 1132 2715 natura
1159 2661 1600 2734 conjunctazita
1626 2668 1687 2734 et
1726 2663 2017 2734 qualitatis

315 2733 426 2787 hoc
464 2733 761 2804 proprium
796 2737 896 2796 est,
923 2737 988 2786 ut.
1017 2737 1219 2786 cuncta
1249 2733 1442 2804 qualia
1467 2732 1695 2802 similia,
1726 2732 1825 2788 aut
1852 2734 2016 2789 dissi-

315 2805 473 2859 milia
502 2805 900 2858 nominentur.
940 2805 1005 2857 Et
1055 2804 1218 2858 dulce
1248 2804 1404 2858 enim
1457 2804 1632 2871 dulci,
1692 2809 1748 2859 et
1775 2805 1905 2860 albo
1937 2805 2018 2859 al-

315 2877 477 2942 bum,
511 2879 567 2929 et
591 2877 762 2928 stulto
790 2875 1051 2939 stultum,
1095 2879 1150 2928 et
1188 2875 1304 2928 leni
1353 2875 1502 2941 lene,
1547 2880 1604 2928 et
1660 2875 1839 2930 calido
1888 2875 2018 2930 cali-

315 2949 475 3012 dum,
505 2946 714 3000 similia
742 2946 829 2999 vel
862 2945 1162 3016 dissimilia
1192 2946 1426 3016 proprie
1449 2951 1870 3015 nuncupantur.
1905 2947 2019 3002 Ali-

315 3023 400 3072 ter
432 3017 586 3097 enim
614 3017 677 3097 _si
725 3017 871 3097 dicta
901 3015 1135 3097 fuerint,
1193 3015 1679 3097 nuncupationem
1701 3019 2015 3097 ‘propriam

317 3105 434 3144 non
464 3088 773 3142 habebunt.
809 3089 886 3141 Ne
915 3093 1107 3141 autem
1136 3088 1401 3141 nonnulli
1430 3089 1488 3141 in
1516 3089 1756 3158 legendo
1788 3089 2016 3144 turben-

316 3165 432 3232 tur,
461 3159 620 3232 _qu_o_d
673 3163 735 3232 _e_t
776 3158 1029 3232 affectio,
1052 3163 1110 3232 et
1149 3158 1398 3232 habitus,
1445 3164 1502 3212 et
1525 3160 1852 3232 disciplina,
1885 3177 2014 3232 qua

316 3231 378 3284 in
409 3228 733 3300 ad'aliquid
783 3229 961 3289 dictis,
1016 3229 1074 3282 id
1124 3233 1208 3282 est
1239 3228 1290 3277 ἐν
1318 3231 1414 3284 τοῖς
1441 3229 1558 3292 πρός
1583 3246 1631 3277 τι
1660 3228 1877 3300 posita,
1900 3228 2020 3286 'ei-

316 3301 449 3356 dem
477 3299 739 3371 qualitati
768 3315 999 3370 quoque
1024 3315 1292 3354 connexa
1339 3305 1509 3367 sunt;
1543 3299 1687 3355 hanc
1730 3302 2020 3357 discretio-

316 3388 449 3426 nem
499 3372 720 3434 damus.
780 3375 842 3424 ut
870 3375 1006 3425 tunc
1043 3372 1348 3441 categoria
1379 3371 1449 3425 ad
1478 3372 1708 3444 aliquid
1738 3373 2024 3444 socientur
2129 3406 2134 3410 ι

313 3443 546 3515 quando
581 3446 713 3515 sunt
742 3459 980 3515 genera,
997 3458 1138 3515 cum
1167 3459 1301 3497 vero
1339 3442 1602 3514 species,‘
1627 3443 1924 3514 qualitati:
1960 3448 2024 3498 ut

315 3513 460 3584 puta
485 3514 533 3568 si
561 3513 920 3583 disciplinam
952 3513 1182 3581 dixeris,
1201 3531 1330 3584 qua
1355 3513 1439 3568 est
1455 3531 1634 3584 genus
1648 3513 1984 3569 caterarum
2005 3531 2020 3582 ;

313 3586 382 3640 ad
414 3585 630 3656 aliquid
663 3585 960 3639 referenda
1015 3590 1130 3639 est:
1194 3585 1498 3656 disciplina
1543 3586 1698 3640 enim
1748 3586 2022 3641 discibilis

313 3657 399 3710 rei
429 3655 734 3725 disciplina
764 3656 990 3710 dicitur.
1024 3655 1184 3719 Quod
1228 3657 1273 3710 si
1304 3655 1581 3711 musicam
1611 3657 1843 3723 dixeris,
1893 3674 2020 3711 mu-

317 3728 431 3782 sica
461 3727 776 3798 disciplina
821 3727 1037 3799 species
1067 3732 1169 3793 est,
1214 3743 1340 3799 non,
1377 3744 1595 3798 genus;
1633 3728 1891 3799 qualitati
1921 3744 2021 3782 ne-

311 3799 520 3852 ctenda
557 3803 668 3869 esti:
705 3813 892 3869 neque
947 3798 1101 3869 enim
1145 3798 1349 3852 musici
1391 3798 1667 3854 musicam
1717 3815 2022 3869 possumus

315 3869 528 3929 dicere.
563 3868 660 3921 sed
691 3867 895 3920 musici
951 3868 1332 3937 disciplinam.
1395 3869 1668 3924 Similiter
1715 3867 1769 3924 et
1798 3870 2021 3924 affectio

313 3942 370 3992 et
398 3937 632 4019 habitus
679 3937 993 4019 secundum
1025 3954 1235 4019 genera
1280 3944 1336 3992 et
1357 3939 1608 4019 epecies,
1635 3941 1894 4019 nu_nc_ad
1922 3941 2020 3995 ali-

312 4008 478 4080 quid,
513 4023 664 4080 nunc
695 4007 954 4080 qualitati
995 4013 1324 4080 nectuntur.
1355 4007 1648 4080 Siquidem
1677 4011 1724 4064 si
1757 4011 2022 4066 allectum

314 4078 401 4135 vel
431 4079 718 4145 habitum,
742 4149 745 4150 ν
771 4079 878 4133 hoc
932 4084 1018 4133 est
1041 4078 1249 4126 διατεσιν
1280 4084 1338 4134 et
1368 4078 1460 4139 ἔξιῦ
1515 4082 1740 4150 generis
1793 4083 2020 4149 dixeris,

313 4152 373 4206 id
404 4155 490 4205 est
526 4149 884 4220 disciplina;
917 4151 990 4204 ad
1039 4150 1255 4219 aliquid
1286 4149 1651 4207 referuntur:
1685 4153 1773 4206 sin
1828 4159 2022 4208 autem

315 4223 589 4278 affectum
619 4221 737 4276 sive
765 4220 1028 4276 habitum
1056 4221 1266 4292 speciei
1298 4238 1416 4276 esse
1443 4223 1672 4290 dixeris,
1704 4224 1764 4278 id
1793 4229 1878 4279 est
1907 4241 2024 4278 mu-

315 4294 448 4373 sica
478 4294 566 4373 vel
602 4293 992 4373 grammatica
1024 4312 1040 4373 ξ
1067 4292 1369 4373 qualitates
1401 4293 1674 4373 debemus
1689 4311 2017 4373 agnoscere.

318 4363 588 4430 Quamvis
607 4363 730 4436 ipse
752 4380 990 4436 quoque
1012 4363 1343 4436 Aristoteles
1371 4363 1862 4436 magnusingenio
1892 4367 2024 4421 huic

314 4452 462 4507 pene
494 4435 865 4507 permixtioni
886 4435 1245 4507 concesserit,
1275 4452 1339 4489 ac
1357 4435 1573 4507 edixerit
1600 4435 1766 4506 posse
1796 4438 2020 4492 contin-

319 4506 475 4577 gere,
499 4506 564 4560 ut
588 4507 742 4577 quod
775 4506 1066 4576 qualitatis
1095 4506 1469 4577 fuerit,idem
1494 4507 1778 4562 referatur
1825 4509 1894 4563 ad
1925 4509 2023 4562 ali-

319 4576 458 4647 quid
483 4594 496 4643 ;
531 4576 634 4632 nec
663 4594 786 4632 esse
813 4577 1236 4648 importunum,
1265 4576 1312 4630 si
1341 4593 1456 4632 una
1484 4593 1574 4632 res
1605 4578 1848 4634 duarum
1881 4585 2025 4634 cate-

313 4649 612 4719 goriarum
659 4649 932 4704 vocabulo
983 4649 1376 4704 concludatur.

625 4761 848 4816 CAPUT
879 4762 1026 4816 XIII.
1058 4791 1126 4802 —
1157 4764 1231 4817 De
1257 4765 1437 4830 facere
1477 4767 1527 4818 et
1565 4765 1708 4834 pati.

382 4866 541 4941 Dicta
571 4871 706 4921 sunt
734 4871 929 4941 autem
959 4867 1150 4941 omnia
1181 4869 1404 4941 quaead
1435 4875 1682 4941 quatuor
1703 4869 2020 4940 categorias

311 4939 591 4994 maximas
622 4943 792 5009 atque
813 4938 1074 4993 difﬁciles
1095 4938 1497 5009 pertinebant:
1532 4957 1686 4996 nunc
1715 4938 1854 4995 ordo
1868 4957 2023 4995 com-

312 5016 510 5066 monet
535 5015 598 5064 ut
648 5015 776 5083 post
823 5011 1157 5083 qualitatem
1201 5011 1271 5066 de
1298 5012 1483 5065 facere
1515 5017 1572 5066 et
1601 5013 1720 5083 pati
1750 5017 2023 5066 tractatus

311 5083 611 5136 habeatur.
648 5079 792 5153 Qua
841 5079 954 5134 duo
985 5081 1253 5136 videntur
1302 5099 1368 5136 ex
1417 5079 1708 5153 qualitatis
1739 5083 1891 5137 fonte
1923 5085 2020 5137 de-

312 5153 609 5207 scendere:
644 5152 700 5206 id
759 5167 1009 5221 namque
1064 5153 1218 5222 quod
1269 5152 1519 5207 calidum
1567 5154 1717 5221 facit,
1769 5155 2018 5208 calidum

313 5225 386 5278 sit
413 5240 640 5278 necesse
673 5228 753 5277 est
776 5243 790 5290 ;
812 5223 1064 5295 calidum
1097 5239 1228 5295 vero
1261 5225 1429 5295 quale
1450 5241 1571 5279 esse
1601 5225 2018 5295 cognoscimus.

311 5296 589 5350 Similiter
617 5295 770 5367 quod
792 5294 1045 5367 calidum
1074 5294 1172 5367 fit,
1192 5294 1456 5364 passione
1481 5297 1568 5351 sui
1598 5294 1804 5366 accipit
1835 5297 2019 5367 quali-

313 5372 518 5420 tatem:
544 5370 614 5439 _et
643 5365 743 5436 qui
774 5365 957 5432 docet,
991 5366 1312 5439 cum_docet
1341 5367 1539 5422 doctor
1556 5373 1654 5432 est,
1686 5365 1744 5421 et
1773 5365 2020 5439 discipu-

316 5439 435 5510 lum
450 5437 616 5501 facit;
635 5441 1082 5510 uterqueautem
1096 5437 1212 5510 sive
1225 5438 1425 5492 doctor
1436 5439 1552 5494 sive
1565 5439 1874 5510 discipulus
1887 5437 2022 5509 qua-

316 5509 386 5561 lis
415 5513 498 5561 cst
523 5524 535 5560 :
569 5512 625 5560 et
649 5511 849 5561 catera
883 5508 972 5561 his
1004 5508 1214 5563 similia
1244 5510 1601 5563 considerata
1630 5508 2023 5564 demonstrant

320 5583 472 5632 recte
501 5579 604 5632 has
631 5579 771 5632 duas
792 5579 1111 5650 categorias
1132 5579 1443 5650 praposita
1468 5581 1742 5652 qualitate
1763 5581 2019 5652 tractari.

381 5721 394 5755 1
419 5720 493 5768 Ita
520 5721 721 5768 veteres
756 5719 882 5769 Mss.
920 5720 987 5770 At
1012 5720 1156 5781 editi,
1203 5726 1458 5774 recusent.

1695 196 2126 255 CATEGORIIE
2164 196 2428 254 DECEM.

2127 1173 2252 1227 mili

2125 1243 2422 1309 frigidum,
2471 1244 2603 1298 licet
2643 1244 2926 1298 contraria
2963 1244 3282 1308 videantur,
3322 1251 3511 1299 tamen
3557 1263 3694 1299 cum
3734 1247 3828 1300 sub

2127 1314 2326 1370 eodem
2365 1331 2537 1370 sensu
2572 1314 2805 1381 fuerint,
2846 1315 3056 1370 similia
3098 1333 3219 1370 esse
3257 1316 3627 1370 confirmant.
3665 1317 3825 1370 Deni-

3699 203 3823 255 1436

2131 320 2392 392 Haeduo
2408 322 2598 392 autem
2616 319 2800 392 facere
2822 321 2879 374 et
2897 319 3016 392 pati
3035 320 3204 374 multi
3214 319 3501 390 dixerunt,
3526 337 3653 376 non
3673 338 3824 392 posse

2131 392 2238 471 nisi
2258 391 2346 460 iis,
2368 408 2497 471 qua
2518 391 2732 471 fuerint
2751 391 3058 471 contraria,
3079 391 3484 471 proven_ire._ld
3508 391 3826 471 enim’qued

2131 464 2294 517 dulce
2316 462 2417 534 est,
2442 463 2607 534 dulce
2629 462 2926 534 nonfacit,
2949 463 3060 516 nisi
3082 462 3136 517 id
3153 463 3304 534 quod
3327 463 3489 518 dulce
3505 481 3627 518 non
3643 462 3823 528 fuerit,

2131 550 2264 587 nam
2297 533 2341 586 si
2376 533 2433 587 id
2463 533 2617 605 quod
2645 533 2864 602 patitur
2897 533 3061 588 dulce
3089 533 3282 601 fuerit,
3316 551 3418 605 per
3448 541 3728 589 naturam
3753 538 3826 589 sui

2130 604 2752 686 alterius-dulcedinem
2787 620 2902 675 quo
2941 605 3200 686 recipiat.
3245 604 3356 686 non
3405 606 3690 686 habebit;
3738 623 3827 686 ne-

2125 692 2278 748 cesse
2309 680 2392 728 est
2412 691 2548 748 ergo
2577 676 2885 748 dulceinou
2917 691 3039 730 esse
3069 676 3128 731 id
3159 678 3308 748 quod
3341 678 3584 748 patitur,
3626 683 3693 732 ut
3721 677 3827 731 dul-

2124 747 2382 800 cedinem
2428 747 2664 816 recipiat
2709 746 2994 801 alienam:
3046 763 3110 802 ac

2124 818 2258 872 facit
2296 817 2459 872 dulce
2497 823 2602 886 est,
2633 821 2689 870 et
2717 819 2874 888 quod
2905 819 3121 888 patitur
3150 817 3315 873 dulCe
3347 836 3462 873 non
3495 829 3611 884 est,
3643 817 3826 873 neces-

2126 889 2275 942 sario
2304 888 2572 943 dicuntur
2602 888 2780 942 videri
2802 890 3108 944 contraria.
3144 889 3415 944 Nonnulli
3444 891 3682 944 diversa
3712 907 3827 944 seu-

2127 966 2345 1026 serunt,
2371 965 2687 1014 asserentes
2711 976 2828 1014 non
2853 976 3018 1031 posse
3048 961 3173 1016 hac
3197 961 3308 1015 nisi
3338 962 3397 1015 in
3428 962 3725 1016 similibus
3749 963 3826 1015 in-

2126 1031 2330 1102 veniri,
2379 1035 2434 1084 et
2475 1031 2580 1102 sub
2629 1031 2830 1102 eodem
2870 1047 3082 1102 genere
3127 1031 3485 1098 constitutis;
3529 1049 3640 1086 nec
3672 1049 3825 1102 posse

3200 754 3460 818 ropterea
3499 765 3643 802 cum
3688 751 3827 818 quod

2129 1101 2342 1182 aliquid
2383 1101 2499 1182 pati
2540 1103 2630 1182 vel
2669 1101 2891 1182 facere,
2923 1103 3036 1182 nisi
3077 1103 3263 1157 simile
3303 1103 3490 1182 faciat,
3543 1109 3648 1182 aut.
3676 1101 3722 1156 ia
3761 1104 3826 1157 si-

2323 1173 2548 1227 atiatur.
2595 1173 2766 1227 Dulce
2795 1173 2950 1228 enim
2981 1177 3036 1227 et
3066 1190 3346 1237 amarum,
3379 1176 3462 1228 vel
3494 1176 3753 1228 calidum
3782 1180 3829 1228 et

2127 1402 2239 1457 que
2268 1386 2339 1439 ab
2363 1385 2565 1440 alienis
2593 1386 2934 1456 penitusque
2956 1387 3211 1441 discretis
3233 1387 3486 1457 patiendi
3517 1387 3827 1441 faciendive

2126 1456 2408 1512 rationem
2439 1456 2638 1512 dicunt
2666 1473 2782 1511 non
2827 1473 2992 1527 posse
3033 1456 3378 1512 consistere:
3413 1463 3477 1512 ut
3506 1460 3675 1513 verbi
3707 1476 3828 1527 gra-

2127 1528 2227 1600 tia,
2261 1527 2394 1598 quid
2424 1528 2581 1600 enim
2618 1527 2788 1600 faciet
2815 1544 3092 1582 numerus
3120 1531 3179 1581 in
3208 1545 3428 1597 amaro,
3464 1531 3555 1584 vel
3587 1527 3734 1600 quid
3756 1531 3826 1583 al-

2127 1597 2293 1653 bedo’
2318 1599 2434 1668 pati
2480 1597 2663 1670 possit
2701 1616 2733 1652 a
2779 1601 3063 1653 numero?
3107 1600 3215 1654 Sed
3263 1601 3383 1654 hac
3431 1600 3500 1654 sit
3544 1597 3828 1656 cdnﬂictio

2127 1668 2502 1724 caterorum':
2537 1668 2702 1724 nobis
2727 1674 2918 1724 autem
2945 1671 3144 1740 regula
3176 1671 3275 1725 illa
3299 1670 3570 1737 sufﬁciat,
3603 1678 3670 1725 ut
3697 1673 3827 1725 scia-

2128 1757 2257 1822 mus
2302 1741 2490 1822 facere
2517 1741 2728 1821 et_pati
2764 1757 2974 1822 genere
3020 1758 3141 1796 esse
3165 1742 3505 1822 ‘co‘njuucta,
3558 1744 3827 1822 qualitate

2127 1811 2385 1884 discreta.
2430 1811 2657 1884 Etenim
2706 1811 2978 1884 calidum,
3031 1813 3184 1884 quod
3232 1811 3441 1882 frigido
3476 1811 3721 1884 praestat
3749 1830 3828 1867 ca-

2127 1883 2308 1955 lorem
2355 1883 2463 1955 sui,
2497 1882 2600 1955 sub
2636 1882 2840 1937 eodem
2884 1882 3093 1955 genere
3127 1888 3228 1946 est,
3257 1901 3396 1955 quo
3446 1882 3536 1938 est
3576 1890 3635 1938 et
3681 1886 3828 1955 frigi-

2126 1954 2301 2020 dum;
2333 1953 2430 2008 sed
2482 1954 2761 2024 discrepat
2801 1954 3074 2025 qualitate
3113 1954 3274 2080 quod
3301 1953 3501 2010 'calet:
3540 1961 3602 2010 et
3644 1953 3830 2010 doctus

2127 2041 2256 2079 cum
2304 2024 2470 2078 docet
2518 2024 2835 2080 indoctum.
2889 2026 2996 2080 sub
3043 2042 3108 2080 eo
3154 2041 3244 2080 em
3304 2041 3510 2080 genere
3563 2033 3687 2080 est:
3745 2027 3830 2080 sed

2127 2024 2835 2097 cum_docetindoctum,
2872 2026 2996 2097 sub
3043 2024 3244 2080 eodem
3303 2041 3510 2097 genere
3563 2033 3687 2093 est;
3745 2027 3830 2080 sed

2127 2095 2400 2165 qualitate
2449 2095 2807 2168 discernitur.
2857 2096 3046 2168 Claret
3094 2112 3231 2165 ergo
3275 2095 3462 2152 facere
3495 2103 3558 2151 et
3586 2099 3712 2168 pati
3741 2115 3832 2168 ge-

2129 2183 2264 2221 nere
2291 2166 2676 2239 essesimilia,
2708 2167 2998 2221 contraria
3045 2168 3339 2239 qualitate.
3370 2167 3478 2223 Sed
3526 2166 3661 2223 hac
3703 2166 3827 2232 duo,

2128 2243 2192 2292 ut
2241 2237 2508 2310 superius
2565 2237 2832 2310 diximus,
2877 2237 3336 2310 adeovideutur
3392 2239 3667 2310 qualitati
3727 2257 3829 2294 non

2127 2308 2297 2381 modo
2340 2308 2560 2374 ordine,
2603 2309 2699 2362 sed
2720 2309 3170 2381 retiamiratione
3216 2308 3513 2381 conjungi,
3537 2315 3612 2365 ut
3640 2312 3828 2365 eadem

2128 2379 2586 2453 recipiant,equa
2618 2380 2871 2451 recipere
2901 2380 3149 2435 diximus
3182 2379 3541 2452 qualitatem.
3580 2383 3829 2453 Namque

2127 2455 2184 2523 et
2204 2450 2667 2523 contrarietatem
2710 2450 2828 2523 non
2859 2455 3162 2523 respuunt,
3198 2450 3376 2523 quam
3413 2453 3672 2523 qualitas
3708 2450 3832 2507 reci-

2125 2521 2244 2593 pit;
2278 2526 2336 2574 et
2363 2521 2546 2594 magis
2574 2527 2629 2576 et
2657 2521 2848 2576 minus
2871 2521 3476 2593 admittuntfquoruin
3497 2524 3829 2594 qualitatem

2126 2592 2357 2665 quoque
2409 2592 2658 2665 diximus
2712 2593 3102 2664 receptricem.
3159 2592 3372 2649 Harum
3422 2592 3562 2649 verb
3621 2602 3833 2665 catego-

2125 2663 2343 2737 riarum
2401 2664 2723 2737 proprium,
2776 2663 2932 2737 quod
2985 2669 3081 2737 est
3125 2681 3306 2737 grace
3363 2673 3502 2730 ἴδιον,
3564 2663 3833 2737 quoniam

2125 2735 2247 2803 ipse
2274 2749 2523 2805 quoque
2570 2734 2924 2803 Aristoteles,
2968 2734 3180 2803 omisit,
3229 2751 3334 2791 nec
3379 2753 3413 2790 a
3446 2734 3622 2791 nobis
3671 2739 3834 2792 lector

2125 2804 2398 2877 inquirat.

2411 2877 2638 2932 CAPUT
2668 2877 2802 2932 XIV.
2833 2904 2904 2914 —
2937 2879 3021 2932 De
3041 2879 3244 2947 jacere.
3274 2880 3388 2933 sive
3413 2881 3550 2934 situ.

2195 2945 2463 3018 Sequitur
2505 2951 2571 3001 ut
2617 2947 2687 3002 de
2732 2949 2921 3018 jacere
2975 2945 3248 3016 dicamus,
3299 2949 3415 3004 sive
3462 2949 3533 3005 de
3587 2951 3729 3016 situ,
3783 2955 3836 3003 ut

2127 3018 2361 3103 quidam
2404 3021 2612 3103 putant
2635 3035 2650 3072 :
2676 3035 2822 3103 qua
2851 3020 3232 3103 categoria_in
3270 3020 3344 3074 ad
3373 3021 3632 3103 aliquid
3655 3022 3832 3101 relatis

2120 3089 2242 3172 jam
2272 3089 2496 3172 videtur
2521 3105 2643 3172 esse
2671 3089 2928 3146 tractata.
2969 3089 3260 3172 Siquidem
3292 3089 3676 3172 quod_]ace_t_,_
3695 3094 3831 3162 posi-

2130 3163 2252 3234 tum
2281 3161 2431 3234 jacet
2455 3174 2470 3234 :_
2500 3159 2753 3231 positum
2783 3178 2913 3234 vero
2939 3159 3244 3233 positionis
3273 3159 3380 3226 est,
3411 3167 3470 3216 et
3487 3159 3719 3234 positio
3746 3181 3837 3234 po-

2130 3231 2240 3285 siti.
2275 3231 2396 3307 Qua
2441 3231 2510 3307 de
2550 3248 2738 3307 causa,
2772 3236 2834 3307 ut
2863 3231 2984 3304 ipse
3008 3249 3241 3304 quoque
3278 3231 3644 3304 Aristoteles,
3676 3231 3834 3307 quem

2131 3303 2444 3373 sequimur,
2474 3302 2624 3367 fecit,
2657 3303 2728 3358 ad
2759 3305 2870 3358 alia
2887 3302 3268 3359 transeamus.

2450 3374 2674 3429 CAPUT
2713 3376 2818 3430 XV.
2851 3405 2920 3416 —
2956 3375 3040 3430 De
3069 3376 3164 3430 ubi
3189 3381 3240 3430 et
3272 3375 3513 3444 quando.

2205 3443 2316 3517 Ubi
2338 3446 2394 3498 et
2420 3445 2648 3517 quando
2678 3445 2945 3517 videntur
2975 3447 3130 3502 locus
3169 3443 3293 3501 esse
3321 3452 3378 3500 et
3415 3452 3680 3517 tempus,
3716 3463 3835 3500 cum

2131 3530 2246 3587 non
2275 3515 2426 3581 sint;
2474 3516 2570 3569 sed
2621 3516 2840 3570 suntin
2871 3518 2994 3571 loco
3040 3522 3096 3570 et
3140 3522 3443 3587 tempore:
3476 3515 3565 3582 ut,
3623 3520 3834 3580 Roma.

2131 3585 2188 3659 in
2216 3591 2434 3659 senatu,
2487 3587 2862 3659 anteghoram
2908 3588 3156 3651 tertiam,
3207 3585 3336 3659 post
3383 3604 3656 3644 mensem
3697 3605 3837 3642 mar-

2129 3656 2296 3730 tium.
2328 3658 2478 3721 Hac,
2511 3662 2576 3711 ut
2617 3657 2886 3723 diximus,
2929 3659 2989 3730 in
3022 3660 3149 3714 loco
3180 3656 3313 3714 sunt
3343 3663 3398 3713 et
3444 3659 3506 3714 in
3555 3666 3838 3730 tempore,

2131 3743 2248 3782 non
2274 3727 2430 3801 locus
2449 3732 2516 3801 _e_t
2544 3732 2788 3801 tempus.
2820 3729 3077 3801 Denique
3098 3734 3163 3785 ut
3190 3731 3368 3785 claras
3397 3735 3454 3784 et
3483 3727 3710 3786 nullius
3733 3737 3838 3785 tra-

2131 3802 2312 3874 ctatus
2366 3797 2612 3870 indigas,
2663 3797 2782 3854 has
2846 3797 3160 3874 categorias
3218 3801 3550 3874 Aristoteles
3611 3818 3838 3874 quoque

2130 3872 2516 3942 transgressus
2553 3875 2668 3936 est;
2711 3871 2864 3942 quod
2902 3888 3005 3926 nos
3046 3872 3218 3926 etiam
3253 3872 3548 3927 faciemus.
3593 3871 3676 3928 De
3707 3871 3840 3927 tein-

2130 3955 2266 4011 pore
2315 3939 2468 3994 enim
2516 3946 2576 3996 et
2604 3939 2747 4014 loco“
2774 3943 2924 3996 inter
2957 3959 3210 3997 summos
3252 3943 3640 4014 philosophos
3685 3952 3839 3998 vetus

2130 4015 2188 4065 et
2240 4026 2448 4081 magna
2502 4013 2744 4085 quaestio
2789 4017 2893 4074 est,
2944 4014 3286 4085 quibusdam
3337 4013 3675 4085 volentibus
3728 4017 3844 4070 hac

2130 4087 2432 4154 corporata
2465 4083 2609 4148 esse,
2649 4083 2776 4138 aliis
2814 4083 3111 4140 vero—sine
3152 4084 3490 4155 corporibus
3528 4086 3834 4141 astimari.

2557 4156 2783 4210 CAPUT
2821 4157 2955 4210 XVI.
2996 4187 3057 4196 -
3094 4160 3165 4211 De
3195 4157 3404 4211 habere.

2204 4227 2329 4280 Non
2343 4243 2457 4281 uno
2469 4226 2637 4281 modo
2651 4226 2862 4282 habere
2877 4227 3094 4297 aliquid
3108 4227 3684 4291 dicimur.Quantum
3697 4228 3842 4282 enim

2130 4297 2426 4370 tractando
2467 4297 2814 4370 colligimus,
2857 4298 2964 4354 sub
3004 4298 3110 4352 hoc
3137 4300 3308 4353 verbo
3347 4303 3474 4352 octo
3513 4304 3660 4353 sunt
3690 4299 3845 4370 quasi

2131 4369 2393 4440 quadam
2425 4368 2660 4440 species.
2685 4369 2894 4440 Prima
2923 4373 3026 4434 est,
3063 4371 3287 4440 quoties
3326 4369 3522 4424 animo
3563 4368 3846 4425 habemus

2131 4439 2370 4519 aliquid,
2419 4439 2484 4519 ut
2513 4439 2815 4519 justitiam,
2865 4439 3202 4519 castitatem,
3248 4441 3594 4519 iujustitiam
3651 4443 3741 4494 vel

2129 4509 2424 4582 bidinem.
2453 4510 2733 4571 Secunda,
2785 4511 3014 4582 quoties
3064 4511 3126 4566 in
3179 4509 3416 4582 corpore
3465 4511 3694 4566 habere
3745 4513 3849 4565 ali—

2131 4581 2272 4651 quid
2321 4581 2588 4648 dicimur,
2635 4586 2699 4635 ut
2741 4581 3060 4636 albedinem
3114 4587 3170 4636 et
3219 4581 3612 4652 nigredinem,
3671 4586 3846 4637 varie-

2130 4655 2327 4724 tatem,
2358 4653 2696 4724 velcatera
2733 4668 2861 4723 qua
2897 4668 3003 4723 per
3044 4653 3378 4724 qualitatem
3419 4655 3666 4724 corpori
3715 4654 3846 4708 insi-

2131 4722 2292 4796 dunt.
2326 4722 2514 4796 Tertia
2545 4723 2614 4778 de
2645 4722 2961 4796 quantitate
2993 4722 3302 4796 descendit,
3336 4722 3566 4796 quoties
3600 4732 3848 4796 quatuor

2131 4739 2292 4778 aunt.
2327 4739 2514 4777 ‘ierua
2545 4739 2614 4778 ue
2645 4739 2961 4848 quantitate
2993 4739 3302 4792 aescendit,
3336 4739 3566 4796 quoues
3600 4739 3844 4796 quatuor

2129 4793 2218 4866 vel
2269 4793 2525 4865 quinque
2579 4810 2650 4864 pe
2688 4810 2793 4866 uin
2849 4794 3061 4849 habere
3109 4795 3316 4849 dicitur
3387 4795 3844 4866 longitudinem.

2130 4864 2360 4939 Quarta,
2385 4864 2516 4939 cum
2536 4865 2742 4939 nonAiu
2761 4869 2881 4920 toto
2910 4882 3169 4939 corpore,
3189 4866 3288 4939 sed
3314 4866 3374 4939 in
3402 4864 3572 4936 parte
3592 4868 3847 4939 corporis

2131 4935 2348 5006 aliquid
2386 4935 2968 5008 habererﬁrmamur;
3012 4935 3078 4990 ut
3112 4938 3174 4991 in
3213 4935 3759 5008 digito’annulum.
3797 4939 3845 4989 is

2130 5008 2277 5077 pede
2302 5008 2517 5078 calceos
2549 5007 2634 5061 vel
2665 5007 2999 5062 cothurnos.
3047 5008 3254 5072 Quinta
3290 5007 3523 5078 ’species
3573 5019 3695 5072 est,
3729 5025 3846 5063 cum

2130 5093 2246 5152 non
2303 5077 2363 5132 in
2421 5094 2678 5148 corpore.
2728 5078 2822 5152 sed
2882 5078 3032 5132 circa
3097 5095 3304 5152 corpus
3330 5077 3572 5152 :habere
3635 5080 3846 5152 aliqui-ﬁ

2133 5148 2396 5214 dicimur,
2417 5148 3019 5220 utestvestimentum
3051 5148 3222 5220 atque
3251 5149 3600 5204 indumenta
3636 5148 3849 5207 omnia.

2130 5220 2314 5286 Sexta,
2348 5219 2573 5291 quoties
2594 5219 2745 5290 ipsas
2768 5226 2958 5291 partes
2988 5219 3242 5291 corporis
3271 5221 3486 5276 habere
3517 5238 3851 5278 narremur.

2132 5295 2194 5343 ut
2216 5306 2440 5356 manus,
2470 5290 2666 5372 pedes,
2697 5290 2885 5372 caput,
2912 5297 3014 5372 aut
3044 5290 3264 5362 reliqua
3284 5307 3413 5372 qua
3439 5300 3582 5372 sunt
3617 5295 3685 5348 in
3716 5310 3854 5372 com-

2130 5377 2278 5431 page
2326 5361 2740 5416 membrorum.
2766 5361 3084 5432 Septimus
3125 5361 3258 5417 vero
3287 5361 3444 5418 locus
3473 5369 3586 5428 est,
3627 5368 3854 5437 quoties

2132 5433 2216 5510 _far
2247 5433 2331 5510 vel
2357 5433 2550 5510 vinum
2581 5449 2679 5510 vas
2709 5432 2939 5510 aliquod
2964 5434 3174 5510 habere
3205 5433 3429 5488 dicitur.
3467 5435 3733 5510 Octavus
3761 5439 3858 5510 ha-

2132 5503 2306 5575 bendi
2327 5503 2536 5572 gradus
2566 5509 2668 5566 est,
2695 5504 2795 5575 qui
2819 5506 3236 5574 possessionem
3259 5511 3523 5560 nostram
3555 5509 3653 5561 vel
3691 5508 3864 5562 domi-

2132 5573 2321 5650 nium_
2334 5575 2564 5650 videtur
2601 5573 2922 5650 ostendere,
2961 5592 3090 5650 cum
3122 5576 3273 5631 ades
3310 5576 3400 5650 vel
3430 5593 3534 5630 rus
3578 5580 3727 5650 quis
3765 5581 3860 5633 ha-

2094 5677 2103 5683 -
2130 5644 2529 5718 beredicitur,
2561 5647 2648 5718 vel
2680 5647 2940 5718 sepulcra
2976 5648 3280 5717 majorum.
3315 5647 3382 5701 Hi
3424 5654 3568 5702 sunt
3598 5644 3861 5704 habendi

2131 5715 2306 5784 modi,
2341 5733 2480 5788 quos
2500 5715 2797 5788 designato
2818 5715 3670 5790 numero'comprehendimus,
3709 5731 3866 5777 extra
