4014 6164
230 212 359 263 1437

224 348 396 402 quem
427 330 473 386 si
501 330 630 402 quis
663 333 917 405 potuerit
941 332 1221 405 invenire,
1253 332 1488 389 desidias
1518 338 1725 389 nostrae
1754 336 1921 405 culpa

221 418 341 475 non
374 405 499 469 erit,
536 419 665 456 cum
699 404 1073 474 Philosophus
1103 405 1223 475 ipse
1253 406 1495 459 liberum
1527 406 1807 460 dimiserit
1835 404 1919 459 ar-

220 473 455 527 bitrium
504 473 947 544 inquirentibus:
994 473 1144 530 Sane
1182 476 1321 529 illud
1356 479 1591 531 verbum
1623 478 1785 531 multi
1817 478 1919 531 do-

222 552 440 599 ctorum
472 552 946 618 respuunt,atque
965 546 1278 616 improprie
1297 549 1540 618 proferri
1558 550 1918 615 confirmant,

223 633 354 670 cum
382 616 591 670 mulier
621 617 828 670 habere
870 617 1138 671 maritum
1170 616 1398 685 dicitur,
1431 621 1517 673 vel
1548 620 1632 673 vir
1662 636 1918 683 uxorem,

223 689 309 741 vel
340 694 502 757 pater
531 688 733 761 ﬁlium,
761 688 1031 761 _velﬁlius
1062 689 1412 759 genitorem;
1438 697 1745 761 propterea
1767 691 1922 761 quod

226 765 487 831 asserunt
530 776 647 831 non
684 759 881 813 haberi
925 776 1108 830 posse,
1150 761 1301 831 quod
1335 759 1918 815 habeat—habentem:

226 830 323 884 sed
352 829 558 883 rectius
589 830 699 884 dici
720 829 1023 885 autumant
1047 829 1420 885 esse'mulieri
1444 832 1653 898 virum,
1683 834 1769 887 vel
1789 849 1921 886 uxo-

224 917 348 955 rem
394 902 513 953 viro
562 916 703 967 esse,
753 906 976 971 patrem
1016 902 1135 956 ﬁlio
1168 919 1306 970 esse,
1334 903 1563 957 famulis
1600 904 1920 957 dominum.

225 971 520 1042 Siquidem
546 972 717 1042 hujus
748 973 904 1026 verbi
934 974 1049 1026 vim
1078 974 1138 1027 in
1168 974 1274 1027 hoc
1313 990 1434 1028 esse
1464 976 1837 1040 contendunt,
1863 978 1926 1028 ut

232 1042 554 1113 signiﬁcare
579 1060 693 1096 non
724 1043 924 1113 possit,
956 1050 1011 1098 et
1040 1044 1251 1099 habere
1273 1045 1522 1115 aliquem
1563 1051 1620 1099 et
1648 1046 1868 1100 haberi.

468 1132 694 1186 CAPUT
734 1133 893 1186 XVII.
922 1162 991 1173 —
1018 1136 1091 1187 De
1115 1135 1692 1203 postpraedicamemtis.

300 1220 550 1274 Tandem
582 1220 743 1291 quasi
777 1221 971 1291 magni
1003 1222 1247 1292 aequoris
1276 1222 1419 1276 freta
1448 1223 1804 1292 transgressi,
1836 1239 1925 1276 ca-

231 1292 578 1359 tegoriarum
617 1308 925 1345 numerum
956 1293 1405 1360 terminavimus,
1440 1298 1505 1348 ut
1542 1295 1786 1348 arbitror
1812 1310 1926 1347 non

233 1362 641 1416 insuasibiliter
686 1364 882 1431 doctis,
932 1364 1068 1417 satis
1117 1380 1246 1417 vero
1293 1366 1440 1417 clare
1485 1365 1803 1418 volentibus
1841 1364 1927 1418 di-

232 1449 385 1487 scere
420 1450 432 1487 :
467 1434 564 1487 sed
595 1435 856 1504 quaedam
892 1439 1126 1499 restant,
1178 1451 1307 1504 qua:
1353 1436 1561 1488 calcem
1590 1436 1721 1488 libri
1756 1436 1928 1504 hujus

232 1520 336 1557 nos
362 1510 595 1575 tangere
624 1506 1038 1559 contradicunt.
1079 1507 1216 1558 Nam
1242 1511 1297 1558 et
1322 1506 1381 1558 in
1409 1506 1707 1574 categoriis
1738 1507 1927 1575 singu-

228 1575 301 1629 lis
340 1576 408 1629 de
434 1576 833 1629 contrarietate
864 1580 1167 1629 tractatum
1197 1581 1298 1642 est,
1332 1593 1460 1630 cum
1495 1594 1623 1647 qum.
1655 1578 1930 1647 reciperet

227 1647 602 1719 contrarium,
627 1652 681 1699 et
708 1662 835 1717 quae
860 1653 1155 1719 respueret
1172 1647 1516 1701 diceremus.
1551 1650 1764 1701 Tamen
1791 1648 1923 1719 quid

228 1717 300 1770 sit
319 1718 507 1787 ipsum
525 1718 896 1786 contrarium,
920 1718 1111 1771 nullus
1136 1719 1319 1771 adhuc
1349 1723 1619 1772 tractatus
1643 1717 1925 1772 ostendit:

230 1792 285 1841 et
321 1788 505 1843 adhuc
543 1790 804 1859 quaedam
834 1791 1010 1842 verba
1060 1796 1381 1853 remanent,
1433 1805 1681 1859 quorum
1732 1789 1815 1841 vis
1868 1806 1930 1842 ac

226 1860 547 1931 proprietas
598 1860 801 1913 debeat
848 1860 1135 1930 explicari.
1189 1861 1312 1924 Qua
1357 1860 1425 1914 de
1456 1876 1623 1913 causa
1653 1860 1721 1914 ad
1749 1876 1932 1931 oppo-

228 1929 470 1984 sitorum
492 1935 796 1984 tractatum
825 1929 1209 1985 necessarium
1238 1936 1615 1985 transeamus.

232 2018 455 2073 CAPUT
475 2019 661 2073 XVIII.
678 2022 829 2073 ——De
846 2021 1126 2087 oppositis.
1156 2022 1281 2073 Tres
1303 2022 1500 2088 species
1515 2021 1926 2074 contrariorum.

305 2107 710 2178 Oppositorum
731 2108 945 2178 species
965 2112 1211 2178 quatuor
1240 2113 1374 2161 sunt
1406 2124 1418 2161 :
1447 2108 1759 2177 opponitur
1773 2124 1932 2161 nam-

233 2195 344 2249 que
394 2178 547 2232 aliud
589 2180 788 2250 alteri;
822 2179 1029 2248 primo,
1071 2184 1167 2232 aut
1208 2180 1394 2247 ﬁgura
1440 2180 1561 2249 ejus
1607 2180 1928 2250 categorize,

234 2266 363 2320 quas
413 2251 480 2303 ad
526 2249 741 2320 aliquid
775 2250 1011 2316 dicitur;
1065 2250 1336 2315 secundo,
1387 2255 1483 2303 aut
1512 2249 1930 2303 contrariorum

232 2322 433 2385 modo;
470 2320 655 2383 tertio,
691 2326 789 2373 aut
818 2336 1038 2386 eorum,
1069 2337 1316 2391 quorum
1341 2322 1489 2374 circa
1517 2338 1622 2374 nos
1644 2338 1761 2374 esse
1790 2321 1930 2375 dici-

234 2397 329 2445 tur
357 2392 583 2444 habitus
631 2392 716 2444 vel
762 2391 1002 2460 privatio
1044 2392 1323 2461 (habitum
1372 2408 1505 2445 sane
1552 2392 1659 2445 hoc
1698 2393 1820 2445 loco
1866 2409 1930 2446 ex

234 2462 498 2514 habendo
551 2462 825 2517 debemus
867 2464 1142 2531 accipere,
1194 2479 1310 2515 non
1342 2468 1407 2516 ut
1446 2463 1505 2515 in
1542 2463 1931 2533 superioribus

234 2533 619 2600 deﬁnivimus,
659 2549 780 2586 esse
829 2533 1089 2587 habitum
1117 2533 1474 2586 affectionem
1514 2534 1690 2586 animi
1721 2550 1931 2603 quam-

235 2603 366 2657 dam
394 2604 850 2673 sempiternam);
884 2610 1084 2674 quarto
1116 2605 1310 2669 modo,
1344 2620 1474 2658 cum
1501 2610 1599 2658 aut
1624 2605 1928 2658 conﬁrma-

233 2690 361 2727 mus
392 2674 630 2744 aliquid,
664 2676 749 2727 vel
774 2690 1049 2744 negamus
1083 2691 1096 2728 :
1132 2680 1193 2728 ut
1210 2675 1365 2729 verbi
1387 2692 1576 2744 causa,
1606 2676 1673 2728 ab
1708 2676 1775 2728 iis
1800 2692 1930 2745 quae

232 2745 301 2798 ad
349 2744 565 2815 aliquid
612 2744 899 2809 dicuntur,
948 2762 1229 2815 ponamus
1277 2747 1621 2815 exemplum.
1671 2744 1929 2800 Primum

234 2816 557 2885 oppositum
583 2816 803 2869 videtur
831 2817 1071 2885 duplum
1103 2816 1330 2885 simplo,
1365 2818 1449 2869 vel
1482 2821 1644 2884 pater
1672 2817 1810 2870 tilio.
1840 2818 1931 2871 Se-

234 2886 481 2940 cundum
535 2903 669 2940 vero
733 2887 1153 2940 contrariorum
1202 2888 1529 2955 exemplum
1580 2888 1670 2950 sit,
1716 2889 1930 2941 malum

232 2957 403 3012 bono.
453 2957 706 3011 Tertium
756 2974 955 3011 eorum
1008 2974 1237 3028 quoque
1283 2975 1410 3027 qua:
1445 2974 1547 3026 per
1576 2958 1838 3011 habitum
1878 2963 1935 3012 et

232 3028 614 3109 privationem
640 3028 927 3109 dicuntur,
956 3029 1103 3109 sicut
1122 3028 1343 3109 caecitas
1375 3028 1621 3109 et‘visio.
1656 3030 1934 3109 Quartum

232 3099 466 3153 illorum
497 3099 669 3153 etiam
698 3101 759 3153 in
791 3100 1000 3170 quibus
1030 3104 1112 3153 est
1140 3100 1368 3169 negatio
1400 3104 1457 3153 et
1485 3100 1931 3167 aliirmatio,sic-

232 3175 316 3235 ut,
349 3170 544 3237 currit,
590 3187 705 3224 non
745 3172 939 3224 currit.
997 3171 1264 3224 Discretio
1308 3187 1441 3224 vero
1487 3171 1926 3235 contrariorum,

234 3247 291 3295 et
320 3258 518 3295 eorum
561 3258 689 3311 qua:
720 3242 790 3296 ad
834 3241 1050 3312 aliquid
1089 3243 1376 3308 dicuntur,
1410 3243 1932 3311 contemplantibus

234 3313 536 3366 manifesta
567 3317 652 3366 est
686 3313 791 3367 :ad
825 3313 1040 3383 aliquid
1070 3313 1224 3367 enim
1258 3313 1427 3378 dicta,
1460 3313 1529 3367 de
1558 3314 1664 3366 sibi
1696 3314 1932 3383 opposi-

236 3384 306 3437 tis
352 3383 756 3455 nominantur;
809 3385 1081 3453 simplum
1133 3400 1380 3454 namque
1411 3385 1741 3454 oppositum
1772 3385 1931 3455 dupli

236 3458 341 3516 est,
374 3454 727 3526 ietqduplum
771 3456 1099 3523 oppositum
1132 3455 1322 3526 simpli
1351 3472 1363 3508 :
1396 3455 1681 3508 contraria
1710 3454 1930 3511 vero’id

235 3525 390 3595 quod
421 3524 689 3579 dicuntur
717 3541 783 3577 ex
816 3542 873 3577 se
904 3526 1135 3586 habent,
1168 3524 1354 3595 neque
1385 3526 1621 3579 alterius
1650 3526 1927 3596 indigent.

234 3597 371 3660 Quis
403 3596 555 3649 enim
579 3596 794 3649 malum
815 3596 950 3649 boni
975 3596 1201 3665 dixerit,
1234 3602 1332 3649 aut
1361 3597 1489 3665 quis
1513 3598 1727 3651 bonum
1758 3597 1933 3652 mali?

238 3669 365 3739 Ilaec
393 3671 479 3739 est
509 3683 643 3736 ergo
674 3667 880 3739 harum
908 3666 1166 3739 duarum
1206 3667 1543 3739 specierum,
1577 3684 1704 3739 qua:
1732 3684 1799 3722 ex
1837 3685 1933 3738 op-

232 3737 433 3809 positis
464 3739 714 3809 veniunt,
748 3737 1086 3809 dilucidaet
1114 3737 1266 3791 clara
1305 3737 1611 3792 discretiof
1638 3741 1768 3809 Ipsa
1796 3737 1930 3793 vero

235 3807 518 3880 contraria
548 3809 605 3862 in
637 3814 753 3862 tres
802 3808 1017 3880 species
1057 3809 1392 3863 dividuntur
1436 3826 1449 3864 :
1504 3815 1603 3864 aut
1633 3807 1785 3863 enim
1820 3827 1933 3864 me-

233 3879 388 3934 diata
425 3884 578 3948 sunt,
621 3880 680 3934 id
722 3885 825 3947 est,
858 3881 1072 3935 habent
1117 3880 1335 3952 aliquid
1370 3881 1521 3935 inter
1551 3897 1608 3934 se
1640 3881 1927 3949 medium;

233 3956 332 4006 aut
360 3953 482 4006 sine
531 3952 749 4017 medio;
798 3957 897 4005 aut
941 3952 1092 4005 utin
1133 3952 1474 4023 quibusdam
1524 3953 1736 4023 reperit
1766 3953 1928 4019 ratio,

233 4023 445 4076 habent
474 4023 709 4092 quidem
733 4023 1010 4088 medium,
1039 4024 1136 4077 sed
1165 4024 1287 4093 ejus
1316 4024 1654 4077 vocabulum
1684 4040 1800 4077 non
1826 4041 1929 4092 ap-

232 4099 415 4163 paret,
441 4093 553 4146 nisi
584 4094 880 4164 utriusque
907 4093 1154 4162 oppositi
1184 4094 1487 4164 negatione
1519 4094 1808 4148 consistat.
1825 4096 1933 4149 Me-

233 4164 385 4218 diata
440 4180 575 4234 ergo
625 4169 757 4217 sunt
784 4164 926 4231 haec,
974 4164 1168 4217 album
1216 4170 1272 4217 et
1320 4164 1573 4234 nigrum,
1605 4165 1757 4217 inter
1801 4181 1931 4234 qua:

234 4234 464 4305 quando
490 4234 643 4287 nasci
664 4239 849 4304 potest
871 4234 1150 4303 pallidum
1180 4235 1267 4287 vel
1293 4234 1791 4299 fuscum,mediata
1811 4237 1932 4289 haec

234 4304 497 4375 opposita
516 4306 800 4358 dicuntur.
827 4305 962 4368 Quae
990 4320 1122 4357 vero
1148 4304 1400 4359 mediata
1420 4311 1691 4374 sunt,non
1706 4323 1930 4361 necesse

234 4381 318 4430 est
349 4392 527 4429 unum
559 4377 627 4429 de
658 4377 879 4430 duobus
909 4375 1183 4444 Oppositis
1211 4375 1272 4429 in
1301 4392 1535 4445 corpore
1566 4378 1804 4447 reperiri
1838 4395 1850 4432 :
1885 4378 1932 4432 si

235 4447 389 4500 enim
422 4447 649 4516 nigrum
677 4464 793 4500 non
810 4448 1003 4512 fuerit,
1028 4451 1217 4516 potest
1240 4463 1359 4500 esse
1388 4448 1603 4501 fuscum
1628 4465 1640 4512 ;
1665 4452 1763 4502 aut
1784 4448 1829 4502 si
1858 4450 1932 4502 al-

233 4516 373 4588 bum
413 4516 674 4585 defuerit,
724 4518 1002 4587 pallidum
1046 4517 1255 4588 poterit
1282 4518 1546 4572 inveniri.
1598 4522 1668 4573 At
1698 4536 1831 4572 vero
1865 4536 1929 4574 ex

233 4586 322 4641 his
372 4589 649 4658 oppositis
689 4586 815 4659 qua:
867 4586 1113 4642 media—ta
1144 4605 1258 4642 non
1309 4593 1459 4654 sunt,
1494 4606 1671 4643 unum
1704 4607 1930 4645 necesse

235 4664 320 4712 est
350 4660 603 4713 accidere
634 4660 702 4713 de
734 4659 975 4725 duobus,
1009 4664 1073 4712 ut
1099 4665 1181 4713 est
1210 4660 1360 4713 salus
1395 4664 1449 4713 et
1478 4661 1774 4730 aegritudo.
1812 4663 1930 4714 Ho-

233 4745 363 4783 rum
390 4732 641 4784 medium
676 4730 814 4784 nihil
848 4736 930 4784 est
957 4736 1259 4801 propterea
1278 4732 1427 4802 quod
1454 4739 1553 4785 aut
1575 4733 1814 4786 salutem
1837 4748 1933 4785 ne-

233 4803 385 4855 cesse
417 4808 523 4870 est,
556 4805 652 4855 aut
682 4802 1080 4871 aegritudinem
1112 4803 1363 4873 humana
1392 4819 1631 4873 corpora
1662 4804 1927 4865 retinere.

229 4875 302 4925 At
328 4873 423 4926 illa
453 4873 661 4943 quibus
692 4880 777 4926 est
803 4873 1034 4943 quidem
1071 4872 1345 4937 medium,
1369 4874 1465 4927 sed
1489 4872 1641 4927 caret
1672 4875 1927 4941 nomine,

230 4943 343 4996 nisi
372 4944 503 4997 huic
536 4944 931 5013 oppositorum
966 4944 1269 5013 negatione
1297 4945 1595 5012 formetur,
1623 4951 1756 4999 sunt
1785 4946 1927 5011 haec,

235 5014 415 5086 justus
444 5019 498 5067 et
522 5015 768 5085 injustus
802 5032 813 5069 :
848 5020 933 5068 est
976 5015 1193 5086 aliquid
1222 5014 1282 5067 in
1314 5016 1521 5083 medio,
1552 5016 1647 5069 sed
1681 5033 1795 5069 non
1826 5017 1926 5070 ha-

272 5091 328 5138 et
357 5102 601 5149 nomen;
636 5090 805 5155 atque
844 5086 971 5140 ideo
1010 5087 1309 5156 utriusque
1340 5088 1586 5156 oppositi
1621 5087 1847 5156 negatio
1876 5088 1928 5141 ei

230 5157 571 5210 vocabulum
620 5161 792 5225 creat,
832 5162 896 5210 ut
925 5174 1028 5210 nec
1052 5158 1292 5226 justum,
1327 5173 1428 5210 nec
1460 5158 1737 5227 injustum
1767 5158 1926 5211 dica-

230 5243 359 5299 mus
389 5226 466 5289 id,
497 5227 651 5299 quod
683 5233 765 5299 est
799 5228 1065 5282 medium.
1090 5229 1249 5281 Nunc
1280 5244 1346 5281 ea
1374 5226 1636 5298 oppo'sita
1667 5246 1793 5299 qum
1828 5246 1928 5299 per

229 5298 494 5353 habitum
540 5298 1037 5369 privationemque
1077 5299 1240 5359 ﬁunt.
1288 5299 1618 5368 diligentius
1657 5298 1924 5355 retracte-

229 5385 358 5423 mus
392 5386 404 5422 :
437 5370 497 5423 in
528 5369 617 5423 his
648 5385 897 5439 namque
939 5370 1221 5425 observari
1266 5376 1511 5439 oportet,
1546 5374 1604 5422 ut
1633 5371 1747 5425 sint
1778 5377 1929 5425 utra-

231 5457 341 5511 que
371 5439 429 5493 in
461 5441 662 5495 eodem
697 5441 949 5511 negotio,
1001 5441 1061 5495 in
1105 5440 1306 5495 eodem
1338 5442 1482 5509 loco,
1513 5440 1572 5495 in
1603 5447 1928 5512 opportuno

231 5516 508 5583 tempore.
568 5514 630 5566 In
684 5514 885 5566 eodem
916 5512 1144 5581 negotio
1193 5516 1343 5577 sunt,
1376 5512 1597 5566 caecitas
1642 5519 1698 5567 et
1752 5514 1923 5583 visio;

233 5581 293 5634 in
322 5583 565 5638 videndo
592 5583 767 5650 enim,
795 5588 849 5637 et
870 5584 930 5637 in
962 5600 1078 5637 non
1109 5583 1353 5637 videndo
1383 5584 1851 5639 consistuntﬂazc
1873 5581 1931 5639 et

234 5651 291 5730 in
324 5654 519 5730 eodem
552 5656 673 5730 loco
702 5659 865 5730 sunt;
896 5654 1125 5730 utrique
1153 5671 1401 5730 namque
1424 5660 1480 5709 et
1503 5655 1740 5730 cazcitati
1769 5661 1825 5710 et
1852 5656 1929 5710 vi-

236 5673 291 5705 m
324 5673 519 5708 eonem
553 5673 673 5709 lOCO
702 5673 865 5722 sunt;
896 5673 1027 5709 utru
1056 5673 1125 5708 ue
1153 5673 1401 5726 namque
1424 5673 1480 5709 et
1503 5673 1740 5709 caecuau
1769 5673 1825 5710 et.
1852 5673 1927 5710 v1-

236 5723 382 5777 sioni
411 5724 470 5779 in
502 5727 679 5781 oculis
709 5728 865 5781 locus
897 5732 999 5781 est.
1030 5673 1270 5783 lliaxime
1303 5732 1493 5783 tamen
1520 5726 1581 5782 in
1606 5727 1696 5783 his
1723 5745 1927 5799 oppor-

1785 212 2182 268 APPENDIX.

3602 216 3735 270 1438

2029 318 2244 388 ιὐηἰὶδε
2287 335 2562 405 temporis
2593 336 2872 405 quaeritur
2905 353 2917 390 :
2952 352 3123 391 nemo
3173 338 3327 392 enim
3356 341 3506 392 recte
3539 339 3729 392 calvus

2032 406 2259 483 dicitur,
2310 407 2421 459 nisi
2448 406 2536 483 _in‘
2559 413 2945 483 eotempore,‘
2983 426 3097 483 quo
3127 410 3359 483 capillos
3391 410 3601 483 habere
3632 410 3731 463 de-

2030 477 2241 550 buerit,
2288 494 2398 530 non
2447 477 2677 550 habebit
2727 494 2741 530 :
2774 495 2874 532 nec
2895 477 3027 550 rsiné
3057 477 3346 540 dentibus.
3378 497 3548 550 quem
3578 477 3728 535 mae»

2032 549 2209 621 Graeci
2242 553 2462 612 vocant,
2486 549 2775 621 infantem
2808 549 3111 621 quisquam
3140 552 3347 620 poterit
3374 549 3559 605 dicere
3592 567 3724 605 cum

2031 620 2123 692 cui
2173 621 2369 692 dentes
2429 620 2611 672 adhuc
2672 625 2808 672 mtas
2850 620 3023 689 parva
3065 623 3379 692 denegavit.
3432 622 3727 692 Siquidem

2033 691 2291 761 privatio,
2321 706 2447 760 quae
2475 706 2655 760 graece
2676 699 2895 761 στέρησις
2928 692 3154 757 dicitur,
3180 694 3324 745 hanc
3345 693 3457 747 vim
3485 691 3729 761 tenet,ut

2032 761 2291 815 ostendat
2319 762 2632 832 quemlibet
2660 762 2926 816 habuisse
2974 763 3189 832 aliquid
3222 778 3322 833 per
3354 770 3635 825 naturam,
3669 771 3727 817 et

2033 849 2148 886 non
2174 833 2402 886 habere.
2438 833 2590 885 Inter
2618 833 2737 885 haec
2761 833 3088 887 meminisse
3118 850 3219 887 nos
3248 834 3536 899 convenit,
3569 834 3725 888 aliud

2034 920 2155 957 esse
2185 904 2461 957 visionem
2490 908 2547 956 et
2573 905 2897 967 cazcitatem,
2935 905 3088 958 aliud
3120 905 3325 957 habere
3364 904 3640 957 visionem
3671 911 3727 958 et

2035 991 2101 1027 ea
2147 975 2617 1054 esse‘privatum‘;
2668 991 2739 1027 ne
2784 976 2983 1054 sibine
3014 976 3363 1054 eademesse
3387 975 3728 1054 judicemus,

2034 1045 2308 1099 confundi
2337 1045 2481 1098 ratio
2512 1045 2784 1100 videatur.
2815 1047 2973 1110 Quod
3002 1046 3047 1099 si
3076 1046 3203 1116 quis
3231 1046 3340 1100 hoc
3373 1045 3611 1099 dubium
3632 1062 3733 1115 pu-

2035 1120 2136 1180 tat,
2171 1120 2269 1169 aut
2299 1132 2502 1187 parum
2549 1122 2787 1182 certum,
2821 1118 2958 1187 quid
2989 1133 3276 1187 quamque
3310 1133 3430 1170 rem
3460 1122 3731 1186 sequatur

2037 1188 2309 1242 advertat.
2360 1188 2579 1240 Etenim
2621 1188 2666 1240 si
2709 1195 2854 1241 esset
2900 1188 3052 1241 idem
3084 1205 3264 1242 caecus
3304 1192 3359 1241 et
3387 1188 3632 1254 caecitas,
3664 1187 3733 1240 de

2038 1275 2152 1312 uno
2186 1263 2421 1328 utraque
2444 1258 2769 1311 dicerentur
2793 1276 2805 1313 :
2831 1259 3071 1312 dicimus
3093 1265 3284 1313 autem
3308 1259 3600 1312 hominem
3624 1275 3731 1311 caa-

2038 1346 2197 1394 cum;
2231 1330 2324 1381 sed
2353 1332 2523 1382 homo
2552 1329 2662 1382 dici
2693 1330 2912 1383 czecitas
2933 1347 3048 1383 non
3070 1336 3256 1399 potest
3282 1347 3295 1383 :
3332 1332 3505 1383 claret
3536 1329 3731 1399 igitur,

2038 1400 2191 1453 aliud
2224 1415 2438 1452 caecum
2474 1416 2612 1466 esse,
2651 1400 2806 1453 aliud
2836 1401 3167 1454 caecitatem.
3205 1402 3314 1454 Nec
3344 1400 3648 1453 afﬁrmatio
3680 1404 3736 1453 et

2038 1471 2265 1540 negatio
2314 1470 2468 1523 idem
2531 1475 2634 1535 est,
2686 1472 2837 1540 quod
2880 1476 3011 1523 sunt
3053 1472 3157 1525 sub
3201 1472 3579 1525 afﬁrmatione
3628 1487 3736 1524 ne-

2038 1542 2382 1614 gationeque
2412 1541 2690 1614 cadentia.
2719 1542 3040 1614 Afﬁrmatio
3067 1542 3221 1595 enim
3252 1543 3368 1595 sive
3396 1542 3742 1614 negatio,est

2040 1612 2277 1668 verbum
2321 1612 2666 1665 confirmans
2719 1613 2933 1683 aliquid
2985 1618 3082 1666 aut
3130 1629 3380 1683 negans;
3444 1612 3552 1665 alia
3606 1627 3737 1665 vero

2041 1689 2192 1747 sunt,
2244 1699 2373 1753 quas
2405 1683 2509 1735 sub
2540 1682 2628 1735 his
2661 1682 3053 1746 inveniuntur,
3103 1688 3167 1736 ut
3196 1690 3299 1749 est,
3333 1684 3590 1737 Socrates
3622 1683 3737 1736 dis-

2041 1754 2198 1815 serit,
2247 1754 2503 1807 Socrates
2554 1769 2668 1806 non
2717 1753 2957 1807 disserit.
3010 1752 3287 1807 Similiter
3314 1759 3505 1807 tamen
3546 1753 3740 1807 omnia

2040 1824 2147 1878 sibi
2178 1825 2462 1878 habentur
2499 1823 2777 1894 opposita.
2811 1824 3125 1894 Aliquoties
3158 1831 3346 1877 autem
3380 1825 3529 1877 mala
3575 1824 3738 1877 malis

2040 1901 2434 1965 opponuntur,
2475 1895 2698 1964 quoties
2742 1896 3159 1949 contrariorum
3190 1896 3375 1949 media
3404 1896 3553 1948 bona
3585 1900 3737 1962 sunt,

2042 1972 2103 2019 ut
2145 1973 2229 2020 est
2273 1966 2591 2036 indigentia
2622 1970 2677 2020 et
2720 1966 3117 2032 redundantia,
3167 1984 3295 2037 quas
3338 1966 3737 2037 Graecisvaeuv

2039 2047 2122 2092 καὶ
2144 2043 2680 2109 ὑπερϐολὴνγνοεᾶυῐ.
2726 2037 2822 2091 Ilis
2852 2037 3006 2091 enim
3049 2038 3272 2091 duobus
3308 2037 3473 2090 malis
3500 2036 3608 2109 sibi
3635 2052 3735 2106 op-

2040 2106 2262 2178 positis,
2300 2108 2659 2161 mediocritas
2706 2108 2896 2162 media
2925 2109 3228 2177 reperitur.
3275 2110 3427 2162 Hanc
3458 2106 3735 2161 rationem

2040 2179 2401 2250 Peripatetici
2433 2179 2628 2239 secuti,
2671 2178 2908 2233 virtutes
2950 2180 3161 2233 medias
3192 2196 3311 2233 esse
3357 2179 3642 2242 dixerunt,
3674 2182 3738 2232 ut

2040 2251 2169 2331 plus
2207 2252 2361 2320 justo
2407 2257 2717 2331 πλεονεξίαν),
2740 2251 2926 2330 minus
2964 2252 3119 2331 justo
3152 2257 3415 2331 pstoveiiav
3441 2250 3737 2331 dicerent}

2042 2318 2193 2374 inter
2214 2318 2347 2391 qua:
2373 2323 2543 2387 mala,
2572 2322 2820 2376 mediam
2846 2318 3127 2391 justitiam
3156 2318 3505 2375 locaverunt.
3534 2318 3739 2374 Simili-

2043 2396 2131 2444 ter
2156 2393 2305 2445 inter
2346 2392 2654 2445 versutiam
2686 2399 2742 2445 et
2772 2391 3202 2456 hebetudinem,
3235 2391 3597 2461 prudentiam
3629 2406 3739 2459 po-

2046 2468 2313 2529 suerunt;
2360 2462 2513 2515 inter
2558 2463 2853 2517 libidinem
2898 2463 3531 2531 insensibilitatemque,
3565 2476 3738 2532 quam

2046 2533 2224 2587 Graeci
2260 2540 2575 2599 ἀναισθησίαν
2614 2540 2833 2599 vocant,
2885 2533 3264 2603 temperantia
3292 2533 3595 2587 constituta
3626 2536 3736 2597 cst;

2045 2604 2194 2657 inter
2223 2604 2591 2657 timiditatem
2612 2610 2667 2657 et
2688 2605 3004 2670 audaciam,
3030 2604 3326 2657 fortitudo.
3356 2605 3437 2657 Ita
3457 2603 3740 2656 occultum

2042 2675 2340 2755 quoddam
2374 2690 2555 2755 genus
2586 2674 2982 2755 oppositorum
3024 2674 3740 2755 reperitperscrutatara-

2042 2744 2145 2813 tio,
2177 2750 2238 2797 ut
2264 2744 2556 2797 interdum
2597 2746 2744 2798 mala
2775 2744 2940 2798 malis
2971 2745 3335 2798 inveniantur
3365 2760 3484 2797 esse
3517 2749 3740 2797 contra-

2045 2816 2145 2869 ria.
2181 2815 2288 2869 Sed
2333 2815 2661 2868 Aristoteles
2705 2816 2914 2869 harum
2962 2822 3209 2885 quatuor
3238 2814 3577 2882 specierum,
3611 2830 3740 2885 quae

2041 2903 2105 2940 ex
2131 2886 2404 2956 oppositis
2427 2885 2682 2951 veniunt,
2706 2884 3084 2956 proprietates
3115 2891 3171 2940 et
3197 2885 3540 2939 differentias
3572 2884 3740 2937 latius

2041 2963 2097 3012 et
2147 2958 2339 3011 multis
2383 2958 2566 3009 modis
2598 2958 2944 3026 explicavit:
3003 2973 3104 3011 nos
3150 2961 3342 3009 autem
3390 2961 3446 3009 et
3476 2972 3658 3026 genus
3687 2958 3744 3026 et

2040 3029 2255 3098 species
2296 3028 2552 3097 posuisse
2590 3025 2852 3095 sufﬁciat,
2901 3044 2972 3081 ne
3004 3028 3406 3082 minutioribus
3455 3025 3734 3097 occupati,

2041 3099 2335 3155 fastidium
2369 3100 2699 3153 necessariis
2729 3100 3050 3153 efferamus.

2476 3171 2698 3225 CAPUT
2736 3173 2865 3227 x1x.
2898 3201 2965 3211 -
2997 3174 3068 3225 De
3096 3172 3289 3240 priori.

2112 3240 2377 3312 Quinque
2409 3242 2591 3295 modis
2624 3243 2777 3296 aliud
2809 3243 2988 3296 altero
3021 3243 3178 3313 prius
3209 3242 3417 3295 dicitur
3446 3257 3457 3295 :
3495 3257 3739 3312 quorum

2041 3313 2264 3380 primus
2297 3318 2399 3378 est,
2435 3330 2563 3366 cum
2594 3314 2836 3368 dicimus
2869 3314 3117 3383 aliquem
3153 3320 3407 3383 tempore
3431 3314 3735 3366 seniorem.

2042 3384 2334 3437 Secundus
2375 3385 2595 3456 modus
2645 3391 2750 3453 est,
2806 3385 2865 3438 in
2925 3402 3038 3455 quo
3102 3385 3317 3456 aliquid
3367 3384 3618 3456 nascitur
3674 3399 3740 3456 ex

2041 3455 2261 3524 priore;
2294 3455 2387 3508 sed
2420 3455 2609 3525 priore
2652 3459 2927 3525 pereunte
2942 3454 3265 3509 secundum
3297 3455 3462 3525 perit,
3495 3454 3739 3507 secundo

2041 3530 2318 3595 pereunte
2348 3528 2508 3595 prius
2538 3527 2822 3580 incolume
2850 3532 3208 3596 perseverat;
3238 3532 3303 3580 ut
3329 3530 3413 3579 est
3436 3542 3616 3579 unum
3650 3542 3741 3577 na-

2041 3598 2303 3650 turaliter
2358 3597 2517 3665 prius
2547 3597 2766 3650 duobus
2800 3614 2812 3651 :
2864 3614 2929 3651 ex
2977 3614 3044 3650 eo
3075 3597 3229 3650 enim
3260 3602 3574 3651 nascuntur
3602 3596 3738 3662 duo,

2042 3668 2135 3721 sed
2167 3667 2287 3720 sine
2319 3683 2433 3720 uno
2460 3667 2572 3721 duo
2606 3685 2723 3721 esse
2742 3684 2858 3721 non
2891 3674 3147 3737 possunt,
3170 3669 3291 3721 sine
3315 3667 3538 3721 duobus
3560 3672 3741 3720 status

2041 3738 2211 3791 unius
2257 3743 2480 3805 manet;
2520 3744 2574 3791 et
2614 3739 2835 3792 duobus
2879 3740 3227 3793 exstantibus
3258 3754 3377 3793 esse
3424 3754 3607 3792 unum
3636 3754 3734 3791 ne-

2042 3825 2193 3863 cesse
2225 3814 2328 3880 est,
2361 3825 2476 3862 uno
2505 3825 2635 3880 vero
2668 3815 2977 3880 apparente
3008 3810 3120 3863 duo
3148 3825 3268 3864 esse
3298 3809 3456 3863 nulla
3486 3808 3737 3863 necessi-

2042 3885 2127 3935 tas
2169 3879 2339 3949 cogit.
2390 3879 2578 3935 Tertio
2620 3879 2785 3935 modo
2831 3881 2968 3934 ordo
3014 3880 3252 3950 quidam
3292 3881 3453 3950 prius
3496 3881 3739 3934 alterum

2043 3951 2203 4005 alteri
2233 3950 2382 4016 facit,
2416 3955 2480 4004 ut
2516 3950 2575 4004 in
2616 3950 2932 4021 disciplinis
2965 3955 3020 4005 et
3041 3952 3258 4007 artibus
3295 3950 3625 4007 liberalibus
3655 3951 3740 4005 in-

2040 4022 2301 4077 venimus
2343 4038 2355 4076 :
2390 4038 2637 4093 namque
2680 4022 2741 4077 in
2770 4024 3142 4093 grammatica
3174 4023 3336 4093 prius
3380 4027 3466 4077 est
3495 4022 3743 4091 singula-

2044 4110 2172 4147 rum
2227 4093 2411 4147 dicere
2472 4093 2686 4146 formas
2743 4100 2800 4147 et
2836 4093 3073 4147 nomina
3130 4094 3474 4158 litterarum,
3536 4093 3742 4147 dehinc

2043 4164 2383 4234 syllabarum
2417 4163 2846 4236 conjunctiones
2878 4180 3237 4236 cognoscere,
3284 4169 3408 4217 tum
3433 4163 3739 4236 verborum

2043 4251 2267 4288 sumere
2317 4235 2613 4306 notionem
2670 4251 2684 4289 :
2739 4234 3059 4306 postremus
3103 4234 3268 4288 nobis
3326 4234 3739 4306 esteorationis

2042 4322 2178 4359 usus
2226 4305 2620 4373 assumendus,
2668 4304 2904 4377 propter
2933 4322 3104 4377 quem
3149 4309 3347 4359 cuncta
3374 4304 3539 4377 pejus,
3578 4305 3742 4377 quasi

2041 4377 2452 4445 praecurrentia
2482 4375 3217 4447 membrafcognoscimus.
3274 4378 3337 4429 Et
3368 4375 3741 4447 inrhetorica

2041 4447 2248 4517 prioris
2295 4448 2449 4500 locus
2499 4448 2762 4503 similiter
2801 4446 3107 4502 collocatur
3141 4464 3152 4500 :
3206 4463 3340 4501 nam
3366 4446 3524 4517 prius
3554 4463 3739 4517 prom-

2042 4519 2223 4572 mium
2257 4518 2519 4584 dicimus,
2571 4520 2776 4573 dehinc
2824 4519 3232 4584 narrationem,
3285 4523 3414 4588 post
3460 4518 3742 4587 depulsio-

2042 4606 2193 4657 nem,
2224 4595 2346 4643 tum
2380 4590 2902 4657 conﬁrmationem;
2936 4596 3258 4660 postremus
3288 4588 3545 4660 epilogus
3575 4589 3739 4659 poni-

2041 4665 2150 4715 tur.
2218 4662 2310 4714 Ilis
2369 4661 2545 4730 igitur
2620 4661 2893 4730 exemplis
2937 4658 3183 4714 tertium
3238 4658 3463 4729 prioris
3504 4660 3738 4713 modum

2040 4731 2283 4785 sufﬁciat
2325 4732 2761 4786 demonstrasse.
2814 4732 3058 4795 Quartus
3087 4747 3219 4783 vero
3253 4731 3453 4784 modus
3502 4736 3587 4783 est
3625 4747 3739 4784 non

2041 4804 2287 4856 multum
2330 4802 2672 4873 probabilis;
2703 4807 2758 4856 et
2784 4803 2853 4856 ab
2883 4802 3007 4871 ipso
3036 4801 3335 4856 Aristotele
3383 4802 3739 4873 improbatus

2041 4875 2367 4943 exponitur,
2401 4879 2464 4927 ut
2485 4889 2614 4926 cum
2643 4874 2866 4927 fortuna
2892 4874 3158 4926 meliores
3188 4874 3273 4927 vel
3301 4872 3741 4942 clariores,prio-

2040 4960 2129 4997 res
2160 4946 2363 5014 vulgus
2392 4944 2599 4997 assolet
2631 4944 2838 4998 dicere.
2871 4944 2978 4997 Sed
3018 4960 3145 4997 mea
3175 4944 3475 5007 sententia,
3510 4944 3593 4995 vis
3632 4943 3739 4997 hu-

2034 5016 2131 5087 jus
2176 5016 2381 5087 prioris
2432 5016 2678 5087 explosaq
2711 5020 2815 5070 est.
2853 5015 2918 5070 Hi
2948 5020 3080 5068 sunt
3109 5021 3357 5086 quatuor
3399 5015 3539 5083 ejus,
3586 5014 3737 5087 quod

2040 5084 2198 5157 prius
2248 5086 2472 5149 dicitur,
2504 5084 2685 5140 imodi
2720 5103 2731 5141 :
2767 5086 2860 5140 sed
2911 5084 3186 5140 occultior
3226 5087 3456 5156 quidam
3499 5084 3739 5157 quintus

2042 5155 2395 5227 adjungitur,
2442 5158 2688 5228 quoties,
2731 5174 2795 5211 ex
2840 5157 3079 5224 duobus,
3124 5155 3258 5227 qusi
3285 5156 3343 5209 in
3389 5172 3447 5207 se
3494 5155 3736 5228 invicem

2042 5225 2630 5292 convertunturﬁllud
2662 5234 2744 5281 est
2772 5229 2965 5299 potius
2991 5225 3286 5297 quod—esse
3311 5227 3552 5299 alterum
3569 5225 3730 5280 facit:

2040 5304 2103 5353 ut
2134 5300 2379 5370 exempli
2426 5300 2631 5370 gratia,
2682 5300 2727 5352 si
2772 5297 2857 5353 est
2906 5299 3102 5357 homo,
3135 5303 3284 5351 recte
3334 5297 3576 5370 dicimus
3607 5314 3738 5350 eum

2040 5371 2250 5424 animal
2282 5369 2577 5432 rationale,
2609 5371 2865 5435 mortale,
2909 5370 3056 5424 risus
3087 5384 3282 5438 capax.
3321 5369 3383 5422 Et
3420 5369 3468 5421 si
3496 5384 3626 5421 vera
3657 5373 3741 5421 est

2039 5441 2288 5495 hominis
2329 5443 2434 5495 ista
2468 5442 2745 5507 deﬁnitio,
2791 5458 2911 5495 esse
2960 5440 3255 5495 hominem
3287 5448 3485 5492 verum
3517 5443 3618 5492 est.
3656 5440 3740 5492 Ita

2037 5518 2346 5583 utrumque
2372 5513 2429 5565 in
2458 5529 2515 5567 se
2541 5514 2909 5576 convertitur,
2939 5513 3047 5565 hoc
3073 5516 3157 5564 est
3180 5517 3236 5564 et
3266 5510 3517 5583 hominis
3548 5526 3739 5563 veram

2040 5601 2158 5638 esse
2214 5582 2631 5647 deﬁnitionem,
2686 5590 2742 5639 et
2772 5583 3123 5637 deﬁnitionis
3170 5582 3465 5636 hominem
3514 5597 3738 5635 verum.

2039 5656 2149 5711 Sed
2208 5656 2485 5725 quoniam
2534 5655 2794 5710 deﬁnitio
2838 5670 2971 5707 vera
3025 5670 3311 5725 essenon
3354 5652 3740 5725 poterat,rnisi

2039 5728 2193 5798 prius
2212 5724 2417 5781 natura
2436 5726 2689 5781 hominis
2705 5729 3037 5796 appareret;
3064 5724 3270 5780 idcirco
3293 5742 3360 5779 ex
3380 5725 3466 5779 his
3490 5724 3733 5779 duobus.
