4014 6164
209 250 353 301 144Γ

205 374 405 446 cuncta
427 369 796 446 referuntur,
827 372 987 446 cujus
1016 388 1201 446 causa
1223 374 1370 446 ﬁunt
1415 374 1637 446 reliqua
1665 377 1890 431 omnia:

207 457 240 494 a
267 442 469 495 Graecis
496 440 635 517 ῖξλος
659 440 909 517 diciturf
930 444 1101 517 _Quod
1131 444 1303 498 etiam
1335 445 1393 498 in
1423 440 1896 517 philosophorum

206 528 349 587 pene
375 513 641 587 omnibus
671 513 1153 587 disputationibus
1184 513 1479 585 qumritu'r,
1508 519 1636 587 quis
1651 513 1736 572 _sit
1765 519 1897 571 ﬁnis

206 584 345 658 bene
379 584 642 658 videndi;
678 585 877 658 virtus,
912 600 989 658 an
1014 584 1319 655 voluptas?
1354 584 1546 641 Finani
1579 588 1755 658 igitur
1772 606 1899 658 pro-

207 654 394 728 prium
423 655 667 728 oratoris
695 656 867 728 ofﬁcii
912 657 1056 709 alius
1105 654 1279 710 alium
1312 654 1711 728 probaverunt.
1754 654 1898 724 Qui-

208 725 442 778 busdam
474 726 627 778 enim
668 726 851 779 visum
895 732 1000 791 est,
1027 725 1330 782 summam_
1351 730 1587 783 oratoris
1628 732 1799 785 ofﬁcii
1838 731 1899 784 in

209 796 349 872 bene
373 796 611 872 dicendo
644 814 795 872 esse._
821 798 1164 872 quibusdam
1194 801 1253 853 in
1295 808 1444 855 recte
1475 802 1734 866 dicendo,
1767 802 1901 872 qui-

210 866 444 942 busdam
467 868 528 920 in
557 866 952 942 persuadendo
973 871 1297 925 consistere.
1335 872 1658 934 Quinetiam
1683 866 1901 942 illi-qui

210 937 349 991 bene
381 943 477 1012 aut
502 954 629 992 vere
660 940 846 993 dicere
872 941 1045 993 ﬁnem
1067 942 1307 994 oratoris
1337 943 1510 995 oflicii
1535 937 1898 1012 putaverunt,

210 1010 609 1084 non_abnuunt
632 1014 831 1084 tamen
862 1012 1069 1084 horum
1100 1013 1360 1082 ipsorum
1391 1010 1567 1067 ﬁnem
1591 1031 1734 1080 esse,
1772 1031 1899 1084 per-

210 1079 443 1151 suadere
469 1096 479 1131 :
511 1086 571 1133 ut
600 1082 671 1133 sit
700 1082 829 1133 ﬁnis
859 1083 1098 1135 oratoris
1125 1079 1318 1147 ofﬁcii,
1348 1085 1493 1137 bene
1526 1085 1711 1138 dicere
1737 1102 1749 1151 ;
1774 1079 1902 1139 finis

210 1150 351 1224 bene
376 1151 623 1224 dicendi,
658 1153 1014 1224 persuadere.
1052 1154 1193 1224 Ergo
1237 1156 1398 1224 quasi
1451 1150 1743 1209 consensu
1779 1172 1902 1209 om-

210 1222 383 1296 nium
410 1221 541 1296 ﬁnis
559 1227 638 1274 est
672 1223 914 1296 oratoris
964 1221 1157 1290 ofﬁcii,
1207 1221 1572 1293 persuadere.
1606 1228 1716 1280 Hoc
1769 1228 1905 1296 quia

209 1291 267 1344 in
296 1292 642 1344 calumniam
686 1294 992 1367 _videbatur
1045 1291 1222 1367 posse
1263 1298 1522 1351 recedere
1584 1296 1717 1367 (non
1748 1291 1904 1350 enim

209 1378 435 1431 semper
464 1364 765 1437 persuadet
791 1372 979 1417 orator
1004 1378 1016 1430 ;
1048 1382 1150 1418 nec
1170 1366 1215 1418 si
1233 1368 1540 1437 aliquando
1562 1364 1903 1437 persuadere

208 1448 331 1505 non
353 1433 547 1502 possit,
585 1433 910 1488 facultatem
974 1441 1029 1489 et
1100 1433 1602 1490 nomen—oratoris
1652 1438 1901 1505 amittit),

208 1504 424 1557 addidit
458 1506 847 1577 Hermagoras,
881 1522 992 1576 quo
1023 1507 1368 1560 calumniam
1399 1508 1694 1577 effugeret,
1730 1510 1903 1561 ﬁnem

211 1590 331 1627 esse
361 1575 600 1627 oratoris
654 1576 849 1643 ofﬁcii,
899 1576 1262 1644 persuadere,
1322 1575 1607 1648 quatenus
1654 1580 1904 1632 conditio

208 1661 402 1698 rerum
432 1661 919 1715 personarumque
934 1648 1168 1716 patitur.
1202 1649 1324 1702 Alia
1345 1650 1583 1703 subinde
1606 1666 1673 1703 ex
1703 1651 1906 1703 eodem

209 1716 378 1769 verbo
409 1717 789 1785 persuadendi
818 1718 1105 1771 calumnia
1132 1719 1405 1784 nascitur,
1439 1722 1665 1773 inventa
1711 1738 1843 1773 sane
1876 1737 1908 1772 a

209 1787 466 1860 Platone,
516 1791 752 1860 tractata
826 1790 1073 1842 multum
1132 1789 1191 1842 in
1242 1791 1485 1858 Gorgia;
1543 1792 1641 1843 sed
1688 1796 1816 1860 post
1845 1808 1908 1843 ac

210 1858 391 1911 multo
429 1856 814 1926 impudentius
841 1876 873 1911 a
895 1860 1239 1928 quibusdam
1272 1856 1545 1914 technicis
1582 1856 1905 1914 obtrectan-

210 1929 365 2002 tibus
392 1929 756 2002 Herniagorze
804 1928 1165 2002 frequentata
1195 1933 1232 1984 ί.
1278 1933 1497 2001 Negant
1534 1932 1745 2002 quippe
1776 1948 1907 2001 pro—

209 1999 403 2069 prium
462 2016 583 2052 esse
649 2000 823 2052 ﬁnem
876 2001 1119 2054 oratoris
1167 2002 1337 2055 ofﬁcii
1367 1999 1907 2072 'persuad_ere,_sed

212 2086 579 2123 communem
609 2086 755 2138 pene
787 2086 915 2123 cum
949 2072 1261 2127 universis:
1298 2089 1430 2126 nam
1485 2078 1541 2126 et
1591 2074 1906 2127 mathema-

211 2141 353 2193 ticos
407 2141 473 2214 de
533 2141 622 2206 iis,
674 2141 899 2214 quaaiin
949 2143 1208 2214 notitiam
1246 2145 1503 2214 ipsorum
1558 2145 1905 2207 ceciderunt,

213 2212 594 2285 persuadere;
625 2217 679 2265 et
706 2213 953 2285 medicos
986 2213 1055 2266 de
1087 2214 1175 2275 iis,
1206 2212 1335 2285 qua:
1387 2215 1445 2268 in
1504 2220 1623 2268 arte
1654 2216 1909 2285 ipsorum

214 2284 638 2354 contineantur,
668 2284 1043 2351 persuadere;
1077 2285 1308 2354 opiﬁces
1360 2287 1533 2340 etiam
1565 2290 1619 2339 et
1647 2284 1908 2340 taberna-

213 2353 365 2427 rios,_
382 2353 592 2420 fabros,
642 2360 698 2406 et
749 2355 813 2427 si,
842 2354 941 2423 qui
972 2353 1304 2427 hujuSmodi
1336 2362 1487 2421 sunt,
1523 2373 1687 2427 posse
1719 2359 1788 2411 de
1818 2373 1908 2423 eo,

215 2424 370 2498 quod
417 2428 607 2498 agant,
672 2424 848 2477 cuivis
907 2426 1275 2495 probabiliter
1327 2424 1687 2497 persuadere,
1749 2429 1910 2498 quasi

214 2494 435 2568 ratione
467 2495 675 2547 faciant
701 2512 712 2568 ς
773 2511 1053 2568 θΐςογηοι]
1094 2513 1213 2551 esse
1246 2494 1536 2568 integrum
1568 2494 1784 2561 ﬁnem;
1813 2498 1911 2568 qui

215 2566 395 2618 solam
426 2566 892 2639 communitatem
914 2567 1137 2628 habeat,
1172 2575 1359 2622 careat
1378 2566 1758 2639 proprietate:
1790 2566 1910 2622 esse

215 2641 406 2689 actum
435 2636 815 2704 persuadendi
847 2653 1212 2692 communem
1228 2656 1357 2693 cum
1381 2636 1599 2705 inultis,
1624 2647 1679 2693 et
1702 2639 1911 2693 idcirco

215 2722 332 2760 non
359 2722 478 2758 esse
505 2707 847 2774 persuadere
876 2709 1176 2777 proprium
1226 2711 1401 2764 ﬁnem
1435 2711 1675 2765 oratoris
1715 2710 1907 2764 ofﬁcii.

215 2776 353 2850 Huic
366 2794 594 2850 quoque
607 2778 908 2830 calumniae
925 2776 1299 2849 Hermagoras
1317 2782 1716 2850 percommode
1739 2780 1914 2833 obsis-

213 2847 299 2902 tit.
337 2848 480 2901 Dicit
497 2849 649 2901 enim
675 2864 793 2901 esse
829 2850 1069 2902 oratoris
1088 2847 1360 2917 ofﬁcium,
1390 2852 1754 2921 persuadere,
1779 2867 1913 2920 qua-

211 2924 596 2991 tenusrerum
628 2924 682 2971 et
704 2936 1078 2991 personarum
1103 2922 1354 2975 conditio
1376 2923 1613 2991 patitur,
1639 2922 1913 2974 duntaxat

211 2988 274 3062 in
300 2989 559 3042 civilibus
588 2990 998 3059 quaastionibus
1024 3007 1185 3045 :nam
1208 2988 1563 3046 medicorum
1584 2998 1639 3045 et
1660 2992 1911 3062 philoso-

254 3060 553 3134 horumet
577 3067 794 3113 craterae
826 3062 1157 3134 hujusmodi
1186 3064 1533 3134 quaestiones
1555 3060 1713 3117 extra
1742 3079 1911 3133 regu-

254 3076 461 3114 norum
497 3076 553 3113 et
577 3076 794 3113 crateras
826 3076 1157 3129 DUJusmOdt
1186 3076 1533 3134 quaestiones
1555 3076 1713 3117 extra
1742 3079 1908 3133 regu-

209 3076 326 3184 Fam
358 3131 603 3195 civilem,
632 3148 803 3200 quam
818 3130 1072 3190 πολιτικὴν
1093 3135 1269 3187 Graeci
1294 3140 1515 3200 vocant,
1541 3134 1908 3188 collocantur.

213 3202 439 3257 CAPUT
466 3202 561 3255 III.
586 3231 654 3241 —
689 3204 768 3255 De
790 3205 1041 3258 civilibus
1086 3206 1490 3273 quaestionibus,
1523 3211 1573 3260 et
1602 3205 1914 3273 differentia

680 3276 1012 3345 generalium
1033 3281 1082 3329 et
1108 3279 1448 3345 specialium.

285 3344 429 3398 Sunt
453 3346 643 3396 autem
673 3344 862 3418 civiles
903 3350 1269 3416 quaestiones,
1305 3363 1550 3418 quarum
1594 3346 1913 3418 perspectio

211 3414 273 3467 in
328 3429 694 3488 communem
755 3414 937 3468 animi
982 3414 1415 3488 conceptionem
1464 3414 1650 3488 potest
1693 3414 1913 3482 cadere,

214 3501 390 3556 quam
420 3486 596 3556 Graeci
629 3485 819 3531 ἔννοιαν
844 3494 1060 3542 vocant.
1099 3485 1308 3543 Verum
1340 3495 1400 3542 ut
1431 3485 1652 3543 facilius
1704 3488 1914 3541 intelli-

213 3554 334 3627 gas,
368 3572 494 3631 qna:
523 3554 595 3609 sit
628 3558 744 3608 haec
792 3555 916 3631 ipsa
946 3560 1192 3613 conditio
1242 3576 1415 3631 quam
1465 3560 1916 3613 demonstratam

213 3643 336 3680 esse
358 3628 641 3700 volumus,
668 3627 1278 3700 omniaquaacumque
1300 3631 1628 3700 hujusmodi
1662 3634 1815 3696 sunt,
1855 3635 1917 3682 ut

213 3714 288 3771 ea
311 3697 527 3750 nescire
572 3697 806 3766 pudoris
836 3697 929 3766 sit,
960 3704 1036 3771 et
1067 3697 1194 3771 quai
1249 3704 1335 3755 vel
1368 3697 1718 3771 ignorantes,
1752 3700 1917 3770 quasi

214 3769 462 3843 sciamus
493 3772 686 3820 tamen
721 3783 870 3843 _cum
921 3769 1291 3843 simulatione
1324 3769 1444 3843 prie
1473 3773 1636 3826 nobis
1657 3769 1913 3843 ferimus,

215 3839 687 3911 quotiescumque
717 3837 777 3891 in
838 3841 1253 3897 dubitationem
1308 3837 1603 3908 vocantur,
1661 3842 1918 3896 efﬁciunt

214 3910 441 3985 civilem
472 3910 868 3985 quaestionem.
925 3912 1087 3976 Quod
1119 3916 1243 3969 dico
1273 3915 1600 3985 huiusmodi
1630 3919 1736 3981 est,
1770 3914 1815 3966 si
1847 3915 1916 3967 de

212 3982 465 4053 pondere
496 3981 736 4053 alicujus
763 3981 846 4035 rei
900 3989 1210 4053 quaeratur,
1257 3986 1303 4038 si
1334 3981 1452 4039 non
1496 3985 1738 4039 videaris
1775 3985 1916 4038 scire

214 4051 367 4123 quot
388 4053 662 4123 librarum
694 4051 786 4123 sit,
820 4051 938 4123 non
970 4060 1051 4108 est
1081 4051 1565 4123 erubescendum;
1611 4057 1657 4109 si
1683 4057 1752 4109 de
1792 4057 1914 4109 lon-

215 4122 475 4196 gitudine
506 4137 623 4196 non
656 4122 860 4196 videris
890 4124 1031 4177 scire
1059 4132 1199 4194 quot
1245 4128 1455 4196 pedum
1513 4127 1603 4190 sit,
1660 4142 1777 4178 non
1835 4130 1919 4179 est

215 4191 710 4264 erubescendum;
744 4191 789 4242 si
814 4191 1132 4247 de-caeteris
1172 4191 1499 4264 hujusmodi
1556 4196 1727 4249 rebus
1777 4212 1917 4264 quas

214 4262 485 4336 persequi
518 4264 751 4336 longum
783 4266 908 4336 est:
942 4268 997 4316 et
1015 4265 1141 4336 ideo
1173 4262 1643 4336 quotiescumque
1666 4267 1724 4319 in
1751 4262 1915 4318 dubi-

213 4332 496 4407 tationem
522 4332 797 4393 venerint,
844 4333 975 4387 licet
1006 4332 1217 4390 faciant
1270 4332 1668 4407 quaestionem,
1726 4341 1918 4389 tamen

214 4405 441 4479 civilem
471 4404 655 4479 facere
702 4419 821 4455 non
866 4412 1126 4479 possunt.
1174 4413 1245 4461 At
1275 4404 1373 4461 ubi
1421 4407 1917 4479 qumriturtsitne

216 4475 684 4545 aliquidjustum
734 4489 806 4525 an
863 4474 1165 4544 injustum,
1218 4474 1523 4532 honestum
1554 4495 1625 4531 an
1677 4477 1917 4530 inhone-

217 4552 391 4621 stum,
410 4545 757 4621 laudandum
776 4560 845 4597 an
864 4550 1417 4621 reprehendendum,
1427 4549 1661 4621 praemio
1676 4548 1919 4621 afﬁcien-

217 4617 356 4672 dum
388 4634 461 4671 an
484 4616 783 4687 supplicio,
818 4617 959 4672 utile
989 4636 1061 4673 an
1093 4621 1315 4687 inutile,
1367 4616 1443 4675 et'
1466 4621 1513 4675 si
1563 4637 1677 4690 qua
1718 4620 1917 4688 hujus-

219 4690 378 4743 modi
411 4695 581 4753 sunt;
615 4703 783 4739 nemo
820 4703 936 4741 non
968 4691 1139 4746 etiam
1187 4698 1339 4746 extra
1366 4708 1595 4745 omnem
1653 4695 1833 4744 artem
1864 4695 1922 4744 et

218 4760 520 4815 scientiam
550 4759 857 4812 collocatus
889 4763 1203 4829 erubescat,
1238 4764 1285 4817 si
1328 4765 1450 4817 haec
1477 4762 1695 4816 nescire
1726 4761 1917 4815 videa-

216 4834 332 4885 tur.
394 4832 529 4905 Inde
575 4834 659 4883 est
708 4829 863 4905 quod
910 4848 1077 4887 omne
1129 4851 1461 4905 persuasum
1504 4834 1770 4895 habeant,
1823 4836 1921 4905 aut

219 4907 372 4956 certe
403 4903 527 4956 aliis
556 4899 901 4971 persuadere
948 4921 1064 4959 non
1095 4899 1375 4968 dubitent,
1438 4922 1601 4971 posse
1646 4921 1704 4957 se
1733 4903 1918 4956 conci-

216 4989 358 5046 pere
388 4974 580 5027 animo
609 4971 913 5025 discrimen
938 4976 1081 5046 justi
1112 4982 1167 5030 et
1196 4976 1412 5046 injusti,
1438 4971 1663 5029 honesti
1686 4974 1920 5046 etinho-

217 5044 1031 5118 nestitcaeterorumqneqnze
1063 5064 1235 5118 supra
1256 5044 1574 5115 _diximus;
1624 5050 1680 5100 et
1713 5045 1920 5118 idcirco

219 5131 351 5187 qum
382 5115 766 5191 dubitationes
799 5114 860 5171 in
886 5114 1219 5188 huiusmodi
1241 5119 1410 5191 rebus
1424 5114 1707 5183 oriuntur,
1731 5116 1921 5169 civiles

221 5184 499 5263 voeantur
522 5184 890 5263 quaestiones,
925 5184 1087 5259 quasi
1129 5184 1533 5263 non‘proprize
1580 5204 1918 5263 paucorum,

218 5259 318 5312 sed
341 5272 674 5312 communes
706 5259 1126 5315 universorum.
1177 5261 1313 5325 Quae
1343 5277 1472 5315 cum
1520 5260 1599 5313 ita
1639 5260 1770 5325 sint,
1804 5275 1919 5312 me-

217 5330 447 5400 ritoque
479 5326 773 5383 communi
804 5333 1175 5401 conceptione
1205 5333 1382 5385 animi
1408 5330 1651 5401 perspici
1682 5330 1918 5399 possint,

218 5401 567 5473 quaestiones
624 5413 754 5471 quae
815 5401 890 5448 διὰ
911 5402 1204 5459 τῆςὲννοίας
1261 5402 1612 5473 deprehendi
1664 5406 1920 5471 possunt,

218 5471 420 5545 civiles
446 5477 718 5525 vocantur
746 5480 803 5529 et
834 5480 986 5539 sunt,
1014 5474 1071 5527 in
1104 5474 1311 5545 quibus
1335 5471 1559 5527 _versari
1589 5478 1645 5527 et
1670 5476 1922 5545 perstare

220 5541 452 5615 debebit
482 5549 691 5615 orator.
724 5547 846 5599 Duo
876 5550 1008 5599 sunt
1034 5541 1207 5614 primi
1251 5550 1306 5598 et
1331 5545 1495 5615 quasi
1524 5544 1825 5615 generales
1845 5542 1921 5595 ci-

219 5612 436 5689 vilium
463 5614 620 5689 modi
667 5612 1080 5689 quirestionuni,
1125 5612 1374 5689 quorum
1421 5612 1562 5689 aliter
1596 5614 1737 5689 ρέςσξς)
1780 5614 1924 5689 a_lt_e_r

289 5684 301 5715 ¹
328 5682 541 5753 Addunt
558 5682 884 5753 Benedictini
907 5682 1311 5747 verbu'mfsunt,
1345 5686 1487 5750 quod
1512 5685 1699 5737 nullibi
1721 5685 1776 5735 in
1791 5684 1920 5734 Edd.

219 5751 570 5806 reperiamus.
699 5751 766 5799 M.

1767 251 2155 307 APPENDIX.

3574 253 3592 301 l
3605 250 3708 303 442

2008 374 2227 428 ὑποθεσις
2258 378 2489 427 vocatur
2514 389 2546 425 a
2577 373 2802 427 Graecis.
2839 373 2949 425 Nos
2980 371 3155 441 priori
3185 387 3398 443 nomen
3426 371 3537 425 nisi
3565 388 3703 443 grte-

2006 463 2137 500 cum
2169 447 2301 500 dare
2325 460 2436 497 non
2464 459 2787 513 possumus,
2812 460 2884 495 ne
2915 442 3219 511 posteriori
3240 444 3498 513 quidem,
3527 458 3706 513 quam

2006 517 2158 588 quod
2186 514 2732 588 videamurdedisse
2758 530 2770 566 :
2802 513 3063 566 dedimus
3097 513 3347 588 quippe;
3378 523 3708 588 controver-

2008 584 2150 642 siam
2174 588 2415 641 dicimus
2439 586 2533 654 (α),
2561 586 2713 655 quod
2736 600 2941 637 nomen
2965 589 3081 637 tam
3104 586 3162 637 in
3175 586 3267 642 τὴν
3293 584 3440 644 θέσιν,
3460 585 3709 655 quamin

2004 662 2097 717 τῆν
2122 656 2343 705 ὐποθέσιν
2375 662 2563 727 potest
2589 656 2787 710 cadere
2812 672 2824 708 :
2850 656 2907 727 in
2940 659 3183 723 utroque
3209 724 3218 727 Α
3242 656 3395 727 enim
3447 656 3709 727 quaestio,

2007 729 2116 782 hoc
2159 734 2239 781 est
2294 724 2675 781 controversia
2730 732 2836 779 est.
2879 726 3053 778 Porro
3083 740 3169 795 “cm
3201 724 3712 795 Onoﬂécewcﬁsigniﬁ—

2009 799 2178 867 catio,
2204 804 2261 851 et
2280 800 2599 852 declaratur
2626 815 2693 851 ex
2724 800 2846 867 ipso
2875 794 3192 867 composito
3240 798 3492 867 nomine,
3542 794 3597 850 et
3626 803 3714 850 est

2009 870 2223 940 aliquid
2255 869 2408 939 quod
2441 875 2525 922 est
2553 868 2644 940 ὑπῤ
2669 866 2935 940 τὴνὶᾓθέσιν,
2966 866 3025 919 id
3068 870 3154 940 est
3180 866 3307 940 sub
3341 867 3437 918 illo
3465 937 3472 940 _
3504 883 3712 936 genere

2011 933 2174 1012 quasi
2202 933 2436 1008 species.
2469 933 2664 1012 The§is
2696 936 3055 1012 e‘stnrqsquce
3090 936 3341 989 admittit
3370 933 3711 1012 rationalem

2011 1004 2547 1073 {umido-rationem,
2569 1004 2687 1077 sine
2703 1004 3038 1077 deﬁnitione
3060 1023 3340 1076 personae.
3370 1008 3713 1077 Hypothesis

2012 1088 2095 1135 est
2144 1098 2244 1135 seu
2289 1076 2693 1148 controversia,
2731 1082 2790 1128 ut
2840 1076 3157 1148 improprio
3188 1077 3421 1130 nomine
3455 1076 3709 1145 utamur,

2012 1169 2101 1206 res
2130 1168 2257 1222 quae
2279 1153 2537 1205 admittat
2567 1147 2907 1222 rationalem
2935 1147 3367 1222 contentionem
3418 1165 3548 1201 cum
3574 1150 3714 1222 deﬁ-

2014 1217 2231 1276 nitione
2284 1239 2557 1292 personae.
2619 1217 2814 1272 Melius
2847 1225 3057 1292 autem
3112 1219 3559 1292 declarabuntur‘
3609 1220 3714 1273 sub

2015 1289 2307 1363 exemplo}
2339 1294 2514 1346 thesis
2544 1296 2628 1363 est
2656 1289 2897 1363 quaestio
2945 1290 3297 1363 hujusmodi,
3331 1306 3403 1343 an
3436 1289 3712 1363 navigan-

2015 1361 2276 1426 dum,_an
2306 1361 2864 1432 philosophandum;
2886 1361 3216 1432 iiypothesis
3238 1366 3323 1413 est
3343 1362 3585 1430 quaestio
3608 1362 3716 1414 liu-

2007 1434 2283 1504 jusmodi,
2311 1431 2386 1486 an
2417 1431 2840 1486 decernendum
2868 1431 3041 1504 duelli
3070 1433 3354 1504 praelium.
3376 1433 3487 1484 Nec
3510 1432 3719 1504 desunt

2056 1505 2113 1557 ui
2144 1506 2276 1558 hinc
2295 1505 2464 1557 etiam
2502 1506 2905 1570 Hermagoram
2937 1501 3349 1554 criminentur:
3386 1508 3438 1554 et
3488 1503 3717 1570 Apollo-

2056 1522 2113 1557 ΠΙ
2144 1522 2276 1558 Illuc
2295 1522 2464 1557 etiam
2502 1522 2905 1570 nermagurum
2937 1522 3349 1554 οΓιιιιιυθΠιυΓε
3386 1522 3438 1554 BI
3488 1522 3711 1570 ΔὶρΟΙΙΟ·

2013 1522 2186 1629 dorus
2217 1576 2275 1627 in
2304 1574 2523 1645 primis,
2555 1574 2863 1645 quienegat
2902 1572 3215 1645 quidquam
3261 1572 3415 1645 aliud
3446 1588 3567 1624 esse
3610 1572 3711 1645 hy-

2014 1642 2505 1716 pothesin,'quam
2538 1642 2746 1701 thesin,
2789 1648 2846 1694 et
2877 1643 3087 1694 nullius
3123 1644 3408 1716 momenti»
3430 1658 3551 1695 esse
3597 1643 3713 1696 dis-

2015 1713 2232 1769 crimen
2275 1713 2668 1785 personarum,
2702 1728 3029 1785 quanquam
3060 1718 3367 1785 utrumque
3399 1713 3501 1765 hoc
3531 1729 3715 1782 genus

2016 1782 2348 1857 quaestionis
2426 1787 2827 1857 Hermagoras
2864 1782 3183 1857 distinxisse
3239 1783 3530 1857 videatnr:
3597 1800 3715 1836 non

2017 1852 2207 1910 minus
2234 1856 2388 1909 enim
2418 1856 2701 1908 inﬁnitam
2735 1858 2789 1905 et
2814 1852 3241 1906 interminatam
3282 1870 3399 1905 esse
3428 1854 3711 1922 hypothe-

2016 1944 2139 1981 scos
2168 1943 2341 1996 quam
2372 1928 2597 1979 theseus
2636 1924 3027 1996 quaestionem.
3063 1925 3205 1996 Nam
3236 1940 3363 1977 cum
3396 1929 3707 1994 quaeratur,

2016 1999 2089 2052 sit
2140 1994 2314 2051 necne
2369 1994 2941 2050 animadvertendum
2998 1996 3058 2047 in
3117 1994 3394 2055 Orestem,
3435 2011 3551 2047 non
3583 2010 3715 2064 per-

2017 2085 2217 2123 sonam
2249 2084 2389 2133 esse,
2424 2085 2552 2137 quae
2583 2066 2750 2120 faciat
2801 2065 3198 2135 quaestionem,
3254 2066 3351 2119 sed
3384 2066 3595 2137 factum
3623 2082 3635 2130 ;
3665 2069 3721 2119 et

2017 2140 2159 2194 nihil
2192 2136 2463 2192 interesse
2493 2156 2566 2191 an
2591 2138 2669 2191 ita
2703 2142 3013 2206 quaeratur,
3044 2137 3116 2189 sit
3145 2151 3323 2189 necne
3358 2136 3717 2189 animadver-

2018 2211 2253 2265 tendum
2274 2210 2334 2263 in
2366 2208 2751 2272 matricidam;
2786 2208 2938 2277 quod
2958 2208 3005 2259 si
3032 2208 3111 2260 ita
3133 2210 3235 2270 est,
3270 2206 3415 2259 nihil
3448 2207 3598 2260 inter
3622 2207 3715 2275 hy-

2017 2281 2302 2352 pothesin,
2336 2280 2637 2352 thesinque
2666 2280 2919 2332 distaret.
2978 2278 3061 2331 Ad
3108 2279 3231 2330 haec
3281 2278 3475 2352 nostri,
3530 2277 3718 2352 primo

2019 2347 2277 2406 omnium
2310 2347 2666 2422 qualitatem‘
2691 2364 3065 2422 personarum
3084 2419 3092 2422 _
3113 2347 3530 2422 quaestionibus
3550 2348 3720 2422 diffe-

2018 2424 2264 2476 rentiam
2294 2418 2517 2480 afferre,
2561 2419 2815 2490 ipsisque
2869 2419 3041 2472 etiam
3080 2419 3513 2488 hypothesibus,
3547 2418 3718 2490 idest

2019 2493 2392 2548 controversis
2423 2508 2573 2561 saepe
2591 2489 2849 2555 evenire,
2882 2495 2945 2543 ut
2976 2491 3177 2561 punita
3206 2494 3263 2543 et
3290 2490 3591 2560 impunita,
3624 2489 3721 2542 ho-

2019 2571 2219 2619 norata
2234 2571 2291 2618 et
2309 2560 2671 2627 inhonorata,
2695 2561 2958 2631 quiedam
2981 2560 3358 2629 relinquenda
3396 2562 3721 2625 videantur,

2019 2653 2136 2690 non
2190 2640 2306 2688 tam
2366 2651 2431 2687 ex
2484 2648 2678 2686 rerum
2709 2632 3002 2701 qualitate,
3053 2646 3226 2699 quam
3266 2630 3537 2699 qualitate
3584 2647 3719 2700 per-

2022 2724 2194 2760 sonae.
2229 2705 2444 2758 Deinde
2476 2704 2648 2757 etiam
2677 2703 2773 2755 illo
2803 2702 3011 2755 distare
3041 2702 3163 2753 inec
3193 2701 3306 2753 duo
3336 2718 3547 2770 genera
3572 2718 3724 2771 quae-

2022 2778 2292 2837 stionum,
2313 2774 2541 2845 quodin
2568 2770 3046 2845 thesiperspectio
3079 2770 3401 2845 sitalicujus
3428 2772 3510 2824 rei
3538 2770 3724 2845 qualis

2022 2850 2111 2913 sit,
2147 2848 2203 2900 in
2226 2843 2529 2916 hypothesi
2550 2843 2877 2916 contentio;
2913 2847 2968 2894 et
2993 2846 3274 2911 quantum
3305 2843 3543 2916 interest
3562 2843 3724 2916 inter

2021 2912 2479 2988 perspectionem
2509 2920 2564 2969 et
2593 2912 3053 2988 contentionem,
3074 2918 3297 2988 tantum
3345 2912 3496 2988 inter
3534 2912 3722 2988 thesin

2023 2982 2081 3043 ct
2106 2982 2449 3058 hjpothesin
2478 3003 2599 3039 esse
2632 2983 2992 3058 discriminis.
3023 2982 3236 3058 Deinde
3262 2983 3324 3058 in
3345 2982 3722 3058 thes_i_qua3ri,

2022 3053 2160 3129 quid
2184 3053 2391 3112 omnes
2413 3061 2677 3129 oporteat,
2702 3056 2882 3129 facere
2908 3071 2920 3119 ;
2945 3054 3006 3107 in
3027 3053 3721 3129 hypothesi,_quid_unum

2020 3123 2120 3184 aut
2149 3131 2395 3183 alterum
2424 3123 2523 3181 aut
2552 3127 2721 3197 paulo
2754 3126 2981 3197 plures,
3012 3130 3168 3197 certe
3198 3123 3500 3197 deﬁnitum
3528 3123 3719 3197 homif

2024 3218 2163 3274 num
2195 3201 2471 3274 m_odum._
2594 3198 2764 3251 etiam
2805 3196 2903 3249 illa
2933 3195 3256 3274 differentia
3279 3195 3502 3274 accidit,
3523 3195 3719 3274 Aquod

2025 3272 2083 3325 in
2112 3271 2281 3331 tliesi,
2314 3270 2477 3341 quasi
2501 3266 3331 3341 ignorantesquaarimusqnid
3347 3265 3422 3341 sit
3438 3265 3723 3341 optimum

2024 3344 2203 3408 factu;
2234 3342 2291 3395 in
2324 3337 2644 3411 hypotliesi,
2686 3338 2849 3411 quasi
2889 3338 3128 3392 scientes
3160 3337 3537 3411 defendimus.
3573 3338 3719 3391 Tum

2025 3414 2177 3484 quod
2230 3408 2421 3466 omnis
2460 3411 2634 3465 thesis
2687 3408 2755 3484 de
2783 3410 2974 3484 futuro
3022 3414 3135 3472 est;
3189 3408 3518 3484 bypothesis
3569 3423 3719 3484 raro,

2025 3479 2165 3555 quin
2198 3484 2315 3536 imo
2360 3497 2655 3555 nunquam
2704 3481 2813 3555 nisi
2865 3480 2935 3532 de
2986 3479 3298 3555 praeterito,
3333 3484 3433 3531 aut
3464 3494 3531 3531 eo
3563 3480 3716 3547 quod

2016 3549 2139 3626 jam
2164 3559 2387 3623 agatur,
2420 3549 2984 3626 facitqnaastionem:
3018 3566 3186 3626 nemo
3202 3549 3356 3626 enim
3386 3564 3570 3626 neque
3586 3564 3719 3602 reus

2026 3619 2149 3680 ﬁeri
2190 3619 2397 3695 potest,
2457 3619 2816 3695 nisii'fecerit
2865 3626 2965 3695 aut
3011 3620 3205 3695 fecisse
3254 3619 3499 3695 dicatur,
3535 3636 3722 3695 neque

2025 3689 2336 3769 praemium
2374 3700 2475 3747 aut
2521 3692 2739 3769 aliquid
2792 3690 3125 3761 hujusmodi
3178 3695 3390 3769 petere;
3428 3689 3556 3769 _nisi
3597 3692 3723 3769 _jam

2024 3761 2262 3821 ineritus
2293 3766 2386 3831 sit,
2414 3768 2514 3818 aut
2545 3761 2809 3817 meritum
2837 3778 2956 3815 esse
2987 3778 3045 3814 se
3074 3761 3395 3814 contendat.
3427 3761 3567 3814 Huic
3595 3762 3718 3814 loco

2025 3842 2326 3910 opponunt
2349 3834 2655 3910 tyrranidis
2696 3839 2753 3887 et
2789 3832 3128 3910 proditionis
3177 3847 3327 3897 reos,
3364 3837 3433 3910 et
3465 3831 3725 3910 veneﬁcii

2024 3902 2311 3980 imperati,
2328 3902 2385 3961 et
2406 3907 2449 3960 si
2467 3906 2658 3980 quain
2685 3902 2951 3980 eumdem
2974 3904 3210 3980 modiim
3223 3902 3725 3980 excogitataripos-

2025 3974 2189 4035 sunt:
2224 3979 2283 4033 in
2323 3994 2435 4049 quo
2466 3974 2653 4049 studio
2680 3975 3022 4028 criminandi
3053 3975 3347 4049 faliuntur.
3384 3974 3527 4028 Nam
3560 3980 3616 4028 et
3664 3974 3724 4028 in

2025 4069 2091 4106 eo
2120 4050 2271 4123 quod
2301 4046 2641 4123 proditionis
2671 4051 2933 4123 reus-est,
2966 4061 3081 4098 non
3112 4047 3180 4123 de
3207 4046 3403 4123 futura
3441 4060 3502 4097 re
3562 4061 3722 4114 qure-

2026 4116 2193 4187 ritur,
2218 4122 2276 4175 id
2302 4116 2403 4196 est.
2431 4120 2499 4172 de
2528 4116 3029 4196 ipsa‘proditione,
3058 4116 3157 4196 sed
3188 4116 3257 4196 de
3315 4131 3381 4167 eo
3413 4130 3484 4167 an
3541 4132 3727 4196 susce-

2024 4185 2501 4264 perit'consilinrn
2532 4185 2895 4257 proditionis,
2951 4186 3112 4264 quod;
3155 4185 3721 4264 ntique'praecessit;

2027 4256 2084 4316 et
2113 4263 2182 4315 de
2213 4259 2512 4329 tyrannide
2536 4256 2724 4328 inque,
2757 4275 2828 4312 an
2861 4256 3516 4329 cogitarit_tyrannide_m
3542 4272 3554 4321 ;
3581 4256 3725 4329 etde

2024 4326 2353 4402 parricidio,
2410 4346 2551 4402 num
2602 4326 2960 4402 perpetrato;
2992 4332 3077 4402 _et
3111 4327 3180 4379 de
3224 4326 3519 4402 veneiieio.
3582 4328 3725 4402 Ergo

2028 4396 2254 4477 semper
2282 4406 2382 4454 aut
2410 4401 2477 4454 de
2496 4396 2948 4477 _przeteritoxaut
2976 4398 3043 4477 de
3059 4396 3399 4466 praesentiin
3427 4396 3726 4477 hypotbesi

2028 4470 2278 4528 nascitur
2307 4473 2575 4542 quaestio;
2604 4471 2664 4524 in
2694 4470 2841 4524 thesi
2890 4474 3088 4542 contra
3143 4484 3443 4542 nunqnam
3490 4470 3600 4521 nisi
3654 4470 3724 4523 de

2026 4546 2248 4599 futuro:
2284 4538 2412 4614 qua:
2443 4544 2490 4597 si
2514 4544 2594 4597 ita
2622 4546 2769 4605 sunt,
2807 4540 2939 4593 satis
2982 4539 3277 4609 utriusque
3308 4538 3593 4593 declarata
3639 4545 3725 4593 est

2029 4615 2345 4671 diversitas.

2028 4688 2250 4743 CAPUT
2270 4687 2361 4740 IV.
2406 4714 2474 4725 —
2514 4685 2644 4749 Quae
2685 4684 2797 4736 sint
2842 4680 3270 4735 circumstantia
3309 4684 3725 4736 controversiam

2735 4753 3013 4818 facientes.

2101 4830 2263 4883 Nunc
2290 4825 2563 4897 quoniam
2580 4822 2819 4897 quidem
2840 4822 2909 4897 de
2937 4821 3259 4897 differentia
3272 4822 3648 4893 generalium,
3670 4828 3728 4878 et

2028 4893 2360 4971 specialiuin
2388 4894 2774 4971 quaestionum
2808 4894 2947 4971 satis
2972 4893 3188 4971 dictum
3216 4900 3319 4971 est,
3351 4900 3724 4971 separataque

2026 4964 2176 5026 thesi
2207 4970 2276 5024 ab
2305 4964 2722 5039 hypothesi,_nt
2746 4964 2985 5039 perinde
3007 4965 3242 5039 distaret
3269 4981 3329 5039 re
3353 4981 3417 5018 ac
3447 4964 3681 5039 nomine
3710 4982 3723 5031 ;

2028 5034 2399 5111 consequens
2431 5054 2551 5091 esse
2601 5036 2824 5111 videtnr
2854 5035 3059 5111 dicere,
3092 5035 3227 5111 quid
3259 5036 3329 5111 sit
3359 5034 3728 5111 quod_hypo_

2028 5105 2239 5177 thesin;
2268 5110 2326 5165 id
2348 5115 2432 5163 est
2445 5108 2886 5162 controversiam
2918 5105 3143 5161 efﬁciat.
3176 5108 3271 5160 Est
3294 5105 3728 5177 igiturcircum-

2054 5183 2240 5242 tantia
2267 5196 2459 5235 rerum
2491 5195 2665 5250 quam
2692 5178 2967 5250 περίσταᾳιν
2994 5180 3374 5247 Hermagoras
3396 5182 3574 5240 vocat,
3592 5176 3725 5250 _sine

2029 5271 2143 5326 qua
2174 5254 2291 5307 ulla
2319 5247 2553 5326 omnin—0
2583 5248 2965 5326 controversia
3022 5265 3142 5326 non
3189 5251 3376 5317 potest
3404 5264 3556 5326 esset
3581 5247 3729 5326 Quid

2030 5318 2101 5380 sit
2127 5330 2317 5379 autem
2346 5321 2637 5385 περίτασις,
2666 5320 2885 5374 facilius
2941 5319 3248 5390 partitione
3300 5334 3474 5389 quam
3526 5318 3727 5373 deﬁni-

2030 5398 2189 5451 tione
2215 5398 2338 5465 ejus
2365 5392 2714 5462 deprehendi
2749 5388 2960 5465 potest.‘
2984 5391 3127 5444 Sunt
3164 5388 3340 5458 igitur
3397 5394 3586 5465 partes
3616 5390 3725 5443 cir-

2033 5462 2484 5529 cumstantiaa,id
2518 5468 2601 5517 est
2629 5464 2969 5526 περιστάσεως.
2999 5464 3236 5529 septem,
3259 5476 3399 5529 quas
3424 5462 3727 5529 Hermago-

2038 5555 2128 5593 ras
2159 5537 2302 5600 μόρια
2320 5536 2661 5599 περιστάσεως,
2703 5537 2879 5596 vocat,
2910 5531 3237 5584 Theodorus
3268 5532 3483 5593 στοιχεῖα
3506 5532 3727 5593 πραγμά-

2031 5625 2149 5669 των,
2174 5609 2231 5661 id
2259 5611 2345 5661 est
2394 5605 2711 5659 elementa:
2754 5602 2907 5674 quod
2960 5617 3023 5654 ex
3071 5617 3286 5674 eorum
3327 5600 3727 5674 conjunctione

2099 5680 2172 5743 (α)
2200 5678 2376 5743 _Cicero
2423 5676 2594 5725 thesin
2624 5671 2949 5743 propositum
2993 5675 3085 5743 aut
3107 5671 3550 5723 consultationem
3576 5674 3731 5721 vocat

2034 5738 2351 5807 liy'pothesin
2377 5752 2588 5788 causam
2619 5741 2709 5787 aut
2730 5738 3155 5786 controversiam.
