4014 6164
283 242 416 294 1443

280 362 626 434 ᾳιιεεεῐίοῐιθξ
647 360 808 427 fiant,
828 359 1064 434 perinde
1077 362 1339 434 atqueex
1355 357 1758 434 conjunctione
1777 359 1991 434 littera-

277 429 431 498 rum,
467 432 704 487 nomina
734 436 790 485 et
828 429 998 484 verba
1029 429 1462 484 lierividemus.
1494 429 1602 483 Sed
1635 429 1749 483 sive
1774 430 1990 493 στοιχεῖα

283 506 400 560 sive
436 503 578 568 μόρια
625 503 834 557 rectius
879 502 1164 569 dicantur,
1213 517 1318 554 nos
1355 500 1565 554 omissa
1603 499 1990 554 controversia

281 576 702 646 nominis,quas
716 573 965 646 sintipsa
997 573 1272 646 dicamus.
1300 571 1443 646 Sunt
1473 572 1804 646 igiturheac,
1830 571 1978 646 quis,

280 648 443 719 quid,
467 642 1012 719 quando,iubi,__cur,
1029 642 1538 719 quemadmodum,
1568 642 1981 719 quibus__admi-

279 711 512 773 uiculis":
540 733 681 789 quas
706 711 888 771 Graeci
908 711 1231 789 περιᾳῖτάσεξιξς
1260 711 1479 789 ἀφορμὰς
1505 711 1725 768 vocant.
1765 715 1982 767 Horum

281 795 472 844 autem
503 786 785 854 omnium,
819 791 916 841 aut
949 787 1245 841 rationalis
1274 786 1653 856 plurimorum
1677 800 1982 855 congrega-

279 860 362 914 tio
391 859 602 914 conflat
629 858 1026 930 quaestionem,
1057 862 1155 930 aut
1183 857 1401 930 legalis.
1435 857 1548 930 Sed
1562 857 1836 930 nimirum
1860 857 1978 908 sin-

278 932 546 1002 gulorum
571 927 892 1000 proprietas
919 928 1288 999 exprimenda
1317 933 1420 982 est.
1442 927 1603 1002 Quis,
1646 928 1978 1002 signiﬁcan-

277 999 419 1056 tiam
441 999 614 1056 habet
641 999 924 1071 personas,
959 1017 1086 1071 quae
1109 1004 1396 1069 spectatur
1426 999 1649 1052 duobus
1673 999 1978 1071 modis,_ex

278 1073 509 1127 nomine
558 1077 614 1126 et
643 1068 936 1144 qualitate.
1086 1068 1370 1144 nomine,_
1388 1071 1494 1124 hoc
1537 1071 1744 1144 modo:
1797 1068 1981 1144 Quis?

279 1144 571 1199 Camillus.
617 1139 679 1198 CI
730 1142 956 1209 Marius,
1013 1143 1069 1196 L.
1121 1143 1295 1197 Sulla.
1334 1142 1407 1194 Ex
1439 1142 1742 1212 qualitate;
1797 1139 1981 1212 Quis?

279 1214 455 1280 dives,
487 1230 728 1286 pauper,
756 1214 1117 1286 imperator,_
1138 1215 1228 1266 Est
1248 1217 1440 1266 autem
1460 1211 1707 1265 idetinita
1727 1211 1785 1264 in
1801 1211 1981 1286 nomi-

280 1286 469 1352 nibus,
489 1283 727 1339 intinita
756 1285 813 1338 in
841 1283 1212 1353 qualitatibus
1237 1299 1612 1352 personarum
1642 1283 1976 1352 perspectio,

280 1359 510 1428 quando
541 1357 600 1409 in
651 1356 1092 1428 appellationem
1145 1354 1284 1406 nihil
1314 1359 1523 1422 praeter
1549 1369 1763 1428 nomen
1793 1353 1975 1428 cadit;

278 1423 705 1499 inqualitatein
728 1423 788 1479 et
817 1427 1068 1492 fortuna,
1091 1430 1148 1499 et
1178 1430 1334 1499 tatas,
1363 1430 1419 1478 et
1443 1423 1980 1499 c011ditio,-et_disci-

279 1493 460 1569 plina,
497 1503 785 1569 etctetera
804 1512 932 1565 quae
955 1501 1094 1569 sunt
1133 1495 1356 1569 infinita
1387 1511 1662 1569 numero.
1709 1494 1859 1569 Quid
1896 1493 1977 1546 si-

278 1564 671 1639 gnificantium
698 1564 991 1639 habetrei,
1025 1582 1152 1639 qum
1184 1567 1329 1639 facta
1350 1567 1420 1618 ab
1446 1567 1662 1635 aliquo,
1689 1567 1787 1639 ve_l_
1805 1564 1976 1631 dicta,

275 1636 365 1692 vel
396 1640 658 1708 cogitata,
684 1637 830 1703 ﬁeri,
851 1637 982 1702 dici,
1016 1637 1273 1706 cogitari,
1298 1637 1554 1690 futurum
1571 1652 1715 1702 esse,
1738 1636 1975 1708 dictum,

277 1707 586 1780 cogitatum
609 1709 680 1762 iri
710 1709 984 1780 videatur,
1015 1707 1277 1780 bonavel
1303 1709 1471 1780 mala,
1500 1709 1740 1761 honesta
1769 1708 1854 1759 vel
1887 1707 1977 1780 in-

275 1777 528 1843 honesta,
552 1781 705 1850 justa
727 1780 812 1832 vel
844 1779 1075 1848 injusta,
1107 1778 1264 1850 utilis
1294 1778 1380 1830 vel
1411 1786 1624 1838 contra,
1660 1777 1980 1850 necessaria

279 1852 364 1905 vel
395 1867 592 1921 parva,
623 1866 829 1918 magna
852 1850 936 1921 vel
964 1849 1392 1921 parumusitata
1411 1849 1975 1921 vel_nova.Quando,

275 1919 551 1992 temporis
572 1920 1047 1992 significationem
1077 1920 1242 1992 habet
1268 1936 1280 1986 ;
1315 1921 1468 1974 velut
1497 1919 1745 1992 interdiu
1779 1937 1841 1992 ac
1871 1936 1977 1973 no-

278 1991 472 2060 ctu,’sa
485 2009 579 2045 cro
594 2009 664 2046 an
697 1992 753 2045 in
783 1991 1098 2060 irreligioso
1124 1991 1214 2045 die
1241 2008 1253 2045 :
1279 1991 1450 2044 etiam
1472 2007 1539 2044 ex
1571 1991 1976 2062 accidentibus,

276 2080 406 2134 quas
435 2063 725 2134 interdum
751 2063 888 2116 dant
926 2062 1172 2132 tempori
1221 2079 1381 2134 suam
1424 2062 1775 2134 qualitatem,
1824 2062 1980 2134 velut

275 2133 336 2187 in
349 2135 482 2188 belli
505 2151 575 2188 an
590 2133 744 2203 pacis
771 2139 1053 2202 tempore,
1079 2135 1137 2185 in
1160 2133 1435 2186 seditione
1466 2149 1538 2186 an
1569 2133 1628 2186 in
1650 2133 1974 2201 concordia,

273 2205 335 2258 in
367 2206 730 2284 libertatean
755 2204 814 2258 in
843 2205 1270 2284 domina-tione;
1314 2210 1370 2284 et
1399 2204 1445 2284 si
1475 2221 1588 2284 qua
1616 2206 1676 2284 in
1707 2205 1976 2284 eumdem

275 2276 513 2330 modum
544 2276 746 2330 cadere
776 2280 1036 2344 possunt.
1074 2276 1195 2336 Ubi.
1232 2275 1338 2328 loci
1370 2275 1844 2345 significationem
1876 2276 1974 2329 ha-

276 2347 411 2413 bet;
443 2347 615 2399 veluti
639 2347 697 2398 in
721 2346 945 2416 civitate
974 2361 1045 2398 an
1065 2351 1244 2409 extra,
1265 2345 1323 2398 in
1345 2362 1501 2398 sacro
1524 2347 1647 2398 loco
1679 2363 1751 2399 an
1773 2347 1831 2399 in
1847 2362 1977 2416 pro-

277 2417 431 2483 fano,
465 2418 522 2470 in
549 2418 696 2469 mari
734 2432 806 2467 an
846 2415 907 2467 in
957 2419 1128 2468 terra.
1172 2418 1300 2481 Cur,
1335 2415 1620 2485 significat
1649 2433 1875 2470 causam
1901 2418 1977 2470 fa-

275 2487 486 2554 ciendi,
518 2488 601 2539 vel
634 2485 876 2558 dicendi,
901 2486 987 2538 vel
1017 2486 1324 2558 cogitandi,
1347 2502 1438 2558 res
1465 2486 1550 2557 (ut
1567 2503 1693 2540 mea
1714 2488 1823 2541 fert
1846 2487 1974 2558 opi-

275 2558 394 2628 nio)
427 2558 497 2611 ad
519 2557 975 2628 constituendam
1000 2557 1377 2626 quaestionem
1403 2557 1461 2609 in
1491 2558 1691 2628 primis
1718 2557 1977 2612 necessa-

275 2627 383 2682 ria.
411 2628 904 2692 Quemadmodum
936 2627 1412 2697 significationem
1439 2627 1612 2682 habet
1633 2645 1695 2682 ex
1722 2629 1974 2691 facti,vel

275 2700 429 2770 quod
458 2699 576 2767 ﬁat,
609 2701 937 2752 futurumve
961 2700 1031 2752 sit
1057 2698 1542 2753 demonstratione
1568 2701 1775 2766 ;veluti
1805 2702 1970 2756 clam.

274 2772 484 2842 palam,
517 2786 622 2841 per
653 2770 785 2837 vim,
814 2785 917 2840 per
941 2770 1166 2842 dolum;
1205 2775 1260 2822 et
1289 2770 1336 2823 si
1357 2787 1468 2841 qua
1494 2775 1626 2824 sunt
1653 2771 1882 2837 similia,
1915 2773 1974 2825 in

274 2840 543 2896 eumdem
587 2843 824 2895 modum
857 2840 1086 2894 cadunt.
1118 2842 1358 2903 Αφορμαὶ,
1381 2840 1534 2910 quas
1585 2859 1688 2895 nos
1735 2843 1976 2896 admini-

275 2914 400 2967 cula
431 2913 696 2978 dicimus,
729 2912 1281 2967 demonstrationem
1310 2911 1524 2966 habent
1551 2929 1747 2967 earum
1783 2930 1974 2968 rerum

274 3000 376 3055 per
403 3001 545 3054 quas
571 2983 784 3038 factum
817 3000 950 3055 esse,
966 2983 1190 3055 aliquid
1221 2982 1475 3055 dicatur;
1508 2989 1571 3037 ut
1599 2991 1683 3038 est
1712 2985 1970 3055 laqueus,

275 3052 518 3126 gladi—us,
576 3070 884 3126 venenum,
939 3053 1166 3126 litterae,
1221 3052 1631 3120 internuntius,
1679 3052 1970 3123 mandata,

275 3124 491 3191 servus,
524 3126 803 3191 conscius,
835 3124 1088 3178 sicarius.
1125 3127 1338 3178 Horum
1372 3126 1766 3193 articulorum,
1794 3131 1859 3180 ut
1878 3144 1972 3180 su-

274 3212 380 3266 pra
420 3195 558 3262 dixi,
585 3201 685 3249 aut
714 3195 973 3249 omnium
1005 3200 1104 3248 aut
1133 3195 1517 3264 plurimorum
1557 3198 1862 3252 rationales
1885 3197 1973 3252 in-

277 3283 476 3321 cursus
506 3267 713 3320 facient
744 3266 968 3319 civilem
1001 3267 1406 3336 quaestionem.

277 3338 504 3393 CAPUT
524 3339 585 3392 V.
608 3338 1013 3403 -Οιιεεεεὶοπθε
1037 3339 1332 3391 rationales
1357 3341 1496 3406 ﬁunt
1516 3343 1752 3406 quatuor
1777 3340 1970 3395 modis.

349 3409 675 3464 Rationales
697 3408 1053 3479 quaestiones
1074 3424 1212 3478 quas
1245 3411 1624 3478 Hermagoras
1651 3409 1848 3472 λογικὰς
1881 3428 1974 3465 vo-

271 3485 394 3535 cat:
432 3480 633 3534 melius
661 3478 812 3533 enim
844 3485 982 3549 puto
1014 3478 1090 3532 sic
1105 3495 1199 3532 eas
1227 3480 1619 3549 cognominari
1650 3496 1821 3549 quam
1850 3499 1973 3536 ver-

269 3551 426 3606 bales
463 3551 633 3620 ;quia
659 3549 854 3612 λογικαὶ
882 3567 999 3604 non
1032 3566 1097 3603 ex
1128 3551 1304 3623 verbi,
1338 3552 1435 3605 sed
1476 3552 1715 3605 rationis
1748 3553 1972 3623 signiti-

271 3623 492 3676 catione
523 3623 824 3692 appellatas
845 3625 977 3676 sunt
1008 3639 1035 3674 a
1059 3621 1348 3693 technicis,
1384 3638 1513 3675 cum
1543 3621 1971 3693 alioquin'kdyoc

269 3692 561 3766 interdum
582 3693 822 3766 verbum.
841 3693 1142 3766 signiticet,
1158 3692 1451 3766 interdum
1466 3692 1745 3766 rationem
1767 3712 1779 3748 :
1796 3695 1974 3766 igitur

269 3764 598 3836 rationales,
616 3764 729 3836 sive
746 3762 938 3836 λογικαί
967 3763 1313 3836 quaestiones
1330 3765 1478 3836 fiunt
1499 3765 1682 3836 modis
1702 3762 1969 3836 quatuor.

272 3836 395 3906 Hoc
417 3835 570 3906 enim
585 3835 644 3906 in
679 3835 1120 3906 illisrquaeritur,
1157 3850 1227 3887 an
1259 3835 1349 3906 sit,
1382 3835 1519 3906 quid
1553 3836 1642 3906 sit,
1675 3837 1844 3906 quale
1876 3838 1967 3905 sit,

271 3921 346 3958 an
384 3904 578 3976 induci
608 3905 666 3957 in
706 3904 988 3976 judicium
1025 3905 1244 3957 debeat.
1293 3904 1710 3974 Ubi’quzeritur
1761 3924 1834 3960 an
1876 3904 1968 3976 sit,

273 3991 453 4045 genus
504 3974 561 4028 id
593 3974 924 4045 quaestionis
956 3976 1331 4042 Hermagoras
1361 3976 1611 4038 σοχασμὸν
1638 3983 1830 4032 vocat:
1866 3974 1972 4032 nos

271 4047 655 4117 conjecturam
700 4061 1001 4115 possumus
1056 4045 1262 4117 dicere.
1316 4046 1452 4099 Item
1506 4047 1835 4101 Theodorus
1862 4051 1973 4112 περὶ

268 4119 356 4176 τῆς
385 4116 566 4177 οὑσιας,
602 4117 660 4170 id
691 4122 774 4169 est
806 4117 874 4169 de
904 4116 1237 4170 substantia.
1273 4117 1424 4170 Nihil
1457 4118 1611 4170 enim
1634 4119 1846 4173 factum
1888 4121 1969 4172 vi-

271 4188 393 4262 deri
440 4193 645 4258 potest,
679 4187 832 4262 quod
870 4204 989 4262 non
1017 4187 1280 4262 habuerit
1304 4258 1312 4262 _
1338 4189 1731 4262 substantiam,
1786 4207 1970 4262 neque

269 4259 548 4324 futurum,
581 4259 731 4330 quod
759 4275 870 4311 non
903 4259 1228 4312 habiturum
1271 4258 1343 4311 sit
1399 4260 1794 4316 substantiam.
1835 4258 1970 4326 Qui-

269 4330 400 4384 dam
431 4330 538 4384 hoc
555 4346 748 4404 genus
779 4330 1113 4404 quastionis
1140 4345 1204 4382 ex
1238 4332 1506 4404 eo,_quod
1539 4348 1643 4401 per
1671 4333 1728 4386 id
1767 4334 1972 4404 quaeri-

269 4404 386 4466 tur,
418 4400 596 4474 anisit
624 4406 984 4474 vocaverunt.
1018 4401 1209 4454 Altera
1239 4400 1552 4474 rationalis,
1572 4407 1660 4474 est
1706 4400 1968 4474 quaestio,

313 4488 446 4525 uam
502 4473 877 4542 Hermagoras
932 4472 1105 4525 ﬁnem
1165 4472 1863 4538 vocat;'I‘heodorus'1rept
1885 4478 1970 4534 τῆς

269 4541 523 4601 ἰδιότητος,
556 4543 612 4597 id
642 4541 733 4597 est
786 4543 854 4596 de
912 4542 1300 4614 proprietate;
1359 4543 1616 4614 quidam,
1669 4545 1805 4614 quid
1859 4547 1966 4614 sit;

267 4614 552 4679 nonnulli,
585 4615 654 4668 de
685 4614 885 4668 eodem
919 4612 986 4667 et
1015 4615 1215 4676 altero,
1245 4614 1355 4676 περὶ
1377 4616 1462 4660 τοῦ
1489 4612 1637 4660 αὐτοῦ
1667 4612 1749 4661 ἰαὶ
1781 4612 1966 4680 ἐτέρουζ

267 4683 516 4738 Tertiam
556 4685 893 4738 rationalem
925 4685 1302 4754 qumstionem
1334 4701 1448 4738 uno
1503 4686 1734 4739 nomine
1773 4705 1970 4743 omnes

269 4755 601 4826 qualitatem
633 4760 852 4809 vocant.
887 4757 966 4808 De
1004 4760 1226 4825 quarta,
1276 4772 1484 4826 magna
1523 4758 1811 4812 contentio
1862 4766 1965 4825 est,

270 4825 444 4901 quam
472 4842 646 4896 supra
673 4826 742 4879 de
770 4826 1091 4880 inducendo
1116 4825 1332 4901 judicio
1386 4825 1655 4882 diximus.
1704 4830 1967 4901 Plerique

270 4897 427 4971 enim
459 4901 672 4971 negant
703 4913 822 4971 esse
845 4913 990 4971 eam,
1016 4898 1245 4971 quando
1275 4897 1333 4951 id
1355 4903 1546 4967 agant,
1580 4916 1650 4953 ne
1679 4916 1768 4953 res
1787 4897 1969 4971 possit

269 4968 554 5042 venirein
593 4967 1041 5042 quaestionibus.
1061 4968 1169 5023 Sed
1197 4969 1350 5022 inter
1371 4985 1571 5042 omnes
1603 4967 1967 5042 Hermagoras

267 5039 543 5112 praecellit
574 5038 901 5112 auctoritas,
939 5039 1039 5109 qui
1082 5044 1151 5112 Aet
1195 5039 1576 5112 quaestionem
1605 5048 1786 5112 putat,
1817 5038 1877 5098 et
1906 5045 1968 5099 in

265 5111 468 5235 primis
496 5109 897 5178 necessariam,
929 5115 984 5162 et
1003 5109 1299 5179 agitari’in
1331 5111 1452 5164 foro
1484 5109 1749 5178 multum,
1771 5109 1840 5170 tet
1865 5116 1965 5170 ad-

308 5181 578 5235 ibendam
627 5181 800 5235 etiam
833 5181 890 5234 in
922 5181 1132 5234 ueteris
1158 5183 1379 5235 statutis
1404 5183 1589 5235 primo
1619 5185 1808 5235 statim
1839 5203 1965 5235 con-

308 5181 578 5236 ibendam
627 5181 800 5235 etiam
833 5181 890 5234 in
922 5181 1132 5252 caeteris
1158 5183 1379 5236 statutis
1404 5183 1589 5252 primo
1619 5185 1808 5239 statim
1839 5203 1968 5240 con-

267 5269 485 5323 gressu,
519 5253 566 5306 si
596 5269 782 5307 causa:
803 5251 1055 5306 conditio
1086 5251 1355 5322 patiatur.
1392 5251 1540 5307 Nihil
1571 5255 1724 5309 enim
1757 5262 1966 5312 statuto

265 5323 677 5399 taminteresse
690 5340 891 5399 eorum
898 5323 1122 5399 quibus
1129 5323 1766 5399 judiciumintenditur,
1790 5345 1965 5399 quam

264 5395 551 5469 declinare
578 5395 1072 5469 judiciumiPorro
1099 5394 1280 5469 ipsam
1312 5395 1752 5452 declinationem
1764 5394 1965 5469 judicii

266 5466 478 5520 habere
508 5467 859 5542 nonnullam
867 5466 1070 5542 judicii
1101 5467 1368 5542 speciem.
1395 5469 1538 5542 Nam
1553 5469 1705 5542 siqita
1734 5466 1823 5523 res
1841 5488 1967 5542 age-

266 5537 1165 5607 retur,utquotiesnolletaliquis
1185 5553 1414 5590 causam
1438 5539 1664 5606 judicii,
1689 5547 1837 5596 esset
1859 5537 1964 5596 Hoc

265 5608 328 5661 in
359 5607 539 5676 ipsius
566 5612 884 5687 potestate;
918 5609 1077 5661 nulla
1108 5613 1226 5661 erat
1256 5609 1515 5732 quaestio.
1565 5611 1727 5664 Nunc
1773 5619 1962 5667 autem

265 5693 395 5732 cum
430 5693 656 5732 semper
685 5683 944 5732 exustant.
982 5678 1254 5732 uuiimne
1300 5679 1574 5732 iaut.insa
1595 5681 1692 5732 illa
1721 5690 1960 5732 conten-

265 5693 395 5750 cum
430 5693 656 5750 semper
685 5678 1081 5750 existant,qui
1102 5678 1574 5750 impediant,ipsa
1595 5681 1692 5735 illa
1721 5690 1960 5738 conten-

265 5749 346 5802 tio
379 5763 494 5817 qua
539 5749 681 5800 alter
740 5749 798 5800 in
848 5749 1125 5817 judicium
1173 5754 1352 5815 vocat,
1388 5749 1530 5805 alter
1561 5758 1780 5807 recusat
1805 5755 1962 5824 judi-

1599 233 1963 290 PRINCIPIA
2006 232 2474 292 BHETORICES.

3669 242 3807 294 1444

2099 359 2268 422 cium,
2319 356 2453 410 facit
2497 354 2893 431 quaestionem,
2950 357 3105 431 quod
3157 359 3561 414 controversiae
3622 377 3806 431 genus

2099 431 2474 502 Hermagoras
2504 425 2776 502 ἀσύστ-ατᾳν
2805 425 3075 502 appellat,
3097 500 3107 502 4
3133 435 3463 502 nostrorum
3516 425 3694 502 pau'ci
3725 450 3808 487 re-

2097 499 2560 571 prehensionem,
2607 498 2890 572 plerique
2937 500 3371 572 translationem
3433 498 3803 572 vocaverunt,

2097 570 2324 642 utrique
2351 587 2486 624 sane
2515 570 2793 642 rationem
2817 571 3014 624 secuti.
3040 571 3149 635 Qui
3178 573 3700 642 reprehensionem
3724 570 3807 630 di;

2095 641 2320 710 xerunt,
2354 659 2419 695 eo
2449 641 2680 705 scilicet,
2722 642 2876 711 quod
2932 659 3064 696 cum
3103 643 3352 697 maxime
3399 646 3722 700 inducatur
3750 648 3805 702 in

2087 714 2392 785 judicium,
2425 728 2591 785 causa
2629 714 3085 783 reprehenditur,
3122 726 3177 767 et
3226 717 3387 785 quasi
3444 720 3803 773 retrahitur:

2093 784 2196 857 qui
2224 784 2679 857 translationem,
2713 785 2866 852 quod
2898 801 3028 839 reus
3061 801 3178 839 non
3237 784 3476 841 omnino
3539 791 3805 844 excludat

2095 855 2400 920 actionem,
2435 855 2531 908 sed
2561 855 2620 908 in
2652 861 2995 923 praesentem
3028 857 3418 912 conditionem
3441 861 3692 914 actionis
3723 878 3807 915 ex-

2093 932 2268 994 cuset,
2301 927 2359 999 in
2387 925 2547 999 aliud
2579 941 2762 994 genus
2805 926 3012 997 judicii
3059 929 3382 999 transferat,
3417 932 3504 985 vel
3534 932 3805 987 habitum

2088 999 2231 1070 jam,
2264 997 2351 1050 vel
2376 998 2654 1070 futurum.

2165 1069 2390 1141 CAPUT
2421 1069 2507 1121 VI.
2541 1099 2609 1141 _—_—
2636 1070 2710 1122 De
2740 1072 2975 1141 quatuor
3005 1071 3392 1140 quaestionibus
3435 1074 3733 1141 legalibus.

2164 1141 2306 1194 Sunt
2337 1139 2476 1213 item
2506 1139 2634 1213 alia!
2668 1139 3011 1213 quaestiones
3043 1147 3310 1212 quatuor,
3362 1139 3504 1213 quas
3535 1145 3804 1199 invento-

2094 1228 2184 1265 res
2213 1211 2430 1272 νομικὰς,
2460 1226 2564 1283 nos
2591 1211 2802 1280 legales
2847 1211 3222 1283 appellamus.
3257 1211 3441 1274 Νομιὶιὰ
3471 1222 3613 1270 sunt
3665 1218 3804 1270 scri-

2093 1288 2258 1359 ptum
2294 1285 2358 1359 _et
2403 1281 2682 1359 voluntas,
2738 1281 2896 1354 quod
2925 1281 3018 1338 illi
3053 1284 3201 1359 ρητὸγ
3232 1286 3313 1330 καὶ
3340 1283 3558 1359 διάνοιαν
3604 1290 3805 1359 ερρει-

2093 1350 2250 1418 lant;
2283 1350 2553 1412 ἀντινομίαν
2587 1350 2774 1422 ῳ]εωὶ
2801 1371 2904 1408 nos
2947 1355 3375 1410 contentionem
3407 1358 3609 1422 legum
3639 1350 3804 1413 'con-

2091 1427 2397 1497 ῒτδτίδῐᾞω
2431 1439 2695 1497 vocamus
2720 1443 2733 1491 ;
2754 1426 3118 1497 ambiguitas,
3142 1443 3316 1497 quam
3341 1428 3423 1481 illi
3454 1426 3766 1492 ἀμφιϐολίαν
3792 1446 3803 1476 :

2093 1495 2370 1560 collectio,
2405 1511 2579 1565 quam
2609 1494 2694 1548 illi
2724 1494 2972 1570 συλλογῆν
3002 1494 3224 1570 vocant.
3244 1500 3454 1570 ,Verum
3478 1500 3606 1553 haec
3628 1503 3802 1570 paulo

2090 1575 2221 1638 post
2249 1571 2581 1646 diligentius
2611 1565 3096 1646 tractabimus,it_a
3122 1573 3181 1622 ut
3209 1569 3597 1646 significantia
3620 1565 3805 1642 cujus-

2091 1656 2202 1765 (que
2237 1643 2555 1696 evidentius
2600 1640 2969 1710 exprimatur,
3019 1643 3074 1692 et
3102 1640 3317 1709 species
3347 1643 3666 1712 generibus
3695 1640 3799 1697 ad-

2131 1717 2278 1765 atur.
2333 1714 2570 1765 Interim
2609 1710 2751 1765 mihi
2798 1709 3024 1762 videtur
3067 1727 3186 1763 esse
3217 1711 3552 1765 dicendum-
3589 1716 3798 1765 auibus

2131 1717 2278 1767 atur.
2333 1714 2570 1767 Interim
2609 1709 3024 1784 mihi__videtur
3064 1727 3186 1784 esse
3217 1709 3552 1784 dicendum,
3589 1716 3798 1784 quibus

2091 1784 2278 1837 omnis
2309 1785 2548 1856 quaestio
2580 1779 2854 1842 articulis,
2875 1781 3208 1856 etqualibus
3229 1783 3395 1856 nodis
3427 1779 3682 1840 subinde
3711 1788 3801 1841 ad-

2092 1856 2302 1919 stricta,
2326 1852 2407 1909 an
2439 1855 2747 1926 perfectam
2775 1852 3023 1926 speciem
3053 1853 3139 1906 sui
3169 1854 3374 1909 veniat.

2163 1927 2387 1980 CAPUT
2420 1928 2535 1980 VII.
2565 1956 2637 1967 —
2663 1925 2866 1992 Quibus
2896 1927 3120 1991 quaestio
3167 1927 3414 1979 articulis
3452 1931 3730 1983 nectatur.

2163 1998 2253 2050 Est
2283 1999 2512 2068 aliquod
2545 1997 2760 2051 dictum
2808 1995 2962 2064 quod
2993 1994 3169 2049 Graeci
3199 1996 3343 2059 φάσιν
3379 1998 3724 2053 nominant:
3749 2000 3800 2054 id

2089 2067 2450 2122 scinditur’in
2480 2069 2618 2122 duas
2646 2073 2854 2138 partes,
2891 2072 2958 2138 et,
2987 2071 3070 2119 est
3099 2068 3217 2135 ejus
3248 2067 3488 2122 alterum
3542 2069 3800 2132 ἀπόφασις,

2091 2143 2145 2192 et
2177 2140 2419 2193 alterum
2449 2136 2732 2202 κατάφαὰις.
2756 2136 3134 2211 intentionem
3152 2138 3322 2211 verbo
3355 2139 3563 2194 factam
3597 2159 3797 2211 possu-

2091 2226 2217 2263 mus
2247 2211 2454 2278 dicere,
2487 2211 2546 2264 id
2596 2216 2680 2265 est
2722 2209 2962 2261 verbum
3022 2224 3134 2278 quo
3188 2209 3405 2263 crimen
3437 2209 3799 2272 intenditur;

2087 2281 2286 2352 veluti,
2320 2282 2580 2346 Pulsasti,
2610 2279 2928 2352 prodidisti.
2965 2279 3233 2352 occidisti.
3267 2281 3428 2344 Quod
3483 2289 3689 2337 autem
3721 2286 3795 2337 illi

2087 2350 2346 2415 ἀποφασιν,
2383 2369 2484 2406 nos
2511 2349 2880 2424 abniientiam
2908 2349 3182 2424 crimimis
3207 2352 3345 2421 ejus,
3381 2358 3534 2424 quod
3563 2356 3796 2409 verbum

2089 2429 2383 2497 accusator
2399 2421 2945 2497 intenderit;_vel_uti,
2971 2422 3092 2497 Non
3121 2424 3362 2492 pulsavi,
3392 2421 3509 2477 non
3543 2428 3797 2497 prodidi,

2090 2510 2201 2547 non
2233 2495 2433 2549 occidi.
2486 2497 2560 2549 Ex
2593 2495 2681 2549 bis
2711 2493 2932 2548 duobus
2973 2492 3120 2546 dicto
3149 2498 3203 2547 et
3231 2492 3567 2564 responso;
3588 2499 3682 2551 vel
3726 2500 3797 2553 in-

2089 2569 2248 2618 tento
2263 2571 2318 2619 et
2347 2572 2571 2635 negato,
2607 2565 2797 2620 media
2850 2564 3104 2635 nascitur
3143 2565 3399 2635 quaestio,
3434 2566 3542 2620 hoc
3589 2571 3794 2623 modo:

2089 2635 2334 2708 Intentio
2384 2634 2486 2704 est,
2523 2636 2827 2702 Occidisti;
2859 2634 3110 2708 negatio,
3168 2634 3288 2690 Non
3346 2638 3575 2705 occidi;
3643 2657 3794 2708 quee-

2089 2707 2214 2771 stio,
2252 2724 2323 2761 an
2353 2709 2640 2762 occiderit.
2673 2708 2780 2762 Sed
2808 2710 2872 2759 ut
2893 2707 3014 2774 jam
3038 2722 3070 2759 a
3100 2709 3471 2774 conjecturali
3496 2707 3680 2764 modo
3713 2729 3795 2765 re-

2089 2779 2392 2833 cedamus:
2425 2779 2667 2833 intentio
2698 2783 2798 2849 est.
2822 2776 3036 2849 Injuria
3067 2776 3322 2832 occidisti
3347 2782 3639 2849 ;negatio,
3675 2783 3799 2837 Non

2089 2849 2324 2930 injuria.
2345 2851 2523 2930 occidi
2551 2867 2564 2916 ;
2599 2848 2858 2930 quazstio,
2897 2864 2990 2930 Ian
3017 2848 3230 2930 injuria
3262 2848 3582 2930 occiderit:
3617 2854 3714 2907 vel
3744 2856 3796 2907 in

2087 2919 2280 2990 aliquo
2310 2921 2484 2990 legali
2514 2919 2700 2975 statu:
2733 2919 2972 2974 intentio
3012 2925 3114 2986 est,
3145 2921 3269 2973 Non
3299 2921 3508 2975 licebat
3538 2923 3653 2978 tibi
3697 2925 3797 2979 hoc

2085 2991 2270 3045 facere
2296 3008 2400 3062 per
2449 2993 2667 3062 legem;
2702 2993 2931 3062 negatio
2987 2995 3100 3062 est,
3131 2991 3357 3046 Licebat
3401 2993 3554 3047 mihi
3616 2997 3799 3050 facere

2086 3078 2189 3133 per
2218 3064 2404 3133 legem
2430 3083 2444 3130 ;
2475 3061 2716 3136 quaestio
2749 3067 2850 3126 est,
2889 3061 3216 3136 Licueritne‘
3237 3063 3344 3116 hoc
3360 3063 3566 3136 facere
3594 3083 3705 3136 per
3731 3071 3798 3121 le-

2086 3149 2236 3209 gem.
2278 3135 2431 3187 Hanc
2458 3133 2711 3204 quidam,
2739 3138 2803 3187 ut
2817 3149 2917 3209 nos
2938 3133 3314 3203 usqueadhuc
3344 3133 3631 3209 diximus,
3654 3155 3801 3209 qua-

2087 3204 2330 3258 stionem
2358 3211 2703 3259 vocaverunt
2734 3246 2748 3271 ,
2777 3204 3011 3275 quidam
3069 3209 3279 3258 statum
3318 3204 3798 3275 nominaverunt,

2086 3275 2157 3329 ab
2189 3292 2255 3329 eo
2287 3275 2552 3330 videlicet
2573 3276 2725 3347 quod
2754 3273 2813 3329 in
2832 3291 2917 3337 ea,
2941 3280 2997 3328 et
3013 3275 3314 3347 exordiam
3347 3280 3718 3346 quaestionis,
3747 3273 3800 3334 et

2084 3363 2311 3400 summa
2339 3346 2686 3401 consisteret.
2722 3347 2912 3400 Primo
2941 3346 3095 3400 enim
3142 3347 3305 3417 quasi
3340 3349 3606 3414 eminus,
3673 3369 3797 3406 cum

2082 3417 2216 3472 hinc
2245 3418 2468 3472 dicatur
2495 3418 2706 3472 factum
2724 3434 2866 3487 esse,
2888 3417 3022 3471 inde
3053 3433 3172 3471 non
3193 3434 3314 3472 esse
3346 3419 3569 3474 factum
3598 3442 3614 3484 ;
3645 3427 3800 3477 nulla

2081 3504 2279 3559 pugna
2307 3494 2409 3554 est,
2441 3490 2539 3543 sed
2558 3489 2722 3560 quasi
2753 3490 2960 3543 futurae
2989 3505 3200 3559 pugnae
3222 3490 3550 3544 meditatio.
3582 3495 3798 3548 Deinde

2083 3577 2213 3614 cum
2243 3560 2510 3630 proprius
2539 3577 2824 3614 accessum
2857 3564 3050 3631 est,ret
3081 3561 3242 3631 quasi
3287 3561 3358 3615 ad
3388 3577 3611 3616 manus
3666 3583 3797 3620 ven-

2081 3635 2204 3708 tum
2225 3647 2242 3708 _;
2277 3632 2632 3708 altercationi
2658 3638 2710 3685 et
2739 3630 3114 3708 contentioni
3145 3637 3362 3708 mutua:
3403 3635 3611 3687 media
3642 3653 3797 3708 quas-

2083 3702 2196 3776 stio
2222 3702 2546 3776 intervenit,
2580 3703 2854 3776 sit_necne
2883 3704 3098 3776 factum
3122 3719 3134 3756 :
3159 3703 3228 3776 in
3256 3719 3322 3756 ea
3371 3711 3633 3776 uterque
3661 3702 3796 3761 Eon-

2082 3772 2246 3839 sistit,
2279 3773 2487 3827 omisso
2532 3774 2687 3846 quod
2717 3777 2849 3846 ante
2881 3773 3121 3846 dicebat.
3158 3775 3312 3846 Unde
3345 3774 3405 3846 ei
3455 3772 3792 3846 qu'a‘stioni,

2083 3848 2260 3916 status
2288 3861 2501 3916 nomen
2527 3845 2856 3916 impositum
2889 3850 2990 3899 est.
3027 3845 3143 3898 Hoc
3170 3845 3320 3899 idem
3350 3845 3698 3903 Theodorus
3727 3869 3796 3897 ιε-

2083 3914 2291 3989 φάᾉᾳιον
2321 3915 2592 3986 appellat,
2611 3914 2995 3989 translatione
3010 3916 3480 3989 _usus,‘videlicet
3510 3935 3542 3970 θ
3575 3922 3792 3989 princi-

2080 3986 2199 4054 pali
2229 3992 2388 4057 parte
2419 3987 2707 4057 corporis:
2735 3987 2889 4059 quod
2919 3987 2979 4040 in
3009 3987 3113 4040 hoc
3133 3986 3304 4040 etiam
3319 3986 3637 4059 complexu
3663 3994 3796 4047 duo-

2082 4072 2234 4130 rum,
2269 4073 2397 4128 qum
2439 4058 2709 4130 utrinque
2733 4058 2882 4130 dicta
2904 4061 3054 4124 sunt,
3089 4059 3251 4128 quasi
3277 4058 3472 4129 caput,
3493 4065 3796 4130 quoddam

2079 4127 2255 4181 totius
2283 4127 2684 4200 controversias
2723 4129 2988 4184 efﬁcitur.
3033 4127 3394 4200 Consequens
3446 4127 3594 4186 huic
3645 4136 3798 4191 locus

2083 4203 2186 4260 est,
2219 4204 2317 4253 aut
2344 4199 2602 4276 perinde,
2637 4205 2735 4254 aut
2761 4200 2947 4276 magis
2971 4199 3541 4276 etiamnecessarius,
3571 4221 3694 4276 quo
3715 4211 3803 4263 de-

2080 4276 2434 4361 monstratur
2461 4271 2599 4361 quid
2632 4287 2820 4361 causa,
2851 4271 2992 4341 quid
3026 4271 3347 4356 continens,
3391 4274 3539 4342 quid
3577 4271 3654 4334 de
3687 4298 3802 4361 quo

2081 4343 2464 4414 contenditur.
2489 4343 2726 4397 Causam
2762 4343 3145 4414 Hermagoras
3169 4341 3323 4414 uiuo?
3356 4341 3522 4396 vocat
3549 4341 3802 4414 ;cuvé'zou

2082 4413 2415 4482 continens;
2457 4414 2524 4487 de
2560 4430 2674 4487 quo
2700 4409 3066 4487 contenditur
3091 4413 3147 4460 τό
3176 4412 3488 4477 κρινόμενον.
3509 4409 3632 4487 Est
3669 4409 3806 4487 ergo

2080 4498 2269 4550 causa,
2302 4500 2430 4553 quas
2465 4485 2575 4538 nisi
2623 4485 2998 4555 praacesserit,
3055 4487 3439 4539 controversia
3495 4486 3638 4540 ﬁeri
3689 4485 3806 4541 non

2079 4559 2283 4624 potest.
2318 4555 2635 4628 Quodrdico
2665 4558 2776 4610 tale
2807 4561 2928 4609 est:
2969 4555 3278 4628 Abdicatur
3331 4574 3364 4610 a
3393 4563 3571 4628 patre
3607 4559 3804 4615 ﬁlius:

2079 4628 2464 4679 controversia
2490 4627 2700 4681 idcirco
2731 4643 2846 4681 non
2878 4630 2980 4691 est,
3035 4627 3171 4695 quia
3200 4629 3378 4695 nulla,
3398 4627 3524 4682 ’cur
3565 4631 3806 4686 abdica-

2079 4701 2284 4750 retura
2303 4703 2484 4767 patre,
2517 4715 2687 4752 causa
2715 4699 3018 4770 praecessit.
3059 4698 3315 4770 Denique
3342 4700 3649 4754 addamus
3678 4721 3808 4758 can-

2079 4783 2216 4831 sam,
2255 4774 2311 4822 et
2339 4769 2532 4822 statim
2573 4769 2956 4823 controversia
2985 4770 3182 4824 effecta
3213 4775 3314 4824 est.
3341 4772 3577 4825 Iuravit
3603 4789 3668 4827 se
3693 4793 3806 4830 non

2078 4838 2382 4913 ducturum
2428 4857 2681 4913 uxorem,
2738 4846 2794 4895 et
2819 4840 3133 4913 abdicatur.
3168 4841 3329 4906 Quod
3353 4843 3610 4913 juravit,
3652 4846 3804 4894 sits-ra

2077 4911 2290 4964 factum
2325 4914 2425 4975 est,
2459 4911 2517 4965 id
2551 4917 2632 4966 est
2665 4927 2835 4966 causa
2863 4928 2964 4965 cur
2987 4911 3405 4968 abdicationem
3433 4926 3801 4974 mereretur.

2077 4980 2294 5045 Συνέχον
2324 4981 2408 5035 vel
2441 4983 2740 5036 continens
2773 4986 2874 5049 est,
2905 4983 3057 5053 quod
3079 4984 3148 5037 ad
3177 4984 3552 5040 refutandum
3627 4993 3801 5040 aiam.

2078 5053 2136 5125 id
2168 5058 2253 5106 est
2281 5053 2349 5106 ad
2383 5053 2753 5125 refellendam
2783 5069 3010 5108 causam
3035 5054 3260 5110 videtur
3287 5057 3508 5125 afferri,
3534 5069 3609 5119 ut
3645 5069 3802 5122 estin

2075 5123 2180 5196 hac
2211 5123 2476 5177 materia:
2530 5125 2763 5196 Militem
2816 5125 2916 5195 qui
2953 5126 3242 5196 juraverat
3287 5144 3346 5182 se
3389 5123 3800 5196 deserturum,

2076 5195 2387 5267 imperator
2425 5195 2643 5267 occidit,
2680 5201 2736 5249 et
2759 5212 2892 5249 reus
2937 5195 3004 5250 ﬁt
3041 5197 3249 5252 caedis:
3293 5198 3386 5252 hic
3416 5201 3592 5261 enim
3632 5210 3800 5260 12:52,

2075 5266 2249 5348 idest
2276 5282 2441 5346 causa
2467 5266 2806 5348 judiciinest,
2826 5267 2989 5348 quod.
3013 5268 3255 5348 occidit;
3289 5287 3480 5348 neque
3515 5281 3692 5335 enim
3714 5283 3802 5336 ﬁet

2074 5344 2163 5418 ret
2191 5354 2342 5418 reus,
2375 5337 2484 5390 nisi
2521 5337 2816 5418 occidisset
2839 5354 2850 5391 :
2876 5337 3298 5418 cavézow_id_est
3322 5337 3678 5418 continens,
3722 5359 3803 5407 est

2075 5409 2130 5462 id
2157 5414 2394 5478 propter
2417 5409 2572 5481 quod
2602 5410 2872 5481 occidisse
2903 5411 3066 5473 dixit,
3103 5411 3523 5481 jusjurandum
3580 5409 3804 5477 scilicet

2075 5482 2292 5545 militis,
2325 5479 2474 5548 quod
2506 5496 2561 5532 se
2591 5480 2950 5535 deserturum
2994 5479 3299 5551 juraverat.
3339 5487 3456 5538 Hoc
3487 5495 3804 5549 interdum

2076 5552 2282 5628 συνέχον
2318 5552 2711 5628 Hermagoras,
2741 5551 2806 5628 id_
2828 5557 2911 5628 est
2949 5553 3249 5628 continens
3288 5560 3578 5628 appellat,
3628 5568 3705 5620 ab
3739 5584 3805 5619 ea.

2076 5609 2228 5692 quod
2260 5621 2443 5692 omnis
2474 5609 2557 5674 rei
2593 5609 2811 5676 defensi
2840 5624 2909 5677 ab
2949 5641 3016 5677 eo
3064 5609 3806 5692 continea'tt‘ir‘i—ntepau;

2074 5685 2226 5788 ῗξτιον
2252 5689 2406 5788 ἕῖτῖου
2433 5699 2596 5788 νοςθι
2632 5693 2793 5764 quasi
2840 5711 3092 5788 causam)
3111 5712 3296 5788 causa:
3323 5715 3336 5752 :
3380 5685 3550 5758 nam"

2076 5759 2386 5818 admodum
2409 5769 2604 5819 reatus
2634 5759 2804 5820 causa
2835 5771 2919 5821 cst
2945 5766 3097 5838 quod
3126 5767 3370 5824 militem
3418 5759 3810 5839 occiditis
