4014 6164
167 242 289 295 1445

159 360 442 415 occidendi
473 375 659 432 causa,
688 360 841 430 quod
870 360 1036 416 miles
1064 361 1424 417 deserturum
1454 378 1513 417 se
1543 379 1663 417 esse
1681 362 1842 432 jura-

159 432 248 485 vit.
279 433 438 505 Nunc
467 431 739 505 quoniam
771 432 977 505 scimus
994 432 1139 505 quid
1171 433 1241 487 sit
1270 449 1459 503 causa,
1493 434 1631 505 quid
1659 431 1843 488 conti-

160 519 313 563 nens,
349 502 640 575 videamus
671 503 847 557 etiam
872 502 1105 574 quid’sit
1133 505 1201 557 de
1228 521 1341 575 quo
1370 502 1754 571 contenditur,
1785 505 1845 558 id

163 578 240 627 est
266 573 506 647 quidsit
532 582 588 629 τὸ
617 573 917 644 κρινόμενον.
951 576 1044 628 Est
1074 573 1265 629 autem
1309 575 1452 629 nihil
1483 577 1639 630 aliud
1672 592 1846 647 quam

163 644 470 717 exploratio
516 646 877 709 continentis,
920 656 1006 701 τοῦ
1032 654 1334 717 σννέχοντος.
1373 647 1535 711 Quod
1572 644 1708 701 dico'
1737 648 1850 701 tale

165 713 243 768 est
297 713 529 785 (etenim
569 717 639 788 in
689 718 888 770 eadem
933 713 1319 771 controversia
1363 717 1847 788 perseverandum

164 790 313 858 puto,
368 802 512 858 quo
538 786 650 841 sint
679 787 985 858 lucidiora
1014 805 1144 858 qua
1181 786 1474 853 tradimus)
1524 806 1536 843 :
1584 796 1736 844 αἴτιον
1768 794 1855 843 est

165 856 308 932 quod
340 856 547 932 occidit
570 857 810 932 militem
838 856 1179 929 imperator;
1204 867 1412 932 συνέχον
1438 865 1549 932 est,
1576 877 1690 930 quo
1722 876 1851 932 reus

165 928 378 995 nititur,
410 928 468 981 id
498 934 583 981 est
610 929 753 1003 ratio
790 928 1024 1003 propter
1065 948 1240 1003 quam
1283 928 1356 984 se'
1378 928 1648 985 occidisse
1677 931 1852 997 dicit;

167 1004 245 1052 est
262 1004 452 1052 autem
474 1000 631 1073 quod
653 1001 814 1073 miles
832 1001 1045 1070 juravit
1073 1000 1129 1058 se
1144 1005 1501 1058 deserturum
1531 1019 1541 1056 :
1566 1009 1853 1073 κρινόμενον

170 1074 268 1137 est,
308 1071 654 1146 examinatio
680 1072 853 1146 hujus
900 1072 1099 1142 ipsius,
1154 1073 1308 1146 quod
1355 1074 1424 1127 ad
1453 1071 1855 1146 defensionem

167 1156 293 1194 reus
322 1141 531 1214 attulit.
562 1143 626 1214 ln
658 1158 771 1213 quo
804 1144 883 1196 ita
912 1141 1211 1214 quaeritur,
1242 1160 1380 1199 num
1411 1144 1523 1198 alia
1547 1160 1715 1198 causa
1744 1145 1854 1198 im-

165 1212 409 1282 peratori
437 1212 630 1285 fuerit,
665 1212 766 1266 cur
794 1212 1061 1268 occiderit
1080 1212 1325 1271 militem
1357 1231 1369 1268 :
1399 1220 1455 1269 et
1475 1216 1580 1268 hoc
1602 1216 1858 1285 pratexi-

171 1288 275 1344 tur,
309 1288 381 1357 ut
402 1283 683 1357 videatur.
709 1300 823 1337 non
851 1285 986 1354 quia
1005 1286 1303 1356 juraverit,
1334 1286 1569 1349 occisus,
1596 1283 1695 1340 sed
1722 1303 1857 1357 qua-

165 1368 274 1423 que
300 1355 387 1407 vel
413 1355 718 1408 simultatis
738 1357 824 1408 vel
854 1356 1084 1411 invidia
1105 1375 1291 1413 causa.
1316 1357 1533 1411 Poterit
1554 1357 1723 1410 etiam
1741 1355 1855 1410 hoc

162 1424 333 1478 modo
368 1426 637 1479 articulus
666 1426 770 1479 iste
800 1428 1049 1491 tractari,
1080 1446 1151 1482 an
1181 1428 1406 1483 etiamsi
1430 1428 1727 1497 juraverit,
1755 1444 1854 1497 pa-

160 1510 292 1549 rum
308 1502 502 1550 tamen
524 1498 645 1550 hac
660 1497 812 1567 justa
832 1513 998 1550 causa
1016 1500 1208 1562 fuerit,
1231 1515 1331 1553 cur
1351 1498 1611 1551 debuerit
1633 1499 1814 1552 occidi
1838 1514 1849 1551 :

160 1570 218 1620 et
247 1570 364 1621 tota
395 1568 667 1637 perfectio
694 1568 865 1621 totius
895 1578 1201 1642 ουνέχοντος,
1235 1569 1385 1641 quod
1413 1568 1483 1622 ad
1508 1573 1659 1624 αἴτιον
1689 1570 1854 1623 affer-

158 1641 274 1709 tur,
295 1660 578 1708 κρινομενον
608 1642 857 1692 vocatur.
894 1641 1091 1695 Evenit
1116 1647 1310 1695 tamen
1342 1655 1771 1709 nonnunquam,
1794 1644 1855 1693 ut

158 1707 222 1762 in
276 1724 392 1761 una
446 1709 839 1782 controversia
886 1726 1001 1764 non
1045 1713 1215 1766 simul
1272 1719 1423 1766 αἴτιον
1456 1718 1513 1765 et
1542 1707 1750 1782 συνέχον
1799 1715 1855 1763 et

158 1786 465 1851 κρινόμενον,
485 1780 583 1852 sed
600 1779 806 1852 sapius
828 1779 951 1849 ipsa
966 1783 1158 1836 omnia
1180 1798 1282 1852 per
1300 1783 1447 1836 vices
1470 1779 1726 1836 revoluta
1745 1787 1856 1834 tra-

159 1856 411 1922 ctentur;
446 1855 509 1905 ut
535 1850 595 1903 in
624 1850 727 1903 hac
747 1854 1133 1906 controversia
1157 1850 1346 1907 {Reus
1376 1858 1460 1905 est
1486 1853 1705 1921 Ulysses
1729 1853 1853 1922 lege

158 1921 511 1991 reipublica,
543 1922 699 1992 quod
724 1937 927 1990 procos
958 1923 1247 1978 occiderit.
1289 1924 1387 1977 Hic
1402 1923 1557 1976 enim
1578 1930 1728 1978 αἴτιον
1747 1921 1853 1992 eSt,

157 1993 315 2063 quod
344 1992 641 2058 occiderit;
676 2000 901 2064 σύνέχον,
935 1994 1089 2064 quod
1118 2010 1215 2049 eos
1239 1994 1341 2064 qui
1363 1994 1515 2048 bona
1544 2011 1645 2047 sua
1677 1994 1851 2064 depo-

157 2064 524 2135 palabantur,
549 2068 604 2116 et
628 2063 917 2135 pudicitia
949 2063 1136 2118 uxoris
1160 2063 1595 2130 insidiabantur,
1618 2063 1848 2131 occidit;

158 2134 444 2206 κρινόμενον
488 2138 589 2201 est,
624 2134 904 2205 numquid
942 2137 1170 2190 tametsi
1198 2138 1321 2190 hac
1348 2152 1440 2190 res
1478 2136 1848 2205 praeesserit,

160 2206 493 2277 aliattamen
523 2221 710 2277 causa,
739 2221 912 2277 quam
929 2207 1206 2277 pratexit,
1234 2206 1543 2261 occiderit?
1563 2207 1672 2272 vel,
1691 2222 1855 2260 num-

201 2275 297 2330 uid
342 2292 414 2331 ne
455 2275 980 2347 pessime_quidem
1011 2278 1081 2331 de
1119 2294 1178 2332 se
1208 2278 1459 2341 meritos,
1493 2278 1854 2331 indemnatos

201 2293 297 2330 uia
342 2293 414 2331 ne
455 2293 699 2347 pesame
787 2293 980 2331 uicem
1011 2293 1081 2331 ne
1119 2294 1178 2332 se
1208 2293 1459 2341 meritos,
1493 2293 1854 2331 indemnatos

157 2293 423 2420 debuerit
446 2347 697 2420 occidere
710 2293 979 2402 ?(i)einde
1010 2349 1080 2403 ad
1111 2350 1217 2403 hoc
1237 2356 1539 2420 κρινόμενον,
1564 2348 1717 2402 aliud
1744 2372 1855 2402 συν·

158 2426 277 2490 έχον
312 2418 475 2471 affert
501 2419 890 2490 Ulysses,quo
922 2419 1073 2473 dicat
1109 2437 1167 2474 se
1191 2418 1355 2490 jussu
1392 2421 1652 2473 Minerva
1681 2420 1851 2473 inter-

156 2489 386 2564 emisse.
416 2489 627 2543 Deinde
658 2489 727 2542 ad
757 2489 863 2542 hoc
878 2489 1066 2559 ipsum
1092 2500 1303 2564 συνέχον
1322 2492 1707 2564 Ῑίῐγιρινόμενον,
1729 2506 1852 2564 quo

156 2559 439 2629 quaritur
467 2564 796 2613 utrumnam
824 2566 1057 2631 prOpter
1078 2559 1305 2631 jussiim
1334 2559 1596 2615 Minervae
1623 2559 1849 2614 occide-

153 2632 253 2703 rit,
295 2634 350 2703 et
378 2630 441 2703 in
467 2632 565 2683 tali
595 2647 654 2684 re
676 2647 747 2684 ne
778 2631 1039 2685 Minerva
1062 2630 1294 2703 quidem
1326 2633 1721 2702 obtemperare
1753 2631 1851 2685 de-

155 2701 364 2755 buerit.
406 2702 517 2774 AEst
557 2708 749 2774 autem
786 2710 935 2774 αἴτιον
967 2701 1235 2774 proprius
1286 2701 1627 2757 accusatoris
1670 2703 1851 2773 locus,

155 2781 365 2845 συνέχον
388 2772 723 2845 defensoris,
750 2772 1036 2835 κρινόμενον
1065 2772 1363 2844 utriusque
1392 2789 1719 2827 commune.

405 2844 629 2897 CAPUT
670 2844 812 2898 Vlll.
839 2873 903 2885 —
937 2846 1083 2900 Modz'
1100 2848 1599 2899 controversiarum.

230 2914 480 2969 Subinde
532 2915 833 2967 dicendum
879 2922 1042 2984 puto,
1088 2915 1571 2985 quemadmodum
1618 2918 1675 2967 et
1717 2916 1855 2984 quot

153 2986 339 3041 modis
413 2986 797 3039 controversia
848 2993 1113 3047 ἀσύστατος
1159 2986 1276 3040 ﬁat.
1326 2986 1570 3040 Tametsi
1621 3000 1692 3037 ne
1742 2985 1852 3038 dici

154 3057 392 3128 quidem
440 3058 850 3109 controversias
897 3062 1143 3127 oportet,
1192 3072 1321 3128 qua
1368 3062 1575 3110 statum
1611 3057 1854 3128 nonha-

152 3126 312 3194 Bent,
358 3127 453 3181 sed
485 3134 743 3196 πλέγματα
775 3126 1227 3195 ἱιτεῐὶὸηεὼίιίθξ
1254 3128 1314 3182 id
1354 3132 1438 3181 est
1480 3135 1654 3197 ἄλογα.
1688 3126 1855 3180 Fiunt

155 3204 352 3271 autem
399 3206 649 3254 ἀσύστατοι
699 3200 881 3252 modis
930 3204 1176 3271 quatuor
1215 3217 1231 3251 :
1263 3214 1443 3271 unum
1475 3215 1606 3271 cum
1636 3197 1854 3268 aliquid

153 3270 325 3343 deest
365 3287 431 3325 ex
460 3271 885 3343 circumstantia
916 3269 1102 3343 {qua
1149 3274 1341 3324 autem
1382 3269 1466 3322 vis
1513 3270 1586 3323 sit
1605 3271 1855 3343 _circ‘um-

156 3342 405 3407 stantia,
437 3346 502 3395 ut
530 3358 702 3411 supra
735 3339 1010 3408 diximus;
1043 3342 1103 3396 id
1133 3345 1217 3395 est
1245 3357 1373 3394 cum
1416 3339 1851 3411 quastionibus,

154 3417 261 3466 aut
305 3428 496 3477 causa,
528 3410 627 3466 aut
655 3429 916 3482 persona,
951 3419 1047 3467 aut
1071 3413 1247 3479 locus,
1278 3416 1377 3465 aut
1406 3410 1621 3482 aliquid
1652 3426 1853 3464 eorum

154 3483 340 3549 deest,
371 3484 577 3554 quibus
608 3483 1274 3554 efticircircumstantiam
1303 3482 1569 3554 diximus.
1606 3483 1722 3537 Hoc
1752 3498 1856 3535 au-

152 3559 275 3608 tem
303 3553 485 3625 genus
514 3554 744 3625 asystati
768 3553 828 3607 in
857 3553 1245 3609 scholasticam
1278 3553 1575 3607 materiam
1604 3568 1722 3606 non
1750 3568 1855 3622 po-

150 3630 265 3679 test
297 3624 517 3691 Cadere,
540 3624 757 3695 idcirco
779 3628 914 3695 quia
933 3641 1053 3679 esse
1076 3641 1192 3678 non
1217 3624 1426 3694 poterit
1453 3626 1637 3678 ullum
1662 3624 1856 3677 thema

152 3696 456 3751 deficiente
502 3694 942 3749 circumstantia.
990 3697 1054 3749 In
1092 3696 1329 3749 veritate
1358 3700 1550 3749 tamen
1581 3710 1854 3748 nonnun-

199 3782 334 3820 uam
365 3766 574 3833 evenit,
627 3771 687 3820 ut
733 3766 950 3837 aliquid
992 3768 1197 3821 horum
1225 3766 1402 3837 desit,
1423 3770 1478 3819 et
1501 3782 1604 3836 per
1628 3765 1853 3837 impru-

199 3784 334 3820 uam
365 3784 574 3833 evenit,
627 3784 687 3820 ut
733 3784 950 3837 aliquid
992 3784 1197 3821 norum
1225 3784 1389 3831 aesu,
1423 3784 1478 3819 et
1501 3784 1604 3836 per
1628 3784 1853 3836 impru-

150 3784 408 3892 dentiam
456 3837 660 3892 actoris
716 3838 1017 3908 proﬂigata
1063 3853 1232 3892 causa
1278 3836 1539 3892 veniatur
1585 3839 1657 3891 ad
1698 3836 1853 3907 judi-

150 3925 299 3963 cem.
362 3909 518 3964 Alter
574 3914 658 3963 est
712 3910 915 3964 modus
975 3909 1246 3980 asystati,
1279 3924 1451 3979 quem
1508 3921 1614 3964 κατ’
1654 3914 1855 3973 ἰσοτητοι

149 3980 464 4050 appellant.
492 3982 604 4034 Nos
624 3986 817 4035 tamen
848 3982 894 4034 si
920 3979 1129 4034 nomen
1155 3979 1398 4034 latinum
1421 3980 1554 4033 dare
1589 3996 1703 4032 non
1724 3996 1853 4048 pos-

150 4067 375 4117 sumus,
421 4057 613 4104 tamen
652 4052 766 4104 vim
823 4051 1143 4121 intelligere
1182 4051 1453 4104 debemus
1485 4066 1499 4104 :
1548 4066 1682 4104 nam
1722 4066 1853 4104 cum

150 4122 356 4175 eadem
406 4121 675 4191 utrinque
714 4122 1000 4189 dicuntur,
1035 4126 1090 4173 et
1118 4122 1274 4174 nulla
1302 4138 1384 4185 re,
1418 4137 1488 4173 ne
1518 4136 1692 4190 parva
1718 4121 1853 4190 qui-

151 4192 309 4258 dem,
342 4192 761 4258 discernuntur,
793 4196 984 4245 tamen
1013 4191 1343 4261 hujusmodi
1371 4197 1586 4259 πλέγμα,
1618 4197 1853 4260 propter

149 4264 546 4333 aqualitatem
572 4262 868 4333 utriusque
899 4264 1103 4333 partis,
1128 4267 1337 4315 statum
1363 4261 1637 4333 implicat.
1671 4262 1739 4333 [lt
1766 4262 1851 4315 vi-

149 4331 269 4387 cini
317 4332 743 4395 adolescentuli,
775 4331 916 4403 iqui’
956 4332 1238 4403 speciosas
1294 4348 1496 4386 uxores
1542 4331 1848 4398 habebant,

148 4410 329 4459 noctu
375 4407 517 4458 alter
547 4404 789 4457 alterum
827 4403 1055 4457 obvium
1086 4404 1431 4469 habuerunt,
1464 4407 1729 4457 accusant
1756 4403 1848 4456 in-

146 4475 337 4529 vicem
380 4474 645 4530 adulterii
702 4492 714 4529 :
766 4491 899 4528 nam
930 4475 1207 4597 quidquid
1239 4476 1415 4554 altera
1446 4490 1577 4544 pars
1623 4474 1846 4540 dixerit,

146 4544 260 4597 hoc
289 4548 466 4597 altera
505 4545 654 4597 dicat
680 4562 907 4597 necesse
930 4552 1034 4597 est.
1113 4562 1195 4597 eri
1226 4546 1410 4597 Simile
1440 4550 1524 4597 est
1552 4550 1606 4597 te
1639 4546 1846 4597 adulte-

146 4544 260 4599 hoc
289 4548 466 4600 altera
505 4545 654 4600 dicat
680 4562 907 4599 necesse
930 4544 1034 4599 est.
1066 4544 1195 4598 Veri
1226 4545 1410 4598 simile
1440 4550 1524 4598 est
1552 4550 1606 4599 te
1639 4546 1852 4599 adulte-

145 4616 307 4671 rium
348 4616 593 4671 voluisse
646 4617 1021 4681 committere,
1080 4616 1215 4686 quia
1272 4617 1594 4670 adolescens
1637 4632 1716 4669 es.
1775 4616 1849 4669 Te

148 4703 389 4760 quoque
417 4688 537 4742 veri
584 4687 766 4760 simile
812 4692 891 4742 est
934 4687 1200 4760 voluisse,
1241 4687 1377 4757 quia
1411 4687 1737 4760 adolescens
1768 4703 1847 4742 es.

144 4759 283 4812 Veri
294 4757 501 4813 'simile
526 4764 632 4827 est,
663 4759 799 4830 quia
824 4758 1139 4829 speciosam
1162 4774 1400 4830 uxorem
1420 4757 1700 4811 habeo.Te
1719 4774 1853 4828 quo-

145 4845 266 4900 que
297 4831 416 4885 veri
444 4830 629 4884 simile
650 4829 754 4896 εει,
785 4831 922 4901 quia
953 4834 1007 4882 et
1032 4846 1136 4900 ego
1165 4829 1476 4901 speciosam
1499 4829 1851 4901 uxioremiha-

142 4901 278 4955 beo.
316 4902 660 4956 Facultatem
699 4900 1088 4955 tibivicinitas
1126 4900 1389 4970 praebuit.
1424 4902 1488 4954 Et
1517 4900 1621 4954 tibi
1650 4900 1847 4953 eadem

140 4972 412 5027 vicinitas
433 4971 678 5043 praebuit
697 4972 1047 5043 facultatem.
1072 4972 1183 5024 Cur
1214 4970 1457 5043 noctein
1476 4971 1617 5043 me?
1650 4972 1761 5025 Cur
1786 4974 1849 5024 tu

141 5048 346 5097 autem
376 5040 557 5097 in'me
590 5042 879 5097 incidisti?
906 5042 1057 5097 Nihil
1075 5047 1160 5095 est
1176 5042 1326 5112 quod
1356 5040 1772 5111 distinguatur;
1794 5046 1852 5095 et

140 5114 361 5168 idcirco
401 5118 529 5168 uter
558 5129 757 5167 eorum
789 5114 904 5167 sive
935 5118 1159 5167 accusat
1188 5114 1453 5179 alterum,
1488 5128 1546 5165 se
1574 5112 1849 5166 crimina-

140 5190 275 5251 tur;
311 5185 425 5239 sive
454 5202 512 5239 se
537 5190 766 5256 purgat,
807 5184 1061 5256 defendit
1084 5200 1217 5237 eum
1243 5199 1415 5255 quem
1442 5183 1735 5256 criminari
1767 5183 1851 5237 vi-

139 5256 337 5311 detur.
394 5254 675 5310 Terti'um‘
706 5260 791 5309 est
837 5255 1069 5325 asystati
1115 5254 1315 5325 genus,
1348 5255 1503 5325 quod
1536 5254 1713 5308 Graci
1742 5261 1848 5309 καθ’

140 5334 224 5381 ἑτε
234 5335 490 5399 ρομέρειαν
515 5325 888 5399 appellant,id
906 5332 991 5380 est
1009 5327 1323 5380 secundum
1344 5328 1582 5399 alteram
1602 5328 1845 5395 partem,

140 5396 281 5452 cum
314 5396 410 5453 reo
443 5396 608 5453 nulla
628 5398 880 5452 defensio
911 5402 1015 5463 est,
1063 5402 1118 5450 et
1147 5402 1246 5451 aut
1282 5398 1437 5450 color
1465 5396 1525 5449 in
1552 5396 1697 5449 facto
1730 5412 1847 5451 non

138 5468 460 5538 invenitur,
520 5474 619 5523 aut
681 5485 887 5539 parum
962 5468 1273 5539 probabilis
1328 5469 1485 5521 color
1537 5467 1842 5522 invenitur.

146 5541 311 5594 Unde
341 5544 513 5597 etiam
554 5543 913 5596 Democrates
954 5544 1269 5610 praceptor
1302 5555 1461 5593 meus
1491 5539 1691 5592 solitus
1728 5542 1848 5593 erat

140 5610 362 5675 dicere,
397 5630 490 5667 eas
530 5613 703 5668 etiam
750 5609 1186 5677 contraversias,
1219 5610 1275 5663 in
1308 5609 1515 5681 quibus
1561 5610 1847 5681 colordiu

142 5684 451 5752 quaritur,
479 5689 689 5739 statum
712 5700 829 5737 non
850 5682 1081 5737 habere.
1112 5680 1438 5735 Verum'ille
1460 5680 1841 5748 constantius;

138 5769 278 5819 nos,
310 5754 353 5807 si
387 5756 652 5810 afferetur
679 5754 897 5826 aliquid
921 5754 989 5809 ad
1011 5752 1402 5810 defensionem
1430 5753 1518 5809 vel
1546 5752 1847 5809 mediocri-

1714 240 2079 297 APPENDIX
2090 281 2102 293 .

3532 254 3549 303 l
3562 252 3665 306 446

1952 367 2040 416 ter
2076 362 2391 433 probabile,
2439 363 2814 419 admittimus.
2845 365 2952 419 Sed
2996 367 3043 419 si
3083 367 3377 423 evidenter
3406 371 3663 425 confessa

1953 450 2122 512 causa
2151 440 2253 512 est,
2285 439 2349 488 ut
2374 438 2599 504 oportet
2629 437 2942 512 secundum
2986 438 3431 512 heteromeriam
3464 444 3657 512 explo-

1954 505 2178 579 demus.
2211 506 2636 575 Nonnunquam
2665 506 2923 561 incidunt
2945 510 3311 579 quaestiones,
3336 505 3581 567 maxime
3600 514 3660 567 in

1959 576 2217 643 veritate,
2264 593 2395 647 qua
2435 593 2720 631 summam
2754 576 3085 645 accusatori,
3130 576 3347 637 nullam
3397 600 3495 638 reo
3546 585 3659 638 lar-

1958 648 2197 717 giuntur
2220 648 2554 721 facultatem
2579 664 2820 721 {verum
2852 666 2944 721 eas
2980 667 3089 705 non
3123 656 3661 721 controversias,sed

1958 734 2302 797 communes.
2325 720 2473 797 locos
2501 718 2743 797 dicimus
2778 737 2789 774 :
2824 720 3037 791 quippe
3069 727 3154 774 est
3180 723 3239 775 in
3267 725 3355 777 his
3378 742 3495 780 non
3522 718 3663 797 pro-

1958 788 2113 863 batio
2144 790 2421 863 criminis,
2453 791 2548 863 sed
2575 796 2635 844 ut
2659 793 2719 843 in
2746 788 3076 861 expressum
3109 798 3281 863 atque
3314 788 3545 851 evidens
3576 798 3663 851 fa-

1960 860 2460 934 cinus‘expressio.
2501 862 2757 934 Quartus
2787 867 2871 915 est
2911 863 3115 916 modus
3145 860 3377 934 asystati
3406 869 3493 920 vel
3522 868 3659 921 cali—

1962 931 2408 1004 ginosissimus,
2449 932 2604 1004 adeo;
2657 938 2720 986 ut
2776 931 3222 1004 nonnunquam'
3250 936 3428 989 doctis
3486 938 3661 991 etiam

1962 1003 2289 1056 hominibus
2336 1003 2513 1056 soleat
2560 1003 2852 1073 obrepere.
2911 1003 3090 1059 Habet
3131 1006 3284 1059 enim
3316 1008 3664 1062 nonnullam

1963 1074 2207 1143 speciem
2236 1074 2563 1199 (probabilis
2608 1074 3085 1146 consistentisque
3130 1078 3401 1131 materia.
3448 1079 3523 1131 Ea
3578 1083 3665 1132 est

1963 1144 2231 1199 huiusmo
2275 1145 2310 1199 i.
2336 1146 2394 1198 in
2426 1162 2539 1199 qua
2568 1146 2735 1199 iudex
2756 1146 3006 1199 ferenda
3041 1149 3337 1199 sententia
3381 1150 3662 1199 rationem

1962 1144 2310 1214 hujusmodi,
2336 1146 2394 1198 in
2426 1162 2539 1216 qua
2560 1146 2735 1215 judex
2756 1144 3009 1200 ferendae
3041 1149 3337 1201 sententia
3381 1150 3662 1203 rationem

1964 1217 2257 1289 expiorare
2285 1232 2405 1269 non
2432 1221 2621 1285 potest
2668 1234 2680 1271 :
2728 1217 2835 1270 hoc
2876 1218 3055 1271 Graeci
3082 1227 3265 1289 ἄπορον
3298 1226 3520 1273 vocant.
3552 1220 3662 1275 Sed

1964 1286 2329 1362 subjiciamus
2357 1288 2683 1362 exemplum
2716 1304 2729 1340 :
2759 1289 2992 1362 Petebat
3012 1290 3081 1342 ab
3105 1286 3212 1343 alio
3237 1307 3469 1344 usuram
3490 1291 3661 1362 quasi

1961 1357 2222 1480 Eecunia
2253 1358 2480 1411 credita
2518 1374 2530 1411 ε
2563 1359 2659 1410 ille
2691 1360 2972 1427 accepisse
3003 1376 3059 1413 se
3091 1362 3392 1429 pecuniam
3421 1357 3663 1415 conﬁte-

2003 1434 2151 1480 atur.
2208 1428 2301 1480 sed
2347 1429 2694 1480 depositam:
2738 1435 2795 1480 et
2836 1430 3047 1480 idcirco
3090 1432 3229 1480 velle
3263 1448 3320 1480 se
3363 1433 3662 1480 restituere

2003 1434 2151 1495 atur,
2208 1428 2301 1481 sed
2347 1429 2694 1497 depositam;
2738 1435 2795 1481 et
2836 1430 3047 1482 idcirco
3090 1428 3229 1483 velle
3263 1448 3320 1485 se
3363 1433 3662 1487 restituere

1962 1504 2174 1571 sortem
2214 1499 2341 1571 sine
2381 1516 2571 1553 usura.
2614 1500 2903 1553 Pendente
2947 1501 3167 1554 interea
3203 1503 3439 1571 judicio,
3472 1504 3560 1556 lex
3591 1504 3659 1557 de

1963 1569 2122 1643 novis
2168 1569 2376 1643 tabulis
2426 1572 2535 1643 lata
2582 1576 2672 1643 est
2712 1587 2723 1623 :
2768 1572 2972 1640 repetit
2998 1569 3287 1643 illequasi
3318 1574 3655 1643 depositam,

1960 1638 2057 1715 ille
2096 1640 2304 1715 retinet
2333 1641 2495 1715 quasi
2525 1638 2847 1715 creditamf
2870 1643 2992 1715 Non
3025 1638 3176 1715 enim
3217 1638 3555 1715 video-quid
3586 1646 3661 1699 sit

1961 1709 2074 1775 hic,
2124 1711 2276 1784 quod
2329 1711 2388 1784 in
2417 1711 2709 1784 sententia
2740 1712 2984 1784 ferenda
3026 1714 3200 1781 judex
3244 1715 3405 1784 sequi
3432 1709 3656 1784 -possit,

1961 1796 2091 1833 cum
2122 1782 2333 1850 petitor
2374 1781 2530 1835 idem
2571 1782 2860 1835 interdum
2891 1784 3216 1849 credidisse,
3246 1781 3536 1838 interdum
3568 1781 3663 1839 de-

1959 1851 2215 1924 posuisse
2245 1868 2302 1924 se
2335 1852 2511 1919 dicat;
2543 1857 2598 1905 et
2623 1852 2716 1905 ille
2748 1853 2890 1905 alter
2916 1853 3205 1907 interdum
3228 1854 3546 1924 depositam
3577 1873 3663 1910 ac-

1961 1922 2198 1995 cepisse,
2250 1923 2542 1977 interdum
2596 1924 2867 1977 creditam
2915 1940 2927 1977 :
2981 1929 3036 1977 et
3079 1931 3284 1979 neuter
3302 1922 3412 1978 sua
3441 1926 3656 1995 priore,

1963 1994 2062 2047 sed
2099 1998 2341 2063 uterque
2384 1994 2528 2047 alter
2556 1995 2789 2049 alterius
2819 1995 3105 2063 praterita
3136 1996 3417 2050 sententia
3443 1994 3657 2052 utatur.

2141 2065 2366 2119 CAPUT
2406 2066 2491 2120 IX.
2525 2096 2593 2105 —
2630 2066 2714 2119 De
2744 2068 2938 2133 ﬁguris
2967 2070 3472 2122 controversiarum.

2032 2134 2323 2189 Pertinere
2353 2136 2526 2210 etiam
2558 2134 2826 2210 nonnihil
2848 2138 2918 2190 ad
2947 2153 3069 2210 rem
3100 2139 3320 2192 videtur
3344 2139 3487 2194 scire
3514 2138 3661 2210 ﬁgu-

1961 2220 2053 2258 ras
2101 2207 2645 2281 controversiarum,
2702 2208 2909 2281 quibus
2956 2207 3199 2281 invicem
3248 2210 3494 2278 differat,
3545 2207 3659 2281 quo

1961 2276 2231 2351 magis_in
2260 2277 2509 2351 evidenti
2529 2278 2621 2343 sit,
2641 2276 3129 2351 quemadmodum
3155 2297 3443 2351 quamque
3464 2276 3665 2335 tracte-

1962 2362 2108 2400 mus.
2139 2348 2283 2402 Sunt
2309 2348 2484 2418 igitur
2513 2350 2786 2413 themata,
2820 2348 2878 2403 id
2905 2354 2988 2421 est
3018 2348 3217 2421 figura
3244 2348 3657 2405 controversia-

1963 2433 2114 2484 rum,
2168 2424 2415 2492 quatuor
2464 2436 2477 2473 :
2522 2426 2731 2485 εὔδοξον,
2785 2420 2943 2490 quod
2997 2420 3100 2475 nos
3152 2422 3443 2492 opinionis
3497 2423 3662 2477 bona

1960 2505 2287 2564 possumus_
2316 2490 2532 2557 dicere;
2577 2497 2854 2564 ἀμφξδοξον,
2905 2493 3056 2562 quod
3098 2490 3209 2546 nos
3251 2493 3539 2564 opinionis
3597 2510 3660 2547 ex

1962 2564 2224 2630 utroque,
2273 2560 2425 2632 bono
2476 2578 2539 2614 ac
2588 2560 2760 2626 malo,
2802 2560 3054 2615 confusae
3084 2560 3390 2632 possumus
3420 2565 3607 2618 dicere
3642 2580 3657 2618 :

1960 2638 2248 2700 παράδοξον,
2274 2631 2429 2703 quod
2460 2647 2564 2685 nos
2594 2631 2883 2700 opinionis
2909 2631 3407 2703 mala’possumus
3439 2635 3661 2702 dicere;

1961 2703 2186 2774 tametsi
2242 2701 2492 2774 quidam
2520 2717 2722 2771 parum
2773 2702 3079 2772 diligenter
3105 2701 3293 2771 grace
3336 2701 3657 2774 loquentes,

1960 2773 2291 2845 paradoxon
2312 2788 2417 2841 pro
2438 2772 2526 2845 his
2547 2789 2675 2845 qua
2699 2779 2833 2825 sunt
2851 2774 3015 2845 bona
3037 2772 3655 2845 opinionis,acéipiunt.

1966 2843 2120 2897 Unde
2168 2843 2336 2912 vulgo
2385 2843 2555 2896 etiam
2596 2843 3017 2912 Olympionicas
3066 2843 3122 2897 et
3160 2850 3391 2899 cateros
3423 2843 3660 2899 victores

1962 2929 2255 2986 sacrorum
2284 2914 2679 2986 certaminum,
2713 2915 3027 2984 paradoxos
3053 2922 3273 2983 vocant,
3310 2916 3489 2986 magis
3532 2933 3662 2971 con-

1962 2984 2262 3039 suetudine
2289 3001 2463 3059 quam
2489 2984 2710 3038 ratione
2740 2986 2894 3038 ducti
2931 3003 2943 3039 ε
2981 3002 3135 3052 nam,
3164 2992 3228 3040 ut
3257 2984 3658 3059 opinoi‘,mpi-

1962 3061 2097 3135 δοξον
2144 3060 2251 3139 est,
2284 3056 2435 3126 quod
2594 3067 2725 3136 ποιρὰ
2753 3067 2846 3139 τὴν
2873 3064 3038 3139 δόξανι
3068 3059 3124 3112 id
3173 3062 3259 3139 est
3293 3056 3489 3138 contra
3534 3056 3657 3139 opi-

1961 3127 2193 3201 nionem
2238 3128 2465 3201 bonam.
2514 3128 2768 3201 Denique
2814 3128 2941 3201 licet
2970 3131 3108 3183 alias
3143 3130 3403 3199 vulgares
3437 3127 3659 3201 signiﬁ-

1962 3198 2214 3270 cationes
2255 3198 2499 3269 probare
2539 3199 2806 3253 malimus
2832 3199 2999 3269 hujus
3029 3198 3300 3270 nominis,
3332 3198 3525 3255 tamen
3550 3202 3660 3256 hoc

1961 3268 2107 3332 loco,
2141 3273 2207 3323 ut
2234 3270 2415 3343 multa
2443 3285 2590 3343 nova
2622 3276 2739 3324 tam
2767 3288 2801 3324 a
2830 3268 3100 3325 technicis
3130 3276 3188 3327 et
3214 3268 3656 3343 mathematicis,

1964 3355 2136 3410 quam
2184 3358 2216 3394 a
2260 3341 3153 3413 philosophiscognominantur,
3203 3343 3456 3413 accipere
3487 3341 3657 3398 debcé

1962 3426 2234 3484 musnon
2264 3417 2380 3465 tam
2412 3428 2515 3482 pro
2547 3412 2715 3466 solito
2743 3430 2849 3467 usu
2882 3412 3523 3483 consuetudinis,quam
3550 3430 3656 3484 pro

1963 3482 2290 3535 conditione
2320 3484 2609 3552 pracepti.
2644 3484 2855 3547 Quarta
2882 3490 2964 3537 est
2993 3484 3208 3554 species
3242 3482 3653 3551 controversia,

1963 3568 2093 3626 qua
2145 3569 2326 3626 grace
2378 3560 2541 3626 ἄδοξος
2577 3554 2816 3626 dicitur,
2862 3571 3036 3625 quam
3084 3571 3189 3626 nos
3214 3571 3345 3626 non
3387 3558 3450 3607 ut
3489 3557 3657 3626 vulgo

1963 3624 2130 3695 mala
2160 3624 2470 3693 Opinionis,
2496 3624 2593 3679 sed
2626 3625 2838 3679 nullius
2874 3624 3165 3695 opinionis
3196 3625 3457 3691 dicimus,
3488 3624 3547 3680 id
3575 3624 3660 3681 est

1962 3694 2243 3748 humilem
2274 3699 2332 3766 et
2374 3695 2680 3749 sordidam.
2735 3696 2842 3749 Sed
2875 3694 3165 3750 evidenter
3201 3697 3323 3749 hac
3352 3697 3657 3766 propositis

1964 3766 2237 3837 exemplis
2290 3765 2607 3835 liquebunt.
2641 3773 2837 3834 Εὔδοξος
2890 3766 3276 3821 controversia
3327 3765 3658 3837 hujusmodi

1964 3840 2063 3915 ast,
2098 3836 2159 3915 in
2187 3851 2303 3915 qua
2329 3841 2444 3915 tam
2476 3853 2719 3915 persona
2761 3854 2937 3915 quam
2972 3854 3062 3915 res
3093 3842 3176 3891 est
3203 3836 3441 3915 honesta
3459 3857 3479 3915 7;
3506 3840 3659 3915 veiut

1963 3906 2148 3979 Scipio
2178 3906 2336 3960 victis
2366 3906 2553 3961 Poenis
2586 3909 2729 3978 petit
2756 3906 2817 3963 in
2862 3909 3166 3979 pramium
3208 3914 3274 3962 ut
3318 3913 3532 3979 spectet
3572 3910 3658 3964 lu-

1962 3978 2062 4058 dos
2089 3978 2284 4031 laurea
2312 3986 2618 4061 ooronatus
2651 3996 2663 4033 :
2694 3984 2748 4034 et
2776 3996 3019 4061 persona
3052 3982 3289 4034 honesta
3329 3978 3412 4033 est
3441 3980 3655 4060 Scipio-

1962 4049 2072 4110 nis,
2104 4055 2159 4102 et
2191 4049 2341 4119 quod
2373 4050 2585 4118 petitur
2622 4066 2739 4104 non
2777 4049 3127 4121 improbum.
3160 4057 3435 4121 Ἀμφίδοξος
3466 4049 3568 4117 est,
3597 4052 3657 4104 in

1964 4135 2077 4191 qua
2122 4121 2209 4191 vel
2241 4121 2600 4191 honestatem
2631 4136 2890 4189 persona
2922 4122 3218 4191 turpitudo
3266 4122 3347 4174 rei
3378 4123 3654 4187 maculat;

1960 4190 2206 4262 velutsi
2244 4190 2398 4262 idem
2443 4190 2628 4261 Scipio
2679 4197 2834 4262 petat
2880 4190 3101 4262 pramii
3132 4192 3364 4245 nomine
3410 4198 3655 4246 mortem

1960 4260 2172 4333 Tiberii
2211 4261 2405 4314 Asellii
2456 4277 2475 4333 :_
2520 4260 2653 4316 nam
2679 4260 2962 4333 petitoris
2998 4279 3241 4333 persona
3272 4264 3507 4333 honesta
3539 4268 3652 4329 est;

1962 4332 2117 4403 quod
2147 4336 2336 4403 autem
2363 4331 2580 4401 petitur
2616 4331 3014 4387 inhonestumf
3045 4334 3139 4387 Vel
3169 4339 3387 4395 contra,
3422 4332 3467 4386 si
3494 4334 3654 4387 abdi—

1961 4402 2117 4475 catus
2143 4402 2365 4457 fortiter
2386 4403 2600 4475 fecerit,
2633 4409 2688 4458 et
2708 4412 2864 4475 petat
2894 4405 3115 4475 pramii
3146 4404 3375 4457 nomine
3407 4404 3652 4459 reditum

1959 4472 2019 4546 in
2051 4473 2287 4546 domum
2330 4474 2503 4544 patris
2537 4492 2549 4529 :
2583 4472 2828 4545 persona
2858 4472 2987 4546 qua
3024 4476 3183 4545 petit,
3225 4475 3523 4528 inhonesta
3555 4477 3655 4529 ab-

1960 4544 2162 4616 dicati;
2193 4560 2282 4598 res
2313 4561 2483 4615 quam
2518 4544 2680 4616 petit,
2713 4544 2951 4600 honesta
2998 4544 3057 4599 ut
3097 4546 3157 4599 in
3204 4546 3439 4599 domum
3476 4546 3653 4616 patris

1957 4615 2168 4688 redeat.
2194 4623 2472 4686 Παράδοξον
2502 4615 2587 4670 est
2614 4617 3011 4671 controversia
3038 4633 3239 4687 genus,
3265 4624 3328 4670 ut
3355 4615 3527 4688 supra
3557 4618 3655 4672 de-

1956 4685 2316 4754 ﬁniebam,in
2339 4704 2452 4757 quo
2474 4693 2715 4759 utraque
2740 4694 2874 4759 sunt
2896 4685 3336 4753 inhonesta,tam
3367 4685 3454 4742 res
3478 4706 3651 4759 quam

1958 4773 2223 4830 persona,
2273 4760 2428 4812 velut
2475 4758 2849 4830 impudicitia
2890 4775 3022 4812 reus
3068 4758 3289 4812 fortiter
3316 4760 3468 4825 fecit,
3500 4758 3654 4830 petit

1956 4829 2181 4898 pramii
2202 4830 2435 4882 nomine
2458 4829 2805 4900 accusatoris
2837 4830 2925 4884 sui
2954 4835 3199 4884 mortem
3230 4846 3243 4884 :
3276 4847 3409 4883 nam
3441 4829 3654 4900 etper-

1957 4915 2106 4972 sona
2124 4900 2371 4970 petentis
2394 4899 2692 4972 inhonesta
2720 4906 2820 4965 est,
2853 4901 3136 4972 siquidem
3162 4901 3272 4955 fuit
3299 4918 3430 4955 reus
3461 4899 3651 4972 impu-

1956 4969 2184 5043 dicitia,
2218 4971 2443 5043 tametsi
2473 4971 2686 5042 aliquid
2720 4969 3063 5041 turpitudini
3090 4972 3466 5043 derogaverit,
3499 4969 3651 5042 quod

1955 5041 2179 5123 fortiter
2214 5042 2373 5119 fecit;
2423 5046 2480 5096 et
2508 5041 2598 5096 res
2628 5058 2801 5123 quam
2831 5044 2990 5123 petit,
3024 5041 3303 5123 improba.
3336 5041 3549 5123 {Sciat},
3566 5053 3652 5103 est

1956 5114 2355 5185 controversia
2384 5128 2565 5182 genus
2597 5114 2718 5168 sine
2750 5114 3018 5183 opinione
3049 5120 3313 5185 utraque,
3345 5117 3563 5171 humile
3595 5124 3652 5174 et

1957 5182 2270 5237 sordidum.
2303 5185 2527 5253 Pauper
2553 5182 2895 5239 vestimenta
2919 5182 3231 5253 vendebat;
3262 5187 3474 5241 exstitit
3501 5189 3650 5244 alius

1954 5270 2195 5325 pauper,
2227 5254 2328 5324 qui
2355 5254 2667 5310 vindicaret
2692 5272 2777 5323 ea,
2806 5260 2861 5312 et
2886 5256 3038 5312 furto
3067 5256 3255 5310 ablata
3284 5256 3389 5311 sibi
3419 5275 3539 5315 esse
3570 5261 3650 5315 di-

1956 5324 2110 5378 ceret
2144 5342 2157 5378 :
2184 5324 2278 5378 ille
2300 5326 2559 5380 venditor
2587 5327 2687 5394 ait,
2719 5343 2776 5381 se
2802 5328 2871 5382 ab
2903 5328 3161 5383 adultero
3182 5326 3536 5396 deprehenso
3553 5332 3652 5387 illa

1954 5396 2293 5450 vestimenta
2322 5397 2629 5452 detraxisse
2662 5415 2675 5453 :
2712 5398 2954 5453 invicem
2985 5402 3267 5463 accusant,
3299 5399 3394 5453 ille
3426 5404 3654 5457 adulte-

1955 5467 2046 5531 rii,
2103 5467 2196 5521 hic
2250 5468 2406 5545 furti.
2469 5469 2568 5522 Hic
2605 5470 2849 5545 enimet
2907 5484 3165 5545 persona
3207 5469 3455 5526 humiles
3512 5491 3649 5545 pau-

1955 5553 2180 5612 perum,
2236 5543 2293 5593 et
2350 5555 2440 5612 res
2501 5556 2628 5610 qua
2678 5539 2943 5595 videntur
2997 5539 3193 5593 fecisse
3245 5539 3644 5612 quastionem,

1956 5610 2207 5677 abjecta,
2257 5610 2729 5665 vestimentorum
2785 5611 3092 5682 vindicatio
3145 5614 3200 5663 et
3251 5610 3466 5682 agnitio
3519 5634 3531 5671 :
3592 5610 3649 5672 et

1955 5696 2287 5758 quanquam
2340 5682 2712 5758 intervenerit
2765 5682 2981 5737 crimen
3032 5681 3307 5737 adulterii
3340 5701 3455 5742 non
3489 5690 3646 5758 abje-

1953 5756 2108 5807 ctum
2156 5755 2349 5809 tamen
2387 5754 2521 5826 quia
2564 5755 2733 5824 plura
2770 5758 2902 5809 sunt
2931 5759 3060 5811 ante
3088 5764 3366 5830 περίστασιν
3408 5754 3650 5817 humilia
