4014 6164
350 194 370 244 t
383 192 481 244 447

343 318 401 368 et
430 312 675 380 sordida,
706 311 887 367 totius
909 309 1305 364 controversia
1328 308 1575 379 speciem
1607 309 1714 363 sibi
1733 308 2041 364 vindicant.

346 402 570 458 CAPUT
596 401 656 457 X.
692 428 761 442 -
787 399 933 465 Quid
969 400 1228 451 utilitatis
1278 413 1392 465 prae
1441 413 1496 451 se
1544 399 1689 464 ferat
1737 397 2043 468 ﬁgurarum

925 469 1193 538 ejusmodi
1238 471 1465 534 agnitio.

419 562 761 632 Dignoscere
819 563 1011 632 autem
1063 557 1171 632 has
1227 556 1743 632 controversiarum
1806 557 2039 632 ﬁguras,

342 649 472 687 cum
497 628 571 686 ad
606 633 784 685 multa
806 630 912 682 alia
936 628 1348 694 convenit,tum
1368 629 1450 682 vel
1484 628 1541 681 in
1563 628 1765 698 primis
1796 630 1863 682 ad
1896 628 2042 694 id,ut

341 704 580 758 modum
609 699 910 771 praefandi,
944 698 1000 771 id
1031 705 1112 752 est
1142 700 1422 770 principia
1463 699 1687 771 edendi,
1730 715 2043 771 congruen-

341 780 457 830 tem
485 770 746 843 qualitati
775 770 1071 843 materiam
1100 770 1668 843 invenirepossimus
1701 786 1713 823 :
1742 787 1854 823 non
1885 770 2039 823 enim

345 840 544 899 eadem
594 844 809 914 species
853 841 1020 894 debet
1041 857 1160 896 esse
1195 841 1464 912 principii
1493 840 1552 893 in
1579 841 2039 914 themategnebaogcp

343 920 400 992 et
424 911 665 992 ἀμφιδάξῷ
688 920 752 992 et
780 918 1053 992 παρᾳδόξῳ,
1085 913 1183 976 sed
1200 911 1312 966 sua
1337 913 1551 992 cuique.
1569 911 2037 992 forma_ti'ibuen-

343 985 432 1040 da.
464 983 588 1039 Jam
615 983 864 1055 primum
892 990 951 1043 in
982 993 1156 1064 εὐᾷοξῳ
1188 999 1395 1054 genere
1441 983 2037 1064 materiae‘llermago-

340 1072 434 1132 ras
463 1053 637 1126 negat
665 1073 786 1132 esse
817 1053 1176 1132 praefandum
1204 1072 1218 1109 :
1253 1071 1387 1132 nam
1408 1054 1455 1132 si
1485 1053 1916 1132 benevolentiae,
1951 1054 2038 1132 in_-

340 1129 496 1204 qnit,_
519 1125 889 1204 conciliandae
922 1125 1354 1204 gratia‘praefari
1372 1127 1623 1204 soﬂlemus
1653 1125 1710 1204 in
1737 1125 1899 1204 bonae
1919 1126 2037 1204 opit

339 1195 848 1274 nionisthcmate,
901 1195 1068 1274 quale
1108 1195 1251 1274 illud
1305 1203 1388 1249 est
1430 1195 1771 1274 Scipionis,
1799 1195 2039 1274 benigni

337 1274 470 1323 sunt
498 1269 578 1334 hi,
613 1271 764 1340 apud
793 1266 937 1342 quos
967 1269 1211 1326 locuturi
1242 1283 1484 1345 sumﬂus‘:
1518 1266 1877 1345 nihilautem
1906 1267 2036 1345 atti-

339 1345 439 1415 n_e_t
469 1337 692 1409 parare,
725 1337 877 1412 qubd
915 1347 1182 1415 paratum
1215 1342 1314 1415 est.
1355 1337 1464 1415 Sed
1498 1337 1639 1390 mihi
1670 1337 2039 1415 longealiter

337 1408 582 1476 videtur,
617 1417 672 1465 et
701 1408 838 1480 pace
883 1408 1028 1467 tanti
1070 1410 1177 1487 viri
1222 1408 1461 1487 dixerim
1503 1424 1514 1460 :
1553 1408 1921 1487 nequeenim
1953 1413 2038 1487 est

337 1497 566 1550 semper
591 1477 898 1549 spectanda
925 1482 1251 1547 auctoritas,
1282 1479 1478 1548 utique
1505 1494 1633 1550 cum
1670 1477 1887 1530 ratione
1916 1478 2037 1530 vin-

335 1549 513 1604 catur.
555 1553 766 1606 Censeo
800 1554 977 1623 igitur
1023 1552 1166 1628 nihit
1196 1549 1591 1628 prohibete-in
1625 1554 1798 1628 ερδόξῳ
1829 1564 2035 1628 genere

337 1623 611 1695 materias,
651 1619 967 1695 quominus
1019 1619 1349 1695 praefentur.
1397 1619 1544 1695 Nihil
1588 1619 1764 1695 enim,
1807 1619 2031 1687 opinor,

335 1692 473 1770 mali
505 1698 608 1756 est,
650 1690 931 1770 benignqs
952 1690 1176 1770 judices
1210 1690 1570 1770 benigniores
1623 1690 2034 1770 reddere'prie-

335 1762 527 1824 fando,
567 1768 632 1816 ut
661 1760 1065 1819 cum-olfensos
1096 1762 1432 1818 adversariis
1463 1760 1741 1823 videmus,
1775 1760 2033 1814 offensio-

333 1848 468 1906 nem
500 1832 658 1906 illam
679 1836 917 1890 dicendo
946 1852 1157 1906 augere
1183 1831 1756 1906 conamur.__Denique
1780 1831 2034 1886 auloedos

335 1910 392 1958 et
422 1905 757 1960 citharoedos
807 1913 862 1961 et
908 1902 1140 1961 caatéros
1187 1902 1518 1973 hujusmodi
1558 1902 1818 1968 artiﬁces,
1851 1918 2031 1972 quan-

335 1991 508 2045 quam
560 1992 675 2052 n_on
732 1978 1111 2048 polliceantur
1141 1976 1478 2052 o_ratione-m,
1536 1974 1794 2052 videmus
1819 1978 2031 2052 .tamen

331 2047 616 2116 praloqui
646 2045 775 2102 ante
805 2050 1107 2103 actionem.
1162 2048 1224 2100 Et
1253 2045 1679 2116 omninoicurta
1705 2049 1760 2096 et
1787 2045 1910 2116 sine
1940 2061 2032 2098 ca-

376 2116 449 2196 ite
481 2114 661 2201 oratio
688 2125 789 2185 est,
829 2137 958 2201 quae
998 2121 1120 2200 sine
1150 2115 1434 2201 principio
1461 2115 1531 2167 ab
1562 2115 1699 2195 ipsis
1723 2114 1895 2195 rebus
1937 2131 2029 2168 or-

331 2133 449 2241 giie
481 2133 661 2170 orauo
688 2133 789 2185 est,
829 2137 958 2201 quae
998 2136 1120 2173 sme
1150 2133 1434 2194 principio
1461 2133 1531 2167 an
1562 2133 1699 2195 ipsis
1723 2133 1895 2195 rebus
1937 2133 2029 2168 or-

371 2187 509 2242 itur.
544 2188 969 2265 I_J_temur_et_1am
990 2189 1367 2265 principiisln
1391 2186 1866 2265 bonaropimoms
1894 2202 2032 2265 conf

331 2259 654 2337 trovﬂersiis-2
704 2261 801 2315 sed
849 2256 1207 2337 brevioribus
1254 2263 1318 2337 et
1353 2256 1688 2337 rectioribus
1735 2256 1929 2337 paulo,
1957 2263 2030 2337 pet

327 2329 745 2406 conﬁdentibus
801 2337 858 2384 et
914 2333 1097 2406 plenis
1129 2327 1552 2406 dignitatibusp
1592 2327 2028 2406 sinenjactantia

334 2400 628 2473 duntaxat,
660 2417 731 2453 ne
771 2417 861 2454 res
905 2397 1090 2473 pariat
1114 2397 1401 2473 invidiam
1435 2414 1447 2451 :
1478 2401 1562 2473 __ut
1595 2401 1680 2473 est
1705 2397 1844 2450 illud
1875 2399 2029 2473 apud

332 2470 401 2524 Μ.
446 2469 695 2523 Tullium
727 2468 924 2526 contra
967 2471 1299 2525 concionem
1333 2468 1560 2533 Metelli,
1600 2469 1660 2520 in
1698 2481 1813 2536 qua
1841 2470 2030 2522 exsul-

329 2544 451 2593 tare
484 2541 713 2594 videtur
744 2558 756 2595 :
791 2543 880 2598 Sic
910 2546 1071 2607 enim,
1094 2547 1156 2596 ut
1184 2544 1395 2610 opinor,
1423 2541 1681 2608 insequar
1708 2540 2024 2610 fugientem,

332 2613 590 2679 quoniam
625 2613 881 2679 congredi
906 2629 1011 2667 non
1058 2615 1178 2666 licet
1210 2608 1328 2665 cum
1369 2611 1648 2663 resistente
1694 2608 1853 2671 Quod
1885 2626 2029 2663 nun-

327 2697 499 2751 quam
532 2684 780 2753 profecto
804 2688 920 2738 tam
956 2682 1255 2752 magniﬁce
1274 2683 1461 2753 dicere
1483 2681 1543 2732 in
1573 2680 1804 2753 exordio
1835 2681 2025 2734 statim

328 2768 489 2806 orsus
521 2751 736 2819 fuisset,
770 2755 879 2808 nisi
914 2760 970 2808 et
998 2754 1178 2824 ipsius
1208 2751 1414 2806 actoris
1453 2756 1600 2824 esset
1627 2751 2022 2824 hone_sta_per-

326 2839 488 2891 sona,
521 2829 576 2877 et
608 2841 696 2878 res
727 2825 795 2879 de
828 2842 940 2895 qua
962 2821 1252 2879 locuturus
1274 2828 1414 2888 erat,
1438 2838 1554 2875 non
1577 2821 2028 2895 improbaJtem-

329 2909 440 2964 que
471 2895 581 2948 alio
612 2897 752 2963 loco,
791 2892 921 2950 cum
953 2897 1022 2950 de
1053 2897 1484 2964 conjuratorum
1531 2892 2026 2947 animadversione

325 2965 660 3042 loqueretur
708 2983 721 3021 :
777 2968 962 3032 Video,
1014 2969 1200 3042 _Patres
1233 2965 1541 3033 conscripti,
1573 2966 1633 3016 in
1677 2978 1766 3042 me
1789 2977 2024 3042 animum

323 3041 562 3114 nestrum
588 3053 683 3114 ora
705 3043 876 3114 atque
909 3039 1084 3114 oculos
1131 3051 1240 3114 esse
1269 3049 1598 3114 conversos:
1651 3039 1708 3114 et
1737 3034 2021 3114 deinceps.

325 3106 681 3179 Quaaomnia
705 3104 1036 3179 hujusmodi
1067 3111 1219 3175 sunt,
1251 3113 1315 3160 ut
1333 3113 1488 3160 actor
1519 3111 1572 3159 et
1606 3104 1899 3179 splendori
1920 3104 2022 3179 suo

326 3182 382 3249 et
410 3177 579 3249 rebus
604 3179 692 3232 his
731 3175 800 3233 de
831 3180 1038 3249 quibus
1085 3180 1376 3232 locuturus
1407 3183 1508 3234 est.
1545 3175 1708 3249 quasi
1738 3175 2022 3249 honestis-

326 3247 775 3326 simis-videatur
800 3247 1008 3326 merito
1040 3249 1344 3326 conlidere.
1394 3249 1675 3326 Pleraque
1692 3247 2024 3326 h‘ujusinpdi

327 3319 556 3373 exordia
603 3321 751 3391 apud
809 3322 870 3385 Ο.
937 3321 1270 3391 Gracchum,
1315 3325 1529 3388 quanto
1585 3318 1882 3372 nobilioris
1919 3319 2026 3391 fuit

327 3390 579 3459 spiritus,
624 3390 753 3461 qua:
797 3393 1095 3460 dicentem,
1129 3390 1383 3461 profecto
1431 3391 1760 3461 Merucium,
1798 3394 1894 3442 aut
1925 3390 2026 3443 ali-

325 3477 497 3531 quem
529 3478 596 3515 ex
627 3459 910 3517 Cannensi
963 3459 1186 3521 caterva
1233 3477 1404 3515 nemo
1449 3459 1640 3514 ferret.
1691 3462 1754 3515 In
1783 3466 2024 3532 ἀμφιδόξῳ

323 3546 534 3601 genere
586 3534 840 3587 materiae
875 3533 1267 3588 moderatione
1308 3533 1557 3602 quadam
1587 3535 1864 3588 utendum
1895 3535 2023 3598 erit,

323 3618 458 3675 cum,
483 3604 914 3675 principiamus,
937 3611 998 3659 ut
1021 3609 1076 3657 et
1105 3603 1527 3673 turpitudinem
1549 3619 1679 3673 qua
1707 3607 1899 3660 subest
1921 3604 2022 3673 (a),

323 3678 381 3727 et
409 3674 746 3746 dignitatem
780 3692 908 3747 quae
931 3679 1014 3730 est
1033 3675 1092 3729 in
1119 3691 1180 3728 re
1201 3680 1297 3728 aut
1319 3690 1565 3745 persona
1581 3676 1666 3728 vel
1690 3675 2025 3730 illustrando

387 3790 461 3851 (α)
494 3789 793 3853 Obtegendo
811 3792 1150 3841 minuamus.
1176 3788 1299 3838 Tale
1327 3787 1580 3851 quiddam
1601 3789 1808 3839 videtur
1826 3789 2023 3838 deesse.

1294 185 1600 241 REGULJE
1639 185 1961 243 CLERICIS
1999 186 2337 243 ΤΒΑΒΙΤᾸΞ
2377 185 2895 244 FRAGMENTUM.

3729 193 3862 246 uss

2156 325 2486 381 augeamus,
2519 309 2605 364 vel
2636 309 2716 363 ita
2742 309 2899 381 varie
2927 311 3233 381 utrumque
3251 309 3612 372 misceamus,
3644 318 3709 366 ut
3730 315 3865 367 alte

2152 379 2267 435 rius
2299 381 2476 452 partis
2501 380 2918 450 turpitudinem
2949 379 3180 454 alterius
3216 381 3484 454 honestas
3517 388 3707 454 tegat.
3769 385 3864 439 Ne-

2150 458 2486 533 quetamen
2517 468 2646 506 cum
2677 457 2834 536 tanta
2853 452 3436 536 jactatione,_quanta
3460 452 3660 536 in_illo
3695 471 3864 536 supe-
3964 511 3965 536 χ

2151 522 2290 578 riori
2322 540 2530 594 genere
2589 522 2862 595 materiae,
2905 523 3002 576 sed
3048 523 3210 595 quasi
3237 522 3370 577 cum
3401 525 3654 595 quadam
3691 522 3866 581 conti-

2149 595 2307 649 denti
2326 593 2682 666 verecundia.
2713 593 2768 648 Si
2790 594 2848 647 in
2872 610 2930 666 re
2955 593 3250 666 turpitudo
3273 595 3399 660 erit,
3417 593 3716 666 quantum
3743 599 3868 652 fieri
3964 643 3965 646 η

2191 666 2378 731 oterit,
2412 665 2772 720 avocahimus
2797 665 3049 735 judicem
3083 665 3150 719 ad
3183 665 3454 736 personae,
3482 667 3864 736 dignitatem.

2191 682 2378 731 oteru,
2412 682 2772 720 avocammus
2797 682 3049 735 Juaicem
3083 682 3150 719 aa
3183 682 3444 736 persona:
3482 682 3864 736 dignitatem.

2147 682 2205 791 ξι
2233 737 2293 790 in
2322 754 2583 806 persona,
2603 736 2672 790 ad
2705 735 3143 806 reidignitatem
3164 737 3326 807 quasi
3351 737 3419 790 de
3445 738 3786 807 periculoso
3813 741 3868 794 in

2149 807 2416 881 tutiorem
2451 809 2639 881 locum
2671 807 3143 881 ref_ugiemus,s_ed
3174 809 3500 881 summatim
3530 810 3870 881 leviterque

2149 879 2433 943 cedentes,
2495 885 2556 932 ut
2610 878 2900 948 despicere
2953 877 3158 949 potius,
3203 879 3581 949 suspicionem
3644 877 3865 947 metus,

2149 965 2322 1020 quam
2354 949 2557 1003 timere
2583 949 2896 1020 videamur.
2933 948 3339 1003 Laborabimus
3372 955 3561 1004 autem
3591 952 3656 1005 in
3689 961 3870 1016 eo,ut

2147 1019 2382 1092 confusa
2408 1027 2650 1090 utraque
2681 1019 2957 1090 dignitate
2980 1020 3062 1074 rei
3089 1026 3145 1073 et
3165 1037 3444 1092 persona,
3465 1025 3596 1092 plus
3623 1024 3868 1078 tiducie

2147 1090 2208 1143 in
2239 1092 2552 1156 honestate,
2599 1107 2773 1161 quam
2822 1097 3008 1144 metus
3040 1092 3099 1144 in
3138 1090 3492 1161 turpitudine
3523 1094 3743 1148 habere
3781 1096 3864 1148 vi-

2147 1161 2403 1233 deamur.
2437 1162 2542 1216 Sed
2576 1160 2635 1233 ut
2668 1160 2960 1231 limpidius
2988 1162 3096 1215 hoc
3124 1160 3304 1232 genus
3334 1163 3727 1233 principiandi
3760 1167 3866 1220 de-

2145 1232 2552 1302 prehendatur,
2583 1232 2728 1286 dabo
2762 1233 3091 1302 exemplum
3123 1235 3273 1303 quod
3289 1232 3578 1289 habuitM.
3607 1237 3864 1301 Tullius,

2146 1319 2276 1356 cum
2308 1320 2411 1372 pro
2459 1305 2528 1358 M.
2564 1303 2770 1358 Scauro
2802 1304 3151 1374 loqueretur.
3184 1306 3314 1358 Erat
3340 1306 3492 1359 enim
3526 1315 3867 1362 controver-

2145 1373 2228 1448 sia
2256 1380 2538 1448 enasset“;
2570 1375 2783 1444 quippe
2828 1375 2928 1445 qui
2971 1375 3250 1448 niteretur
3279 1375 3556 1448 dignitate
3588 1385 3864 1448 pergonae

2250 1445 2466 1512 Scauri,
2499 1450 2858 1518 premeretur
2891 1446 3267 1518 turpitudine
3290 1445 3547 1500 criminis
3574 1445 3644 1502 de
3673 1465 3860 1518 pecu—

2143 1515 2255 1586 niis
2281 1515 2634 1585 repetundis.
2671 1515 3065 1586 Utrumque’in
3090 1517 3374 1586 principio
3397 1519 3582 1572 statim
3608 1515 3692 1572 ita
3721 1537 3862 1574 con-

2143 1585 2289 1640 fudit
2341 1593 2553 1652 orator,
2603 1591 2664 1640 ut
2707 1592 2764 1641 et
2802 1585 3220 1657 turpitudinem
3269 1585 3521 1641 criminis
3559 1590 3862 1660 dignitate

2141 1673 2403 1727 personae
2439 1663 2798 1728 contegeret;
2849 1675 3036 1728 neque
3078 1664 3272 1712 tamen
3307 1660 3535 1728 largiter
3564 1661 3859 1727 nimium,

2143 1743 2328 1800 neque
2381 1729 2777 1800 exsultantem
2806 1730 2900 1782 sed
2943 1729 3020 1783 ita
3053 1735 3111 1783 ut
3157 1736 3453 1800 expromat
3493 1733 3855 1786 nonnullam

2142 1798 2314 1870 etiam
2346 1805 2532 1854 metus
2573 1798 2975 1870 suspicionem.
3028 1798 3265 1855 Maxime
3292 1803 3405 1868 fuit
3434 1802 3740 1869 optandum
3771 1806 3850 1858 Μ.

2140 1869 2369 1941 Scauro,
2411 1870 2642 1939 jadices,
2693 1876 2753 1924 ut
2790 1872 2936 1925 nullo
2966 1878 3207 1940 suscepto
3241 1873 3523 1940 cujusdam
3552 1873 3700 1941 odio,
3733 1877 3854 1928 sine

2141 1940 2519 2014 offensioneac
2547 1942 2817 2014 molestia,
2851 1947 2905 1995 et
2935 1948 3158 2014 caetera.
3191 1943 3254 1996 ln
3275 1950 3549 2014 παραδόξῳ,
3579 1944 3636 1998 id
3668 1951 3757 1999 est
3791 1947 3854 1999 in

2139 2013 2306 2086 malae
2353 2012 2638 2086 opinionis
2684 2013 2966 2086 themate,
3005 2013 3102 2067 ubi
3137 2019 3195 2086 et
3230 2012 3477 2083 persona
3505 2012 3563 2069 et
3594 2015 3858 2086 dignitas

2138 2083 2356 2150 pariter
2383 2083 2681 2147 laborabit,
2707 2083 3060 2153 longioribus
3088 2083 3384 2154 principiis
3406 2083 3696 2140 utendum
3719 2088 3858 2154 erit,

2141 2158 2196 2224 et
2219 2155 2533 2223 purgandis
2553 2154 2971 2224 suspicionibus
2997 2156 3576 2224 operatribuenda,et
3598 2157 3860 2213 demisse

2139 2222 2517 2309 loquendum,
2537 2222 2680 2305 ,ρειιύ
2704 2225 3020 2305 sententiis,
3037 2222 3173 2305 tum
3197 2227 3381 2309 verbis
3397 2227 3579 2309 etiam
3605 2230 3861 2309 prOpiiis

2137 2293 2474 2376 blanditiam
2506 2295 2728 2376 sitisnet
2757 2296 3318 2376 querimoniaquasi
3340 2297 3465 2352 falsi
3489 2293 3634 2352 illati
3662 2293 3864 2354 crimi-

2140 2364 2250 2441 nis,
2275 2371 2359 2441 _et
2403 2366 2560 2441 falsae
2592 2364 3203 2441 infamizecompositae
3251 2368 3552 2423 adversum
3588 2386 3703 2423 nos
3756 2388 3864 2441 per

2139 2435 2433 2510 invidiam,
2466 2437 2637 2510 etiam
2669 2435 3032 2510 submissiore
3063 2444 3184 2492 toto
3215 2455 3454 2510 corpore
3483 2435 3862 2496 conformata

2138 2507 2209 2560 ad
2251 2508 2674 2574 verecundiam,
2717 2508 2996 2562 submisso
3029 2511 3210 2574 vultu,
3263 2507 3441 2564 oculis
3487 2518 3715 2566 terram
3771 2515 3861 2566 in-

2138 2578 2459 2652 tuentibus;
2492 2595 2679 2652 neque
2699 2579 2806 2652 illa
2831 2580 3054 2652 acriter,
3097 2581 3216 2646 sed,
3249 2581 3294 2634 si
3315 2597 3648 2652 possumus,
3681 2585 3860 2638 etiam

2138 2648 2343 2724 timore
2375 2649 2660 2724 simulato.
2693 2651 2758 2704 In
2787 2657 2956 2724 ἀδόξῳ,
2987 2651 3043 2724 id
3074 2657 3159 2705 est
3184 2652 3242 2705 in
3264 2648 3711 2724 humiligenere
3741 2672 3862 2710 ma-

2139 2719 2320 2787 teria),
2354 2720 2611 2797 proxima
2638 2724 2890 2797 sermoni
2917 2719 3133 2776 debent
3161 2739 3282 2797 esse
3309 2719 3628 2797 principia;
3664 2742 3856 2797 neque

2137 2791 2429 2863 sententiis
2468 2792 2579 2844 alte
2620 2792 2838 2862 petitis,
2871 2809 3055 2863 neque
3087 2793 3271 2848 verbis
3300 2791 3447 2848 ultra
3477 2791 3735 2850 modum
3762 2791 3855 2851 6r-

2137 2860 2527 2935 natis,_neqn_e
2553 2860 2834 2916 structura
2871 2860 3152 2933 graviore,
3184 2865 3279 2918 sed
3311 2865 3474 2935 quasi
3506 2868 3777 2922 resoluta
3808 2879 3854 2921 et

2137 2930 2402 3007 simplici.
2431 2930 2752 3007 'Vis__autem
2783 2930 3044 2988 omnium
3075 2930 3513 3007 sententiarum,
3548 2954 3740 3007 quam
3774 2940 3851 2993 his

2064 3039 2074 3044 ς
2135 3002 2432 3082 principiis
2476 3003 2816 3082 adhibemus
2853 3022 2918 3058 ea
2957 3022 3078 3082 esse
3107 3006 3354 3068 debebit,
3388 3012 3450 3082 ut
3491 3002 3620 3062 rem
3657 3027 3692 3062 a
3727 3027 3846 3081 pro-

2133 3075 2341 3153 pietate
2380 3079 2605 3153 revocet
2651 3075 2719 3130 ad
2756 3076 3254 3153 communitatem,
3307 3083 3363 3131 et
3393 3078 3546 3132 dicat
3576 3075 3846 3153 pmn'ium

2133 3145 2409 3198 inleresse
2426 3145 2581 3222 illam
2605 3162 2726 3200 rem
2755 3147 3068 3201 vindicari:
3100 3153 3404 3222 propterea
3432 3149 3596 3219 quod
3631 3159 3846 3222 quanto

2135 3229 2380 3291 quaeque
2425 3215 2648 3291 minora
2695 3223 2848 3291 sunt,
2874 3222 3052 3291 tanto
3095 3215 3348 3273 crebrius
3389 3215 3673 3291 et'magis
3704 3223 3848 3276 inter

2133 3287 2353 3362 multos
2373 3287 2572 3341 cadere
2597 3288 2836 3358 possint.
2871 3290 2982 3343 Nec
3007 3294 3123 3343 tam
3158 3296 3418 3360 oportere
3453 3287 3718 3362 spectari
3739 3311 3847 3348 ma-

2133 3356 2492 3432 gnitudinem
2547 3356 2761 3432 rerum
2791 3365 2846 3413 et
2898 3356 3301 3432 personarum,
3335 3356 3508 3432 quam
3560 3365 3842 3418 rationem

2135 3428 2286 3497 aequi
2311 3433 2367 3481 et
2395 3428 2599 3498 iniqui,
2647 3430 2766 3483 veri
2799 3437 2856 3484 et
2884 3428 3012 3485 falsi
3045 3448 3056 3484 :
3100 3428 3369 3486 eamdem
3402 3433 3564 3488 enim
3600 3451 3729 3489 esse
3760 3437 3845 3489 ho-

2132 3514 2263 3576 rum
2294 3499 2352 3552 in
2389 3500 2642 3576 minimis
2671 3501 2808 3565 vim,
2833 3518 3006 3576 quam
3037 3502 3095 3556 in
3118 3503 3399 3576 maximis.
3435 3505 3606 3576 Talia
3637 3507 3839 3576 princi-

2133 3569 2227 3649 pia
2259 3576 2393 3649 sunt
2417 3572 2688 3649 pleraque
2711 3569 2868 3649 apud
2892 3575 3341 3649 Demosthenem
3364 3575 3525 3649 in_iis
3553 3569 3728 3631 libris
3756 3577 3839 3647 qui

2134 3589 2227 3649 pia
2259 3589 2393 3623 sunt
2417 3589 2688 3697 pleraque
2717 3589 2864 3642 apud
2892 3589 3331 3628 Demosthenem
3364 3591 3423 3628 ιιι
3455 3592 3525 3628 ns
3554 3589 3728 3631 libris
3756 3595 3837 3647 qui

2134 3641 2529 3718 inscribuntur
2559 3644 2579 3696 Ι
2625 3643 2801 3718 iotici,
2834 3649 2890 3698 et
2928 3645 3107 3718 magis
3137 3646 3291 3718 apud
3321 3645 3578 3718 Lysiam,
3615 3655 3673 3702 et
3705 3649 3837 3718 apud

2136 3712 2411 3781 quosdam
2445 3730 2512 3766 ex
2564 3715 2774 3767 nostris
2803 3712 3104 3769 veteribus.
3158 3712 3319 3771 Certe
3360 3712 3590 3771 Marcus
3637 3712 3838 3774 Tullius

2136 3797 2264 3835 cum
2291 3798 2397 3852 pro
2428 3784 2635 3838 Archia
2666 3785 2900 3851 diceret,
2933 3803 3051 3841 non
3081 3786 3246 3841 aliter
3275 3803 3513 3843 exorsus
3541 3795 3655 3845 est.

1762 3976 2397 4057 ADMONITIO

1634 4126 1724 4180 DE
1760 4125 2098 4190 SEQUENTI
2137 4128 2516 4185 OPUSCULO.

396 4245 509 4319 Ho_c
539 4243 875 4319 opusculum
909 4258 1025 4296 una
1055 4241 1314 4319 omnium
1350 4242 1724 4319 eruditorum
1747 4243 2028 4319 sententia
2059 4245 2800 4319 abjudicaturAugustino.
2829 4249 2997 4319 Apud
3029 4250 3236 4304 Lucam
3265 4251 3638 4308 Holstenium
3667 4257 3728 4309 in
3759 4271 3834 4308 co-

319 4314 442 4394 dice
468 4313 840 4394 Begularum,
884 4319 1052 4394 parte.
1095 4313 1362 4394 secnnda,
1395 4315 1760 4394 Consensoria
1784 4313 2178 4394 _Monachorurn
2213 4313 2836 4394 inscribitur,_aptiore
2880 4313 3067 4376 titulo.
3101 4323 3366 4394 Attamen
3410 4333 3718 4394 receptam
3748 4326 3833 4379 du-

320 4385 458 4458 dum
477 4386 536 4439 in
565 4384 1015 4458 hacAppendice
1038 4384 1472 4458 inscriptionem
1500 4391 1720 4458 mutare
1745 4386 1927 4438 visum
1960 4403 2073 4440 non
2095 4396 2198 4456 est,
2224 4384 2856 4458 praesertimdestitutis
2878 4396 3134 4445 veterum
3157 4392 3438 4446 librorum
3464 4384 3833 4452 auctoritate:
3887 4425 3890 4428 ~

321 4457 534 4528 quippe
564 4455 789 4511 nullum
817 4457 992 4527 hujus
1021 4455 1280 4528 opusculi
1309 4455 1407 4510 Ms.
1438 4457 1732 4526 exemplar
1759 4460 2097 4527 reperimus.

1207 4676 1994 4803 REGULfE
2096 4679 2947 4805 CLERICIS

1487 4865 1915 4931 TRADITAE
1963 4865 2652 4933 FRAGMENTUM.

393 4995 698 5053 Communi
739 4994 1076 5068 definitione
1102 4994 1470 5068 decrevimus
1517 4995 1671 5068 apud
1701 5013 1822 5068 nos,
1870 4997 2024 5068 quod

321 5085 619 5139 nunquam
665 5066 1036 5139 postmodum
1067 5066 1136 5119 ab
1183 5067 1302 5121 ullo
1349 5067 1558 5139 poterit
1595 5066 2020 5139 infringifRee

318 5137 634 5194 sidentibus
667 5137 844 5192 nobis
885 5137 946 5190 in
992 5138 1365 5205 monasterio,
1413 5138 1473 5190 in
1517 5138 1750 5193 nomine
1791 5137 2023 5193 Domini

317 5211 495 5264 nostri
523 5212 653 5265 Jesu
683 5208 912 5273 Christi,
948 5207 1213 5261 omnibus
1236 5209 1452 5280 placuit
1467 5209 1777 5263 secundum
1805 5215 2023 5280 aposto-

317 5281 488 5336 licam
533 5281 922 5347 traditionem,
953 5295 1137 5333 unum
1173 5280 1384 5332 sentire
1415 5279 1474 5332 in
1511 5279 1751 5334 Domino
1778 5279 2019 5335 etcom-

317 5353 572 5406 muniter
600 5351 912 5422 possidere.
957 5350 1123 5422 Sicut
1138 5350 1412 5422 scriptum
1445 5356 1530 5404 est
1576 5368 1589 5405 :
1627 5353 1798 5405 Unum
1829 5355 2021 5407 sentite

314 5425 374 5477 in
406 5421 627 5478 Domino
686 5423 839 5491 (Sap.
883 5440 921 5488 1,
982 5424 1048 5489 t).
1108 5421 1384 5492 Etinemo
1436 5422 1669 5492 quidem
1715 5423 2017 5492 proprium

316 5493 424 5547 sibi
458 5494 703 5548 vindicet
730 5492 1068 5563 quidquam,
1104 5491 1199 5545 sed
1234 5491 1333 5544 ﬁat
1361 5492 1506 5546 sicut
1531 5491 1805 5563 scriptum
1826 5491 1933 5547 iest
1958 5493 2018 5547 in

313 5565 546 5618 Actibus
583 5564 1009 5633 Apostolorum,
1040 5563 1308 5617 Habentes
1346 5565 1525 5616 omnia
1557 5566 1879 5627 communia,
1911 5581 2011 5618 ne-

322 5650 419 5689 mo
451 5634 767 5705 quidquam
817 5650 938 5688 esse
988 5649 1153 5688 suum
1200 5633 1423 5687 dicebat
1463 5633 1609 5704 (Act.
1645 5652 1700 5700 ιι,
1735 5637 1825 5700 44,
1858 5640 1908 5688 et
1939 5651 2013 5702 ιν,

314 5709 427 5777 32).
470 5705 632 5770 Quod
660 5721 694 5759 a
722 5705 884 5760 nobis
912 5705 1186 5776 scriptum
1210 5709 1314 5762 est.
1345 5705 1408 5758 In
1441 5706 1682 5760 Domino
1712 5721 1851 5777 ergo
1880 5705 2013 5775 jure

2131 4997 2540 5052 observationis
2582 5015 2683 5053 nos
2716 5003 3032 5071 teneamus,
3066 5003 3122 5055 et
3149 4999 3210 5054 in
3246 5015 3314 5054 eo
3352 5016 3542 5071 usque
3579 5003 3648 5058 in
3680 5006 3826 5059 ﬁnem

2130 5085 2569 5140 permaneamus
2616 5086 2630 5124 :
2677 5070 2951 5140 quoniam
2994 5071 3056 5124 in
3102 5071 3226 5141 lege
3273 5070 3554 5142 scriptum
3607 5083 3722 5139 est,
3751 5077 3831 5141 Ou

2126 5143 2551 5210 perseveraverit
2579 5156 2749 5208 usque
2776 5144 2831 5194 in
2858 5143 3037 5209 finem,
3070 5143 3154 5196 hic
3179 5143 3362 5196 salvus
3390 5146 3497 5197 erit
3531 5147 3756 5211 (Matth.
3787 5162 3827 5200 ι.

2129 5213 2236 5285 22).
2270 5211 2327 5266 Si
2349 5211 2478 5282 quis
2500 5217 2692 5285 autem
2722 5212 2912 5265 venire
2934 5212 3218 5285 desiderat
3238 5214 3309 5268 ad
3329 5219 3830 5285 congregationem

2128 5281 2413 5357 iratrum’p
2454 5282 2552 5357 qui
2608 5282 2668 5336 in
2718 5299 2897 5357 unum
2930 5299 3058 5357 esse
3091 5284 3376 5357 videntur,
3434 5281 3582 5339 non'
3623 5288 3830 5357 ignoret

2129 5353 2418 5421 Evangelii
2447 5353 2683 5419 dictum,
2727 5354 2879 5423 quod
2911 5354 3053 5408 dixit
3101 5373 3114 5409 :
3163 5354 3371 5411 Vendat
3410 5359 3606 5410 omnia
3647 5353 3766 5422 sua,
3793 5363 3832 5408 et

2127 5429 2304 5490 eroget
2350 5426 2527 5491 egenis
2561 5429 2610 5478 et
2643 5425 2976 5494 pauperibus
3020 5426 3128 5493 (Id.
3180 5442 3295 5490 xxx,
3326 5427 3434 5492 2t).
3477 5428 3546 5480 Et
3583 5430 3830 5484 iterum:

2125 5495 2369 5562 Abneget
2398 5497 2763 5564 semetipsum.
2795 5496 2902 5549 sibi
2931 5498 3086 5551 tollat
3115 5503 3164 5550 et
3195 5512 3406 5551 crucem
3440 5511 3637 5564 suam,
3673 5508 3724 5555 et
3767 5516 3832 5554 ss-

2128 5571 2332 5634 quatur
2359 5582 2441 5620 me
2485 5568 2626 5634 (Luc.
2689 5583 2760 5628 ιιι,
2795 5569 2902 5635 23).
2958 5569 3022 5621 Et
3068 5584 3138 5621 ne
3182 5573 3383 5621 tractet
3429 5567 3491 5622 in
3525 5573 3716 5626 corde
3744 5586 3832 5625 sua

2127 5635 2197 5690 de
2227 5635 2376 5710 victu
2408 5643 2508 5710 aut
2544 5637 2770 5710 vestitu,
2815 5643 2875 5692 et
2925 5638 3140 5693 caeteris
3171 5655 3299 5710 qua:
3343 5643 3684 5695 necessaria
3717 5649 3836 5696 sunt

2125 5708 2368 5778 corpori,
2425 5709 2547 5779 ipso
2597 5709 2837 5765 Domino
2876 5708 3267 5781 praemonente
3313 5710 3375 5764 in
3432 5711 3758 5781 Evangelia
3788 5717 3832 5765 et
