3970 6146
114 298 261 350 1449

107 421 347 475 dicente
377 436 389 475 :
424 421 595 477 Nolite
623 422 857 486 cogitare
894 419 1147 487 dicentes,
1188 421 1323 490 quid
1347 421 1527 488 editis,
1562 427 1657 476 aut
1687 422 1824 491 quid

105 494 464 546 vestiemini:
498 492 593 545 hoc
624 494 765 545 enim
794 492 983 547 Gentes
1020 494 1277 559 cogitant.
1322 493 1436 547 Scit
1460 496 1620 547 Pater
1652 499 1825 547 vester

110 563 257 632 quia
281 565 469 617 horum
498 565 733 616 omnium
764 562 1021 631 indigetis
1046 583 1061 617 :
1087 566 1309 631 quaerite
1333 566 1572 632 primum
1600 580 1824 633 regnum

110 636 241 702 Dei,
275 639 323 687 et
351 636 628 703 justitiam
657 635 810 701 ejus;
837 640 885 688 et
926 636 1032 687 hac
1063 637 1243 688 omnia
1281 640 1620 704 opponentur
1648 636 1818 691 vobis.

109 705 350 774 (Matth.
393 721 465 771 v1,
521 705 728 775 3l-33).
794 706 1191 758 Verumtamen
1251 712 1555 775 antequam
1613 710 1826 759 statuat

109 792 245 829 esse
277 776 349 855 in.
368 776 732 855 monasterio,
764 776 967 855 probet
993 776 1351 855 propositum
1378 777 1617 829 fratrum
1651 782 1824 855 atque

112 847 477 916 exemplum,
526 850 581 899 et
628 846 749 916 ipse
791 847 1065 916 probetur
1094 846 1154 900 in
1195 847 1353 900 omni
1397 846 1824 901 conversatione

110 918 196 971 ab
229 917 329 971 illo
370 918 469 986 qui
503 917 662 970 Prior
689 921 793 984 est,
821 922 875 970 et
904 917 1119 971 caeteris
1148 918 1653 981 consentientibus,
1690 934 1824 987 pro-

108 994 257 1058 pter
280 988 421 1042 illud
455 988 603 1057 quod
643 988 933 1058 Scriptura
961 990 1126 1042 docet
1160 994 1215 1041 et
1250 989 1537 1054 admonet,
1588 989 1779 1042 dicens
1809 1004 1822 1041 :

107 1060 376 1113 Amicum
422 1060 536 1113 noli
582 1061 684 1112 cito
737 1060 1097 1127 comprobare.
1148 1058 1255 1113 Sed
1301 1059 1351 1112 si
1407 1060 1710 1129 contigerit
1766 1066 1827 1113 ut

114 1130 337 1199 aliquis
385 1145 452 1182 ex
506 1129 758 1200 qualibet
802 1146 971 1183 causa
1008 1130 1357 1184 necessitatis
1403 1147 1435 1183 a
1478 1129 1824 1183 monasterio

113 1200 303 1254 fuerit
350 1200 684 1268 abstractus,
724 1216 797 1253 ne
836 1201 923 1253 vel
960 1207 1147 1254 mente
1185 1200 1469 1269 concipiat
1498 1218 1689 1254 secum
1723 1200 1825 1253 ali-

113 1271 267 1351 quid
300 1271 445 1351 ferre
477 1271 545 1324 de
567 1270 635 1324 iis
665 1271 929 1351 omnibus
952 1272 1169 1351 quze‘in
1196 1271 1541 1351 monasterio
1574 1272 1823 1338 fuerunt,

116 1342 244 1395 sive
266 1342 436 1413 etiam
465 1358 593 1411 qua:
613 1358 803 1395 secum
826 1342 1133 1412 aliquando
1157 1343 1444 1406 attulerat,
1465 1342 1580 1396 sive
1606 1359 1671 1395 ea
1697 1358 1826 1413 quae

115 1429 260 1467 cum
305 1412 578 1466 fratribus
625 1412 1004 1482 acquisierat:
1056 1413 1191 1483 quia
1234 1420 1453 1467 certum
1492 1418 1593 1479 est,
1626 1412 1827 1466 fratres

112 1483 274 1537 nihil
300 1483 531 1551 habere,
561 1485 871 1553 possidere,
903 1485 1058 1549 dare,
1086 1485 1170 1537 vel
1193 1484 1447 1553 accipere
1473 1484 1679 1537 debere
1708 1483 1827 1536 sine

115 1554 441 1624 superioris
473 1554 715 1608 licentia.
763 1555 923 1618 Quod
960 1554 1005 1606 si
1044 1555 1420 1625 propinquus.
1461 1555 1550 1608 vel
1592 1554 1825 1620 amicus,

115 1625 216 1679 vel
252 1625 490 1695 quilibet
520 1626 783 1690 fratrum,
819 1625 1032 1695 aliquid
1074 1626 1277 1679 offerre
1317 1625 1596 1691 voluerit;
1639 1625 1827 1695 primo

116 1694 365 1765 quidem
408 1697 592 1749 Priori
639 1694 982 1760 insinuetur,
1018 1700 1073 1749 et
1119 1696 1197 1749 sic
1239 1696 1599 1765 suscipiatur,
1632 1694 1679 1748 si
1708 1696 1828 1765 ipse

114 1767 521 1837 mandaverit:
549 1768 617 1837 de
650 1783 763 1837 quo
804 1772 997 1820 tamen
1029 1766 1168 1820 nihil
1202 1767 1302 1819 ﬁat
1336 1766 1509 1831 aliud,
1541 1766 1829 1837 nisiquod

114 1836 310 1890 Priori
358 1836 783 1907 placuerit,’vel
822 1836 1182 1905 permiserit;
1234 1836 1507 1907 quoniam
1546 1836 1705 1889 valde
1734 1852 1825 1887 ve-

116 1907 375 1961 rendum
413 1912 518 1975 est,
559 1922 631 1959 ne
674 1906 779 1959 sibi
820 1908 1042 1959 eveniat
1082 1907 1235 1977 quod
1268 1906 1537 1977 scriptum
1570 1912 1688 1959 est:
1728 1908 1827 1960 Vir

115 1977 407 2031 mutabilis
434 1981 490 2031 in
540 1976 728 2043 lingua
780 1977 971 2031 incidit
1022 1980 1079 2031 in
1108 1976 1253 2030 mala
1294 1976 1469 2047 (Prov.
1502 1994 1620 2041 xm,
1659 1979 1728 2043 3).
1764 1977 1829 2030 Et

117 2047 360 2115 iterum,
394 2054 455 2101 ut
482 2049 705 2101 nullum
736 2048 969 2102 omnino
996 2048 1065 2101 de
1095 2048 1365 2101 fratribus
1394 2064 1584 2101 secum
1619 2064 1827 2117 provo-

116 2122 239 2189 cet,
273 2135 344 2172 ne
382 2119 563 2189 magis
600 2120 916 2172 destructor
946 2134 1119 2189 quam
1156 2118 1464 2172 aedificator
1492 2118 1826 2172 monasterii

116 2188 424 2244 videatur:
470 2188 705 2259 propter
734 2189 791 2243 id
823 2188 979 2260 quod
1015 2189 1286 2259 scriptum
1318 2195 1403 2243 est
1429 2205 1442 2242 :
1484 2190 1586 2254 Qui
1617 2204 1721 2242 non
1751 2193 1827 2242 est

116 2275 350 2327 mecum,
402 2266 587 2314 contra
632 2276 712 2314 me
755 2266 861 2325 est;
912 2265 960 2314 et
1000 2262 1095 2321 qui
1136 2276 1337 2314 mecum
1371 2276 1477 2313 non
1519 2264 1825 2326 congregat,

118 2330 399 2402 dispergit
441 2332 659 2389 (Matth.
705 2347 800 2397 xu,
852 2331 960 2402 30).
1002 2331 1065 2384 Et
1094 2331 1441 2402 quicumque
1492 2335 1829 2402 provocatus

119 2400 199 2455 ab
227 2403 438 2471 aliquo,
470 2402 538 2456 de
565 2400 1186 2455 monasteriovoluerit
1213 2400 1539 2469 abscedere,
1571 2406 1667 2454 aut
1698 2400 1831 2454 red-

120 2478 335 2552 arguat
382 2477 809 2552 provocantem,
864 2476 963 2552 aut
1011 2476 1140 2525 ante
1196 2472 1404 2552 indicet
1452 2471 1761 2552 Praeposito
1789 2473 1828 2552 ξε

121 2541 221 2597 cui
252 2541 450 2613 utique
486 2544 554 2597 de
586 2544 672 2607 iis,
717 2559 845 2612 quae
875 2543 934 2595 in
960 2543 1252 2596 communi
1292 2542 1643 2613 decrevimus
1687 2541 1829 2594 nihil

123 2629 253 2667 esse
283 2612 484 2668 censeo
526 2614 999 2678 subtrahendum,
1043 2613 1177 2683 qu'ia
1207 2612 1479 2684 scriptum
1510 2617 1629 2665 est:
1667 2614 1830 2666 Paci-

119 2686 220 2753 ﬁci
246 2688 357 2738 sint
381 2686 483 2739 tibi
501 2686 677 2749 multi,
708 2685 802 2738 sed
830 2700 967 2738 unus
994 2700 1060 2737 ex
1086 2685 1231 2737 mille
1258 2687 1330 2739 sit
1361 2684 1461 2738 tibi
1489 2684 1831 2737 consiliarius

124 2755 323 2823 (Eccli.
344 2772 421 2824 v1,
449 2756 522 2825 ὃ).
552 2755 733 2824 Igitur
754 2756 873 2809 haec
895 2772 1023 2825 quae
1046 2756 1254 2823 scripta
1274 2760 1423 2817 sunt,
1455 2770 1581 2807 cum
1609 2770 1833 2825 summa

126 2825 429 2896 diligentia
485 2823 834 2879 Observanda
888 2823 1017 2879 sunt
1072 2842 1106 2878 a
1156 2825 1467 2895 Praeposito
1524 2839 1706 2894 usque
1764 2823 1833 2877 ad

194 2932 208 2963 ¹
242 2930 561 2990 Holstenius,
591 2930 795 2981 Abbati.

1311 297 1599 354 REGULA
1639 297 1986 355 SECUNDA.
2030 299 2417 356 APPENDIX.

3488 307 3626 360 1450

1930 438 2130 477 omnes
2152 424 2370 477 fratres.
2400 422 2465 476 Et
2489 421 2536 475 si
2558 422 2686 493 quis
2709 421 2779 475 ab
2808 421 3000 493 aliquo
3021 422 3338 478 doctrinam
3360 414 3645 490 audierit,‘

1928 499 2138 565 printer
2167 511 2339 565 quam
2370 493 2430 546 in
2461 493 2806 547 monasterio
2843 499 3179 565 consecutus
3221 500 3303 549 est
3342 496 3411 549 ab
3438 513 3503 549 eo
3533 498 3624 550 cui

1931 564 1988 618 Se
2018 564 2282 631 credidit;
2319 566 2462 618 hanc
2493 570 2685 618 autem
2710 564 2998 635 suscipiat,
3022 571 3077 618 et
3106 582 3229 618 eam
3261 582 3375 619 non
3407 568 3628 621 subtra-

1930 637 2029 690 hat
2059 636 2311 689 doctori:
2345 636 2480 706 quia
2525 635 2798 706 scriptum
2848 641 2966 689 est:
3004 636 3166 690 Omne
3209 637 3351 705 quod
3392 640 3624 704 manife-

1930 712 2127 773 statur,
2163 709 2258 760 lua:
2285 714 2361 760 est
2394 708 2605 774 (Ephes.
2642 724 2691 773 v,
2726 706 2827 775 l3).
2855 706 2911 760 Si
2941 707 3096 759 enim
3124 708 3273 760 bona
3294 708 3485 773 fuerit,
3511 710 3623 760 col-

1931 778 2217 831 laudanda
2246 782 2355 844 est;
2386 778 2432 830 si
2455 794 2586 831 vero
2610 793 2801 846 prava,
2832 777 3206 847 reprobanda.
3234 780 3310 831 De
3342 778 3409 830 iis
3436 784 3626 831 autem

1931 848 2202 902 fratribus
2248 848 2347 918 qui
2391 848 2470 918 in,
2505 848 2722 901 unitate
2767 850 3103 912 consistunt,
3161 848 3205 900 si
3256 849 3383 917 quis
3439 849 3626 902 subito

1933 919 2197 973 adversus
2228 917 2603 989 Praepositum
2638 920 2938 971 altercatus
2962 919 3160 983 fuerit;
3194 935 3307 971 non
3336 919 3518 971 solum
3549 936 3629 972 se-

1932 990 2066 1056 mel,
2093 991 2187 1043 sed
2219 991 2464 1043 secundo
2496 995 2552 1043 et
2574 990 2757 1054 tertio,
2792 995 2854 1042 ut
2885 990 3249 1058 Evangelium
3281 990 3461 1055 docet,
3500 990 3628 1041 licet

1935 1076 2162 1114 exorare
2214 1060 2427 1128 (Matth.
2472 1077 2625 1125 xvru,
2672 1062 2878 1127 15-17).
2924 1060 2979 1113 Si
3028 1066 3219 1113 autem
3269 1060 3519 1113 noluerit
3569 1076 3627 1112 se

1935 1133 2257 1197 emendare,
2304 1131 2397 1185 ille
2440 1132 2529 1184 cui
2572 1131 2841 1200 injuriam
2879 1131 3160 1199 irrogatus
3200 1135 3304 1193 est,
3351 1135 3477 1199 post
3510 1129 3628 1198 pri-

1933 1219 2086 1256 mam
2108 1203 2193 1255 vel
2227 1203 2533 1256 secundam
2563 1202 2994 1264 correctionem,
3025 1202 3122 1271 qui
3151 1217 3263 1254 non
3284 1200 3630 1253 revocaverit

1934 1278 2344 1340 contumacem,
2380 1273 2677 1326 denuntiet
2707 1277 2762 1325 et
2790 1272 2926 1325 illud
2960 1272 3291 1341 Praeposito,
3319 1288 3389 1324 nc
3422 1287 3525 1341 per
3553 1276 3632 1323 ta-

1935 1344 2340 1409 citurnitatem,
2374 1349 2429 1397 et
2457 1344 2571 1406 ille,
2607 1349 2661 1396 ct
2683 1344 2857 1396 frater
2882 1360 3015 1395 suus
3038 1343 3451 1412 periclitentur,
3486 1341 3629 1394 sicut

1934 1415 2203 1468 Salomon
2235 1415 2334 1479 ait,
2369 1414 2471 1478 Qui
2497 1416 2725 1467 occultat
2760 1413 3126 1480 inimicitiam,
3166 1416 3389 1466 instruit
3427 1413 3626 1465 dolum.

1935 1485 1992 1539 Si
2021 1501 2171 1551 vero,
2206 1489 2267 1537 ut
2293 1485 2415 1537 fieri
2449 1486 2607 1547 solet,
2641 1485 2885 1536 incursio
2920 1484 3216 1551 repentina
3244 1484 3631 1552 supervenerit

1937 1559 2035 1610 aut
2063 1556 2364 1620 hostilitas,
2401 1554 2833 1622 utimpossibile
2866 1554 2935 1606 sit
2962 1554 3230 1606 fratribus
3252 1554 3307 1605 in
3330 1569 3509 1605 unum
3540 1554 3629 1605 fu-

1937 1642 2066 1697 gam
2125 1630 2319 1695 petere
2376 1631 2610 1695 propter
2661 1625 3075 1697 insecutionem
3132 1624 3517 1697 inimicorum,
3577 1628 3633 1676 et

1936 1694 2300 1766 postmiidum
2343 1697 2451 1749 Deo
2486 1694 2712 1748 favente
2752 1696 3049 1755 evaserint,
3089 1700 3144 1747 et
3175 1694 3631 1766 potuerintperf

1935 1764 2129 1819 venire
2156 1766 2249 1819 ubi
2272 1766 2645 1835 Praepositum
2674 1782 2792 1817 esse
2818 1765 3218 1832 cognoverint;
3247 1765 3421 1816 veluti
3440 1765 3543 1816 ﬁlii
3564 1764 3632 1817 ad

1936 1844 2180 1907 patrem,
2222 1836 2489 1890 festinare
2520 1836 2834 1907 debebunt.
2870 1837 2978 1889 Nec
3008 1837 3125 1907 ullo
3164 1836 3332 1907 modo
3366 1839 3633 1907 poterunt

1938 1906 2209 1977 separari,
2242 1924 2386 1977 quos
2416 1906 2609 1961 divina
2638 1906 2879 1959 charitas
2910 1906 3160 1972 sociavit,
3199 1906 3334 1974 quia
3360 1906 3629 1974 scriptum

1936 1985 2040 2045 est,
2090 1980 2330 2044 Perfecta
2376 1978 2587 2031 dilectio
2624 1980 2776 2042 foras
2806 1980 2974 2030 mittit
3013 1980 3251 2029 timorem
3283 1977 3326 2043 (Ι
3370 1979 3521 2028 Joan.
3552 1992 3627 2029 IV.

1938 2051 2047 2117 l8).
2084 2048 2139 2102 Si
2171 2048 2298 2118 quis
2327 2053 2538 2113 autem,
2572 2048 2725 2118 quod
2760 2048 3020 2116 superius
3050 2048 3315 2111 diximus,
3350 2062 3517 2099 causa
3546 2061 3635 2098 ne-

1936 2119 2211 2173 cessitatis
2236 2118 2451 2173 detinet
2477 2119 2554 2184 id,
2589 2119 2739 2189 quod
2771 2135 2801 2171 a
2833 2118 3179 2172 monasterio
3219 2133 3411 2171 secum
3441 2124 3633 2189 porta:

1937 2190 2043 2256 vit;
2080 2206 2304 2244 necesse
2353 2186 2736 2256 habebitfubi
2784 2188 3125 2259 Praepositus
3177 2205 3312 2241 suus
3356 2192 3460 2253 est,
3494 2186 3635 2241 illud

1937 2261 2224 2331 perferre:
2257 2261 2390 2331 quia
2419 2277 2531 2314 non
2558 2260 2769 2331 poterit
2800 2260 2905 2313 sibi
2936 2260 3197 2323 retinere,
3231 2259 3381 2329 quod
3410 2274 3512 2327 per
3541 2274 3635 2328 pa-

1937 2330 2090 2385 ctum
2125 2332 2194 2385 ad
2227 2330 2425 2385 omnes
2469 2331 2736 2401 pertinet,
2771 2337 2828 2384 et
2862 2332 2975 2384 Deo
3007 2330 3205 2399 utique
3236 2335 3318 2382 est
3342 2344 3633 2381 consecra-

1936 2406 2079 2481 tum.
2113 2402 2218 2481 Sed
2251 2402 2296 2454 si
2328 2400 2657 2481 cogitaverit
2682 2402 2751 2481 de
2777 2401 2869 2481 liis
2902 2400 3421 2481 aliquidreti'nere,
3443 2404 3636 2481 contra

1938 2472 2151 2526 dictum
2173 2470 2427 2541 Apostoli
2449 2488 2616 2541 agere
2644 2472 2883 2536 videtur,
2916 2470 3015 2539 qui
3060 2470 3156 2534 ait,
3207 2472 3421 2524 Nemini
3468 2470 3637 2536 quid-

1940 2559 2103 2611 quam
2134 2544 2391 2606 debeatis,
2433 2546 2544 2596 nisi
2576 2548 2635 2596 ut
2664 2544 2889 2595 invicem
2922 2542 3167 2606 diligatis
3198 2556 3289 2594 vos
3316 2543 3490 2607 (Rom.
3520 2556 3638 2607 xm,

1942 2616 2020 2684 8).
2057 2613 2262 2668 Omnia
2297 2630 2433 2683 ergo
2466 2629 2593 2682 quae
2624 2612 2681 2664 in
2712 2612 2821 2665 isto
2854 2611 3408 2684 libro__continen_tu_r,
3444 2625 3641 2684 omnes

1941 2681 2520 2748 fratres'observent;
2576 2687 2745 2753 atque
2792 2681 3167 2753 subscribant,
3216 2681 3311 2749 qui
3354 2681 3501 2753 boni
3521 2697 3642 2733 esse

1941 2754 2283 2807 desiderant.
2333 2754 2541 2806 Verum
2585 2750 2819 2822 propter
2868 2752 2995 2805 illos
3043 2756 3175 2804 sunt
3214 2756 3399 2815 cauta,
3450 2750 3508 2804 id
3556 2754 3640 2803 est

1941 2826 2168 2894 scripta,
2204 2823 2302 2894 qui
2332 2823 2389 2876 in
2416 2823 2682 2877 omnibus
2715 2822 2943 2876 stabiles
2970 2838 3089 2876 esse
3115 2827 3443 2875 noscuntur.

1568 3121 2196 3200 ADMONITIO

1434 3280 1524 3333 DE
1570 3278 1907 3342 SEQUENTI
1957 3278 2333 3333 OPUSCULO.

204 3410 563 3466 Contulimus
593 3409 747 3464 istud
776 3407 1113 3478 opusculum
1145 3405 1214 3459 ad
1244 3403 1533 3478 exemplar
1563 3400 1902 3478 Corbeiense
1931 3405 2060 3478 ante
2076 3402 2465 3478 _mille_annqs,
2500 3401 2583 3478 uti
2609 3401 2848 3465 videtur,
2874 3404 3189 3478 exaratum,
3208 3415 3329 3478 quo
3350 3401 3410 3453 in
3440 3416 3637 3478 exem-

132 3483 280 3554 plari
311 3482 379 3536 ab
411 3498 476 3535 eo
513 3481 657 3549 loco,
689 3471 899 3554 Psaltni
932 3495 1010 3554 ru,
1041 3492 1170 3541 Lxu,
1206 3480 1323 3554 e_tc._
1343 3471 1463 3545 (ubi
1487 3474 1673 3554 Lucas
1713 3472 2034 3554 Holstenius
2071 3472 2130 3526 in
2161 3472 2372 3554 codice
2398 3474 2765 3554 Regularum,
2815 3476 2974 3552 parte
3015 3471 3261 3554 secunda
3304 3487 3432 3553 cum
3474 3472 3637 3525 editis

130 3543 362 3609 hmerb.
398 3554 549 3606 Eras.
586 3543 654 3605 et
686 3553 815 3605 Lov.
845 3550 979 3603 satis
1006 3543 1358 3615 concordat),
1383 3545 1560 3615 variat
1591 3544 1743 3597 hunc
1772 3543 1830 3615 in
1862 3544 2097 3615 modum
2124 3560 2137 3597 :
2171 3544 2372 3597 Psalmi
2420 3545 2941 3615 tres,sewagesimus
2990 3546 3275 3608 secundus,
3314 3544 3553 3615 quintus,
3589 3548 3638 3597 et

132 3626 480 3693 octogesimus
506 3637 695 3677 nonus.
729 3624 971 3693 (Lacuna
994 3620 1085 3673 hic
1114 3622 1199 3693 est
1228 3613 1684 3693 e_xigua,_deleto,
1718 3614 1806 3693 uti
1835 3614 2075 3693 videtur,
2105 3615 2276 3693 verbo
2308 3630 2403 3693 sex
2434 3614 2658 3693 circiter
2688 3614 3031 3693 litterarum,
3066 3618 3120 3693 et
3151 3629 3298 3693 mox“
3313 3613 3573 3693 sequitur
3595 3616 3639 3693 ε)

134 3697 227 3751 Ad
250 3684 494 3749 vtertiam
535 3684 778 3763 psalmus
826 3692 899 3745 ad
942 3684 1371 3759 respondendum
1414 3687 1673 3763 dicatur:
1717 3684 1909 3763 deinde
1942 3686 2438 3763 antiphon:e__duee,
2492 3687 2660 3763 lectio,
2702 3689 2751 3737 et
2797 3686 3214 3763 completorium.
3261 3684 3443 3737 Simili
3485 3684 3638 3738 modo

133 3772 290 3823 sexta
314 3772 365 3819 et
392 3756 552 3819 nona:
592 3765 678 3818 Ad
708 3756 1067 3817 lucernarium
1098 3764 1275 3814 autem
1300 3759 1543 3827 psalmus
1572 3758 1943 3825 responsorius
1988 3772 2149 3821 unus,
2177 3757 2487 3823 antiphonaz
2525 3760 2777 3827 quatuor,
2811 3757 2931 3827 item
2970 3756 3215 3827 psalmus
3245 3769 3383 3807 unus
3406 3770 3641 3827 respon-

132 3840 331 3905 sorius,
377 3838 546 3903 lectio,
601 3840 651 3889 et
696 3835 1112 3904 completorium.
1144 3834 1214 3886 Et
1254 3825 1484 3905 tempore
1522 3832 1986 3905 opportuno_p_ost
2033 3828 2415 3905 lucernarium,
2462 3825 2705 3905 omnibus
2752 3826 3071 3905 sedentibus
3102 3826 3350 3892 legantur
3395 3826 3641 3905 lectiones

137 3909 253 3979 (Hic
282 3896 506 3961 erasum
532 3896 632 3959 'est
659 3896 841 3959 unum
870 3905 1130 3972 verbum,
1163 3906 1218 3956 et
1248 3896 1504 3979 proxime
1537 3896 1794 3979 sequitur
1814 3899 2003 3979 :‘)_Post
2037 3899 2144 3979 ham
2174 3902 2348 3979 autem
2379 3896 2844 3979 consuetudinum
2868 3898 3071 3965 psalmi
3097 3902 3220 3979 ante
3252 3899 3516 3979 somnium
3547 3898 3640 3949 di-

134 3967 348 4045 cantur,
382 3982 529 4031 nocte
554 3982 732 4031 autem
763 3979 1049 4041 orationes,
1090 3967 1265 4028 mense
1288 3972 1581 4037 novembri,
1615 3967 1747 4045 ἔξω]
1780 3968 2269 4045 ubi__quod__semel
2301 3973 2356 4021 et
2386 3968 2593 4045 iterum
2629 3968 2855 4045 dicitur,
2880 3973 2937 4045 et
2965 3968 3383 4045 completorium,
3418 3967 3643 4020 videtur

136 4038 345 4104 sonare,
369 4049 521 4102 idem
551 4065 679 4101 cum
711 4048 891 4101 isthac
921 4038 1169 4100 formula
1196 4063 1227 4098 a
1266 4046 1430 4098 Patre
1472 4046 1662 4095 nostro
1703 4040 2007 4094 Benedicto
2050 4040 2454 4093 Matutinorum
2500 4038 2753 4092 ofﬁcium
2795 4039 3115 4105 ordinante,
3153 4038 3239 4091 bis
3269 4042 3560 4106 usurpata,
3596 4043 3646 4091 et

136 4122 449 4189 completum
480 4124 577 4184 est,
610 4118 665 4172 id
698 4123 782 4171 est
826 4123 1119 4187 peractum
1160 4115 1238 4189 sic
1279 4115 1385 4167 erit
1414 4112 1687 4189 officium,
1729 4112 1854 4189 vel,_
1875 4111 2121 4189 addetur
2146 4110 2330 4163 ﬁnalis
2360 4109 2559 4189 oratio,
2592 4110 2776 4189 qualis
2808 4110 3271 4189 eanscilicetqutn
3304 4108 3643 4189 iiitantiqui‘s

135 4178 458 4247 missalibus
507 4178 599 4244 Ad
649 4178 1018 4259 complendum
1069 4186 1598 4259 vocita_tur._Porro
1647 4183 1706 4235 in
1753 4181 2192 4259 eodem‘codice
2242 4181 2580 4259 opusculum
2612 4178 3051 4259 ’absque‘titulo
3082 4178 3169 4259 _sic
3213 4178 3643 4259 incipite/inte

136 4266 334 4328 omnia,
381 4266 488 4316 etc.
521 4260 631 4315 Sed
663 4260 732 4313 ad
761 4248 886 4313 haec
916 4258 1118 4312 ultima
1144 4256 1338 4328 verba,
1372 4254 1437 4328 de
1480 4258 1660 4328 vestra
1708 4253 1897 4328 salute.
1951 4252 2145 4317 Amen,
2195 4248 2569 4328 continenter
2601 4256 2657 4328 et
2684 4248 3100 4328 inieodemmet
3137 4265 3302 4328 versu
3349 4248 3646 4328 subjicitur

138 4320 354 4404 Regula
399 4333 453 4387 S.
487 4330 794 4401 Augustini
840 4331 974 4384 viris
1016 4332 1227 4399 aptata,
1260 4326 1345 4380 uti
1381 4326 1504 4395 jam
1543 4322 1987 4385 observavimus,
2039 4338 2167 4376 cum
2217 4321 2369 4375 hisce
2417 4320 2601 4374 verbis
2632 4320 2690 4374 in
2722 4322 2868 4374 line:
2924 4321 3170 4389 Explicit
3211 4320 3413 4385 Regula
3468 4321 3644 4373 sancti

137 4406 432 4473 Augustini
459 4404 715 4471 episcopi.

1049 4623 1782 4752 REGULA
1876 4619 2739 4746 SECUNDA.

221 4818 266 4868 l.
298 4818 441 4869 Ante
482 4814 694 4879 omnia,
736 4810 938 4865 fratres
979 4806 1317 4871 charissimi,
1364 4805 1634 4879 diligatur
1668 4804 1838 4879 Deus,

146 4884 346 4939 deinde
373 4890 428 4938 et
463 4875 776 4956 proximus,
797 4880 955 4956 “quia
990 4880 1098 4933 ista
1138 4882 1423 4949 praecepta
1452 4875 1843 4956 principaliter

144 4956 307 5010 nobis
329 4945 639 5009 sunfdata.
670 4945 925 5017 Qualiter
952 4945 1157 5005 autem—
1176 4966 1278 5003 nos
1306 4945 1532 5019 oportet
1560 4962 1724 5019 orare
1756 4945 1843 4998 vel

189 5027 407 5089 sallere,
454 5025 859 5079 describimus:
901 5023 955 5078 id
1002 5025 1106 5090 est,
1145 5020 1206 5073 in
1244 5018 1540 5090 matutinis
1584 5018 1844 5090 dicantur

189 5044 407 5089 saliere,
454 5044 859 5079 OBSCI'IDIIDUSZ
902 5044 955 5078 10
1002 5044 1106 5090 εδι,
1145 5044 1206 5073 lu
1244 5044 1540 5073 ﬂluluuuw
1584 5044 1841 5071 unctulum;

146 5044 352 5153 ἔδειιωὶ
382 5113 460 5161 ιιι,
504 5112 633 5162 Lxu,
664 5111 738 5159 vi,
781 5098 836 5147 et
864 5109 1118 5157 Lxxxvm,
1159 5107 1289 5144 cum
1321 5089 1547 5162 debitis
1578 5088 1843 5162 antipho-

145 5168 249 5244 nis,
296 5158 551 5244 versibus
590 5158 646 5219 et
687 5158 1083 5244 responsoriis.
1119 5162 1203 5215 Ad
1230 5160 1589 5244 ‘prim‘amﬂet
1617 5158 1845 5244 tertiam

149 5230 408 5295 dicantur
456 5237 541 5289 sui
584 5230 810 5306 psalmi,
848 5234 1182 5305 antiphonte
1214 5230 1362 5306 diue,
1396 5230 1661 5306 lectiones
1694 5230 1842 5306 dum.

147 5311 327 5366 Simili
356 5308 527 5362 modo
553 5298 624 5360 ad
646 5298 862 5358 sextam
893 5310 949 5359 et
973 5298 1185 5358 nonam
1214 5304 1473 5357 dicantur
1504 5300 1591 5353 sui
1619 5298 1845 5369 psalmi,

148 5399 275 5438 cum
307 5379 513 5435 debitis
554 5376 923 5447 responsoriis
962 5381 1019 5430 et
1058 5374 1403 5447 antiphonis,
1450 5373 1565 5447 Hoc
1604 5370 1753 5447 idem
1788 5370 1849 5424 in

151 5452 396 5524 vesperis
444 5455 501 5524 et
553 5443 941 5518 completoriis
984 5443 1260 5524 servetur.
1322 5445 1405 5498 Ad
1437 5443 1846 5524 _lu‘cernarium

153 5513 339 5579 autem
370 5513 1100 5593 psalmus,jesponsorium
1124 5532 1323 5583 unum,
1357 5513 1682 5593 antipbopte
1712 5518 1844 5577 tres,

152 5585 419 5649 lectiones
469 5599 599 5647 tres.
637 5592 703 5645 Et
750 5585 1009 5659 tempore
1054 5594 1381 5658 opportuno
1408 5590 1550 5659 post
1588 5585 1848 5659 lucerna-

154 5666 321 5732 rium,
357 5664 623 5720 omnibus
640 5656 967 5716 sedentibus
997 5656 1583 5732 leganturqlectiones.
1612 5656 1851 5732 _Noctur-

158 5752 242 5791 nte
268 5726 459 5791 autem
499 5733 783 5807 orationes
821 5747 1018 5807 mense
1056 5726 1383 5807 novembri,
1414 5726 1723 5807 decembri,
1760 5726 1850 5795 ja-

161 5806 359 5863 nuario
375 5812 431 5862 et
456 5805 766 5868 februario,
788 5803 1120 5874 antiphonse
1145 5800 1469 5867 duodecim,
1500 5798 1706 5871 psalmi
1732 5812 1850 5863 sex,

456 5878 731 5945 Prmon.
780 5876 1028 5945 XXXII.

1950 4800 2220 4857 lectiones
2250 4804 2383 4855 tres.
2419 4800 2634 4863 Martio,
2677 4800 2866 4871 aprili,
2911 4800 3243 4871 septembri,
3272 4801 3510 4865 octobri,
3545 4816 3645 4853 an-

1949 4874 2205 4943 tiplionaz
2236 4872 2451 4937 decem,
2488 4871 2693 4940 psalmi
2718 4872 2990 4943 quinque,
3017 4872 3285 4926 lectiones
3315 4877 3446 4925 tres.
3466 4871 3643 4943 Maio,

1943 4942 2129 5015 junio,
2159 4943 2321 5015 julio,
2356 4946 2410 4994 et
2440 4947 2701 5015 augusto,
2737 4942 3064 5012 antiphouai
3093 4948 3238 5012 octo,
3272 4942 3476 5013 psalmi
3506 4958 3645 5012 qua-

1950 5012 2097 5082 tuor,
2132 5012 2400 5067 lectiones
2432 5012 2581 5066 duae.

2021 5089 2074 5140 2.
2108 5086 2425 5154 Operentur
2450 5100 2481 5136 a
2529 5099 2695 5137 mane
2742 5100 2920 5153 usque
2969 5084 3037 5138 ad
3080 5088 3315 5150 sextam,
3352 5087 3405 5136 et
3433 5098 3466 5135 a
3495 5085 3649 5154 sexta

1953 5152 2229 5226 usquead
2279 5170 2488 5208 nonam
2534 5159 2732 5208 vacent
2777 5152 3025 5221 lectioni,
3060 5161 3115 5209 et
3166 5156 3492 5226 adponam
3525 5152 3652 5205 red-

1953 5224 2090 5281 dant
2136 5226 2371 5279 codices.
2409 5226 2472 5278 Et
2498 5232 2798 5295 postquam
2852 5228 3171 5291 refecerint,
3220 5224 3335 5276 sive
3366 5224 3425 5275 in
3462 5224 3646 5295 horto,

1954 5298 2067 5351 sive
2100 5296 2445 5365 ubicumque
2475 5294 2703 5349 necesse
2737 5298 2927 5363 fuerit,
2961 5297 3168 5350 faciant
3198 5312 3338 5365 opus
3372 5310 3548 5363 usque
3581 5294 3651 5347 ad

1954 5369 2150 5425 horam
2199 5367 2525 5421 lucernarii.
2584 5368 2757 5420 Nemo
2807 5368 2913 5421 sibi
2962 5366 3177 5436 aliquid
3225 5365 3470 5417 vindicet
3518 5380 3649 5433 pro-

1953 5438 2327 5511 prium,__sive
2378 5438 2455 5511 in
2488 5438 2845 5511 vestimento,
2899 5437 3011 5490 sive
3061 5438 3117 5511 in
3167 5451 3649 5511 quacumquere.

1954 5504 2335 5580 ApostOlicam
2368 5509 2520 5562 enim
2547 5509 2722 5563 vitam
2749 5504 3011 5580 optamus
3032 5504 3217 5559 vivere
3251 5508 3402 5580 (Act._
3420 5504 3645 5580 x1_.__/i§3).

1956 5576 2134 5636 Nemo
2165 5596 2294 5633 cum
2325 5596 2619 5633 murmure
2656 5576 2869 5649 aliquid
2906 5579 3092 5643 faciat,
3124 5584 3187 5630 ut
3215 5576 3535 5649 nonsimili
3560 5576 3655 5645 ju-

1957 5652 2106 5706 dicio
2139 5658 2628 5705 murmuratorum
2658 5648 2889 5719 pereat:
2924 5649 3169 5702 fideliter
3211 5648 3478 5719 obediaut
3509 5664 3519 5701 :
3556 5663 3652 5719 pa-

1957 5728 2105 5777 trem
2136 5738 2301 5776 suum
2333 5723 2617 5777 honorent
2656 5718 2784 5789 post
2813 5721 2989 5773 Deum
3017 5735 3029 5772 :
3078 5718 3389 5788 Praeposito
3428 5735 3530 5771 suo
3559 5718 3654 5771 de-

1958 5794 2146 5850 ferant
2201 5792 2344 5848 sicut
2405 5797 2563 5849 decet
2628 5796 2883 5845 sanctos:
2960 5790 3218 5844 sedentes
3276 5789 3345 5843 ad
3402 5804 3653 5844 mensam

2771 5860 3331 5945 (Quarante-sz’x.)
