3970 6146
104 353 234 407 1453

102 473 320 527 inclusa
348 472 417 527 de
447 471 691 527 crastino
722 471 794 526 sit
824 472 1085 541 sollicita,
1117 489 1246 528 cum
1290 475 1565 529 Dominus
1610 476 1798 531 dicat:

105 547 340 617 Primum
371 546 594 612 quaerite
629 559 850 617 regnum
898 545 1021 613 Dei,
1052 549 1101 598 et
1130 546 1236 600 haec
1265 548 1445 600 omnia
1474 548 1801 617 adjicientur

102 615 249 669 vobis
280 617 499 686 (Matth.
533 631 606 680 vi,
642 618 747 682 33).
781 615 1140 685 Quapropter
1176 615 1593 686 providendum
1626 623 1710 672 est
1738 622 1800 672 ut

106 702 261 739 mens
290 685 448 739 omni
475 701 666 739 rerum
699 686 1105 756 temporalium
1135 685 1271 742 cura
1294 692 1554 756 exuatur,
1587 694 1643 743 et
1671 705 1801 743 exo-

107 761 339 810 neretur
368 756 766 810 sollicitudine.

108 828 329 881 CAPUT
388 828 475 881 VI.
532 857 600 866 —
656 829 882 883 Recluso
922 844 987 882 ne
1038 844 1345 898 pauperum
1392 834 1489 883 aut
1528 830 1801 898 hospitum

168 903 439 967 praetextu
466 900 756 964 facultates
801 900 994 953 habere
1019 901 1148 954 uelit
1172 916 1186 954 :
1219 905 1411 955 utatur
1437 902 1644 956 ancilla
1670 916 1797 969 pro-

178 970 302 1023 bata
332 985 345 1022 :
376 985 484 1022 non
508 970 718 1037 puellas
749 969 954 1024 doceat.

172 1040 329 1103 Quod
361 1045 423 1093 ut
468 1039 585 1105 ﬁat,
624 1040 812 1094 videat
842 1040 1088 1105 inclusa;
1132 1045 1197 1094 ut
1235 1040 1283 1094 si
1322 1041 1447 1095 ﬁeri
1489 1045 1693 1112 potest,
1728 1042 1797 1096 de

103 1111 291 1164 labore
338 1125 614 1164 manuum
648 1127 880 1165 suarum
922 1112 1089 1165 vivat.
1134 1114 1245 1165 Hoc
1282 1112 1437 1166 enim
1484 1111 1798 1182 perfectum

101 1186 200 1235 est.
233 1182 289 1235 Si
321 1186 514 1235 autem
544 1186 642 1235 aut
671 1182 972 1235 inﬁrmitas
1012 1187 1110 1236 aut
1146 1182 1469 1236 teneritudo
1508 1199 1624 1236 non
1662 1200 1799 1252 per—

102 1251 318 1317 mittat;
349 1251 1026 1324 antequamincludatur,
1050 1257 1239 1324 certas
1257 1269 1529 1323 personas
1555 1251 1796 1324 quaerat,

100 1338 134 1394 a
158 1323 364 1394 quibus
388 1322 627 1394 singulis
654 1322 854 1376 diebus
875 1324 1027 1394 quod
1060 1323 1159 1376 uni
1189 1322 1303 1377 diei
1325 1322 1590 1389 sufﬁciat,
1614 1325 1798 1377 humi-

98 1393 228 1447 liter
247 1392 503 1465 recipiat,
540 1410 641 1447 nec
665 1410 833 1447 causa
863 1392 1179 1465 pauperum
1203 1396 1284 1448 vel
1312 1395 1605 1465 hospitum
1629 1394 1796 1464 quid-

100 1480 270 1535 quam
324 1464 572 1533 adjiciat.
626 1465 749 1518 Non
799 1464 947 1518 circa
1005 1466 1265 1518 cellulam
1329 1464 1453 1535 ejus
1520 1481 1798 1535 pauperes

99 1538 365 1601 clament,
392 1551 510 1589 non
538 1535 782 1605 orphani
812 1536 1057 1605 plorent,
1087 1552 1200 1589 non
1232 1535 1400 1588 vidua
1428 1535 1794 1590 lamentetur.

97 1606 205 1659 Sed
242 1605 390 1676 quis,
434 1606 682 1675 inquies,
726 1607 834 1659 hoc
877 1607 1090 1676 poterit
1136 1606 1479 1677 prohibere?
1517 1607 1598 1677 Tu
1643 1606 1794 1673 sede,

95 1682 159 1730 tu
191 1680 327 1744 tace,
360 1681 425 1731 tu
455 1677 691 1731 sustine.
722 1678 845 1731 Mox
876 1682 939 1730 ut
971 1676 1151 1730 scient
1177 1682 1233 1730 te
1264 1677 1408 1730 nihil
1439 1676 1673 1741 habere,
1707 1692 1797 1729 se-

98 1762 209 1818 que
241 1747 384 1801 nihil
413 1753 763 1817 recepturos,
792 1749 879 1801 vel
917 1747 1141 1818 fatigati
1174 1747 1483 1799 discedent.
1520 1746 1798 1818 Inhuma-

98 1817 237 1872 num
281 1820 389 1872 lioc
431 1820 657 1872 clames.
713 1818 993 1871 Craterum
1050 1817 1096 1869 si
1151 1822 1358 1885 prieter
1412 1817 1796 1870 necessarium

96 1888 311 1943 victum
354 1893 411 1941 et
456 1889 726 1942 vestitum
763 1888 979 1957 aliquid
1016 1886 1212 1951 habes,
1247 1887 1522 1940 monacha
1566 1903 1683 1940 non
1714 1903 1793 1941 es.

95 1958 243 2022 Quid
293 1974 428 2027 ergo
478 1957 780 2028 erogabis?
823 1958 1155 2027 praecipitur
1202 1960 1393 2010 tamen
1434 1957 1687 2028 inclusae,
1736 1962 1800 2028 ut

96 2029 375 2099 quidquid
406 2028 476 2082 de
505 2027 700 2082 labore
726 2044 1005 2082 manuum
1036 2043 1269 2081 suarum
1301 2027 1472 2081 victui
1494 2027 1795 2097 superfuit,

97 2100 285 2153 mittat
315 2099 541 2153 cuidam
582 2099 758 2165 ﬁdeli,
793 2100 893 2169 qui
924 2099 1272 2169 pauperibus
1316 2102 1530 2169 eroget.
1564 2099 1705 2152 Nolo
1736 2102 1800 2152 ut

93 2171 412 2224 insidiatrix
442 2170 731 2240 pudicitiae
760 2171 951 2223 vetula
980 2172 1158 2223 mixta
1186 2169 1535 2239 pauperibus
1574 2169 1800 2223 accedat

105 2240 371 2313 propius,
405 2239 620 2313 deferat
651 2241 731 2313 ab
762 2241 955 2313 aliquo
1000 2241 1407 2313 monachorum
1439 2240 1524 2293 vel
1563 2239 1798 2293 clerico-

103 2311 232 2367 rum
259 2312 544 2382 eulogias;
574 2327 694 2365 non
720 2312 924 2366 blanda
950 2311 1120 2365 verba
1148 2312 1208 2364 in
1254 2327 1389 2364 aure
1418 2314 1692 2382 susui'ret,
1713 2325 1799 2382 ne

97 2400 202 2455 pro
230 2380 459 2453 accepta
488 2383 852 2455 eleemosyna
882 2382 1143 2436 osculans
1177 2397 1423 2455 manum
1452 2380 1513 2434 in
1543 2397 1679 2434 aure
1707 2380 1797 2455 in-

101 2450 306 2508 sibilat.
344 2450 668 2508 Cavendum
688 2450 977 2577 praaterea
1006 2456 1109 2514 est,
1142 2458 1206 2505 ut
1234 2467 1336 2531 nec
1375 2452 1445 2505 ob
1491 2450 1798 2531 susceptio-

101 2541 234 2577 nem
260 2525 661 2577 reliciosarum
712 2524 1052 2577 eminarum.
1081 2522 1375 2577 quodlibet
1398 2522 1798 2577 hospitalitatis

101 2541 234 2579 nem
260 2525 661 2593 religiosarum
688 2522 1052 2586 feminarum,
1081 2522 1375 2593 quodlibet
1398 2522 1798 2592 hospitalitatis

101 2612 241 2650 onus
285 2593 502 2649 inclusa
536 2594 827 2664 suscipiat.
862 2596 1004 2648 Nam
1049 2593 1416 2664 interibonas
1456 2593 1798 2662 plerumque

101 2667 272 2721 etiam
303 2666 569 2735 pessima).
601 2663 854 2730 veniunt,
888 2681 1017 2735 quae
1051 2669 1182 2717 ante
1211 2663 1443 2735 inclusae
1486 2664 1798 2735 fenestram

106 2733 531 2791 discumbentes
575 2733 1100 2805 praemissis—valde
1144 2734 1353 2805 paucis;
1401 2736 1470 2805 de
1518 2733 1799 2805 religiosis

107 2808 466 2861 sermonibus
496 2808 562 2861 ad
578 2802 888 2860 saecularia
917 2802 1315 2861 devolvuntur.
1341 2802 1473 2856 inde
1500 2804 1797 2856 subtexere

102 2878 399 2945 amatoria,
443 2882 496 2931 et
542 2882 771 2931 noctem
819 2876 938 2930 fere
985 2880 1160 2929 totam
1208 2873 1794 2945 insomnemducere.

99 2949 246 3003 Sane
289 2952 349 3002 tu
388 2943 508 3002 tale
547 2947 753 3015 devita,
786 2962 859 3001 ne
897 2945 1119 3016 cogaris
1156 2944 1374 3008 audire,
1414 2943 1563 3013 quod
1607 2943 1799 3016 videre

98 3021 356 3074 horreas.
391 3020 555 3073 Forte
587 3013 748 3072 enim
770 3013 1117 3071 videbuntur
1159 3031 1373 3079 amara,
1401 3029 1530 3067 cum
1561 3013 1800 3068 audiun-

96 3098 217 3157 tur,
229 3091 313 3143 vel
327 3093 668 3155 cernuntur;
688 3104 817 3160 qum
835 3090 1173 3158 sequuntur,
1188 3084 1394 3160 dulcia,
1410 3100 1540 3138 cum
1552 3084 1671 3154 cogi
1676 3088 1800 3160 tan-

95 3154 214 3215 tur.
265 3160 322 3214 Si
365 3154 933 3224 scandalum-times,
985 3174 1053 3211 eo
1103 3156 1257 3227 quod
1302 3171 1407 3208 nec
1454 3154 1813 3225 pauperibus

96 3248 324 3302 erogas,
356 3248 489 3302 non,
511 3229 750 3302 suscipis
789 3228 1071 3302 hospites;
1099 3243 1232 3302 cum
1273 3242 1471 3302 omnes
1506 3230 1665 3302 tuam
1696 3241 1800 3279 nu-

99 3296 338 3358 dita'tem
380 3296 699 3378 didiceriut,
728 3317 845 3354 non
879 3296 988 3354 erit
1016 3298 1115 3378 qui
1152 3297 1551 3378 reprehendat.
1667 3311 1798 3349 vero

97 3390 209 3428 nec
246 3389 351 3443 pro
389 3372 754 3443 pauperibus,
788 3367 1384 3443 necprdhqspitibus
1417 3372 1477 3443 te
1508 3367 1677 3420 velim
1707 3382 1801 3437 pe-

96 3437 575 3511 cuniosam—esse;
616 3443 797 3496 multo
832 3437 1033 3511 utique
1073 3437 1264 3511 minus
1302 3437 1591 3511 occasione
1630 3453 1800 3508 gran-

97 3514 298 3592 dioris
320 3510 571 3568 familias.
607 3516 803 3584 Itaque
841 3510 1087 3592 eligatur
1122 3510 1227 3564 tibi
1271 3510 1459 3588 aliqua
1488 3524 1651 3592 anus,
1686 3523 1801 3592 non

101 3586 359 3657 garrula,
389 3601 503 3638 non
529 3600 688 3654 vaga,
710 3578 845 3657 non
866 3578 1133 3657 litigiosa,
1158 3597 1272 3657 non
1304 3578 1645 3657 nugigerula
1666 3594 1679 3644 ;
1704 3578 1798 3657 sed

98 3648 235 3727 qua).
266 3648 446 3710 bonos
476 3648 665 3727 mores
695 3648 1022 3727 excoluerit,
1056 3657 1112 3727 et
1140 3651 1207 3703 ab
1238 3651 1501 3727 omnibus
1540 3648 1803 3727 habuerit

98 3719 497 3782 testimonium
527 3724 800 3780 veritatis.
836 3725 965 3777 Haec
994 3722 1205 3776 ostium
1242 3720 1460 3774 cellulm
1500 3719 1798 3783 custodiat,

99 3804 161 3854 et
188 3798 341 3869 quod
375 3797 659 3869 debuerit.
690 3796 773 3849 vel
816 3794 1099 3869 admittat.
1127 3793 1213 3846 vel
1243 3795 1552 3869 conservet.
1588 3790 1803 3869 Habeat

99 3861 225 3923 sub'
240 3884 374 3922 cura
404 3885 504 3922 sua
532 3868 824 3922 fortiorem
858 3866 924 3919 ad
957 3880 1133 3919 onera
1169 3862 1522 3930 sustinenda,
1552 3861 1802 3931 puellam

99 3956 237 4011 qua:
284 3955 508 4011 aquam
541 3944 596 4011 et
645 3939 813 4011 ligna;
846 3938 1182 4011 comportet,
1230 3938 1435 4011 coquat
1480 3933 1663 4011 fabas,
1706 3936 1803 3985 aut

100 4005 292 4077 olera;
330 4005 429 4063 aut
468 4009 516 4061 si
562 4010 667 4063 hoc
691 4005 1043 4077 vinﬁrmitas
1071 4005 1347 4077 exegerit,
1362 4008 1685 4077 praeparet
1714 4019 1805 4073 po-

101 4073 286 4137 tiora.
313 4082 441 4133 Haec
472 4080 577 4133 sub
608 4080 779 4150 virgae.
828 4076 1141 4150 disciplina
1158 4073 1528 4150 custodiatur,
1561 4090 1631 4150 ne
1661 4073 1804 4126 forte

99 4153 233 4223 ejus
270 4150 518 4223 lascivia
544 4145 722 4223 tuum'
751 4145 1026 4223 sanctum_
1050 4145 1796 4223 habitaculum‘polluatur,

100 4214 963 4295 p'ropositum_blasphemetur1
994 4216 1191 4295 Pueris
1235 4221 1292 4295 e_t
1338 4214 1544 4295 puellis
1584 4215 1804 4267 nullum

98 4286 176 4348 ad
208 4286 263 4347 te
287 4293 561 4347 concedas
591 4286 897 4347 accessum.
934 4290 1079 4343 Sunt
1109 4287 1371 4358 quaedam
1404 4286 1654 4349 inclusas,
1676 4300 1806 4355 qua:

100 4365 167 4419 in
200 4365 477 4420 docendis
522 4364 729 4434 puellis
764 4364 1134 4435 occupantur,
1166 4363 1222 4411 et
1257 4358 1465 4435 cellam.
1496 4372 1659 4435 suam
1690 4372 1809 4407 ver-

101 4440 242 4491 tunt
270 4436 332 4489 in
359 4430 632 4490 scholam.
666 4435 767 4488 Illa
797 4433 956 4486 sedet
984 4430 1051 4483 ad
1094 4430 1419 4491 fenestram,
1453 4430 1559 4479 ista
1586 4430 1645 4479 in
1676 4441 1806 4495 por-

102 4506 228 4560 ticu
258 4506 485 4561 residet.
523 4506 622 4559 llla
662 4505 917 4558 intuetur
946 4501 1219 4567 singulas,
1251 4504 1302 4551 et
1348 4498 1497 4551 inter
1526 4497 1808 4567 puellares

102 4516 228 4560 ticu
258 4516 485 4561 reSidet.
523 4516 622 4559 llla
662 4516 917 4558 intuetur
946 4516 1219 4624 Singulas,
1251 4516 1302 4551 ei
1348 4516 1497 4551 inter
1526 4516 1808 4567 pueiiares

101 4580 301 4629 motus
336 4593 484 4630 nunc
510 4575 791 4639 irascitur,
810 4588 963 4627 nunc
984 4571 1031 4624 ri
1076 4574 1152 4638 et,
1175 4585 1324 4623 nunc
1361 4568 1635 4635 minatur,
1657 4582 1810 4621 nunc

101 4646 378 4717 percutit,
412 4662 565 4700 nunc
604 4645 914 4717 blanditur,
948 4657 1099 4717 nunc
1145 4642 1449 4717 osculatur,
1483 4654 1633 4717 nunc
1668 4639 1810 4717 tleuf

103 4708 230 4798 tem
262 4722 426 4798 vocat
446 4734 548 4798 pro
568 4716 800 4798 verbere
827 4712 1083 4785 propius,
1106 4711 1305 4798 palpa‘t‘
1318 4708 1810 4798 'faciem,s‘tringit

104 4787 349 4854 collum,
371 4781 505 4841 etin
530 4781 855 4856 amplexum
881 4781 1057 4856 ruens
1078 4781 1230 4836 nunc
1251 4781 1433 4856 tilium
1454 4785 1632 4856 vocat,
1658 4795 1811 4833 nunc

103 4850 372 4912 amicam.
408 4850 657 4921 Qualiter
693 4857 843 4910 inter
879 4854 1001 4909 haec
1030 4852 1309 4908 memoria
1340 4850 1459 4918 Dei,
1490 4851 1601 4904 nisi
1640 4867 1811 4904 saecu-

102 4928 254 4983 laria
298 4934 352 4982 et
402 4928 670 4992 carnalia,
727 4926 833 4981 etsi
889 4941 1004 4979 non
1046 4924 1436 4995 perﬁciantur,
1464 4927 1805 4995 rmoventur,

102 5006 335 5076 tamen,
360 5004 415 5054 et
460 4998 626 5076 quasi
654 4998 759 5076 sub
786 4998 964 5076 oculis
1002 4992 1430 5076 depinguntur‘?
1459 4992 1583 5076 Tibi
1613 4992 1811 5073 utique

102 5071 241 5125 dum
279 5063 392 5124 illa:
437 5063 721 5125 sufﬁciant
750 5069 821 5123 ad
852 5063 1201 5137 colloquium
1239 5070 1296 5119 et
1339 5066 1405 5118 ad
1447 5063 1810 5137 obsequium.

102 5144 339 5197 CAPUT
381 5143 497 5197 γη.
528 5170 600 5182 -—
628 5140 854 5196 Studeat
881 5134 1112 5206 silentio,
1146 5141 1196 5191 et
1224 5152 1352 5190 raro
1382 5135 1715 5203 modesteque
1745 5134 1814 5187 lo-

853 5214 1073 5280 quatur.

180 5284 409 5341 Silentii
461 5282 797 5355 gravitatem
828 5274 1079 5355 inclusae
1126 5277 1467 5355 servandam
1524 5274 1813 5355 prepcipue

106 5357 439 5411 suademus.
462 5346 583 5409 vEst
626 5354 781 5408 enim
824 5352 886 5406 in
932 5366 999 5405 ea
1044 5349 1205 5421 quies
1244 5364 1459 5421 magna
1497 5352 1552 5400 et
1598 5346 1815 5421 fructus

105 5430 348 5483 multus.
390 5429 532 5481 Nam
569 5426 753 5479 cultus
787 5422 1022 5494 justitiae
1062 5417 1379 5474 silentium.
1409 5418 1566 5494 Sicut
1601 5417 1680 5469 ait
1702 5417 1817 5494 _.le_-

104 5499 345 5565 remias,
368 5501 573 5553 Bonum
602 5500 679 5551 est
702 5489 822 5550 cum
847 5494 1060 5569 silentio
1089 5496 1398 5569 exspectare
1423 5489 1665 5569 salutare
1695 5489 1811 5541 Dei.

107 5570 180 5624 Et
238 5562 471 5635 iterum,
529 5571 734 5623 Bonum
783 5570 861 5620 est
916 5566 1035 5618 viro
1100 5578 1219 5635 cum
1272 5562 1593 5635 portaverit
1616 5562 1817 5635 jugum

110 5640 334 5709 (Thren.
383 5629 468 5707 111,,
493 5642 583 5700 26,
614 5642 700 5704 27)
731 5654 743 5692 :
776 5641 841 5691 ut
886 5635 1078 5709 sedeat
1108 5629 1296 5709 soluti
1323 5637 1379 5685 et
1421 5634 1622 5685 taceat.
1660 5629 1816 5709 Unde

108 5700 396 5779 scriptum
425 5700 509 5764 est
542 5727 555 5765 ε
589 5700 760 5775 Audi,
795 5707 983 5771 Israel,
1015 5709 1066 5779 et
1094 5708 1229 5779 tace.
1258 5703 1364 5757 Fac
1394 5718 1528 5779 ergo
1560 5700 1713 5771 quod
1742 5700 1820 5779 ait

155 5773 417 5852 repheta,
456 5783 607 5849 Dixi,
640 5773 942 5836 custodiam
978 5778 1100 5832 vias
1124 5773 1731 5852 :Autnon‘delinquam
1758 5774 1819 5826 in

126 5845 309 5921 lingua
355 5845 492 5907 mea.
544 5845 703 5909 Posui
753 5854 837 5906 ori
886 5864 998 5905 meo
1040 5845 1342 5904 custodiam
1384 5846 1547 5917 (Psal.
1588 5858 1817 5911 xxxvui,

1430 354 1524 410 DE
1561 353 1737 413 VITA
1774 354 2191 413 EREMITICA.

3464 365 3601 420 1454·

1914 480 1960 551 l,
1993 476 2076 548 2).
2107 476 2195 531 Sic
2222 476 2442 551 inclusa
2464 475 2673 551 timens
2703 492 2895 532 casum
2922 478 3158 549 linguae,
3193 498 3367 551 quam
3398 500 3597 540 secun-

1909 547 2047 601 dum
2098 548 2424 617 apostolum
2467 548 2740 601 Iacobum
2795 564 2965 603 nemo
3017 547 3321 607 homin—um
3366 555 3599 610 domare

1908 623 2094 691 potest
2127 618 2335 687 (Jacobi
2371 635 2451 682 111,
2487 618 2561 687 8),
2612 623 2790 691 ponat
2818 620 3131 675 custodiam
3177 624 3263 676 ori
3306 642 3428 691 suo,
3478 627 3601 680 sola

1909 690 2121 754 sedeat,
2165 693 2222 743 et
2249 693 2435 743 taceat
2481 704 2611 755 ore;
2650 690 2853 761 spiritu
2892 691 3196 761 loquatur:
3230 700 3285 748 et
3317 690 3509 750 credat
3540 713 3598 750 se

1907 775 2025 813 non
2071 776 2191 814 esse
2238 761 2435 827 solam,
2488 760 2716 830 quando
2765 762 2885 814 sola
2933 760 3033 815 est.
3084 765 3237 817 Tunc
3268 767 3421 819 enim
3468 783 3597 821 cum

1908 830 2132 885 Christo
2172 835 2257 885 est
2294 830 2394 901 qui
2433 846 2548 884 non
2592 830 2860 901 dignatur
2888 831 2947 884 in
2978 834 3159 887 turbis
3198 851 3318 888 esse
3350 852 3478 890 cum
3509 854 3593 891 ea.

1908 901 2111 956 Sedeat
2148 916 2283 970 ergo
2336 901 2473 969 sola,
2518 905 2701 955 taceat
2739 903 3025 956 Christum
3076 906 3330 969 audiens,
3374 912 3431 961 et
3467 924 3598 961 cum

1910 971 2129 1027 Christo
2171 972 2433 1041 loquens,
2464 977 2643 1043 ponat
2673 973 2984 1027 custodiam
3024 975 3109 1027 ori
3152 992 3274 1030 suo.
3316 977 3594 1043 Primum,

1906 1047 1971 1097 ut
2010 1058 2151 1117 raro
2188 1043 2491 1117 loquatur;
2543 1042 2762 1117 deinde
2794 1044 2929 1117 quid
2964 1045 3246 1115 loquatur,
3284 1047 3512 1117 quibus,
3542 1042 3598 1101 et

1909 1114 2193 1186 quomodo
2240 1113 2527 1186 loquatur,
2553 1114 2847 1186 Aattendat.
2896 1113 3055 1168 Raro
3092 1113 3379 1186 loquatur,
3422 1118 3478 1172 id
3514 1123 3599 1172 est

1907 1184 2073 1256 certis
2112 1188 2167 1256 et
2203 1183 2718 1256 constitutishoris,
2758 1184 2825 1237 de
2857 1185 3064 1254 quibus
3094 1183 3291 1256 postea
3320 1189 3591 1243 dicemus.

1907 1254 2122 1329 Quibus
2200 1254 2572 1329 loquaturtid
2612 1260 2694 1307 est
2718 1253 2889 1329 certis
2920 1253 3199 1329 personis,
3234 1263 3289 1311 et
3318 1260 3514 1329 quales
3544 1260 3599 1313 ei

1905 1325 2120 1378 fuerint
2135 1324 2458 1393 designatas.
2479 1324 2771 1386 Quomodo
2788 1326 3073 1395 loquatur,
3090 1328 3147 1381 id
3163 1335 3265 1393 est,
3282 1324 3596 1395 humiliter,

1907 1396 2219 1460 moderate,
2254 1410 2370 1447 non
2401 1394 2513 1446 alta
2552 1411 2704 1459 voce,
2739 1411 2841 1447 nec
2866 1394 3039 1462 idura,
3088 1414 3191 1451 nec
3228 1400 3453 1465 blanda,
3495 1394 3599 1453 nec

1906 1466 2084 1519 mixta
2111 1464 2249 1517 risu.
2284 1466 2424 1518 Nam
2447 1465 2493 1517 si
2513 1465 2618 1517 hoc
2641 1466 2708 1517 ad
2742 1466 3058 1534 quemlibet
3081 1467 3260 1521 virum
3292 1464 3598 1523 honestum

1906 1552 2025 1608 non
2056 1535 2320 1608 pertinet,
2355 1539 2569 1608 quanto
2600 1536 2785 1604 magis
2811 1536 2880 1589 ad
2900 1537 3212 1608 feminam?
3242 1546 3454 1608 quanto
3488 1557 3600 1593 ma-

1907 1607 1992 1677 gis
2021 1607 2091 1659 ad
2139 1606 2421 1674 virginem
2456 1606 2484 1658 ?
2525 1606 2962 1677 quanto_magis
2994 1608 3064 1660 ad
3096 1606 3373 1664 inclusam
3400 1609 3427 1662 ‘I
3457 1610 3598 1664 Sede

1906 1675 2061 1749 ergo,
2093 1692 2255 1749 soror
2283 1691 2431 1749 mea,
2464 1680 2521 1729 et
2541 1681 2680 1728 tace.
2712 1675 2769 1749 Si
2794 1678 3151 1749 compelleris
3180 1680 3362 1749 loqui,
3391 1696 3599 1749 parum

1905 1745 2162 1816 loquere,
2207 1745 2502 1819 humiliter
2532 1750 2590 1819 et
2620 1746 2914 1819 modeste:
2956 1748 3080 1819 sive:
3109 1749 3177 1801 de
3215 1745 3598 1819 corporalium

1906 1832 2102 1941 gerum
2131 1816 2486 1884 necessitate,
2515 1816 2629 1869 sive
2660 1817 2728 1870 de
2767 1816 2973 1870 animm
3005 1818 3186 1873 salute
3213 1816 3400 1874 sermo
3431 1821 3597 1875 incu-

1945 1903 2069 1941 ueri
2103 1927 2115 1939 .

1945 1887 2115 1941 uerit.

1942 1957 2168 2013 CAPUT
2200 1958 2342 2013 VIII.
2376 1988 2439 1997 —
2471 1956 2796 2023 Quibuscum
2823 1962 3072 2026 personis
3109 1960 3258 2029 loqui
3298 1961 3443 2017 decet
3477 1979 3561 2017 re-

2639 2029 2860 2082 elusam.

1975 2098 2105 2173 iam
2116 2114 2272 2173 nunc
2290 2113 2565 2168 personas
2585 2098 2794 2173 quibus
2816 2098 2974 2173 loqui
2997 2100 3595 2173 debet,idesignemus.

1908 2169 2060 2222 Felix
2092 2169 2188 2223 illa
2217 2184 2345 2239 quae
2374 2184 2479 2222 nec
2506 2169 2779 2223 maritum
2812 2170 3056 2236 admisit,
3087 2172 3311 2225 nullum
3337 2169 3599 2229 virorum

1906 2239 2099 2293 videre
2128 2240 2344 2306 volens,
2377 2256 2479 2293 nec
2508 2240 2739 2309 alloqui.
2773 2240 2879 2294 Sed
2909 2257 3034 2310 qua:
3069 2258 3220 2295 nunc
3248 2245 3599 2300 reclusarum

1908 2309 2031 2390 hoc
2058 2310 2319 2390 sequitur
2361 2311 2733 2390 exemplum?
2773 2309 3077 2390 Sufficiunt
3114 2313 3225 2365 illis
3264 2330 3392 2383 quae
3428 2316 3598 2390 modo
3647 2320 3667 2334 '

1909 2384 2059 2445 sunt,
2111 2381 2159 2433 si
2199 2381 2345 2435 hanc
2393 2382 2749 2450 corporalem
2779 2381 3095 2453 castitatem
3134 2381 3502 2453 conservent,
3552 2387 3600 2439 si

1908 2467 2024 2503 non
2056 2455 2261 2504 onusto
2290 2456 2486 2504 ventre
2527 2466 2647 2505 non
2677 2451 3065 2516 extrahantur,
3100 2452 3144 2504 si
3175 2469 3290 2506 non
3322 2451 3495 2509 tletusv
3520 2456 3605 2509 in-

1906 2520 2074 2575 famis
2104 2525 2333 2590 partum
2379 2521 2637 2575 ediderit.
2688 2522 2905 2584 Quibus
2934 2528 3298 2591 perpetuum,
3354 2541 3426 2579 ne
3471 2542 3600 2580 cum

1907 2592 2042 2645 viris
2092 2591 2422 2664 loquantur,
2468 2590 2719 2664 incidere
2759 2608 2873 2664 non
2923 2590 3228 2664 possumus
3285 2595 3596 2664 silentium,

1908 2678 2036 2741 cum
2070 2661 2276 2741 quibus
2304 2661 2600 2741 honestius
2630 2662 2797 2741 loqui.
2825 2661 3065 2729 possint,
3096 2662 3427 2741 videamus._
3453 2661 3598 2737 Ergo

1909 2732 1956 2784 si
1986 2730 2111 2785 ﬁeri
2139 2735 2343 2800 potest,
2384 2730 2753 2800 provideatur
2785 2730 2844 2783 in
2884 2746 3093 2800 magno
3123 2735 3469 2788 monasterio
3510 2730 3597 2790 vel

1909 2798 2158 2856 ecclesia
2191 2798 2485 2873 presbyter
2530 2801 2735 2873 aliquis
2784 2798 3275 2873 senem—maturus
3318 2806 3595 2873 moribus,

1908 2873 1999 2925 cui
2048 2886 2200 2937 raro,
2238 2870 2460 2924 nisi’de
2490 2871 2840 2925 confessione
2891 2877 2947 2925 et
2987 2872 3194 2926 animae
3224 2870 3597 2930 aediﬁcatione

1908 2943 2200 3022 loquatur,
2230 2958 2262 2994 a
2287 2957 2401 3011 quo
2414 2941 2993 3022 ‘consiliumaccipiat
3020 2942 3082 3022 in
3110 2943 3318 3022 dubiis,
3340 2945 3398 2998 in
3416 2946 3595 3000 tribu-

1908 3011 2218 3067 lationibus
2238 3011 2706 3083 consolationem.
2734 3014 2939 3066 Verum
2962 3012 3098 3083 quia
3122 3013 3404 3070 inclusum
3422 3034 3599 3071 mem—

1906 3083 2024 3166 bris
2049 3083 2266 3166 malum
2290 3082 2454 3166 illud,
2483 3083 2634 3152 quod
2659 3084 2949 3166 timemus,
2972 3082 3316 3166 plerumque
3342 3088 3593 3155 suscitat,

1908 3159 1964 3208 et
1994 3152 2214 3207 emollit
2250 3157 2568 3226 emortuam
2595 3152 2995 3226 senectutem,
3062 3171 3165 3209 nec
3211 3152 3320 3226 ipsi
3362 3152 3599 3213 manuni

1908 3240 2068 3279 suam
2090 3224 2433 3293 tangendam
2468 3225 2725 3293 prebeat
2742 3226 2825 3277 vel
2858 3226 2949 3294 pal
2957 3224 3299 3295 pandamfN
3308 3230 3424 3282 ulla
3442 3230 3599 3283 vobis

1907 3296 1976 3350 de
2024 3294 2204 3348 macie
2241 3295 2450 3360 vultus,
2502 3295 2572 3349 de
2621 3296 2873 3349 exilitate
2913 3294 3298 3364 brachiorum,
3342 3300 3410 3354 de
3454 3301 3600 3354 cutis

1910 3367 2214 3436 asperitate
2244 3365 2318 3419 sit
2353 3381 2507 3421 cura.

1909 3426 2135 3491 CAPUT
2165 3438 2255 3491 IX.
2292 3466 2357 3475 —
2387 3435 2591 3492 Scribit
2618 3436 2836 3489 vivendi
2861 3440 3095 3503 formam
3118 3426 3343 3494 reclusis
3376 3445 3599 3507 rogatus

2630 3522 2663 3559 a
2690 3522 2887 3561 εονονε.

1982 3580 2111 3632 Haec
2135 3576 2260 3643 tibi,
2291 3592 2454 3630 soror
2473 3576 2709 3647 (gratias
2743 3577 2896 3647 Deo).
2922 3577 3161 3632 dicenda
3188 3596 3306 3635 non
3334 3580 3594 3637 fuerant:

1910 3649 2007 3722 sed
2038 3647 2173 3722 quia
2201 3664 2305 3701 nec
2328 3648 2772 3722 solumpropter
2792 3652 2867 3722 te,
2892 3649 2988 3703 sed
3008 3649 3180 3703 etiam
3208 3657 3442 3722 propter
3462 3654 3598 3708 ado-

1909 3718 2295 3793 lescentiores,
2335 3734 2472 3793 qua;
2488 3718 2731 3793 similem
2759 3718 2946 3793 vitam
2962 3718 3600 3793 tuoicons'ilio'arripere

1911 3790 2183 3861 gestiunt,
2209 3789 2355 3842 hanc
2371 3788 2476 3861 tibi
2494 3788 2802 3861 formulam
2826 3790 2975 3844 tradi
2998 3791 3246 3860 voluisti,
3274 3794 3396 3847 haac
3422 3788 3601 3849 inter-

1912 3858 2406 3931 serandaputavi,
2457 3860 2505 3912 si
2552 3860 2743 3930 aliqua
2778 3862 2973 3931 magni
3020 3858 3267 3917 nominis
3310 3866 3395 3918 vel
3432 3867 3602 3920 bonas

1913 3930 2312 4006 restimationis
2354 3946 2619 4006 persona,
2668 3932 2842 4006 abbas
2892 3932 3125 4000 scilicet,
3162 3935 3248 3988 vel
3286 3936 3445 4006 prior
3473 3952 3601 3993 cum

1911 4003 2131 4057 inclusa
2158 4001 2319 4072 loqui
2345 4000 2607 4075 vulnerit,
2640 4002 2831 4071 aliquo
2860 4011 3142 4071 praesente
3171 4000 3455 4075 loquatur.

1913 4074 2138 4128 CAPUT
2176 4075 2238 4127 Χ.
2262 4102 2350 4143 ί-
2380 4073 2463 4126 De
2500 4074 2760 4143 colloquio
2800 4089 2917 4125 cum
2947 4076 3117 4127 variis
3152 4073 3415 4143 personis.
3459 4076 3603 4142 Quid

2252 4142 2357 4197 hac
2387 4144 2443 4195 in
2472 4158 2529 4196 re
2558 4142 2945 4196 observandum
2972 4160 3006 4196 a
3034 4142 3262 4200 reclusa.

1986 4214 2211 4268 Nullam
2271 4216 2421 4267 certe
2484 4228 2787 4283 personam
2848 4220 2903 4267 te
2966 4215 3317 4285 frequentius
3376 4216 3603 4271 visitare

1914 4285 2139 4345 vellem,
2159 4300 2263 4337 nec
2280 4299 2411 4337 cum
2440 4285 2627 4353 aliqua
2654 4290 2708 4337 te
2731 4284 2985 4337 crebrius
3016 4286 3297 4349 visitante,
3323 4286 3603 4340 familiare

1914 4356 2115 4408 vellem
2142 4360 2325 4408 tecum
2349 4355 2556 4408 habere
2579 4361 2876 4409 secretum.
2907 4355 3260 4410 Periclitatur
3282 4357 3435 4411 enim
3452 4360 3605 4410 fama

1916 4425 2152 4495 virginis
2192 4425 2399 4489 jcrebra
2440 4430 2590 4478 certe
2638 4426 2877 4491 alicujus
2933 4442 3192 4495 personae
3239 4429 3601 4494 salutatione,

1914 4496 2271 4568 periclitatur
2309 4500 2365 4549 et
2380 4495 2752 4568 conscientia.
2787 4497 2925 4548 Nam
2957 4502 3171 4568 quanto
3201 4498 3409 4568 sapius
3440 4515 3604 4551 eum-

1917 4568 2045 4640 dem
2068 4566 2274 4640 videris
2299 4566 2543 4630 vultum,
2566 4567 2650 4620 vel
2674 4583 2866 4640 vocem
2900 4567 3165 4640 audieris,
3193 4566 3352 4623 tanto
3378 4586 3605 4640 expres-

1917 4637 2034 4691 sius
2072 4636 2194 4707 ejus
2226 4637 2415 4707 imago
2457 4641 2570 4689 tua:
2617 4637 2909 4690 memorim
2958 4637 3337 4707 imprimetur.
3372 4636 3604 4694 Et’ideo

1917 4709 2136 4763 inclusa
2165 4708 2338 4761 etiam
2381 4707 2523 4761 facie
2564 4709 2746 4760 velata
2790 4708 2944 4777 loqui
2988 4709 3153 4762 debet
3199 4726 3327 4763 cum
3369 4712 3511 4776 viro,
3551 4717 3607 4764 et

1919 4780 2039 4849 ejus
2069 4795 2266 4833 cavere
2296 4783 2684 4847 conspectum,
2717 4778 2808 4830 cui
2832 4794 2961 4831 cum
2994 4779 3198 4833 timore
3229 4783 3409 4835 solum
3440 4782 3609 4836 debet

1918 4854 2190 4920 praestare
2240 4849 2520 4921 auditum,
2574 4849 2717 4902 Nam
2760 4849 3017 4921 eamdem
3067 4850 3174 4903 viri
3220 4869 3415 4906 vocem
3456 4868 3607 4921 saepe

1920 4918 2243 4986 admittere,
2277 4918 2615 4989 quibusdam
2650 4920 3034 4989 periculosum
3075 4938 3197 4975 esse
3228 4940 3343 4977 non
3376 4918 3613 4977 dubitb:

1919 4991 2379 5046 Adolescentium
2436 4994 2493 5043 et
2548 4996 2936 5060 suspectarum
2990 5007 3363 5062 personarum
3423 4992 3610 5046 devita

1921 5062 2307 5132 colloquium;
2348 5076 2453 5132 nec
2482 5077 2733 5130 unquam
2782 5067 2989 5130 tecum,
3026 5063 3132 5116 nisi
3169 5068 3231 5117 tu
3261 5062 3608 5117 audientiam

1922 5131 2104 5197 illius,
2130 5132 2228 5202 qui
2258 5131 2360 5184 tibi
2399 5134 2628 5201 proprie
2658 5132 2961 5202 loquatur;
2996 5140 3053 5187 et
3081 5135 3188 5187 hoc
3231 5134 3273 5185 si
3318 5138 3468 5186 certa
3503 5149 3610 5186 ne-

1922 5204 2149 5257 cessitas
2188 5202 2527 5274 poposcerit.
2562 5203 2701 5257 Cum
2735 5204 2890 5274 nullo
2929 5204 3123 5274 itaque
3164 5203 3606 5271 advenientium,

1922 5278 2131 5345 praeter
2161 5273 2513 5345 episcopum,
2553 5277 2652 5326 aut
2695 5273 2981 5338 abbatem,
3006 5273 3114 5345 vel
3137 5274 3332 5344 magni
3362 5274 3613 5327 nominis

1967 5343 2208 5411 riorem,
2227 5343 2349 5397 sine
2380 5344 2560 5413 ipsius
2588 5345 2905 5415 presbyteri
2930 5344 3158 5398 licentia
3185 5345 3269 5398 vel
3327 5352 3613 5415 praecepto

1924 5362 2198 5469 priorem,
2227 5362 2349 5397 sine
2380 5362 2560 5413 ipsius
2588 5362 2905 5415 presnyieri
2932 5362 3158 5398 iicenua
3185 5362 3269 5398 vei
3327 5362 3613 5415 praecepto

1948 5415 2197 5486 oquaris,
2257 5420 2321 5468 ut
2349 5415 2657 5469 difﬁcultas
2690 5415 2966 5486 loquendi
2998 5420 3202 5482 tecum,
3253 5415 3354 5469 tibi
3386 5420 3617 5485 praestet

1924 5487 2196 5557 quietem.
2232 5486 2537 5556 Nunquam
2564 5486 2709 5539 inter
2740 5492 2791 5539 te
2824 5490 2879 5539 et
2909 5486 3221 5557 quemlibet
3244 5487 3427 5540 virum
3457 5486 3619 5557 quasi

1927 5556 2222 5611 occasione
2246 5556 2583 5611 exhibendae
2607 5557 2917 5622 charitatis,
2940 5559 3022 5609 vel
3047 5556 3339 5610 nutriendi
3362 5556 3615 5623 allectus,

1993 5664 2005 5696 ¹
2038 5663 2162 5726 Lov.
2193 5661 2271 5710 uti
2298 5662 2393 5711 PP.
2423 5662 2748 5726 Benedictini
2778 5662 2974 5721 ferunt,
3009 5662 3141 5717 Quid
3152 5696 3164 5709 .
3201 5662 3399 5726 Hicest
3425 5663 3623 5726 absque

1928 5724 2087 5774 dubio
2114 5725 2305 5772 lacuna
2328 5740 2340 5783 ;
2364 5729 2549 5773 auctor
2571 5725 2712 5772 enim
2733 5736 2915 5787 omnes
2940 5724 3353 5787 enumerationis
3376 5724 3627 5787 praenun-

1928 5788 2069 5836 tiataa
2097 5790 2290 5849 partes,
2320 5786 2521 5850 scilicet
2546 5786 2692 5850 quid,
2720 5786 2906 5848 quibus
2933 5786 3303 5850 etgquomodo,
3328 5800 3436 5836 non
3461 5786 3627 5850 arpli-

1933 5847 2138 5900 catione
2165 5847 2665 5911 complectitur,'sed
2692 5847 2857 5897 unum
2886 5847 3125 5912 negligit,
3156 5849 3353 5900 scilicet
3379 5847 3627 5912 quidCM.
