4014 6164
403 401 538 457 1455

398 526 486 599 vel
518 523 852 595 expetendae
887 520 1290 599 familiaritatis
1333 522 1430 572 aut
1459 517 1722 599 amicitiai
1752 517 2083 599 spiritualis,

399 589 720 652 discurrant
756 593 984 648 nuntii:
1016 609 1119 646 nec
1154 607 1351 646 eorum
1389 589 1730 643 munuscula
1759 589 2086 660 litterasque

401 667 693 737 suscipias,
728 681 831 719 nec
870 664 980 737 illis
1011 668 1109 717 tua
1142 662 1378 737 dirigas,
1411 665 1582 737 prout
1607 660 1916 737 moris_est,
1949 665 2088 737 puta

399 731 591 802 zonas,
642 731 952 805 marsupia,
975 750 1102 805 quae
1126 731 1343 787 diverso
1369 731 1690 805 stamineet
1726 731 2086 805 subtegmine

400 801 612 862 variata
643 813 793 871 sunt,
828 801 884 859 et
915 801 1117 858 caetera
1149 821 1276 874 qua:
1311 803 1639 872 hujusmodi
1677 801 2088 874 adolescentio-

397 880 556 933 ribus
594 877 858 931 monachi
896 893 998 946 per
1027 872 1258 928 clericos
1290 875 1543 939 mittunt,
1576 872 1726 946 quod
1769 874 2087 927 fomentum

398 955 482 1004 est
510 949 720 1002 amoris
751 944 955 1011 illiciti,
993 951 1047 1000 et
1079 945 1272 1014 magni
1304 945 1540 998 materia
1567 944 1721 997 mali.

398 1021 620 1076 CAPUT
659 1020 746 1074 XI.
781 1048 848 1058 ~—
892 1019 1152 1085 Operelur
1179 1013 1448 1083 manibus,
1486 1021 1704 1068 ornetur
1730 1013 2079 1085 verecundia,

469 1092 715 1164 Operpare
745 1084 980 1164 proinde
1013 1104 1094 1152 ea,
1132 1105 1260 1158 quae
1305 1088 1390 1140 vel
1427 1086 1728 1164 necessitas
1757 1084 1958 1164 poscit,
1997 1084 2084 1137 vel

394 1156 716 1231 praescribit
745 1156 994 1224 utilitas,
1026 1165 1082 1212 et
1112 1156 1309 1212 eorum
1344 1157 1592 1228 pretium
1625 1156 1736 1231 tuis
1773 1156 1966 1231 usibus
1995 1170 2084 1231 ce-

396 1227 512 1299 dat,
546 1231 847 1302 quibusrsi
891 1247 1006 1302 non
1047 1231 1290 1302 egueris,
1327 1227 1422 1282 aut
1461 1227 1774 1302 necessaria
1813 1227 2083 1302 ecclesias,

397 1297 898 1372 aut—pauperibus,
943 1297 1108 1354 sicut'
1125 1301 1389 1364 diximus,
1421 1299 1658 1372 tribuas.
1697 1298 1871 1351 Ornet
1911 1297 2084 1372 etiam

396 1367 594 1426 omn-es
625 1367 833 1440 motus,
877 1367 1074 1424 amnes
1113 1387 1401 1423 sermones
1436 1370 1689 1430 inclusae,
1721 1367 2082 1440 verecundia,

436 1461 523 1496 uec
550 1445 805 1513 linguam
834 1446 1175 1510 compescat,
1205 1441 1352 1513 iram
1382 1440 1621 1513 mitiget,
1653 1439 1842 1508 jurgia
1872 1442 2081 1513 caveat.

436 1461 523 1496 ua:
550 1460 805 1513 linguam
834 1460 1175 1510 compescat,
1205 1460 1352 1493 Iram
1383 1460 1621 1508 mitiget,
1653 1460 1842 1508 Jurgia
1872 1460 2081 1491 caveat.

393 1460 576 1576 διιᾶσι
627 1514 780 1565 enim
828 1514 1043 1581 pudere
1092 1513 1254 1564 decet
1309 1512 1545 1563 honeste
1599 1511 1836 1581 honesta
1884 1507 2081 1581 loqui;

395 1589 626 1653 quantte
666 1578 1033 1652 impudentia:
1065 1586 1170 1653 est,
1209 1585 1271 1633 ut
1307 1578 1788 1653 inhonestatlicet
1829 1579 2086 1632 lacessita

394 1650 621 1721 injuriis
653 1650 766 1706 aut
781 1653 1072 1705 stimulata
1102 1652 1314 1715 furore,
1346 1650 1652 1720 loquatur?

395 1724 618 1778 CAPUT
667 1724 780 1777 XII.
828 1751 896 1762 -—
943 1723 1169 1776 Reclusa
1206 1722 1382 1774 verbis
1414 1723 1663 1775 lacessita
1708 1723 1769 1774 ut
1809 1733 1864 1774 se
1906 1735 2086 1787 gerere

1154 1792 1320 1845 debet.

467 1863 687 1916 Inclusa
716 1863 891 1932 igitur
929 1862 1178 1932 litiganti
1208 1879 1321 1916 non
1355 1861 1717 1931 respondeat,
1763 1860 2084 1932 detrahenti

392 1950 508 1988 non
571 1931 938 2004 improperet,
983 1931 1279 1987 lacessenti
1336 1949 1483 2004 non,
1525 1931 1875 1986 contradicat
1916 1948 1930 1985 :
1975 1931 2084 2004 sed

391 2004 454 2058 in
498 2002 779 2058 omnibus
802 2021 930 2074 qua:
979 2004 1037 2057 in
1068 2005 1320 2074 publico,
1355 2005 1443 2056 vel
1472 2003 1531 2056 in
1561 2003 1779 2074 occulto
1811 2007 1908 2056 aut
1937 2002 2083 2074 obji-

391 2075 639 2141 ciuntur,
691 2079 788 2128 aut
820 2073 1224 2140 susurrahtur,
1269 2091 1334 2128 ex
1375 2073 1737 2128 conscientiae
1780 2073 2084 2126 serenioris

393 2161 519 2199 arce
568 2150 914 2207 contemnat,
962 2145 1150 2199 dicens
1197 2162 1324 2198 cum
1368 2147 1658 2215 Apostolo,
1708 2144 1860 2197 Mihi
1907 2148 2084 2197 autem

384 2233 488 2286 pro
519 2219 739 2270 minimo
768 2222 846 2270 est
874 2221 935 2269 ut
962 2232 995 2269 a
1027 2217 1173 2270 vobis
1197 2217 1413 2284 judicer
1444 2215 1486 2285 (l
1529 2217 1657 2268 Cor.
1692 2231 1765 2279 ιν,
1801 2217 1869 2280 3).
1894 2215 2085 2286 Super

355 2351 362 2358 υ
386 2285 584 2340 omnia
613 2288 767 2341 enim
798 2287 1014 2340 inclusa
1043 2288 1267 2340 studere
1298 2287 1484 2349 debet,
1519 2291 1583 2358 ut
1609 2285 2082 2358 tranquillitatem

391 2358 648 2427 spiritus,
681 2363 739 2411 et
781 2374 980 2427 pacem
1011 2358 1196 2411 cordis
1225 2359 1443 2427 jugiter
1483 2357 1755 2427 retinens,
1792 2355 1956 2408 illum
1995 2356 2084 2427 sui

387 2426 634 2499 pectoris
659 2426 936 2482 internum
976 2428 1182 2481 habeat
1210 2426 1670 2488 inhabitatorcm,
1698 2426 1768 2499 de
1799 2442 1912 2496 quo
1945 2426 2082 2480 scri-

387 2498 552 2570 ptum
584 2504 686 2563 est,
720 2501 780 2553 In
809 2515 938 2568 pace
965 2502 1147 2564 factus
1177 2503 1254 2552 est
1285 2501 1426 2552 locus
1457 2499 1572 2565 ejus
1615 2498 1779 2565 (Psal.
1813 2513 1967 2570 Lxxv,
2003 2499 2076 2570 3).

391 2568 458 2624 Et
486 2570 623 2623 alias
657 2571 931 2623 Dominus
958 2585 1058 2639 per
1082 2571 1443 2639 prophetam,
1475 2571 1647 2636 Super
1667 2583 1840 2634 quem,
1873 2568 2079 2637 inquit,

385 2644 679 2708 requiescet
703 2643 929 2708 spiritus
955 2651 1119 2706 meus,
1148 2642 1257 2693 nisi
1284 2655 1445 2708 super
1467 2640 1719 2692 humilem
1743 2643 1792 2691 ei
1821 2640 2078 2705 quietum,

388 2716 438 2764 et
483 2715 754 2765 timentem
797 2727 1058 2765 sermones
1104 2726 1242 2764 meos
1287 2712 1438 2780 (Isai,
1487 2726 1627 2775 LXVI,
1661 2709 1762 2779 2)?
1803 2710 1961 2762 Hunc
2000 2727 2082 2763 sa-

387 2783 770 2835 cratissimum
812 2782 1018 2835 mentis
1069 2779 1301 2845 statum,
1343 2797 1456 2834 non
1499 2782 1683 2833 solum
1725 2779 2081 2850 stultiloquia

389 2858 670 2912 evertunt,
695 2851 790 2906 sed
815 2858 869 2904 et
893 2857 1247 2921 pervertunt.
1284 2852 1436 2905 Nihil
1460 2856 1573 2904 tam
1607 2867 1726 2904 esse
1749 2849 1854 2904 tibi
1878 2849 2079 2905 censeo

389 2925 742 2988 sectandum,
775 2939 946 2992 quam
978 2923 1288 2976 silentium.

494 2995 719 3047 CAPUT
750 2994 887 3046 XIIl.
919 3023 986 3032 —
1017 2995 1082 3046 De
1114 2998 1344 3061 tempore
1377 2992 1631 3060 loquendi
1656 2995 1705 3044 et
1738 2992 1970 3046 tacendi.

455 3066 577 3118 Jam
612 3080 763 3117 nunc
796 3068 1022 3132 tempus
1063 3063 1357 3134 loquendi,
1394 3079 1455 3116 ac
1488 3061 1712 3116 tacendi
1738 3067 1964 3134 tempus
1993 3061 2078 3134 di-

385 3135 760 3204 stinguamus.
823 3135 1002 3204 Igitur
1059 3132 1159 3186 ab_
1198 3134 1545 3187 Exaltatione
1590 3137 1819 3204 sancta:
1886 3132 2078 3186 Crucis

387 3203 566 3275 usque
610 3205 681 3258 ad
721 3203 1224 3273 Quadragesinam,
1257 3209 1387 3274 post
1417 3203 1873 3275 completorium_
1897 3219 2077 3275 usque

384 3277 454 3330 ad
475 3273 749 3328 ‘anroram
787 3274 1074 3329 silentium
1105 3273 1296 3328 teneat
1320 3293 1332 3328 :
1364 3279 1419 3328 et
1447 3281 1585 3328 tunc
1614 3274 1761 3326 dicta
1789 3273 1994 3343 prima,
2029 3274 2077 3327 si

379 3346 534 3399 aliud
576 3347 644 3400 de
688 3345 894 3399 diurna
941 3346 1270 3399 necessitate
1318 3345 1560 3398 voluerit
1599 3359 1903 3414 suggerere
1951 3361 2073 3397 ser-

378 3415 570 3482 vienti,
606 3415 801 3486 paucis
832 3415 938 3468 hoc
965 3417 1127 3470 faciat
1157 3416 1343 3470 verbis
1368 3433 1380 3482 ;
1414 3415 1556 3469 nihil
1579 3415 1850 3486 cuiquam
1877 3421 2075 3484 postea

378 3503 560 3557 usque
591 3488 661 3540 ad
699 3487 925 3541 tertiam
954 3487 1238 3557 loquatur.
1276 3488 1426 3540 Inter
1461 3485 1693 3557 tertiam
1720 3501 1850 3538 vero
1874 3490 1941 3557 et
1969 3502 2071 3539 no-

377 3555 534 3626 nam,
560 3558 648 3610 his
675 3557 774 3628 qui
804 3555 1258 3627 superve‘nerint,
1289 3557 1447 3628 prius
1472 3556 1518 3609 si
1545 3555 1886 3628 admittendi
1916 3561 2069 3624 sunt,

377 3627 770 3699 competenter
796 3629 1158 3698 respondeat,
1191 3635 1246 3682 et
1275 3627 1568 3693 ministris,
1594 3627 1749 3698 quod
1772 3627 2068 3699 placuerit,

376 3698 661 3771 injungat.
697 3701 827 3753 Post
856 3716 1068 3753 nonam
1089 3706 1324 3771 sumpto
1357 3699 1482 3753 cibo
1513 3714 1682 3771 omne
1718 3698 2072 3771 colloquium

377 3769 449 3824 et
476 3769 866 3824 dissolutionis
898 3770 1198 3824 materiam
1232 3769 1450 3838 caveat,
1490 3785 1561 3823 ne
1611 3769 1965 3839 impingatur
2016 3770 2070 3822 ei

374 3841 538 3906 illud,
571 3842 722 3910 quod
755 3842 1028 3909 scriptum
1064 3847 1182 3895 est:
1221 3841 1375 3895 Sedit
1402 3842 1634 3910 populus
1666 3841 1992 3894 manducare
2020 3845 2070 3895 et

377 3911 554 3964 bibere
593 3916 641 3963 et
683 3915 1036 3964 surrexerunt
1077 3912 1256 3964 ludere
1303 3911 1511 3977 (Exod.
1561 3927 1734 3975 xxxu,
1781 3910 1852 3979 6).
1893 3913 2067 3964 Porro

371 3980 695 4051 vespertina
719 3981 888 4051 laude
914 3981 1120 4044 soluta,
1153 3996 1282 4034 cum
1312 3980 1575 4033 ministra
1603 3997 1784 4050 usque
1815 3981 1884 4034 ad
1918 3986 2067 4034 tem-

370 4050 488 4121 pus
510 4051 826 4104 collationis
860 4050 928 4103 de
959 4051 1290 4104 necessariis
1319 4051 1596 4121 conferat.
1629 4052 1907 4120 Tempore
1933 4067 2064 4106 vero

372 4120 843 4192 Quadragesima:
870 4121 1088 4174 inclusa
1130 4137 1356 4192 semper
1401 4120 1692 4174 silentium
1734 4127 1928 4175 tenere
1967 4123 2063 4176 de-

371 4193 567 4247 beret:
605 4191 702 4246 Sed
753 4191 886 4263 quia
928 4192 1032 4246 hoc
1073 4191 1780 4264 durumimpossibileque
1810 4198 2061 4263 putatur,

370 4280 501 4318 cum
549 4265 866 4318 confessore
919 4279 1020 4316 suo
1071 4268 1126 4318 et
1173 4263 1454 4329 ministra,
1489 4263 1695 4336 rarius
1725 4281 1898 4336 quam
1934 4264 2064 4336 aliis

367 4335 744 4404 temporibus,
787 4335 1096 4404 loquatur;
1141 4339 1195 4388 et
1235 4351 1365 4388 cum
1404 4335 1560 4388 nullo
1601 4334 1889 4396 aliofnisi
1919 4335 2061 4390 forte

367 4406 900 4486 aliquanreverenda
926 4421 1171 4475 persona
1202 4421 1270 4458 ex
1301 4405 1425 4486 aliis
1448 4405 1760 4486 provinciis
1790 4421 2059 4486 superve—

364 4477 528 4530 nerit
566 4478 698 4530 Post
738 4477 951 4530 Pascha
976 4493 1109 4530 vero
1140 4492 1320 4546 usque
1351 4477 1420 4529 ad
1444 4480 1670 4546 tempus
1701 4477 2056 4546 praedictum,

364 4564 399 4601 a
436 4546 808 4618 completorio
829 4563 1008 4617 usque
1033 4547 1101 4600 ad
1133 4547 1266 4600 solis
1289 4550 1479 4618 ortum
1509 4546 1733 4618 silentio
1757 4547 2057 4618 custodito,

365 4634 496 4672 cum
527 4616 729 4672 horam
756 4616 1002 4686 primam
1023 4618 1081 4670 in
1112 4617 1331 4671 diurnis
1354 4616 1644 4687 obsequiis
1667 4617 2054 4684 celebraverit,

361 4705 493 4742 cum
524 4687 800 4743 ministris
825 4689 942 4741 suis
964 4689 1230 4759 loquatur
1254 4688 1298 4742 si
1329 4689 1648 4758 oportuerit
1671 4705 1685 4753 ;
1711 4703 1840 4742 cum
1863 4705 2060 4758 super-

360 4759 743 4823 venientibus,
795 4759 944 4812 inter
982 4775 1196 4813 nonam
1230 4765 1295 4830 et
1325 4759 1874 4830 vesperam.iFinita
1917 4760 2058 4815 hora

357 4846 745 4901 vesperarum,
775 4830 1037 4898 disponat
1064 4846 1193 4884 cum
1223 4829 1498 4884 ministris
1525 4829 1680 4901 quod
1713 4846 1855 4901 opus
1885 4830 2058 4886 fuerit

358 4917 542 4972 usque
574 4901 642 4955 ad
668 4901 1049 4955 collationem.

357 4971 580 5030 CAPUT
610 4973 742 5026 XlV.
776 5001 843 5010 —
873 4973 1075 5039 Quibus
1105 4973 1377 5026 exercitiis
1415 4971 1720 5026 vacandum
1749 4986 1782 5024 a
1813 4972 2053 5028 calendis

767 5043 1004 5096 novemb.
1034 5043 1108 5096 ad
1135 5043 1648 5111 Quadragesimam.

430 5114 525 5169 His
573 5113 875 5184 inspectis,
908 5114 1066 5183 operi
1106 5129 1404 5177 manuum,
1432 5113 1669 5184 lectioni
1714 5117 1768 5167 et
1805 5113 2051 5168 orationi

355 5189 512 5240 certa
543 5183 805 5255 tempora
848 5183 1214 5253 deputentur.
1267 5183 1532 5239 Otiositas
1575 5185 1790 5255 quippe
1818 5183 2050 5238 inimica

352 5259 437 5310 est
466 5253 698 5322 animai,
731 5270 902 5326 quam
931 5271 1049 5325 prie
1088 5255 1353 5308 omnibus
1384 5271 1579 5308 cavere
1609 5253 1780 5308 debet
1808 5255 2042 5309 inclusa.

353 5328 448 5382 Est
477 5327 632 5379 enim
664 5326 923 5380 omnium
955 5326 1238 5379 malorum
1276 5342 1503 5395 parens,
1547 5326 1798 5380 libidinis
1821 5326 2044 5392 artifex,

349 5397 823 5469 pervagationum
844 5397 1034 5464 altrix,
1058 5397 1248 5450 nutrix
1271 5397 1556 5469 vitiorum,
1587 5397 1903 5469 fomentum
1927 5413 2046 5450 ace-

347 5468 480 5532 dize,
511 5468 756 5521 tristitia:
798 5469 1165 5522 incentivum.
1202 5469 1327 5537 Ipsa
1363 5468 1640 5537 pessimas
1671 5468 2044 5537 cogitationes

348 5541 613 5604 seminat,
638 5539 964 5592 alfectiones
992 5539 1215 5591 illicitas
1238 5538 1464 5608 quaerit,
1488 5539 1718 5608 suscitat
1735 5538 2040 5592 desideria.

344 5610 473 5678 Ipsa
502 5609 706 5678 quietis
736 5609 1025 5662 fastidium
1056 5609 1224 5677 parit,
1258 5607 1566 5662 horrorem
1597 5607 1801 5661 incutit
1845 5609 2035 5665 cellae.

347 5679 655 5746 Nunquam
686 5683 741 5732 te
772 5679 1164 5747 improvidam,
1203 5695 1500 5748 nunquam
1531 5684 1585 5732 te
1617 5679 1850 5748 spiritus
1881 5680 2040 5732 inve-

343 5750 467 5802 niat
497 5748 756 5801 otiosam.
789 5749 896 5802 Sed
935 5749 1071 5818 quia
1100 5765 1261 5802 mens
1291 5754 1507 5813 nostra,
1547 5765 1675 5813 quae
1705 5749 1766 5803 in
1793 5749 1897 5804 hac
1926 5751 2042 5804 vita

339 5818 564 5872 subdita
595 5819 961 5890 estvanitati,
986 5835 1298 5890 nunquam
1315 5820 1375 5872 in
1406 5820 1604 5874 eodem
1638 5824 1784 5872 statu
1813 5836 2037 5890 perma-

352 5892 488 5955 net;
535 5887 788 5942 otiositas
816 5887 1215 5944 exercitiorum
1245 5890 1516 5946 varietate
1555 5887 1938 5960 fuganda—est,
1981 5897 2037 5946 et

1958 389 2345 446 APPENDIX.

3779 389 3918 441 1456

2195 515 2357 585 quies
2383 518 2578 568 nostra
2607 513 2856 584 quadam
2881 528 3123 585 operum
3152 512 3544 585 vicissitudine
3584 513 3912 568 fulcienda.

2194 584 2395 656 Itaque
2441 603 2472 639 a
2512 585 2760 639 calendis
2805 584 3128 638 novembris
3171 600 3352 654 usque
3402 585 3472 638 ad
3519 584 3914 655 Quadragesi-

2195 672 2370 722 mam,
2419 656 2730 710 secundum
2799 656 3235 710 aestimationem
3286 672 3470 717 suam,
3521 656 3653 724 plus
3714 657 3915 710 media

2194 734 2362 781 nocte
2392 732 2656 796 repauset
2688 743 2700 780 :
2740 731 2794 780 et
2821 727 2900 780 sic
2927 743 3165 796 surgens
3199 742 3330 778 cum
3361 743 3475 796 qua
3504 731 3693 795 potest
3727 728 3913 780 devo-

2194 799 2373 862 tione,
2423 798 2736 852 secundum
2784 798 3026 850 formam
3081 797 3315 866 Regulae
3379 797 3530 850 beati
3587 798 3912 863 Benedicti,

2194 875 2502 923 nocturnas
2525 869 2748 938 vigilias
2777 869 3045 933 celebret,
3079 869 3288 937 quibus
3321 883 3450 920 mox
3483 869 3760 921 succedat
3792 885 3915 921 ora-

2195 940 2276 994 tio
2311 956 2323 993 :
2359 940 2670 993 secundum
2700 939 2854 1009 quod
2893 955 3020 992 eam
3049 938 3293 1008 Spiritus
3333 944 3558 1009 sanctus
3589 939 3908 1008 adjuverit,

2195 1012 2630 1090 aut_protelare_
2647 1008 2817 1090 debet
2847 1015 2952 1090 aut
2981 1009 3330 1090 abbreviare.
3354 1008 3568 1090 Caveat
3599 1017 3810 1090 autem
3840 1026 3912 1089 ne

2192 1079 2474 1151 prolixior
2516 1081 2698 1134 oratio
2757 1080 3051 1134 fastidium
3096 1079 3298 1149 pariat.
3354 1079 3557 1133 Utilius
3605 1086 3698 1132 est
3750 1083 3909 1134 enim

2195 1150 2404 1222 saepius
2433 1167 2596 1205 orare
2617 1150 2878 1216 breviter,
2901 1166 3074 1221 quam
3101 1151 3276 1204 semel
3299 1151 3469 1204 nimis
3497 1151 3727 1220 prolixe
3757 1167 3772 1204 :
3805 1152 3912 1204 nisi

2194 1221 2340 1275 forte
2358 1222 2601 1275 orationi
2618 1221 2841 1276 devotio
2862 1221 3137 1292 inspirata
3158 1222 3280 1291 ipso
3302 1222 3607 1284 nesciente,
3626 1222 3731 1292 qui
3760 1229 3908 1289 orat,

2193 1293 2639 1363 prolongaverit.
2691 1294 2824 1346 Post
2859 1293 3175 1346 orationem
3212 1293 3271 1344 in
3318 1293 3600 1346 honorem
3653 1293 3907 1362 Virginis

2195 1365 2451 1417 debitum
2473 1365 2653 1416 solvat
2672 1363 2944 1429 ofﬁcium,
2975 1369 3298 1416 sanctorum
3320 1368 3908 1417 commemorationes

2195 1434 2484 1504 adjiciens.
2521 1436 2664 1488 Cave
2695 1439 2885 1487 autem
2918 1450 2988 1487 ne
3020 1434 3089 1487 de
3121 1449 3360 1487 numero
3392 1435 3785 1499 Psalmorum,
3821 1437 3906 1488 vel

2194 1507 2766 1570 commemoratione,
2799 1506 3050 1575 aliquam
3091 1505 3194 1558 tibi
3239 1505 3422 1574 legem
3461 1505 3537 1558 im
3585 1522 3774 1569 onas;
3809 1508 3904 1560 sed

2195 1577 2468 1630 auamdiu
2508 1582 2561 1629 te
2602 1577 2810 1629 Psalmi
2845 1577 3144 1630 delectant.
3179 1581 3338 1628 utere
3376 1576 3510 1629 illis.
3544 1521 3602 1630 gi
3647 1577 3757 1629 tibi
3788 1594 3903 1630 cm-

2195 1577 2468 1646 quamdiu
2508 1582 2561 1629 te
2602 1577 2810 1629 Psalmi
2845 1577 3144 1637 delectant,
3179 1581 3338 1628 utere
3376 1576 3510 1629 illis.
3544 1576 3602 1630 Si
3647 1577 3757 1629 tibi
3788 1594 3903 1630 cm-

2193 1647 2384 1716 perint
2412 1663 2533 1700 esse
2555 1647 2803 1710 onerosi,
2831 1647 3007 1700 transi
3039 1648 3106 1699 ad
3139 1646 3438 1700 lectionem
3464 1663 3477 1700 :
3505 1663 3638 1716 quae
3668 1648 3715 1698 si
3751 1647 3905 1702 fasti-

2194 1717 2354 1771 dium
2401 1716 2632 1786 ingerit,
2666 1733 2832 1787 surge
2875 1717 2945 1771 ad
2976 1718 3330 1772 orationem:
3361 1718 3436 1770 sic
3475 1717 3546 1770 ad
3587 1734 3743 1787 opus
3785 1735 3905 1771 ma-

2193 1797 2398 1853 nuum,
2413 1789 2499 1842 his
2519 1789 2772 1858 fatigata,
2788 1789 3190 1858 pertransiens,
3209 1795 3270 1841 ut
3286 1789 3498 1841 salubri
3515 1789 3906 1844 alter-natione

2193 1859 2457 1928 spiritum
2495 1875 2735 1927 recrees,
2767 1866 2824 1912 et
2861 1861 3038 1929 pellas
3076 1859 3351 1912 acediam.
3399 1859 3599 1912 Finitis
3646 1875 3905 1914 comme-

2192 1930 2609 1983 morationibus
2634 1945 2878 2000 quarum
2896 1946 3211 1985 numerum
3239 1946 3354 1983 non
3382 1930 3794 2000 propositioni,
3823 1932 3904 1984 vel

2192 2001 2315 2071 voci
2373 2001 2674 2054 necessitas
2747 2006 3099 2071 extorqueat,
3157 2001 3254 2054 sed
3307 2001 3598 2071 inspirans
3673 2002 3907 2055 devotio

2193 2070 2396 2138 dictat;
2429 2077 2657 2141 tempus
2701 2073 2853 2142 quod
2884 2070 3057 2125 restat
3084 2087 3266 2142 usque
3299 2072 3364 2125 ad
3405 2070 3702 2137 auroram,
3743 2076 3906 2142 operi

2191 2157 2469 2195 manuum
2531 2158 2662 2196 cum
2724 2143 3076 2212 psalmorum
3140 2143 3523 2196 modulatione
3587 2143 3904 2197 deserviat.

2191 2213 2525 2266 Albescente
2553 2229 2762 2266 aurora
2785 2213 3095 2267 matutinas
3117 2213 3315 2267 laudes
3344 2230 3474 2267 cum
3499 2213 3664 2266 horae
3697 2215 3904 2284 prima:

2192 2284 2515 2338 orationum
2555 2284 2782 2354 hymnis
2831 2285 3146 2354 persolvat:
3180 2289 3236 2337 et
3281 2284 3358 2337 sic
3406 2285 3464 2338 in
3510 2287 3902 2339 alternatione

2191 2355 2514 2417 lectionum,
2551 2356 2905 2409 I’salmorum
2927 2371 3156 2425 quoque
3186 2360 3357 2424 prout
3376 2371 3440 2408 ea
3459 2355 3696 2409 devotio
3721 2357 3901 2410 varia-

2190 2425 2355 2493 verit,
2386 2426 2613 2478 tertiam
2645 2431 2950 2495 exspectet,
2981 2442 3093 2496 qua
3122 2425 3271 2480 dicta
3315 2427 3372 2479 in
3404 2443 3579 2496 opere
3614 2443 3900 2482 manuum

2189 2511 2372 2567 usque
2401 2497 2471 2550 ad
2511 2498 2708 2550 horam
2743 2513 2954 2551 nonam
2987 2502 3312 2566 occupetur.
3345 2497 3484 2551 Cibo
3515 2504 3718 2551 autem
3753 2515 3898 2552 sum-

2190 2571 2289 2636 pto
2335 2572 2388 2620 et
2422 2567 2737 2637 gratiarum
2771 2567 3089 2622 actionibus
3129 2569 3242 2622 Deo
3273 2568 3492 2632 solutis,
3529 2569 3604 2622 ad
3635 2571 3894 2638 prasen-

2189 2642 2345 2707 ptam
2390 2639 2885 2692 mansuetudinem
2933 2639 3128 2693 redeat
3174 2639 3566 2709 spiritualihus
3611 2641 3895 2693 exercitiis

2190 2724 2333 2777 opus
2363 2711 2655 2779 corporale
2680 2709 3065 2763 intermittens
3096 2726 3278 2780 usque
3308 2710 3378 2764 ad
3409 2726 3697 2780 vesperas.
3735 2711 3898 2764 Facto

2189 2785 2381 2861 autem
2427 2796 2602 2861 parvo
2641 2780 3709 2861 intervallaaliquamﬂlectionemude
3761 2783 3896 2836 Vitis

2189 2850 2423 2903 Patrum
2455 2852 2541 2904 vel
2574 2851 2845 2905 institutis
2875 2851 2961 2905 vel
3007 2850 3295 2905 miraculis
3327 2867 3528 2905 eorum
3569 2852 3682 2905 sibi
3713 2870 3894 2906 secre-

2187 2919 2300 2973 tius
2326 2922 2494 2992 legat
2527 2938 2538 2974 :
2574 2927 2637 2975 ut
2681 2928 2806 2976 orta
2843 2938 2910 2975 ex
2958 2923 3046 2976 his
3093 2923 3287 2992 aliqua
3325 2925 3799 2992 compunctione,
3841 2926 3892 2977 in

2189 2991 2438 3063 quodam
2472 2992 2689 3046 fervore
2722 2993 2954 3063 spiritus
2983 2991 3416 3063 completorium
3446 2994 3599 3047 dicat
3626 3011 3641 3057 ;
3670 3001 3736 3048 ut
3768 3011 3890 3048 cum

2186 3062 2358 3141 pleno
2389 3069 2616 3132 pectore
2649 3062 2962 3141 devotionis
3000 3062 3211 3141 lectule
3223 3064 3508 3141 _membra
3537 3073 3888 3141 componat:

2187 3132 2286 3205 illa
2317 3149 2452 3205 sane
2493 3149 2620 3204 quae
2650 3134 2883 3205 litteras
2921 3150 3038 3188 non
3078 3135 3368 3204 intelligit,
3405 3135 3568 3205 operi
3615 3132 3891 3190 manuum

2185 3201 2529 3272 diligentius
2552 3203 2792 3258 insistat.
2829 3206 2910 3258 Ita
2949 3211 3014 3258 ut
3049 3221 3180 3258 cum
3218 3201 3497 3275 paulatim
3545 3208 3725 3260 fuerit
3767 3209 3890 3261 fati-

2185 3279 2335 3343 gata,
2369 3279 2564 3344 surgat
2605 3279 2659 3328 et
2701 3291 2888 3344 genua
2920 3275 3124 3336 ﬂectat.
3165 3281 3222 3330 et
3247 3276 3497 3330 breviter
3527 3283 3661 3330 oret
3701 3279 3891 3332 Domi-

2183 3358 2324 3396 num
2397 3361 2586 3412 suum,
2644 3351 2700 3417 et
2773 3347 2961 3399 statim
3024 3363 3187 3416 opus,
3253 3347 3404 3417 quod
3473 3348 3889 3414 intermiserat,

2181 3421 2437 3490 resumat
2485 3431 2500 3469 :
2559 3419 2614 3490 et
2646 3416 2779 3490 _hoc
2827 3416 3022 3490 faciat
3052 3416 3310 3490 tempore
3373 3418 3592 3490 scilicet
3651 3427 3888 3490 utroque.

2181 3484 2442 3539 lectionis
2487 3490 2543 3539 et
2589 3486 2821 3555 laboris,
2864 3484 3216 3542 Dominicam
3263 3489 3590 3542 orationem
3637 3484 3885 3544 crebrius

2179 3555 2345 3636 inter
2369 3573 2544 3636 opera
2580 3558 2781 3612 eadem
2814 3565 3076 3629 repetens
3104 3576 3116 3613 :
3151 3566 3208 3613 et
3235 3560 3283 3614 si
3323 3576 3469 3630 quos
3502 3563 3765 3630 psalmos
3793 3579 3881 3614 vo-

2179 3626 2371 3689 luerit,
2405 3626 2772 3682 interserens.

2179 3697 2405 3752 CAPUT
2454 3699 2561 3753 XV.
2612 3730 2680 3740 —
2725 3703 2806 3756 De
2851 3702 3123 3754 exercitiis
3167 3716 3200 3754 a
3246 3701 3459 3755 Pascha
3506 3701 3586 3754 ad
3636 3703 3877 3758 calendas

2867 3771 3186 3825 novembris.

2246 3841 2292 3893 A
2322 3839 2532 3912 Pascha
2549 3856 2688 3912 vero
2720 3857 2901 3912 usque
2931 3842 2999 3896 ad
3034 3841 3329 3912 prmdictas
3358 3842 3634 3896 calendas
3666 3845 3744 3898 sic
3771 3862 3877 3898 sur-

2177 3915 2273 3982 gat
2303 3911 2375 3965 ad
2404 3910 2644 3980 vigilias,
2675 3915 2740 3965 ut
2780 3910 2958 3966 finitis
2988 3910 3279 3967 nocturnis
3308 3914 3541 3982 hymnis
3579 3922 3640 3968 et
3672 3918 3873 3969 oratio-

2173 3980 2361 4056 nibus,
2398 3983 2752 4056 parvissimo
2811 3983 3120 4056 intervallo
3193 3980 3513 4056 przemisso,
3574 3991 3871 4040 matutinas

2174 4050 2434 4126 incipiat:
2453 4053 2667 4116 Quibus
2697 4053 2936 4122 expletis
2952 4071 3142 4126 usque
3165 4050 3234 4110 ad
3257 4050 3670 4126 plenum'solis
3697 4067 3868 4112 ortum

2173 4123 2712 4198 orationibusvacet
2747 4129 2802 4178 et
2846 4123 3100 4198 psalmis,
3136 4132 3193 4180 et
3233 4123 3369 4180 tunc
3398 4127 3552 4182 dicta
3582 4131 3774 4198 prima
3801 4147 3871 4181 sa-

2173 4193 2455 4268 criﬁcium
2491 4194 2683 4268 diurni
2714 4193 2902 4266 operis
2927 4196 3179 4268 inchoet,
3213 4214 3392 4268 usque
3422 4200 3495 4252 ad
3527 4193 3736 4254 horam
3772 4209 3867 4253 ter-

2171 4263 2336 4318 tiam:
2363 4265 2422 4341 in
2445 4265 2687 4341 lectione
2718 4263 2773 4319 et
2794 4267 3051 4321 oratione
3071 4284 3251 4341 usque
3273 4263 3342 4322 ad
3364 4276 3589 4323 sextam
3615 4273 3866 4341 spiritum

2171 4340 2424 4404 occupet.
2461 4337 2589 4410 Post
2633 4341 2847 4391 sextam
2893 4343 3120 4408 sumpto
3150 4337 3294 4406 cibo,
3341 4346 3545 4410 pauset
3578 4337 3864 4396 in'lectulo

2169 4421 2270 4481 suo
2298 4422 2479 4476 usque
2510 4407 2581 4461 ad
2613 4423 2824 4481 nonam
2849 4425 2863 4462 :
2895 4415 2952 4462 et
2976 4407 3056 4463 sic
3085 4426 3265 4481 usque
3311 4407 3382 4463 ad
3411 4427 3722 4481 vesperam
3766 4429 3864 4466 ma-

2167 4475 2337 4530 nibus
2364 4475 2652 4549 operetur.
2684 4480 2816 4533 Post
2840 4495 3133 4549 vesperam
3163 4475 3295 4534 vero
3324 4475 3694 4537 orationibus
3725 4491 3864 4536 vacet

2167 4551 2244 4622 et_
2258 4547 2514 4622 psalmis,
2551 4548 2751 4622 horam
2788 4547 3107 4604 collationis
3136 4551 3215 4605 ita
3252 4556 3608 4622 temperans,
3652 4562 3721 4608 ut
3751 4563 3862 4608 ante

2166 4618 2301 4692 solis
2347 4634 2610 4692 occasum
2653 4621 2889 4674 lectulus
2935 4622 3194 4675 membra
3241 4618 3499 4692 recipiat.
3540 4625 3858 4680 Cavendum

2165 4689 2319 4743 enim
2351 4691 2617 4762 estiomni
2646 4695 2905 4762 tempore
2933 4708 3004 4746 ne
3032 4698 3211 4746 totam
3240 4689 3570 4748 diei—lucem
3607 4713 3746 4762 nox,
3777 4714 3856 4750 an-

2163 4763 2394 4840 tequam
2424 4761 2736 4840 dormitum
2768 4761 2891 4840 eat,
2925 4763 3314 4840 suis_o_bducat
3349 4765 3635 4836 tenebris,
3667 4761 3735 4821 et
3755 4770 3855 4823 dar

2163 4833 2306 4884 mire
2335 4837 2572 4904 cogatur
2600 4848 2730 4887 cum
2758 4833 2991 4904 vigilare
3021 4835 3210 4890 debet.

2322 4902 2546 4977 CAPUT
2585 4904 2717 4958 XVI.
2757 4902 2836 4977 ei
2862 4908 2938 4959 De
2967 4906 3440 4977 rquadragesimali
3465 4909 3715 4977 jejunio.

2232 4972 2312 5055 De
2343 4976 2603 5055 tempore
2641 4972 3121 5055 quadragesima“
3149 4972 3413 5055 locuturi,
3447 4972 3648 5055 primo
3693 4981 3848 5034 excel-

2159 5041 2394 5097 lentiam
2439 5041 2562 5114 ejus
2605 5041 2890 5100 credimus
2924 5041 3465 5103 commendandam:
3504 5051 3659 5106 Cum
3695 5055 3848 5105 multa

2159 5118 2292 5194 sunt
2320 5115 2776 5194 Christianorum
2800 5118 3049 5194 jejunia,
3075 5119 3342 5194 omnibus
3366 5123 3606 5194 excellit
3636 5124 3846 5194 quadn»

2157 5187 2768 5259 gesimalejejunium,
2805 5187 2960 5259 quod
2997 5189 3190 5244 divina
3223 5191 3568 5246 auctoritate
3609 5187 3727 5248 nim
3755 5194 3844 5246 sia-

2156 5255 3142 5336 gulisquibuscumque—personis,
3189 5277 3318 5336 non
3359 5262 3527 5336 illius;
3579 5266 3671 5320 vel
3719 5267 3846 5318 illius

2157 5327 2374 5380 ordinis
2402 5327 2753 5395 hominibus,
2781 5327 2883 5384 sed
2907 5327 3175 5386 omnibus
3203 5332 3476 5386 indicitur
3502 5334 3842 5389 Christianis.

2156 5397 2335 5476 Habet
2363 5401 2979 5476 autem_testimonium
3011 5404 3362 5476 excellentiae
3392 5420 3426 5456 a
3456 5405 3636 5476 Lege,
3669 5425 3704 5461 a
3731 5409 3844 5461 Pre—

2153 5467 2340 5548 pbetis
2363 5473 2419 5522 et
2448 5470 2519 5548 ab
2551 5471 2874 5548 Evangelio.
2900 5473 3040 5527 Nam
3068 5475 3283 5548 Moyses
3307 5467 3573 5548 famulus
3601 5467 3700 5532 Dei
3725 5479 3827 5548 jeju

2153 5538 2310 5615 navit
2339 5538 2949 5615 qpadragintadiebus
2979 5550 3037 5598 et
3067 5538 3449 5615 quadraginta
3477 5538 3842 5608 noctibus}:

2151 5608 2337 5688 legem
2356 5608 2596 5665 Domini
2625 5613 2879 5688 accipere
2907 5608 3242 5688 mereretur.
3272 5608 3465 5688 Helias
3504 5627 3712 5675 autem
3737 5637 3840 5688 pre-

2151 5681 2479 5763 phetacum
2503 5681 2998 5763 manducassetde
3024 5703 3170 5763 pane
3199 5687 3611 5763 subcinericio,
3639 5681 3844 5763 aquam—

2151 5766 2262 5822 que
2285 5751 2538 5832 bibisset,
2564 5771 2733 5832 quam
2759 5758 2994 5827 angelus
3017 5751 3068 5832 ei
3095 5759 3526 5832 ministraverat
3548 5781 3565 5827 ;
3583 5751 3848 5832 jejunm:

2149 5823 2532 5900 quadraginta
2556 5823 2754 5900 diebus
2797 5823 2863 5882 et
2893 5829 3270 5900 quadraginta
3301 5823 3605 5895 noctibus:
3640 5823 3699 5887 Et
3737 5842 3848 5887 tu»:

2147 5907 2346 5949 vocem
2372 5896 2600 5952 Domini
2620 5897 2818 5954 audire
2837 5896 3174 5970 promeruit.
3210 5901 3493 5958 Dominus
3513 5910 3580 5959 et
3605 5905 3850 5961 Salvator
