3970 6146
164 165 296 219 1456

154 290 488 362 noste‘rcum
506 287 786 362 jejunavit
807 288 1183 359 quadraginta
1195 289 1395 344 diebus
1412 293 1466 344 et
1482 290 1851 362 gradraginta

156 358 440 432 noctibus,
472 358 759 432 superavit
786 358 1150 428 tentatorem,
1186 366 1243 415 et
1265 358 1623 417 accesserunt
1645 358 1850 432 Angeli

156 434 212 483 et
243 429 641 482 ministrabant
664 429 735 482 ei.

262 500 489 554 CAPUT
530 501 689 572 XVII.
723 530 791 540 ——
820 502 1169 570 Persequitur
1200 501 1265 556 de
1294 503 1495 557 virtute
1516 503 1742 572 jejunii.

228 572 320 643 Est
340 586 476 639 ergo
501 571 787 639 jejunium
812 578 1008 625 contra
1037 572 1229 625 omnia
1250 578 1601 626 tentamenta
1633 579 1688 627 et
1717 589 1847 643 pec-

154 641 394 695 cabilem
430 648 659 694 statum.
686 643 749 695 In
780 642 937 695 omni
975 643 1341 697 tribulatione
1370 645 1508 697 utile
1539 641 1847 713 refugium,

156 712 423 783 omnibus
467 713 674 765 nostris
713 713 1101 783 irrefragabile
1146 714 1565 768 fulcimentum.
1616 712 1852 779 Quantae

155 788 348 837 autem
377 782 600 835 virtutis
638 783 711 835 sit
731 782 1019 852 jejunium
1052 785 1173 854 ipse
1215 785 1468 838 Christus
1509 801 1625 838 non
1654 786 1848 844 tacuit.

154 870 257 908 cur
289 854 608 908 daemonem
640 854 737 924 qui
779 855 1092 908 Iunaticum
1142 855 1444 921 invaserat,
1491 855 1693 924 ejicere
1737 872 1851 909 non

155 929 488 996 potuerunt.
519 926 627 978 Hoc
663 940 850 991 genus,
895 925 1100 995 inquit,
1134 926 1515 980 daemoniorum
1544 942 1650 980 non
1676 930 1853 995 potest

153 998 302 1064 ejici,
329 998 440 1048 nisi
473 997 528 1048 in
556 999 795 1049 oratione
822 1001 872 1049 et
897 997 1107 1065 jejunio
1140 996 1329 1066 (Marc.
1368 1013 1440 1063 1x,
1473 998 1582 1067 28).

227 1067 453 1121 CAPUT
474 1067 658 1119 XVIII.
698 1096 767 1106 —
792 1067 873 1120 De
896 1070 1289 1136 signiﬁcatione
1318 1068 1776 1132 Quadragesimae.

230 1136 379 1191 Licet
404 1142 594 1190 autem
642 1136 934 1206 religionis
981 1154 1170 1191 comes
1211 1154 1438 1208 semper
1485 1138 1688 1191 debeat
1729 1154 1850 1191 esse

145 1208 457 1278 jejunium,
495 1208 615 1260 sine
655 1224 768 1277 quo
798 1208 1022 1261 castitas
1044 1213 1165 1261 tuta
1194 1224 1315 1262 esse
1342 1224 1458 1261 non
1478 1213 1697 1278 potest;
1731 1210 1850 1262 Ι]ωο

152 1284 345 1331 tamen
377 1278 891 1348 quadragesimalis
913 1278 1232 1333 observatio
1260 1295 1533 1349 magnum
1554 1279 1614 1332 in
1636 1295 1693 1331 se
1714 1296 1849 1332 con-

150 1349 301 1403 tinet
330 1355 768 1403 sacramentum.
804 1350 1026 1403 Primus
1058 1351 1210 1403 locus
1233 1350 1601 1404 habitationis
1640 1355 1848 1403 nostrae

196 1419 450 1473 aradisus
472 1419 596 1472 fuit.
622 1420 912 1474 Secundus
927 1421 1175 1474 mundus
1195 1421 1300 1474 iste
1322 1422 1525 1489 plenus
1550 1421 1842 1474 aerumnis.

196 1436 450 1473 araalsus
472 1436 596 1472 ruit.
622 1436 837 1474 aecuno
850 1436 912 1473 us
927 1436 1175 1474 mundus
1195 1436 1300 1474 iste
1322 1436 1525 1489 plenus
1550 1436 1842 1474 aerumnis.

150 1436 375 1543 gertius
395 1491 476 1562 Ain;
494 1491 793 1562 coelocum
819 1492 1048 1562 Angelis
1074 1496 1129 1544 et
1159 1490 1478 1560 Spiritibus.
1513 1491 1850 1561 Significant

149 1567 346 1642 autem
390 1560 481 1642 isti
498 1561 892 1642 quadraginta
918 1560 1044 1642 dies
1096 1566 1281 1615 totum
1336 1560 1597 1642 tempus,
1640 1578 1845 1642 exquo

147 1632 352 1711 pulsus
374 1636 458 1711 est
478 1632 660 1711 Adam
692 1633 1063 1711 de_paradiso
1080 1650 1261 1711 usque
1284 1632 1650 1711 adultimnm
1671 1632 1844 1711 diem,

146 1703 211 1755 in
242 1719 355 1772 quo
382 1703 549 1772 plene
588 1703 987 1757 liberabuntur
1015 1704 1084 1755 ab
1111 1705 1220 1756 hoc
1264 1703 1482 1756 exsilio.
1523 1703 1621 1755 Hic
1654 1707 1846 1755 autem

147 1788 350 1826 sumus
379 1773 439 1825 in
464 1774 690 1837 timore,
723 1774 781 1826 in
808 1775 1019 1838 labore,
1052 1773 1109 1825 in
1141 1774 1357 1837 dolore,
1390 1772 1627 1841 projecti
1658 1772 1846 1825 afacie

148 1844 447 1897 oculorum
492 1842 613 1908 Dei,
659 1844 877 1914 exclusi
909 1860 941 1895 a
987 1843 1211 1914 gaudiis
1252 1843 1519 1912 paradisi,
1548 1841 1733 1911 jejuni
1778 1842 1847 1914 ab

151 1914 429 1967 alimento
458 1913 669 1967 ccelesti
695 1930 708 1966 :
768 1912 1009 1983 semper
1033 1919 1225 1967 autem
1257 1914 1529 1967 debemus
1560 1914 1705 1966 hanc
1738 1912 1845 1965 mi-

149 1984 360 2038 seriam
390 1989 640 2037 nostram
687 1985 1068 2050 considerare,
1109 1987 1167 2037 et
1200 1984 1517 2053 deplorare,
1564 1987 1621 2036 et
1650 1987 1847 2036 osten-

149 2055 296 2126 dere
319 2055 377 2126 in
400 2055 669 2123 operibus
694 2056 903 2108 nostris
924 2055 1084 2126 quod
1112 2070 1307 2126 sumus
1338 2055 1565 2107 advena).
1596 2058 1648 2126 et
1680 2069 1846 2122 pere-

193 2125 304 2178 rini
317 2125 375 2178 in
404 2126 643 2180 mundo.
668 2126 772 2180 Sed
789 2126 923 2194 quia
944 2125 1051 2179 hoc
1066 2125 1228 2179 facile
1252 2141 1365 2178 non
1388 2129 1575 2194 potest
1595 2125 1848 2177 humana

175 2196 454 2266 'ragilitas,
484 2196 779 2251 constituit
805 2196 1045 2267 Spiritus
1075 2201 1298 2249 sanctus
1336 2196 1565 2249 tertium
1597 2198 1843 2267 tempus,

194 2283 268 2319 uo
299 2268 352 2320 id
368 2267 659 2331 faciamus,
691 2272 746 2321 et
776 2265 1053 2337 quasdam
1075 2267 1493 2320 observationes
1523 2266 1582 2319 in
1606 2265 1847 2319 Ecclesia

149 2283 278 2391 geri
297 2338 599 2391 ordinavit.
628 2339 831 2391 auibus
850 2338 1314 2391 insiustemnoris
1343 2354 1570 2391 causam
1600 2336 1847 2389 animad-

173 2336 278 2391 ieri
297 2338 599 2403 ordinavit,
628 2336 831 2408 quibus
850 2338 1314 2409 ipsiustemporis
1343 2354 1570 2391 causam
1600 2336 1847 2389 animad-

150 2414 371 2462 vertere
410 2411 717 2463 valeamus.
755 2408 894 2463 Nam
927 2409 1021 2463 ubi
1054 2408 1299 2463 ostendit
1336 2424 1438 2461 nos
1474 2409 1670 2476 pulsos
1701 2423 1844 2474 esse,

149 2479 402 2549 adjectos
431 2480 601 2533 morti
646 2485 879 2551 propter
915 2480 1152 2533 verbum
1192 2479 1345 2549 quod
1389 2478 1529 2551 dixit
1573 2477 1846 2551 Dominus

148 2547 446 2617 ad'Adam,
480 2566 607 2603 cum
647 2547 777 2604 eum
826 2552 1136 2619 expelleret
1167 2547 1234 2603 de
1264 2549 1562 2617 paradiso;
1605 2564 1734 2601 cum
1764 2547 1844 2600 ci-

148 2636 355 2673 nerum
387 2622 714 2689 aspersione
741 2621 945 2675 dicitur
971 2621 1156 2689 nobis,
1183 2621 1367 2673 Pulvis
1391 2634 1464 2683 es,
1492 2624 1541 2673 et
1570 2622 1629 2672 in
1655 2620 1843 2689 pulvee

151 2707 261 2745 rem
292 2688 575 2745 reverteris
607 2693 758 2757 (Gen.
791 2708 868 2755 ιιι,
904 2691 1008 2761 l9).
1050 2692 1119 2745 Ut
1147 2690 1392 2743 sciamus
1439 2690 1635 2761 etiam,
1693 2688 1846 2758 quod

151 2761 206 2815 in
223 2763 327 2815 hoc
351 2763 549 2815 exsilio
583 2768 823 2832 negatur
852 2762 1034 2814 nobus
1060 2761 1202 2813 visio
1235 2761 1352 2821 Dei,
1382 2760 1726 2832 appenditur
1747 2774 1844 2810 ve-

149 2833 272 2885 lum
303 2834 452 2885 inter
484 2849 585 2884 nos
617 2829 682 2885 et
700 2838 859 2886 santa
881 2836 1225 2884 sanctorum.
1260 2832 1468 2883 Verum
1500 2834 1560 2882 ut
1608 2829 1846 2882 reduca-

148 2919 280 2957 mus
323 2903 393 2955 ad
448 2903 802 2969 memoriam,
862 2902 1013 2972 quod
1051 2902 1217 2970 longe
1276 2916 1471 2953 sumus
1525 2900 1848 2972 abieorum

149 2973 416 3027 societate
446 2974 517 3027 de
544 2974 751 3043 quibus
777 2970 1053 3042 scriptum
1084 2978 1196 3025 est:
1245 2974 1398 3025 Beati
1448 2973 1561 3043 qui
1601 2970 1850 3043 habitant

149 3047 210 3098 in
240 3045 393 3098 domo
416 3049 529 3107 tua,
561 3041 821 3114 Domine;
856 3041 913 3097 in
959 3044 1153 3097 saecula
1182 3044 1493 3114 saeculorum
1542 3041 1849 3114 laudabunt

151 3120 203 3170 te
223 3117 390 3181 (Psal.
418 3132 639 3181 Lxxxm,
674 3119 762 3181 5);
806 3110 1085 3168 usitatum
1134 3113 1369 3166 verbum
1428 3111 1615 3165 laudis
1668 3110 1844 3164 inter-

150 3186 454 3239 mittimus.
481 3186 638 3249 Quod
674 3202 805 3238 vero
837 3202 938 3239 nos
967 3185 1229 3255 ipsohoc
1258 3182 1446 3255 altiori
1469 3181 1691 3255 jejunio
1720 3198 1849 3236 con-

151 3256 513 3327 stringimur,
548 3256 830 3309 recordari
879 3253 1164 3321 nos'facit,
1197 3254 1346 3325 quod
1382 3254 1440 3306 in
1473 3255 1576 3306 bac
1604 3253 1717 3306 vita
1744 3269 1849 3327 coe-

150 3328 280 3381 lesti
310 3324 457 3395 pane
484 3344 597 3380 non
630 3327 921 3379 satiamur.
954 3328 1015 3380 In
1059 3326 1164 3378 hoc
1195 3324 1330 3395 ergo
1359 3329 1613 3394 tempore
1661 3324 1847 3395 omnis

152 3394 494 3451 christianus
524 3398 741 3466 aliquid
774 3398 981 3451 addere
1010 3396 1219 3450 dicitur
1248 3394 1426 3449 solitis
1452 3394 1757 3465 obsequiis,
1791 3399 1849 3448 et

150 3468 484 3539 diligentius
510 3475 679 3539 atque
708 3466 1060 3539 frequentius
1086 3467 1231 3539 circa
1250 3467 1439 3539 cordis
1457 3466 1638 3539 etoris
1668 3470 1850 3519 custo-

153 3536 307 3592 diam
321 3536 601 3607 occupari:
627 3536 964 3592 Sedinélusa
988 3538 1232 3591 maxime
1246 3536 1621 3590 institutionis
1638 3540 1848 3606 tempo-

152 3609 231 3662 ris
253 3610 423 3679 hujus
454 3606 735 3663 rationem
758 3610 938 3662 multo
957 3608 1160 3679 melius
1178 3606 1468 3677 intelligit,
1488 3612 1701 3679 quanto
1722 3623 1849 3679 eam

150 3681 214 3733 in
231 3677 463 3751 propria
477 3680 594 3751 vita
607 3696 715 3751 sua
730 3678 1050 3751 expressius
1064 3680 1432 3751 recognoscit.
1461 3679 1519 3731 In
1542 3678 1631 3731 his
1652 3677 1848 3751 proin-

153 3748 426 3805 de'sac'ris
456 3749 810 3803 orationibus
832 3750 1040 3819 quibus
1062 3750 1281 3803 Christo
1312 3749 1533 3819 placere
1562 3748 1850 3817 praecipue

154 3821 565 3886 desideramus,
600 3825 775 3874 totam
806 3837 864 3873 se
899 3822 1011 3873 Deo
1041 3824 1242 3873 voveat
1289 3826 1459 3890 atque
1517 3819 1846 3873 sanctificet.

153 3892 362 3947 Omnes
388 3892 616 3945 delicias
645 3896 893 3962 respuat,
929 3908 1128 3945 omnes
1158 3890 1650 3962 confabulationes
1688 3891 1849 3959 abju-

153 3967 243 4016 ret
268 3982 283 4027 ;
305 3968 361 4016 et
391 3963 553 4033 quasi
585 3962 703 4015 dies
736 3961 1063 4032 nuptiarum
1096 3962 1201 4015 hoc
1234 3966 1458 4033 tempus
1497 3961 1849 4027 existimans,

155 4033 222 4086 ad
247 4032 541 4100 amplexus
558 4034 765 4087 Christi
792 4034 949 4086 omni
973 4033 1239 4087 aviditate
1264 4032 1527 4102 suspiret.
1563 4033 1850 4101 Frequen-

154 4103 270 4157 tius
301 4104 462 4156 solito
490 4104 783 4159 incumbat
807 4104 1072 4169 orationi,
1107 4103 1359 4156 crebrius
1388 4118 1445 4155 se
1466 4103 1705 4171 pedibus
1721 4104 1852 4156 Jesu

156 4178 499 4244 prosternat,
530 4176 727 4229 crebra
756 4173 1003 4229 nominis
1032 4173 1184 4226 illius
1214 4172 1548 4244 repetitione
1576 4188 1851 4240 compun-

156 4243 403 4299 ctionem
436 4245 660 4310 excitet,
697 4247 972 4311 lacrymas
1002 4249 1294 4313 provocet,
1329 4258 1424 4295 cor
1461 4243 1719 4313 abomni
1750 4260 1852 4295 va-

158 4316 386 4385 gatione
416 4321 754 4385 compescat.
790 4314 989 4370 Finitis
1007 4312 1210 4385 itaque
1232 4312 1651 4385 sacrisvigiliis
1678 4313 1853 4366 inter-

156 4383 390 4452 vallum,
418 4383 571 4457 quod
597 4404 629 4439 a
652 4383 1488 4457 nocturnislaudabilisdividit
1518 4385 1849 4449 matutinas,

159 4458 405 4512 orationi
436 4454 494 4510 et
523 4457 878 4511 meditationi
909 4456 1209 4510 observiat.
1243 4454 1513 4523 Dictaque
1545 4460 1673 4523 post
1725 4471 1849 4508 ma-

158 4527 370 4598 tutinas
410 4528 593 4598 prima
642 4544 823 4597 usque
863 4528 932 4579 ad
980 4527 1210 4598 plenam
1253 4526 1480 4598 tertiam
1526 4525 1761 4598 psalmis
1791 4542 1853 4579 ac

158 4596 500 4651 lectionibus
529 4604 704 4651 vacet.
732 4596 949 4652 Tertiae
979 4612 1112 4648 vero
1142 4597 1300 4649 horse
1340 4596 1504 4649 laude
1551 4596 1847 4665 completa,

158 4668 315 4737 operi
339 4684 611 4721 manuum
634 4684 813 4737 usque
834 4668 899 4720 ad
920 4668 1119 4720 horam
1152 4681 1360 4737 nonam
1387 4666 1588 4719 devota
1609 4666 1849 4731 insistat,

159 4736 356 4791 breves
407 4755 508 4808 per
558 4736 858 4792 intervalla
888 4738 1177 4808 orationes
1202 4736 1485 4789 inserens:
1538 4737 1688 4789 dicta
1728 4741 1854 4807 post

157 4809 267 4861 hoc
288 4807 521 4878 vespera
547 4824 750 4877 corpus
773 4808 1008 4874 reﬁciet,
1043 4812 1097 4862 et
1140 4807 1218 4862 sic
1246 4812 1473 4877 tempus
1493 4807 1853 4877 completorii

158 4880 406 4948 psallens
425 4884 726 4949 exspectet.

157 4951 383 5004 CAPUT
413 4951 543 5005 XIX.
575 4980 634 4991 —
666 4950 748 5004 De
797 4951 905 5004 cibi
952 4953 1002 5003 et
1047 4953 1205 5018 potus
1258 4951 1523 5018 qualitate
1577 4950 1628 5001 et
1674 4963 1853 5016 quan-

917 5023 1090 5074 litate.

226 5090 351 5162 lam
382 5089 592 5162 de_cibi
642 5094 697 5144 et
746 5095 912 5161 potus
959 5091 1233 5162 qualitate
1277 5090 1365 5144 vel
1392 5090 1735 5161 quantitate,
1791 5105 1853 5162 ex

158 5160 471 5232 abundanti
501 5162 729 5230 quidem
748 5160 856 5217 tibi
879 5160 1063 5232 legem
1082 5162 1398 5231 imponere,
1431 5177 1611 5225 soror,
1636 5176 1763 5230 quae
1785 5160 1854 5213 ab

159 5232 283 5301 ipsa
319 5231 574 5302 infantia
630 5248 811 5302 usque
842 5234 909 5287 ad
943 5231 1340 5298 "senectutem,
1396 5248 1525 5301 quas
1572 5246 1722 5285 nunc
1762 5236 1857 5283 tua

160 5301 419 5356 membra
449 5302 723 5363 debilitat,
750 5304 1081 5373 parcissime
1115 5303 1239 5355 cibo
1272 5302 1359 5356 vix
1390 5318 1596 5372 corpus
1620 5306 1855 5373 susten-

157 5378 242 5427 tas
276 5389 289 5427 :
325 5388 425 5443 pro
453 5373 578 5426 aliis
608 5372 979 5443 cum’quibus
1005 5374 1059 5427 id
1097 5373 1236 5427 utile
1265 5373 1521 5426 futurum
1552 5372 1854 5437 arbitrans,

159 5448 372 5497 certam
406 5443 473 5512 de
513 5444 601 5498 his
646 5445 1016 5514 prtescribere
1061 5445 1319 5512 regulam
1370 5444 1619 5497 tentabo.
1658 5444 1857 5495 Beatus

114 5515 122 5521 ’
161 5515 496 5569 Benedictus
529 5516 732 5569 libram
760 5516 924 5585 panis
970 5520 1025 5569 et
1053 5515 1342 5568 heminam
1374 5518 1540 5584 potus
1597 5514 1859 5567 concedit

160 5587 442 5639 monacho
473 5602 485 5639 :
521 5587 672 5656 quod
708 5602 810 5639 nos
836 5586 1067 5639 inclusis
1097 5585 1518 5639 delicatioribus
1547 5601 1662 5656 non
1688 5600 1857 5653 nega-

162 5672 289 5711 mus
321 5655 808 5728 ;adplcscentibus
839 5662 1033 5711 tamen
1092 5656 1150 5711 in
1200 5672 1433 5727 corpore
1480 5655 1746 5724 robustis,
1786 5655 1856 5709 ab

1578 165 1673 221 DE
1712 164 1886 222 VITA
1925 164 2343 225 EREMITICA.

3517 178 3656 231 1457

1961 292 2124 366 omni
2155 294 2310 363 quod
2365 295 2651 351 inebriare
2701 300 2904 366 potest,
2956 298 3240 355 abstinere
3292 300 3661 355 utilissimum

1960 368 2062 443 est.
2097 365 2311 418 Panem
2343 367 2591 443 nitidum
2616 370 2675 443 et
2704 365 2863 443 nibos
2896 368 3185 443 delicatos,
3219 372 3382 441 quasi
3404 372 3658 442 impudi-

1960 438 2108 508 citiae
2140 450 2424 490 venenum
2459 438 2649 491 evitet.
2708 438 2795 492 Sic
2842 441 3164 494 necessitati
3189 438 3463 508 consulat,
3488 438 3570 497 'ut
3602 448 3656 496 et

1960 504 2168 584 famem
2199 509 2457 584 repellat,
2491 514 2546 561 et
2563 512 2889 584 appetitum
2932 527 3044 563 non
3076 511 3260 584 saliet.
3296 504 3491 582 Itaque
3523 530 3653 584 quae

1962 575 2035 650 ad
2086 575 2481 650 perfectiorem
2530 575 2929 632 abstinentiam
2968 581 3237 650 progredi
3281 575 3417 635 non-
3443 575 3652 650 valent,

1962 645 2113 725 libra
2137 648 2301 725 panis
2340 654 2409 725 et_
2426 650 2655 725 hemina
2705 645 3172 725 lautioris:potus
3197 658 3479 725 contenta;
3515 645 3647 707 sinti

1962 716 2076 769 sive
2101 716 2184 770 bis
2214 720 2535 785 comedent,
2569 719 2682 772 sive
2712 722 2905 773 semel.
2943 716 3130 775 Unum
3160 723 3408 776 habeant
3442 724 3508 777 de
3541 726 3652 776 ole-

1960 786 2119 860 ribus
2150 790 2232 841 vel
2266 790 2650 859 leguminibus
2685 792 3066 860 pulmentum,
3102 793 3188 844 vel
3241 799 3389 845 certe
3421 794 3488 846 de
3510 794 3652 847 fari-

1964 858 2179 931 naceis.
2206 860 2307 912 Cui
2334 858 2644 913 ’modicum
2688 858 2821 927 olei,
2856 863 2939 913 vel
2973 862 3161 930 butyri
3188 864 3274 914 vel
3332 864 3489 915 Iactis
3518 864 3651 931 inji-

1961 928 2274 1002 ciens,4hoc
2300 932 2665 985 condimento
2715 932 3003 984 fastidium
3055 928 3309 1002 repellat.
3352 935 3417 985 Et
3443 934 3546 986 hoc
3578 928 3651 1000 ei,

1960 999 2005 1052 si
2036 1015 2103 1052 ea
2127 1000 2217 1053 die
2248 1008 2537 1055 ccenatura
2564 1007 2666 1067 est,
2700 1002 2961 1055 sufliciat.
3016 1004 3100 1055 Ad
3122 999 3347 1055 coenam
3380 1020 3512 1055 vero
3559 999 3653 1072 pa-

1959 1085 2088 1141 rum
2141 1072 2300 1125 lactis
2331 1072 2436 1126 sibi
2484 1074 2569 1125 vel
2600 1072 2767 1141 piscis
2800 1072 3103 1136 modicum,
3154 1073 3241 1125 vel
3289 1073 3501 1141 aliquid
3543 1074 3650 1126 hu-

1954 1140 2208 1209 jusmodi
2254 1142 2300 1195 si
2353 1148 2560 1213 praesto
2590 1140 2781 1207 fuerit,
2810 1148 3077 1212 apponat.
3134 1144 3256 1196 Uno
3304 1140 3510 1212 genere
3541 1144 3651 1197 cibi

1959 1217 2222 1283 contenta
2235 1230 2362 1266 cum
2380 1214 2564 1283 pomis
2578 1218 2633 1266 et
2646 1213 2835 1266 herbis
2849 1214 2984 1266 crud
2996 1214 3134 1277 ibus,
3150 1213 3197 1265 si
3212 1230 3352 1282 quas
3365 1214 3648 1275 habuerit,

1958 1281 2081 1335 haec
2107 1283 2227 1351 ipsa
2258 1284 2304 1336 si
2353 1281 2525 1337 semel
2566 1284 2877 1337 comederit
2906 1283 2963 1335 in
3022 1283 3134 1350 die,
3181 1281 3477 1352 praelibato
3528 1286 3652 1353 pul-

1957 1358 2152 1405 mento
2184 1360 2422 1422 possunt
2451 1356 2679 1423 apponi.
2715 1356 2779 1406 In
2806 1354 3012 1423 vigiliis
3040 1358 3363 1406 sanctorum
3386 1360 3576 1407 tamen
3598 1359 3653 1407 et

1958 1424 2210 1486 Quatuor
2236 1425 2581 1493 Temporum
2605 1423 2860 1492 jejuniis,
2892 1424 3151 1476 omnium
3181 1424 3352 1477 etiam
3379 1425 3650 1477 feriarum

1999 1499 2247 1564 uartaet
2276 1501 2449 1562 sexta,
2482 1501 2638 1547 extra
2667 1493 3209 1563 Quinquagesimam
3240 1494 3297 1546 in
3351 1495 3474 1547 cibo
3506 1512 3649 1564 qua-

1998 1563 2317 1631 ragesimali
2336 1566 2571 1634 jejunet.
2602 1567 2663 1617 In
2687 1564 3132 1627 Quadragesima
3150 1579 3282 1634 vero
3310 1581 3486 1617 unum
3516 1563 3651 1632 quo-

1956 1634 2089 1686 tidie
2119 1634 2173 1686 ei
2220 1633 2462 1688 sufﬁciat
2493 1636 2874 1704 pulmentum.
2911 1635 2972 1686 Et
2997 1634 3105 1685 nisi
3131 1633 3435 1687 inﬁrmitas
3465 1636 3651 1704 impe—

1957 1704 2247 1768 diat,feria
2260 1705 2487 1758 sextain
2502 1722 2647 1775 pane
2670 1710 2725 1757 et
2756 1721 2902 1774 aqua
2919 1704 3160 1772 jejunet.
3191 1705 3275 1757 Ab
3299 1706 3650 1758 Exaltatione

1957 1778 2163 1845 sancta;
2196 1775 2387 1828 Crucis
2421 1774 2598 1845 usque
2630 1776 2696 1828 ad
2732 1774 3239 1845 Quadragesimam
3260 1777 3440 1845 semel
3470 1775 3529 1827 in
3561 1776 3650 1828 die

1955 1844 2097 1898 hora
2148 1861 2302 1898 nona
2349 1843 2590 1902 reﬁciat.
2627 1846 2689 1897 In
2720 1844 3181 1911 Quadragesima,
3215 1843 3364 1897 dicta
3393 1861 3645 1913 vespera,

1948 1915 2235 1985 jejunium
2267 1917 2464 1969 solvat.
2500 1918 2545 1969 A
2579 1916 2789 1969 Pascha
2828 1931 3007 1984 usque
3056 1915 3127 1967 ad
3176 1916 3547 1968 Pentecosten
3577 1916 3650 1969 ad

1957 1984 2499 2067 sextam‘pran‘deat,
2525 1991 2582 2067 et
2611 1986 2679 2067 ad
2718 1986 3061 2067 prandium.
3086 1984 3377 2067 silentium
3422 1990 3643 2067 teneat;

1956 2057 2106 2126 quod
2140 2055 2311 2110 etiam
2335 2062 2455 2111 tota
2487 2062 2680 2110 aestate
2713 2056 2899 2121 faciet,
2927 2060 3134 2125 praeter
3162 2055 3333 2109 ferias
3365 2062 3563 2125 quarta
3596 2061 3651 2110 et

1956 2132 2128 2195 sexta,
2145 2132 2199 2181 et
2219 2127 2569 2181 solemnibus
2590 2126 2852 2197 jejuniis.
2894 2127 3100 2180 Diebus
3122 2131 3313 2180 autem
3346 2127 3648 2195 quibusje-

1948 2198 2136 2267 junat,
2168 2198 2335 2252 liceat
2362 2199 2413 2252 ei
2444 2199 2500 2251 in
2518 2203 2711 2251 testate
2732 2214 2835 2267 pro
2865 2213 3066 2250 somno
3082 2197 3401 2251 meridiano
3426 2202 3481 2250 et
3500 2197 3651 2251 inter

1956 2269 2265 2323 matutinas
2295 2274 2350 2323 et
2378 2269 2624 2339 primam
2654 2268 2941 2322 modicum
2964 2267 3172 2338 quietis
3204 2268 3500 2340 indulgere
3522 2284 3647 2322 cor-

1995 2341 2212 2393 usculo.

1955 2356 2285 2464 pusCuAlIgUT
2316 2411 2414 2464 XX.
2460 2438 2533 2450 —
2572 2413 2645 2463 De
2672 2410 3000 2463 vestimentis
3046 2412 3095 2461 et
3124 2408 3512 2462 calceamentis.

2027 2482 2202 2533 Porro
2231 2480 2366 2533 talia
2405 2479 2458 2532 ei
2488 2480 2829 2532 vestimenta
2857 2478 3144 2532 sufficiant
3191 2494 3318 2547 quae
3350 2479 3529 2547 frigus
3558 2495 3650 2533 re-

1952 2551 2187 2621 pellant.
2219 2549 2604 2604 Grossioribus
2641 2549 2881 2618 pelliciis
2912 2554 3125 2613 utatur,
3158 2553 3213 2601 et
3242 2550 3488 2621 pellibus
3519 2566 3649 2618 pro-

1955 2620 2083 2690 pter
2114 2621 2401 2686 hiemem;
2436 2626 2671 2690 propter
2708 2624 2961 2673 eestatem
2994 2624 3205 2690 autem;
3227 2634 3404 2672 unam
3447 2620 3653 2673 habeat

1954 2688 2208 2744 tunicam
2234 2708 2246 2743 :
2283 2688 2525 2759 utroque
2544 2688 2686 2743 vero
2726 2695 2983 2759 tempore
3010 2689 3155 2759 duas
3178 2688 3246 2741 de
3276 2691 3529 2758 stupacio
3560 2707 3651 2744 ca-

1955 2761 2150 2815 misias
2179 2760 2265 2813 vel
2297 2756 2586 2813 staniinas.
2612 2756 3096 2827 Velamen‘capitis
3116 2774 3229 2811 non
3260 2759 3331 2811 sit
3362 2756 3430 2812 de
3463 2776 3651 2827 panno

1957 2832 2151 2885 subtili
2180 2831 2265 2883 vel
2297 2830 2566 2900 pretioso,
2600 2830 2696 2883 sed
2729 2829 3001 2882 mediocri
3038 2829 3240 2900 nigro:
3288 2844 3358 2881 ne
3389 2829 3651 2883 videatur

1956 2903 2146 2955 colore
2176 2899 2333 2954 vario
2365 2901 2625 2954 affectare
2655 2901 2937 2953 decorem.
2964 2899 3374 2965 Calceamenta,
3410 2900 3649 2969 pediles,

1957 2973 2186 3043 caligas,
2242 2977 2520 3043 quantum
2576 2971 2719 3043 satis
2747 2971 2926 3043 fuerit
2954 2969 3175 3043 habeat.
3212 2970 3651 3043 Etgpaupertatis

1958 3039 2285 3097 suas'custos
2300 3042 2539 3096 sollicite
2568 3041 2905 3104 consideret,
2929 3046 2994 3093 ut
3023 3040 3192 3093 etiam
3228 3039 3651 3108 aliquantulum

1958 3114 2148 3167 minus
2177 3114 2382 3167 habeat
2412 3128 2587 3182 quam
2612 3112 2908 3179 indulgere
2940 3110 3047 3164 sibi
3076 3110 3250 3180 possit
3277 3111 3432 3182 justa
3462 3127 3649 3165 neces-

1957 3185 2112 3238 sitas.
2148 3185 2298 3251 Haac,
2330 3181 2492 3237 soror
2540 3182 2891 3246 charissima,
2942 3182 3010 3235 de
3055 3181 3355 3234 exterioris
3401 3183 3649 3236 hominis

1957 3255 2384 3309 conversatione
2441 3270 2555 3308 non
2602 3269 2707 3323 pro
2740 3252 3096 3322 antiquitatis
3134 3252 3373 3314 fervore,
3404 3253 3501 3305 sed
3542 3269 3648 3321 pro

1955 3326 2127 3411 hujus
2147 3326 2325 3411 nostri
2352 3322 2626 3411 temporis
2649 3325 2830 3411 spatiq
2852 3328 2905 3377 te
2927 3323 3298 3411 compellente
3318 3322 3647 3411 conscripsi,

1959 3393 2200 3451 infirmis
2220 3393 2601 3465 temperatum
2621 3393 2924 3465 quemdam
2948 3395 3183 3447 modum
3200 3393 3430 3465 vivendi
3445 3410 3649 3464 propo-

1953 3484 2118 3534 nens,
2171 3463 2505 3521 fortioribus
2558 3463 2656 3520 ad_
2684 3464 3026 3536 perfectiora
3072 3463 3375 3533 prodiendi
3418 3463 3650 3518 liberta-

1956 3543 2071 3593 tem
2106 3538 2452 3608 relinquens.

1958 3610 2179 3665 CAPUT
2205 3606 2331 3663 XXI.
2362 3637 2430 3648 —
2461 3607 2705 3663 Solitudo
2750 3610 2828 3661 est
2883 3606 3156 3659 hominum
3203 3606 3464 3658 consortio
3507 3621 3648 3674 pra:-

2133 3679 2359 3745 ferenda
2385 3684 2608 3748 propter
2636 3680 3084 3732 conservationem
3113 3676 3468 3740 virginitatis.

2029 3750 2135 3804 Sed
2164 3751 2284 3820 jam
2316 3747 2467 3802 nunc
2486 3747 2694 3803 audiat
2724 3753 2779 3801 et
2810 3747 3095 3820 intelligat
3122 3748 3292 3820 verba
3320 3762 3469 3820 mea,
3500 3762 3650 3820 quaa-

1957 3817 2203 3890 cumqu'e
2235 3820 2643 3873 abrenuntians
2672 3819 2888 3872 mundo
2932 3818 3102 3869 vitam
3148 3817 3299 3890 hanc
3336 3818 3648 3890 solitariam

1959 3886 2214 3960 elegerit,
2245 3891 2514 3944 abscondi
2544 3890 2894 3955 desiderans,
2951 3903 3070 3941 non
3124 3886 3325 3953 videri,
3364 3893 3447 3960 et
3488 3888 3651 3960 quasi

1958 3958 2184 4015 mortua
2210 3962 2416 4016 saculo
2461 3961 2520 4014 in
2569 3963 2838 4031 spelunca
2867 3960 3089 4031 Christo
3118 3958 3472 4031 consepeliri.
3531 3958 3651 4011 Pri-

1958 4049 2118 4108 mum
2140 4029 2636 4108 tibisolitudinem
2667 4031 2965 4108 hominum
2989 4029 3195 4108 debeas
3227 4029 3495 4108 prae-ferre
3516 4044 3647 4108 con-

1959 4105 2156 4167 sortio,
2188 4103 2492 4172 diligenter
2535 4102 2781 4155 attende.
2817 4103 3034 4172 iVirgo,
3088 4100 3277 4172 in_quit
3322 4100 3648 4172 Apostolus,

1960 4176 2163 4240 cogitat
2179 4168 2439 4242 quaz'sunt
2459 4174 2580 4239 Dei,
2597 4171 2857 4241 quomodo
2885 4171 3097 4242 placeat
3119 4168 3261 4242 _l_)e_o,
3282 4172 3342 4220 ut
3362 4171 3435 4242 sit
3462 4174 3652 4242 sancta

1960 4238 2274 4312 corpore'ac
2330 4245 2534 4312 spiritu
2568 4238 2627 4312 ⁷(Ῐ
2670 4244 2790 4298 Cor.
2833 4258 2928 4304 νυ,
2971 4238 3083 4306 34).
3119 4238 3512 4312 Yoluntarium
3545 4239 3652 4312 hoc

1962 4308 2297 4367 sacriﬁcium
2326 4308 2428 4374 est,
2463 4308 2675 4367 oblatio
2723 4316 3057 4382 spontanea,
3091 4308 3161 4360 ad
3200 4324 3371 4376 quam
3410 4324 3523 4361 non
3562 4308 3647 4361 lex

1960 4384 2221 4463 impellit.
2255 4384 2360 4463 sed
2391 4384 2693 4463 necessitas
2722 4382 2891 4463 cogit,
2919 4396 3032 4463 non
3065 4383 3240 4463 urget.
3276 4386 3645 4448 praeceptum.

1964 4451 2120 4510 Unde
2154 4454 2428 4508 Dominus
2454 4455 2515 4508 in
2548 4451 2887 4525 Evangelia:
2923 4451 3051 4525 (ριιὶ⁸
3068 4452 3242 4525 potest
3296 4465 3503 4525 capere,
3544 4465 3649 4525 _ca-

1959 4528 2080 4599 piat
2111 4527 2333 4599 (Matth.
2368 4542 2482 4599 xix,
2520 4526 2620 4599 I2).
2653 4519 2789 4599 Qnis
2819 4521 3055 4599 potest?
3084 4519 3182 4572 Ille
3214 4523 3361 4599 certe
3417 4520 3647 4599 cu_i__Do_f

1962 4592 2152 4650 minus
2192 4598 2339 4651 hanc
2391 4596 2752 4666 inspiraverit
2800 4594 3150 4666 voluntatem
3208 4594 3263 4643 et
3319 4592 3651 4666 praestiterit

1960 4667 2305 4721 facultatem.
2326 4660 3035 4735 Primnmigiturutvirgo,
3058 4661 3269 4735 bonum
3292 4660 3649 4735 propositum

1962 4744 2127 4792 tuum
2153 4738 2263 4808 ipsi
2293 4738 2393 4808 qui
2416 4730 2715 4808 inspira'vit
2743 4751 2871 4789 cum
2889 4730 3117 4808 summa
3144 4730 3443 4787 devotione
3464 4733 3651 4808 cordis

1962 4802 2328 4875 commenda;
2346 4802 2729 4861 intentissima
2760 4805 3012 4859 oratione
3038 4802 3367 4875 deposcens,
3402 4810 3465 4857 ut
3497 4803 3650 4873 quod

1963 4872 2315 4948 impossibile
2346 4883 2431 4931 est
2481 4893 2584 4947 per
2635 4878 2929 4937 meritum,
2959 4872 3121 4948 facile
3170 4874 3372 4948 sentiat
3399 4889 3501 4942 per
3518 4872 3651 4948 gra-

1963 4942 2123 5004 tiain.
2159 4949 2357 5019 Cogita
2386 4942 2632 5018 semper,
2665 4964 2838 5019 quam
2867 4944 3181 5017 pretiosum
3210 4944 3539 5019 thesaurum
3590 4942 3651 4995 in

1964 5037 2134 5091 quam
2164 5014 2349 5089 fragili
2368 5014 2590 5072 vasculo
2620 5014 2833 5091 portes,
2848 5014 3091 5091 e'tquam
3121 5014 3650 5091 mercedem,quam

1966 5083 2229 5157 gloriam,
2253 5083 2436 5160 quam
2472 5083 2740 5142 coronam
2770 5083 3065 5158 virginitas
3101 5090 3317 5160 servata
3348 5083 3649 5136 ministret.

1966 5155 2147 5236 Quam
2201 5155 2439 5236 insuper
2487 5176 2735 5230 poenam,
2794 5155 2966 5236 quam
3019 5155 3430 5236 confusionem,
3477 5168 3652 5232 qnam

1966 5227 2394 5286 damnationem
2427 5227 2697 5301 iniportet
2736 5227 2973 5301 amissa,
3015 5227 3405 5301 indesinenter
3457 5227 3650 5301 animo

1967 5304 2209 5356 revolve.
2244 5302 2388 5366 Quid
2442 5295 2547 5355 hoc
2601 5300 2900 5371 pretiosius
2930 5296 3251 5371 thesauro
3275 5311 3388 5364 quo
3410 5295 3652 5371 Δςεειξὶιιῐῐι

1969 5373 2199 5437 emitur,
2234 5364 2342 5443 quo
2372 5364 2615 5442 angelus
2638 5373 2983 5443 delectatur,
3031 5367 3191 5443 cujus
3240 5365 3359 5443 ipse
3402 5364 3654 5443 Christus

1967 5436 2210 5516 cupidus
2230 5436 2330 5505 est,
2367 5436 2480 5512 quo
2510 5436 2746 5516 illicitur
2766 5442 2835 5516 ad
2858 5436 3199 5516 amandum,
3212 5441 3269 5489 et
3295 5436 3361 5489 ad
3387 5439 3654 5516 praestan-

1967 5512 2101 5568 dum
2130 5520 2486 5586 provocatur,
2503 5513 2640 5586 quid
2661 5514 2879 5586 ‘?audeo
2894 5514 3100 5575 dicere,
3120 5512 3375 5586 _seips_um
3397 5512 3657 5586 etomnia

1968 5602 2087 5637 sua.
2114 5577 2310 5655 Itaque
2332 5577 2544 5638 nardus
2559 5583 2898 5653 virginitatis
2921 5589 3035 5638 tua:
3058 5579 3231 5655 etiam
3258 5579 3316 5633 in
3337 5577 3659 5655 caelestibus

1966 5656 2105 5710 dans
2135 5649 2370 5711 odnrem
2401 5673 2591 5726 suum,
2624 5649 2757 5711 facit
2786 5659 2847 5709 ut
2876 5653 3234 5725 concupiscat
3280 5667 3375 5719 rex
3400 5649 3660 5703 decorem
