4014 6164
357 173 492 228 1459

356 304 544 365 tuum,
586 302 643 352 et
690 297 813 367 ipse
849 301 933 350 est
964 294 1234 367 Dominus
1266 296 1420 367 Deus
1442 298 1607 367 tuus._
1629 294 1766 348 Vide
1823 294 2056 367 qualem

359 369 466 425 tibi
503 363 780 440 sponsum
807 366 1066 440 elegeris,
1102 363 1745 440 qualem__t_ibi_amicum
1776 363 2054 440 attuleris.

362 443 490 522 Ipse
521 434 606 522 est
635 434 926 522 specioses
949 434 1135 491 forma
1171 451 1290 505 prae
1316 435 1798 522 filiis‘iiominum‘.
1824 434 2058 522 Specie-

365 506 482 566 sior
503 506 679 564 etiam
699 509 818 562 sole
837 514 892 562 et
920 524 1090 578 super
1107 521 1339 578 omnem
1371 507 1665 578 stellarum
1687 506 2063 574 pulchritudi-

369 598 521 638 nem.
553 580 797 650 Spiritus
827 580 948 649 ejus
971 576 1142 648 s‘uper
1158 577 1271 650 mel
1293 576 1500 650 duicis,_
1523 581 1581 629 et
1614 577 1917 650 hereditas
1939 578 2062 650 ejus

370 668 540 727 super
569 647 683 727 mei
712 655 770 704 et
793 647 1005 727 favum.
1034 647 1355 727 Longitude
1380 647 1443 700 in
1470 647 1701 727 dextera
1731 649 1874 727 ejus,
1909 652 1966 727 et
2003 647 2064 727 in

371 717 602 777 sinistra
629 722 752 790 ejus
777 719 986 774 divitiae
1020 723 1075 772 et
1097 719 1299 790 gloria.
1334 719 1458 790 Ipse
1512 722 1568 790 te
1613 719 1735 787 jam
1789 717 2066 790 elegitin

373 787 674 864 sponsamf
693 791 799 844 Sed
832 806 948 864 non
977 788 1268 843 coronabit
1298 788 1405 841 nisi
1450 789 1768 858 probatam.
1823 790 1887 842 Et
1919 787 2070 864 _dicit

372 859 698 932 Scriptura:
753 863 858 931 Qui
910 876 1016 932 non
1081 865 1161 932 est
1210 863 1464 925 tentatus,
1529 874 1636 912 non
1685 864 1762 932 est
1805 859 2068 932 probatus

375 929 554 1004 (Eccli.
604 929 803 1004 xxxiv,
831 933 900 1004 9).
948 929 1256 1004 Virginitas
1285 945 1489 1004 aurum
1519 935 1622 996 est,
1657 931 1798 1004 cella
1816 931 2066 1004 _fo-rmax,

375 999 655 1058 conﬂator
693 1002 974 1067 diabolus,
1029 1000 1176 1070 ignis
1207 1000 1463 1066 tentatio,
1509 1016 1640 1054 caro
1686 999 1923 1070 virginis
1977 1015 2071 1053 vas

376 1076 596 1129 luteum
626 1073 685 1126 in
715 1089 829 1143 quo
878 1069 1084 1125 aurum
1130 1071 1476 1137 reconditur,
1508 1087 1614 1124 nec
1643 1087 1740 1125 vas
1768 1069 2010 1126 ulterius
2042 1085 2074 1123 a

378 1145 631 1216 quolibet
651 1143 872 1216 artifice
903 1146 1222 1216 reparatur.

379 1213 604 1271 CAPUT
648 1215 799 1268 XXII.
831 1242 904 1254 —
946 1215 1012 1268 Ut
1061 1215 1402 1279 virginitatis
1440 1214 1780 1282 propositum
1826 1213 2076 1277 religiose

1004 1284 1429 1338 custodiendum.

452 1358 583 1410 Haec
610 1354 770 1424 virgo
793 1353 1010 1424 jugiter
1047 1355 1300 1423 cogitans
1343 1352 1817 1424 pretiosissimum
1847 1349 2079 1424 virgini—

381 1428 513 1482 tatis
541 1423 892 1492 thesaurum,
928 1425 1025 1494 qui
1055 1429 1171 1477 tam
1201 1423 1421 1477 utiliter
1452 1423 1792 1494 possidetur,
1826 1427 1944 1476 tam
1995 1423 2078 1476 ir-

383 1497 852 1567 recuperabiliter
877 1494 1179 1567 amittitur,
1214 1510 1437 1567 summa
1486 1494 1803 1567 diligentia,
1837 1508 2078 1567 _summe

383 1563 748 1622 cum-timore
775 1564 1075 1618 custodiat.
1111 1565 1332 1635 Cogitet
1379 1565 1500 1618 sine
1540 1564 1965 1619 intermissione
2007 1563 2080 1618 ad

385 1638 548 1707 cujus
578 1635 877 1690 ordinatur
904 1635 1242 1707 thalamum,
1275 1635 1348 1688 ad
1389 1635 1552 1705 cujus
1581 1640 1937 1707 praeparatur
1965 1650 2082 1707 am-

383 1705 616 1779 plexum
672 1711 988 1779 proponat‘
1015 1705 1122 1759 sibi
1173 1721 1387 1779 agnum
1416 1705 1643 1779 _que_m_
1680 1705 2078 1779 sequiuliabet.

386 1775 748 1849 quocumque
770 1776 916 1849 ierit:
953 1775 1386 1849 Contemplatur
1416 1775 1806 1830 beatissimam
1826 1775 2082 1849 _Mariam

383 1846 804 1919 praecedentem
872 1847 1075 1919 choros
1109 1847 1450 1919 _virginum,
1531 1851 1586 1901 et
1664 1846 2081 1919 praecinentem

387 1917 551 1974 dulce
577 1918 719 1997 illud
749 1933 881 1997 cum
915 1917 1255 1997 virginitatis
1281 1922 1562 1997 tympano
1593 1918 1900 1997 canticum,
1931 1917 2084 1997 quod

387 2006 556 2069 pemo
584 1993 776 2069 potest
819 2004 1020 2069 canere
1079 1988 1188 2069 nisi
1233 1989 1531 2069 utriusque
1587 2005 1750 2069 scitus
1811 1988 2081 2069 virgines.

390 2063 470 2114 De
499 2059 707 2130 quibus
755 2060 1027 2129 scriptum
1086 2064 1206 2112 est:
1257 2061 1330 2113 Hi
1385 2064 1511 2113 sunt
1566 2061 1663 2127 qui
1707 2074 1825 2114 cum
1854 2061 2088 2130 mulieri-

390 2132 486 2186 bus
517 2129 624 2185 non
661 2135 787 2185 sunt
824 2132 1160 2200 coinquinati
1181 2146 1194 2196 ;
1251 2132 1490 2198 virgines
1535 2133 1676 2184 enim
1724 2135 1849 2184 sunt
1880 2129 2083 2200 (Apoc.

388 2219 500 2267 xxv,
533 2201 607 2271 4).
641 2202 752 2255 Nec
807 2201 885 2255 sic
935 2203 1040 2254 hoc
1091 2200 1306 2254 dictum
1353 2200 1618 2268 aestimes,
1654 2200 1816 2271 quasi
1845 2216 1963 2253 non
2002 2200 2089 2271 vir

387 2273 508 2326 sine
546 2270 806 2337 muliere,
844 2276 960 2342 aut
998 2271 1219 2342 mulier
1275 2271 1399 2325 sine
1449 2271 1586 2342 viro
1628 2270 1807 2342 pussit
1861 2270 2083 2342 foedari,

391 2344 532 2398 Cum
564 2341 960 2412 detestandum
991 2341 1134 2395 illud
1166 2342 1365 2412 scelus,
1398 2357 1511 2412 quo
1540 2341 1626 2412 vir
1669 2341 1730 2394 in
1759 2341 1967 2407 virum,
2000 2341 2089 2395 vel

388 2411 604 2467 femina
625 2412 686 2464 in
715 2411 1010 2475 feminam,
1044 2411 1312 2464 omnibus
1337 2412 1569 2481 ﬂagitiis
1600 2411 1978 2466 damnabilius
2001 2413 2090 2481 ju-

393 2483 647 2552 dicetur.
685 2481 790 2535 Sed
822 2486 878 2534 et
907 2481 1118 2551 absque
1144 2481 1343 2552 alienae
1372 2481 1558 2535 carnis
1582 2481 1883 2552 consortio
1915 2482 2087 2552 virgis

391 2553 540 2607 nitas
599 2551 939 2621 plerumque
995 2551 1400 2620 corrumpitur,
1454 2551 1680 2605 castitas
1733 2551 1997 2606 violatur.
2022 2551 2091 2606 Si

393 2622 785 2677 vehementior
804 2627 974 2675 aestus
992 2637 1222 2675 carnem
1243 2621 1572 2676 concutiens
1599 2623 1950 2676 voluntatem
1981 2623 2092 2676 sibi

396 2693 726 2756 subdiderit,
761 2696 818 2746 et
862 2693 1114 2762 rapuerit
1143 2692 1420 2760 membra,
1462 2692 1673 2762 cogitet
1716 2693 1876 2762 virgo
1921 2709 2093 2763 super

395 2764 590 2818 omnia
620 2779 722 2816 sua
751 2763 1094 2817 sanctificata
1127 2764 1263 2834 Deo,
1297 2763 1628 2834 incorrupta
1683 2763 1925 2824 Christo.
1969 2764 2090 2834 Spi-

395 2834 533 2888 ritui
563 2838 756 2888 sancto
783 2833 1060 2887 dedicata.
1093 2833 1402 2904 Indignum
1441 2833 1661 2903 judicet
1698 2834 1852 2904 quod
1882 2833 2091 2889 Christi

399 2909 504 2970 est,
535 2904 758 2958 tradere
787 2909 1019 2970 satana,
1053 2909 1107 2958 et
1136 2904 1396 2975 virginea
1445 2904 1568 2975 ejus
1595 2905 1854 2960 membra
1883 2906 2090 2961 erube-

395 2980 514 3029 scat
546 2975 630 3028 vel
661 2975 906 3044 simplici
939 2979 1096 3028 motu
1133 2975 1427 3029 maculari.

399 3046 626 3102 CAPUT
674 3046 859 3100 XXIII.
911 3075 979 3085 —
1020 3047 1301 3101 Castitatis
1371 3045 1718 3114 dispendium
1779 3047 1838 3101 in
1909 3062 2096 3102 mensa

458 3137 460 3140 ν
842 3116 1245 3186 timendum,et
1273 3119 1331 3170 in
1358 3118 1658 3186 colloquiis.

469 3187 669 3257 Itaque
690 3187 932 3256 proinde
965 3187 1024 3240 in
1045 3185 1388 3257 virginitatis
1413 3185 1531 3241 suae
1559 3186 1878 3242 custodiam
1907 3191 2095 3242 totum

401 3256 660 3311 animum
695 3257 908 3328 tendat.
950 3256 1340 3328 Cogitationes
1391 3257 1700 3328 expendat,
1754 3262 1818 3312 ut
1874 3258 2096 3313 virtutis

398 3328 572 3400 hujus
601 3327 1009 3397 perfectionem
1044 3327 1332 3400 esuriens,
1387 3327 1600 3400 famem
1633 3327 1864 3400 delicias
1911 3335 2091 3400 putet,

399 3397 624 3453 divitias
651 3403 1069 3469 paupertatem.
1103 3399 1166 3451 In
1195 3399 1340 3464 cibo,
1389 3398 1450 3452 in
1477 3403 1642 3469 potu,
1678 3399 1739 3452 in
1767 3397 2011 3467 sommo,
2036 3401 2097 3455 in

399 3483 662 3542 sermone
691 3485 917 3542 semper
966 3468 1168 3542 timeat
1193 3468 1560 3542 dispendium
1601 3470 1907 3542 castitatis,
1947 3487 2019 3525 ne
2049 3471 2096 3525 si

397 3540 524 3610 plus
537 3539 728 3593 debito
757 3539 913 3593 carni
940 3539 1451 3604 reddideritfvires
1479 3541 1731 3610 praebeat
1749 3539 2094 3610 adversario,

400 3613 457 3682 et
485 3610 702 3664 occulto
733 3610 950 3682 nutriat
979 3610 1221 3665 hostem.
1254 3610 1468 3665 Sedens
1496 3610 1673 3682 igitur
1719 3612 1790 3666 ad
1836 3628 2097 3668 mensam

401 3681 667 3754 decorem
696 3681 984 3754 pudicitiae
1011 3685 1199 3754 mente
1224 3681 1506 3754 revolvat,
1532 3681 1607 3736 ’et
1632 3682 1700 3736 ad
1743 3683 1866 3753 ejus
1910 3684 2098 3754 perfe-

401 3751 650 3822 ctionem
694 3752 986 3822 suspirans
1015 3751 1170 3806 cibos
1212 3751 1484 3817 fastidiat,
1538 3757 1739 3822 potum
1771 3751 2092 3818 exhorreat,

401 3821 572 3893 etiam
596 3823 749 3891 quod
769 3821 1124 3893 sumendum
1155 3823 1458 3876 necessitas
1482 3821 1846 3893 judicaverit,
1878 3829 1976 3879 aut
2006 3842 2096 3879 ra-

402 3891 482 3944 tio
514 3891 826 3962 dictaverit,
858 3909 988 3946 cum
1016 3893 1208 3946 dolore
1238 3897 1338 3946 aut
1361 3891 1600 3962 pudore,
1628 3894 1937 3962 aliquando
1967 3912 2097 3950 cum

402 3961 666 4030 lacrymis
694 3967 900 4034 sumat.
931 3963 987 4034 _Si
1017 3962 1068 4015 ei
1103 3978 1289 4034 sermo
1315 3961 1484 4034 fuerit
1506 3979 1637 4034 cum
1685 3961 1899 4034 aliquo,
1945 3983 2095 4020 sem-

402 4047 507 4103 per
529 4036 746 4085 metuat
774 4031 992 4103 aliquid
1012 4031 1245 4103 audire,
1298 4033 1450 4103 quod
1494 4033 1584 4086 vel
1631 4031 1922 4090 modicum
1951 4052 2099 4092 sere-

401 4101 642 4178 nitatem
670 4101 943 4178 castitatis
972 4101 1272 4178 obnubilet
1293 4101 1717 4178 {deserendam
1742 4121 1805 4178 _se
1853 4123 1887 4159 a
1916 4109 2100 4178 gratia

401 4172 787 4297 nonfdultiitet,
819 4173 868 4226 si
902 4174 986 4228 vel
1017 4189 1200 4228 unum
1237 4173 1475 4228 verbum
1511 4179 1708 4229 contra
1739 4172 2099 4234 honestatem

401 4259 508 4297 pro
535 4259 631 4297 era
664 4283 677 4296 .

401 4247 677 4313 proferat.

402 4315 629 4368 CAPUT
657 4314 831 4369 XXIV.
857 4314 1082 4370 —Ante
1102 4329 1367 4369 sommum
1405 4317 1727 4371 conscientia
1753 4320 2095 4380 excutienda.

886 4389 936 4438 et
965 4387 1250 4440 dolendum
1281 4387 1346 4440 de
1369 4389 1622 4456 peccatis.

475 4456 762 4527 Prostrata
789 4455 997 4527 lectulo
1022 4455 1542 4526 pudicitiamtuam
1589 4459 1928 4514 commenda
1957 4462 2094 4527 Deo,

401 4530 458 4599 et
488 4525 575 4599 sic
587 4525 752 4599 signo
765 4526 953 4599 crucis
975 4525 1193 4599 armata
1212 4527 1658 4599 revolveanimo
1691 4531 1980 4599 quomodo
2005 4525 2096 4587 die

400 4595 733 4668 illoivixisti,
768 4596 821 4668 si
842 4597 1035 4668 verbo,
1086 4598 1133 4651 si
1163 4614 1358 4668 opere,
1409 4597 1458 4651 si
1504 4595 1725 4653 affectu—
1757 4601 1983 4655 Domini
2011 4603 2096 4657 tui

401 4666 592 4750 ecutos
618 4666 902 4750 efferidisti
925 4687 940 4733 ;
963 4667 1019 4750 _si
1052 4666 1251 4750 levior,
1283 4669 1331 4722 si
1361 4667 1611 4750 etiosior,
1645 4669 1693 4750 si
1713 4671 2098 4750 negligentior

401 4735 593 4790 debito
621 4736 814 4810 fuisti;
847 4737 892 4791 si
911 4739 1048 4810 plus
1079 4739 1202 4794 cibo
1240 4735 1504 4804 crudior,
1566 4744 1708 4810 potu
1764 4735 2097 4798 dissolutior

402 4811 583 4885 instas
606 4808 952 4885 necessitatis
971 4809 1280 4885 excessisti.
1310 4810 1367 4866 Si
1395 4808 1731 4880 subreptum
1751 4811 1859 4885 tibi
1879 4815 2095 4885 aliquid

399 4877 632 4950 horum
663 4877 1061 4950 deprehendis,
1113 4880 1358 4950 suspira,
1403 4877 1602 4950 pectus
1648 4882 1863 4950 tunde;
1904 4877 2096 4940 et’hoc

399 4947 674 5026 sacrificio
686 4949 1009 5019 vespertino
1040 4955 1140 5006 tuo
1169 4947 1593 5007 reconciliatam
1622 4968 1832 5023 sponso
1851 4947 2094 5026 sponsus

399 5019 664 5073 excipiat.

401 5035 807 5145 ἓῖέῐῖἲέῗιὶίχν.
828 5119 901 5133 -
927 5095 990 5146 In
1011 5093 1395 5148 tentationibus
1424 5093 1717 5162 impudicis
1745 5096 2096 5165 recogitanda

849 5165 1082 5230 virginis
1116 5167 1346 5231 Agnetis
1377 5166 1626 5219 historia.

472 5229 531 5307 Si
552 5231 812 5307 vigilanti
843 5229 1052 5307 subito,
1075 5229 1650 5307 aut'quieteisoporis,
1682 5241 1782 5292 aut
1816 5241 1936 5292 arte
1967 5242 2090 5294 ten-

401 5302 602 5386 tateris
623 5302 1056 5386 calor‘eorporis
1083 5302 1582 5386 fueritexcitatus,
1623 5302 1680 5362 et
1734 5308 1797 5386 in
1823 5325 2092 5386 semnum

397 5372 635 5450 callidus
669 5373 866 5450 hostis
903 5372 1202 5450 invexerit,
1241 5377 1602 5450 diversisque
1655 5379 2092 5450 cogitationibus

398 5442 649 5522 quietem
680 5445 968 5522 pudieitia:
988 5519 1001 5522 _
1023 5442 1392 5522 infestaverit,
1446 5442 1918 5522 proposueritque
1950 5451 2090 5506 deli-

394 5513 528 5578 cias,
550 5513 956 5586 vitaidurioris
988 5519 1287 5573 horrorem
1319 5513 1646 5586 in’cu'sserit;
1678 5513 1869 5576 veniat
1895 5521 1996 5577 tibi
2027 5523 2089 5578 in

395 5587 651 5661 mentem
682 5585 1173 5661 beataz_virginis,
1226 5606 1354 5661 qua:
1405 5589 1464 5643 in
1520 5585 1714 5645 tenera
1761 5597 1925 5647 aetate
1969 5597 2087 5648 tam

400 5654 596 5711 crebro
614 5658 930 5725 reportavit
945 5654 1374 5731 de'impiiss'imo
1396 5661 1559 5717 hoste
1578 5661 1958 5734 triumphum.
1986 5665 2091 5720 Co-

1905 172 2292 230 APPENDIX.

3741 172 3864 225 1460

2166 295 2285 367 gita
2313 296 2537 367 Agnem
2591 290 3052 367 beatissimam_a
3103 307 3219 362 qua
3244 306 3494 367 _aurum,
3537 295 3868 367 argentum,

2166 362 2349 420 vestes
2375 362 2823 435 pretiosissimas,
2857 362 3345 435 lapidespretiosi
3380 366 3436 416 et
3490 367 3615 416 tota
3645 362 3868 416 saecula-

2169 437 2249 491 ris
2274 433 2474 507 gloriae
2503 449 2714 504 pompa
2733 433 3200 507 quasiquaedam
3229 437 3477 507 stereora
3510 438 3657 507 _sunt
3707 449 3867 507 repu-

2170 503 2308 561 tata'.
2342 503 2547 559 Vocata
2575 503 2649 558 ad
2673 504 2924 558 tribunal
2956 503 3072 557 non
3104 503 3322 570 abfuit;
3355 503 3768 558 blandiebatur
3792 505 3872 572 ju-

2175 578 2304 645 dex,
2332 575 2679 646 contempsit
2708 594 2722 638 ;
2749 575 3099 646 minabatur,
3145 575 3348 646 irrisit,
3399 575 3584 646 magis
3614 581 3869 628 metuens

2173 664 2244 702 ne
2270 642 2528 718 parceret
2563 642 2746 718 quam
2811 661 2884 698 ne
2941 645 3175 718 puniret
3196 662 3220 718 :_
3235 642 3571 718 foedumque
3604 646 3866 718 _iupanar

2176 715 2345 773 ver—tit
2363 719 2424 771 in
2453 715 2802 770 oratorium:
2835 716 2988 786 quod
3022 731 3153 769 cum
3174 715 3395 785 virgine
3415 715 3758 786 ingrediens
3786 732 3872 768 an-

2178 793 2337 860 gelus
2368 790 2554 842 lucem
2585 787 2792 860 infudit
2817 785 3088 860 tenebris,
3120 791 3176 839 et
3223 785 3628 860 insectato’rem
3657 787 3872 856 pudici-

2181 857 2273 914 iiae
2295 863 2478 913 morte
2512 858 2838 911 mulctabat.
2857 857 2916 911 Si
2946 857 3122 927 igitur
3140 861 3197 909 et
3216 861 3278 910 tu
3308 857 3576 921 oraveris,
3610 863 3668 910 et
3689 864 3870 910 contra

2179 930 2433 985 libidinis
2462 929 2815 982 incentorem
2843 928 3224 998 lacrymarum
3259 932 3486 981 tuarum
3535 944 3703 981 arma
3733 929 3872 982 leva-

2180 1002 2349 1069 veris,
2380 1015 2499 1053 non
2536 1005 2687 1052 certe
2723 998 2959 1069 angelus
3017 1003 3113 1051 tuo
3165 1004 3319 1052 casto
3372 998 3554 1052 deerit
3596 999 3875 1063 cubiculo,

2181 1071 2281 1144 qui
2311 1068 2629 1144 prostibulo
2648 1085 2763 1122 non
2787 1068 2992 1144 defuit.
3017 1069 3213 1144 Merito
3233 1070 3459 1144 beatam
3481 1071 3710 1144 Agnem
3738 1070 3878 1140 ignis

2183 1139 2287 1196 iste
2311 1139 2644 1195 “materialis
2694 1140 2952 1210 nequivit
2991 1140 3252 1208 adurere,
3301 1141 3392 1194 cui
3431 1139 3622 1194 carnis
3656 1139 3882 1195 ﬂamma

2183 1218 2465 1283 tepuerat,
2492 1226 2666 1282 quam
2697 1210 2844 1283 ignis
2875 1211 3242 1283 succenderat
3278 1211 3590 1265 charitatis.
3629 1213 3880 1276 Quoties-

2185 1281 2431 1361 cumque
2469 1281 2716 1361 nequam
2751 1281 2983 1361 spiritus
3012 1281 3209 1361 illicita
3236 1298 3479 1361 quaeque
3515 1285 3882 1361 suggesserit,

2184 1352 2580 1409 vehementior
2623 1352 2950 1406 incubuerit
3000 1357 3192 1422 aestus;
3244 1352 3408 1406 illum
3456 1353 3558 1423 qui
3605 1352 3882 1407 scrutatur

2186 1427 2360 1480 corda
2384 1428 2440 1478 et
2468 1439 2653 1489 renes,
2687 1424 2827 1476 scito
2857 1438 2978 1476 esse
3007 1428 3370 1492 prmsentem,
3406 1423 3587 1476 etsub
3619 1425 3746 1493 ejus
3771 1441 3888 1477 ocu-

2186 1497 2271 1552 los
2299 1511 2419 1550 esse
2449 1493 2733 1565 quidquid
2762 1493 2884 1563 agis
2911 1495 2996 1546 vel
3029 1494 3286 1565 cogitas.
3317 1495 3468 1548 Habe
3502 1495 3761 1564 proinde
3810 1512 3888 1548 re-

2184 1564 2500 1622 verentiam
2534 1565 2793 1630 Domino,
2847 1580 3019 1634 quem
3049 1565 3152 1618 tibi
3185 1564 3443 1618 assistere
3497 1581 3623 1618 non
3649 1566 3886 1629 dubites,

2188 1643 2247 1693 et
2275 1636 2657 1708 deprmdatori
2684 1635 2992 1708 responde:
3025 1637 3308 1707 Angelum
3338 1635 3533 1708 habeo,
3553 1642 3889 1701 amatorem,

2190 1709 2290 1780 qui
2322 1705 2503 1762 nimio
2528 1705 2939 1780 ‘zeloicustodit
2965 1705 3169 1780 corpus
3198 1722 3412 1780 meum:
3455 1707 3713 1780 Adjuvet
3742 1724 3894 1780 cena-

2189 1777 2314 1834 fum
2336 1783 2501 1832 tuum
2523 1777 2583 1831 in
2601 1777 2703 1831 tali
2727 1777 3060 1831 necessitate
3087 1779 3331 1832 discreta
3359 1777 3742 1832 abstinentia.
3765 1778 3893 1842 Quia

2189 1851 2291 1904 ubi
2320 1851 2499 1902 multa
2528 1848 2714 1920 carnis
2743 1847 2996 1920 afﬂictio,
3029 1853 3128 1902 aut
3157 1848 3333 1915 nulla,
3367 1852 3468 1902 ant
3496 1865 3685 1919 parva
3715 1851 3894 1920 aliqua

2190 1925 2376 1990 potest
2401 1935 2519 1972 esse
2560 1919 2876 1972 delectatio.

2193 1991 2420 2046 CAPUT
2453 1991 2626 2044 XXVI.
2655 2018 2729 2030 —
2759 1992 2993 2045 Castitas
3016 1991 3073 2042 in
3095 1990 3332 2057 juvenili
3358 1994 3516 2045 aetate
3555 1993 3681 2045 sine
3701 2007 3890 2059 magna

2336 2061 2513 2115 cordis
2538 2065 2589 2114 et
2615 2063 2855 2129 corporis
2898 2062 3178 2114 attritione
3222 2077 3328 2115 non
3357 2066 3471 2116 stat
3513 2063 3766 2129 integra.

2265 2133 2443 2186 Nemo
2475 2147 2534 2185 se
2562 2131 2774 2201 palpet,
2809 2147 2979 2185 nemo
3007 2130 3338 2185 blandiatur
3366 2132 3492 2195 sibi,
3516 2147 3707 2187 nemo
3730 2149 3788 2186 se
3810 2134 3894 2186 fal-

2195 2204 2290 2257 lat.
2322 2203 2627 2273 Nunquam
2656 2201 2723 2255 ab
2781 2202 3235 2274 adolescentibus
3265 2202 3391 2274 sine
3443 2219 3666 2274 magna
3725 2206 3896 2258 cordis

2195 2272 2540 2328 contritione
2571 2276 2627 2326 et
2655 2272 2842 2345 carnis
2879 2272 3188 2326 afﬂictione
3235 2273 3462 2327 castitas
3511 2272 3894 2345 conquiritur,

2195 2345 2283 2416 vel
2310 2349 2584 2416 servatur,
2617 2359 2746 2414 quae
2775 2344 3114 2416 plerumque
3138 2345 3306 2416 aegris
3334 2346 3420 2398 vel
3452 2344 3733 2400 sensibus
3760 2348 3892 2416 peri-

2197 2414 2442 2469 clitatur.
2482 2415 2625 2469 Nam
2639 2413 2778 2467 licet
2806 2413 3156 2468 continentia
3179 2413 3394 2469 donum
3413 2415 3512 2469 Dei
3536 2415 3642 2481 sit,
3664 2422 3725 2470 et
3744 2413 3895 2471 nemo

2197 2486 2380 2556 possit
2405 2501 2524 2538 esse
2552 2485 2870 2551 continens,
2901 2484 3012 2556 nisi
3043 2486 3190 2538 Deus
3218 2485 3332 2553 det,
3372 2502 3480 2540 nec
3524 2487 3672 2540 ullis
3703 2488 3894 2541 nostris

2197 2555 2416 2628 meritis
2443 2556 2662 2628 donum
2686 2555 2816 2618 hoc,
2839 2555 2936 2609 sed
2963 2557 3093 2628 ejus
3106 2555 3367 2628 gratuitae
3397 2557 3474 2610 sit
3500 2558 3717 2628 gratia:
3747 2561 3894 2611 ascri-

2196 2627 2453 2700 bendum
2472 2627 2638 2700 ;illos
2665 2631 2858 2680 tamen
2879 2631 3046 2700 tanto
3067 2627 3218 2700 dono
3235 2627 3521 2697 indignos
3541 2629 3790 2697 judicat,
3809 2629 3895 2700 qui

2198 2697 2422 2776 aliquid.
2443 2697 2651 2776 laboris
2668 2713 2784 2776 _pro
2815 2712 2881 2750 eo
2923 2697 3114 2776 subire
3147 2697 3487 2776 detrectant,
3524 2700 3794 2776 volentes
3823 2697 3895 2754 in-

2198 2767 2545 2849 ter’delicias
2568 2767 2707 2849 casti
2736 2783 2876 2831 esse,
2923 2767 3293 2849 interepulas
3330 2767 3706 2849 continentes
3714 2787 3734 2849 ξ
3762 2772 3897 2824 inter

2199 2843 2494 2909 pueroset
2521 2839 2741 2909 puellas
2779 2837 3223 2909 conversari,’et
3259 2855 3372 2892 non
3421 2840 3674 2908 tentari;
3709 2837 3774 2895 in
3815 2858 3894 2895 co-

2201 2908 2642 2963 messationibus
2681 2912 2737 2962 et
2765 2908 3140 2963 ebrietatibus
3168 2909 3331 2963 foedis
3361 2910 3620 2965 distendi
3651 2913 3895 2966 humori-

2202 2980 2327 3046 hus,
2347 2984 2528 3033 etnon
2541 2979 2900 3050 coinquinari
2923 2978 3148 3050 ;ligare
3170 2980 3354 3034 visum
3382 2997 3558 3035 suum
3591 2998 3728 3036 cum
3755 2983 3895 3036 ﬂam-

2200 3051 2420 3176 inis,_(et
2438 3066 2555 3130 non
2577 3049 2758 3104 exuri.
2785 3049 3033 3104 Difficile
3051 3050 3157 3105 hoc
3185 3055 3380 3105 utrum
3398 3057 3499 3106 aut
3525 3052 3895 3123 impossibile,

2227 3137 2264 3175 u
2289 3138 2341 3174 v1
2385 3137 2514 3174 eris.

2200 3127 2264 3176 tu
2289 3120 2514 3176 videris.

2203 3193 2427 3247 CAPUT
2455 3191 2663 3245 XXVII.
2695 3219 2770 3232 —
2795 3191 2878 3246 De
2922 3193 3178 3247 monacho
3217 3194 3498 3248 stimulum
3526 3197 3725 3249 carnis
3756 3195 3898 3248 duris

2271 3262 2724 3316 macerationibus
2765 3265 2864 3316 via:
2887 3265 3282 3333 comprimente,
3315 3281 3423 3319 non
3446 3268 3674 3333 penitus
3706 3270 3899 3320 exstin-

2313 3337 2486 3388 uente.

2313 3351 2486 3388 neme.

2274 3351 2416 3458 lqlovi
2445 3419 2550 3474 ego
2590 3403 2969 3476 monachum,
3011 3403 3112 3476 qui
3157 3420 3290 3476 cum
3317 3404 3485 3460 initio
3515 3422 3643 3461 suae
3679 3423 3898 3461 conver-

2204 3474 2395 3540 sionis,
2429 3477 2548 3528 tam
2572 3475 2930 3529 naturalibus
2956 3474 3273 3542 incentivis,
3335 3481 3455 3530 tam
3509 3477 3796 3532 violentia
3829 3478 3897 3532 vi-

2203 3546 2364 3600 tiosae
2408 3545 2870 3618 consuetudinis,
2906 3549 3032 3618 tam
3079 3546 3708 3618 suggestionehcallidi
3737 3550 3900 3602 hostis

2202 3620 2539 3688 tentaretur,
2589 3621 2654 3671 ut
2681 3615 3016 3686 pudicitiam
3071 3615 3235 3671 suam
3288 3615 3606 3688 periclitari
3662 3621 3898 3688 timeret,

2204 3686 2384 3742 erexit
2410 3703 2468 3741 se
2499 3691 2697 3741 contra
2723 3703 2803 3754 se,
2835 3691 2892 3741 et
2917 3687 3185 3742 adversus
3225 3686 3386 3742 suam
3413 3705 3657 3744 carnem
3694 3686 3896 3744 suavis?

2203 3757 2768 3832 simum_concipiens
2797 3757 2997 3813 odium
3024 3758 3169 3832 nihil
3209 3760 3392 3832 magis
3421 3776 3606 3832 quam
3653 3763 3811 3832 quod
3839 3762 3898 3814 ad

2203 3777 2412 3812 simum
2444 3777 2768 3828 concipiens
2797 3777 2997 3813 ouium
3024 3777 3169 3813 mnu
3209 3777 3392 3831 magis
3421 3777 3606 3885 quam
3653 3777 3811 3832 quoa
3839 3777 3898 3814 ac

2203 3844 2331 3883 eam
2359 3829 2665 3888 aﬂectaret,
2707 3833 3034 3901 expeteret._
3076 3831 3275 3901 Itaque
3330 3831 3424 3884 ine
3471 3831 3524 3884 ia
3583 3833 3898 3886 macerahat

2204 3915 2429 3970 corpus,
2462 3904 2518 3953 et
2535 3915 2665 3970 quae
2695 3899 2759 3970 ei
2777 3899 2846 3954 de
2859 3916 2918 3954 se
2947 3899 3302 3955 debebantur
3331 3902 3708 3970 subtrahens,
3743 3905 3896 3958 etiam

2205 3969 2397 4051 motus
2426 3969 2861 4052 ejes’simpliees
2891 3971 3324 4052 eomprimebat.
3358 3971 3468 4027 Sed
3499 3989 3641 4052 cum
3695 3969 3896 4028 iterum

2207 4040 2386 4094 nimia
2426 4041 2687 4096 debilitas
2724 4041 2834 4121 sibi
2858 4042 2988 4121 plus
3017 4040 3318 4121 indulgere
3347 4045 3756 4121 compelleret,
3788 4061 3898 4099 esse

2207 4127 2336 4185 paro
2365 4127 2564 4185 rursus
2592 4116 2766 4185 caput
2797 4113 3023 4185 erigens
3063 4113 3421 4185 acquisitam,
3465 4113 3530 4168 ut
3577 4117 3899 4185 putabatur,

2204 4182 2510 4257 infestabat
2546 4181 2839 4257 quietem;
2884 4181 3265 4257 plerisque—isse
3311 4185 3542 4256 frigidis
3577 4181 3757 4257 aquis
3785 4187 3903 4255 inji-

2207 4253 2378 4334 cieus,
2410 4257 2661 4334 tremens
2691 4253 3023 4334 aliquandiu
3051 4253 3336 4334 psallebat
3359 4253 3430 4334 et.
3463 4253 3702 4334 orabat.
3758 4253 3901 4327 Sepe

2208 4324 2381 4377 etiam
2409 4323 2633 4377 illicitos
2665 4323 2917 4379 sentiens
2947 4323 3137 4379 motus
3171 4326 3368 4380 urticis
3403 4326 3658 4382 fricabat
3687 4323 3902 4392 corpus,

2207 4393 2611 4468 etnudaeearni
2635 4395 2897 4468 aperiens
2917 4395 3249 4468 incendium
3277 4397 3546 4468 incendio
3581 4393 3900 4468 superabat

2207 4466 2273 4518 Et
2301 4481 2431 4518 cum
2453 4465 2576 4518 hinc
2604 4465 2799 4520 omnia
2843 4482 2956 4520 non
2982 4467 3329 4532 sufficerent,
3361 4465 3763 4523 nihilominus
3791 4485 3902 4523 cum

2205 4535 2440 4609 spiritus
2467 4534 2861 4590 fornicationis
2890 4543 3156 4609 urgeret;
3192 4544 3330 4592 tunc
3379 4538 3536 4609 quod
3578 4542 3782 4596 solum
3834 4557 3900 4593 se

2204 4606 2438 4675 perfuit,
2467 4610 2786 4681 prostratus
2812 4606 3269 4681 antepedesJesu
3300 4606 3444 4676 orat,
3475 4611 3701 4680 plorat,
3745 4611 3900 4681 suspi—

2204 4681 2310 4742 rat,
2343 4682 2526 4750 rogat,
2585 4677 2826 4750 adjurat,
2887 4679 3223 4746 obtestatur,
3274 4684 3338 4734 ut
3393 4677 3492 4734 aut
3545 4677 3898 4750 occidente;

2205 4753 2401 4822 sanet;
2430 4749 2634 4822 clamat
2657 4748 2882 4822 crebre,
2912 4750 3034 4822 Non
3068 4749 3256 4822 abibo,
3291 4765 3406 4804 non
3428 4750 3704 4822 quiesco,
3735 4748 3842 4808 nec
3862 4761 3898 4803 te

2207 4818 2487 4892 dimittam
2520 4818 2628 4872 nisi
2655 4819 3014 4892 benedixeris
3039 4820 3182 4892 mihi
3205 4837 3218 4876 :
3245 4818 3552 4892 praestatur
3586 4825 3664 4878 ad
3688 4818 3700 4822 ⁷
3720 4825 3896 4880 δοκε

2204 4889 2590 4959 refrigerium,
2605 4889 2698 4944 sed
2713 4895 2955 4960 negatur
2984 4889 3753 4956 securitas.Quiescentibus
3773 4895 3897 4950 eum

2205 4961 2505 5038 paululum
2520 4961 2706 5014 carnis
2726 4962 2972 5038 stimulis
2993 4962 3318 5016 affectiones
3347 4962 3569 5020 illicita
3611 4974 3824 5038 pectus
3841 4969 3898 5018 is»

2204 5030 2435 5104 vadunt.
2469 5033 2618 5104 Deus
2642 5032 2835 5104 meust
2868 5048 3010 5101 quas
3039 5049 3252 5101 cruces,
3286 5049 3416 5104 qua:
3448 5030 3768 5092 torménta
3795 5044 3898 5090 tua:

2200 5101 2435 5171 pertulit
2464 5101 2638 5156 miser
2666 5101 2784 5170 ille,
2807 5103 2990 5157 donec
3017 5107 3177 5157 tanta
3203 5101 3390 5158 infusa
3438 5110 3528 5159 est
3583 5108 3642 5161 ei
3686 5109 3896 5162 dilecta:

2203 5172 2493 5250 castitatis,
2517 5176 2592 5250 _ut
2621 5188 2824 5250 omnes
2845 5189 2987 5250 quin
3006 5174 3205 5228 sentiri
3235 5181 3495 5246 possunt,
3526 5178 3624 5232 vel
3659 5179 3896 5250 cogitat.

2203 5242 2429 5318 quasvis
2450 5242 2711 5318 injiceret
2739 5242 3097 5318 voliiptates;
3133 5250 3190 5300 et
3232 5242 3367 5300 tunc
3395 5263 3643 5318 quoque
3693 5242 3901 5304 πλείεεὲξὶ

2203 5314 2274 5385 ab
2327 5329 2413 5368 eo.
2446 5313 2555 5385 Sed
2584 5329 2765 5384 usque
2787 5314 2867 5385 ad
2887 5320 3116 5385 tempus
3145 5321 3203 5370 et
3247 5332 3396 5370 nunc
3412 5313 3730 5374 senectuti
3779 5335 3903 5374 ωδε-

2202 5383 2309 5437 bus
2335 5384 2586 5447 accessit,
2619 5383 2723 5438 nec
2753 5384 2831 5439 sic
2859 5383 3052 5439 tamen
3079 5401 3138 5440 se
3167 5387 3235 5441 de
3259 5387 3574 5444 securitate
3602 5392 3902 5446 blanditur.

2201 5454 2425 5510 CAPUT
2485 5456 2714 5510 XXVIII.
2756 5483 2829 5496 —
2871 5457 3080 5538 Contra
3126 5472 3291 5538 senes-
3327 5461 3426 5538 qui
3482 5463 3902 5538 cgncubiaw

2683 5530 2944 5582 consortio
2985 5544 3166 5583 carere
3201 5530 3407 5584 nolunt.

2274 5597 2431 5674 Unde
2461 5612 2580 5674 non
2626 5613 2831 5674 partim
2858 5599 3040 5669 pudet
3067 5601 3453 5674 quorumdam
3501 5601 3906 5674 impudicitia.

2205 5666 2305 5740 qui
2335 5683 2465 5723 cum
2498 5668 2560 5724 in
2593 5666 3222 5740 sordibus—senuerunt,
3261 5687 3369 5727 nec
3395 5671 3479 5727 sic
3508 5666 3906 5747 suspectum
