3970 6146
164 190 288 245 1461

157 326 532 394 personarum
560 310 759 394 volunt
791 324 984 394 carere
1028 312 1349 394 consortio;
1394 328 1662 394 cumque,
1697 314 1852 385 quod

159 381 311 437 dictu
350 381 508 435 nefas
555 384 658 446 est,
712 382 913 435 eodem
962 382 1169 436 lectulo
1227 383 1497 437 cubantes
1538 381 1689 438 inter
1711 381 1851 440 _am-

156 454 354 524 plexus
386 456 441 505 et
469 452 657 524 oscula
690 451 759 505 de
790 469 892 506 sua
928 453 1183 507 castitate
1218 470 1277 508 se
1316 454 1512 509 dicunt
1541 471 1660 510 esse
1689 472 1848 511 secu-

156 522 267 591 ros,
313 522 835 595 quos_fr_igescente
870 538 1114 595 corpore
1155 525 1241 595 ad
1286 525 1455 579 caelos
1499 528 1848 595 tepescentia

154 592 412 665 membra
457 592 742 665 deficiant.
774 592 1045 665 Infelices
1074 594 1169 647 isti
1207 598 1262 648 et
1296 611 1416 665 prae
1447 592 1662 651 cunctis
1691 614 1845 652 mor-

153 664 364 738 talibus
397 663 633 738 Amiseri,
689 664 894 738 quibus
949 681 1080 718 cum
1136 663 1315 738 desitf
1352 666 1579 738 sceleris
1641 684 1845 738 perpe-

153 735 341 816 trandi
386 734 880 816 facultasnadliuc
930 739 1127 816 manet
1168 736 1235 816 in
1285 735 1409 816 ipsa
1454 734 1846 816 foeditate—fa:

154 808 349 879 cultas.
408 807 535 859 Non
584 804 825 879 quiescit
866 804 1449 879 turpegdesiderium,
1503 808 1762 879 quamvis
1792 810 1845 864 ei

152 877 435 945 frigiditas
464 882 635 946 neget
655 876 935 930 effectum.
974 877 1170 931 Videat
1198 882 1392 932 tamen
1420 876 1615 933 utrum
1644 896 1843 935 verum

152 947 321 1012 dicat,
352 951 451 999 aut
474 946 786 1018 mentiatur
812 947 1086 1018 iniquitas
1112 947 1238 1014 sibi,
1272 952 1327 1001 et
1348 949 1485 1002 dum
1516 950 1718 1003 nititur
1746 967 1841 1005 ve-

150 1018 269 1071 lare
314 1033 519 1089 unum,
565 1017 773 1087 duplex
816 1018 876 1071 in
917 1017 978 1072 'se
1015 1019 1220 1089 prodat
1264 1019 1545 1089 ﬂagitium
1584 1036 1757 1074 :cum
1786 1025 1843 1076 et

150 1089 267 1143 fere
294 1088 613 1157 decrepitos
633 1088 1313 1161 nocturnumqaliquando
1334 1088 1552 1161 plasma
1589 1091 1839 1159 deludat,

150 1164 208 1213 et
237 1164 558 1213 emortuam
600 1164 948 1214 senectutem
984 1159 1319 1214 intestinum
1347 1159 1456 1215 hoc
1486 1162 1705 1217 malum
1736 1180 1843 1218 sa:-

148 1230 280 1300 pius
309 1229 620 1299 inquietet.

148 1302 375 1356 CAPUT
413 1301 586 1355 XXIX.
616 1329 684 1340 —-
728 1301 893 1367 Virgo
923 1316 1129 1369 semper
1154 1302 1365 1370 pavida
1395 1317 1451 1356 se
1479 1303 1603 1371 ipsa
1626 1307 1840 1359 muniat

660 1371 810 1425 verbi
836 1374 935 1425 Dei
962 1372 1327 1426 meditatione.

217 1443 314 1502 Te,
368 1457 552 1509 soror,
609 1457 908 1512 nunquam
959 1443 1087 1496 volo
1139 1458 1261 1497 esse
1308 1458 1592 1510 securam;
1636 1444 1732 1498 sed
1771 1444 1840 1498 ti-

144 1528 304 1586 mere
322 1529 659 1586 semperque
678 1518 834 1586 tuam
860 1512 1227 1586 fragilitatem
1255 1513 1466 1568 habere
1494 1518 1834 1586 suspectam,

142 1584 217 1638 ad
261 1584 438 1637 instar
476 1584 697 1656 pavidas
740 1584 1019 1656 columbae
1061 1584 1423 1656 frequentare
1470 1584 1621 1639 rivos
1658 1602 1835 1656 aqua-

143 1671 297 1720 rum,
329 1659 384 1708 et
411 1654 574 1724 quasi
612 1654 673 1708 in
711 1655 940 1724 speculo
989 1654 1272 1724 accipitris
1302 1671 1533 1709 cernere
1564 1654 1834 1725 supervo-

142 1726 312 1779 lantis
360 1725 631 1795 effigiem,
683 1730 739 1778 et
783 1741 1015 1795 cavere.
1044 1724 1169 1778 Rivi
1214 1742 1494 1794 aquarum
1537 1724 1835 1781 sententiae

142 1800 276 1849 sunt
322 1794 764 1866 Scripturarum,
812 1812 940 1865 qua:
987 1794 1056 1848 de
1104 1795 1501 1864 limpidissimo
1542 1797 1834 1866 sapientiae

140 1867 298 1921 fonte
325 1868 674 1936 profluentes
702 1864 1114 1919 diabolicarum
1132 1866 1564 1934 suggestionum
1585 1864 1836 1935 produnt

142 1937 456 2005 imaginem
512 1941 567 1988 et
625 1951 872 1997 sensum,
919 1952 1032 2005 quo
1089 1940 1412 2000 caveantur,
1476 1940 1532 1990 et
1579 1937 1829 1992 eludant.

144 2007 298 2063 Nihil
338 2007 492 2060 enim
531 2005 712 2075 magis
758 2006 1127 2076 cogitationes
1179 2006 1424 2059 excludit
1466 2006 1699 2061 inutiles
1746 2009 1833 2062 vel

140 2078 451 2148 compescit
479 2076 753 2142 lascivias,
788 2092 961 2148 quam
990 2076 1286 2148 meditatio
1316 2077 1473 2130 verbi
1518 2078 1636 2142 Dei,
1677 2079 1830 2148 quod

141 2148 223 2203 sic
249 2146 321 2203 ad
344 2148 601 2202 animum
624 2164 791 2201 suum
808 2146 980 2217 ’virgo
1012 2147 1182 2200 debet
1208 2163 1549 2213 assuescere,
1581 2154 1647 2202 ut
1675 2146 1833 2204 aliud

138 2220 362 2285 nolens,
392 2235 508 2272 non
538 2218 715 2289 possit
742 2218 895 2272 aliud
934 2218 1215 2289 meditari.
1251 2217 1534 2287 Cogitanti
1581 2219 1647 2273 de
1679 2220 1832 2275 Scri-

180 2290 324 2344 turis
355 2288 588 2343 somnus
617 2289 868 2360 obrepat,
905 2288 1203 2360 Evigilanti
1232 2288 1484 2359 primum
1515 2289 1727 2360 aliquid
1761 2291 1831 2345 de

180 2307 324 2344 turis
355 2307 588 2343 somnus
617 2307 868 2360 onrepat,
905 2307 1203 2359 nv1guanu
1232 2307 1484 2359 primum
1515 2307 1727 2360 aliquid
1761 2307 1831 2345 ae

138 2307 452 2431 goripturis
478 2365 754 2431 occurrat,
792 2358 1149 2431 Dormientis,
1164 2359 1385 2431 somnia
1425 2360 1703 2414 memoria
1730 2361 1831 2415 ali-

139 2430 367 2520 quid:
385 2430 687 2520 Sggipturis
712 2430 991 2520 sententia
1013 2430 1261 2513 condiat.

138 2502 367 2557 CAPUT
414 2504 560 2556 XXX.
610 2532 677 2540 —
726 2503 923 2557 Contra
954 2516 1039 2555 eos
1082 2502 1177 2569 qui
1211 2502 1446 2567 rigorem
1492 2502 1830 2557 abstinentiae

171 2588 281 2627 non
310 2574 725 2641 amplectuntur,
775 2588 839 2626 ne
870 2573 1107 2640 corporis
1143 2572 1452 2638 languorem
1483 2574 1788 2626 incurrant.

208 2643 320 2698 Sed
346 2644 574 2712 quidam
609 2658 641 2695 a
670 2642 1013 2696 salutaribus
1034 2641 1345 2695 excercitiis
1362 2643 1730 2696 retrahuntur
1755 2643 1825 2696 ti-

129 2730 317 2780 more,
350 2729 422 2767 ne
452 2713 712 2766 videlicet
757 2718 991 2783 propter
1032 2712 1269 2783 nimiam
1307 2712 1711 2767 abstinentiam
1739 2714 1826 2766 vel

129 2785 360 2864 vigilias
382 2783 785 2864 immoderatus
808 2782 1061 2864 incidant
1082 2782 1143 2836 in
1164 2783 1527 2864 languorem,
1560 2788 1615 2836 et
1642 2783 1723 2837 ita
1751 2784 1828 2864 ef-

127 2852 398 2910 ficiantur
428 2855 552 2909 aliis
578 2854 759 2920 oneri,
792 2853 900 2907 sibi
930 2858 1122 2906 autem
1149 2852 1329 2906 dolori
1359 2868 1371 2904 :
1404 2853 1525 2906 haec
1541 2854 1826 2908 excusatio

126 2930 329 2981 nostra
375 2925 436 2979 in
480 2923 1000 2995 peccatisnostris.
1046 2924 1231 2995 Quam
1278 2922 1445 2995 pauci
1489 2928 1620 2977 sunt
1656 2924 1826 2977 hodie

124 3013 279 3067 quos
329 2996 456 3050 talis
480 2992 689 3067 'fervor
734 2993 965 3067 ignivit!
1027 2994 1235 3067 Omnes
1275 2992 1560 3067 sapientes
1608 3010 1823 3067 sumus,

122 3063 332 3122 omnes
361 3066 603 3138 providi,
629 3063 832 3138 omnes
854 3064 1080 3138 discreti
1112 3079 1125 3117 :
1157 3064 1355 3133 procul
1379 3063 1682 3138 oderamus
1712 3066 1828 3138 bel-

122 3139 277 3203 lum,
307 3134 469 3192 et'sic
498 3136 762 3191 morbum
789 3134 1046 3204 corporis
1076 3139 1386 3204 antequam
1412 3135 1824 3202 sentiatur,for-

120 3208 447 3274 midamus;
484 3215 543 3260 ut
565 3208 897 3276 languorem
921 3205 1319 3276 animasquem
1341 3210 1682 3274 przesentem
1704 3224 1827 3261 sen-

122 3281 324 3340 timus,
357 3278 543 3331 territi
573 3278 949 3348 negligamus,
986 3275 1151 3347 quasi
1178 3275 1532 3348 tolerabilius
1562 3277 1634 3331 sit
1661 3277 1825 3331 flam-

121 3366 288 3404 mam
336 3348 617 3419 libidinis,
657 3347 837 3419 quam,
871 3349 1083 3419 ventris
1118 3347 1359 3400 tolerare
1391 3347 1678 3419 rugitum;
1728 3352 1827 3402 aut

124 3422 315 3476 multo
346 3419 549 3473 melius
578 3418 651 3472 sit
674 3417 962 3472 'continuo
992 3418 1269 3487 languore
1302 3417 1486 3471 carnis
1532 3419 1708 3472 vitare
1742 3421 1823 3472 la-

126 3491 381 3552 sciviam,
434 3506 620 3561 quam,
646 3492 958 3561 sanumet
982 3487 1329 3541 incolumem
1372 3487 1431 3561 in
1483 3489 1605 3561 ejus
1643 3490 1825 3561 redigi

128 3558 482 3617 servitutem.
520 3559 662 3624 Quid
694 3560 847 3612 enim
871 3558 1107 3611 interest
1134 3563 1328 3611 utrum
1360 3558 1719 3627 abstinentia,
1754 3558 1826 3613 an

130 3636 410 3703 languore
439 3647 570 3703 caro
610 3630 945 3703 superbiens
976 3629 1401 3703 comprimatur,
1434 3629 1660 3683 castitas
1692 3646 1825 3703 con-

131 3699 427 3759 servetur?
464 3702 571 3757 Sed
615 3699 893 3765 remissio,
933 3699 1140 3769 inquit,
1172 3699 1420 3752 cavenda
1450 3705 1548 3762 est,
1584 3716 1654 3753 ne
1684 3701 1825 3755 forte

128 3774 426 3830 occasione
447 3771 796 3827 inﬁrmitatis
810 3768 1169 3824 incurramus
1189 3768 1481 3823 illecebras
1496 3772 1822 3841 voluptatis.

128 3848 298 3899 Certe
328 3845 373 3897 si
402 3845 655 3913 languet,
691 3842 738 3895 si
771 3845 1033 3910 mgrotat,
1054 3841 1119 3913 si
1138 3844 1485 3913 torquentur
1513 3840 1746 3913 viscera,
1780 3841 1827 3896 si

130 3915 339 3970 arescit
367 3910 707 3976 stomachus,
740 3912 1008 3985 quaslibet
1037 3910 1442 3966 delicize’oneri
1458 3912 1638 3983 magis
1660 3918 1829 3968 erunt

179 4002 315 4040 uam
342 3985 721 4045 delectationi.

180 4057 361 4111 APUT
380 4058 553 4110 XXXI.
578 4087 645 4095 —
668 4058 744 4110 De
763 4055 1093 4111 adolescente
1119 4056 1464 4123 resipiscente
1484 4058 1534 4108 et
1555 4055 1829 4110 Christum

673 4126 807 4181 hora
846 4129 1035 4180 mortis
1064 4126 1297 4179 vidente.

212 4195 338 4251 Vidi
361 4196 677 4262 hominem,
715 4196 811 4268 qui
836 4212 965 4268 cum
995 4195 1329 4265 pcenitentia
1357 4209 1478 4259 sua,
1512 4193 1567 4247 vi
1596 4209 1829 4268 consue-

132 4268 351 4322 tudinis
398 4265 751 4337 oppressusf
774 4267 1063 4321 continere
1098 4282 1212 4319 non
1242 4270 1459 4336 posset;
1488 4266 1733 4337 tandem,
1769 4265 1828 4337 in

134 4356 196 4391 se
237 4336 492 4392 reversus
521 4355 691 4408 supra
720 4339 955 4391 modum
989 4336 1219 4408 erubuit
1252 4339 1356 4408 :_et
1393 4350 1520 4408 mox
1549 4336 1832 4408 concaluit

135 4425 239 4462 cor
286 4410 407 4479 ejus
450 4405 606 4462 intra
640 4425 791 4473 eum,
834 4413 888 4461 et
940 4408 998 4461 in
1037 4405 1404 4479 meditatione
1453 4406 1576 4479 ejus
1625 4407 1833 4460 exarsit

134 4475 330 4547 ignisf
346 4480 557 4533 Deinde
585 4480 886 4532 salubriter
911 4478 1159 4531 irascens
1190 4477 1318 4540 sibi,
1351 4475 1669 4547 invectione
1700 4492 1829 4546 gra-

132 4546 370 4602 vissima
388 4550 555 4603 irruit
581 4551 637 4603 in
661 4566 717 4602 sc
734 4550 943 4618 ipsum,
967 4553 1023 4601 et
1051 4549 1265 4602 bellum
1294 4546 1552 4618 indicens
1582 4547 1826 4617 corpori,

134 4618 311 4672 etiam
344 4620 396 4673 ei
426 4637 554 4689 quae
576 4617 894 4673 necessaria
911 4619 1265 4681 videbantur,
1302 4617 1531 4672 ademit.
1556 4618 1833 4672 Successit

134 4690 387 4757 gravitas
446 4690 681 4755 levitati,
738 4690 1067 4759 loquacitati
1118 4689 1425 4742 silentium.
1480 4689 1658 4741 Nemo
1699 4705 1831 4743 eum

132 4764 337 4831 postea
367 4760 503 4813 vidit
525 4759 1123 4831 jocantem,ridentem
1153 4776 1323 4813 nemo
1346 4759 1831 4831 conspexitmemo

133 4845 208 4882 ex
258 4846 354 4883 ore
398 4831 520 4899 ejus
550 4830 795 4884 otiosum
836 4846 1160 4885 sermonem
1195 4830 1429 4884 audivit.
1466 4831 1833 4899 'I‘emporales

132 4900 574 4965 consolationes,
610 4906 667 4954 et
693 4901 969 4970 quidquid
997 4900 1153 4954 carni
1194 4917 1363 4955 suave
1394 4901 1718 4971 putabatur,
1752 4901 1834 4955 ita

132 4971 484 5041 contempsit
509 4976 566 5024 et
591 4972 903 5035 exhorruit,
930 4976 996 5025 ut
1026 4971 1241 5025 nullam
1270 4971 1377 5025 sibi
1408 4971 1830 5041 requiem,nul-

134 5043 256 5095 Iam
286 5041 344 5094 in
377 5042 502 5096 cibo
541 5043 627 5095 vel
672 5048 809 5112 potu
841 5043 1288 5096 consolationem
1318 5041 1618 5112 indulgere
1657 5042 1708 5096 ei
1739 5058 1835 5111 pa-

131 5118 381 5165 teretur.
431 5112 852 5183 Cogitatinnum
893 5129 1124 5167 suarum
1164 5113 1244 5183 ita
1290 5113 1566 5166 sollicitus
1596 5117 1653 5165 et
1677 5129 1833 5166 scru-

134 5184 376 5254 pulosus
403 5182 543 5249 erat,
587 5188 649 5236 ut
678 5183 736 5236 in
761 5185 865 5238 hoc
897 5185 1016 5238 solo
1048 5182 1261 5237 nimius
1286 5183 1591 5254 videretur.
1625 5184 1705 5235 Ita
1736 5184 1832 5236 de-

134 5253 318 5309 misso
347 5254 513 5307 vultu
553 5254 845 5325 oculisque
891 5254 1122 5325 deiectis
1152 5253 1355 5321 stabat,
1392 5253 1645 5325 sedebat,
1674 5259 1738 5307 ut
1764 5254 1833 5325 ti-

136 5341 307 5380 mens
337 5330 392 5377 et
420 5330 668 5379 tremens
707 5324 910 5379 divinis
942 5325 1324 5379 tribunalibus
1353 5324 1641 5377 videretur
1669 5324 1834 5377 assis-

134 5403 280 5450 tere.
302 5394 531 5449 Talibus
553 5395 724 5449 armis
740 5395 1049 5465 gloriosum
1066 5396 1263 5449 retulit
1283 5396 1351 5449 de
1373 5398 1615 5466 tyranno
1638 5394 1836 5449 trium-

138 5466 346 5538 phum.
409 5467 549 5520 Nam
619 5466 1014 5538 gravissimum
1071 5465 1349 5520 stomachi
1402 5466 1837 5538 incurrens_in-

139 5536 511 5592 commodum
571 5543 699 5607 post
752 5537 1086 5591 diuturnum
1136 5538 1494 5606 languorem,
1548 5552 1678 5590 cum
1710 5536 1833 5607 jam

140 5608 511 5680 dormitionis
542 5611 666 5680 ejus
688 5608 833 5663 hora
862 5608 1131 5675 instaret;
1163 5608 1318 5677 Sine,
1362 5607 1568 5680 inquit,
1606 5624 1732 5663 ecce
1760 5608 1846 5662 Je-

143 5695 243 5736 sus
273 5678 444 5735 venit.

1515 191 1610 247 DE
1648 190 1822 249 VITA
1860 191 2276 251 EREMITICA.

3523 205 3660 261 1462

1958 317 2183 371 CAPUT
2230 318 2431 373 XXXII.
2465 348 2532 358 —-
2595 322 2731 375 Vera
2762 321 3033 389 discretio,
3064 325 3221 378 carni
3246 328 3487 381 animam
3504 342 3653 397 prm-

2728 406 2900 447 οηθνθ.

2728 406 2900 447 onere.

2028 460 2157 512 Haec
2186 458 2310 513 dico
2342 463 2405 512 ut
2436 406 2859 534 discretioziiem,
2912 478 3040 534 quae
3075 463 3336 520 omnium
3374 467 3649 524 virtutum

1957 534 2014 601 et
2044 534 2224 583 mater
2248 534 2304 584 et
2330 530 2524 584 nutrix
2559 536 2663 599 est,
2695 530 2955 601 detegam
2998 550 3011 587 :
3045 536 3144 589 sed
3176 535 3441 591 vitiorum
3472 544 3647 594 mate-

1954 599 2066 653 rias
2096 602 2291 675 gulam
2321 599 3077 675 comprimamus,_requiem
3109 607 3381 675 corporis,
3406 608 3643 663 femina-

1956 687 2084 746 rum
2110 676 2165 725 et
2194 671 2649 746 effeminatorum
2672 671 3120 746 familiaritatem
3140 671 3311 746 atque
3328 679 3644 734 convictum

1953 741 2110 819 intra
2136 747 2313 819 metas
2366 744 3134 819 necessariascohibeamus;
3157 741 3303 819 quia
3327 764 3477 819 szepe
3506 750 3644 804 false

1954 813 2583 889 nominediscretionis
2622 815 2926 889 palliamus
2972 813 3273 889 negotium
3315 813 3641 889 voluptatis.

1956 884 2097 957 Vera
2126 884 2276 957 enim
2318 883 2580 938 discretio
2619 883 2703 938 est
2733 885 2986 939 animam
3016 883 3173 939 carni
3198 883 3556 957 prteponére,
3591 896 3646 945 et

1954 954 2052 1007 ubi
2070 954 2436 1027 periclitatur
2464 960 2730 1024 utraque,
2773 973 2878 1027 nec
2914 958 3035 1010 sine
3066 954 3393 1027 huiusmodi
3422 954 3645 1014 incom-

1953 1025 2125 1097 modo
2171 1025 2487 1097 illiﬂpotest
2528 1027 2695 1097 salus
2728 1025 3167 1097 consistere,pro
3202 1028 3355 1081 illius
3397 1029 3644 1084 utilitate

1952 1094 2461 1168 istamqnegligere.
2492 1097 2620 1168 Haec
2641 1096 2889 1168 diximus
2908 1102 2972 1151 ut
3000 1094 3213 1168 quanta
3235 1098 3337 1152 tibi
3359 1099 3563 1154 debeat
3582 1100 3642 1155 in

1951 1166 2364 1220 consideranda
2416 1167 2686 1237 pudicitia
2735 1184 2854 1221 esse
2903 1166 3246 1234 sollicitudo,
3294 1170 3639 1225 adverteres.

1951 1238 2089 1309 Quae
2126 1237 2546 1309 cumhomnium
2577 1238 2851 1292 virtutum
2882 1240 2985 1292 Ilos
3033 1239 3106 1293 sit
3133 1244 3187 1293 et
3216 1246 3641 1309 ornamentum,

1950 1308 2071 1361 sine
2103 1307 2426 1361 humilitate
2457 1314 2650 1361 tamen
2682 1314 2803 1362 aret
2832 1312 3000 1379 atque
3030 1310 3345 1364 marcescit.

2040 1379 2263 1431 CAPUT
2294 1379 2529 1449 XXXIII.
2551 1408 2619 1417 -—
2650 1382 2723 1433 De
2752 1381 3007 1447 superbia
3038 1385 3088 1433 et
3107 1381 3224 1449 ejus
3253 1382 3546 1449 speciebus.

2021 1449 2135 1520 Hoc
2160 1451 2244 1501 est
2271 1454 2491 1501 certum
2518 1448 2672 1502 haud
2692 1465 2955 1520 securum
2986 1448 3347 1520 peccatorum
3379 1452 3639 1507 omnium

1948 1517 2410 1591 fundamentum,
2443 1535 2511 1572 ex
2543 1535 2656 1591 quo
2674 1519 2950 1591 quidquid
2982 1517 3437 1586 aaditicas,ruina2
3458 1528 3638 1591 patet.

1949 1589 2187 1661 Initium
2206 1589 2391 1661 omnis
2412 1589 2627 1661 peccati
2650 1589 2712 1643 su
2719 1589 3069 1660 perbia,qua2
3098 1592 3366 1661 angelum
3391 1589 3637 1660 decoelo,

1948 1660 2242 1731 hominem
2287 1660 2356 1713 de
2403 1660 2666 1731 paradiso
2716 1662 2946 1729 expulit.
2994 1660 3477 1731 Hujus’pessimae
3508 1680 3640 1718 cum

1947 1730 2116 1783 multi
2158 1730 2272 1782 sint
2316 1730 2492 1795 rami;
2531 1745 2728 1783 omnes
2773 1736 2964 1784 tamen
2995 1731 3054 1784 in
3086 1730 3231 1784 duas
3252 1733 3466 1800 species
3494 1734 3636 1788 divi-

1946 1800 2180 1863 duntur,
2212 1800 2271 1853 in
2310 1801 2594 1853 carnalem
2632 1800 2843 1853 scilicet
2878 1805 2933 1854 et
2977 1801 3355 1870 spiritualem.
3386 1804 3638 1857 Carnalis

1946 1870 2213 1941 superbia
2234 1873 2316 1941 est
2339 1870 2417 1941 de
2443 1870 2784 1936 carnalibus,
2818 1871 3128 1941 spiritualis
3159 1876 3241 1925 est
3270 1872 3337 1925 de
3367 1874 3637 1941 spiritua-

1944 1940 2096 2021 libus
2121 1940 2433 2021 superbire.
2487 1940 3057 2021 Carnalisupostea‘in
3086 1942 3231 2021 duas
3254 1940 3637 2021 subdividitur

1945 2012 2158 2081 species
2183 2010 2207 2067 εί
2230 2010 2289 2064 in
2323 2011 2648 2066 'actantiam
2675 2010 2904 2077 scilicet,
2939 2017 2996 2066 et
3027 2012 3354 2066 vanitatem.
3406 2014 3635 2069 Vanitas

1945 2087 2048 2135 est.
2081 2082 2128 2135 si
2160 2029 2363 2135 ancillla
2396 2082 2600 2135 Christi
2638 2083 2793 2135 intus
2821 2082 2883 2135 in
2913 2083 3104 2135 animo
3136 2099 3236 2135 suo
3267 2084 3546 2135 glorietur
3573 2101 3635 2135 se

1943 2087 2048 2147 est,
2068 2082 2137 2154 si
2160 2081 2363 2137 ancilla
2396 2082 2600 2136 Christi
2638 2083 2793 2154 intus
2821 2082 2883 2136 in
2913 2083 3104 2154 animo
3136 2099 3236 2154 suo
3266 2084 3546 2154 glorietur
3573 2101 3635 2140 se

1943 2152 2231 2225 nobilibus
2260 2158 2442 2206 ortam
2482 2153 2797 2225 natalibus;
2832 2154 2878 2207 si
2909 2170 2967 2207 se
2994 2153 3207 2225 divitiis
3236 2152 3632 2225 paupertatem

1985 2224 2261 2296 raetulisse
2313 2240 2434 2296 pro
2465 2223 2682 2296 Christo
2721 2224 3061 2296 delectetur;
3094 2224 3142 2277 si
3169 2223 3255 2279 se'
3275 2223 3631 2296 pauperiori-

1942 2240 2261 2349 praetunsse
2313 2240 2417 2293 pro
2465 2240 2682 2278 [λιιι-ιεῑο
2721 2240 3142 2290 delectetur;51
3169 2240 3228 2279 se
3275 2242 3631 2296 pauperiori-

1946 2369 1956 2375 Δ
1985 2311 2049 2347 us
2085 2294 2147 2375 in
2202 2293 2635 2375 ignobiliorihus
2660 2295 2967 2375 praeferre.
3003 2298 3275 2375 canetur;
3311 2295 3359 2350 si
3390 2312 3448 2350 se
3495 2312 3631 2375 con-

1942 2364 2243 2438 tempsisse
2267 2364 2507 2419 divitum
2532 2364 2784 2435 nuptias,
2809 2365 2972 2436 quasi
2988 2364 3205 2437 aliquid
3235 2382 3511 2438 magnum
3534 2367 3630 2421 ad-

1941 2435 2201 2490 miretur.

1941 2506 2168 2561 CAPUT
2206 2506 2424 2560 XXXIV.
2462 2534 2522 2544 —
2565 2506 2646 2559 De
2682 2505 2923 2575 quadam
2953 2508 3125 2576 specie
3148 2507 3409 2561 vanitatis
3434 2508 3493 2560 in
3520 2507 3629 2562 cel-

2348 2577 2470 2630 lulae
2500 2579 2831 2645 oratoriique
2858 2579 3207 2631 ornamentis.

2010 2648 2106 2700 Est
2148 2647 2321 2699 etiam
2369 2646 2631 2716 quaedam
2694 2646 2908 2716 species
2954 2646 3219 2699 vanitatis
3265 2645 3326 2700 in
3372 2648 3632 2702 affectata

1938 2716 2131 2796 aliqua
2160 2715 2610 2796 pulchritudine,
2654 2715 2833 2796 etiam
2855 2716 3006 2796 intra
3035 2717 3299 2770 cellulam
3330 2716 3627 2796 delectari;

1937 2785 2181 2857 parietes
2212 2785 2381 2839 variis
2406 2785 2643 2857 picturis
2673 2791 2729 2839 et
2753 2786 3018 2857 celaturis
3045 2802 3281 2853 ornare;
3310 2786 3628 2842 oratorium

1935 2855 2263 2927 pannorum
2306 2855 2420 2927 eti
2454 2855 2771 2927 imaginum
2830 2856 3101 2927 varietate
3154 2857 3439 2911 decorare.
3498 2858 3629 2911 Haec

1938 2925 2130 2980 omnia
2158 2925 2319 2992 quasi
2350 2926 2687 2992 professioni
2706 2931 2820 2980 tua:
2850 2925 3133 2981 contraria
3160 2942 3311 2981 cave.

1976 2943 2130 2980 mnia
2157 2943 2319 3051 quast
2350 2943 2687 2992 proressiom
2706 2943 2820 2980 tuae
2850 2943 3133 2981 contraria
3160 2943 3311 2981 cave.

1973 2998 2150 3053 CAPU
2243 2998 2440 3052 XXXV.
2480 3026 2549 3037 —-
2578 3000 2783 3053 Rursus
2821 2998 2886 3051 de
2928 2997 3165 3065 quadam
3203 2998 3360 3051 inani
3389 2997 3586 3064 gloria.

2008 3069 2127 3131 Qua
2154 3067 2309 3121 enim
2338 3068 2522 3121 fronte
2555 3067 2622 3121 de
2653 3067 2862 3121 divitiis
2899 3068 2985 3121 vel
3018 3066 3298 3121 natalibus
3344 3067 3625 3137 gloriaris,

1937 3155 2066 3210 quae
2094 3138 2249 3192 illius
2288 3137 2379 3210 vis
2411 3154 2619 3207 sponsa
2648 3138 2849 3206 videri,
2890 3138 2991 3208 qui
3036 3154 3255 3208 pauper
3292 3138 3477 3210 factus
3515 3144 3621 3210 est,

1936 3208 2066 3263 cum
2097 3213 2244 3263 esset
2271 3208 2444 3272 dives,
2477 3224 2785 3278 pauperem
2818 3214 3082 3276 matrem,
3114 3224 3427 3278 pauperem
3456 3208 3619 3262 fami-

1936 3281 2093 3359 liam,
2120 3279 2356 3359 domum
2378 3279 2548 3359 etiam
2572 3280 2979 3359 pauperculam
2994 3285 3049 3334 et
3068 3278 3624 3359 praesepiivilitatem

1936 3352 2148 3421 elegit?
2173 3352 2329 3421 Itane
2352 3350 2713 3421 gloriandum
2744 3350 2847 3404 tibi
2865 3354 2969 3415 est,
2998 3350 3149 3420 quod
3173 3350 3272 3403 Dei
3294 3350 3500 3404 Filium
3518 3350 3625 3421 ho-

1936 3420 2160 3500 minum
2189 3420 2323 3500 filiis
2347 3420 2668 3500 praetulisti,
2691 3421 2849 3500 quod
2881 3421 3089 3500 foedam
3126 3420 3623 3500 carnem'p‘ro.v.ir-

1935 3492 2191 3563 ginitatis
2216 3492 2418 3563 decore
2468 3490 2749 3563 sprevisti,
2794 3492 2945 3561 quod
2982 3496 3221 3545 aeternas
3246 3490 3371 3544 cceli
3400 3490 3626 3563 divitias

1938 3560 2109 3633 atque
2138 3561 2369 3616 delicias
2396 3560 2680 3632 martyriis
2719 3560 3043 3615 sanctorum
3074 3560 3483 3633 commutasti?

1938 3632 2163 3688 CAPUT
2191 3633 2416 3687 XXXVI.
2456 3663 2525 3671 —
2552 3633 2635 3686 De
2665 3635 2992 3757 argumentis
3028 3634 3293 3686 virtutum
3322 3632 3624 3701 praeferen-

2760 3718 2826 3757 is.

2760 3718 2826 3758 ιε.

2006 3774 2063 3829 Si
2092 3772 2355 3843 gloriaris
2383 3772 2445 3826 in
2475 3773 2739 3838 Domino,
2772 3772 2981 3827 servias
3010 3771 3060 3826 ei
3099 3788 3229 3826 cum
3258 3771 3486 3843 timore.
3516 3771 3626 3843 Sed

1935 3842 2177 3899 illam’te
2200 3843 2319 3897 noli
2340 3843 2502 3913 quasi
2524 3844 2628 3897 sub
2658 3843 2843 3913 specie
2866 3842 3183 3897 devotionis
3207 3842 3369 3913 sequi
3385 3842 3625 3913 gloriam

1937 3917 1997 3969 in
2028 3914 2287 3986 picturis,
2334 3915 2421 3986 vel
2466 3914 2790 3986 sculpturis,
2840 3914 2899 3968 in
2930 3914 3133 3986 pennis
3154 3913 3375 3986 avium,
3408 3913 3496 3986 vel
3524 3913 3623 3986 be-

1938 3983 2178 4039 stiarum
2219 3989 2315 4038 aut
2354 3983 2707 4039 diversorum
2740 3983 2949 4039 ﬂorum
2994 3984 3343 4055 imaginibus
3370 3983 3621 4055 variatis.

1938 4056 2061 4111 Sint
2089 4057 2210 4110 haec
2241 4056 2492 4123 illorum,
2539 4055 2639 4124 qui
2677 4055 2820 4109 nihil
2850 4056 3023 4119 intus,
3056 4055 3114 4108 in
3145 4071 3258 4124 quo
3288 4054 3624 4124 glorientur,

1940 4126 2484 4191 habentes,exterius
2515 4124 2621 4179 sibi
2641 4130 2992 4194 comparant,
3027 4128 3087 4177 in
3116 4124 3324 4195 quibus
3349 4125 3627 4195 delecten-

1941 4203 2049 4251 tur.
2099 4198 2282 4252 Omnis
2313 4197 2488 4262 gloria
2534 4196 2651 4264 ejus
2683 4195 2814 4265 ﬁ.iae
2858 4197 2999 4261 regis
3029 4195 3097 4265 ab
3126 4197 3292 4261 intus,
3316 4196 3375 4247 in
3396 4194 3627 4265 ﬁmbriis

1939 4269 2120 4322 aureis
2149 4268 2552 4320 circumamicta
2578 4263 2954 4320 varietatibus.
2990 4264 3047 4319 Si
3073 4269 3345 4317 autemtu
3358 4265 3477 4333 jam
3509 4263 3629 4317 ﬁlia

1941 4337 2089 4407 regis
2132 4353 2211 4403 es,
2252 4340 2449 4407 utpote
2494 4336 2598 4389 ﬁlii
2620 4336 2780 4407 regis
2822 4351 3054 4407 sponsa,
3098 4334 3391 4407 Patrisque
3432 4350 3628 4388 vocem

1942 4405 2173 4471 audisti,
2207 4406 2465 4469 dicentis,
2497 4406 2673 4474 Audi,
2707 4405 2864 4477 ﬁlia,
2881 4410 2931 4459 et
2945 4405 3100 4477 vide,
3134 4410 3183 4457 et
3210 4405 3421 4477 inclina
3446 4420 3630 4477 aurem
3661 4426 3668 4433 -

1942 4485 2091 4533 tuam
2124 4478 2345 4547 (Psalm.
2374 4493 2520 4542 xuv,
2547 4480 2630 4545 14,
2660 4474 2744 4545 l5,
2770 4478 2881 4543 Il);
2914 4475 2985 4529 sit
3014 4475 3321 4547 tuaomnis
3352 4474 3533 4547 gloria
3558 4474 3627 4547 ab

1943 4544 2274 4616 intus,‘vide
2304 4552 2370 4601 ut
2398 4548 2711 4618 gloriaitua
2732 4544 2810 4601 Sit
2847 4545 3237 4618 testimonium
3268 4544 3630 4618 conscientia

1944 4624 2074 4674 tuae.
2101 4615 2185 4673 Ibi
2213 4618 2286 4672 sit
2315 4615 2697 4689 pulcherrima
2719 4617 2991 4689 virtutum
3017 4615 3392 4689 varietas,_I_bi
3422 4616 3631 4689 diversi

1944 4691 2162 4744 colores
2193 4689 2271 4742 sic
2302 4685 2663 4753 conveniant,
2695 4692 2751 4741 et
2783 4688 2860 4740 sic
2883 4688 3204 4757 jungantur
3224 4685 3358 4757 ,sibi,
3398 4691 3460 4739 ut
3489 4686 3631 4739 alte-

1944 4762 2063 4814 rius
2083 4759 2565 4830 pulchritudinem
2587 4756 2992 4830 alterqaugeati
3012 4757 3189 4830 etqui
3216 4756 3276 4809 in
3304 4773 3405 4809 sua
3427 4760 3633 4811 natura

1944 4828 2137 4885 minus
2174 4830 2342 4892 lucet,
2377 4829 2608 4883 alterius
2639 4828 2941 4883 collatione
2981 4828 3222 4881 lucidior
3256 4832 3547 4897 appareat.

1946 4903 2168 4957 CAPUT
2214 4901 2458 4955 XXXVII.
2508 4930 2577 4939 —-
2629 4901 2972 4967 Persequitur
3028 4899 3092 4952 de
3148 4900 3414 4953 virtutum
3470 4913 3630 4952 orna-

2686 4972 2896 5023 mentis.

2015 5043 2301 5112 Jungatur
2345 5039 2587 5112 castitati
2624 5040 2935 5112 humilitas,
2969 5042 3025 5112 et
3046 5038 3196 5112 nihil
3228 5038 3336 5093 erit
3378 5035 3631 5112 spiendif

1948 5112 2096 5166 dius.
2134 5106 2475 5166 vPrudentia:
2524 5112 2767 5165 societur
2815 5109 3162 5179 simplicitas,
3222 5114 3279 5163 et
3332 5106 3493 5179 nihii
3526 5107 3635 5179 erit

1950 5183 2210 5256 lucidius.
2243 5182 2555 5256 Copuletur
2581 5176 2965 5256 misericordia
2979 5176 3497 5256 justitiretetnnihil
3528 5176 3637 5256 erit

1948 5253 2194 5307 suavius.
2226 5247 2385 5307 Adde
2416 5252 2732 5306 fortitudini
2753 5247 3108 5314 modestiam,
3134 5254 3190 5303 ct
3220 5247 3360 5301 nihil
3389 5247 3495 5300 erit
3524 5247 3637 5299 uti-

1948 5324 2077 5378 lius.
2114 5325 2177 5377 In
2205 5322 2309 5377 hac
2333 5323 2603 5377 varietate
2634 5328 2748 5376 tua;
2773 5321 2981 5376 mentis
3004 5320 3197 5375 oculos
3226 5334 3455 5387 occupa.
3483 5318 3637 5371 Hanc

1948 5394 2008 5447 in
2040 5394 2233 5447 anima
2259 5398 2358 5448 tua
2387 5393 2546 5447 omni
2573 5394 2759 5448 studio
2790 5394 2971 5447 forma
3002 5408 3014 5443 :
3050 5390 3141 5442 cui
3172 5388 3219 5441 si
3247 5388 3501 5442 fimbrias
3535 5404 3634 5441 au-

1947 5481 2073 5518 reas
2103 5465 2296 5529 addas,
2329 5468 2538 5517 vestem
2568 5463 2990 5535 polymitam,in
3017 5464 3209 5535 quate
3240 5475 3477 5535 sponsus
3508 5473 3636 5511 cum

1949 5551 2175 5589 summa
2216 5534 2518 5589 dilectione
2559 5529 2889 5606 conspiciat,
2943 5529 3234 5606 tennisti}
3270 5529 3515 5606 ﬁmbria
3548 5544 3639 5606 ex-

1955 5611 2139 5660 trema
2186 5622 2336 5676 pars,
2386 5606 2547 5677 quasi
2590 5599 2721 5660 finis
2767 5609 2851 5677 est
2878 5599 3231 5667 vestimenti;
3263 5602 3426 5677 Finis
3462 5604 3641 5677 autem

1954 5671 2214 5747 praecepti
2241 5671 2481 5732 Charitas
2504 5681 2582 5732 est
2606 5677 2672 5731 de
2700 5675 2855 5730 corde
2875 5688 3033 5743 puro,
3059 5677 3109 5727 et
3139 5672 3462 5727 conscientia
3481 5671 3637 5734 bona,
