4014 6164
342 267 473 320 1463

337 388 386 437 et
413 383 519 452 ﬁde
538 398 644 437 non
671 386 796 452 ﬁcta
821 383 985 451 (Tim.
1016 400 1051 449 ι,
1087 384 1158 450 5).

339 455 566 508 CAPUT
594 455 862 508 XXXVIII.
896 484 964 492 ——
993 456 1080 507 Ea:
1114 455 1235 517 lini,
1282 467 1385 520 quo
1415 452 1589 504 altare
1619 455 1866 518 ornatur,
1903 467 2026 505 con-

603 527 927 580 sideratione
958 523 1217 592 quomodo
1237 537 1406 576 mores
1440 522 1780 576 instituendi.

417 597 481 650 ln
511 595 601 650 his
640 595 922 665 glorieris,
954 595 1010 647 in
1043 593 1127 646 his
1158 592 1487 665 delecteris;
1519 593 1690 665 intus,
1718 608 1835 665 non
1864 592 2026 665 foris;

348 667 406 720 in
451 667 598 719 veris
627 662 947 728 virtutibus,
1000 680 1115 717 non
1168 665 1228 717 in
1284 662 1518 733 picturis
1572 668 1628 717 et
1664 662 2028 734 imaginibus.

349 737 527 790 Panni
558 737 692 789 linei
715 736 942 788 candidi
968 739 1131 787 tuum
1160 735 1439 788 adornent
1455 735 1650 795 altare,
1685 734 1785 804 qui
1815 735 2035 788 castita-

349 813 464 860 tem
491 824 590 860 suo
619 807 858 859 candore
901 806 1322 873 commendent,
1354 811 1409 858 et
1441 805 1860 876 simplicitatem
1889 821 2032 876 prae-

349 882 682 930 monstrent.
707 877 900 946 Cogita
922 893 1035 946 quo
1059 877 1272 943 labore,
1304 876 1509 946 quibus
1541 875 1903 929 tonsionibus
1929 881 2037 929 ter-

348 964 572 1014 renum,
614 948 675 1000 in
715 963 828 1017 quo
874 948 1065 1013 crevit,
1118 947 1298 1000 linum
1331 947 1577 1000 colorem
1609 949 1849 1011 exuerit,
1881 951 1936 999 et
1967 946 2036 1000 ad

349 1019 519 1071 talem
565 1018 869 1071 candorem
912 1018 1252 1088 pervenerit,
1287 1022 1349 1071 ut
1377 1033 1440 1071 ex
1473 1033 1539 1070 eo
1569 1018 2034 1085 orneturaltare,

351 1088 554 1142 Christi
612 1105 816 1159 corpus
873 1091 1109 1142 veletur.
1161 1091 1301 1142 Cum
1349 1093 1578 1141 terreno
1611 1089 1800 1142 colore
1839 1104 2038 1141 omnes

348 1161 638 1212 nascimur
668 1175 680 1212 :
715 1160 988 1229 quoniam
1021 1163 1077 1213 in
1103 1160 1481 1228 iniquitatibus
1511 1165 1788 1228 conceptus
1820 1174 1958 1225 sum,
1989 1163 2039 1212 et

349 1233 406 1283 in
452 1233 681 1299 peccatis
733 1235 967 1299 concepit
1015 1247 1094 1283 me
1136 1236 1307 1284 mater
1347 1246 1464 1282 mea
1496 1231 1656 1299 (Psal.
1706 1245 1756 1295 L,
1801 1231 1878 1297 7).
1913 1229 2038 1283 Pri-

354 1317 511 1380 mum
549 1301 778 1380 igitur,_
795 1301 1383 1380 clla-rissima,“.liuum
1428 1300 1590 1370 aquis
1620 1299 1982 1380 immergitur
2024 1315 2036 1353 :

353 1387 456 1424 nos
479 1372 536 1424 in
560 1372 722 1442 aquis
745 1372 1104 1441 Baptismatis
1133 1371 1352 1424 Christo
1375 1371 1817 1442 consepelimur;
1845 1371 1923 1442 ibi
1944 1371 2040 1442 de:

353 1443 500 1495 letur
529 1441 922 1513 iniquitas,sed
955 1442 1197 1513 necdum
1227 1447 1459 1494 sanatur
1486 1441 2044 1513 infirmitas.Aliquid

353 1511 978 1582 candoris—recepimus
1020 1512 1077 1565 in
1126 1515 1485 1582 peccatorum
1532 1511 1894 1576 remissione;
1926 1511 2044 1565 sed

354 1584 598 1637 necdum
630 1581 805 1652 plene
837 1587 1064 1635 terreno
1108 1583 1296 1635 colore
1348 1581 1609 1634 exuimur
1656 1598 1758 1651 pro
1802 1587 2042 1651 naturae,

355 1669 483 1723 qua:
511 1651 702 1718 restat,
749 1653 1136 1722 corruptione.
1181 1654 1310 1706 Post
1340 1668 1516 1721 aquas
1546 1651 1727 1706 linum
1756 1652 1996 1706 siccatur
2027 1668 2039 1706 :

356 1723 497 1794 quia
521 1739 746 1776 necesse
777 1728 877 1790 est,
911 1728 1038 1792 post
1075 1739 1251 1794 aquas
1291 1723 1653 1794 Baptismatis
1698 1739 1902 1794 corpus
1939 1738 2043 1793 per

357 1793 759 1847 abstinentiam
795 1800 1142 1847 maceratum
1174 1793 1382 1847 illicitis
1414 1793 1727 1848 honoribus
1751 1799 2041 1849 vacuetur.

356 1865 567 1918 Deinde
593 1864 772 1917 linum
806 1864 1026 1918 malleis
1056 1864 1331 1929 tunditur,
1367 1868 1422 1918 et
1448 1881 1577 1918 caro
1603 1869 1798 1918 nostra
1847 1863 2042 1918 multis

343 1935 764 1989 'tentationibus
794 1935 1080 2004 fatigatur.
1115 1937 1249 1989 Post
1266 1936 1373 1988 hoc
1398 1935 1580 1989 linum
1609 1935 1807 1989 ferreis
1836 1935 2046 1989 aculeis

356 2005 719 2076 discerpitur,
769 2010 830 2059 ut
867 2004 1113 2076 deponat
1152 2005 1440 2075 superﬂua
1475 2023 1486 2058 :
1519 2010 1574 2060 et
1605 2023 1707 2060 nos
1735 2006 2047 2077 disciplinas

359 2077 587 2148 ungulis
613 2077 724 2130 rasi
755 2077 845 2130 vix
874 2077 1186 2130 necessaria
1218 2077 1550 2148 retinemus.
1578 2077 1893 2131 Adhibetur
1921 2079 2051 2148 post

357 2147 462 2201 hoc
493 2148 617 2228 lino.
657 2148 880 2201 suavior
918 2148 1281 2228 stimulorum
1330 2147 1616 2228 leviorque
1643 2149 1909 2228 purgatio
1924 2147 1951 2202 Ξ
1994 2151 2051 2202 et

360 2233 462 2271 nos
494 2219 650 2271 victis
679 2234 808 2272 cum
838 2234 1044 2288 magno
1085 2218 1277 2272 labore
1306 2218 1570 2288 pessimis
1603 2218 1986 2288 passionibus,
2018 2235 2051 2272 a

359 2289 664 2342 levioribus
694 2293 748 2342 et
777 2289 1124 2359 quotidianis
1155 2289 1398 2359 peccatis
1427 2289 1670 2359 simplici
1699 2289 2050 2343 confessione

358 2364 414 2412 et
442 2359 818 2413 satisfactione
867 2360 1230 2414 mundamur.
1283 2361 1406 2414 Iam
1448 2365 1585 2414 tunc
1623 2360 1945 2414 amentibus
1984 2359 2050 2413 li-

361 2445 500 2482 num
541 2429 601 2481 in
635 2430 865 2492 longum
896 2430 1228 2498 producitur
1262 2447 1274 2484 :
1307 2435 1362 2483 et
1392 2447 1495 2483 nos
1525 2431 1584 2483 in
1607 2431 1893 2484 anteriora
1926 2432 2049 2484 lon-

361 2499 693 2570 ganimitate
726 2500 1099 2553 extendimur.
1133 2502 1307 2554 Porro
1333 2506 1392 2552 ut
1414 2500 1464 2552 ei
1495 2501 1797 2570 perfectior
1825 2501 2054 2555 accedat

360 2569 632 2641 perfectio
663 2573 718 2622 et
745 2570 1126 2638 pulchritudo,
1160 2571 1323 2641 ignis,
1349 2570 1651 2623 adhibetur
1679 2575 1735 2624 et
1773 2587 1921 2641 aqua
1951 2591 1967 2625 :
1997 2575 2054 2625 et

363 2638 527 2693 nobis
580 2641 992 2694 transeundum
1038 2645 1120 2693 est
1166 2638 1269 2710 per
1312 2640 1505 2710 ignem
1540 2638 1945 2708 tribulationis,
1998 2645 2053 2696 et

363 2727 571 2782 aquam
594 2710 1067 2782 compunctionis,
1095 2716 1161 2764 ut
1180 2711 1582 2782 perveniamus
1601 2711 1670 2765 ad
1692 2711 2053 2782 refrigerium

361 2781 651 2834 castitatis.
704 2783 830 2834 llzec
855 2781 966 2835 tibi
998 2781 1233 2835 oratorii
1263 2781 1346 2834 tui
1377 2786 1713 2836 ornamenta
1743 2781 2052 2852 repraesen-

362 2855 500 2914 tent,
533 2868 649 2904 non
679 2853 872 2905 oculos
902 2859 1030 2905 tuos
1059 2852 1424 2906 varietatibus
1455 2852 1662 2907 mentis
1693 2858 1942 2922 pascant.

364 2924 588 2977 CAPUT
616 2923 830 2978 XXXIX.
878 2953 946 2962 --
993 2926 1173 2990 Imago
1203 2924 1479 2992 Cruciﬁmi,
1523 2929 1573 2978 et
1597 2926 1897 2978 assistentis
1931 2925 2054 2979 hinc

432 2993 559 3046 inde
587 2994 788 3048 Maria
813 3010 874 3048 ac
905 2997 1132 3050 Joannis
1162 2999 1248 3049 sat
1277 3009 1386 3049 esse
1408 2995 1561 3050 debet
1586 2997 1645 3049 in
1673 2998 2055 3050 sanctimonia-

439 3065 572 3116 lium
613 3067 866 3118 oratorio.

434 3133 690 3206 Sufficiat
737 3135 839 3189 tibi
885 3137 944 3188 in
975 3135 1139 3189 altari
1170 3141 1269 3191 tuo
1301 3135 1607 3191 Salvatoris
1635 3136 1694 3190 in
1719 3151 1882 3190 cruce
1913 3152 2054 3206 pen-

365 3204 550 3258 dentis
580 3205 793 3277 imago,
830 3222 956 3276 qua:
990 3205 1310 3274 passionem
1342 3224 1503 3261 suam
1532 3207 1634 3261 tibi
1666 3204 2054 3277 repraesentet,

367 3291 538 3345 quam
587 3274 864 3342 imiteris;
909 3277 1170 3345 expansis
1219 3277 1465 3332 brachiis
1511 3278 1578 3332 ad
1612 3274 1748 3332 suos
1773 3283 1826 3332 te
1859 3278 2060 3332 invitet

369 3345 666 3416 amplexus
715 3345 773 3398 in
821 3346 1030 3416 quibus
1060 3347 1379 3414 delecteris;
1424 3349 1646 3402 nudatis
1679 3349 1948 3402 uberibus
1976 3350 2060 3403 lac

370 3415 663 3490 suavitatis
694 3415 972 3490 infundat,
1018 3434 1132 3488 quo
1168 3419 1500 3490 consoleris.
1537 3421 1603 3490 Et
1631 3419 1679 3472 si
1717 3420 1822 3473 hoc
1853 3420 2056 3490 placet,

370 3487 438 3559 ad
493 3487 1002 3559 commendandam
1036 3487 1043 3488 7
1076 3489 1180 3543 tibi
1241 3489 1585 3559 virginitatis
1641 3487 2055 3557 excellentiam,

368 3557 527 3628 virgo
562 3563 744 3612 mater
772 3558 830 3612 in
863 3576 984 3631 sua,
1019 3563 1074 3613 et
1101 3560 1261 3631 virgo
1293 3557 1604 3630 discipulus
1636 3560 1697 3614 in
1728 3577 1848 3628 sua,
1899 3561 2061 3631 juxta

370 3643 592 3703 crucem
614 3634 920 3703 curventur
957 3629 1233 3703 imagine;
1271 3636 1332 3703 ut
1361 3629 1576 3702 cogites
1608 3649 1778 3703 quam
1805 3629 1966 3703 grata
1990 3632 2062 3686 sit

372 3699 591 3753 Christo
626 3700 920 3824 utriusqbue
950 3699 1115 3754 sexus
1156 3699 1467 3771 virginitas,
1495 3699 1667 3772 quam
1696 3703 1757 3756 in
1786 3699 1967 3758 matre
2006 3707 2062 3758 et

372 3786 489 3824 ora:
536 3771 752 3824 caeteris
785 3771 831 3823 si
877 3770 894 3824 i
938 3771 1142 3824 dilecto
1191 3773 1468 3824 discinulo
1499 3774 1863 3824 consecravit.
1902 3773 2060 3824 Unde

369 3786 489 3839 pra:
536 3771 752 3842 caeteris
783 3770 894 3842 sibi
938 3771 1142 3825 dilecto
1191 3770 1468 3842 diScipulo
1499 3770 1863 3828 consecravit.
1902 3773 2060 3828 Unde

371 3857 468 3920 eos
497 3841 751 3920 pendens
778 3840 835 3920 iu
863 3847 1205 3920 cruce__tant0
1233 3840 1776 3920 fcederecopulavit,
1809 3849 1873 3898 ut
1901 3844 2061 3920 illam

371 3911 649 3984 discipulo
697 3916 958 3984 matrem,
1003 3912 1166 3984 illum
1212 3913 1382 3984 matri
1428 3911 1612 3967 tilium
1661 3914 1966 3984 delegaret.
2015 3915 2059 3969 Ο

372 3980 764 4034 beatissimum
804 3981 912 4033 hoc
941 3981 1268 4036 testimonio
1299 3985 1576 4037 Joannem
1626 3983 1717 4036 cui
1746 3980 1919 4038 to'tius
1947 3985 2060 4038 hu-

373 4051 526 4104 mani
559 4050 782 4124 generis
811 4051 999 4124 decus,
1024 4069 1160 4122 opes
1191 4053 1412 4115 mundi,
1437 4053 1618 4124 gloria
1649 4055 1795 4120 cceli,
1829 4054 2061 4110 misero-

373 4137 500 4196 rum
522 4121 853 4196 refugium,
889 4121 1543 4196 afﬂictOrumisolatiiim,
1584 4141 1902 4196 pauperum
1931 4141 2063 4179 con-

371 4192 592 4264 solatio,
628 4192 1060 4261 desperatorum
1083 4195 1309 4258 erectio,
1337 4192 1717 4264 peccatorum
1735 4196 2063 4250 reconcilia-

369 4262 470 4322 tio,
505 4267 790 4338 postremo
831 4264 993 4338 orbis
1025 4264 1274 4338 domina,
1313 4262 1449 4338 caeli
1478 4266 2060 4338 re_gina,7testamenti

371 4334 701 4406 auctoritate
718 4334 1120 4390 committitur!
1141 4337 1269 4389 Hinc
1281 4335 1388 4389 tibi
1402 4334 1695 4406 praebeant
1711 4337 2058 4394 incentivum

369 4404 679 4468 charitatis,
710 4420 825 4457 non
856 4407 1243 4473 spectaculum
1265 4404 1526 4461 vanitatis
1555 4425 1568 4462 :
1595 4408 1684 4462 his
1704 4409 1856 4462 enim
1878 4409 2037 4462 omni

370 4475 473 4527 bus
521 4475 592 4528 ad
637 4491 817 4528 unum
872 4491 1099 4549 necesse
1139 4481 1341 4549 estiut
1393 4479 1726 4545 contendas;
1787 4479 2061 4549 quoniam

369 4561 547 4618 unum
573 4550 657 4618 est
683 4546 1085 4618 necessarium.
1124 4547 1271 4618 Illud
1303 4550 1386 4601 est
1412 4563 1612 4613 unum,
1647 4546 1943 4618 quod'non
1971 4551 2059 4603 in-

369 4615 592 4669 venitur
607 4616 713 4669 nisi
744 4617 802 4669 in
827 4633 961 4682 uno,
986 4617 1137 4690 apud
1158 4634 1363 4690 unum,
1386 4634 1515 4690 cum
1545 4615 1682 4685 uno,
1715 4620 1865 4688 apud
1887 4635 2060 4690 quem

369 4701 487 4738 non
520 4690 604 4739 est
645 4688 1057 4755 t.ansmutatio,
1098 4704 1201 4742 nec
1233 4688 1635 4743 vicissitudinis
1675 4688 2056 4744 obumbratio.

369 4756 476 4829 Qui
506 4757 757 4829 adhaeret
787 4758 860 4824 ei,
893 4775 1042 4813 unus
1076 4764 1204 4813 cum
1230 4775 1294 4812 eo
1325 4759 1558 4829 spiritus
1589 4760 1850 4824 efﬁcitur,
1880 4765 2061 4814 trans-

370 4827 500 4901 itus_
532 4825 590 4879 in
619 4827 783 4901 illud_
799 4845 1000 4901 unum,
1055 4831 1208 4900 quod
1242 4825 1467 4901 sem—per
1495 4831 1645 4885 idem
1679 4835 1780 4894 est,
1815 4835 1872 4885 et
1899 4832 2059 4901 cujus

369 4896 505 4973 anni
533 4913 651 4950 non
680 4896 1268 4973 deﬁciunpndharsio
1300 4896 1408 4973 ista
1435 4902 1724 4957 charitatis
1745 4901 1907 4973 quasi
1938 4896 2059 4971 spe-

369 4967 524 5021 cialis
555 4973 639 5020 est
669 4974 904 5022 ornatus
924 4971 1052 5024 ﬁnis
1084 4976 1139 5025 et
1176 4972 1424 5026 ﬁmbria.

369 5039 589 5093 CAPUT
608 5040 725 5113 XL.
759 5068 834 5113 -ν
857 5043 928 5092 De
954 5041 1232 5096 dilectione
1257 5045 1351 5097 Dei
1375 5048 1424 5096 et
1441 5045 1702 5112 proximi,
1736 5059 1798 5097 ac
1819 5045 2060 5113 primum

508 5115 569 5164 ut
596 5111 652 5163 in
669 5112 978 5180 proximum
1009 5115 1303 5168 exercenda
1335 5131 1368 5167 α
1393 5111 1911 5170 εὰηοιὶιηοηίαιὶὸὶιε.

439 5180 620 5234 Vestis
649 5181 863 5251 quippe
891 5181 1162 5249 nuptialis
1204 5201 1273 5238 ex
1311 5185 1588 5238 virtutum
1619 5185 1892 5239 varietate
1921 5202 2061 5240 con-

367 5253 563 5331 tenta”
599 5258 826 5331 oportet
873 5257 945 5331 ut.
976 5252 1216 5331 fimbriis
1279 5256 1486 5321 aureis,
1519 5257 1582 5331 id
1636 5260 1719 5310 est
1771 5256 2058 5331 charitatis

367 5321 768 5394 splendoribus
796 5322 1237 5394 ambiatur.qute
1258 5341 1454 5380 omnes
1481 5326 1718 5380 virtutes
1747 5327 2053 5390 contineat,

366 5397 421 5444 et
449 5392 798 5466 constringat
827 5394 886 5448 in
927 5392 1218 5466 unumfet
1246 5412 1406 5450 suam
1445 5397 1794 5466 singularem
1833 5398 2055 5452 clarita-

363 5465 480 5533 tem
511 5461 864 5532 impertiens,
899 5466 968 5518 de
994 5465 1187 5518 multis
1211 5482 1387 5520 unum
1411 5461 1593 5533 faciat,
1627 5472 1682 5520 et
1707 5484 1838 5522 cum
1862 5469 2056 5522 multis

365 5532 465 5611 uni
496 5533 781 5611 adhaereat
803 5541 892 5611 ςιιῂ
907 5537 1024 5611 jam
1041 5536 1371 5611 omnia‘non
1397 5539 1512 5611 sint
1527 5539 1835 5611 multa,sed
1851 5555 2052 5593 unum.

365 5602 618 5681 Charitas
649 5610 839 5659 autem
872 5602 1076 5681 induo
1107 5607 1397 5681 dividitur,
1432 5608 1624 5681 in_Dei
1671 5610 1934 5681 videlicet
1963 5611 2056 5664 di-

366 5673 665 5753 lectionem
710 5681 766 5730 et
794 5678 1072 5753 proximi.
1109 5682 1284 5753 Porro
1321 5678 1560 5753 dilectio
1580 5680 1825 5753 proximi
1853 5681 1912 5753 in
1943 5681 2055 5753 duo

363 5741 756 5816 subdividitur,
790 5741 849 5802 in
882 5747 1265 5805 innocentiam
1296 5756 1353 5806 et
1382 5741 1840 5820 beneficentiam,
1864 5751 2054 5807 videli-

1879 261 2236 318 APPENDIX
2249 302 2258 314 .

3706 261 3833 316 1464

2115 384 2237 452 ‘cet‘
2270 383 2333 433 ut
2379 377 2521 432 nulli
2579 393 2802 452 noceas,
2839 377 3195 452 Abenefacias
3249 378 3456 452 quibus
3507 381 3767 452 potueris
3819 400 3830 436 :

2137 449 2410 520 scriptum
2443 454 2529 504 est
2557 449 2793 520 quippe,
2823 447 2976 515 Quod
3008 450 3110 503 tibi
3137 464 3242 503 non
3265 447 3362 506 bis
3400 447 3542 520 ﬁeri,
3580 453 3748 506 alteri
3777 468 3837 506 ne

2139 524 2330 589 feceris
2363 520 2513 590 (Tob.
2559 536 2629 585 ιν,
2671 520 2755 590 16)
2791 539 2807 573 :
2844 524 2901 574 et
2935 521 3057 574 haec
3086 520 3432 575 innocentia.
3469 523 3530 576 Et
3563 522 3838 577 Dominus

2141 594 2202 646 in
2229 591 2554 662 Evangelio,
2585 592 2796 658 Omnia,
2833 591 3042 662 inquit,
3085 607 3430 660 quaecumque
3459 594 3628 648 vultis
3657 600 3722 647 ut
3745 597 3839 660 fa-

2142 666 2290 717 ciant
2305 665 2455 718 vobis
2487 663 2741 727 homines,
2775 666 2827 716 et
2853 677 2945 716 vos
2973 664 3143 728 facite
3173 664 3285 717 illis
3319 664 3540 728 (Matth.
3571 680 3668 731 vn,
3703 667 3793 728 12')
3823 684 3836 717 :

2142 735 2264 788 haec
2319 733 2710 788 beneficentia.
2770 732 3060 796 Quantum
3107 733 3174 787 ad
3223 739 3278 787 te
3337 734 3450 788 duo
3506 734 3621 788 ista
3668 735 3842 804 perti-

2143 809 2334 871 neant,
2395 805 2702 874 diligenter
2742 804 2990 857 adverte.
3046 804 3304 858 Primum
3335 811 3400 858 ut
3428 805 3566 858 nulli
3603 821 3843 873 noceas;

2145 876 2348 930 deinde
2379 880 2444 928 ut
2468 875 2612 928 nulli
2637 874 2771 927 velis
2796 890 3020 928 nocere.
3055 875 3311 929 Primum
3342 875 3486 929 illud
3512 876 3684 930 facile
3721 876 3844 944 tibi,

2145 963 2275 1001 cum
2305 962 2411 999 nec
2446 946 2502 999 id
2543 945 2724 1016 possis
2773 945 2882 1016 nisi
2918 945 3074 1016 forte
3105 946 3305 1016 lingua
3334 947 3684 1016 percusseris
3723 965 3736 1001 :
3771 963 3847 1000 se-

2145 963 2275 1001 cum
2305 962 2411 999 nec
2446 962 2502 999 ια
2582 962 2724 998 0551s
2773 962 2882 998 mai
2930 962 3074 999 torte
3107 962 3305 1016 lingua
3334 962 3684 1016 percusseris
3723 965 3736 1001 :
3771 963 3846 1000 se-

2145 1017 2394 1072 cundum
2424 962 2586 1083 illud),
2619 1031 2736 1069 non
2762 1014 2871 1068 erit
2897 1015 3150 1079 difficile,
3185 1019 3231 1070 si
3261 1017 3628 1086 propositum
3658 1023 3846 1071 atten-

2146 1089 2244 1143 das
2272 1093 2463 1150 tuum;
2491 1087 2538 1140 si
2569 1087 2879 1157 professam
2901 1087 3166 1140 dilexeris
3188 1088 3525 1141 nuditatem.
3545 1089 3678 1142 Non
3692 1090 3845 1142 enim

2147 1159 2252 1213 tibi
2283 1157 2494 1228 poterit
2521 1173 2657 1228 erga
2704 1157 2955 1226 aliquam
2983 1173 3105 1211 esse
3134 1159 3300 1212 male?
3329 1159 3644 1212 voluntatis
3672 1165 3849 1213 mate-

2148 1230 2252 1293 ria,
2287 1229 2387 1282 ubi
2415 1229 2692 1300 cupiditas
2721 1229 2898 1300 nulla,
2922 1229 3018 1281 ubi
3042 1229 3186 1300 nihil
3215 1229 3490 1300 diligitur,
3520 1230 3686 1300 quod
3716 1246 3848 1300 pos-

2149 1300 2221 1354 sit
2249 1299 2486 1366 auferri;
2519 1299 2661 1369 nihil
2689 1299 2933 1366 tollitur,
2958 1299 3110 1369 quod
3141 1299 3341 1354 debeat
3369 1299 3572 1354 amari.
3609 1299 3850 1355 Demum

2148 1371 2294 1442 bene
2314 1369 2451 1423 velis
2485 1368 2772 1442 omnibus,
2808 1368 2991 1442 prosis
3015 1370 3224 1440 quibus
3247 1371 3448 1442 possis.
3495 1372 3560 1424 In
3595 1387 3742 1442 quo,
3772 1372 3854 1425 in.

2151 1441 2311 1512 quis;
2355 1456 2485 1513 cum
2514 1440 2656 1493 mihi
2685 1455 2810 1513 non
2830 1440 2996 1494 liceat
3028 1443 3114 1494 vel
3147 1441 3454 1507 modicum,
3487 1440 3647 1512 quod
3677 1458 3854 1513 egen-

2150 1510 2300 1566 tibus
2328 1511 2598 1577 tribuam,
2626 1510 2952 1581 possidere?

2152 1591 2376 1646 CAPUT
2405 1591 2534 1645 XLl.
2575 1619 2644 1630 —
2694 1592 2767 1642 De
2795 1591 3036 1658 ememplo
3063 1591 3254 1644 Mariae
3295 1594 3345 1644 et
3384 1591 3652 1657 Marthae,
3687 1591 3856 1659 deque

2559 1663 2674 1714 vita
2702 1662 2882 1714 activa
2915 1665 2963 1714 et
2993 1662 3433 1730 contemplativa.

2223 1743 2477 1812 Agnosce
2534 1739 2920 1812 conditionem
2963 1744 3147 1812 tuam,
3193 1740 3544 1812 charissima.
3584 1742 3731 1796 Dum
3769 1758 3855 1796 so-

2153 1809 2311 1867 rores
2341 1815 2502 1866 erant
2531 1812 2748 1866 Martha
2789 1815 2846 1863 et
2877 1809 3048 1864 Maria
3081 1826 3094 1864 :
3137 1811 3431 1864 laborabat
3461 1811 3584 1878 illa,
3623 1813 3856 1867 vacabat

2155 1884 2288 1949 ista;
2327 1883 2424 1936 illa
2454 1883 2745 1952 erogabat,
2781 1879 2888 1934 ista
2909 1881 3183 1952 petebat;
3229 1881 3326 1934 illa
3355 1881 3671 1951 praestabat
3703 1884 3857 1937 obse-

2156 1954 2377 2026 quium,
2400 1954 2516 2026 ista
2545 1951 2832 2026 nutriebat
2859 1951 3170 2026 affectum:
3208 1953 3478 2026 Denique
3497 1969 3622 2006 non
3652 1955 3855 2008 ambu-

2157 2023 2296 2090 lans,
2330 2025 2412 2078 vel
2445 2023 2767 2095 discurrens
2784 2023 2895 2075 huc
2916 2027 3086 2093 atque
3113 2023 3414 2095 illuc,Anon
3432 2023 3526 2095 de
3547 2026 3861 2095 suscipien-

2157 2095 2244 2150 dis
2261 2094 2577 2166 hospitibus
2595 2093 2855 2166 sollicita,
2869 2108 2985 2166 non
3006 2109 3141 2166 cura
3162 2093 3244 2146 rei
3264 2093 3566 2166 familiaris
3587 2093 3858 2160 distenta,

2156 2182 2275 2220 non
2307 2163 2630 2237 pauperum
2661 2164 3001 2237 clamoribus
3027 2163 3270 2237 intenta,
3294 2165 3527 2218 sedebat
3563 2166 3638 2220 ad
3689 2167 3861 2237 pedes

2156 2233 2326 2303 lesu;
2353 2233 2716 2290 et'audiebat
2744 2233 2982 2294 verbum
3023 2233 3197 2290 illius.
3234 2236 3360 2288 Haec
3389 2252 3522 2306 pars
3551 2233 3711 2302 tua;
3733 2239 3862 2290 cha-

2158 2307 2398 2374 rissima,
2433 2322 2562 2376 quae
2591 2305 2796 2377 saeculo
2829 2312 3054 2377 mortua
3083 2311 3255 2377 atque
3282 2305 3525 2377 sepulta.
3558 2307 3747 2361 surda
3776 2309 3861 2362 de»

2157 2379 2256 2433 bes
2287 2394 2405 2432 esse
2435 2378 2503 2432 ad
2537 2376 2729 2430 omnia
2761 2376 2951 2430 saeculi
2997 2376 3393 2430 blandimenta
3441 2377 3763 2441 audienda,
3798 2381 3858 2432 ad

2160 2449 2513 2520 loquendum
2545 2452 2762 2520 muta_:
2812 2463 2929 2520 nec
2946 2447 3114 2520 debes
3162 2446 3426 2511 distendi,
3464 2447 3568 2502 sed
3599 2449 3856 2514 extendi;

2160 2517 2408 2589 impleri,
2470 2535 2587 2573 non
2645 2517 2952 2572 exhauriri.
3011 2519 3363 2588 Exsequatur
3411 2524 3645 2589 partem
3707 2537 3857 2574 suam

2161 2591 2376 2668 Martha
2419 2606 2431 2644 :
2481 2606 2609 2668 quae
2643 2589 2772 2668 licet
2798 2604 2916 2668 non
2955 2593 3194 2668 negetur
3229 2589 3418 2668 bona,
3458 2590 3859 2668 Miariatamen

2161 2661 2378 2742 melior
2393 2658 2755 2742 prae—dicatur.
2794 2658 3096 2742 nmquid
3126 2658 3351 2742 invidit.
3374 2660 3615 2742 Marthae
3648 2662 3821 2742 Maria
3837 2664 3862 2714 ?

2161 2731 2258 2786 illa
2288 2729 2476 2803 potius
2505 2731 2614 2785 isti.
2646 2731 2728 2803 Ita
2756 2729 2926 2783 etiam
2945 2729 3205 2803 quaequae
3238 2730 3470 2803 optimae
3501 2732 3778 2787 videntur
3807 2732 3860 2786 in

2163 2801 2389 2868 saeculo,
2433 2807 2590 2856 tuam
2625 2801 2796 2854 vitam
2828 2801 3194 2867 aemulentur,
3245 2817 3362 2854 non
3392 2802 3633 2856 illarum
3667 2808 3754 2856 tu.
3783 2805 3857 2857 Ad

2161 2873 2289 2927 illos
2317 2877 2533 2944 spectat
2558 2873 3051 2944 eleemosyna’rum
3082 2871 3324 2944 largitio,
3363 2888 3621 2942 quorum
3653 2879 3739 2927 est
3765 2880 3863 2928 ter-

2162 2959 2300 2998 rena
2329 2942 2628 3014 possessio,
2681 2943 2768 2996 vel
2811 2942 3019 3013 quibus
3065 2942 3279 2997 credita
3315 2950 3402 2996 est
3445 2959 3650 2999 rerum
3694 2947 3861 2999 eccle-

2166 3013 2515 3068 siasticarum
2551 3013 2920 3084 dispensatio.

2623 3066 2704 3133 71—7
2733 3095 2807 3147 De
2835 3107 3015 3217 reriim
3043 3066 3530 3148 ecclesiastibarum
3583 3095 3862 3166 dispensa-

2952 3179 3086 3217 iane.

2952 3179 3086 3217 ιοηθ.

2169 3265 2174 3268 ·
2239 3243 2376 3308 Quae
2424 3243 2579 3296 enim
2619 3242 2989 3296 sacrosanctis
3028 3243 3276 3297 ecclesiis
3307 3260 3339 3297 a
3364 3243 3644 3300 ﬁdelibus
3676 3248 3869 3300 collata

2169 3318 2320 3386 sunt,
2358 3313 2627 3385 episcopi,
2666 3313 2984 3386 sacerdotes
3014 3318 3070 3386 et
3113 3314 3302 3368 clerici
3333 3315 3735 3386 dispensanda
3763 3335 3867 3371 sus-

2168 3384 2408 3455 cipiunt,
2452 3389 2509 3439 et
2557 3384 2681 3456 non
2735 3384 3125 3456 recondenda;
3181 3401 3299 3439 non
3347 3384 3730 3456 possidenda,
3780 3388 3867 3442 sed

2169 3457 2476 3527 eroganda.
2507 3455 2796 3527 Quidquid
2818 3455 3050 3520 habent,
3072 3455 3392 3527 pauperum
3422 3461 3527 3522 est,
3568 3458 3868 3514 viduarum

2169 3531 2239 3608 et
2258 3526 2682 3608 orphanorum',
2702 3531 2758 3608 et
2785 3542 2984 3580 eorum
3011 3526 3110 3607 qui
3140 3527 3304 3580 altari
3332 3527 3867 3608 deserviunt,__utde_

2170 3597 2341 3652 altari
2371 3597 2585 3651 vivant.
2641 3597 2746 3652 Sed
2792 3613 2860 3650 ea
2897 3613 3024 3668 qua:
3061 3597 3120 3650 in
3151 3613 3286 3668 usus
3330 3614 3643 3655 servorum
3671 3601 3866 3656 Christi

2169 3668 2527 3723 monasteriis
2567 3667 2956 3742 conferuntur,
2991 3667 3219 3742 a_certis
3249 3668 3512 3742 personis
3546 3671 3863 3742 dispensari

2168 3744 2414 3810 oportet,
2447 3743 2508 3792 ut
2527 3738 2680 3809 quod
2705 3738 3418 3810 necessitatibussuperest
3448 3738 3730 3803 fratrum,
3763 3758 3864 3796 non

2169 3809 2488 3884 includatur
2509 3809 2843 3878 marsupiis;
2867 3809 2968 3864 sed
2995 3809 3678 3882 hospitibus,peregrinis
3702 3821 3864 3884 atque

2169 3881 2520 3951 pauperibus
2549 3885 2833 3950 erogetur.

2171 3959 2395 4013 CAPUT
2425 3960 2606 4015 XLIII.
2638 3988 2708 3999 —
2751 3959 3078 4016 Claustrales
3120 3975 3226 4014 non
3259 3959 3453 4015 debent

2656 4031 2928 4099 hospitum
2953 4046 3087 4085 cura
3117 4031 3374 4086 distendi.

2242 4109 2308 4162 Et
2359 4109 2465 4180 hoc
2511 4109 2743 4164 illorum
2790 4109 3044 4172 interest,
3091 4109 3302 4180 quibus
3349 4125 3483 4180 pars
3514 4116 3609 4166 est
3641 4113 3866 4167 Martha

2169 4179 2492 4245 commissa,
2544 4197 2656 4234 non
2704 4181 2803 4250 qui
2842 4180 3078 4234 salutari
3112 4179 3244 4234 iotio
3278 4179 3480 4235 vasant
3508 4197 3649 4237 cum
3682 4185 3866 4239 Maria.

2171 4251 2256 4332 ita
2268 4251 2674 4332 elaustralibus
2702 4252 2860 4332 nulia
2887 4251 3055 4332 debet
3080 4266 3201 4305 esse
3235 4267 3338 4332 pro
3355 4255 3740 4332 pauperibus
3769 4255 3866 4332 scl-

2167 4319 2420 4392 licitudo,
2461 4322 2620 4375 nulla
2653 4337 2756 4392 pro
2795 4321 3116 4392 hospitibus
3159 4319 3539 4392 suscipiendis
3574 4325 3868 4388 distentio;

2169 4391 2382 4461 quippe
2412 4391 2619 4463 quibus
2648 4391 2808 4463 nulla
2837 4392 3008 4463 debet
3031 4408 3151 4446 esse
3173 4392 3243 4446 de
3269 4391 3518 4447 crastino
3551 4397 3870 4462 cura,th

2169 4463 2280 4534 cibi
2309 4462 2986 4534 velipotusprovidentia
3018 4479 3030 4516 :
3064 4463 3394 4518 nutriantur
3423 4465 3628 4534 potius
3657 4467 3722 4520 in
3756 4482 3866 4520 cro-

2168 4532 2302 4613 ceis,
2335 4532 2724 4613 spiritualibus
2753 4537 3083 4613 pascantur:
3103 4534 3284 4613 Altius
3308 4532 3499 4613 autem
3524 4536 3593 4589 hi
3614 4539 3724 4613 qui
3755 4553 3869 4590 con-

2167 4603 2518 4686 temptibiles
2539 4608 2671 4685 sunt
2681 4603 3053 4686 constitutiad
3063 4603 3868 4686 judicandum,ampléxantur

2169 4678 2437 4748 stercora.
2472 4675 2586 4748 Ipsi
2617 4674 2831 4745 quippe
2863 4681 2997 4730 sunt
3030 4677 3223 4738 boves,
3251 4692 3496 4746 quorum
3526 4674 3705 4748 piger
3737 4684 3866 4732 ster-

2169 4744 2396 4798 coribus
2421 4744 2727 4814 lapidatur.

2169 4823 2394 4879 CAPUT
2415 4826 2593 4880 XLIV.
2616 4857 2685 4864 —
2710 4826 3135 4881 Administratio
3162 4827 3541 4895 temporalium
3575 4828 3738 4882 haud
3767 4845 3866 4881 cce

2273 4898 2419 4950 venit
2447 4897 2738 4961 cznobitis,
2773 4899 3046 4967 multoque
3071 4900 3249 4951 minus
3279 4900 3489 4965 virgini
3515 4901 3778 4953 reclusa.

2237 4973 2381 5046 sunt
2410 4974 2565 5029 enim
2593 4975 2850 5046 quidam,
2880 4975 2979 5046 qui
3010 4975 3158 5030 circa
3203 4975 3524 5046 spiritualia
3557 4977 3798 5032 desides
3824 4985 3864 5026 et

2167 5043 2317 5115 pigri
2342 5045 2520 5099 instar
2555 5043 2757 5116 populi
2786 5043 3117 5116 peccatoris,
3159 5043 3332 5116 super
3376 5063 3596 5101 manna
3641 5050 3862 5103 caeleste

2168 5063 2520 5115 pigriinsmr
2599 5063 2757 5116 opun
2786 5063 3117 5116 peccatoris,
3159 5063 3332 5116 super
3376 5063 3596 5101 manna
3641 5063 3862 5103 cmest:

2168 5121 2466 5189 nauseant,
2496 5063 2864 5189 vigentesque
2896 5117 3037 5171 alios
3077 5118 3225 5170 circa
3251 5119 3601 5189 temporalia
3630 5135 3862 5189 occupa-

2167 5191 2277 5259 tos,
2315 5186 2594 5254 invident,
2641 5186 2967 5259 detrahunt,
3011 5186 3393 5259 murmurant;
3429 5194 3487 5242 et
3515 5205 3632 5259 pro
3661 5186 3861 5244 sterce-

2166 5257 2344 5324 ribus,
2401 5258 2610 5328 quibus
2642 5257 2753 5328 ipsi
2798 5259 3107 5325 foedantur,
3157 5258 3262 5312 zeli
3309 5264 3366 5314 et
3410 5257 3864 5315 amaritudinum

2166 5328 2427 5402 stimulos
2459 5329 2650 5402 ferunt
2681 5345 2694 5383 :
2729 5329 2798 5383 de
2829 5329 3039 5402 quibus
3063 5331 3108 5382 si
3130 5329 3561 5402 forteraliquam
3591 5337 3864 5402 tempore~

2165 5398 2308 5452 lium
2339 5399 2820 5468 dispensationem
2847 5398 3075 5454 'fuerint
3103 5398 3745 5471 adepti,convenienter
3767 5403 3864 5455 dit.

2164 5474 2386 5539 potest:
2411 5471 2517 5536 Qui
2543 5473 2744 5525 nutriti
2771 5476 2928 5525 erant
2947 5474 3004 5526 in
3020 5473 3235 5542 croceis,
3259 5473 3567 5542 amplexati
3592 5480 3729 5528 sunt
3747 5483 3867 5527 εισ-

2165 5555 2290 5614 cora
2313 5542 2533 5612 (Thren.
2566 5558 2640 5614 iv,
2673 5544 2743 5614 5),.
2778 5543 2920 5596 Cum
2953 5541 3128 5614 igitur
3156 5558 3262 5596 nec
3289 5541 3421 5608 illis,
3453 5545 3558 5614 qui
3591 5545 3652 5598 in
3683 5559 3867 5599 ceno-

2164 5610 2274 5685 biis
2297 5610 2442 5676 sunt,
2476 5613 2687 5685 quibus
2716 5612 2776 5666 in
2808 5610 3023 5685 Illartha
3043 5629 3160 5667 non
3190 5629 3363 5685 parva
3391 5610 3744 5670 communio
3774 5619 3864 5668 est.

2165 5682 2313 5737 circa
2336 5682 2586 5754 plurima
2616 5682 3253 5757 occupariconceditui‘;
3272 5689 3491 5757 quanto
3516 5686 3730 5741 minus

2166 5770 2295 5825 quae
2348 5760 2402 5809 te
2457 5759 2633 5810 totam
2689 5755 2758 5812 de
2816 5756 3024 5812 saeculo
3080 5754 3311 5823 exuisti,‘
3363 5757 3456 5811 cui
3510 5772 3639 5812 non
3689 5757 3866 5812 war.

3479 3978 3800 4033 pauperum
3827 3969 3866 4016 et
