3970 6146
152 235 287 287 1465

143 351 459 477 polssiderte,
506 352 602 407 sed
645 367 750 407 nec
786 352 999 420 videre,
1031 369 1135 410 nec
1164 355 1361 411 audire
1403 356 1533 412 licet
1561 374 1690 430 quae
1731 375 1836 413 sae-

146 439 222 477 cu
249 440 260 476 l
293 439 399 477 sun
432 463 445 477 .

146 439 260 478 CIIII
293 439 445 478 sunt.

145 504 373 558 CAPUT
403 504 554 558 XLV.
587 533 656 544 —-
702 506 768 559 Ut
803 506 1234 562 sanctimonialis
1277 506 1429 562 debet
1464 510 1514 563 si
1556 509 1693 577 quid
1737 511 1842 564 sibi

732 582 991 645 superest,
1018 593 1254 645 erogare.

219 644 276 729 Si
312 644 660 729 enim‘nihil
704 647 807 729 tibi
860 648 1163 729 quisquam
1209 648 1305 702 det
1353 648 1425 729 ad
1472 652 1837 729 erogandum,

142 716 298 791 unde
328 716 565 791 habebis
596 718 745 787 quod
768 716 968 787 erogas
983 716 1083 791 ‘l'si
1112 736 1244 791 vero
1276 735 1343 772 ex
1368 724 1467 773 tuo
1498 716 1715 791 aliquid
1742 716 1843 776 ha-

140 786 243 840 bes
272 787 481 851 labore,
521 788 593 841 da
614 786 738 841 non
764 786 887 850 tua,
915 789 1011 842 sed
1035 790 1270 843 alterius
1304 806 1479 844 manu
1503 810 1517 855 ;
1541 786 1840 846 si‘abunde

142 857 259 928 tibi
277 858 543 927 provenit
565 858 763 911 victus.
790 859 945 912 Unde
970 860 1072 913 tibi
1101 861 1289 915 aliena
1318 861 1680 928 distribuere,
1710 880 1839 917 cum

141 927 288 982 nihil
320 928 439 1009 _tibi
473 946 657 1009 [supra
700 931 1651 1009 necessarium_liceat_usurp_are?
1693 935 1840 1009 Quid

138 1014 281 1072 ergo
318 999 582 1053 beneficii
623 1000 924 1072 impendes
959 1001 1264 1072 proximo?
1306 1003 1456 1057 Nihil
1473 999 1661 1057 'ditius
1692 1005 1842 1059 bona

142 1071 457 1144 voluntate,
494 1075 549 1144 ut
582 1071 659 1125 ait
683 1071 923 1144 quidam
955 1071 1214 1127 Sanctus:
1250 1073 1395 1127 hanc
1426 1074 1654 1144 largire.
1694 1076 1839 1140 Quid

140 1140 703 1265 ﬁumalniuspietate?
716 1140 1158 1213 hancimpende.
1179 1144 1324 1208 Quid
1342 1140 1541 1199 utilius
1550 1146 1842 1201 oratione?

184 1227 292 1265 anc
341 1228 550 1265 argire.

184 1227 292 1265 anc
324 1227 550 1279 largire,

142 1291 371 1345 CAPUT
404 1292 583 1346 XLVI.
625 1321 693 1333 —
741 1292 892 1358 Quod
937 1294 1274 1362 eleemosynav
1311 1310 1477 1362 genus
1515 1312 1548 1350 a
1586 1297 1840 1352 moniali-

717 1363 813 1417 bus
843 1366 1084 1431 impendi
1111 1366 1274 1419 decet.

218 1433 414 1503 Itaque
456 1436 642 1487 totum
682 1434 961 1488 mundum
1010 1452 1124 1489 uno
1162 1436 1483 1491 dilectionis
1527 1437 1654 1492 sinu
1684 1454 1839 1491 com-

142 1504 414 1574 plectere,
435 1504 545 1576 ubi
575 1505 745 1558 simul
777 1521 996 1570 omnes,
1041 1506 1139 1576 qui
1168 1508 1303 1560 boni
1334 1513 1485 1573 sunt,
1522 1508 1838 1568 considera,

142 1575 546 1647 congratulare
572 1592 584 1628 :
615 1576 713 1630 ubi
735 1576 892 1644 mali,
916 1575 1139 1630 intuere
1168 1582 1224 1631 et
1253 1579 1399 1647 Iuge.
1430 1580 1511 1632 lbi
1543 1584 1842 1633 occurrant

143 1644 340 1719 animo
354 1645 583 1719 miseria
594 1662 934 1719 pauperum,
951 1644 1344 1718 orphanoruni
1358 1650 1624 1719 gemitus,
1650 1650 1843 1703 vidua-

143 1732 276 1789 rum
308 1716 603 1789 desolatio,
628 1716 876 1772 tristium
908 1716 1261 1787 mmstitudo,
1292 1716 1651 1773 necessitates
1678 1736 1840 1789 pere-

142 1787 516 1859 grinantium,
582 1788 835 1859 pericula
888 1789 1299 1858 navigantium,
1359 1796 1487 1844 vota
1528 1787 1838 1859 virginum,

142 1858 491 1929 tentationes
520 1858 954 1924 monachorum,
988 1861 1359 1929 prmlatorum
1379 1858 1722 1927 sollicitudo,
1755 1860 1838 1913 la-

140 1928 254 2001 bor
283 1928 671 2001 militantium.
697 1929 971 2001 Omnibus
993 1928 1190 1998 pectus
1218 1935 1332 1983 tum
1362 1930 1679 1985 dilectionis
1707 1947 1842 2001 ape-

70 1998 80 2005 ’
142 1997 293 2080 ςίδεέ
322 1998 861 2080 his'tuasimpende
896 1997 1327 2080 laerynias,_pre
1355 2000 1620 2080 hishtuas
1646 1997 1841 2071 preces

140 2068 367 2140 fundas.
396 2070 524 2122 Haec
547 2070 929 2139 eleemosyma
954 2068 1067 2124 Deo
1091 2068 1412 2140 gratiosior.
1443 2068 1665 2126 Christe
1690 2089 1843 2127 acce-

184 2139 316 2201 tior,
346 2144 460 2213 tuae
491 2140 830 2213 professioni
866 2142 1075 2213 aptior,
1105 2139 1203 2213 his
1242 2143 1450 2211 quibus
1486 2143 1842 2213 impenditur

184 2155 316 2201 nor,
346 2155 460 2193 uiae
491 2155 830 2210 proressioni
866 2155 1075 2210 aptior,
1114 2155 1203 2194 nis
1242 2155 1450 2211 quibus
1486 2155 1841 2213 impenditur

141 2155 503 2284 Buctuosior.
540 2212 712 2280 Hujus
748 2212 1252 2284 munusgbeneficii
1283 2218 1447 2267 tuum
1480 2214 1841 2284 propositum

142 2281 393 2355 adjuvat,
429 2297 543 2355 non
592 2283 890 2355 perturbat
924 2282 1288 2355 dilectionem
1332 2281 1614 2353 proximi}
1650 2290 1839 2355 auget,

144 2366 265 2425 non
292 2352 539 2425 minuit;
589 2352 794 2406 mentis
840 2353 1095 2424 quietem
1144 2352 1348 2419 servat,
1408 2371 1525 2409 non
1576 2352 1838 2425 impedit.

143 2422 309 2495 Quod
340 2422 482 2476 nihil
513 2428 590 2495 est
622 2422 1041 2495 appetendum,
1078 2428 1142 2478 ut
1176 2425 1453 2479 habeatur
1482 2427 1550 2480 ad
1592 2422 1841 2495 largien-

146 2493 288 2567 dum
314 2512 327 2558 ;
359 2492 893 2567 cum_nihil’habere
923 2495 994 2548 sit
1022 2496 1354 2567 perfectum.
1388 2497 1535 2560 Quid
1567 2497 1652 2551 his
1678 2492 1842 2567 plura

145 2562 453 2636 dicamus?
486 2565 625 2636 cum
656 2566 853 2631 sancti,
900 2573 961 2618 ut
998 2562 1243 2636 perfecte
1274 2572 1513 2636 possunt
1550 2562 1843 2636 proiimos

144 2632 411 2704 diligere,
436 2634 777 2689 studuerunt
805 2636 864 2688 in
885 2632 1240 2689 hoc—mundo
1264 2632 1406 2691 nihil
1432 2632 1665 2699 habere,
1700 2638 1843 2692 nihil

147 2704 237 2757 vel
268 2704 389 2758 sine
420 2705 681 2774 appetitu
709 2706 1017 2775 possidere.
1044 2707 1315 2775 Agnoscis
1335 2708 1506 2762 verba
1534 2708 1686 2761 beati
1707 2710 1841 2763 Gre-

144 2774 315 2846 gorii.
350 2775 483 2828 Vide
523 2774 923 2846 quam’contra
949 2774 1119 2831 multi
1144 2777 1408 2846 sapiunt:
1442 2782 1505 2831 ut
1529 2778 1683 2832 enim
1717 2779 1845 2832 cha-

144 2844 331 2899 ritatis
358 2844 634 2918 impleant
658 2847 867 2915 legem,
896 2855 1163 2918 quierunt
1182 2844 1246 2901 ut
1270 2848 1515 2901 habeant
1534 2849 1687 2918 quod
1718 2865 1844 2903 ero-

143 2920 322 2989 geunt;
354 2932 493 2989 cum,
517 2917 639 2986 ejus
669 2917 1079 2987 perfectionem
1109 2917 1247 2987 ipsis
1287 2917 1588 2983 adscribat,
1625 2920 1724 2989 qui
1757 2919 1842 2973 ni-

142 2986 231 3040 hil
273 2987 623 3055 habendum,
670 2986 815 3043 nihil
854 2989 941 3043 vel
989 2989 1110 3043 sine
1134 2986 1401 3060 appetitu
1430 2986 1842 3059 possidendum

142 3057 519 3111 arbitrantur.

142 3057 519 3113 arbitrantur.

144 3137 372 3192 CAPUT
401 3138 607 3193 XLVII.
641 3168 709 3176 —
741 3139 824 3193 De
853 3139 1134 3193 dilectione
1156 3140 1264 3193 Dei
1290 3140 1613 3195 concitanda
1642 3143 1699 3195 in
1728 3157 1843 3195 me-

529 3209 793 3263 ditatione
820 3212 1198 3277 mysteriorum
1237 3212 1457 3267 Christi.

225 3279 318 3351 llis
343 3279 410 3333 de
441 3279 682 3351 proximi
714 3281 1017 3334 dilectione
1054 3281 1386 3351 praemissis,
1432 3282 1502 3335 de
1540 3282 1843 3336 dilectione

143 3349 253 3424 Qei
283 3349 461 3420 pauca
507 3350 991 3424 subjungamta).
1045 3349 1184 3424 Nam
1236 3353 1645 3424 licetutraque
1688 3370 1847 3408 soror

145 3422 328 3494 Deum
362 3420 805 3494 prosimumque
844 3420 1121 3485 dilexerit,
1163 3423 1479 3494 specialiter
1513 3420 1708 3478 tamen
1736 3424 1843 3478 cir-

142 3506 215 3563 ca
250 3492 594 3563 Aobsequium
637 3492 1032 3561 proximorum
1069 3492 1451 3563 occupabatur
1490 3495 1723 3562 Martha,
1778 3511 1846 3549 ex

142 3561 358 3616 divinm
397 3561 530 3615 vero
562 3562 819 3616 lectionis
850 3564 1006 3617 fonte
1048 3561 1347 3618 hauriebat
1387 3565 1576 3619 Maria.
1619 3567 1703 3619 Ad
1746 3566 1847 3620 Dei

144 3648 284 3704 vero
331 3632 691 3704 dilectionem
741 3634 854 3687 duo
895 3634 1202 3703 pertinent,
1245 3635 1480 3689 affectus
1518 3637 1745 3704 mentis,
1792 3641 1848 3691 et

145 3703 383 3757 effectus
423 3703 631 3774 operis.
680 3705 743 3757 Et
790 3721 932 3774 opus
979 3704 1087 3758 hoc
1133 3705 1193 3758 in
1228 3705 1507 3760 virtutum
1536 3707 1841 3773 exercitio;

144 3774 381 3828 allectus
424 3775 809 3845 verormentis
852 3775 912 3828 in
944 3775 1253 3844 spiritualis
1283 3781 1481 3845 gustus
1523 3778 1843 3841 dulcedine,

148 3844 805 3919 Eaercitiunivirtutum
851 3845 911 3899 in
945 3851 1114 3919 certe,
1137 3844 1358 3919 vivendi
1388 3848 1571 3919 modo,
1611 3848 1669 3903 in
1695 3850 1844 3919 jeju-

146 3915 280 3982 niis,
305 3916 365 3970 in
390 3916 615 3987 vigiliis,
644 3916 703 3970 in
734 3917 1015 3997 opere,.in
1041 3918 1370 3997 dileetione,
1396 3918 1455 3972 in
1483 3915 1845 3997 eration'eLin

144 3992 483 4059 paupertate
515 3992 571 4059 et
599 3988 819 4059 caeteris
849 3988 1178 4059 hujusmodi
1210 3991 1682 4055 commendatur;
1714 3990 1845 4044 affe-

148 4062 273 4130 ctus
302 4058 533 4111 salutari
566 4058 937 4113 meditatione
966 4060 1241 4113 nutritur.
1282 4062 1478 4130 Itaque
1502 4067 1566 4114 ut
1593 4062 1688 4115 ille
1716 4062 1843 4114 dul-

148 4127 408 4201 cissimus
436 4144 596 4181 amor
616 4130 752 4201 VJesu
782 4130 839 4183 in
868 4134 966 4201 tuo
994 4136 1205 4201 crescat
1235 4127 1458 4194 affeciu,
1493 4132 1700 4201 triplici
1730 4148 1845 4185 me-

149 4198 423 4272 ditatione
449 4215 591 4270 opus
612 4200 821 4272 habes:
854 4200 923 4272 de
954 4200 1257 4272 praeteritis
1290 4201 1525 4265 scilicet,
1552 4198 1846 4272 praesenti-

147 4269 254 4323 bus
285 4274 342 4323 et
388 4269 615 4337 futuris,
662 4271 718 4325 id
749 4275 834 4325 est
873 4269 1393 4340 de’praeteritorum
1429 4269 1837 4335 recordatione,

149 4340 219 4394 de
251 4340 602 4411 eXperientia
627 4341 1019 4411 praesentium,
1053 4342 1122 4396 de
1152 4342 1605 4396 consideratione
1629 4342 1842 4396 futuro-

149 4426 295 4465 rum.
329 4413 467 4467 Cum
499 4412 676 4516 igitur
707 4428 867 4466 mens
896 4416 993 4465 tua
1022 4412 1193 4466 fuerit
1232 4413 1301 4465 ab
1341 4413 1499 4466 omni
1538 4413 1843 4483 cogitatio-

149 4497 286 4516 nnm
330 4483 491 4516 anu-An
582 4484 855 4516 uinhﬂnm
906 4482 1173 4516 nvnnnitin
1221 4489 1458 4516 nun-nmio
1506 4484 1616 4516 iam
1650 4484 1841 4516 nnnlna

149 4497 287 4554 nam
329 4483 491 4537 sorde
526 4482 544 4516 ί
582 4484 860 4554 virtutum
906 4482 1173 4554 exercitio
1221 4489 1463 4554 purgata
1501 4482 1627 4552 jam’
1650 4484 1843 4537 oculos

148 4551 446 4624 defaecatos
475 4554 554 4624 ad
598 4552 915 4624 posteriora
949 4546 1239 4624 retoi‘que:
1282 4546 1363 4607 Ae
1406 4546 1658 4624 primum
1711 4570 1842 4608 cum

149 4621 317 4696 beata
351 4623 524 4677 Maria
552 4621 807 4696 ingressa
832 4621 1177 4696 cubiculum,
1211 4624 1386 4696 libros
1406 4621 1622 4696 quibus
1655 4625 1839 4695 Virgi-

149 4692 239 4745 nis
279 4698 473 4762 partus
512 4709 643 4747 cum
673 4693 881 4748 Christi
919 4695 1296 4762 prophetatur
1324 4692 1595 4761 adventu,
1627 4692 1837 4749 evolve.

152 4762 563 4834 lbiiadventum
592 4763 794 4834 Angeli
826 4766 1173 4833 praestolare,
1202 4769 1265 4819 ut
1284 4766 1476 4820 videas
1505 4767 1838 4832 intrantem,

149 4833 716 4906 audiassalutantem
744 4850 757 4887 :
794 4839 850 4887 et
878 4834 1022 4888 sicut
1051 4836 1267 4905 repleta
1298 4842 1527 4906 stupore
1559 4842 1612 4891 et
1643 4837 1843 4891 ecstasi

148 4902 533 4977 dulcissimam
561 4905 855 4977 dominam
876 4908 1033 4959 tuam
1061 4902 1191 4961 cum
1212 4902 1427 4977 Anger
1452 4909 1731 4962 salutante
1760 4925 1842 4961 sa-

150 4972 318 5046 lutes,
342 4974 521 5028 clama
545 4975 755 5040 dicens,
782 4977 896 5030 Ave
922 4981 1107 5044 gratia
1134 4972 1329 5046 plena:
1342 4979 1603 5033 Dominus
1632 4985 1800 5033 tecum
1824 4995 1838 5032 :

146 5043 421 5098 benedicta
471 5050 529 5099 tu
578 5043 1010 5120 in_mulieribus_
1041 5043 1188 5117 (Luc.
1226 5066 1263 5115 ι,
1294 5052 1399 5111 28).
1456 5051 1568 5103 Hoc
1614 5049 1841 5120 plenius

146 5120 433 5190 repetens,
466 5132 593 5190 quas
625 5117 695 5170 sit
722 5119 843 5171 haec
871 5118 1067 5190 gratiae
1096 5120 1413 5188 plenitudo,
1440 5121 1509 5173 de
1547 5117 1659 5190 qu'a
1687 5125 1841 5173 totus

146 5186 394 5239 mundus
425 5186 666 5260 gratiam
697 5189 995 5253 mutuavit,
1030 5186 1303 5260 quoniam
1339 5186 1581 5251 Verburri—
1595 5207 1719 5245 caro
1750 5193 1840 5255 fa-

146 5262 290 5330 ctum
314 5262 413 5325 est,
446 5263 497 5312 et
519 5259 789 5330 habitavit
816 5262 873 5313 in
900 5259 1058 5315 nobis
1069 5262 1285 5330 plenum
1310 5264 1505 5327 gratia:
1524 5267 1573 5315 et
1594 5264 1841 5316 veritatis

147 5327 322 5397 (Joan.
372 5344 409 5393 i,
459 5328 567 5396 14),
618 5331 1026 5399 contemplare,
1069 5327 1132 5384 et
1173 5332 1458 5385 admirare
1511 5332 1838 5397 Dominum,

146 5398 247 5469 qui
267 5402 477 5453 terram
498 5399 698 5470 implet
718 5406 772 5454 et
790 5398 1016 5467 coclum,
1039 5402 1191 5456 intra
1211 5402 1381 5456 unius
1401 5404 1608 5473 puellae
1628 5404 1841 5457 viscera

210 5541 221 5573 ¹
251 5538 403 5603 Apud
427 5539 682 5601 Anselm.,
712 5540 879 5604 fuerit
899 5540 1094 5605 absque
1121 5541 1498 5603 cogitationum
1523 5543 1776 5595 tumultu.

208 5618 531 5686 (a)_Reliqua
564 5634 683 5682 pars
713 5620 874 5685 hujus
904 5621 1021 5670 libri
1046 5625 1125 5671 est
1166 5621 1306 5671 inter
1333 5635 1492 5686 opera
1521 5622 1573 5671 S.
1606 5622 1838 5674 Anselmi

146 5680 410 5731 Meditatio
442 5680 521 5732 iv-
534 5680 658 5732 xvii.

1522 236 1615 290 DE
1654 234 1827 292 VITA
1866 235 2282 292 EREMITICA.

3521 244 3657 303 1466
3692 232 3697 235 ’

1950 358 2158 430 claudi,
2207 376 2381 430 quam
2430 362 2593 414 Pater
2644 361 3025 428 sanctiﬁcavit,
3084 362 3257 418 Filius
3307 364 3651 428 fecundavit.

1951 429 2313 508 pbumbra’vit
2333 431 2594 508 Spiritus
2614 437 2857 487 sanctus.
2884 433 2926 488 Ο
2950 433 3128 508 dulcis
3158 434 3412 508 domina,
3437 443 3653 508 quanta

1950 499 2325 575 inebriabaris
2371 499 2694 575 dulcedine,
2746 520 2859 573 quo
2904 504 3115 557 amoris
3156 505 3289 575 igne
3337 499 3649 562 succende-

1950 571 2121 648 beris,
2154 589 2282 625 cum
2307 574 2552 648 sentires
2583 573 2641 648 in
2665 571 2854 627 mente
2886 580 2941 627 et
2968 580 3161 648 ventre
3187 571 3363 629 tantm
3392 580 3649 648 majesta-

1952 642 2024 695 tis
2053 645 2447 712 praesentiam;
2467 660 2595 697 cum
2613 646 2681 698 de
2712 650 2810 697 tua
2831 661 2998 698 carne
3021 647 3127 699 sibi
3154 663 3382 700 carnem
3401 642 3647 703 ass'ume-

1952 717 2060 787 ret,
2089 719 2143 787 et
2174 716 2443 787 membra
2475 716 2681 785 quibus
2719 716 3089 787 corporaliter
3132 720 3319 769 omnis
3353 720 3647 787 plenitudo

1952 783 2261 859 divinitatis
2318 783 2617 851 habitaret,
2666 802 2695 839 e
2724 783 2856 859 utui’s
2916 786 3039 859 sibi
3073 783 3641 859 membris'aptaret!

1954 856 2081 935 Hine
2106 856 2293 908 omnia
2324 862 2658 935 propter__t_e,
2686 856 2863 926 virgo,
2886 862 2954 935 iit
2984 857 3292 935 Virginem,
3323 856 3495 935 quam
3524 859 3649 935 imi-

1952 924 2061 978 tari
2109 924 2479 995 proposuisti,
2514 927 2736 997 diligas,
2779 924 2839 980 et
2886 924 3129 997 Virginis
3182 924 3427 982 fructum
3475 932 3516 996 ί,
3556 930 3646 984 cui
3682 986 3689 992 _

1952 998 2213 1067 nupsisti.
2238 999 2360 1050 Jam
2383 1014 2672 1051 nunccum
2695 997 3020 1051 dulcissima
3038 998 3379 1052 dominatua
3399 1000 3459 1052 in
3483 1016 3644 1053 mon-

1953 1072 2085 1121 tana
2115 1069 2451 1135 conscende,
2483 1074 2538 1121 et
2576 1069 2781 1121 sterilis
2812 1073 2867 1121 et
2900 1068 3133 1138 virginis
3165 1086 3394 1122 suavem
3427 1070 3647 1123 intuere
3746 1114 3757 1117 -

1952 1140 2343 1207 complexum;
2377 1146 2432 1191 et
2460 1138 2820 1193 salutationis
2851 1139 3124 1203 officium,
3158 1140 3217 1192 in
3249 1157 3362 1210 quo
3394 1142 3649 1194 servulus

1953 1210 2284 1289 meinum,
2318 1225 2501 1290 praeco
2535 1210 2945 1290 judieemhvox
2992 1211 3261 1290 Verbum,
3293 1211 3445 1264 intus
3475 1212 3650 1290 anilia

1952 1280 2171 1351 viscera
2207 1281 2506 1351 conclusus
2534 1280 2593 1333 in
2627 1281 2859 1350 virginis
2893 1285 3050 1333 utero
3096 1283 3349 1335 clausum
3396 1285 3644 1351 agnovit,

1952 1355 2007 1403 et
2045 1350 2338 1421 rindicibili
2385 1351 2598 1421 gaudio
2686 1352 2968 1404 salutavit.
3045 1352 3196 1405 Beati
3274 1350 3498 1405 ventres
3583 1352 3643 1405 in

1952 1420 2127 1474 totius
2156 1421 2357 1474 mundi
2388 1420 2538 1474 salus
2566 1422 2839 1488 exoritur,
2873 1422 3164 1491 pulsisque
3196 1423 3443 1476 tenebris
3473 1422 3646 1476 tristi-

1951 1490 2061 1551 tiae,
2094 1492 2441 1560 sempiterna
2475 1492 2674 1545 laetitia
2704 1490 3097 1561 prophetatur.
3131 1494 3273 1555 Quid
3303 1493 3443 1561 agis,
3479 1510 3511 1545 ο
3541 1494 3648 1546 vir-

1952 1562 2560 1633 go?Accnrre,quaeso,
2578 1578 2825 1625 accurre,
2844 1566 2900 1614 et
2922 1562 3094 1615 tantis
3124 1563 3343 1633 gaudiis
3366 1564 3645 1617 admisce-

1950 1648 2032 1698 re,
2067 1639 2422 1703 prosternere
2453 1634 2519 1686 ad
2556 1634 2725 1701 pedes
2748 1633 3067 1702 utriusque,
3095 1640 3149 1686 et
3178 1633 3235 1686 in
3261 1634 3427 1686 unius
3454 1639 3648 1687 ventre

1952 1719 2223 1782 sponsum
2256 1708 2417 1755 tuum
2448 1704 2811 1782 ample-ctare,
2840 1704 3088 1755 amicum
3114 1720 3249 1782 vere
3279 1706 3400 1782 ejus
3430 1704 3488 1757 in
3518 1705 3652 1758 allel-

1952 1774 2070 1825 rius
2114 1782 2273 1827 utero
2305 1790 2594 1827 venerare.
2630 1774 2787 1826 Hunc
2832 1779 3063 1825 euntem
3110 1774 3166 1825 in
3203 1775 3487 1827 Bethleem
3518 1790 3649 1828 cum

1951 1843 2109 1897 omni
2134 1843 2431 1897 devotione
2450 1860 2817 1914 prosequere,
2843 1847 2895 1896 et
2924 1843 2982 1896 in
3006 1844 3315 1912 hospitium
3343 1844 3647 1909 divertens,

1951 1929 2080 1967 cum
2119 1914 2215 1966 illa
2247 1914 2461 1978 assiste,
2496 1919 2554 1968 et
2592 1916 2901 1984 obsequere
2933 1914 3205 1983 parienti;
3253 1915 3550 1985 locatoque
3590 1914 3650 1969 in

1949 1985 2231 2054 praesepio
2254 1986 2507 2057 parvulo,
2534 2001 2769 2055 erumpe
2799 1985 2859 2037 in
2881 1985 3514 2057 vocemdexsultatiouis,
3536 1985 3651 2040 οἰδ-ί

1949 2072 2112 2109 mans
2146 2072 2272 2108 cum
2307 2056 2449 2109 Isaia
2482 2074 2494 2110 :
2527 2058 2791 2110 Parvulas
2822 2059 2980 2109 natus
3006 2056 3273 2121 est’nobis,
3300 2062 3350 2111 et
3374 2058 3519 2125 ﬁlius
3550 2057 3646 2110 da-

1952 2132 2036 2180 tus
2067 2130 2145 2180 est
2174 2128 2324 2180 nobis
2358 2129 2511 2193 (Isai.
2546 2144 2620 2193 ix,
2653 2130 2726 2195 6).
2759 2127 3114 2196 Amplectere
3143 2127 3306 2180 dulce
3336 2128 3475 2180 illud
3505 2144 3650 2196 prie-

1952 2197 2194 2266 sepium.
2235 2198 2429 2251 Vincat
2457 2197 2855 2251 verecundiam
2887 2213 3068 2261 amor,
3103 2197 3368 2251 timorem
3400 2199 3650 2267 depellat

1952 2268 2210 2338 affectus,
2230 2272 2292 2321 ut
2323 2268 2714 2321 sacratissimis
2739 2267 2977 2337 pedibus
3009 2268 3149 2338 ligas
3176 2268 3343 2334 labia,
3374 2273 3430 2322 et
3458 2269 3650 2321 oscula

1951 2337 2207 2409 gemines
2238 2342 2277 2391 ³.
2316 2338 2524 2392 Exinde
2572 2343 2873 2409 pastorum,
2897 2337 3160 2391 excubias
3192 2345 3381 2392 mente
3428 2344 3649 2408 pertra-

1952 2408 2062 2477 eta,
2092 2410 2442 2479 Angelorum
2476 2408 2788 2462 exercitum
2815 2408 3117 2477 admirare,
3147 2410 3363 2463 cmlesti
3392 2409 3652 2463 melodias

1952 2483 2077 2533 tuas
2124 2480 2422 2549 interpone
2466 2484 2673 2548 partes,
2706 2479 2873 2532 corde
2917 2478 3086 2532 simul
3127 2486 3181 2532 et
3222 2496 3318 2533 ore
3366 2480 3602 2534 decanta
3632 2498 3649 2533 :

1953 2552 2139 2606 Gloria
2170 2553 2227 2603 in
2258 2551 2477 2604 emcelsis
2514 2552 2614 2603 Deo
2643 2550 2798 2615 (Luc.
2835 2566 2893 2611 ii,
2932 2550 3039 2615 14).

1953 2622 2178 2675 CAPUT
2206 2621 2435 2674 XLVIII.
2469 2649 2535 2659 ——
2568 2623 2634 2673 De
2654 2620 2948 2686 Magorum
2972 2620 3304 2686 adoratione,
3330 2622 3468 2689 fuga
3496 2620 3647 2676 (Πυθί-

2022 2694 2096 2745 sti
2138 2693 2196 2743 in
2243 2693 2554 2758 digyptum,
2587 2694 2637 2743 et
2683 2690 2747 2742 de
2788 2691 2993 2742 latrone
3042 2690 3115 2743 ad
3158 2693 3362 2746 Christi
3402 2692 3653 2745 dextram

2024 2763 2301 2827 cruci/iro.

2028 2831 2150 2884 Noli
2168 2832 2226 2882 in
2242 2836 2339 2883 tua
2359 2828 2728 2883 meditatione
2750 2829 3045 2899 Magorum
3066 2845 3307 2884 munera
3328 2830 3649 2900 praeterire;

1953 2917 2055 2955 nec
2101 2901 2409 2971 fugientem
2443 2900 2503 2953 in
2542 2902 2844 2969 Algyptum
2878 2901 3286 2971 incomitatum
3317 2899 3575 2971 relinque
3607 2899 3648 2955 ⁸.

1952 2970 2196 3041 Opinare
2237 2987 2434 3024 verum
2484 2987 2603 3023 esse
2649 2971 2803 3041 quod
2833 2970 3059 3036 dicitur,
3091 2987 3222 3024 eum
3269 2988 3300 3024 a
3338 2970 3653 3025 latronibus

1950 3043 2365 3113 deprehensum
2397 3042 2457 3095 in
2486 3041 2686 3113 via,_et
2710 3041 3111 3113 adolescentuli
3132 3042 3439 3113 cujusdam
3471 3042 3645 3096 benc-

1951 3111 2080 3167 ﬁcio
2112 3119 2397 3183 ereptum.
2443 3113 2571 3183 Erat
2600 3111 2669 3178 is,
2702 3117 2763 3165 ut
2791 3112 3007 3177 dicunt,
3054 3111 3330 3181 principis
3361 3113 3652 3183 latronum

1956 3184 2131 3255 ﬁlius,
2161 3182 2259 3255 qui
2308 3182 2499 3255 praeda
2546 3183 2782 3251 potitus,
2834 3198 2980 3255 cum
3012 3184 3311 3255 parvulum
3357 3182 3415 3255 in
3455 3183 3653 3255 matris

1956 3252 2195 3325 gremio'
2221 3252 2609 3325 comperisset,
2664 3258 2821 3306 tanta
2866 3253 2917 3305 ei
2968 3252 3027 3325 in
3075 3253 3194 3323 ejus
3239 3254 3653 3325 speciosissime

1955 3322 2117 3379 vultu
2132 3322 2448 3396 splenddris
2467 3325 2732 3403 majestas
2749 3322 3032 3403 apparuit,
3051 3322 3113 3377 ut
3130 3322 3453 3394 eum'supra
3471 3324 3654 3403 homi-

1955 3412 2086 3450 nem
2118 3395 2236 3450 eSse
2276 3413 2391 3449 non
2424 3395 2739 3465 ambigens,
2771 3395 3112 3447 incalescens
3142 3410 3334 3449 arnore
3366 3397 3653 3466 amplexa-

1954 3472 2045 3521 tus
2075 3468 2146 3520 sit
2180 3484 2332 3521 eum.
2372 3468 2454 3534 Et,
2484 3483 2538 3534 0,
2572 3466 2779 3537 inquit,
2811 3466 3133 3537 beatissime
3158 3467 3530 3537 parvulorum
3558 3468 3568 3520 l
3606 3466 3653 3520 si

1955 3538 2261 3608 aliquando
2302 3554 2359 3590 se
2400 3542 2625 3606 tempus
2651 3535 2938 3608 vobtulerit
2976 3535 3117 3608 milii
3158 3536 3486 3608 miserendi,
3518 3542 3653 3591 tunc

1955 3606 2243 3662 memento
2275 3608 2408 3673 mei,
2434 3612 2488 3659 et
2508 3608 2679 3677 hujus
2701 3606 2974 3677 temporis
2996 3606 3114 3677 noli
3140 3606 3414 3661 oblivisci.
3442 3610 3655 3662 Ferunt

1954 3680 2105 3734 hunc
2134 3695 2254 3733 esse
2299 3676 2600 3742 latronem,
2636 3676 2733 3747 qui
2765 3677 2834 3730 ad
2867 3676 3073 3731 Christi
3105 3677 3397 3731 dexteram
3428 3678 3650 3733 crucifi-

1953 3767 2079 3817 xus,
2103 3766 2231 3803 eum
2255 3750 2497 3802 alterum
2518 3748 3007 3817 blasphemantem
3031 3747 3413 3817 corripuisset,
3434 3749 3648 3816 dicens,

1952 3824 2135 3889 Neque
2166 3826 2223 3873 tu
2254 3822 2403 3873 times
2437 3820 2627 3883 Deum,
2658 3820 2754 3887 qui
2782 3820 2838 3870 in
2868 3818 3051 3871 eadem
3080 3818 3424 3873 damnatione
3451 3835 3502 3873 es
3522 3819 3549 3871 ἱ)
3585 3822 3653 3874 Et

1952 3906 2046 3945 nos
2078 3892 2294 3959 quidem
2316 3890 2501 3957 juste;
2534 3906 2659 3942 nam
2686 3890 2855 3955 digna
2894 3889 3103 3944 damna
3130 3892 3294 3955 factis
3324 3892 3647 3958 recipimus:

1954 3964 2039 4016 hic
2065 3968 2241 4016 autem
2263 3962 2405 4014 nihil
2424 3961 2557 4013 mali
2579 3962 2740 4025 fecit:
2765 3976 3067 4013 conversus
3089 3961 3159 4013 ad
3186 3960 3493 4014 Dominum
3518 3977 3649 4014 eum

1953 4032 2013 4086 in
2045 4032 2141 4086 illa
2171 4049 2299 4102 quae
2326 4032 2384 4084 in
2412 4031 2651 4101 puerulo
2683 4036 3047 4100 apparuerat,
3079 4030 3307 4085 intuens
3334 4032 3647 4100 majestate,

1952 4104 2102 4174 pacti
2133 4104 2219 4156 sui
2251 4119 2365 4155 non
2397 4102 2718 4167 immemor,
2739 4104 3025 4174 elemento,
3049 4102 3257 4174 inquit,
3281 4105 3384 4174 mei
3413 4119 3531 4156 cum
3560 4118 3650 4174 υθέ

1951 4170 2096 4227 neris
2144 4175 2201 4226 in
2245 4189 2468 4241 regnum
2506 4178 2657 4243 tuum
2702 4170 2857 4243 (Luc.
2892 4173 3297 4243 ξχιιιηᾷοοιὶὲ),
3344 4173 3539 4243 Itaque
3578 4173 3649 4243 ad

1952 4244 2303 4298 incentivum
2334 4242 2579 4313 amoris,
2602 4258 2717 4294 non
2760 4242 2962 4313 inutile
2994 4241 3241 4313 arbitror
3274 4242 3377 4295 hac
3407 4241 3492 4296 uti
3522 4242 3647 4313 opi-

1952 4315 2145 4371 nione.
2178 4320 2398 4366 remota
2429 4312 2585 4366 omni
2621 4312 2947 4366 affirmandi
2979 4312 3316 4366 temeritate.

2022 4385 2248 4438 CAPUT
2286 4385 2458 4439 XLIX.
2492 4414 2558 4423 —
2588 4386 2668 4454 De
2697 4384 3136 4451 contemplatione
3167 4384 3371 4440 Christi
3392 4387 3575 4454 pueri.

2022 4457 2303 4509 Praeterea
2348 4454 2567 4508 nihilne
2612 4453 2713 4506 tibi
2764 4453 3054 4507 suavitatis
3106 4454 3351 4507 aestimas
3396 4453 3647 4509 accessu-

1950 4541 2102 4591 rum,
2144 4526 2191 4578 si
2238 4542 2369 4578 eum
2421 4526 2571 4595 apud
2619 4526 2897 4578 Nazareth
2946 4540 3191 4594 puerum
3248 4526 3397 4578 inter
3442 4542 3651 4595 pueros

1951 4596 2394 4667 contempleris?
2440 4596 2485 4649 si
2515 4595 2923 4667 obsequentem
2955 4595 3145 4667 matri,
3174 4595 3220 4647 si
3250 4596 3513 4666 operanti
3540 4612 3647 4650 nu-

1951 4666 2106 4721 tritio
2137 4665 2491 4721 assistentem
2523 4666 2835 4719 intuearis?
2863 4665 3008 4730 Quid
3040 4666 3087 4718 si
3117 4665 3487 4721 duodennum
3520 4684 3648 4721 cum

1950 4738 2282 4808 parentibus
2302 4738 2712 4808 Jerosolymam
2742 4736 3162 4799 ascendentem,
3186 4742 3241 4789 et
3269 4737 3380 4791 illis
3412 4738 3645 4792 redeun-

1952 4807 2103 4863 tibus
2126 4816 2182 4863 et
2204 4808 2587 4863 nescientibus
2608 4807 2665 4860 in
2691 4808 2827 4861 urbe
2852 4812 3243 4860 remanentem
3271 4824 3373 4877 per
3396 4810 3647 4863 triduum

1952 4897 2078 4933 cum
2109 4885 2289 4934 matre
2313 4877 2647 4949 qumsieris?
2669 4879 2710 4933 Ο
2739 4882 2950 4950 quanta
2976 4876 3137 4950 copia
3159 4876 3340 4932 fluent
3360 4880 3646 4950 lacryma',

1952 4897 2078 4933 cum
2109 4896 2289 4934 matre
2313 4896 2646 4949 qumswrisr
2669 4896 2710 4933 υ
2739 4896 2950 5001 quanta
2976 4896 3137 4947 copia
3159 4896 3340 4932 liuent
3360 4896 3646 4950 iacryma',

1950 4967 2082 5004 cum
2140 4950 2387 5004 audieris
2443 4954 2685 5002 matrem
2788 4947 2923 5020 ulci_
2955 4948 3202 5017 quadam
3262 4950 3648 5020 increpatione

1950 5022 2133 5076 tilium
2186 5022 2595 5085 verberantem,
2629 5020 2754 5083 Fili,
2788 5018 2925 5086 quid
2966 5021 3148 5084 fecisti
3183 5021 3336 5075 nobis
3365 5018 3483 5074 sic?
3510 5021 3651 5075 Ecce

1949 5097 2105 5161 pater
2133 5098 2253 5145 tuus
2290 5096 2341 5145 et
2370 5106 2462 5157 ego
2493 5091 2725 5144 dolentes
2756 5090 3122 5159 quarebamus
3154 5096 3202 5143 te
3233 5091 3335 5159 (Id.
3372 5108 3428 5154 ii,
3462 5092 3572 5157 48).

1952 5164 2175 5218 CAPUT
2206 5163 2263 5217 L.
2296 5192 2365 5202 —
2396 5166 2468 5217 De
2492 5162 2915 5215 consideratione
2939 5161 3213 5230 baptismi,
3231 5162 3439 5229 jejunii
3463 5166 3513 5215 et
3535 5168 3646 5216 ten-

2554 5234 2775 5286 tationis
2815 5231 3043 5287 Christi.

2020 5303 2073 5358 Si
2126 5307 2315 5357 autem
2354 5301 2636 5372 virginem
2687 5307 2707 5337 ‘
2753 5301 2835 5372 vis
2888 5302 3049 5371 sequi
3092 5316 3455 5372 quocumque
3498 5302 3644 5370 ierit,

2014 5376 2028 5409 ¹
2060 5373 2209 5436 Apud
2240 5370 2503 5429 Anselm.,
2540 5372 2765 5434 Virginis
2792 5370 2983 5436 ﬁlium:

2011 5437 2031 5470 ³
2056 5432 2205 5498 Apud
2238 5436 2491 5497 Anselm.,
2522 5441 2573 5484 et
2600 5432 3036 5496 oLscuta'genibus.
3066 5432 3137 5481 Ac
3165 5434 3324 5496 paulo
3355 5438 3491 5496 post,
3531 5438 3649 5484 tuas

1949 5499 2231 5561 interpone
2260 5511 2465 5561 preces.

2009 5563 2029 5595 ³
2055 5556 2204 5623 A'pud
2234 5556 2466 5609 Anselm.
2492 5560 2755 5609 sexdecim
2778 5556 2983 5605 circiter
3009 5556 3160 5605 lineas
3182 5558 3267 5609 hic
3292 5558 3390 5606 loci
3418 5558 3649 5625 interpo-

1949 5627 2214 5748 "infinita
2242 5684 2493 5744 Anselm.,
2518 5695 2773 5747 sponsum
2802 5679 3084 5741 virginem.
