3970 6146
153 196 285 249 1469

146 322 258 385 tro,
290 319 803 390 Andreasanctior,
838 318 1057 373 caeteris
1087 318 1354 375 omnibus
1384 319 1667 389 Apostolis
1704 336 1835 390 gra-

145 390 296 462 tior?
320 388 573 459 Speciale
603 389 709 462 hoc
740 389 1079 460 virginitatis
1100 388 1487 461 privilegium,
1520 392 1656 461 quia
1678 388 1835 462 virgo

148 476 210 515 es
237 461 448 514 electus
487 476 521 514 a
543 461 807 526 Domino,
841 465 1149 531 antequam
1182 461 1292 515 ires
1322 478 1453 516 cum
1486 466 1665 516 matre
1696 462 1835 531 dile-

147 536 273 604 ctus
303 533 341 584 ί.
386 533 509 604 Jam
552 532 957 604 misericordia:
988 528 1226 604 exsulta,
1258 533 1440 602 virgo,
1485 533 1682 587 accede
1712 528 1838 604 pro-

148 601 301 674 pius,
333 605 390 655 et
417 602 669 674 aliquam
700 602 802 655 tibi
828 603 996 674 hujus
1026 603 1341 657 dulcedinis
1355 601 1685 674 portionem
1716 601 1838 658 vin-

148 672 351 753 dicere.
370 688 486 725 non
509 672 763 753 differas:
816 673 875 727 Si
904 674 974 727 ad
1006 674 1227 753 potiora
1258 672 1379 753 non
1400 680 1584 753 potes,
1617 675 1840 753 dimitte

147 742 356 797 Joanni
398 748 613 813 pectus,
671 743 767 797 ubi
801 760 932 796 eum
966 742 1162 797 vinum
1194 742 1416 799 lmtitiai
1440 746 1499 799 in
1529 745 1840 798 divinitatis

149 813 476 885 cognitione
504 814 749 868 inebriet
780 831 791 867 :
819 821 878 867 tu
910 830 1143 867 currens
1162 816 1233 869 ad
1255 816 1431 869 ubera
1450 816 1840 884 humanitatis,

152 886 238 955 lac
287 884 564 955 exprime,
621 901 735 955 quo
777 885 1067 939 nutriaris.
1103 887 1253 939 Inter
1300 886 1421 940 haec
1466 886 1845 941 sacratissima

152 954 253 1010 illa
272 954 530 1008 oratione
558 954 867 1025 discipulos
886 956 1294 1010 commendans
1324 957 1478 1011 Patri
1507 957 1842 1023 dixerit,Pa-

154 1032 254 1092 ter,
276 1041 433 1080 serva
456 1041 539 1097 eos
560 1028 619 1079 in
648 1029 856 1080 nomine
889 1033 1010 1094 tuo;
1043 1027 1254 1082 inclina
1282 1031 1444 1081 tuum
1475 1033 1657 1097 caput,
1698 1033 1763 1082 ut
1791 1032 1846 1081 et

152 1103 218 1151 tu
243 1096 511 1150 merearis
537 1096 756 1163 audire,
788 1100 914 1153 Volo
945 1103 1003 1152 ut
1034 1098 1127 1151 ubi
1145 1114 1264 1153 sum
1290 1103 1482 1166 ego,ret
1510 1096 1597 1152 illi
1614 1101 1723 1153 sint
1744 1114 1847 1153 me-

152 1183 277 1223 cum
309 1168 501 1235 (Joan.
532 1184 664 1234 xvu,
703 1171 785 1230 ll,
818 1170 929 1233 24).

191 1239 416 1294 CAPUT
457 1240 609 1292 LVII.
644 1269 712 1277 —
742 1242 813 1293 De
852 1240 1057 1295 Christi
1100 1241 1298 1307 agonia
1326 1242 1383 1294 in
1410 1244 1585 1295 monte
1618 1241 1813 1295 ()liveti

228 1311 560 1381 Bonumest
583 1309 687 1381 tibi
725 1310 815 1363 hic
842 1326 982 1365 esse.
1011 1310 1118 1365 Sed
1147 1311 1472 1365 exeundum
1501 1316 1605 1377 est,
1642 1326 1847 1381 prace-

154 1379 241 1435 dit
269 1379 390 1450 ipse
410 1380 481 1433 ad
511 1380 765 1434 montem
789 1381 1079 1447 Oliveti,tu
1109 1398 1365 1451 sequere.
1387 1384 1451 1436 Et
1478 1382 1610 1436 licet
1637 1379 1849 1435 assum-

154 1456 256 1522 pto
295 1452 460 1506 Petro
490 1456 547 1504 et
573 1452 795 1505 duobus
824 1452 955 1506 ﬁliis
984 1452 1240 1507 Zebedmi
1270 1454 1339 1507 ad
1365 1458 1579 1507 secreta
1609 1468 1848 1507 secesse—

156 1522 261 1588 rit;
286 1523 373 1576 vel
405 1539 435 1575 a
460 1522 630 1594 longe
653 1522 895 1588 intuere,
917 1524 1204 1594 quomodo
1232 1523 1292 1576 in
1314 1540 1372 1577 se
1397 1529 1652 1577 nostram
1672 1527 1852 1577 trans-

156 1594 291 1648 tulit
309 1593 720 1665 necessitatem.
736 1594 874 1647 Vide
888 1595 1177 1664 quomodo
1191 1593 1378 1661 ille,cu
1380 1595 1474 1665 jus
1487 1599 1619 1648 sunt
1636 1594 1848 1661 omnia,

157 1679 365 1735 pavere
395 1663 599 1733 incipit
640 1670 694 1718 et
732 1663 960 1731 taedere,
1014 1667 1207 1719 Tristis
1238 1670 1315 1719 est
1357 1663 1543 1719 anima
1590 1681 1728 1727 mea,
1761 1666 1848 1717 in-

158 1734 383 1860 %uiens,
416 1750 584 1803 usque
615 1736 688 1789 ad
710 1741 933 1815 mortem
965 1738 1177 1816 tMaith.
1214 1752 1359 1816 xav'i,
1384 1736 1493 1805 38).
1534 1736 1690 1816 Unde
1721 1736 1849 1801 hoc,

211 1822 312 1859 eus
342 1809 543 1859 meus?
578 1806 926 1860 Comoateris
956 1807 1098 1860 mihi
1130 1807 1402 1859 exhibens
1430 1807 1746 1860 hominem.
1789 1810 1849 1858 ut

211 1822 312 1859 eus
342 1809 543 1859 meus?
578 1806 926 1875 Compateris
956 1806 1098 1860 mihi
1130 1807 1402 1859 exhibens
1430 1806 1746 1870 hominem,
1789 1810 1854 1858 ut

161 1876 588 1947 quodammodo
610 1876 850 1930 videaris
882 1877 1097 1930 nescire
1118 1877 1271 1946 quod
1295 1878 1437 1929 Deus
1468 1892 1527 1929 es
1564 1892 1576 1929 :
1611 1880 1855 1945 prostra-

160 1946 252 2000 tus
276 1946 337 1999 in
368 1946 567 2000 faciem
598 1963 747 2014 oras,
780 1951 831 2000 et
857 1949 1038 2013 factus
1066 1946 1326 2001 estsudor
1345 1952 1496 2014 tuus,
1524 1948 1661 2000 sicut
1690 1952 1855 2014 guttae

162 2019 444 2085 sanguinis
485 2018 817 2072 decurrentis
866 2020 924 2071 in
964 2023 1165 2072 terram
1209 2019 1353 2087 (Luc.
1396 2033 1529 2081 xxu,
1561 2019 1675 2087 44).
1708 2017 1855 2081 Quid

164 2089 316 2141 stas?
346 2094 657 2149 accurre,et
682 2088 1041 2142 suavissimas
1068 2088 1197 2141 illas
1227 2093 1415 2158 guttas
1442 2088 1714 2153 lambe,et
1732 2088 1855 2156 pul~

164 2174 357 2212 verem
388 2160 600 2228 pedum
630 2159 782 2213 illius
828 2159 998 2230 linge.
1052 2159 1179 2213 Noli
1208 2159 1456 2213 dormire
1502 2175 1633 2212 cum
1664 2161 1856 2217 Petro;

167 2246 239 2283 ne
265 2230 537 2283 merearis
562 2230 780 2295 audire,
818 2232 903 2285 Sic
933 2246 1038 2285 non
1070 2232 1303 2300 potuisti
1332 2246 1442 2284 una
1465 2230 1603 2284 hora
1627 2230 1857 2296 vigilare

166 2316 369 2355 mecum
394 2301 607 2369 (Matth.
637 2318 786 2369 xxvr,
809 2301 941 2369 4Ο)⁶ἲ

400 2373 623 2426 CAPUT
653 2373 831 2426 LVIII.
867 2402 934 2410 —
972 2374 1045 2426 De
1072 2372 1277 2428 Christi
1306 2371 1618 2426 traditione.

238 2442 345 2496 Sed
364 2458 490 2496 ecce
501 2443 623 2512 jam
634 2443 859 2512 prodito
868 2459 985 2496 rem
998 2447 1351 2512 praeeuntem
1372 2442 1680 2513 impiorum
1692 2441 1860 2513 turba

170 2513 557 2584 subsequitur,
602 2519 658 2567 et
688 2514 947 2567 osculum
976 2514 1269 2584 praebente
1297 2512 1461 2576 lude,
1496 2529 1698 2584 manus
1727 2512 1861 2581 inji-

170 2583 329 2637 ciunt
358 2583 417 2637 in
442 2584 745 2638 Dominum
768 2589 952 2646 tuum,
974 2588 1191 2649 tenent,
1217 2583 1412 2653 ligant,
1440 2588 1496 2636 et
1515 2583 1639 2637 illas
1668 2583 1860 2636 dulces

170 2670 376 2708 manus
407 2654 646 2707 vinculis
675 2654 1014 2723 astringunt.
1056 2654 1193 2718 Quis
1222 2653 1401 2707 ferat?
1444 2654 1590 2720 Scio,
1624 2658 1861 2723 occupat

169 2740 326 2779 nunc
341 2740 439 2778 cor
467 2730 629 2778 tuum
660 2725 860 2795 pietas,
887 2724 1079 2778 omnia
1097 2724 1311 2778 viscera
1336 2728 1434 2777 tua
1454 2725 1607 2777 zelus
1639 2723 1860 2795 inﬂamf

170 2800 310 2874 mat.
358 2796 512 2874 Sine,
561 2793 740 2874 rogo,“
770 2796 1022 2874 patiatur
1068 2795 1177 2874 qui
1213 2800 1419 2874 pro‘te
1450 2795 1683 2874 patitur:

170 2870 335 2936 optas
364 2864 659 2936 gladium?
705 2864 849 2929 Quid
880 2864 1179 2936 irasceris?
1209 2864 1357 2936 Quid
1387 2864 1753 2936 indignaris?
1802 2864 1861 2918 Si

167 2934 351 3008 instar
373 2934 532 2992 Petri
570 2937 876 3008 cujuslibet
900 2952 1095 2989 aurem
1124 2934 1449 3008 abscideris,
1485 2935 1531 2987 si
1557 2934 1862 3008 ferrobra-

171 3007 365 3062 chium
397 3005 652 3076 tuleris,'
679 3007 727 3061 si
773 3006 981 3078 pedem
1023 3006 1387 3078 truncaveris,
1435 3005 1557 3078 ipse
1600 3005 1863 3078 restituet

167 3078 552 3204 omnia;b.tqui
607 3075 790 3133 etiam
827 3077 874 3131 si
916 3093 1088 3149 quem
1119 3076 1393 3132 occideris
1434 3077 1646 3148 absque
1689 3075 1862 3130 dubio

168 3155 377 3203 suscita
422 3166 438 3202 1
471 3190 483 3203 .

168 3149 483 3203 suscitabit.

170 3220 399 3276 CAPUT
450 3221 582 3275 LIX.
632 3249 700 3260 —
748 3223 819 3275 De
856 3220 1079 3289 injuriis
1120 3219 1333 3275 Christo
1375 3218 1526 3287 apud
1557 3220 1864 3289 principem

477 3290 814 3345 sacerdotum
846 3297 893 3346 et
924 3291 1074 3360 apud
1101 3292 1339 3346 Pilatum
1368 3291 1559 3344 illatis.

243 3361 489 3432 Sequere
519 3361 707 3432 potius
733 3378 865 3415 eum
912 3378 1093 3432 usque
1123 3361 1194 3415 ad
1229 3362 1439 3415 atrium
1468 3360 1744 3431 principis
1774 3375 1864 3432 sa:-

170 3429 494 3496 cerdotum,
520 3429 599 3486 _et
645 3429 1119 3502 speciosissimam
1150 3432 1273 3502 ejus
1305 3429 1525 3499 faciem,
1575 3447 1747 3502 quam
1780 3429 1864 3483 illi

172 3502 357 3574 sputis
374 3502 624 3563 illinunt,
648 3501 712 3556 tu
732 3503 995 3573 lacrymis
1016 3504 1158 3557 lava.
1178 3501 1404 3557 Intuere
1420 3518 1591 3573 quam
1607 3501 1717 3574 piis
1738 3517 1866 3554 ocu-

171 3572 263 3640 lis,
295 3590 467 3644 quam
501 3574 963 3639 misericorditer,
1008 3590 1181 3644 quam
1224 3572 1527 3628 efﬁcaciter
1564 3572 1729 3626 tertio
1759 3588 1862 3644 ne-

170 3642 405 3715 gantem
435 3644 683 3714 respexit
712 3647 964 3710 Petrum,
996 3642 1225 3714 quando
1265 3645 1362 3697 ille
1388 3659 1691 3698 conversus
1722 3648 1776 3696 et
1802 3642 1863 3696 in

172 3714 234 3770 se
263 3731 520 3769 reversus
555 3715 711 3768 ﬂevit
739 3731 950 3770 amare.
987 3715 1233 3780 Utinam,
1260 3714 1407 3768 bone
1434 3716 1580 3775 Jesu,
1614 3719 1864 3768 tuusme

174 3786 354 3841 dulcis
373 3785 638 3856 respiciat
665 3787 883 3855 oculus,
915 3785 1013 3856 qui
1042 3790 1095 3856 te
1117 3785 1284 3839 toties
1312 3785 1383 3839 ad
1413 3800 1609 3856 vocem
1640 3783 1861 3838 ancillae

174 3856 442 3928 procacis,
470 3855 662 3910 carnis
693 3873 835 3911 mea:
860 3855 1124 3927 pessimis
1154 3856 1422 3928 operibus
1451 3855 1860 3928 affectibusque

174 3926 397 3997 negavi.
427 3927 533 3982 Sed
556 3928 678 3997 jam
705 3926 873 3982 mane
900 3928 1047 3982 facto
1079 3928 1322 3982 traditur
1350 3927 1551 3981 Pilato.
1586 3926 1668 3981 Ibi
1700 3942 1859 3979 accu-

174 4004 351 4070 satur,
387 4002 443 4051 et
487 4003 635 4052 tacet
666 4015 679 4053 :
710 3998 984 4070 quoniam
1030 4004 1288 4068 tanquam
1318 4001 1430 4053 ovis
1455 3998 1529 4052 ad
1557 3999 1864 4052 occisionem

175 4069 415 4135 ducitur,
444 4073 493 4122 et
523 4072 662 4124 sicut
691 4069 865 4139 agnus
899 4086 1077 4124 coram
1106 4071 1355 4125 tondente
1391 4085 1462 4132 se,
1495 4071 1572 4123 sic
1600 4084 1706 4122 non
1730 4083 1865 4139 ape-

172 4142 285 4193 ruit
313 4154 369 4193 os
390 4154 547 4194 suum
576 4138 740 4209 (Isai.
780 4158 894 4209 Lm,
924 4146 989 4206 7;
1011 4141 1133 4194 Act.
1166 4157 1279 4202 vui,
1318 4142 1421 4207 32).
1454 4138 1611 4204 Vide,
1637 4138 1863 4209 attende

175 4210 465 4291 quomodo
497 4208 1113 4291 stat‘anteprie‘sidem,
1145 4210 1417 4264 inclinato
1447 4208 1865 4291 capite,demis:

173 4279 250 4336 sis
281 4281 478 4348 oculis,
527 4281 687 4336 vultu
735 4279 976 4353 placido,
1026 4297 1290 4353 sermone
1334 4296 1485 4353 raro,
1516 4284 1759 4353 paratus
1790 4279 1863 4332 ad

175 4353 505 4425 opprobria,
528 4350 827 4424 promptus
857 4353 1029 4407 etiam
1048 4352 1125 4425 ad
1159 4351 1411 4425 verbera.
1444 4350 1586 4425 Scio,
1616 4365 1731 4403 non
1760 4366 1862 4425 po-

173 4421 266 4477 tes
288 4421 848 4486 ulterius—sustinere,
893 4439 995 4477 nec
1033 4421 1424 4477 dulcissimum
1463 4421 1698 4475 dorsum
1741 4421 1863 4490 ejus

173 4493 413 4564 ﬂagellis
444 4494 628 4561 atteri,
672 4510 773 4547 nec
803 4494 1007 4547 faciem
1042 4493 1220 4564 alapis
1251 4493 1419 4564 caedi,
1448 4508 1552 4545 nec
1583 4507 1860 4545 veneran-

174 4562 311 4617 dum
341 4564 483 4618 illud
523 4570 693 4635 caput
721 4564 898 4634 spinis
928 4562 1229 4635 coronari,
1251 4579 1367 4635 nec,
1390 4562 1701 4635 dexteram,
1735 4578 1861 4635 qua:

174 4635 381 4689 ccelum
411 4640 467 4687 et
486 4631 695 4689 terram
726 4631 1000 4699 continet,
1034 4633 1309 4687 arundine
1341 4631 1727 4699 dehonestari,
1750 4631 1862 4685 tuis

174 4704 351 4757 oculis
374 4705 623 4775 aspicere
653 4706 888 4773 poteris.
925 4706 1057 4759 Ecce
1088 4704 1345 4758 educitur
1367 4704 1701 4775 ﬂagellatus,
1734 4719 1861 4773 por-

173 4774 586 4854 gens-spineam
631 4791 921 4854 corqnam,
954 4780 1010 4828 et
1050 4791 1405 4854 purpureum
1436 4774 1857 4854 vestimentum.

175 4844 241 4897 Et
264 4844 401 4899 dicit
439 4846 675 4909 Pilatus,
727 4849 857 4900 Ecce
901 4844 1065 4899 homo
1096 4846 1282 4913 (Joan.
1318 4863 1429 4909 χιχ,
1466 4847 1520 4914 5)
1552 4861 1564 4898 :
1595 4860 1724 4898 vere
1754 4845 1859 4899 ho-

174 4929 268 4969 mo
291 4920 396 4988 est,
426 4915 554 4987 quis
584 4916 838 4988 dubitet?
867 4918 1057 4970 Testes
1082 4922 1215 4970 sunt
1244 4918 1426 4988 plagae
1455 4916 1766 4985 virgarum,
1800 4915 1863 4968 li-

170 5001 269 5039 vor
296 4987 574 5048 ulcerum,
610 4987 831 5040 fmditas
861 4993 1178 5056 sputorum.
1207 4989 1331 5042 lam
1368 5003 1519 5041 nunc
1560 5001 1857 5056 cognosco,

169 5056 394 5129 Zabule,
428 5057 562 5129 quia
610 5066 692 5129 est
735 5058 928 5111 homo.
982 5059 1120 5129 Vere
1152 5059 1323 5112 homo
1366 5062 1466 5129 est,
1510 5057 1721 5129 inquis.
1754 5056 1860 5110 Sed

169 5127 307 5197 quid
338 5127 462 5192 est;
486 5128 641 5199 quod
670 5128 730 5181 in
760 5134 843 5182 tot
879 5128 1105 5198 injuriis
1137 5144 1257 5182 non
1285 5128 1548 5199 irascitur
1577 5133 1643 5199 ut
1664 5127 1856 5191 homo,

168 5213 291 5253 non
318 5198 578 5253 movetur
603 5206 665 5253 ut
690 5200 885 5265 homo,
914 5215 1028 5253 non
1057 5199 1171 5253 suis
1201 5199 1509 5253 tortoribus
1530 5198 1862 5268 indignatur

171 5273 242 5341 ut
263 5269 474 5341 homo?
505 5272 647 5340 Ergo
674 5270 802 5340 plus
830 5276 914 5323 est
944 5286 1116 5341 quam
1137 5270 1330 5323 homo.
1359 5270 1463 5341 Sed
1499 5270 1627 5340 quis
1647 5285 1860 5341 cogno-

171 5286 233 5322 ιιι
263 5286 473 5323 nomo:
506 5286 647 5340 ergo
674 5286 802 5340 pius
830 5286 914 5323 est
944 5286 1116 5341 quam
1138 5286 1330 5323 nomo.
1359 5286 1463 5324 Seu
1499 5286 1627 5340 quis
1647 5286 1711 5322 co
1760 5286 1860 5322 no-

170 5339 496 5420 scitillum?
528 5341 900 5420 Cognoscitur
928 5341 1281 5420 certehhomo
1309 5340 1622 5420 impiorum
1650 5286 1862 5420 judicia

169 5410 454 5465 sustinens
487 5428 499 5465 :
544 5410 641 5465 sed
671 5416 1048 5479 cognoscetur
1080 5412 1226 5464 Deus
1248 5411 1526 5478 judicium
1557 5410 1787 5463 faciens.

170 5482 395 5537 CAPUT
428 5484 528 5537 LX.
562 5513 629 5524 —
673 5483 753 5535 De
776 5484 1038 5607 passiogzel
1052 5483 1284 5566 Christi,
1320 5486 1373 5536 et
1400 5482 1704 5551 deceptione
1732 5481 1861 5534 diuo

988 5568 1016 5606 o
1041 5570 1079 5606 ι.

988 5568 1079 5606 οη.

239 5624 374 5679 Sero
400 5623 1104 5691 animadvertisti,Zabule.
1129 5622 1274 5688 Quid
1303 5622 1407 5678 tibi
1437 5639 1539 5695 per
1560 5621 1862 5678 mulierem

234 5705 247 5738 ¹
276 5703 427 5768 Apud
447 5705 700 5765 Anselm.,
730 5705 889 5768 atque
912 5703 1056 5757 inter
1082 5705 1296 5756 caeteros
1325 5704 1501 5766 magis
1530 5702 1783 5756 dilectus.

1530 197 1625 252 DE
1664 197 1837 255 VITA
1874 198 2292 263 EREMITICA.

3516 201 3650 255 14⁵70

1945 321 2131 375 visum
2160 325 2245 375 est
2261 336 2465 392 agere,
2487 323 2551 392 ut
2579 319 2937 392 dimittatur?
2966 320 3143 374 Tarde
3174 320 3397 392 locutus
3430 337 3506 374 es.
3528 321 3638 392 Se-

1947 392 2041 446 det
2063 408 2166 462 pro
2198 390 2473 445 tribunali
2505 391 2682 460 judex
2714 407 2726 445 :
2768 392 2989 461 prolata
3032 396 3116 445 est
3156 390 3440 445 sententia
3473 408 3485 444 :
3514 391 3638 461 jam

1945 467 2136 533 portat
2166 463 2457 534 propriam
2488 478 2746 528 crucem;
2782 462 3009 516 ducitur
3038 462 3105 515 ad
3139 468 3400 515 mortem.
3437 464 3479 517 Ο
3512 479 3637 531 spe-

1947 533 2257 588 ctaculum!
2295 533 2573 587 Videsne?
2621 535 2751 587 Ecce
2773 535 3119 601 principatus
3162 549 3322 601 super
3360 535 3641 587 humerum

1947 606 2063 673 ejus
2093 604 2242 674 (Isai.
2280 603 2371 671 ix,
2390 607 2461 671 6).
2508 605 2631 657 Haec
2661 608 2745 657 est
2768 604 2927 674 virga
2953 603 3255 674 aequitatis,
3291 604 3449 673 virga
3478 604 3639 674 regni

1948 676 2055 729 sui.
2093 673 2265 728 Datur
2294 675 2345 728 ei
2376 676 2571 728 vinum
2605 674 2736 728 felle
2767 673 3037 727 miirtum.’
3072 675 3302 727 Exuitur
3334 673 3636 727 vestimen-

1948 746 2020 801 tis
2047 746 2182 810 suis,
2215 751 2273 800 et
2300 746 2448 799 inter
2477 745 2681 799 milites
2724 745 3070 799 dividuntur.
3104 744 3314 798 Tunica
3344 760 3460 797 non
3491 749 3635 797 scin-

1949 817 2103 871 ditur
2137 833 2149 870 :
2181 817 2277 871 sed
2307 820 2456 870 sorte
2489 816 2691 869 transit
2722 815 2790 868 ad
2828 832 3023 868 unum.
3063 816 3259 867 Dulces
3285 831 3487 868 manus
3517 815 3639 885 ejus

1951 895 2009 942 et
2036 888 2208 958 pedes
2238 888 2406 941 clavis
2426 888 2808 956 perferantur,
2834 892 2888 940 et
2917 894 3180 940 extensus
3210 886 3269 938 in
3300 902 3463 939 cruce
3489 884 3641 939 inter

1952 959 2204 1013 latrones
2228 958 2612 1028 suspenditur.

2227 1029 2449 1083 CAPUT
2491 1029 2619 1083 LXI.
2646 1057 2710 1068 —
2744 1029 2825 1081 De
2863 1028 3071 1083 Christo
3113 1030 3170 1080 in
3199 1042 3372 1081 cruce.

2023 1099 2295 1155 Mediator
2344 1098 2445 1153 Dei
2477 1104 2531 1153 et
2563 1098 2879 1163 hominum,
2921 1099 3071 1152 inter
3103 1098 3307 1151 castum
3348 1102 3403 1149 et
3430 1099 3642 1151 terram

1954 1170 2174 1225 medius
2204 1170 2479 1241 pendens,
2512 1170 2626 1224 ima
2655 1169 2873 1240 superis
2910 1170 3053 1233 unit,
3088 1174 3144 1222 et
3176 1168 3497 1241 coelestibus
3528 1172 3643 1241 ter:

1953 1258 2092 1296 rena
2122 1237 2437 1311 conjungit.
2459 1241 2657 1312 Stupet
2685 1237 2909 1312 caelum,
2953 1244 3008 1293 et
3047 1246 3201 1293 terra
3224 1238 3463 1312 miratur
3477 1237 3647 1312 ;_quid

1954 1316 2058 1367 tu?
2091 1307 2452 1366 Non'mir'um
2483 1311 2530 1364 si
2561 1307 2679 1365 sole
2704 1311 3055 1372 contristato,
3090 1315 3149 1363 tu
3179 1307 3567 1375 contristaris;
3602 1307 3647 1361 si

1955 1388 2107 1437 terra
2148 1382 2527 1447 tremiscente,
2575 1386 2641 1435 tu
2685 1380 3099 1445 contremiscis;
3134 1380 3203 1433 'si
3249 1379 3432 1433 scissis
3476 1378 3645 1445 saxis,

1958 1470 2057 1508 cor
2081 1458 2243 1507 tuum
2269 1453 2576 1519 scinditur;
2600 1452 2647 1505 si
2666 1452 2935 1506 ﬂentibus
2951 1452 3114 1520 juxta
3134 1467 3359 1504 crucem
3386 1450 3645 1503 mulieri-

1959 1525 2085 1589 bus,
2113 1529 2176 1577 tu
2205 1524 2645 1594 collacrymaris.

1998 1595 2219 1650 CAPUT
2252 1595 2405 1648 LXII.
2435 1623 2503 1633 —-
2532 1597 2606 1648 De
2642 1595 2783 1646 mira
2816 1593 3021 1647 Christi
3042 1594 3311 1661 patientia
3350 1594 3408 1645 in
3436 1606 3606 1645 cruce.

2032 1667 2242 1719 Verum
2273 1664 2332 1718 in
2355 1664 2442 1718 his
2463 1663 2729 1717 omnibus
2759 1664 3053 1716 considera
3084 1662 3225 1715 illud
3258 1661 3647 1714 dulcissimum

1960 1740 2359 1806 pectus,quam
2390 1733 3214 1806 tranquillitatemservaverit,
3238 1749 3407 1802 quam
3436 1732 3649 1785 habue-

1960 1804 2035 1860 rit
2056 1804 2343 1877 pietatem.
2370 1807 2493 1859 Non
2515 1821 2674 1877 suam
2692 1804 2937 1877 attendit
2955 1804 3246 1877 inju_ria_m_,
3265 1819 3395 1877 non
3420 1818 3653 1877 pcenam

1962 1873 2209 1946 rep—utet,
2256 1892 2372 1930 non
2417 1876 2585 1928 sentit
2631 1874 3023 1946 contumelias.
3068 1874 3181 1946 Sed
3220 1873 3330 1926 illis
3374 1873 3566 1946 potius
3622 1889 3655 1925 a

1962 1944 2168 2018 quibus
2198 1947 2553 2018 patitur,iille
2582 1945 2960 2015 compatitur;
3003 1962 3030 1997 a
3053 1944 3273 2018 quibus
3294 1944 3649 2018 vulneratur,

1962 2013 2058 2073 ille
2086 2013 2374 2083 medetur;
2402 2016 2574 2070 vitam
2592 2013 2875 2087 procurat,
2907 2031 2940 2068 a
2968 2014 3174 2087 quibus
3192 2013 3485 2087 occiditur.
3511 2014 3653 2087 Cum

1963 2106 2077 2160 qua
2106 2089 2312 2142 mentis
2341 2084 2825 2160 dulcedine,_cum
2854 2103 2965 2160 qua
2985 2084 3225 2160 spiritus
3256 2084 3654 2160 devotione,__i_n

1965 2156 2077 2230 qua
2106 2158 2391 2213 charitatis
2415 2158 2797 2229 plenitudine,
2828 2158 3054 2222 clamat,
3084 2159 3260 2221 Pater,
3301 2159 3511 2223 ignosce
3541 2156 3653 2209 illis

1966 2232 2116 2301 (Luc.
2150 2247 2304 2291 xxiii,
2338 2232 2421 2296 34)
2447 2238 2455 2283 I

2132 2302 2311 2356 CAUT
2356 2300 2510 2354 LXII.
2542 2329 2611 2340 —
2656 2301 2821 2365 Virgo
2851 2300 3077 2367 propior
3100 2298 3285 2351 adstat
3317 2299 3482 2350 cruci.

2038 2372 2174 2426 Ecce
2205 2387 2332 2440 ego,
2364 2369 2626 2435 Domine,
2657 2374 2769 2423 tuae
2793 2366 3101 2440 majestatis
3124 2369 3408 2434 adorator,
3428 2382 3546 2420 non
3568 2366 3655 2421 tui

1966 2442 2217 2513 corporis
2248 2439 2616 2513 interfector;
2650 2445 2763 2513 tuae
2801 2439 3009 2513 mortis
3032 2443 3511 2513 venerator,_non
3542 2442 3656 2492 tua;

1966 2508 2241 2593 passionis
2262 2511 2488 2591 irrisor;
2523 2516 2634 2565 tuae
2667 2509 3066 2593 misericordiae
3099 2508 3657 2593 contemplatoruion

1968 2580 2318 2658 infirmitatis
2344 2587 2718 2658 contemptor.
2743 2580 3092 2658 Int_erpellet._
3100 2580 3290 2658 itaque
3314 2595 3416 2658 pro
3442 2595 3544 2658 uie
3560 2582 3661 2658 tua

1968 2654 2146 2708 dulcis
2166 2652 2517 2720 humanitas,
2543 2649 2914 2704 commendet?
2935 2666 3026 2702 me
3058 2649 3208 2703 Patri
3232 2654 3327 2702 tua
3358 2649 3660 2703 inel‘fabilis

1967 2725 2171 2794 pietas.
2214 2722 2311 2776 Dic
2341 2737 2499 2794 ergo,
2525 2722 2703 2775 dulcis
2737 2720 2995 2794 Domiue,
3015 2722 3218 2794 Pater,
3233 2722 3424 2794 ignoce
3448 2720 3555 2794 iiii.
3588 2723 3663 2773 At

1971 2788 2057 2861 tu,
2080 2793 2259 2864 virgo,
2278 2791 2369 2845 cui
2382 2788 2571 2864 major
2600 2799 2684 2845 est
2704 2790 2857 2864 apud
2878 2789 3122 2859 Virginis
3144 2788 3347 2843 Filium
3369 2790 3660 2864 conﬁden-

1969 2859 2051 2942 tia
2081 2859 2767 2942 quammulic‘ribuaqua:
2799 2862 2967 2942 longe
2998 2864 3301 2942 stant,cum
3336 2866 3515 2942 matre
3545 2859 3657 2942 vir-

1971 2930 2117 3005 gine
2135 2938 2192 2988 et
2222 2933 2501 3003 discipulo
2533 2930 2982 3005 virgineaccede
3006 2931 3073 2984 ad
3100 2946 3347 3005 crucem,
3380 2935 3437 2984 et
3465 2930 3658 3005 pe_rl‘_u-

1972 3001 2347 3081 sumpallore
2367 3001 2889 3081 vultum‘cominus
2919 3002 3164 3081 intuere.
3198 3001 3342 3065 Quid
3376 3003 3553 3081 ergo?
3578 3002 3658 3081 Tu

1973 3076 2094 3129 sine
2112 3070 2396 3145 lacrymis,
2412 3074 2819 3129 amantissimas
2840 3072 3089 3127 dominae
3110 3073 3386 3145 lacrymas
3410 3070 3660 3145 videbis?

1970 3148 2053 3202 Tu
2082 3141 2243 3200 siccis
2289 3146 2465 3200 oculis
2500 3162 2715 3211 manes,
2766 3149 2823 3198 et
2869 3145 2990 3213 ejus
3040 3142 3291 3196 animam
3330 3141 3662 3212 pertransiit

1972 3217 2193 3289 gladius
2223 3216 2472 3271 doloris?
2499 3218 2579 3271 Tu
2599 3216 2720 3269 sine
2739 3215 2983 3289 singultu
3014 3214 3517 3289 audiesrdicentem
3543 3229 3658 3266 ma-

1973 3286 2047 3342 tri
2080 3305 2093 3342 :
2118 3291 2332 3354 Mulier,
2360 3304 2467 3342 ecce
2493 3290 2638 3357 ﬁlius
2667 3292 2818 3353 tuus;
2852 3292 2907 3339 et
2923 3286 3127 3339 Joanni
3158 3301 3171 3338 :
3205 3288 3336 3339 Ecce
3364 3290 3537 3339 mater
3568 3289 3662 3357 tua

1974 3360 2161 3430 (Joan.
2210 3377 2317 3427 XIX,
2352 3362 2438 3425 ‘26,
2470 3355 2555 3423 2‘7)
2581 3360 2780 3430 ?Cum
2821 3358 3098 3430 discipulo
3133 3362 3374 3410 matrem
3405 3355 3662 3409 commit-

1972 3428 2138 3497 teret,
2188 3429 2395 3484 latroni
2436 3429 2761 3500 paradisum
2810 3428 3201 3498 promitteret;
3238 3432 3372 3479 tunc
3415 3442 3553 3480 unus
3596 3442 3663 3479 ea:

1973 3502 2235 3556 militibus
2267 3503 2452 3555 lancea
2481 3502 2624 3554 latus
2654 3502 2769 3567 ejus
2809 3502 3045 3569 aperuit,
3086 3504 3135 3552 et
3163 3500 3330 3569 etrivit
3360 3500 3597 3569 sanguis
3612 3501 3663 3550 et

1974 3588 2121 3640 aqua
2151 3572 2319 3641 (Ibid.
2365 3574 2471 3634 34).
2518 3571 2766 3639 Festina,
2806 3567 2878 3624 ne
2932 3568 3263 3632 tardaveris,
3316 3568 3546 3641 comede
3578 3567 3660 3620 fa-

1972 3639 2108 3696 vum
2128 3639 2257 3696 cum
2291 3643 2458 3697 melle
2486 3646 2604 3695 tuo.
2636 3641 2767 3695 Bibe
2798 3640 2993 3693 vinum
3016 3645 3178 3693 tuum
3208 3654 3337 3691 cum
3368 3639 3508 3691 lacte
3539 3643 3659 3692 tuo.

1973 3713 2216 3785 Sanguis
2244 3714 2350 3767 tibi
2396 3712 2454 3766 in
2498 3713 2698 3765 vinum
2730 3711 2991 3785 vertitur,
3024 3716 3087 3764 ut
3116 3708 3451 3785 inebriaris;
3487 3709 3547 3761 in
3576 3709 3663 3785 lac

1974 3779 2122 3855 aqua
2176 3788 2451 3855 mutatur,
2485 3780 2880 3855 utnutriaris.
2917 3783 3079 3835 Facta
3115 3785 3248 3855 sunt
3274 3779 3377 3833 tibi
3417 3779 3471 3855 in
3506 3784 3663 3850 petra

1971 3851 2297 3919 ﬂumina,in
2330 3853 2604 3908 membris
2633 3854 2755 3924 ejus
2785 3853 3037 3918 vulnera,
3071 3856 3127 3905 et
3155 3851 3223 3924 ius
3248 3851 3495 3924 maceria
3533 3866 3653 3924 cor-

1972 3925 2127 3997 poris
2170 3925 2291 3995 ejus
2322 3941 2581 3997 caverna,
2614 3921 2676 3997 ιιι
2704 3923 2911 3995 quibus
2942 3924 3120 3997 instar
3147 3922 3421 3997 col_umb_ae
3454 3921 3660 3997 latitas,

1972 3992 2028 4050 at
2069 3992 2416 4051 deoscularis
2445 3996 2689 4066 singula.
2720 3992 2814 4048 Ἐκ
2864 3994 3139 4066 sanguine
3189 3994 3310 4063 ejus
3354 3993 3493 4066 fiant
3520 3992 3664 4046 sicut

1971 4068 2111 4122 vitta
2137 4066 2397 4121 coccinea
2426 4064 2575 4120 labia
2604 4072 2722 4132 tua,
2750 4072 2802 4120 et
2833 4064 3126 4136 eloquium
3159 4068 3322 4118 tuum
3355 4064 3535 4117 dulce.

2324 4138 2548 4192 CAPUT
2602 4138 2775 4191 LXIV.
2805 4165 2874 4175 —
2905 4138 2976 4190 De
3006 4136 3305 4189 decurione.

2042 4207 2152 4263 Sed
2180 4208 2366 4263 adhuc
2415 4211 2677 4277 exspecta
2714 4206 2894 4260 donec
2941 4205 3146 4259 nobilis
3176 4206 3272 4277 ille
3302 4202 3663 4277 decuriouve-

1973 4278 2158 4346 niens,
2190 4278 2451 4333 extractis
2477 4272 2644 4332 clavis
2668 4293 2872 4331 manus
2904 4276 3189 4346 pedesque
3220 4274 3509 4346 dissolvat.
3531 4272 3662 4326 Vide

1973 4344 2260 4421 quomodo
2288 4349 2626 4421 felicissimis
2654 4344 3126 4421 brachiiscorpus
3156 4344 3574 4421 compiectitur,
3599 4360 3664 4396 ac

1974 4416 2076 4474 suo
2123 4419 2388 4490 astringit
2416 4420 2648 4490 pectori.
2681 4420 2836 4474 Tuuc
2868 4418 3052 4490 dicere
3082 4416 3272 4487 potuit
3296 4416 3378 4469 vir
3406 4416 3509 4490 ille
3533 4431 3659 4490 san-

1972 4490 2255 4545 ctissimus
2287 4487 2655 4545 {Fasciculus
2704 4491 2958 4557 myrrhae,
2989 4488 3213 4542 dilectus
3241 4502 3385 4540 meus
3414 4487 3549 4539 mihi
3575 4488 3661 4538 in-

1975 4568 2053 4616 ter
2082 4563 2249 4616 ubera
2293 4563 2710 4617 commorabitur
2738 4561 2912 4615 (Cant.
2948 4577 2985 4622 ι,
3024 4562 3133 4625 l2).
3171 4559 3417 4627 Sequere
3448 4562 3509 4610 tu
3543 4571 3664 4626 pre-

1972 4632 2346 4687 tiosissimum
2389 4633 2551 4687 illum
2581 4631 2706 4685 coeli
2737 4636 3018 4700 terraeque
3058 4631 3409 4693 thesaurum,
3444 4628 3531 4700 vel
3565 4643 3662 4697 pe-

1971 4704 2069 4758 des
2100 4709 2290 4773 porta;
2343 4705 2428 4757 vel
2459 4718 2662 4756 manus
2694 4699 3038 4773 brachiaque
3070 4704 3358 4773 sustenta;
3390 4699 3479 4773 vel
3513 4703 3663 4773 certe

1972 4769 2287 4828 deﬂuentes
2328 4773 2656 4827 minutatim
2703 4769 3097 4842 pretiosissimi
3139 4769 3434 4842 sanguinis
3487 4769 3664 4842 stillas

1972 4846 2250 4899 curiosius
2270 4844 2557 4913 collige,et
2576 4840 2790 4912 pedum
2814 4842 2966 4895 illius
2988 4843 3278 4913 pulverem
3304 4840 3664 4911 linge.Cerne

1971 4920 2249 4986 praeterea
2273 4911 2430 4985 quod
2453 4911 2692 4968 dulciter
2716 4911 3077 4986 beatissimus
3108 4911 3446 4986 Nicodemus
3479 4926 3663 4986 sacra-

1971 4980 2190 5040 tissima
2216 4980 2338 5055 ejus
2370 4986 2605 5039 vulnera
2626 4984 2889 5038 tractavit
2918 4983 3132 5055 digitis,
3162 4983 3301 5037 fovit
3333 4980 3660 5055 unguentis,

1972 5062 2028 5111 et
2056 5073 2185 5111 cum
2232 5050 2426 5110 sancto
2468 5056 2680 5127 Ioseph
2720 5054 2957 5109 involvit
2984 5050 3247 5120 sindone,
3280 5050 3576 5106 collocavit
3605 5050 3665 5105 in

1972 5129 2253 5198 sepulcro.

2008 5193 2228 5253 CAPUT
2276 5198 2422 5252 LXV.
2459 5227 2527 5238 —
2564 5200 2639 5251 De
2666 5197 2993 5263 Magdalena
3020 5197 3322 5265 sepulcrum
3351 5193 3623 5246 visitante.

2043 5269 2167 5323 Noli
2206 5272 2481 5339 praeterea
2511 5262 2853 5337 Magdalenaa
2877 5262 3136 5339 deserere
3150 5264 3490 5339 comitatum
3524 5279 3536 5315 :
3565 5262 3663 5339 sed

1969 5340 2180 5410 paratis
2202 5332 2570 5405 aromatibus,
2591 5332 2718 5392 dum
2744 5355 2808 5392 ea
2832 5336 3058 5410 Domini
3080 5336 3163 5410 tui
3186 5336 3510 5410 sepulcrum
3536 5332 3663 5410 Vvisi~

1972 5404 2091 5464 tare
2138 5415 2444 5464 memento.
2491 5404 2629 5464 Orsi
2673 5410 2821 5480 quod
2875 5409 2975 5462 illa
3004 5406 3201 5480 oculis,
3248 5411 3309 5458 tu
3353 5405 3411 5480 in
3460 5404 3664 5480 spiritu

1971 5497 2204 5534 cernere
2249 5481 2540 5547 merearis,
2571 5474 2722 5534 nunc
2752 5495 2924 5542 super
2960 5477 3207 5546 lapidem
3242 5476 3561 5547 revolutum
3592 5474 3661 5527 ab

1971 5552 2114 5606 ostio
2146 5552 2507 5606 monumenti
2527 5546 2807 5621 angelum
2828 5548 3353 5621 residentemmunc
3376 5546 3525 5599 intra
3548 5561 3663 5598 mo-

1971 5622 2313 5676 numentum
2339 5639 2521 5677 unum
2559 5618 2848 5692 ad'caput,
2882 5620 3059 5692 alium
3096 5619 3167 5673 ad
3197 5618 3371 5692 pedes
3400 5632 3661 5692 resurre-

1969 5693 2170 5749 ctionis
2182 5694 2423 5766 gloriam
2440 5686 2995 5767 praedicantesmunc
3016 5686 3215 5762 ipsum
3222 5690 3248 5745 J
3255 5705 3417 5745 esum
3430 5686 3662 5743 Mariam
