4014 6164
349 218 479 272 1471

344 339 600 405 ﬂentem,
631 341 688 392 et
713 335 936 391 tristem
964 337 1082 389 tam
1109 332 1260 387 dulci
1289 330 1688 405 respicientem
1717 331 1904 405 ocu_lo_,
1926 333 2044 405 tam

345 409 504 464 suavi
542 401 677 462 voce
726 407 1032 471 dicentem,
1078 407 1276 459 Maria.
1325 402 1468 466 Quid
1501 403 1606 456 hac
1630 418 1766 455 voce
1798 401 2041 466 dulcius,

349 480 490 552 quid
519 479 768 546 suavius,
799 477 933 548 quid
959 475 1286 552 jucundius,
1324 472 2044 552 Maria?_B_umpuntur.a_d

349 543 497 607 hanc
518 566 714 604 vocem
738 543 940 602 omnes
961 543 1159 615 capitis
1181 549 1493 610 cataractae,
1523 543 1590 597 ab
1618 543 1756 614 ipsis
1781 543 2044 615 medullis

351 621 658 676 eliciuntur
687 621 973 689 lacrymae,
1008 613 1294 689 singultus
1339 619 1510 689 etque
1541 613 1785 689 suspiria
1814 613 2046 689 abimis

351 693 660 746 trahuntur
701 685 1030 743 visceribus.
1075 688 1284 740 Maria.
1337 685 1380 739 Ο
1415 685 1604 738 beata!
1641 685 1777 756 quid
1808 685 1910 738 tibi
1941 701 2044 754 pro

353 762 572 817 meritis
600 761 726 827 fuit,
759 758 898 830 quid
918 757 1128 830 animi,
1165 772 1294 808 cum
1326 755 1393 809 ad
1425 756 1570 830 hanc
1602 755 1792 830 vocem
1825 762 1878 808 te
1908 771 2043 824 pro-

350 837 651 895 sterneres,
720 827 794 882 δι’
836 829 1080 882 reddens
1128 843 1326 880 vocem
1374 827 1641 879 salutanti
1688 827 2044 894 inclamares,

351 903 642 957 Babboni?
671 901 814 965 Quo,
845 915 1009 968 rogo,
1043 898 1269 964 affectu,
1311 913 1425 966 quo
1456 897 1757 962 desiderio,
1790 896 2044 968 ementis-

353 990 464 1044 que
494 972 693 1025 ardore
725 967 1000 1044 clamasti,
1049 969 1332 1024 Rabboni?
1364 969 1504 1021 Nam
1552 969 1719 1044 plura
1745 967 1943 1044 dicere
1964 968 2044 1021 la-

353 1038 564 1112 crymae
634 1041 964 1112 prohibent,
1035 1055 1416 1112 cum_vocem
1474 1038 2044 1112 occludateffectus,

352 1108 664 1191 omnesque
709 1111 922 1191 animas
949 1110 1340 1191 ‘corporisque
1379 1125 1598 1174 sensus,
1631 1109 1843 1189 nimius
1875 1108 2048 1190 ardor

353 1179 672 1239 absorbéat.
707 1182 834 1247 Sed,
868 1198 901 1235 o
933 1179 1113 1234 dulcis
1140 1182 1293 1246 Jesu,
1326 1197 1426 1234 cur
1473 1196 1505 1232 a
1553 1179 1944 1234 sacratissimis
1983 1195 2048 1232 ac

352 1253 855 1322 desideratissimis
895 1252 1138 1322 pedibus
1184 1251 1295 1322 tuis
1339 1251 1418 1304 sic
1461 1267 1616 1304 arces
1647 1251 1974 1304 amantem?
2003 1250 2046 1304 Ο

353 1325 591 1380 verbum
623 1321 858 1378 duruml
897 1321 1054 1388 ’Noli,
1095 1321 1301 1392 inquit,
1350 1337 1432 1375 me
1471 1327 1689 1388 tangere
1734 1324 2044 1392 (Joan.xx,

358 1399 438 1464 16,
475 1396 583 1464 l7).
616 1394 847 1464 thuid,
882 1391 1372 1456 Domine?Quare
1395 1408 1512 1464 non
1541 1398 1775 1462 tangam
1826 1391 2049 1464 deside-

350 1462 477 1521 rata
504 1462 604 1520 illa
629 1462 868 1533 vestigia
896 1468 996 1517 tua
1027 1480 1128 1533 pro
1159 1479 1248 1516 me
1279 1463 1569 1532 perforata
1598 1464 1789 1530 clavxs,
1820 1462 2050 1533 perfusa

353 1536 671 1607 sanguine?
696 1532 820 1607 Non
837 1532 1216 1607 tangam,_non
1229 1533 1640 1607 deosculabor?
1661 1537 1744 1587 An
1767 1532 2050 1587 inimicior

354 1624 414 1660 es
443 1603 532 1671 evo,
569 1606 705 1677 quia
725 1604 1062 1675 gloriosior?
1095 1605 1253 1677 Ecce,
1285 1620 1400 1677 non
1429 1603 1711 1657 dimittam
1735 1609 2050 1677 te,non_‘re-

354 1678 553 1732 cedam
581 1674 614 1730 ἐι
640 1682 715 1742 te,
734 1674 862 1728 non
894 1691 1120 1745 parcam
1153 1675 1435 1743 lacrymis,
1464 1680 1663 1742 pectus
1702 1674 2049 1744 singultibus

354 1747 1079 1817 suspiriisquerumpetur,
1108 1745 1216 1797 nisi
1245 1748 1498 1817 tangam.
1536 1746 1601 1817 Et
1629 1745 1724 1817 ille
1754 1761 1767 1798 :
1803 1746 1930 1817 Noli
1970 1759 2052 1798 me

356 1815 594 1887 tangere.
630 1816 752 1871 Noli
796 1816 1032 1887 timere;
1081 1831 1196 1869 non
1243 1816 1498 1870 aufertur
1539 1815 1642 1887 tibi
1673 1817 1886 1887 bonum
1919 1815 2047 1887 hoc,

354 1885 471 1942 sed
493 1887 754 1942 differtur
787 1903 800 1940 :
851 1886 991 1940 vade
1029 1889 1244 1952 tamen,
1293 1891 1351 1940 et
1387 1885 1586 1939 nuntia
1613 1885 1885 1939 fratribus
1909 1885 2052 1940 meis

355 1959 492 2031 quia
533 1957 774 2031 surrexi.
813 1957 1170 2031 Cur_rit__cito_
1199 1957 1395 2010 volens
1445 1956 1678 2031 redire._
1703 1957 1871 2031 Bedit
1921 1972 2052 2031 cum

355 2027 480 2084 aliis
509 2029 868 2084 mulieribus.
902 2028 1117 2092 Quibus
1145 2029 1305 2081 Jesus
1335 2043 1640 2081 occurrens
1665 2027 1876 2081 blanda
1898 2028 2050 2082 salu-

355 2100 590 2166 tatione,
620 2100 864 2168 dejectas
890 2100 966 2152 sic
995 2097 1184 2169 erigit,
1218 2098 1408 2151 tristes
1437 2099 2048 2152 consolatur.Adverte.

356 2173 514 2226 Tunc
544 2175 628 2225 est
664 2171 880 2237 datum,
913 2170 1061 2240 quod
1098 2173 1228 2223 ante
1254 2169 1361 2223 fuit
1390 2169 1648 2223 dilatum.
1681 2173 2054 2224 Accesserant

355 2242 509 2297 enim
541 2245 593 2295 et
624 2245 932 2295 tenuerunt
961 2241 1132 2310 pedes
1152 2242 1309 2312 ejus.
1348 2241 1445 2294 Hic
1465 2241 1739 2311 quamdiu
1762 2240 2054 2312 potes,vir-

357 2330 452 2384 go,
478 2328 726 2366 morare.
748 2313 883 2384 Non
921 2311 1281 2384 hasdelicias
1307 2316 1432 2384 tuas
1458 2327 1693 2365 somnus
1720 2312 2049 2383 interpolet,

356 2381 549 2438 nullus
580 2383 832 2437 exterior
861 2382 1143 2436 tumultus
1173 2381 1466 2452 impediat.

359 2455 584 2510 CAPUT
613 2454 789 2508 LXVI.
823 2479 887 2494 --
923 2457 1001 2508 De
1027 2452 1219 2506 mundi
1257 2457 1308 2507 et
1337 2468 1516 2507 rerum
1544 2455 1891 2522 praesentium
1929 2467 2052 2506 con-

1095 2527 1316 2590 tempta.

429 2595 638 2647 Verum
685 2591 820 2663 quia
849 2591 908 2646 in
940 2591 1047 2646 hac
1085 2593 1294 2646 misera
1324 2592 1437 2646 vita
1479 2592 1623 2646 nihil
1656 2592 1874 2659 stabile,
1907 2592 2054 2647 nihil

361 2668 639 2720 aeternum
689 2669 794 2728 est,
841 2679 1138 2733 nunquam
1191 2663 1250 2735 in
1307 2663 1510 2717 eodem
1559 2669 1704 2718 statu
1758 2667 2055 2735 permanet

358 2738 565 2800 homo;
617 2750 842 2788 necesse
886 2738 990 2801 est,
1031 2738 1094 2786 ut
1122 2734 1316 2787 anima
1349 2739 1559 2801 nostra,
1603 2734 2050 2800 dum'vivimus,

357 2807 604 2879 quadam
634 2805 906 2879 varietate
935 2809 1216 2879 pascatur.
1251 2806 1409 2860 Unde
1437 2822 1469 2858 a
1499 2807 1921 2879 praeteritorum
1957 2822 2051 2860 re-

357 2874 688 2932 cordatione
733 2875 802 2929 ad
833 2874 1246 2946 experientiam
1278 2874 1646 2946 praesentium
1674 2882 2050 2943 transeamus,

358 2953 424 3004 ut
454 2964 519 3002 ex
541 2947 631 3002 his
656 2963 886 3018 quoque
907 2951 1188 3016 quantum
1211 2963 1240 2999 a
1259 2947 1423 3000 nobis
1445 2947 1518 3000 sit
1543 2949 1687 3001 Deus
1709 2948 2054 3017 diligendus,

360 3035 560 3100 omnes
576 3017 1366 3100 intelligerevaleamus.Haec
1387 3018 1579 3100 omnia
1598 3020 1820 3100 revolve
1839 3020 2056 3100 animo,

359 3095 425 3145 ut
462 3089 521 3142 in
553 3105 683 3143 eum
716 3093 866 3142 totus
896 3093 1028 3142 tuus
1058 3088 1371 3142 resolvatur
1399 3089 1650 3143 affectus.
1683 3089 1923 3144 Vilescat
1951 3088 2058 3144 tibi

363 3160 632 3225 mundus,
664 3159 852 3212 omnis
900 3175 1066 3213 amor
1106 3159 1347 3212 carnalis
1396 3160 1700 3215 sordescat.
1735 3160 1958 3214 Nescias
2000 3165 2055 3214 te

362 3247 483 3285 esse
511 3230 572 3301 in
602 3229 709 3284 hoc
737 3229 972 3295 mundo,
1007 3246 1136 3300 quas
1159 3229 1230 3283 ad
1261 3231 1408 3296 illos,
1443 3231 1540 3301 qui
1572 3231 1632 3285 in
1659 3231 1814 3285 cmlis
1843 3236 1974 3285 sunt
2002 3234 2056 3285 et

362 3304 478 3357 Deo
527 3300 743 3368 vivunt,
785 3306 947 3354 tuum
979 3316 1235 3354 amorem
1284 3300 1639 3356 transtulisti.
1684 3302 1788 3357 Ubi
1819 3307 1902 3356 est
1930 3303 2056 3356 the-

361 3387 562 3426 saurus
590 3376 744 3442 tuus,
764 3371 856 3442 ibi
889 3375 944 3425 et
972 3387 1072 3442 cor
1101 3377 1286 3426 tuum.
1325 3373 1453 3426 Noli
1484 3389 1614 3427 cum
1660 3372 1947 3442 argenteis
1981 3372 2055 3425 si-

363 3441 630 3498 mulacris
675 3441 774 3496 vili
807 3441 1097 3511 marsupio
1126 3446 1290 3496 tuum
1322 3442 1613 3498 includere
1645 3441 1925 3512 animum,
1957 3443 2056 3514 qui

363 3529 658 3584 nunquam
680 3530 809 3567 cum
829 3529 1197 3585 nummorum
1218 3513 1473 3583 pondere
1492 3515 1698 3585 poterit
1711 3513 2057 3568 transvolare

363 3585 434 3640 ad
463 3585 668 3640 ccelum
694 3589 862 3654 :puta
893 3589 949 3638 te
971 3584 1225 3655 quotidie
1254 3584 1622 3651 moriturum,
1647 3590 1702 3638 et
1721 3585 1789 3640 de
1811 3586 2056 3639 crastino

360 3673 479 3711 non
510 3655 807 3726 cogitabis.
834 3657 962 3726 Non,
979 3661 1033 3709 te
1059 3655 1235 3709 futuri
1247 3656 1519 3726 temporis
1541 3655 1806 3710 sterilitas
1825 3661 2054 3721 terreat,

362 3743 481 3781 non
510 3725 718 3781 futura:
741 3725 906 3779 famis
925 3725 1098 3780 timor
1119 3731 1275 3780 tuam
1303 3725 1552 3781 mentem
1575 3727 1820 3797 dejiciat.
1853 3727 1959 3782 Sed
1992 3743 2057 3780 ex

361 3798 502 3870 ipso
525 3801 645 3870 tota
674 3797 887 3870 fiducia
915 3802 1014 3850 tua
1043 3797 1310 3868 pendeat,
1344 3798 1444 3868 qui
1479 3815 1607 3852 aves
1637 3798 1815 3870 pascit
1847 3802 1901 3852 et
1942 3797 2060 3870 lilia

363 3866 551 3921 vestit.
595 3868 719 3940 Ipse
760 3867 832 3940 sit
875 3866 1147 3940 horreum
1194 3866 1380 3940 tuum,
1433 3869 1557 3939 ipse
1587 3866 1882 3940 apotheca,
1935 3869 2057 3940 ipse

365 3936 745 4008 marsupium,
777 3937 899 4008 ipse
929 3937 1141 4008 divitiae
1162 3942 1296 4003 tuae,
1319 3939 1439 4008 ipse
1456 3936 1713 3993 solus-sit
1738 3939 1839 3993 tibi
1865 3936 2060 3993 omnia

366 4007 426 4062 in
459 4006 744 4061 omnibus.
767 4008 839 4078 Et
867 4006 988 4060 haec
1017 4007 1250 4061 interim
1271 4006 1742 4078 de'przesentibus
1769 4009 1902 4062 satis
1923 4009 2054 4064 sint.

508 4078 732 4132 CAPUT
765 4077 966 4132 LXVII.
1001 4107 1069 4119 —
1103 4081 1246 4133 Mors
1270 4095 1303 4132 a
1331 4077 1534 4134 sanctis
1555 4080 1910 4134 desideratur.

437 4147 546 4222 Qui
592 4152 781 4222 autem
813 4153 972 4222 tanta
1009 4148 1126 4222 suis
1157 4155 1398 4222 prazstat
1427 4150 1487 4222 in
1527 4151 1814 4220 przesenti,
1846 4153 2060 4222 quanta

367 4219 480 4274 illis
507 4225 692 4291 servat
718 4219 777 4273 in
807 4219 1037 4274 futuro?
1080 4219 1427 4291 Principium
1457 4219 1803 4285 futurorum,
1844 4219 1900 4274 et
1929 4222 2059 4275 tinis

363 4290 736 4373 praesentium
769 4307 937 4373 mors.
959 4290 1686 4373 Hanc‘cuju’smaturanon
1707 4294 2061 4373 horretincu-

388 4378 456 4435 us
484 4362 944 4435 nonexpav‘escit
972 4361 1248 4435 affectus?
1277 4364 1417 4417 Nam
1443 4363 1638 4418 bestias
1661 4364 1816 4435 fuga,
1847 4363 2057 4418 latibu-

386 4432 455 4498 is,
484 4436 543 4486 et
571 4432 696 4486 aliis
734 4432 893 4486 mille
941 4433 1128 4487 modis
1159 4439 1402 4488 mortem
1435 4440 1652 4500 cavent,
1687 4432 1752 4490 et
1768 4435 1942 4488 vitam
1974 4439 2058 4488 te-

366 4504 681 4575 nent._Jam
711 4519 864 4575 nune
904 4503 1210 4575 diligenter
1246 4505 1494 4569 attende,
1528 4506 1665 4575 quid
1694 4510 1793 4560 tua
1836 4505 1939 4559 tibi
1969 4521 2059 4558 re-

365 4573 644 4644 spondeat
671 4573 1038 4646 conscientia,
1072 4575 1209 4646 quid
1249 4573 1561 4646 praesumat
1588 4576 1730 4630 ﬁdes
1771 4579 1889 4637 tua,
1923 4575 2058 4646 quid

369 4660 498 4714 spes
518 4645 841 4716 promittat,
874 4646 1014 4716 quid
1045 4645 1327 4715 eXspectet
1345 4646 1600 4700 affectus.
1630 4646 1817 4701 Sivita
1838 4645 2061 4700 tua’tibi

367 4715 531 4786 oneri
561 4719 665 4786 est,
697 4715 743 4768 si
774 4715 1024 4769 mundus
1053 4716 1298 4784 fastidio,
1330 4717 1378 4770 si
1407 4733 1537 4770 caro
1561 4717 1772 4784 dolori;
1803 4716 2060 4786 profecto

369 4784 852 4858 desiderio_mors
882 4787 1127 4858 esttibi,
1159 4804 1288 4858 qua:
1312 4788 1519 4858 jugum
1551 4789 1722 4858 hujus
1752 4784 1940 4841 oneris
1968 4787 2064 4841 de-

365 4855 550 4926 ponit,
601 4855 1119 4928 tollit__fastidium,
1153 4855 1459 4928 c'orpore'os
1515 4855 1737 4912 dolores
1791 4858 2058 4913 absumit.

371 4929 487 5000 Hoc
517 4942 714 5000 unum
725 4926 851 5000 dico
883 4928 1151 5000 omnibus
1178 4926 1396 5000 mundi
1427 4929 1596 5000 hujus
1625 4933 1895 5000 praestare
1923 4927 2060 4982 deli-

369 4997 856 5080 ciis,_honori_busn
872 5002 1052 5080 atque
1075 4999 1385 5080 divitiis,.si
1415 4997 1880 5080 obi'con'scientiae
1906 5016 2060 5053 sere-

367 5067 629 5151 nitatem,
659 5067 1174 5151 fideinfirmitatem,
1210 5070 1332 5151 spei
1361 5071 1784 5151 certitudinem,
1817 5075 2062 5151 mortem

369 5154 486 5212 non
514 5139 734 5193 timeas.
783 5139 940 5204 Quod
971 5140 1065 5212 ille
1112 5139 1360 5212 maxime
1399 5142 1612 5210 poterit
1651 5141 1919 5212 experiri,
1963 5141 2062 5212 qui

369 5209 575 5282 aliqqu
605 5216 861 5282 tempore
906 5211 1010 5282 sub
1049 5211 1155 5266 hac
1208 5209 1478 5267 servitute
1524 5209 1836 5282 suspirans,
1884 5212 1943 5265 in
1981 5209 2062 5264 'li-

369 5280 610 5335 berioris
656 5280 1021 5336 conscientiae
1068 5299 1236 5336 auras
1282 5283 1475 5338 evasit.
1529 5280 1657 5337 Haec
1685 5288 1820 5337 sunt
1858 5282 2065 5336 futurae

369 5351 741 5424 beatitudinis
770 5357 883 5408 tua:
915 5353 1185 5424 primitias
1215 5355 1511 5420 salutares,
1549 5359 1611 5407 ut
1640 5359 1822 5408 morte
1871 5369 2066 5423 super-

369 5421 635 5477 veniente
666 5421 983 5496 naturalem
1010 5425 1309 5479 horrorem
1337 5425 1476 5478 ﬁdes
1499 5430 1746 5496 superet,
1772 5441 1898 5495 spes
1926 5421 2066 5478 tem-

373 5497 556 5565 peret,
587 5494 933 5548 conscientia
963 5511 1162 5549 secura
1183 5496 1438 5565 repellat.

479 5564 708 5618 CAPUT
741 5565 972 5620 LXVIII.
1005 5595 1075 5607 —
1103 5564 1261 5620 Mors
1276 5567 1428 5635 justo
1447 5567 1728 5632 felicitatis
1750 5568 1959 5635 princi-

1074 5640 1238 5705 pium
1264 5641 1361 5690 est.

446 5703 514 5759 Et
541 5703 667 5758 vide
690 5704 979 5776 quomodo
1005 5703 1160 5760 mors
1186 5706 1557 5763 beatitudinis
1587 5705 1931 5779 principium
1961 5711 2066 5776 est,

1490 208 1880 265 APPENDIX.
1937 209 2032 263 DE
2073 205 2250 263 VITA
2287 203 2704 264 EREMITICA.

3725 209 3837 262 M72

2158 328 2421 383 laborum
2450 331 2622 392 meta,
2653 327 3042 398 peremptoria
3069 326 3362 381 vitiorum.
3414 325 3506 382 Sic
3542 326 3699 381 enim
3733 327 3842 382 scri-

2157 404 2321 470 ptum
2376 405 2498 454 est:
2537 401 2694 454 Beati
2742 400 2966 464 mortui,
3019 400 3116 467 qui
3153 401 3213 452 in
3268 400 3493 453 Domino
3535 401 3838 453 moriuntur.

2157 471 2366 524 Amodo
2392 473 2534 524 enim
2543 471 2665 539 jam
2691 470 2827 523 dicit
2852 471 3120 539 Spiritus,
3152 474 3212 522 ut
3232 471 3575 538 requiescant
3609 485 3644 523 a
3675 470 3843 524 labori-

2159 541 2254 595 bus
2285 543 2399 595 suis
2427 541 2620 610 (Apoc.
2652 557 2764 607 XIV,
2797 541 2912 607 t3).
2956 540 3116 595 Unde
3162 541 3446 610 propheta
3488 541 3842 610 reproborum

2159 556 2254 595 ous
2285 557 2399 595 suis
2427 556 2620 610 (Apoc.
2652 557 2764 607 XIV,
2797 556 2912 607 13).
2960 556 3116 595 unde
3162 556 3267 610 pro
3315 556 3446 593 neta
3488 556 3842 610 repronorum

2156 612 2227 665 ab
2256 613 2568 665 electorum
2613 617 2797 664 morte
2851 610 3202 678 discernens,
3249 556 3438 665 times
3468 611 3684 682 inquit,
3717 627 3844 679 reges

2155 682 2420 736 dormient
2450 685 2507 737 in
2537 683 2715 750 gloria
2744 683 2802 735 in
2831 682 2985 736 domo
3014 697 3115 736 sua
3140 697 3151 734 :
3202 686 3260 734 tu
3291 687 3467 735 autem
3505 683 3776 750 projectus
3801 699 3843 736 es

2155 753 2220 806 de
2249 757 2490 822 sepulcro
2521 760 2630 818 tuo,
2668 755 2828 821 quasi
2855 756 3026 822 stirps
3076 751 3315 817 inutilis,
3344 753 3582 821 pollutus
3612 759 3664 806 et
3699 753 3843 807 obro-

2156 825 2301 877 lutus
2337 826 2484 890 (Isai.
2513 841 2625 890 xxv,
2657 827 2720 877 18
2749 827 2853 893 l9).

2157 894 2385 949 CAPUT
2423 896 2595 951 LXlX.
2641 923 2712 936 —
2748 897 2819 948 De
2857 895 3052 947 animae
3080 908 3107 946 e
3135 907 3353 962 corpore
3382 895 3628 948 exeuntis
3679 898 3844 964 requie

2815 965 2898 1017 vel
2925 965 3208 1032 supplicio.

2232 1035 2536 1090 Dormiunt
2564 1034 2777 1106 quippe
2807 1034 2866 1088 in
2893 1036 3078 1106 gloria
3124 1050 3375 1106 quorum
3398 1038 3661 1106 mortem
3707 1035 3840 1089 bona

2157 1107 2525 1160 commendat
2552 1105 2921 1160 conecientia.
2948 1105 3231 1168 Quoniam
3261 1105 3511 1176 pretiosa
3539 1107 3699 1160 estin
3730 1123 3840 1160 cono

2158 1184 2355 1248 spectu
2403 1177 2628 1231 Domini
2660 1183 3170 1248 morssanctorum
3201 1177 3344 1246 ejus.
3379 1177 3605 1230 Dormit
3634 1194 3764 1230 sane
3794 1178 3840 1231 in

2159 1246 2359 1318 gloria,
2391 1249 2552 1318 cujus
2586 1246 2936 1318 rdormitioni
2966 1247 3236 1300 assistunt
3290 1248 3514 1316 Angeli,
3550 1256 3844 1301 occurrunt

2159 1317 2339 1372 Sancti
2367 1325 2422 1372 et
2441 1317 2716 1384 Concives,
2748 1334 2914 1371 suum
2946 1318 3268 1388 praebentes
3303 1317 3605 1381 auxilium,
3668 1324 3725 1371 et
3755 1320 3842 1372 im-

2158 1389 2471 1460 pertientes
2493 1389 2778 1456 solatium,
2808 1389 3142 1443 hostibusse
3169 1394 3490 1460 opponunt,
3519 1389 3843 1443 obsistentes

2158 1459 2763 1539 repellu_nt,_refellunt
2797 1464 3166 1539 accusantes:
3213 1466 3268 1512 et
3292 1459 3392 1539 .sic
3417 1475 3630 1539 usque
3671 1461 3741 1514 ad
3775 1461 3843 1514 si-

2157 1529 2298 1585 num
2327 1531 2565 1586 Abrahae
2591 1535 2844 1584 sanctam
2876 1530 3126 1583 animam
3159 1529 3494 1584 comitantes
3525 1529 3588 1583 in
3616 1531 3739 1584 loco
3765 1548 3843 1600 pa-

2159 1602 2240 1655 cis
2269 1603 2548 1656 collocant
2576 1607 2632 1655 et
2652 1601 2888 1672 .quietis.
2926 1602 3050 1654 Non
3104 1600 3182 1654 sic
3220 1601 3587 1672 impii,_quos
3636 1602 3706 1655 de
3737 1617 3843 1656 cor-

2158 1689 2318 1753 pore,
2352 1673 2525 1753 quasi.
2545 1673 2623 1753 de_
2645 1670 3172 1753 fuitentiisepulcro,
3188 1670 3434 1753 pessimi
3456 1670 3706 1753 spiritus
3729 1690 3844 1753 curn

2160 1743 2558 1797 instrumentis
2609 1743 2984 1798 infernalibus
3031 1743 3387 1796 extrahentes
3428 1743 3686 1810 pollutos
3729 1744 3845 1798 libi-

2161 1814 2314 1879 dine,
2347 1813 2641 1867 obvolutos
2671 1813 2997 1884 cupiditate,
3046 1813 3313 1882 injiciunt
3357 1812 3597 1882 ignibus
3629 1830 3850 1868 exuren-

2161 1885 2284 1952 dos,
2315 1885 2552 1939 tradunt
2597 1885 2886 1938 vermibus
2914 1885 3265 1950 lacerandos,
3300 1884 3529 1938 aeternis
3563 1884 3849 1938 fmtoribus

2161 1955 2439 2026 deputant
2468 1955 2845 2010 sutfocandos.
2876 1956 3015 2009 Vere
3045 1957 3372 2023 exspectatio
3399 1956 3687 2024 justorum
3727 1958 3850 2011 lasti-

2161 2029 2273 2090 tia;
2307 2042 2424 2095 spes
2455 2032 2634 2080 autem
2663 2029 2954 2095 impiorum
2973 2026 3177 2095 peribit
3216 2028 3387 2092 (Prov.
3420 2043 3477 2089 x,
3507 2029 3627 2094 28).

2162 2097 2388 2152 CAPUT
2418 2099 2562 2152 LXX.
2591 2127 2662 2136 -—
2701 2101 2775 2152 De
2804 2099 2987 2164 requie
3010 2101 3212 2151 aeterna
3250 2103 3298 2151 et
3321 2097 3499 2164 gloria
3531 2103 3851 2152 sanctorum.

2232 2169 2376 2240 Sane
2404 2168 2587 2240 qualis
2618 2168 2689 2240 sit
2719 2168 2825 2240 illa
2845 2167 3092 2238 requies,
3145 2184 3278 2240 quas
3292 2183 3412 2240 pax
3455 2167 3578 2240 illa,
3627 2186 3759 2240 quae
3778 2171 3856 2239 jn-

2162 2238 2437 2293 cunditas’
2462 2239 2531 2293 de
2589 2238 2715 2292 sinu
2765 2238 3030 2305 Abrahae,
3087 2254 3218 2308 quae
3267 2238 3382 2291 illic
3417 2238 3856 2309 quiescentibus

2161 2309 2540 2380 promittitur,
2575 2314 2629 2363 et
2657 2314 3036 2380 exspectatur,
3070 2309 3207 2379 quia
3237 2308 3597 2378 experientia
3621 2327 3740 2364 non
3769 2312 3857 2365 do-

2161 2383 2299 2448 cuit,
2336 2382 2499 2434 stilus
2529 2380 2811 2450 explicare
2841 2397 2956 2434 non
2986 2380 3217 2450 poterit.
3267 2381 3611 2450 Exspectant
3661 2382 3856 2444 felices,

2163 2452 2346 2506 donec
2372 2452 2680 2522 impleatur
2707 2467 2982 2505 numerus
3010 2452 3254 2522 fratrum
3279 2467 3546 2521 suorum;
3586 2457 3650 2504 ut
3694 2456 3751 2505 in
3781 2454 3857 2506 die

2162 2522 2596 2577 resurrectionis
2623 2521 3024 2594 duplicistola
3043 2521 3251 2588 induti,
3283 2523 3538 2592 corporis
3570 2524 3791 2594 pariter
3813 2530 3860 2577 et

2164 2594 2372 2648 animas
2403 2599 2679 2662 perpetua
2714 2592 2978 2647 felicitate
3007 2593 3290 2646 fruantur.

2362 2664 2588 2718 CAPUT
2621 2665 2796 2718 LXXI.
2828 2693 2896 2704 -
2928 2667 3001 2718 De
3045 2666 3276 2717 extremi
3315 2662 3523 2731 judicii
3555 2664 3666 2718 die.

2234 2735 2361 2788 Jam
2391 2751 2542 2788 nunc
2570 2735 2795 2788 intuere
2823 2734 2936 2788 diei
2967 2734 3120 2788 illius
3153 2741 3456 2800 terrorem,
3494 2735 3736 2804 quando
3761 2735 3858 2788 vir-

2163 2808 2317 2860 tutes
2362 2806 2636 2860 caelorum
2693 2805 3096 2873 movebuntur,
3155 2805 3438 2858 elementa
3486 2805 3644 2875 ignis
3689 2807 3862 2860 calore

2165 2877 2477 2943 solventur,
2507 2877 2787 2947 patebunt
2807 2876 3229 2947 inferi,occulta
3259 2875 3453 2929 omnia
3473 2877 3863 2930 nudabuntur.

2166 2947 2366 3001 Veniet
2405 2946 2840 3018 desuperjudex
2874 2947 3075 3012 iratus,
3111 2946 3314 3018 ardens
3354 2947 3518 3018 furor
3542 2949 3694 3015 ejus,
3728 2954 3863 3001 etut

2166 3022 2477 3089 tempestas
2506 3034 2706 3072 currus
2736 3019 2879 3088 ejus,
2909 3022 2975 3070 ut
3003 3017 3203 3072 reddat
3242 3017 3302 3070 in
3356 3017 3442 3071 ira
3461 3017 3789 3089 rvindictam
3818 3025 3865 3071 et

2165 3088 2541 3143 vastationem
2574 3089 2632 3142 in
2659 3089 2892 3143 ﬂamma
2921 3089 3089 3158 ignis.
3145 3090 3348 3159 Beatus
3372 3088 3474 3159 qui
3530 3097 3773 3158 paratus
3795 3095 3866 3142 est

2167 3176 2462 3214 occurrere
2490 3160 2595 3213 illi.
2628 3159 2772 3224 Quid
2807 3165 2942 3214 tunc
2972 3158 3199 3231 miseris
3251 3158 3459 3231 animis
3488 3161 3605 3231 erit
3626 3163 3656 3213 *Ρ
3704 3176 3866 3231 quam

2165 3235 2301 3285 tunc
2328 3231 2524 3285 miseri
2554 3236 2742 3302 erunt,
2780 3246 2927 3302 quos
2958 3229 3374 3302 nuncdluxuria
3407 3230 3607 3295 fcedat,
3643 3229 3867 3284 avaritia

2165 3301 2673 3383 dissipat,_extollit
2702 3300 3000 3383 superbia!
3032 3300 3276 3383 Exibunt
3305 3302 3618 3383 Angeli,_et
3649 3318 3866 3383 sepera-

2166 3371 2318 3427 bunt
2336 3373 2515 3427 malos
2541 3373 2611 3426 de
2642 3371 2826 3426 medio
2847 3373 3158 3439 justorum,
3190 3371 3324 3424 istos
3355 3390 3384 3424 a
3426 3372 3674 3432 dextris,
3718 3371 3865 3426 "alios

2167 3460 2200 3498 a
2228 3443 2469 3496 sinistris
2495 3448 2826 3498 statuentes.
2857 3443 3052 3512 Cogita
3081 3458 3235 3495 nunc
3264 3447 3318 3494 te
3340 3448 3472 3496 ante
3503 3444 3767 3498 tribunal
3798 3443 3871 3496 in-

2167 3519 2255 3568 ter
2283 3519 2589 3585 utramque
2631 3514 2780 3568 hanc
2812 3513 3135 3567 societatem
3195 3513 3476 3585 assistere,
3518 3519 3582 3567 et
3633 3515 3871 3568 necdum

2166 3585 2225 3639 in
2247 3591 2471 3654 partem
2496 3583 2739 3638 alteram
2766 3588 3105 3654 separatam.
3129 3583 3374 3636 Detlecte
3396 3599 3552 3637 nunc
3585 3586 3784 3638 oculos
3813 3585 3875 3637 ad

2167 3655 2454 3709 sinistram
2499 3655 2733 3721 Iudicis,
2794 3659 2851 3709 et
2894 3654 3165 3708 miseram
3218 3654 3377 3708 illam
3434 3655 3874 3709 multitudinem

2166 3731 2374 3780 snecta.

2195 3743 2499 3852 peiiipur
2532 3797 2731 3851 LXXII.
2763 3798 2837 3850 De
2864 3797 3178 3862 confusione
3209 3799 3260 3849 et
3286 3811 3449 3864 poma
3474 3797 3776 3851 malorum.

2239 3867 2430 3931 Qualis
2459 3867 2543 3922 ibi
2559 3867 2765 3938 horror
2781 3869 2810 3920 ?
2841 3867 2969 3938 quis
2993 3867 3205 3938 timor?
3227 3867 3544 3938 quisfcetor
3563 3869 3594 3920 ?
3627 3868 3764 3937 quis
3789 3867 3877 3920 do-

2167 3938 2300 3993 lor?
2329 3939 2490 3992 Stant
2546 3937 2765 4004 miseri,
2822 3937 2878 3991 et
2931 3937 3188 3990 infelices
3236 3937 3544 3991 stridentes
3587 3939 3877 3996 dentibus.

2167 4009 2320 4062 nudo
2352 4010 2527 4062 latere
2557 4008 2925 4079 palpitantes,
2971 4014 3197 4078 aspectu
3231 4007 3563 4073 horribiles,
3598 4011 3763 4062 vultu
3797 4009 3881 4062 de-

2166 4079 2617 4149 formes,dejecti
2639 4096 2759 4149 prae
2785 4079 3039 4150 pudore;
3071 4095 3190 4150 pra:
3221 4079 3480 4149 corporis
3510 4080 3882 4150 turpitudine

2173 4155 2229 4204 et
2259 4150 2516 4204 nuditate
2545 4149 2765 4204 confusi
2796 4151 2972 4204 latere
3003 4149 3217 4216 volunt,
3267 4155 3324 4204 et
3373 4165 3490 4203 non
3544 4149 3730 4204 datur
3760 4168 3776 4215 ;
3809 4151 3886 4202 tuo

2209 4237 2302 4274 ere
2333 4225 2578 4287 tentant,
2604 4220 3276 4292 etnonrpermittuntur.
3303 4220 3376 4292 Si
3409 4221 3609 4275 levant
3663 4223 3880 4279 oculos

2209 4237 2302 4274 ere
2333 4237 2578 4287 tentant,
2613 4237 2669 4274 et
2697 4237 2816 4274 non
2843 4237 3276 4292 permittuntur.
3318 4237 3376 4274 δι
3409 4237 3609 4275 levant
3663 4237 3880 4279 oculos

2169 4237 2414 4362 gesuper
2438 4291 2646 4361 judicis
2677 4291 2944 4345 imminet
2958 4291 3120 4345 furor
3151 4307 3165 4356 ;
3193 4291 3241 4344 si
3284 4290 3608 4362 deponunt,
3643 4292 3888 4345 inferna-

2169 4362 2238 4417 lis
2266 4360 2426 4434 putei
2442 4360 2523 4416 eis
2552 4363 3251 4434 ingeriturihorroruNon
3282 4360 3541 4434 suppetit
3566 4363 3886 4434 criminum

2169 4431 2474 4514 excusatio,
2503 4431 2744 4514 nec'de.
2769 4433 2993 4514 iniquo.
3011 4431 3225 4514 judicio
3263 4432 3456 4514 aliqua
3504 4433 3742 4514 poterit
3773 4449 3888 4487 esse

2170 4505 2454 4558 causatio:
2489 4519 2617 4558 cum
2649 4503 2930 4575 quidquid
2963 4503 3250 4557 decretum
3278 4503 3470 4575 fuerit,
3494 4503 3738 4573 justum
3773 4518 3889 4558 esse

2168 4575 2349 4628 insam
2382 4590 2581 4628 eorum
2611 4573 3020 4628 co'nscientiam
3052 4591 3168 4628 non
3191 4573 3402 4628 latebit.

2213 4647 2394 4700 APUT
2445 4647 2666 4700 LXXIII.
2701 4676 2769 4687 ——
2800 4647 2970 4700 Amor
3025 4648 3128 4699 Deo
3174 4645 3549 4713 rependendus
3593 4661 3703 4716 pro
3757 4662 3894 4716 pr:-

2715 4716 3098 4771 destinationis
3119 4717 3328 4784 gratia.

2242 4787 2419 4841 Cerne
2447 4800 2598 4840 nunc
2626 4801 2799 4856 quam
2847 4787 3126 4841 amandus
3156 4786 3242 4848 sit,
3275 4785 3376 4855 qui
3416 4789 3473 4840 te
3511 4786 3590 4840 ab
3639 4787 3764 4841 hac
3807 4788 3894 4841 da-

2171 4863 2366 4912 mnata
2391 4856 2658 4911 societate
2685 4857 3149 4927 praedestinando
3178 4857 3470 4924 discernit,
3501 4860 3795 4913 vocando
3827 4874 3894 4909 se-

2171 4927 2793 4998 paravit,justiﬁcando
2815 4932 3095 4999 purgavit.
3127 4929 3413 4998 Retorque
3445 4943 3606 4999 nunc
3638 4931 3720 4982 ad
3760 4929 3893 4983 dex-

2171 5004 2371 5125 teli-amt
2383 4999 2595 5064 oculos,
2619 5003 2674 5053 et
2703 5000 2912 5070 quibus
2939 4998 2997 5054 te
3027 4998 3398 5070 gloriﬁcando
3428 4998 3500 5052 sit
3529 4999 3894 5058 insertum.

2174 5088 2205 5124 a
2249 5087 2346 5125 ver
2373 5085 2424 5123 e.

2174 5074 2424 5126 adverte.

2544 5139 2791 5195 CAPUT.
2824 5170 2890 5180 —
2919 5144 2993 5196 De
3022 5142 3200 5210 gloria
3226 5141 3500 5194 bonorum.

2243 5211 2378 5276 Quis
2406 5209 2485 5265 ibi
2511 5210 2727 5283 decor?
2746 5211 3079 5283 quisbonor
3099 5213 3134 5283 ‘27
3159 5228 3290 5283 quae
3319 5210 3561 5283 felicitas
3579 5213 3613 5283 τί
3640 5227 3795 5281 qua
3826 5224 3896 5262 se

2173 5283 2430 5336 curitas?
2458 5281 2569 5336 Alii
2601 5281 2692 5335 die
2711 5281 3018 5351 judiciaria
3048 5281 3185 5336 sede
3209 5281 3504 5346 sublimes,
3539 5282 3644 5335 alii
3679 5291 3897 5347 many

2174 5353 2244 5407 rii
2272 5369 2481 5407 corona
2512 5353 2896 5421 splendentes,
2943 5353 3040 5406 alii
3064 5352 3406 5423 virginitatis
3450 5351 3600 5406 ﬂore
3631 5352 3898 5405 candidi.

2174 5423 2273 5478 alii
2303 5425 2791 5494 eleemosynarum
2837 5423 3142 5494 largitione
3182 5423 3431 5487 fecundi,
3460 5423 3580 5494 alii
3623 5423 3903 5477 doctrin;

2175 5499 2232 5548 et
2263 5493 2580 5548 eruditione
2605 5495 2884 5566 praeclari,
2910 5493 3028 5549 uno
3043 5493 3334 5566 charitatis
3365 5493 3587 5566 foedere
3614 5495 3906 5566 copulati:

2176 5569 2288 5619 tur.
2323 5568 2489 5620 Lucet
2535 5561 2622 5619 eis
2646 5565 2835 5620 vultus
2863 5566 2996 5620 Iesu
3024 5565 3232 5620 Christi
3267 5581 3382 5618 non
3430 5561 3757 5628 terribilis,
3817 5561 3906 5616 sed

2177 5637 2475 5764 irnaléilis;
2510 5653 2628 5692 non
2672 5652 2919 5705 amarus,
2953 5637 3052 5693 sed
3083 5635 3301 5705 dulcis;
3349 5651 3466 5689 non
3499 5639 3776 5704 terrens,
3815 5631 3906 5687 sed

2241 5723 2312 5762 an
2356 5723 2498 5764 iens.

2241 5723 2349 5762 8110
2356 5723 2498 5764 iens.
