4014 6164
236 290 372 343 1473

340 413 561 470 CAPUT
600 412 789 467 LXXV.
832 440 901 451 —
929 413 1015 465 Ea:
1052 411 1167 464 sola
1195 410 1292 464 Dei
1325 410 1509 477 gratia
1538 408 1819 464 salvandis

895 497 1253 536 αοοθηερηων.

302 555 396 610 Sta
426 570 578 608 nunc
608 553 667 607 in
704 552 913 621 medio,
958 554 1211 607 nesciens
1240 550 1448 622 quibus
1476 554 1532 604 te
1558 549 1765 621 judicis
1795 567 1924 604 sen-

232 626 411 679 tentia
434 624 749 696 deputabit.
783 626 825 678 Ο
860 625 1002 678 dura
1032 623 1408 693 exspectatio!
1444 624 1702 696 Timoret
1731 628 1926 696 tremor

229 700 486 750 venerunt
505 692 668 765 super
688 711 788 761 me,
816 700 866 749 et
895 692 1241 749 contexerant
1269 710 1351 747 me
1374 692 1783 765 tenebrae(Psal.
1816 709 1921 757 LIV,

230 769 305 837 6).
333 767 389 822 Si
422 783 512 821 me
539 767 782 819 sinistris
813 766 1129 831 sociaverit,
1162 781 1277 818 non
1306 764 1580 837 causabor
1605 764 1881 837 injustum
1909 780 1921 816 :

230 834 275 892 si
307 839 516 892 dextris
547 837 926 906 adscripserit,
964 837 1162 905 gratiae
1192 836 1313 905 ejus
1344 836 1469 901 hoc,
1496 851 1611 887 non
1635 834 1775 906 meis
1804 849 1925 888 me-

229 909 352 963 ritis
388 915 472 962 est
507 905 929 976 imputandum.
972 909 1131 972 Vere,
1177 906 1439 970 Domine,
1470 906 1585 958 vita
1629 905 1687 957 in
1717 906 1925 958 volun-

229 985 343 1034 tate
372 984 488 1034 tua.
527 980 690 1032 Vides
719 995 856 1048 ergo
886 984 1162 1049 quantum
1204 978 1263 1031 in
1291 993 1484 1030 amore
1515 978 1643 1049 ejus,
1668 981 1799 1049 tuus
1829 992 1924 1049 ex-

230 1051 388 1105 tendi
421 1051 625 1104 debeat
655 1047 1034 1120 animusfqui
1072 1065 1203 1102 cum
1227 1050 1378 1119 juste
1409 1053 1605 1120 posset
1633 1047 1691 1099 in
1721 1047 1927 1120 impios

230 1123 531 1191 prolatam,
562 1121 621 1174 in
650 1126 705 1174 te
746 1117 973 1191 quoque
1003 1117 1333 1189 retorquere
1363 1118 1727 1183 sententiam,
1758 1117 1927 1187 justis

230 1199 285 1246 te
318 1194 518 1246 maluit
561 1209 623 1245 ac
654 1192 936 1245 salvandis
982 1192 1253 1244 inserere.
1297 1191 1421 1243 Jam
1467 1194 1522 1241 te
1551 1194 1690 1258 puta
1720 1193 1927 1241 sanctae

234 1264 315 1316 illi
344 1263 597 1316 societati
625 1263 988 1331 conjunctam
1018 1263 1167 1315 vocis
1198 1260 1348 1314 illius
1378 1260 1575 1313 audire
1601 1260 1923 1331 decretum:

238 1336 444 1399 Venite,
470 1330 929 1387 benedicti’Patris
952 1335 1070 1395 mei,
1102 1335 1364 1401 percipite
1390 1346 1634 1397 regnum,
1659 1330 1811 1401 quod,
1828 1345 1929 1401 νυο-

233 1405 312 1459 bis
340 1412 598 1473 paratum
625 1409 703 1458 est
727 1406 794 1458 ab
831 1406 1037 1471 origine
1065 1400 1273 1457 mundi.
1309 1402 1522 1455 Miseris
1562 1400 1928 1473 audientibus

232 1471 467 1530 verbum
518 1477 747 1537 durum,
793 1475 1029 1544 plenum
1076 1475 1176 1526 irae
1222 1478 1279 1525 et
1304 1472 1552 1525 furoris:
1604 1471 1929 1544 Disceditea

230 1562 331 1607 me,
380 1546 673 1611 maledicti,
728 1541 813 1598 in-
832 1548 1005 1611 ignem
1046 1550 1320 1597 aeternum.
1381 1545 1524 1595 Tunc
1580 1541 1734 1594 ibunt
1781 1542 1837 1594 hi
1871 1543 1929 1592 in

230 1619 553 1685 supplicium
604 1622 888 1679 mternum;
928 1616 1073 1683 justi
1114 1620 1291 1668 autem
1342 1616 1399 1666 in
1456 1614 1628 1685 vitam
1676 1616 1929 1685 ater-nam

234 1682 445 1757 (Matth.
490 1703 614 1747 xxv,
652 1688 739 1751 34,
766 1689 858 1753 41,
888 1682 996 1755 46).
1031 1686 1073 1740 Ο
1124 1686 1268 1739 dura
1314 1683 1632 1754 separatio!
1686 1699 1718 1735 ο
1761 1682 1928 1735 mise-

232 1758 428 1812 rabilis
458 1758 709 1811 conditio
730 1759 740 1812 l

339 1830 563 1883 CAPUT
598 1828 816 1881 LXXVI.
857 1857 922 1868 —
959 1830 1031 1881 De
1060 1841 1220 1893 regno
1250 1826 1345 1878 Dei
1385 1828 1507 1892 post
1527 1823 1821 1891 judicium.

303 1899 551 1955 Sublatis
589 1915 721 1952 vero
766 1898 957 1968 impiis
987 1914 1059 1951 ne
1089 1892 1317 1949 videant
1364 1895 1606 1964 gloriam
1639 1895 1736 1947 Dei
1763 1892 1931 1968 justis

232 1987 460 2041 quoque
491 1970 730 2037 singulis
759 1965 1070 2041 secundum
1098 1968 1336 2041 gradum
1369 1982 1534 2041 suum
1564 1970 1619 2018 et
1661 1965 1931 2041 meritum

232 2035 503 2112 angelicis
524 2036 820 2094 ordinibus
842 2035 1215 2112 insertisﬂiet
1238 2038 1332 2090 illa
1354 2038 1604 2112 gloriosa
1623 2035 1929 2112 processio,

234 2105 454 2167 Christo
484 2112 841 2182 przecedente
882 2111 1063 2181 capite
1098 2114 1316 2175 nostro,
1364 2105 1629 2182 Omnibus
1660 2105 1931 2182 membris

233 2184 349 2237 suis
377 2176 778 2253 sequentibus;
812 2186 867 2235 et
908 2176 1461 2253 tradeturregnum
1512 2178 1623 2230 Deo
1673 2182 1728 2229 et
1758 2176 1928 2253 Patri,

234 2259 297 2308 ut
325 2247 689 2324 ipse-regnet
720 2247 780 2306 in
810 2252 966 2322 ipsis,
1012 2250 1203 2324 etiipsi
1238 2247 1478 2319 regnent
1501 2264 1639 2324 cum
1671 2263 1759 2324 eo,
1790 2247 1931 2324 illud

232 2318 611 2448 percipientdes
651 2318 909 2394 regnum,
938 2318 1088 2394 quod
1117 2318 1392 2392 paratum
1431 2323 1515 2374 est
1559 2318 1671 2371 illis
1710 2318 1781 2372 ab
1817 2318 1931 2371 ori-

234 2411 366 2448 mne
397 2412 532 2448 mun
578 2412 614 2448 1.

234 2411 366 2466 gine
397 2411 614 2449 mundi.

413 2466 636 2521 CAPUT
670 2465 912 2520 LXXVII.
957 2493 1019 2504 —
1055 2466 1126 2517 De
1154 2464 1311 2530 regni
1349 2463 1445 2515 Dei
1470 2461 1750 2527 felicitate.

306 2536 479 2606 Cujus
502 2536 662 2607 regni
696 2542 872 2607 status
894 2532 1531 2607 necicogitariquidem
1563 2534 1746 2607 potest
1774 2546 1804 2582 a
1834 2545 1932 2607 no:

234 2607 339 2674 bis,
376 2599 552 2660 multo
567 2599 767 2660 ininus
798 2606 907 2659 dici
938 2606 1022 2658 vel
1057 2599 1245 2657 scribi.
1287 2599 1400 2656 Hoc
1429 2600 1747 2674 sciendum,
1776 2599 1932 2670 quod

233 2672 467 2732 omnino
494 2678 637 2731 nihil
666 2676 866 2738 aberit,
895 2676 1045 2745 quod
1069 2675 1206 2727 velis
1229 2674 1453 2745 adesse;
1490 2672 1931 2745 necquidquam

233 2749 434 2814 aderit,
468 2749 621 2819 quod
648 2749 785 2801 velis
811 2741 1024 2799 abesse.
1061 2746 1260 2819 Nullus
1289 2742 1568 2819 igitur__ibi
1592 2743 1802 2819 luctus,
1838 2741 1932 2792 ﬂe-

232 2824 323 2873 tus
352 2812 561 2885 nu'llus,
591 2835 704 2871 non
726 2818 920 2882 timor,
954 2832 1066 2869 non
1090 2815 1273 2878 dolor,
1290 2830 1416 2885 non
1448 2812 1789 2885 difﬁdentia,
1814 2826 1933 2885 non

233 2889 467 2955 invidia,
490 2881 608 2942 non
630 2888 939 2951 tribulatio,
968 2902 1085 2939 non
1106 2883 1361 2944 tentatio,
1388 2899 1500 2955 non
1524 2882 1670 2935 aeris
1693 2881 1931 2955 mutatio

232 2962 316 3014 vel
352 2952 661 3030 corruptio,
692 2975 810 3011 non
842 2957 1109 3027 suspicio,
1131 2972 1262 3030 non
1297 2953 1552 3018 ambitio,
1586 2968 1701 3005 non
1732 2952 1931 3005 adula-

232 3032 334 3101 tio,
368 3048 479 3085 non
524 3026 814 3093 detractio,
856 3026 973 3082 non
1006 3026 1309 3101 aegritudo,
1361 3040 1477 3077 non
1508 3028 1931 3101 senec_tus,__non

233 3093 404 3167 mors,
434 3118 549 3155 non
577 3105 904 3171 paupertas,
938 3093 1125 3168 neque
1160 3097 1431 3171 tenebrae,
1465 3111 1582 3171 non
1614 3093 1815 3171 edendi
1847 3094 1933 3171 vel

231 3163 465 3228 bibendi
490 3163 933 3225 vel'dormiendi
961 3163 1077 3222 ulla
1103 3166 1428 3230 necessitas,
1461 3166 1618 3218 nulla
1648 3163 1930 3233 fatigatio,

234 3244 474 3299 defectio
503 3244 673 3297 nulla.
704 3242 850 3305 Quid
881 3256 1017 3310 ergo
1050 3239 1186 3292 boni
1217 3237 1293 3291 ibi
1328 3242 1430 3310 est,
1454 3235 1928 3310 _ul_)ipe_c_luctus,

234 3331 338 3369 nec
366 3315 552 3380 ﬂetus,
585 3330 690 3367 nec
718 3313 881 3367 dolor
913 3305 1017 3376 est,
1055 3326 1240 3379 neque
1272 3307 1542 3380 tristitia?
1571 3305 1719 3380 Quid
1749 3310 1933 3380 potest

234 3402 352 3440 esse
384 3386 494 3439 nisi
541 3376 791 3455 perfecta
838 3382 1052 3446 laetitia,
1089 3376 1185 3434 ubi
1236 3380 1394 3455 nulla
1428 3376 1742 3455 tribulatio,
1776 3376 1933 3429 nulla

232 3456 495 3522 tentatio,
544 3449 699 3508 nulla
748 3460 1074 3521 temporum
1124 3450 1385 3522 mutatio,
1434 3449 1522 3501 vel
1554 3449 1929 3522 ae_ris_co_rru:

231 3528 369 3598 ptio,
413 3517 580 3581 aestus
623 3517 1035 3598 vehementior,
1066 3539 1171 3598 nec
1214 3521 1398 3574 hiems
1445 3519 1757 3597 asperior?
1786 3517 1933 3581 Quid

231 3588 418 3668 potest
446 3613 567 3651 esse
598 3595 710 3648 nisi
742 3610 965 3668 summa
1000 3593 1265 3664 quaedam
1296 3606 1489 3644 rerum
1518 3588 1933 3668 te'mperi’espet

233 3657 443 3723 mentis
495 3672 550 3721 et
599 3665 785 3719 carnis
834 3681 965 3717 vera
992 3657 1054 3717 ac
1102 3678 1327 3716 summa
1358 3659 1788 3731 tranquillitas?
1828 3657 1933 3713 Ubi

231 3740 373 3793 nihil
410 3742 512 3803 est,
549 3738 700 3808 quod
749 3730 1535 3808 timeas,quidupotestuesse
1568 3730 1679 3808 nisi
1709 3745 1934 3808 summa

233 3802 539 3864 securitas?
566 3802 683 3863 'ubi
736 3807 892 3861 nulla
945 3802 1246 3871 discordia,
1296 3804 1455 3857 nulla
1498 3802 1729 3867 invidia,
1774 3802 1934 3854 nulla

232 3881 498 3951 suspicio,
557 3881 713 3933 nulla
775 3877 1047 3951 ambitio,
1090 3878 1259 3951 nulla
1324 3874 1597 3938 adulatio,
1657 3872 1930 3951 detractio

230 3942 387 4007 nulla
413 3970 426 4019 ;
457 3942 594 4023 quid
626 3955 810 4021 potest
843 3948 1104 4023 esseinisi
1139 3962 1362 4023 summa
1393 3950 1449 3999 et
1491 3961 1623 4023 vera
1654 3942 1881 4023 dilectio
1903 3944 1931 3995 ?

228 4023 325 4077 ubi
354 4016 511 4076 nulla
537 4016 861 4091 paupertas,
894 4020 1050 4072 nulla
1080 4019 1394 4091 cupiditas;
1424 4016 1780 4091 quidpotest
1810 4029 1930 4091 esse

228 4093 341 4148 nisi
372 4084 943 4169 bonorum-omnium
972 4084 1321 4169 plenitudo?
1344 4084 1632 4169 abimum:
1655 4084 1930 4169 deformi-

229 4168 347 4231 tas;
382 4163 521 4235 quid
550 4166 896 4235 potestAesse
927 4155 1036 4212 nisi
1059 4157 1632 4235 _v_era_pulc_hritudo.?
1664 4155 1759 4207 ubi
1792 4156 1928 4207 nul-

228 4236 317 4289 lus
337 4225 509 4289 labor
541 4225 624 4286 vel
665 4231 936 4294 defectio;
976 4230 1111 4299 quid
1144 4225 1271 4294 erit,
1308 4227 1418 4280 nisi
1448 4225 1673 4299 requies
1704 4240 1929 4278 summa

230 4312 285 4361 et
330 4303 646 4362 fortitudo?
689 4302 789 4358 ubi
839 4296 1117 4367 nihil—est,
1154 4299 1309 4371 quod
1351 4302 1545 4368 gravet
1572 4296 1657 4350 vel
1691 4298 1925 4360 oneret;

1720 285 1948 342 INDEX
1987 286 2265 343 RERUM.

3602 297 3739 350 1474

2040 411 2176 481 quid
2208 414 2289 463 est
2327 408 2437 463 nisi
2468 425 2691 463 summa
2732 410 3017 466 facilitas?
3049 413 3145 468 ubi
3178 430 3279 468 nec
3329 421 3591 471 senectus
3638 434 3736 473 ex-

2035 486 2339 556 spectatur,
2375 497 2477 556 nec
2507 482 2741 556 morbus
2778 482 3038 549 timetur;
3077 486 3217 554 quid
3256 491 3439 556 potest
3469 505 3587 542 esse
3620 489 3733 542 nisi

2033 568 2168 632 vera
2198 552 2446 632 sanitas?
2494 553 2594 632 ubi
2635 569 2821 632 neque
2848 570 2996 632 .nox,
3048 552 3233 626 neque
3256 552 3562 625 'tenebraz;
3597 560 3735 629 quid

2036 623 2144 676 erit
2172 623 2280 676 nisi
2313 623 2409 675 lux
2447 623 2731 692 perfecta?
2766 623 2863 676 ubi
2907 640 3075 690 mors,
3111 623 3167 679 et
3197 630 3509 682 mortalitas
3549 623 3736 683 omnis

2034 694 2329 763 absorpta;
2359 694 2497 763 quid
2546 694 2653 747 erit
2700 694 2807 747 nisi
2836 694 2949 747 vita
2989 700 3244 750 interna?
3292 700 3439 762 Quid
3471 706 3556 753 est
3588 703 3737 754 ultra

2035 765 2189 845 quod
2212 765 2586 845 quaeramus?
2614 766 2787 845 Certe.
2802 767 2958 845 quod
2987 766 3073 845 his
3103 768 3645 845 omni_bus__ei_icellit,
3677 772 3733 824 id

2035 841 2139 903 est,
2172 836 2333 901 visio,
2366 836 2636 906 cognitio,
2672 841 2728 889 et
2757 836 2984 889 dilectio
3017 838 3321 891 Creatoris.
3359 836 3653 894 Videbitur
3676 842 3736 895 in

2035 922 2115 975 se,
2147 906 2432 960 videbitur
2460 909 2517 959 in
2546 907 2821 960 creaturis
2852 908 2987 967 suis,
3016 924 3217 976 regens
3248 910 3443 962 omnia
3474 911 3593 964 sine
3626 913 3736 965 sol-

2034 976 2351 1050 licitudine,
2386 978 2669 1050 sustinens
2694 978 2886 1050 omnia
2911 978 3032 1031 sine
3056 980 3269 1045 labore,
3298 980 3633 1050 impertiens
3653 998 3737 1049 se,

2036 1052 2091 1101 et
2118 1049 2366 1118 quodam
2399 1049 2568 1120 modo
2601 1048 2941 1117 dispertiens
2972 1050 3211 1119 singulis
3243 1066 3350 1119 pro
3383 1048 3484 1104 sua
3514 1048 3734 1120 capacié

2036 1124 2177 1185 tate,
2224 1119 2345 1173 sine
2377 1119 2464 1172 sui
2520 1120 2899 1173 diminutione
2942 1122 3029 1173 vel
3076 1121 3380 1175 divisione.
3438 1119 3735 1175 Videbitur

2036 1189 2131 1243 ille
2160 1192 2346 1243 vultus
2379 1191 2645 1262 amabilis
2678 1197 2731 1243 et
2776 1190 3183 1256 desiderabilis,
3216 1192 3278 1245 in
3307 1208 3480 1262 quem
3515 1193 3734 1246 deside-

2036 1261 2391 1340 rant-Angeli
2412 1262 2752 1340 prospicere,
2781 1261 3541 1340 decujus_plenitudine,_de
3569 1264 3730 1340 cujus

2037 1332 2273 1397 lumine,
2323 1333 2391 1385 de
2431 1334 2591 1402 cujus
2639 1332 2913 1386 suavitate
2966 1333 3099 1402 quid
3150 1334 3387 1387 dicetur.
3446 1335 3737 1387 Videbitur

2038 1404 2203 1455 Pater
2238 1402 2298 1455 in
2350 1403 2508 1464 Filio,
2565 1403 2737 1455 Filius
2784 1402 2843 1455 in
2886 1404 3070 1467 Patre,
3112 1404 3354 1473 Spiritus
3404 1411 3628 1457 sanctus
3676 1405 3737 1457 in

2038 1478 2302 1545 utroque.
2328 1474 2623 1545 Videbitur
2643 1490 2769 1545 non,
2789 1489 2890 1545 per
2919 1474 3214 1545 speculum,
3245 1481 3299 1527 et
3322 1476 3375 1527 in
3409 1474 3733 1545 aenigmate,

2037 1544 2135 1616 sed
2166 1544 2307 1597 facie
2328 1544 2400 1616 ad
2421 1544 2647 1616 faciem.
2676 1544 2968 1616 Videbitur
2998 1545 3150 1616 enim
3175 1544 3338 1597 sicuti
3365 1552 3465 1609 est,
3503 1544 3737 1616 impleta

2038 1614 2137 1667 illa
2166 1614 2565 1683 promissione,
2604 1632 2717 1684 qua
2748 1614 2902 1680 dicit,
2933 1614 3035 1679 Qui
3061 1614 3247 1680 diligit
3277 1632 3377 1681 me,
3410 1614 3671 1684 diligetur
3699 1632 3735 1670 a

2040 1686 2199 1738 Patre
2244 1701 2374 1745 meo,
2408 1691 2457 1738 et
2496 1701 2589 1751 ego
2616 1686 2845 1749 diligam
2888 1701 3022 1750 cum,
3066 1690 3116 1738 et
3152 1688 3513 1751 mani/“estabo
3543 1690 3592 1739 ei
3622 1703 3734 1740 me-

2038 1758 2218 1824 ipsum
2263 1759 2437 1823 (Joan.
2496 1772 2603 1821 XIV,
2652 1758 2760 1824 21).
2794 1756 2867 1807 Ex
2914 1756 3017 1807 hac
3065 1756 3303 1823 visione,
3356 1758 3453 1809 illa
3483 1758 3739 1826 procedit

2039 1827 2313 1895 cognitio,
2343 1828 2411 1880 de
2444 1842 2556 1896 qua
2590 1826 2709 1895 ipse
2737 1826 2850 1879 ait:
2899 1828 3016 1879 [lzec
3051 1830 3129 1879 est
3156 1829 3271 1879 vita
3303 1832 3519 1893 aeterna,
3554 1832 3613 1880 ut
3646 1843 3737 1881 co—

2039 1903 2295 1964 gnoscant
2323 1903 2370 1951 te
2420 1913 2585 1950 unum
2616 1900 2796 1957 Deum,
2839 1902 2889 1949 et
2919 1912 3073 1963 quem
3114 1899 3314 1950 misisti
3358 1900 3535 1951 Jesu-m
3575 1898 3736 1953 Chri-

2039 1974 2181 2022 stum
2212 1969 2315 2037 (Id.
2350 1985 2479 2027 xvu,
2514 1970 2586 2036 3).
2625 1969 2699 2021 Ex
2745 1967 2831 2019 bis
2864 1973 3018 2020 tanta
3050 1968 3298 2020 nascitur
3324 1968 3574 2035 dilectio,
3610 1974 3739 2022 tan-

2042 2045 2131 2093 tus
2162 2040 2329 2093 ardor
2377 2039 2600 2109 paterni
2646 2038 2857 2091 amoris
2878 2040 2919 2104 ί,
2952 2044 3109 2091 tanta
3155 2039 3391 2092 dulcedo
3424 2039 3734 2106 charitatis,

2040 2115 2198 2164 tanta
2241 2111 2495 2163 fervendi
2538 2109 2719 2179 copia,
2750 2113 2906 2162 tanta
2940 2109 3206 2162 desiderii
3248 2110 3647 2177 vehementia;
3677 2116 3741 2163 ut

2042 2197 2144 2234 nec
2174 2180 2401 2235 satietas
2424 2180 2774 2234 desiderium
2798 2180 3039 2245 minuat,
3066 2196 3170 2233 nec
3200 2181 3546 2235 desiderium
3578 2181 3743 2234 satie-

2041 2256 2215 2305 tatem
2262 2252 2552 2322 impediat.
2604 2250 2750 2314 Quid
2801 2257 2886 2304 est
2930 2251 3085 2304 hoc?
3137 2252 3299 2305 Certe
3347 2253 3501 2322 quod
3546 2253 3742 2306 oculus

2043 2340 2158 2376 non
2205 2323 2359 2386 vidit,
2426 2339 2529 2376 nec
2581 2323 2733 2374 auris
2784 2322 3015 2386 audivit,
3072 2337 3177 2375 nec
3222 2322 3283 2375 in
3344 2339 3439 2376 cor
3486 2322 3738 2377 hominis

2042 2394 2310 2461 ascendit,
2346 2409 2475 2463 quae
2506 2393 2845 2462 praeparavit
2880 2394 3026 2445 Deus
3053 2392 3423 2462 diligentibus
3454 2410 3532 2448 se.

2300 2464 2525 2518 CAPUT
2567 2464 2837 2516 LXXVIII.
2882 2493 2949 2502 —
2987 2464 3246 2531 Epil0gus
3286 2467 3480 2533 operis.

2114 2536 2245 2613 Haec
2300 2534 2423 2595 tibi,
2485 2550 2662 2613 soror:
2724 2534 2791 2587 de
2848 2533 3261 2613 beneficiorum
3315 2534 3739 2613 praeteritorum

2044 2605 2249 2661 Christi
2288 2605 2585 2668 memoria,
2626 2603 2695 2656 de
2737 2604 3107 2673 praisentium
3138 2603 3507 2673 experientia,
3542 2605 3611 2658 de
3643 2621 3738 2657 ex-

2042 2675 2388 2746 spectatione
2402 2674 2998 2746 futurorumquaadam
3016 2674 3448 2746 meditationum
3473 2676 3740 2746 spiritua-

2044 2743 2183 2800 lium
2211 2746 2430 2798 semina
2476 2743 2881 2815 przeseminare
2928 2745 3139 2809 curavi,
3191 2760 3254 2797 ex
3299 2743 3517 2815 quibus
3559 2745 3738 2799 divini

2041 2817 2252 2870 amoris
2280 2814 2494 2869 fructus
2523 2814 2754 2868 uberior
2791 2815 3006 2867 oriatur
3034 2820 3087 2867 et
3116 2814 3329 2867 crescat
3352 2832 3364 2868 :
3403 2821 3465 2869 ut
3498 2816 3744 2869 medita-

2042 2888 2121 2942 tio
2153 2888 2413 2941 atfectum
2454 2890 2730 2951 exerceat,
2770 2885 3001 2939 affectus
3038 2885 3382 2938 desiderium
3420 2886 3625 2955 pariat,
3661 2886 3742 2939 la-

2041 2975 2262 3029 crymas
2293 2957 2640 3011 desiderium
2681 2956 2925 3012 excitet:
2962 2959 3026 3009 ut
3063 2956 3176 3029 sint
3202 2956 3465 3027 lacrymaa
3496 2962 3606 3011 tua:
3640 2974 3743 3027 pa-

2040 3026 2142 3083 nes
2171 3030 2261 3084 die
2291 3046 2355 3082 ac
2376 3035 2562 3093 nocte,
2593 3029 2773 3081 donec
2798 3043 3073 3097 appareas
3098 3026 3155 3080 in
3179 3026 3485 3097 conspectu
3510 3026 3655 3098 ejus,
3687 3033 3745 3082 et

2041 3100 2365 3172 suscipiaris
2404 3101 2475 3153 ab
2515 3099 2871 3172 amplexibus
2910 3100 3051 3172 ejus,
3097 3099 3360 3169 dicasque
3390 3100 3554 3165 illud,
3588 3099 3743 3168 quod

2041 3173 2102 3226 in
2133 3172 2376 3227 Canticis
2426 3171 2703 3240 scriptum
2752 3174 2873 3223 est:
2928 3171 3159 3223 Dilectus
3196 3185 3341 3223 meus
3385 3172 3544 3237 mihi,
3569 3176 3619 3222 et
3650 3179 3743 3236 ego

2039 3245 2126 3297 illi
2152 3244 2328 3311 (Cant.
2361 3260 2396 3309 ι,
2455 3243 2561 3309 l2).
2601 3242 2780 3294 Habes
2824 3256 2995 3306 nunc,
3029 3241 3175 3294 sicut
3222 3241 3426 3311 petisti,
3478 3256 3741 3310 corpora-

2041 3315 2122 3368 les
2151 3312 2601 3381 constitutiones,
2650 3311 2859 3382 quibus
2902 3312 3121 3365 inclusa
3166 3312 3460 3365 exterioris
3490 3311 3741 3365 hominis

2045 3401 2233 3439 mores
2278 3399 2605 3453 componas.
2662 3382 2842 3436 Habes
2889 3383 3129 3436 formam
3175 3383 3584 3452 praescriptam,
3628 3398 3743 3452 qua

2041 3456 2373 3509 interiorem
2408 3452 2723 3513 hominem,
2767 3455 2852 3507 vel
2890 3470 3101 3522 purges
3130 3469 3161 3505 a
3196 3453 3365 3518 vitiis,
3399 3454 3484 3507 vel
3515 3452 3739 3506 virtuti-

2042 3527 2148 3581 bus
2176 3543 2361 3580 ornes.
2402 3526 2582 3579 Habes
2612 3524 2672 3577 in
2708 3523 2919 3593 triplici
2951 3524 3322 3577 meditatione
3362 3524 3652 3595 quomodo
3681 3522 3743 3576 in

2040 3603 2096 3653 te
2127 3598 2492 3652 dilectionem
2522 3595 2750 3660 excites,
2782 3594 3022 3658 nutrias,
3056 3599 3111 3647 et
3140 3594 3431 3650 accendas.

2646 3668 2837 3714 Versus
2872 3663 3150 3714 notabiles.

2164 3729 2349 3778 Dulcia
2378 3732 2504 3777 sunt
2528 3728 2718 3776 animas
2746 3727 2949 3785 solatia,
2977 3740 3095 3789 quae
3126 3727 3218 3789 tibi
3250 3727 3462 3776 mando.

2165 3793 2294 3841 Nam
2326 3794 2547 3854 prosunt
2574 3790 2811 3849 minime,
2844 3789 2945 3837 nisi
2977 3788 3149 3837 serves
3175 3788 3288 3838 haec
3318 3789 3608 3852 Operando.

2040 3864 2098 3920 Si
2128 3864 2256 3934 quis
2287 3862 2463 3933 igitur
2495 3863 2556 3915 in
2603 3862 2774 3932 hujus
2821 3861 2996 3934 libelli
3046 3862 3368 3934 locutione?
3414 3858 3742 3934 profecerit,

2040 3929 2187 3990 hanc
2218 3929 2401 3988 labori
2434 3950 2559 3987 meo
2597 3929 2695 3987 vel
2718 3932 2903 3986 studio
2932 3932 3113 3985 vicem
3141 3929 3455 4002 impendat,
3496 3936 3560 3985 ut
3591 3929 3745 4000 apud

2042 4007 2393 4061 Salvatorem
2424 4020 2616 4058 meum
2649 4019 2817 4074 quem
2842 4002 3040 4073 diligo,
3074 4004 3221 4073 apud
3256 4008 3743 4074 remuneratorem

2043 4094 2236 4132 meum
2270 4092 2441 4148 quem
2476 4072 2762 4148 exspecto,
2787 4075 2936 4148 apud
2960 4072 3209 4148 judicem
3236 4090 3448 4142 meum,
3482 4088 3654 4144 quem
3680 4072 3749 4126 ti-

2038 4166 2190 4213 meo,
2222 4143 2325 4218 prb
2357 4146 2601 4216 peccatis
2634 4143 2773 4197 meis
2804 4144 3137 4197 intercedat.

2101 4239 2121 4307 ξ
2145 4235 2295 4307 Apud
2314 4233 2567 4307 A'iiselm'q
2588 4234 2661 4294 pii
2682 4234 2886 4307 anmorts
2900 4247 2918 4279 .·
2932 4237 3144 4307 θξῡωοξο,
3165 4233 3316 4307 lania
3331 4229 3552 4307 fruendi
3571 4233 3744 4307 copiq.

2100 4300 2121 4332 ²
2151 4292 2237 4345 Sic
2264 4297 2320 4344 in
2352 4297 2406 4343 Β.
2439 4299 2491 4343 et
2516 4292 2668 4355 Lov.;
2709 4294 2842 4343 forte
2872 4294 3055 4343 melius
3085 4294 3368 4353 diceretur,
3397 4292 3641 4345 lectione;
3673 4294 3745 4343 M.

232 4431 3719 4457 ____________________________________—__________.___

1087 4545 1843 4706 INDEX
2034 4538 2889 4699 RERUM

806 4791 1005 4869 QUrE
1098 4788 1185 4855 IN
1277 4786 1453 4853 HOC
1546 4784 1826 4852 PRIMO
1919 4781 2394 4851 VOLUMINE
2489 4777 3169 4845 CONTINENTUR.

230 5069 472 5117 EPISTOLA
497 5079 846 5115 nsnxcuonu.
1813 5062 1932 5109 9-10

230 5132 285 5181 In
315 5143 617 5179 novxssmm
649 5127 700 5176 S.
736 5129 1014 5177 Aucusmu
1053 5139 1254 5176 OPBRU!
1284 5136 1557 5174 nnnrroxsu
1586 5136 1775 5172 PREFA-

293 5206 373 5241 TIO
406 5205 693 5240 essemus.
1788 5185 1933 5233 13-14

232 5255 286 5304 In
313 5255 620 5303 Appmvmcss
654 5254 1058 5301 Auansrmums
1088 5264 1146 5300 ar
1175 5264 1288 5299 ALIA
1320 5262 1369 5299 IN
1404 5262 1501 5298 noc
1522 5260 1778 5298 vomitum

292 5330 545 5366 CONTENTA
573 5329 741 5363 BREVIS
767 5328 1031 5363 PREFATIO.

230 5382 381 5430 VITA
409 5379 703 5428 POSSIDII.

230 5444 379 5493 VITA
408 5442 460 5490 S.
486 5440 748 5490 AURELII
780 5437 1145 5495 AUGUSTINI,
1167 5434 1596 5485 HIPPOINENSIS
1618 5432 1782 5482 EPIS-

292 5504 459 5562 COPI,
487 5508 701 5552 auctore
730 5501 968 5549 Possidio
999 5499 1294 5549 Calamensi
1324 5498 1588 5561 episc0po.
1780 5496 1933 5562 3_3_-_3ﬁ

235 5556 491 5615 Praefatio.
1355 5556 1372 5561 ’
1506 5556 1519 5561 ’
1800 5556 1932 5607 Ibid.

233 5629 615 5697 CAi’U'LPBII‘iII‘.
635 5624 915 5697 Augustini
938 5627 1102 5697 ortus,
1120 5623 1391 5697 conversio
1404 5625 1455 5671 et
1469 5621 1777 5697 baptismus.

293 5691 551 5741 Ambrosii
581 5683 821 5739 doctrina
854 5690 1135 5735 revocatur
1163 5686 1228 5734 ab
1262 5698 1436 5734 errore
1470 5683 1779 5733 Manichaeo-

1782 5309 1933 5357 27-28

1784 5372 1934 5420 31-32

2044 5072 2354 5188 Ιῐῖιίἱῐὲιῖᾳῐίε
2400 5116 2648 5188 omnibus
2685 5115 2914 5188 suscipit
2952 5117 3279 5188 propositum
3324 5057 3743 5188 serviendiaa-zjf

2107 5183 2233 5249 Περ,
2259 5182 2369 5242 jam
2405 5182 2558 5249 annis
2594 5182 2762 5249 major
2790 5182 3025 5249 triginta.
3070 5241 3084 5249 _
3150 5239 3160 5249 _
3345 5241 3354 5249 _
3684 5182 3743 5228 35

2042 5245 2133 5293 III.
2170 5239 2415 5291 Secessus
2455 5240 2754 5304 Augustini.
2785 5239 3008 5297 Quidam
3039 5241 3104 5289 ab
3133 5239 3431 5302 Augustino
3462 5254 3585 5290 con-
3683 5306 3742 5351 36

2104 5318 2307 5353 versus.
3685 5307 3695 5321 -

2044 5369 2130 5417 IV.
2163 5366 2375 5429 Capitur
2400 5364 2462 5429 ad
2491 5364 2798 5429 presbyterii
2825 5364 3065 5429 gradum.
3156 5425 3166 5429 _
3401 5427 3408 5429 _
3608 5366 3736 5415 Ibid.

2043 5430 2105 5481 V.
2144 5425 2517 5477 Monasterium
2548 5425 2791 5491 instituit.
2826 5425 3061 5474 Valerius
3087 5425 3364 5488 episcopus
3384 5427 3587 5491 Augus~

2106 5492 2217 5540 tino
2250 5492 2555 5553 presbytero
2582 5489 2671 5538 dat
2691 5494 2999 5553 potestatem
3030 5501 3206 5536 coram
3219 5501 3274 5537 se
3299 5489 3586 5551 praedican-

2107 5554 2159 5602 di
2183 5551 2395 5601 verbum
2413 5551 2537 5599 ’Dei.
2693 5551 2704 5553 ⁷
3683 5554 3737 5603 37

2044 5616 2130 5666 VI.
2168 5615 2449 5664 Conﬂictus
2478 5614 2757 5676 Augustini
2786 5626 2905 5661 cum
2940 5612 3225 5676 Fortunato
3254 5611 3561 5676 Manichaee.
3683 5616 3741 5661 38

2043 5679 2154 5729 VII.
2192 5677 2330 5726 Libri
2374 5680 2426 5724 et
2458 5674 2710 5725 tractatus
2734 5674 3013 5737 Augustini
3049 5679 3232 5723 contra
3261 5674 3379 5723 ﬁdei
3410 5675 3585 5725 hostes
