4014 6164
163 315 288 369 1481

217 437 382 486 laicos
405 437 584 500 scribit
613 436 958 500 Augustinus.
1765 443 1854 489 330

155 499 240 549 XI.
281 503 303 548 1
341 498 720 563 Crispinusead'
732 499 1052 563 colloquium
1078 504 1393 560 provocatus
1422 502 1591 550 verbis
1620 515 1698 550 re-

217 561 659 624 spondet‘amaris
679 565 730 609 et
758 561 1043 611 maledicis.
1077 565 1104 610 2
1135 563 1421 611 Donatistae
1443 563 1705 612 invadunt

215 623 270 671 in
295 622 606 672 Possidium.
639 625 666 671 3
694 623 824 671 Tum
851 623 1095 672 Ecclesia:
1117 624 1585 673 defensormulctze
1613 639 1704 673 au-

213 685 366 733 rariaa
391 684 651 748 bzereticis
668 685 910 748 irrogatze
933 686 1173 734 damnari
1205 686 1506 748 Crispinum
1531 692 1700 740 curat.

213 759 370 809 quem
391 750 443 795 et
460 746 685 810 subinde
713 746 980 810 Possidius
1007 749 1194 810 probat
1215 746 1539 810 haereticum.
1565 751 1591 797 4
1619 748 1696 797 llli

210 807 402 873 tamen
425 813 625 873 postea
644 807 805 873 hujus
838 807 1023 873 pugna-3'
1054 809 1500 873 condonationem
1529 812 1699 873 impeg-

209 872 351 919 trant
375 869 646 934 Catholici.
676 872 702 918 5
723 869 946 934 Coneilii
961 871 1390 934 Carthaginensis
1411 869 1697 934 legatio—ad

205 932 460 994 petendas
498 933 562 979 ab
595 933 911 994 Imperatore
936 932 1078 993 leges
1107 932 1574 990 in'schismaticos,
1607 934 1695 983 sed

208 993 525 1042 moderatas.
548 995 576 1040 6
600 993 809 1054 Legatio
832 994 946 1042 haec
970 995 1190 1043 Theasio
1212 1000 1263 1043 et
1281 995 1466 1043 Evasio
1487 996 1701 1044 deman-

209 1054 380 1103 datur.
407 1059 432 1103 7
464 1055 854 1103 Donatistarum
889 1056 943 1103 in
972 1057 1352 1105 Maximianum
1373 1057 1698 1116 immanitas,

211 1118 238 1180 8
270 1119 328 1164 In
355 1117 576 1180 Servum
607 1131 819 1180 quoque
850 1117 1153 1180 episcopum
1180 1119 1459 1167 invadunt.
1764 1119 1853 1165 334

149 1176 255 1242 XII.
292 1182 312 1226 1
349 1176 664 1242 Scaudalum
700 1176 935 1240 Hippone
964 1176 1177 1242 prepter
1206 1180 1532 1228 Bonifacium
1562 1193 1700 1242 pres-

211 1239 454 1303 byterum
475 1241 694 1303 etSpem
718 1239 980 1288 exortum:
999 1244 1025 1289 2
1046 1239 1318 1303 Augustini
1349 1242 1446 1290 hac
1467 1244 1529 1291 de
1558 1239 1612 1289 re
1632 1249 1697 1289 iltl

212 1301 602 1364 conﬁrmandos
630 1302 991 1364 Hipponenses
1012 1301 1218 1352 litterae.
1241 1308 1268 1350 3
1290 1304 1511 1351 Felicem
1534 1303 1698 1351 Mani-

213 1364 418 1411 clizeum
449 1363 716 1411 convincit
739 1363 795 1411 et
815 1365 880 1411 ab
901 1378 1077 1413 errore
1099 1370 1325 1414 revocat.
1351 1367 1376 1413 4
1403 1366 1612 1413 Librum
1635 1366 1699 1413 de

212 1425 410 1473 Natura
439 1425 564 1473 boni
593 1425 773 1473 scribit
794 1430 978 1474 contra
1000 1427 1408 1476 Manichaeorum
1435 1426 1696 1474 haeresim.

215 1489 241 1534 5
277 1487 422 1542 Hanc
451 1487 586 1535 libro
612 1488 898 1548 praesertim
921 1489 1172 1536 adversus
1193 1488 1554 1536 Secundinuin
1585 1489 1695 1536 cdi-

212 1551 264 1596 to
290 1548 546 1611 funditus
555 1548 760 1611 evertit.
785 1551 812 1596 6
843 1549 1222 1611 Exacerbatum
1252 1549 1557 1611 Hieronymi
1583 1550 1697 1597 ani-

210 1623 356 1673 mum
404 1609 710 1673 humilitate
741 1623 835 1657 sua
880 1610 1100 1673 mitigat.
1151 1613 1178 1658 7
1227 1611 1420 1658 Eorum
1452 1609 1696 1672 epistolae

208 1671 348 1720 ultro
379 1671 613 1733 citroque
646 1670 835 1718 missae.
1003 1670 1020 1673 ⁷
1213 1711 1220 1716 .
1490 1670 1507 1672 “
1761 1673 1852 1720 342

147 1767 294 1816 Linea
331 1780 541 1830 sextust
567 1792 625 1801 —
662 1766 720 1814 In
756 1780 860 1828 quo
898 1771 1187 1830 narrantur
1221 1781 1338 1830 qua:
1368 1767 1697 1830 Augustinus

244 1829 370 1892 essit
390 1843 418 1876 a
439 1827 575 1892 datis
608 1841 748 1892 anno
773 1827 1296 1892 quadringentesimo
1325 1827 1511 1892 quinto
1542 1830 1694 1878 novis

231 1890 414 1953 egibus
453 1890 506 1953 in
526 1889 856 1953 Donatistae,
899 1889 1064 1953 usque
1095 1891 1160 1939 ad
1195 1889 1539 1940 Collationem
1576 1904 1693 1939 cum

212 1950 397 1999 iisdem
427 1950 775 1999 schismaticis
810 1950 1292 2014 Carthaginensem.
1641 1953 1850 2001 347-348

146 2039 550 2097 Carunraiumi.
595 2040 611 2084 1
653 2035 843 2086 Severa
875 2037 960 2087 lex
990 2040 1054 2088 ab
1100 2040 1330 2088 Honorio
1372 2039 1477 2088 lata
1514 2044 1697 2088 contra

210 2101 582 2164 Donatistae?
611 2098 739 2147 Aliae
756 2101 811 2149 in
839 2101 1049 2164 eosdem
1079 2100 1239 2163 leges.
1262 2101 1294 2149 3
1326 2101 1604 2164 Augustini
1630 2101 1694 2149 ad

213 2162 494 2224 Paulinum
534 2160 738 2224 litterae.
779 2164 817 2224 4,
849 2162 1096 2210 Fructum
1127 2160 1284 2224 quam
1315 2160 1604 2211 maiimum
1633 2177 1692 2212 ex

214 2224 432 2273 Honorii
476 2221 680 2283 legibus
710 2223 849 2285 capit
884 2221 1157 2272 Ecclesiaf
1187 2227 1213 2273 5
1249 2225 1541 2274 Concilium
1575 2225 1693 2272 Car-

210 2285 424 2349 thagine
452 2288 573 2346 post
600 2285 803 2334 restitui
829 2290 1055 2348 cceptam
1085 2287 1155 2334 ibi
1183 2287 1435 2336 unitatem
1467 2287 1698 2335 celebra-

214 2351 317 2396 tur.

148 2411 215 2458 II.
245 2409 722 2478 1__Hipponens_ium
760 2409 1154 2478 Donetistarum
1185 2409 1501 2478 immanitas.
1520 2413 1563 2478 ~2
1585 2409 1696 2478 Cae-

215 2470 1021 2532 ciliani'praesidiumimplorat
1068 2471 1415 2532 Augustinus.
1449 2474 1476 2519 3
1518 2471 1693 2520 Schis-

213 2531 526 2581 maticorum
573 2532 628 2595 in
673 2531 890 2595 reliqua,
922 2532 1094 2595 Africa
1136 2531 1300 2580 furor.
1351 2535 1377 2580 4
1427 2533 1695 2595 Sanguine

216 2595 428 2665 illorum
453 2593 698 2665 manibus
721 2592 835 2665 fuso
857 2593 1109 2665 Ecclesia:
1128 2595 1399 2665 55Legatos
1429 2595 1501 2664 ad_
1525 2592 1692 2665 [mpe-

215 2663 439 2727 ratorem
476 2655 693 2724 mittunt
733 2655 1111 2727 Donatistai.__6
1151 2657 1220 2704 De
1257 2655 1696 2727 illorum_inju_riis

214 2718 351 2780 apud
378 2717 687 2787 Januarium
723 2721 1019 2788 queruntur
1048 2717 1410 2788 Hipponenses
1435 2717 1629 2767 clerici.
1760 2720 1850 2765 353

148 2780 288 2828 111.1
339 2780 399 2827 In
435 2778 774 2840 Cresconium
814 2779 995 2840 scribit
1023 2779 1376 2840 Augustinus.
1409 2781 1437 2826 2
1472 2780 1691 2828 Paulum

215 2841 596 2902 Cataquensem
619 2839 683 2886 ad
703 2839 913 2902 vivendi
935 2839 1192 2902 rationem
1214 2839 1458 2902 episc0po
1482 2840 1696 2902 dignam

213 2900 462 2951 reducere
485 2902 674 2949 frustra
691 2900 896 2962 satagit.
929 2900 1170 2962 3,Scribit
1190 2900 1261 2948 ad
1277 2900 1582 2958 Emeritum,
1611 2902 1700 2949 do-

216 2964 330 3033 lens
359 2977 480 3033 eum
521 2962 800 3033 schismate
821 2961 1160 3033 implicitum.
1211 2965 1255 3033 4__
1285 2963 1699 3033 qusciilatunc

215 3026 349 3074 forte
371 3025 510 3074 edita
535 3027 719 3071 contra
746 3023 1047 3071 Donatistas
1085 3024 1201 3071 tria.
1233 3027 1259 3072 5
1293 3023 1441 3072 Liber
1463 3025 1526 3073 de
1557 3025 1695 3072 Divi-

215 3087 430 3136 natione
459 3085 781 3148 dzeinonum.
803 3087 831 3132 6
853 3084 950 3148 Sex
969 3086 1279 3146 quaestiones
1303 3087 1552 3148 expositas
1575 3101 1699 3135 con-

216 3154 298 3198 tra
327 3151 582 3211 Paganos,
616 3147 680 3211 ad
729 3147 1102 3211 presbyterum,
1127 3147 1445 3211 Deogratias.
1476 3151 1502 3196 7
1528 3149 1699 3211 Expo-

215 3212 336 3260 sitio
372 3208 631 3272 Epistolis
651 3208 832 3256 Jacobi
858 3208 936 3272 ad
967 3208 1256 3272 duodecim
1276 3209 1458 3258 tribus.
1492 3213 1518 3259 8
1552 3208 1700 3260 Liber

216 3273 291 3341 de
311 3270 468 3341 iunco
494 3271 772 3341 baptismo,
809 3270 871 3318 ad
909 3270 1330 3341 Constantinum:
1366 3332 1375 3341 .
1532 3337 1539 3341 _
1609 3334 1619 3341 .
1686 3334 1695 3341 _
1764 3273 1854 3321 359

153 3336 242 3384 ιν.
279 3339 296 3383 1
333 3332 758 3403 Carthaginensis
789 3333 998 3403 concilii
1035 3332 1698 3403 ani_ii_quadringe‘n_tesimi

220 3397 425 3459 septimi
449 3393 699 3459 placitum
725 3394 789 3442 de
818 3393 1061 3459 episcopo
1083 3393 1325 3459 plebibus
1340 3408 1404 3443 ex
1421 3393 1700 3459 schismate

220 3455 411 3526 Donati
441 3455 708 3526 conversis
726 3455 1142 3526 praeficiendo£2
1167 3456 1409 3526 Ejusdem
1441 3457 1505 3526 ad
1531 3458 1698 3526 Impe-

221 3525 447 3569 ratorem
492 3517 742 3580 legationi
787 3517 929 3580 leges
959 3517 1217 3580 indultaef
1241 3521 1284 3580 37
1311 3517 1700 3579 Rogatistariim

223 3581 449 3630 schisma
488 3578 828 3648 certeniiensi
849 3578 1059 3648 oppido
1089 3578 1549 3648 etﬁvicinioribus
1572 3581 1701 3648 locis

222 3647 549 3711 contentum.
573 3643 630 3711 .4
670 3640 950 3711 Yinceiitii'
977 3640 1117 3711 apud
1147 3642 1442 3711 Rogatistas
1471 3642 1701 3705 episc0pi

219 3701 777 3768 prwcipuiepistolain
813 3701 1138 3768 Augustinus
1167 3701 1400 3768 re_l'e|lit._
1506 3701 1517 3704 ’
1587 3765 1594 3768 Α
1651 3701 1667 3705 ”
1766 3706 1856 3752 365

158 3763 269 3816 νς(
305 3763 734 3827 Μθὶεωὶείεθῃὶοι·
761 3763 815 3811 in
857 3763 1081 3812 Africam
1108 3764 1297 3827 venit,
1320 3767 1348 3812 2
1377 3764 1703 3827 Augustinus

222 3827 482 3890 scribitad
510 3825 806 3890 Paulinum,
832 3839 861 3890 ᾳ
883 3839 988 3888 quo
1018 3825 1700 3890 vicissimlitterasaccipiet.

223 3893 252 3940 3
281 3887 668 3938 Calaniensiuin
695 3887 1090 3936 idololatrarum
1131 3887 1413 3937 insolentia
1441 3894 1493 3937 et
1514 3887 1699 3937 feroci-

1719 2347 1847 2397 Ibid.

225 3958 324 4001 tas.
348 3954 373 4000 4
403 3949 756 4013 Augustinum
777 3950 1048 3998 Nectarius
1070 3964 1164 4012 pro
1184 3951 1286 3999 reis
1308 3950 1704 4000 Calamensibus

226 4015 335 4062 suis
365 4011 565 4062 civibus
595 4011 922 4072 deprecatur.
955 4015 981 4060 5
1014 4011 1206 4060 Eurum
1231 4014 1297 4061 ob
1327 4013 1496 4061 scelus
1528 4015 1580 4061 in
1611 4027 1703 4060 au-

227 4077 333 4124 lam
379 4088 432 4122 se
461 4073 665 4121 confert
696 4073 980 4120 Possidius.
1012 4077 1040 4120 6
1079 4075 1297 4121 Paulino
1328 4075 1568 4123 rescribit
1600 4075 1703 4123 Au-

227 4135 488 4198 gustinus.
531 4133 574 4198 7_
603 4134 816 4198 Necnon
846 4135 1074 4198 Memori
1090 4135 1352 4196 episcopo,
1382 4136 1465 4183 cui
1504 4141 1706 4184 sextum

177 4237 189 4248 .
227 4193 290 4245 Ex
321 4196 468 4245 libris
498 4193 606 4242 suis
633 4193 696 4240 de
727 4193 923 4240 Musica
943 4193 1137 4242 mittitf
1271 4193 1284 4196 “
1771 4199 1861 4245 363

166 4261 253 4310 VI.
282 4262 303 4307 1
339 4259 399 4305 In
429 4254 1126 4319 Stilichouisauctoritatem
1155 4256 1386 4319 succedit
1415 4256 1704 4319 Olympius.

230 4323 259 4369 2
282 4319 483 4368 Huicin
515 4315 765 4380 Bonifacii
783 4316 1371 4380 Cataquensisepiscoiii
1395 4315 1604 4380 negotio
1629 4319 1709 4366 lit~

231 4388 370 4431 teras
399 4379 558 4428 mittit
587 4377 940 4441 Augustinus.
961 4381 988 4426 3
1021 4377 1271 4427 Bonifacii
1310 4377 1536 4441 episcopi
1568 4394 1711 4441 quie-

231 4444 428 4493 stiones
461 4442 525 4490 ab
552 4440 846 4503 Augustino
871 4445 1226 4502 exponuntur.
1263 4444 1287 4489 4
1321 4442 1443 4490 Post
1468 4440 1710 4491 Stilicho-

232 4507 315 4555 nis
339 4517 519 4554 necem
547 4502 990 4566 tumultuantibus
1019 4502 1253 4566 Etlinicis
1278 4506 1329 4551 et
1357 4504 1572 4552 [rlzeretis
1603 4518 1712 4566 per-

232 4568 476 4617 turbatur
488 4565 733 4613 Ecclesia.
755 4566 781 4612 5
795 4565 1019 4612 Novusin
1040 4578 1130 4612 eos
1145 4564 1285 4627 leges
1305 4567 1368 4614 ab
1393 4567 1468 4614 Im
1493 4564 1712 4614 ieratore

233 4631 482 4676 obtentui.
509 4631 536 4675 6
563 4627 824 4674 Donatum
850 4631 1002 4676 ronat
1025 4627 1366 4676 Aiiizustiuus.
1399 4632 1458 4676 ut
1477 4581 1711 4676 lenitatis

233 4631 482 4678 obtentui.
509 4631 536 4675 6
563 4627 824 4674 Donatum
850 4631 1002 4688 rogat
1025 4627 1366 4689 Augustinus,
1399 4632 1458 4676 ut
1479 4627 1711 4677 lenitatis

234 4691 532 4741 christiana:
554 4701 771 4748 memor,
791 4689 1088 4752 Donatistas
1102 4689 1176 4752 sic
1199 4689 1319 4752 data
1339 4689 1437 4738 sibi
1457 4694 1711 4752 potestate

236 4757 490 4814 coerceat,
520 4756 581 4814 ut
603 4763 711 4799 non
742 4750 961 4814 occidat.
984 4753 1011 4798 7
1043 4751 1118 4798 Ad
1153 4750 1384 4814 Italicam
1414 4750 1607 4799 scribit.
1778 4753 1866 4800 374

174 4817 284 4865 νη.
305 4819 325 4863 1
350 4812 507 4876 Leges
525 4813 773 4876 adversus
795 4812 1042 4860 Ethnicos
1063 4816 1114 4876 et
1137 4812 1420 4876 Haereticos
1438 4814 1714 4876 latasrcon-

239 4878 409 4924 tirmat
431 4875 718 4931 Honorius;
741 4875 1343 4937 rursumqueNectarius
1366 4875 1713 4937 Augustinum

239 4951 334 5000 pro
352 4937 750 5000 Calamensibu‘s
775 4940 941 5000 rogat,
965 4937 994 4983 2
1016 4936 1248 5000 Libertas
1265 4936 1531 5000 Haereticis
1552 4941 1604 4984 et
1625 4937 1716 5000 Pa-

277 4999 392 5047 anis
435 4999 500 5047 ab
534 4996 762 5046 Honorio
796 4996 1017 5046 indulta.
1050 5001 1076 5046 3
1107 4998 1184 5045 Ad
1215 4999 1512 5046 Donatistae
1542 4999 1720 5047 scribit

288 5061 645 5130 ugusti.n_us.__4
687 5059 899 5130 Necnon
941 5059 1012 5130 ad
1056 5060 1281 5130 gestum.
1321 5063 1347 5108 5
1379 5061 1718 5130 Summopere

244 5120 516 5171 contendit
541 5136 571 5168 a
590 5120 871 5180 Macrobio,
899 5124 958 5169 ut
978 5134 1044 5169 ne
1061 5121 1423 5170 Rusticianuui
1449 5120 1723 5170 suddiaco-

247 5197 374 5232 num
405 5186 695 5245 apostatam
715 5183 1010 5245 rebaptizet.
1031 5185 1060 5229 6
1078 5183 1292 5231 Litteras
1322 5184 1387 5232 ad
1411 5183 1583 5232 varios
1603 5183 1723 5232 scri-

248 5246 325 5294 bit
353 5245 407 5294 in
429 5244 660 5307 Faventii
680 5244 919 5307 gratiam.
950 5248 976 5292 7
1002 5245 1369 5307 \"ictorianum
1395 5247 1461 5293 ob
1483 5245 1725 5294 intolera-

249 5308 380 5357 biles
403 5306 544 5355 orbis
573 5306 896 5354 calainitates
923 5306 1102 5355 animo
1133 5307 1356 5355 fractum
1383 5307 1706 5356 corroborat.
1790 5312 1874 5356 381

188 5371 329 5420 \‘lll.
374 5373 393 5418 1
433 5368 586 5432 Anno
624 5368 1141 5432 quadringentesimo
1179 5369 1400 5432 decimo,
1428 5373 1730 5432 expugnata

254 5433 406 5488 Urbe,
437 5429 607 5479 varios
631 5429 702 5494 ea
741 5429 887 5494 dere
918 5443 1185 5494 sermones
1210 5431 1369 5480 habet
1399 5431 1465 5479 ad
1494 5429 1722 5494 plebem.

249 5499 278 5544 2
322 5492 744 5556 Hipponensibus
780 5491 1072 5541 absentiam
1119 5505 1268 5541 suam
1306 5491 1538 5556 excusat,
1571 5498 1730 5556 utque

251 5558 316 5606 de
357 5553 643 5605 vestiendis
686 5567 780 5617 pro
815 5567 912 5603 suo
944 5567 1088 5603 more
1123 5555 1443 5618 pauperibus
1480 5553 1730 5619 cOgiteiit,

498 5633 776 5700 PATROL.
827 5632 1073 5699 XXXII.

1641 316 1873 374 INDEX
1912 317 2183 376 RERUM.

3536 329 3680 387 1482

2034 441 2290 512 uertatur.
2393 442 2435 491 A
2467 444 2653 512 morbo
2681 433 3083 512 __conva_fescens_
3113 447 3221 512 ruri
3246 451 3534 512 respondet

2032 503 2285 566 Dioscoro
2317 503 2380 552 de
2409 505 2797 566 quaestionibus
2832 506 2897 553 ab
2922 520 2982 554 eo
3014 508 3186 555 missis
3239 513 3264 558 4
3296 503 3528 561 censen-

2034 564 2164 630 tium
2194 565 2355 630 animi
2375 564 2708 630 simplicitate
2727 580 2787 630 ac
2810 568 2926 630 sine
2945 571 3244 630 arrogantia
3266 579 3528 623 errantem

2030 626 2268 698 dedocet,
2315 626 2858 698 imbuiiqiieseniori
2903 626 3161 698 doctrina.
3215 636 3240 681 5
3284 634 3528 698 Colendaa

2029 702 2142 752 ante
2175 689 2378 752 cuique
2395 689 2665 752 religionis
2707 690 3007 738 libertatem
3049 693 3222 741 datam
3254 696 3390 745 tollit
3425 699 3527 746 Ho-

2029 751 2229 812 norius.
2267 751 2294 798 6
2327 750 2469 812 Idem
2497 750 2650 812 jubet
2681 756 2739 799 ut
2775 752 3033 800 Catholici
3081 769 3199 802 cum
3239 757 3524 808 Donatistis

2029 811 2084 858 in
2113 811 2432 873 colloquium
2464 811 2696 861 veniant.
2721 817 2746 860 7
2783 814 3029 862 Ciirando
3060 815 3251 864 futura:
3281 819 3522 870 Collatio-

2028 873 2109 920 nis
2143 874 2300 937 modo
2328 888 2388 921 ac
2419 875 2591 922 ordini
2627 875 2912 937 praeficitur
2947 877 3302 933 Marcellinus.
3585 887 3677 933 389

1969 931 2107 1000 IXL1
2146 935 2398 1000 Pinianus
2427 941 2477 983 et
2515 931 2740 1000 Melania
2780 951 2898 1000 cum
2942 937 3102 1000 hujus
3137 931 3302 988 matre
3333 940 3522 991 Albina

2026 997 2301 1062 Tagastain
2321 996 2625 1062 adventant.
2650 1001 2677 1046 2
2699 999 2804 1046 Hos
2829 999 2953 1062 illuc
2977 996 3203 1062 invisere
3224 1004 3518 1062 Augustino

2027 1071 2134 1121 non
2160 1059 2296 1121 licet.
2327 1062 2354 1106 3
2388 1059 2681 1121 Hipponem
2713 1065 2857 1108 venit
2889 1060 3158 1109 Pinianus.
3189 1065 3215 1110 4
3255 1059 3385 1111 Eum
3417 1066 3516 1113 sibi

2025 1120 2176 1228 plebs
2207 1120 2560 1181 Hipponensis
2588 1121 2638 1168 in
2668 1123 3032 1184 presbyterum
3063 1125 3246 1184 poscit.
3329 1127 3512 1175 Ortum

2065 1181 2149 1228 inc
2197 1183 2483 1228 tumultum
2534 1184 2817 1228 compescit
2854 1183 3124 1228 Pinianus.
3175 1186 3410 1228 Ilinnnnp.
3458 1203 3512 1228 ςρ

2065 1181 2149 1230 inc
2197 1183 2491 1248 tumultum
2518 1181 3133 1248 coinpescit'Pinianus,
3175 1186 3410 1248 Hippone
3458 1203 3516 1236 se

2027 1243 2734 1307 mansurumadbibitojuirej
2745 1246 2948 1307 urando
2962 1243 3252 1306 pollicitus:
3263 1243 3290 1296 6
3313 1249 3516 1298 Albinae

2026 1305 2371 1368 atqueAlypii
2396 1306 2459 1353 de
2491 1306 2554 1353 iis
2575 1305 2692 1368 quae
2718 1305 2820 1355 sibi
2848 1305 3201 1356 sive’Piniano
3228 1316 3516 1359 evenerant

2025 1367 2278 1431 querelae.
2320 1369 2347 1414 7
2382 1367 2657 1431 Purgat’se
2692 1369 2829 1431 apud
2867 1382 2958 1416 eos
2987 1371 3332 1431 Augustinus.
3372 1375 3398 1419 8
3434 1374 3515 1420 Pi-

2026 1427 2549 1500 nianupostmoduin
2579 1427 2824 1500 abeundi
2845 1427 3150 1500 quovellet,
3179 1433 3320 1480 haud
3356 1434 3513 1500 dubie

2026 1488 2248 1559 licentia
2263 1490 2328 1536 ab
2356 1490 2784 1598 Hipponensibus
2815 1488 3026 1540 tributa.
3061 1495 3088 1540 9
3117 1494 3509 1544 Armentarium

2026 1554 2076 1598 et
2106 1551 2380 1598 Paulinam
2419 1565 2445 1598 a
2519 1552 2704 1598 mundi
2740 1556 3103 1598 contemptum
3134 1559 3182 1598 et
3213 1557 3274 1598 ad
3309 1557 3509 1598 salven-

2024 1554 2076 1614 et
2106 1551 2380 1614 Paulinam
2419 1551 2482 1598 ad
2519 1552 2704 1600 mundi
2740 1556 3103 1614 contemptum
3134 1559 3182 1602 et
3213 1557 3274 1602 ad
3309 1557 3514 1605 solven-

2026 1611 2153 1677 dum
2183 1613 2522 1677 cgutinentite
2541 1617 2732 1677 votum
2761 1611 3370 1677 hortaturiAugustinus.
3577 1623 3668 1669 397

1962 1671 2023 1720 X.
2055 1677 2076 1720 1
2110 1674 2182 1736 De
2213 1673 2503 1736 collatione
2538 1674 2676 1722 inter
2704 1677 2978 1736 episcopos
3004 1671 3300 1726 Catﬁolicos
3333 1684 3383 1728 et
3419 1679 3515 1726 Do-

2023 1735 2251 1798 natistase
2268 1735 2448 1798 habita
2477 1735 2791 1798 carthagine
2827 1751 2837 1783 :
2869 1735 3012 1784 illam
3039 1737 3224 1786 indicit
3253 1741 3511 1789 Marcelli-

2025 1809 2144 1859 nus.
2177 1798 2205 1843 2
2228 1796 2379 1858 Apud
2399 1796 2768 1859 Carthaginem
2793 1799 3118 1859 Augustinus
3144 1798 3369 1849 instante
3401 1801 3514 1849 Col-

2024 1856 2221 1905 latione
2260 1856 2624 1907 concionatiir'.
2671 1861 2698 1906 3
2740 1856 2980 1907 Insolens
3021 1860 3412 1909 Donatistarum
3454 1863 3510 1910 in

2023 1932 2138 1967 eam
2156 1919 2637 1981 urbemingressus,
2660 1921 3030 1969 eteorumdem
3048 1935 3320 1970 numerus.
3341 1927 3366 1972 4
3390 1925 3514 1972 Oui-

2023 1993 2145 2044 nem
2187 1980 2493 2044 Collationis
2532 1981 2788 2044 rationem
2832 1983 3005 2030 edicto
3045 1984 3338 2044 praescribit
3376 1986 3510 2033 Mar-

2024 2041 2264 2108 cellinus.
2309 2045 2336 2090 5
2366 2042 2670 2108 Collationis
2700 2043 2816 2092 loco
2853 2058 2985 2108 suos
3027 2041 3210 2108 omnes
3237 2046 3325 2108 qui
3353 2061 3504 2095 vene-

2024 2107 2150 2167 runt
2178 2104 2428 2152 interesse
2459 2104 2660 2164 volunt,
2697 2119 2757 2153 ac
2786 2106 3198 2167 subscriptiones
3229 2104 3352 2156 suas
3382 2108 3506 2157 dare

2024 2166 2154 2214 actis
2183 2170 2429 2214 recusant
2456 2167 2760 2214 Donatistae.
2791 2171 2818 2214 6
2851 2168 2940 2216 His
2967 2166 3218 2216 Catholici
3251 2169 3507 2218 conditio-

2025 2240 2144 2288 nem
2165 2240 2280 2274 eam
2293 2226 2539 2285 offerunt,
2563 2233 2620 2276 ut
2641 2227 2684 2275 si
2701 2242 2914 2276 causam
2945 2230 3233 2278 obtinuerit
3257 2231 3506 2288 Ecclesia,

2023 2287 2105 2336 vel
2135 2289 2494 2350 episcopatum
2524 2290 2784 2338 retineant
2821 2291 2898 2338 illi
2929 2291 3206 2339 redeuntes
3236 2293 3300 2340 ad
3332 2287 3510 2341 unitaé

2022 2353 2156 2414 tem,
2174 2351 2257 2414 vel
2285 2364 2346 2414 eo
2377 2364 2431 2399 se
2460 2351 2558 2413 ipsi
2593 2352 2937 2414 paritercum
2972 2352 3074 2400 illis
3103 2358 3316 2402 exuant.
3342 2359 3368 2403 7
3403 2355 3506 2402 Au-

2022 2412 2218 2472 gustini
2267 2412 2402 2459 alius
2457 2412 2972 2461 ante'Collationem
3019 2427 3190 2462 sermo
3245 2416 3309 2463 de
3359 2417 3506 2464 Pace.

2024 2473 2057 2537 8_
2080 2473 2380 2537 Episcopus,
2423 2475 2514 2535 qui
2545 2487 2664 2522 cum
2703 2474 3049 2522 schismaticis
3079 2475 3366 2537 disputent,
3411 2477 3505 2526 Ca-

2022 2534 2202 2599 tliolici
2233 2534 2530 2597 designant,
2565 2549 2698 2598 quos
2737 2540 2789 2584 et
2828 2537 3040 2599 egregio
3077 2534 3326 2587 mandato
3353 2534 3506 2588 com-

2021 2595 2290 2644 muniunt.
2352 2595 2370 2597 “
2583 2595 2598 2598 ’
2863 2595 2885 2598 “
2959 2595 2981 2599 ’
3575 2605 3664 2652 405

1961 2657 2048 2705 XI.
2080 2661 2100 2705 1
2135 2657 2440 2706 Collationis
2466 2658 2660 2706 habitae
2683 2658 2923 2707 kalendis
2948 2659 3114 2710 ,iuniis
3144 2660 3315 2708 initia.
3358 2663 3386 2708 2
3411 2662 3510 2710 Do-

2022 2694 2048 2704 ..
2080 2675 2100 2705 1
2135 2675 2440 2706 υοιιδιιοωε
2468 2675 2660 2706 ηδοιιω
2683 2675 2923 2707 Kaienuis
2975 2675 3114 2706 unus
3144 2675 3315 2708 IIlIlla.
3358 2675 3386 2708 2
3411 2675 3508 2710 U0-

2022 2719 2556 2782 natistteCatbolicos
2588 2733 2805 2782 omnes,
2847 2725 2904 2768 ut
2933 2675 2996 2767 de
3036 2721 3508 2782 subscriptionibus

2023 2780 2257 2828 mandati
2271 2794 2452 2828 eorum
2474 2781 2719 2829 certiores
2735 2780 2833 2829 ﬁan
2843 2786 2878 2835 t,
2895 2782 3070 2830 vocari
3084 2780 3286 2830 volunt.
3306 2786 3333 2831 3
3352 2783 3506 2831 Obla-

2022 2846 2130 2890 tam
2160 2841 2475 2905 consedendi
2507 2842 2804 2890 facultatem
2833 2856 2940 2891 non
2971 2843 3235 2905 accipiunt
3265 2845 3507 2892 Donatis-

2023 2907 2126 2966 ιω)
2155 2902 2385 2966 delectos
2411 2908 2583 2966 autem
2609 2918 2703 2966 pro
2730 2917 2783 2952 se
2804 2902 3162 2966 disputaturos
3181 2906 3506 2954 renuntiant.

2025 2966 2052 3030 4_
2085 2965 2140 3030 In
2168 2965 2644 3030 subscriptionibu’s
2684 2965 2917 3030 mandati
2953 2967 3368 3030 disputatoribus
3397 2969 3506 3016 suis

2025 3027 2132 3076 dati
2154 3027 2430 3088 aliquoties
2456 3041 2697 3089 peccasse
2726 3027 3130 3077 convincuntur.
3157 3032 3183 3076 5
3213 3029 3428 3077 Necnon
3451 3030 3506 3078 in

2027 3088 2396 3151 Quodvultdeo
2423 3088 2668 3151 episcopo
2698 3090 3031 3138 mendacium
3057 3090 3348 3138 admisisse.
3379 3094 3406 3139 6
3430 3091 3506 3139 Ad

2026 3150 2368 3199 Collationem
2391 3150 2676 3199 secundam
2701 3152 2942 3200 condicta
2962 3152 3045 3200 die
3063 3166 3170 3201 non
3194 3153 3416 3201 veniunt
3439 3166 3504 3201 ex

2025 3213 2312 3276 Donatistis
2336 3212 2437 3260 nisi
2463 3216 2659 3276 septeni
2683 3214 2915 3276 episcOpi
2945 3214 3312 3276 disputatores,
3337 3229 3399 3263 ex
3417 3214 3511 3263 Ca-

2025 3274 2234 3340 tholicis
2262 3287 2386 3340 vero
2415 3274 2610 3340 adsunt
2625 3274 2915 3324 octodecim
2945 3274 3185 3340 delegati.
3211 3279 3237 3324 7
3273 3277 3508 3325 Donatis—

2025 3336 2092 3384 tis
2107 3336 2415 3384 conceditur
2435 3336 2633 3385 dilatio.
3069 3336 3090 3340 ⁷
3572 3340 3660 3387 413

1964 3397 2076 3446 XII.
2110 3401 2130 3445 1
2167 3397 2338 3462 Tertia
2365 3397 2663 3462 Collatione
2692 3403 2839 3448 sexto
2869 3399 2988 3448 idus
3012 3399 3192 3462 junias
3217 3400 3395 3448 liabita
3425 3401 3507 3448 in-

2027 3463 2168 3524 stant
2193 3460 2498 3524 Donatistae,
2520 3464 2589 3524 _ut
2616 3461 2927 3524 discutiatur
2957 3460 3172 3524 quinam
3202 3461 3506 3524 propetito-

2029 3521 2445 3584 ribusihabendi
2489 3522 2611 3580 sint,
2655 3527 2815 3584 utque
2854 3523 2917 3571 de
2957 3521 3182 3584 petenda
3206 3521 3505 3571 ’Coll’atione

2027 3583 2679 3646 Catholigorummandata
2699 3583 3080 3646 eapendantiir.
3100 3587 3127 3633 2
3151 3585 3309 3633 Iidem
3335 3584 3510 3632 catho-

2029 3644 2182 3708 licam
2230 3645 2513 3692 Ecclesium
2561 3644 2856 3707 agnoscunt
2889 3660 3013 3708 eam
3057 3661 3192 3697 esse.
3237 3660 3354 3708 qua:
3399 3648 3509 3694 toto

2028 3707 2152 3777 orbe
2183 3711 2470 3777 propagata
2493 3712 2590 3777 est.
2623 3708 2746 3777 3._Ut
2775 3707 3392 3777 intelligatur,_utri'.siut
3425 3720 3506 3769 pe-

2028 3768 2398 3831 titorestvaria
2427 3772 2541 3816 acta
2575 3769 2887 3831 recitantur;
2925 3769 3102 3831 sicque
3137 3769 3315 3818 invitis
3341 3768 3509 3816 Dona-

2029 3829 2164 3892 tistis
2193 3829 2258 3877 ad
2278 3830 2352 3892 rei
2374 3835 2531 3892 caput
2551 3830 2830 3878 acceditur.
2861 3833 2886 3878 4
2918 3829 3204 3879 Donatista:
3230 3831 3505 3892 proferunt

2030 3891 2264 3955 libellum
2283 3891 2346 3939 de
2363 3891 2696 3955 Ecclesizemt
2721 3893 3029 3954 loquuntur.
3045 3891 3286 3955 puritate.
3310 3896 3336 3939 5
3360 3893 3512 3940 Hunc

2031 3954 2222 4001 refutat
2239 3953 2581 4017 Augustinus,
2599 3968 2658 4001 ac
2679 3956 2743 4002 de
2762 3953 3070 4017 gravissimo
3093 3955 3184 4003 illo
3205 3955 3370 4015 capite
3384 3968 3509 4017 coii-

2030 4015 2339 4078 troversiam
2365 4016 2586 4078 expedit.
2618 4019 2645 4064 6
2675 4015 2954 4065 Acc'editur
2982 4017 3046 4065 ad
3073 4017 3420 4078 quaestionem
3447 4015 3511 4063 de

2032 4077 2311 4125 Caeciliano
2335 4081 2386 4125 et
2406 4078 2469 4125 de
2505 4077 2802 4126 schismate.
2827 4083 2854 4126 7
2879 4079 3382 4126 Maximianistariim
3404 4077 3512 4125 his-

2031 4141 2166 4186 toria
2194 4139 2482 4200 perturbati
2508 4152 2567 4186 ac
2592 4140 2823 4200 oppressi
2848 4140 3151 4194 Donatistis,
3179 4153 3274 4187 nec
3301 4152 3511 4187 causam

2033 4213 2224 4256 causae,
2255 4213 2353 4263 nee
2384 4213 2662 4263 personam
2703 4201 3322 4263 persouteeprtejiidicare‘
3349 4201 3511 4247 conti-

2035 4264 2226 4307 tentur.
2261 4263 2287 4306 8
2319 4260 2736 4308 Controversiam
2763 4261 2828 4309 de
2858 4260 3085 4309 veritate
3106 4261 3354 4309 Cirtensis
3386 4275 3513 4308 cou-

2035 4320 2139 4368 cilii
2165 4325 2394 4386 movent.
2437 4324 2465 4386 Si
2502 4322 2692 4370 Locum
2715 4323 2928 4386 iOptati,
2967 4323 3201 4386 quoipsi
3231 4323 3510 4386 revincun-

2035 4387 2139 4446 tur,
2165 4381 2586 4446 inspicivolunt.
2623 4387 2676 4432 10
2714 4381 2874 4433 Iidem
2907 4381 3137 4446 prolatis
3162 4384 3510 4443 documentis,

2035 4444 2225 4506 quibus
2241 4444 2504 4506 Caeciliani
2526 4460 2584 4494 ac
2606 4447 2788 4494 Felicis
2808 4444 3111 4494 innocentia
3130 4446 3511 4504 declarabatur,

2037 4505 2220 4553 omnes
2262 4505 2627 4556 difﬁcultatum
2677 4508 2845 4556 nodos
2888 4512 3085 4558 secant.
3133 4511 3184 4557 11
3235 4507 3516 4556 Catliolicis

2038 4567 2247 4631 demum
2270 4581 2480 4617 causam
2508 4569 2774 4631 adjudicat
2802 4569 3070 4631 Cognitor.
3579 4571 3668 4617 419

1977 4629 2112 4676 X111.
2130 4632 2158 4692 1
2186 4629 2451 4686 Quantum
2471 4629 2752 4680 enii’uuerit
2772 4632 2824 4679 in
2853 4629 3141 4680 Collatione
3171 4630 3516 4692 Augustinus.

2039 4693 2066 4738 2
2101 4691 2514 4755 Donatistarum
2573 4698 2701 4755 quot
2747 4695 2890 4741 tricas
2936 4708 2994 4740 ac
3043 4691 3515 4755 tergiversaationes.

2041 4756 2067 4800 3
2090 4752 2256 4817 Quam
2287 4754 2572 4817 prudenter
2589 4752 2712 4803 “sese
2733 4755 2951 4817 gesserit
2980 4752 3331 4817 Marcellinus.
3365 4757 3390 4802 4
3423 4755 3520 4804 Do-

2042 4815 2249 4879 uatistaa
2290 4815 2763 4879 adulmperatorem
2806 4821 3110 4879 provocant.
3154 4820 3181 4864 5
3215 4816 3520 4879 Collationis

2043 4881 2158 4941 acta
2187 4877 2519 4941 Marcellinus
2537 4878 2729 4938 scripto
2754 4877 3186 4927 inscbismaticos
3215 4878 3386 4927 edicto
3409 4894 3523 4941 pro-

2045 4939 2411 5002 iuiilgatttieln
2441 4940 2814 5002 compendium
2839 4941 2929 4988 illa
2961 4941 3152 5002 redigit
3177 4939 3519 5000 Augustinus.

2043 5003 2070 5048 7
2106 5000 2226 5048 Post
2254 5000 2598 5049 Collationem
2629 5001 2928 5051 frequentes
2961 5003 3025 5050 ad
3048 5000 3328 5051 Ecclesium
3357 5017 3410 5050 se
3443 5015 3522 5048 re-

2046 5062 2248 5124 cipiunt
2268 5063 2571 5112 Donatistze.
2592 5065 2619 5111 8
2651 5063 2707 5111 In
2729 5062 2810 5112 bis
2835 5065 3146 5113 nominatim
3173 5065 3444 5113 Gabinnus
3465 5078 3524 5110 ac

2049 5124 2195 5186 virgo
2231 5124 2438 5173 Felicia.
3591 5125 3676 5170 432

1989 5222 2139 5286 Linea
2174 5235 2426 5286 serimus.
2458 5251 2514 5258 —-
2565 5222 2743 5286 Annos
2777 5223 3142 5286 complectitur
3183 5225 3300 5270 octo
3331 5237 3360 5286 a
3398 5235 3524 5286 qua-

2053 5283 2464 5356 driiigeutesiine
2489 5285 2869 5356 undecim_o._ex_
2899 5283 3010 5356 ‘quo
3036 5297 3308 5356 anno'rein
3340 5284 3527 5356 habere

2055 5345 2212 5408 cmpi’t
2237 5345 2561 5408 Augustinus
2585 5361 2705 5396 cum
2725 5345 2951 5396 inimicis
2979 5347 3159 5410 gratia;
3182 5345 3290 5393 Dei.
3480 5347 3682 5394 391-146

1995 5434 2156 5497 Cum
2189 5437 2438 5497 “minimi
2476 5433 2714 5497 Pelagius
2745 5435 2984 5497 haeresim
3017 5448 3167 5497 suam
3197 5434 3428 5497 proferre
3457 5434 3534 5497 ing

2060 5495 2263 5560 cipit.___2
2305 5495 2746 5560 Discipuliisejus
2775 5496 3050 5560 Caelestius
3079 5510 3110 5543 a
3138 5495 3532 5559 Gartliaginensi

2061 5557 2284 5606 concilio
2315 5557 2714 5608 condemnatur.
2745 5562 2772 5608 3
2803 5557 3110 5620 Pelagianos
3135 5557 3407 5621 Oppugnat
3431 5559 3532 5607 Au-

2791 5639 3380 5727 (Quarante-sept.)
