3972 6218
269 346 3516 438 W

1441 617 2321 752 ΡΒᾸΕῈΑΤΙΟ.

352 909 416 981 IN
453 917 598 990 QUA
637 914 729 974 DE
761 901 1111 972 PLURIBUS
1146 906 1378 965 annus
1416 903 1509 960 AD
1548 896 1955 958 DOCTRINAM
1998 897 2057 954 s.
2098 895 2344 952 BASlLll
2377 890 2932 956 PERTINENT-lBUS
2971 899 3412 964 DlSSElllTUR.

325 1222 438 1287 Hoc
465 1229 745 1286 volumine
765 1227 1116 1284 continentur
1141 1219 1562 1294 praeclarissima
1593 1216 1824 1288 antiqui-

1946 1222 1984 1268 :t
2014 1225 2194 1282 operte
2225 1210 2648 1280 impendendum
2677 1211 2862 1275 fuerit,
2892 1227 3001 1266 non
3033 1213 3256 1283 quidem
3287 1215 3345 1270 in
3367 1215 3518 1272 evo]:

259 1326 383 1381 tatis
410 1328 789 1386 monumenta,
823 1319 881 1375 S.
917 1318 1098 1373 Basilii
1131 1318 1265 1371 liber
1286 1314 1364 1368 De
1396 1313 1600 1382 Spiritu
1623 1321 1828 1374 sancto,

262 1415 479 1486 ejusque
532 1411 817 1481 Epistoltr.
871 1409 1060 1479 Magna
1119 1423 1250 1462 sane
1297 1405 1591 1474 cujuslibet
1649 1403 1830 1472 operis

262 1504 678 1570 commendatio,
714 1517 914 1556 nomen
948 1499 1005 1554 S.
1040 1499 1262 1560 Basilii;
1294 1512 1470 1566 neque
1495 1496 1641 1550 enim
1672 1494 1833 1564 quid-

263 1611 412 1667 quam
462 1596 533 1650 ab
571 1595 669 1649 illo
699 1593 918 1665 ingenio
949 1591 1270 1662 proiectum,
1307 1588 1451 1659 quod
1495 1587 1731 1641 medium
1780 1593 1834 1640 et

263 1683 536 1740 tolerabile
560 1684 734 1738 videri
769 1683 962 1753 possit.
1001 1680 1106 1736 Sed
1140 1681 1262 1735 libri
1310 1679 1383 1734 De
1412 1679 1617 1746 Spiritu
1651 1687 1832 1731 sancto

263 1790 324 1830 eo
345 1772 520 1844 majus
552 1774 814 1843 pretium,
852 1773 996 1842 quod
1034 1787 1158 1833 eum
1194 1770 1428 1825 Basilius
1459 1776 1512 1823 et
1537 1769 1700 1837 longo
1729 1782 1831 1821 usu

266 1867 316 1921 in
363 1865 670 1921 haeresibus
720 1864 1002 1918 vincendis
1057 1864 1393 1918 exercitatus
1448 1862 1722 1929 suscepit,
1779 1867 1832 1914 et

264 1971 466 2013 summo
513 1957 736 2020 studio,
791 1965 850 2010 ut
906 1957 961 2009 in
1012 1966 1255 2026 tempore
1300 1953 1510 2024 magnis
1572 1953 1834 2006 doctrina:

265 2050 522 2120 praesidiis
574 2049 873 2120 indigente,
923 2047 1126 2100 invicta
1175 2045 1341 2100 animi
1378 2044 1726 2109 fortitudine,
1774 2052 1832 2097 ut

265 2140 514 2196 adversus
546 2149 800 2210 potentes
835 2140 1138 2200 haereticos,
1184 2137 1544 2192 elucubravit.
1597 2137 1653 2191 ln
1706 2134 1832 2204 Epi-

257 2227 404 2284 stolis
437 2229 495 2284 S.
527 2227 721 2284 Basilii
751 2237 908 2284 vetus
938 2228 1226 2297 disciplina
1261 2228 1540 2296 praeclaris
1570 2228 1832 2282 institutis

265 2331 314 2376 et
346 2321 652 2376 canonibus
674 2322 1002 2386 illustratur,
1041 2321 1268 2375 historia
1295 2321 1666 2376 ecclesiastica
1693 2320 1833 2375 dita-

265 2422 346 2468 tur
385 2413 539 2469 uberi
589 2424 643 2468 et
675 2415 898 2483 copiosa
942 2429 1123 2468 rerum
1173 2422 1444 2482 gestarum
1483 2420 1684 2483 segete,
1722 2413 1831 2466 for-

265 2512 469 2558 mantur
497 2519 680 2561 mores
711 2506 931 2574 Optimis
961 2505 1261 2575 praeceptis,
1289 2512 1363 2568 et,
1397 2505 1538 2574 quod
1565 2514 1828 2574 praecepta

263 2593 411 2666 longe
451 2605 699 2666 superat,
744 2596 976 2666 depictis
1005 2596 1124 2651 sine
1154 2607 1266 2650 arte
1296 2597 1508 2651 eximiis
1541 2595 1597 2651 S.
1642 2596 1826 2652 Basilii

262 2688 567 2746 virtutibus.
612 2689 798 2760 Neque
846 2691 1009 2746 etiam
1042 2689 1344 2759 spernenda
1375 2705 1495 2761 quae
1537 2691 1589 2743 in
1624 2706 1828 2760 appen-

263 2779 425 2836 dicem
461 2782 717 2851 conjecta
769 2790 918 2847 sunt,
961 2783 1150 2852 viginti
1201 2791 1434 2852 quatuor
1480 2785 1754 2838 orationes
1796 2799 1827 2837 a

262 2867 506 2928 Simeone
542 2872 844 2945 Logotbeta
891 2890 958 2929 ex
989 2873 1047 2928 S.
1081 2874 1261 2929 Basilii
1291 2876 1473 2930 verbis
1502 2887 1556 2930 et
1604 2885 1826 2931 senten-

262 2957 344 3017 tiis
387 2972 739 3030 constructae,
798 2973 850 3018 et
900 2965 1033 3020 liber
1074 2964 1150 3019 De
1206 2967 1505 3035 virginitate
1547 2976 1825 3022 auctorem

263 3049 457 3107 habens
498 3053 826 3124 episcopum
883 3053 940 3108 S.
990 3054 1190 3110 Basilio
1241 3057 1504 3127 aequalem
1550 3059 1635 3113 vel
1680 3069 1826 3116 certe

264 3155 563 3216 supparem.

327 3233 428 3290 Sed
455 3252 570 3306 quo
604 3235 781 3306 pluris
818 3234 956 3290 ﬁunt
988 3236 1104 3292 haec
1139 3247 1511 3332 monume‘nta,
1557 3257 1622 3297 eo
1652 3245 1825 3314 magis

262 3325 544 3379 terendum
590 3341 658 3380 ne
696 3325 910 3395 longior
960 3341 1112 3380 mora
1160 3325 1414 3398 pluribus
1451 3329 1821 3400 diSplicuerit;

262 3423 311 3470 et
343 3417 466 3486 quia
499 3426 628 3472 octo
663 3432 931 3472 annorum
967 3419 1252 3474 intervallo
1297 3423 1480 3490 prodit
1531 3423 1636 3479 hoc
1663 3426 1820 3480 volu-

259 3519 395 3573 men,
435 3509 618 3563 minus
668 3524 814 3563 cura:
847 3509 1102 3566 habuisse
1148 3513 1424 3581 publicum
1478 3516 1823 3572 commodum

260 3597 551 3654 videamur.
605 3599 725 3655 Non
773 3608 952 3656 tamen
987 3603 1336 3673 negligentia.
1375 3607 1468 3661 sed
1501 3612 1826 3666 necessariae

262 3702 429 3744 causa
454 3705 641 3748 moras
675 3696 994 3748 attulerunt.
1027 3692 1160 3748 Nam
1190 3697 1438 3753 eruditus
1477 3700 1700 3764 sodalis,
1729 3703 1823 3772 qui

261 3781 588 3837 edendorum
632 3785 807 3838 sancti
843 3784 1030 3842 Basilii
1074 3804 1300 3858 operum
1335 3806 1524 3845 curam
1557 3797 1820 3864 suscepit,

257 3869 360 3940 jam
401 3875 552 3943 gravi
600 3875 921 3946 aegritudine
961 3891 1245 3949 correptus
1279 3891 1418 3945 erat,
1466 3900 1589 3938 cum
1624 3901 1823 3941 secun-

261 3961 376 4018 dum
414 3967 669 4021 volumen
703 3968 755 4021 in
805 3969 981 4024 lucem
1030 3971 1218 4027 edidit.
1253 3973 1579 4031 Defunctum
1610 3979 1712 4033 hoc
1742 3981 1822 4035 la-

261 4050 379 4109 bore
410 4056 682 4126 cupiditas
710 4060 848 4116 bene
875 4061 942 4117 de
978 4076 1037 4116 re
1062 4066 1432 4121 ecclesiastica
1468 4078 1520 4122 et
1554 4071 1821 4127 litteraria

262 4145 481 4200 merendi
509 4148 783 4215 incitavit,
803 4159 863 4206 ut
890 4155 1107 4208 tertium
1142 4165 1345 4212 tomum
1373 4172 1711 4232 repugnante
1727 4181 1822 4218 va-

262 4230 483 4292 letudine
510 4249 753 4308 pararet.
806 4241 912 4298 Sed
959 4245 1248 4317 languidos
1293 4230 1531 4308 conatus
1569 4255 1822 4326 ingrave»

260 4337 406 4382 secus
437 4330 664 4386 morbus
689 4333 924 4404 abrupit,
957 4338 1158 4410 vixque
1188 4341 1472 4398 dimidium
1505 4347 1821 4418 interpreta-

260 4416 409 4474 tionis
454 4437 572 4477 suae
621 4433 1048 4494 retractaverat,
1094 4435 1358 4504 appositis
1395 4454 1424 4491 e
1473 4416 1819 4498 Tilleniontio

261 4509 518 4572 historicis
551 4519 718 4585 notis,
743 4537 904 4591 quas,
944 4525 1155 4593 abjecto
1201 4529 1504 4586 scribendae
1536 4533 1594 4588 S.
1627 4534 1821 4589 Basilii

269 4601 391 4659 Viue
419 4612 672 4678 consilio,
724 4619 1068 4673 necessarias
1117 4617 1387 4687 ducebat;
1435 4626 1542 4689 vix,
1573 4628 1816 4697 inquam,

261 4692 362 4751 haec
401 4712 716 4767 navaverat,
760 4720 883 4760 cum
915 4709 1058 4766 vires
1105 4714 1322 4783 penitus
1358 4715 1696 4783 defecerunt,
1752 4737 1817 4777 ac

260 4791 460 4843 tandem
506 4794 653 4862 piam
686 4805 739 4849 et
768 4797 1096 4856 laudabilem
1129 4805 1294 4859 vitam
1327 4811 1563 4877 pretiosa
1598 4811 1651 4866 in
1685 4828 1818 4867 con-

262 4896 434 4954 Spectu
486 4888 700 4945 Domini
748 4903 923 4951 morte
963 4900 1236 4956 conclusit
1282 4918 1426 4959 anno
1472 4905 1630 4972 i725,
1665 4909 1752 4964 die
1783 4911 1818 4966 5

263 4973 412 5034 Junii.
447 4981 528 5036 Ad
562 4985 917 5053 desiderium,
953 4993 1098 5060 quod
1143 4993 1289 5051 illius
1340 4998 1600 5055 virtutum
1651 5017 1816 5057 orna-

263 5082 427 5126 menta
457 5077 698 5132 omnium
744 5091 992 5136 nostrum
1025 5085 1222 5143 animis
1265 5088 1634 5158 incusserunt,
1683 5095 1815 5150 illud

263 5164 479 5218 accessit
505 5168 788 5235 molestiae,
814 5177 875 5224 ut
902 5187 1041 5242 opus
1072 5175 1142 5230 ab
1166 5179 1398 5235 eruditis
1417 5193 1814 5252 exspectatum,

263 5252 495 5324 quodque
536 5260 696 5312 multi
740 5276 848 5318 aere
895 5278 996 5319 suo
1024 5264 1347 5334 jamdudum
1380 5285 1647 5342 emerant,
1705 5293 1817 5334 non

263 5341 428 5396 tamen
474 5347 584 5402 cito
634 5343 825 5405 eorum
873 5354 1125 5411 manibus
1175 5364 1230 5413 et
1273 5360 1497 5429 judieiis
1547 5341 1816 5423 committi

259 5443 451 5502 posset.
469 5437 584 5495 Jam
615 5443 758 5498 enim
777 5446 1281 5523 quisqueintelligit
1313 5464 1576 5514 quantum
1604 5460 1812 5522 laberis

320 5591 389 5667 (ί)
423 5594 542 5655 Lib.
580 5616 630 5655 Iv
661 5600 739 5657 De
771 5604 939 5671 Trin.,
970 5625 1091 5678 cap.
1127 5614 1176 5667 l.

556 5695 826 5762 Ριτιιοι..
858 5705 980 5767 Gn.
1027 5709 1301 5779 XXXII.

1552 5994 1670 6102 ΞΕ

1738 6001 1818 6102 5

1849 3904 1893 3963 C

1827 5998 1908 6063 ί)

1828 6062 1910 6100 iud

1920 6000 1999 6101 5

1934 1306 2122 1361 vendis
2179 1304 2462 1360 codicibus
2519 1320 2652 1360 mss.
2714 1305 2918 1376 (collati
2967 1306 3112 1361 enim
3171 1323 3297 1363 cum
3351 1311 3517 1369 editis

1935 1397 2152 1453 fuerant
2185 1397 2430 1467 diligenti
2481 1413 2667 1460 manu,
2721 1407 2948 1469 excepto
2991 1407 3178 1455 tamen
3208 1401 3514 1469 llarlzeano,

1940 1489 2035 1561 qui
2066 1505 2192 1544 cum
2224 1489 2480 1544 Medlcmo
2509 1497 2564 1544 et
2608 1489 2948 1546 Coisliniano
2978 1493 3272 1547 maximum
3306 1497 3518 1552 exstitit

1935 1578 2291 1649 praesidium),
2326 1579 2418 1634 sed
2451 1580 2504 1633 in
2539 1580 2661 1636 aliis
2703 1581 2890 1650 rebus,
2935 1598 3058 1652 quae
3088 1584 3155 1638 ad
3195 1595 3517 1643 accuratam

1933 1669 2225 1724 editionem
2258 1669 2585 1724 necessariae
2616 1681 2764 1731 sunt.
2800 1673 3102 1742 praesertim
3140 1675 3198 1729 in
3221 1675 3519 1747 disponen-

1933 1757 2019 1812 dis
2062 1758 2253 1812 ordine
2299 1759 2684 1831 cbronologico
2733 1763 3006 1832 epistolis,
3040 1763 3097 1818 in
3133 1766 3518 1824 concinnanda

1935 1846 1992 1901 S.
2046 1847 2240 1902 Basilii
2299 1847 2443 1914 Vita,
2495 1851 2724 1922 ejusque
2758 1854 3094 1922 explananda
3142 1855 3412 1923 doctrina,
3460 1861 3517 1915 id

1934 1938 2077 2008 quod
2105 1939 2217 2009 jam
2249 1941 2429 2007 nobis,
2461 1943 2632 1998 misso
2654 1944 2887 2015 longiori
2916 1947 3161 2012 exordio,
3193 1951 3517 2020 aggredien-

1933 2028 2062 2082 dum
2093 2038 2197 2085 est.

2675 2145 2779 2216 g1.

1935 2251 1977 2306 1.
2021 2251 2080 2306 S.
2139 2253 2376 2334 Basilius
2415 2258 2587 2310 minus
2635 2259 2904 2334 contmode
2952 2263 3328 2334 interpretatur
3378 2269 3514 2324 illud

2004 2324 2217 2407 synodi.
2244 2324 2496 2406 Nicreuw,
2539 2343 2605 2382 ex
2647 2331 2750 2382 alia
2796 2336 3042 2407 essentia
3083 2324 3176 2390 aut
3209 2339 3509 2407 liypostasi.

2005 2340 2189 2377 sinon:
2244 2340 2496 2389 merente,
2539 2343 2605 2382 ex
2647 2340 2750 2382 alia
2796 2340 3037 2386 essentia
3083 2346 3176 2390 aut
3209 2340 3509 2407 bypostasi.

2005 2340 2068 2446 ll].
2115 2395 2217 2448 Sed
2265 2398 2448 2449 merito
2479 2408 2631 2481 negat
2664 2415 2824 2481 unam
2867 2403 2921 2455 in
2953 2404 3120 2481 tribus
3149 2411 3384 2481 personis
3416 2411 3513 2481 Ity-

2005 2467 2261 2530 postusim
2300 2484 2332 2518 a
2374 2467 2574 2542 synodo
2621 2469 2932 2525 admissam.
2985 2473 3098 2542 Ipsi
3144 2467 3303 2531 etiam
3348 2467 3511 2534 triuin

2002 2535 2359 2602 [typostasmm
2408 2539 2889 2617 defenspresﬂsatpe
2927 2535 3252 2612 Itypostasim
3296 2565 3390 2617 pro
3428 2568 3513 2604 es-

2002 2611 2173 2686 sent-ig
2233 2618 2468 2686 sumunt.
2539 2607 2621 2661 Ill.
2690 2607 2915 2686 Novitas
2964 2607 3510 2686 iluiughyp'oslasis.

2000 2673 2087 2760 lli.
2133 2675 2257 2757 Tres
2289 2677 2596 2760 [typostases
2630 2681 3076 2760 apudscriptores
3113 2673 3338 2760 liii-diua
3382 2673 3511 2760 syri;-

2000 2745 2103 2823 odo
2143 2745 2484 2823 antiquiores.
2534 2749 2604 2823 V._
2644 2745 2784 2815 Quid
2800 2745 3065 2823 _synodus
3126 2755 3352 2813 Nica'na
3391 2745 3514 2815 scn-

1997 2816 2124 2897 serit
2148 2833 2218 2897 ea:
2362 2819 2668 2897 Alegcandro
2696 2835 2745 2873 et
2786 2816 3177 2897 S.'Atltanasio
3215 2840 3506 2897 spectatur.

2001 2884 2086 2940 Vl.
2140 2885 2561 2968 Occidentalium
2614 2893 2874 2968 sententia
2918 2895 2984 2948 de
3031 2884 3325 2966 Itypostdsi.
3393 2884 3511 2968 Quo

1997 2973 2154 3010 sensu
2181 2956 2360 3010 eadem
2399 2975 2496 3012 vox
2526 2973 2786 3031 usurpata
2820 2964 2872 3016 in
2904 2956 3251 3023 saecularibus
3289 2956 3510 3028 schdiis.

1999 3089 2040 3146 Ι.
2097 3087 2331 3146 Sanctus
2366 3090 2621 3160 Basilius,
2655 3105 2716 3151 ut
2747 3106 2865 3153 erat
2887 3101 3188 3159 acerrimus
3224 3105 3390 3159 trium
3420 3106 3515 3178 by.

1928 3183 2229 3252 postasium
2275 3183 2553 3250 defensor,
2596 3188 2729 3243 dare
2772 3191 2947 3247 uoluit
2989 3193 3319 3253 adversariis
3371 3199 3510 3267 suis,

1925 3290 2114 3329 vocem
2147 3263 2460 3346 bypostasis
2487 3279 2678 3333 eodem
2722 3296 2889 3337 sensu
2913 3299 2977 3338 ac
3000 3289 3296 3342 essentiam
3329 3304 3360 3342 a
3391 3305 3514 3363 syn-

1923 3372 2028 3425 odo
2070 3370 2287 3425 Nicena
2334 3382 2650 3444 usurpatam
2702 3375 2892 3433 fuisse.
2941 3378 3158 3436 Iiefellit
3191 3382 3378 3440 Basilii
3434 3388 3513 3442 in-

1928 3463 2374 3532 terpretationem
2399 3463 2653 3522 Petavius
2677 3469 2776 3540 (l),
2799 3485 3030 3541 eamque
3053 3473 3157 3530 hoc
3188 3490 3512 3547 argumento

1925 3553 2228 3625 impugnat,
2281 3557 2419 3628 quod
2453 3559 2542 3628 qui
2586 3562 2676 3615 isti
2721 3563 2922 3633 synodo
2975 3566 3258 3636 interfuere
3309 3570 3503 3628 Patres

1927 3643 2112 3714 aliqui,
2147 3656 2236 3698 aut
2259 3647 2420 3716 paulo
2440 3659 2578 3704 certe
2595 3663 2776 3719 postea
2803 3655 3120 3725 ﬂoruerunt,
3150 3671 3261 3714 tum
3289 3663 3502 3717 collecti

1926 3734 2049 3789 aliis
2078 3737 2131 3789 in
2164 3738 2403 3807 synodis,
2440 3750 2549 3794 tum
2588 3746 2809 3799 seorsim
2843 3748 3040 3818 singuli
3082 3751 3378 3808 ὑπόστασιν
3412 3771 3508 3824 pro

1927 3827 2084 3898 οὐσίᾳ
2108 3840 2441 3896 sumpserunt
2475 3849 2492 3885 :
2521 3836 2660 3904 quod
2705 3854 2973 3909 nunquam
3015 3843 3283 3912 fecissent,
3315 3849 3362 3900 si
3392 3865 3511 3902 con-

1929 3920 2154 3971 trarium
2184 3921 2328 3990 apud
2354 3921 2598 3980 Nicteam
2628 3929 3050 3998 ante.fecissent.
3083 3935 3201 3992 Duo
3227 3939 3509 3995 continen-

1930 4020 2022 4062 tur
2054 4010 2153 4065 hac
2183 4011 2391 4070 Petavii
2437 4020 2731 4086 sententia,
2766 4039 2888 4092 qua:
2927 4027 3084 4081 nobis
3123 4027 3506 4100 distinguenda

1924 4109 2073 4167 Sunt,
2113 4108 2364 4172 quamvis
2409 4107 2527 4177 ipse
2569 4126 2678 4164 non
2727 4115 3068 4186 distinguat:
3101 4134 3228 4174 nam
3269 4137 3377 4177 non
3423 4139 3508 4179 so-

1922 4194 2034 4247 lum
2080 4196 2374 4252 ὑπόστασιν
2417 4216 2516 4270 pro
2548 4202 2706 4275 οὐσίᾳ
2739 4217 3014 4278 sumptam
3055 4226 3085 4265 a
3131 4211 3369 4269 Nicmnis
3399 4213 3508 4269 Pa-

1921 4287 2100 4343 tribus
2133 4289 2238 4344 hoc
2285 4291 2406 4347 loco
2441 4292 2632 4355 fuisse.
2670 4299 2764 4353 sed
2809 4301 2972 4355 etiam
3009 4319 3173 4358 unam
3224 4306 3280 4360 in
3328 4309 3507 4365 tribus

1921 4379 2174 4446 personis
2220 4381 2556 4451 bypostasim
2616 4387 2684 4441 ab
2739 4388 2842 4443 hac
2888 4392 3098 4462 synodo
3151 4401 3205 4449 et
3257 4396 3327 4451 ab
3383 4399 3507 4451 aliis

1920 4485 2059 4536 quos
2098 4471 2232 4524 citat
2289 4471 2543 4533 Patribus
2595 4478 2895 4536 admissam
2939 4486 3242 4541 contendit.
3292 4487 3508 4542 Exami-

1919 4559 2159 4614 nandum
2195 4578 2324 4633 ergo
2356 4566 2514 4622 nobis
2543 4576 2629 4622 est
2671 4585 2738 4624 an
2789 4571 3025 4630 Basilius
3068 4577 3122 4630 in
3155 4587 3391 4648 utroque
3428 4595 3509 4635 re-

1919 4651 2342 4718 prehendendus
2386 4659 2476 4722 sit,
2521 4661 2754 4730 etquod
2804 4664 3140 4736 bypostasim
3185 4671 3242 4725 in
3289 4671 3393 4726 ﬁde
3420 4671 3506 4726 Ni-

1921 4753 2072 4796 caana
2120 4745 2262 4799 idem
2303 4749 2484 4805 valere
2516 4767 2578 4806 ac
2620 4757 2939 4822 essentiam,
2982 4769 3036 4813 et
3067 4763 3210 4830 quod
3257 4777 3417 4816 unam
3447 4765 3505 4819 in

1923 4833 2102 4889 tribus
2159 4839 2413 4906 personis
2457 4841 2796 4914 bypostasim
2860 4863 2891 4902 a
2947 4852 3156 4921 synodo
3204 4852 3502 4910 admissam

1920 4921 2094 4980 fuisse
2125 4932 2426 4998 negaverit.
2446 4974 2448 4976 τ

1993 5014 2174 5072 Locus
2195 5034 2261 5074 ex
2287 5037 2398 5092 quo
2431 5025 2746 5097 ambigendi
2782 5039 2906 5084 nata
2943 5033 3188 5098 materia,
3222 5034 3418 5106 legitur
3446 5038 3502 5094 in

1925 5104 2047 5162 ﬁdei
2111 5108 2348 5167 formula
2396 5115 2465 5172 ab
2522 5115 2844 5187 Eustatbio,
2897 5124 3211 5192 postulante
3274 5104 3497 5195 Basilio,

1930 5197 2263 5271 subscripta,
2293 5221 2416 5276 quae
2439 5216 2524 5264 est
2551 5212 2783 5281 epistola
2813 5213 2936 5280 125,
2968 5215 3096 5269 olim
3123 5216 3190 5272 78
3222 5218 3366 5274 inter
3397 5219 3500 5274 Ba-

1927 5288 2176 5350 silianas.
2207 5295 2284 5351 lbi
2315 5297 2611 5357 Sabelliani
2658 5303 2745 5360 bis
2785 5305 2980 5377 synodi
3016 5309 3196 5368 verbis
3239 5313 3388 5368 abuti
3415 5313 3499 5368 di-

1924 5391 2160 5439 cuntur:
2210 5387 2335 5443 Ἐὰν
2362 5390 2419 5443 δέ
2450 5409 2534 5456 τις
2571 5393 2700 5465 λέγῃ
2737 5394 2796 5460 ἐξ
2840 5397 3033 5472 ἐτέρας
3062 5401 3248 5466 οὐσίας
3287 5403 3320 5474 ἢ
3361 5403 3496 5458 ὑπο*

1925 5473 2165 5540 στάσεως
2214 5479 2306 5535 τὸν
2355 5483 2482 5540 Υιὸν
2571 5485 2956 5556 ἀναθεματίζιι
3013 5493 3051 5564 ἠ
3087 5473 3347 5551 καθολικῦ
3402 5495 3498 5552 καὶ

3214 5743 3250 5807 1
