3972 6218
407 350 472 415 Π
1794 349 2193 407 ΡΒᾸΞΡΑΤΙΟ.
3567 350 3640 406 12

399 470 732 541 ἅποστολικὴ
771 465 1063 538 Ἐκκλησία
1096 486 1109 522 :
1154 465 1214 522 Si
1254 481 1372 521 vero
1397 464 1655 536 quispiam
1684 463 1875 517 dixerit
1901 480 1966 517 ex

2074 478 2167 533 pro
2201 463 2439 517 essentia
2471 459 2577 515 hoc
2622 460 2744 517 loco
2790 460 3045 532 sumpsit,
3088 475 3195 515 non
3233 460 3438 517 idcirco
3469 476 3636 517 unam

402 565 517 619 alia
546 562 775 618 essentia
813 570 906 615 aut
938 561 1207 629 hypostasi
1251 557 1455 612 Filium
1490 574 1623 620 esse,
1669 572 1789 612 eum
1837 575 1971 611 ana-

403 659 631 710 themate
651 654 770 723 {erit
799 651 1059 706 catholica
1085 658 1135 704 et
1158 648 1448 717 apostolica
1481 646 1736 702 Ecclesia.
1766 646 1970 701 Deinde

402 748 658 802 additur:
694 746 769 799 Οὐ
801 744 911 815 γὰρ
939 742 1134 797 ταυτὸν
1172 737 1324 794 εἷπον
1351 742 1466 794 ἐκεῖ
1498 740 1686 794 οὐσίαν
1712 740 1805 793 καὶ
1833 739 1968 791 ὑπό-

403 854 613 891 στασιν.
644 830 708 889 Εἰ
735 834 845 905 γὰρ
888 833 1021 904 μίαν
1051 832 1144 886 καὶ
1170 831 1269 901 τὴν
1303 829 1471 902 αὐτὴν
1508 830 1726 901 ἐδήλουν
1765 830 1969 881 ἔννοιαν

400 927 459 980 αἱ
485 925 678 994 φωναὶ,
719 922 804 986 τίς
832 913 992 992 χρεία
1032 916 1101 992 ἦν
1129 915 1442 991 Δἐκατέρων;
1495 918 1656 973 Ἀλλὰ
1684 918 1838 989 δῆλον
1864 918 1967 982 ὅτι,

399 1018 474 1081 ὡς
503 1016 610 1070 τῶν
649 1014 745 1085 μὲν
778 1011 1125 1083 ἀρνουμένων
1154 1011 1216 1065 τὸ
1247 1013 1310 1064 ὲκ
1338 1011 1438 1082 τῆς
1478 1010 1665 1074 οὐσίας
1703 1007 1842 1064 εἶναι
1874 1010 1967 1064 τοῦ

398 1107 632 1179 Πατρὸς,
664 1105 773 1160 τῶν
808 1105 867 1160 δὲ
905 1104 1189 1174 λεγόντων,
1221 1101 1344 1157 οὐτε
1383 1104 1450 1157 ὲκ
1487 1105 1587 1174 τῆς
1615 1101 1820 1167 οὐσίας,
1855 1102 1969 1156 ἀλλ’

396 1201 458 1265 ὲξ
507 1200 674 1270 ἄλλης
706 1198 852 1260 τινὸς
905 1196 1278 1262 ὑποστάσεως,
1323 1194 1496 1260 οὕτως
1545 1194 1849 1266 ἀμφὰτερα,
1893 1194 1970 1256 ὡς

394 1291 651 1362 ἀλλότρια
672 1289 766 1342 τοῦ
796 1287 1249 1360 ἐκκλησιαστικοῦ
1277 1289 1640 1359 φρονήματος,
1660 1287 1968 1358 ἀπηγόρευ-

394 1399 495 1435 σαν
512 1399 525 1412 ·
567 1382 690 1435 ἐπεὶ
719 1382 919 1449 ὅπουγε
945 1380 1007 1433 τὸ
1041 1378 1250 1432 ἑαυτῶν
1273 1378 1490 1451 ἐδήλουν
1517 1378 1790 1450 φρόνημα,
1818 1377 1967 1431 εἷπον

393 1474 460 1526 ὲκ
490 1473 588 1543 τῆς
618 1472 805 1534 οὐσίας
836 1470 930 1525 τοῦ
960 1469 1173 1542 Πατρδς
1191 1470 1281 1525 τὸν
1310 1469 1464 1523 Υἱόν·
1496 1469 1681 1523 οὐκέτι
1711 1468 1969 1540 προσθέν-

391 1582 486 1628 τες
530 1565 625 1618 καὶ
667 1564 749 1625 τὸ,
787 1565 852 1617 ἐκ
896 1562 999 1633 τῆς
1048 1548 1416 1625 ὑποστάσεως.
1466 1560 1593 1616 Non
1639 1562 1778 1616 enim
1832 1560 1967 1614 idem

392 1653 640 1707 dixerunt
676 1652 790 1705 illic
824 1650 1109 1705 essentiam
1154 1661 1205 1704 et
1251 1649 1603 1721 hypostasim.
1658 1646 1869 1701 Etenim
1918 1646 1967 1699 si

391 1761 503 1799 una
543 1753 593 1799 et
639 1742 822 1799 eadem
871 1742 1018 1797 notio
1066 1741 1308 1811 subjecta
1360 1741 1607 1805 uocibus,
1652 1737 1778 1811 quid
1835 1753 1966 1805 opus

393 1849 507 1892 erat
562 1839 833 1907 utraque?
897 1833 1000 1890 Sed
1053 1835 1384 1904 perspicuum
1431 1843 1532 1900 est,
1587 1833 1709 1885 aliis
1754 1828 1961 1901 quidem

394 1927 642 2000 (Filium)
680 1942 746 1982 ea:
792 1925 972 1980 Patris
1022 1925 1254 1978 essentia
1296 1939 1408 1978 esse
1457 1921 1797 1993 negantibus,
1839 1918 1963 1974 aliis

391 2037 510 2075 vero
544 2034 702 2088 neque
728 2033 793 2073 ex
812 2016 1040 2071 essentia
1067 2031 1199 2078 esse,
1229 2013 1319 2069 sed
1348 2030 1413 2069 ea:
1452 2013 1632 2085 aliqua
1665 2012 1776 2066 alia
1802 2011 1966 2081 hypo-

391 2112 525 2164 stasi
553 2108 865 2173 dicentibus,
894 2108 1017 2162 illos
1038 2107 1117 2161 ita
1145 2105 1354 2160 demum
1376 2112 1650 2173 utramque
1670 2104 1965 2172 opinionem

393 2214 645 2273 tanquam
671 2218 704 2254 a
737 2203 996 2255 sententia
1036 2196 1394 2253 ecclesiastica
1426 2194 1657 2249 alienam
1700 2193 1963 2263 rejecisse.

392 2294 539 2347 Nam
584 2292 675 2347 ubi
727 2307 881 2346 suam
927 2292 1165 2359 ipsorum
1222 2286 1566 2341 declarabant
1611 2286 1962 2351 sententiam,

391 2388 639 2440 dixerunt
686 2399 754 2439 ea:
791 2384 1020 2438 essentia
1073 2379 1258 2433 Patris
1308 2376 1358 2431 F
1362 2378 1536 2447 ilium,
1582 2393 1685 2432 non
1738 2376 1962 2445 amplius

390 2474 698 2544 adjicientes
728 2470 887 2534 illud,
915 2485 981 2525 ex
1006 2469 1295 2539 [typostasi.

463 2566 582 2621 Non
618 2564 778 2618 facile
809 2570 895 2618 est
921 2569 1165 2616 statuere
1193 2572 1463 2630 quosnam
1493 2555 1779 2611 hereticos
1812 2553 1965 2609 Basi-

392 2655 524 2719 lius,
565 2650 787 2709 ob-Filii
834 2651 1097 2722 originem
1141 2664 1209 2705 ex
1241 2648 1344 2703 alia
1375 2662 1541 2718 quam
1585 2645 1759 2702 Patris
1791 2645 1964 2716 hypo-

395 2747 529 2803 stasi
579 2744 890 2810 deductam,
928 2760 961 2797 a
1015 2747 1224 2814 synodo
1263 2748 1479 2796 notatos
1526 2741 1689 2795 dicat.
1745 2736 1967 2792 Videtur

285 2850 295 2862 '
393 2840 483 2893 vel
525 2837 940 2893 Valentinianus
983 2835 1192 2899 dicere,
1249 2842 1309 2888 ut
1359 2833 1638 2889 existimat
1685 2829 1963 2894 Petavius,

397 2930 494 3001 qui
526 2946 594 2986 ex
623 2930 887 2985 collatitia
919 2929 1064 2985 velut
1104 2928 1246 2998 stipe
1274 2927 1344 2982 ab
1384 2925 1631 2981 teonibus
1671 2922 1966 2978 conflatum

392 3038 517 3080 esse
544 3021 730 3079 Jesum
764 3022 1116 3087 asserebant;
1165 3019 1252 3075 vel
1302 3017 1603 3089 generatim
1649 3015 1965 3079 Gnosticos,

392 3114 490 3184 qui
522 3111 804 3167 Chriswm
849 3127 958 3165 non
990 3109 1180 3165 mundi
1211 3108 1498 3175 creatoris,
1530 3105 1835 3195 sedignoti
1863 3118 1965 3160 cu-
1992 3142 2035 3201 C

390 3204 612 3273 jusdam
660 3202 748 3257 dei
795 3202 963 3257 ﬁlium
1007 3217 1131 3257 esse
1170 3200 1463 3272 ﬁngebant.
1518 3186 1829 3270 Legendum
1860 3212 1961 3267 pu-

393 3304 475 3349 tat
510 3293 897 3360 Combeﬁsius,
929 3300 989 3346 ut
1029 3300 1114 3347 est
1147 3293 1204 3347 in
1250 3306 1360 3346 uno
1398 3291 1592 3345 codice
1629 3305 1758 3353 ms.,
1789 3289 1872 3342 ὅτι
1903 3287 1963 3353 ἐξ

393 3388 601 3453 οὐσίας,
632 3388 754 3442 aliis
789 3402 855 3441 ea:
894 3387 1121 3441 essentia
1157 3385 1311 3439 illum
1345 3378 1555 3455 quidem
1585 3399 1718 3447 esse,
1761 3380 1853 3437 sed
1897 3394 1963 3434 ex-

394 3479 507 3533 alia
529 3477 799 3549 hypostasi
828 3475 1140 3530 dicentibus.
1177 3474 1284 3529 Sed
1314 3478 1431 3529 haec
1464 3472 1788 3529 emendandi
1822 3471 1964 3526 ratio

393 3584 497 3624 nec
545 3570 721 3623 lucem
770 3566 948 3631 affert,
989 3580 1091 3620 nec
1123 3562 1494 3619 difﬁcultatem
1528 3563 1743 3617 minuit.
1790 3561 1963 3634 Equi-

394 3664 517 3717 dem
559 3677 669 3716 non
712 3659 916 3716 invitus
960 3657 1258 3713 concedam
1302 3656 1523 3713 Petavio
1570 3655 1707 3710 nihil
1735 3655 1963 3711 omnino

393 3754 464 3809 de
488 3753 760 3824 ejusmodi
794 3750 1067 3807 haereticis
1100 3749 1491 3820 pronuntiasse
1534 3747 1825 3818 synodum,
1858 3762 1962 3802 nec

394 3847 530 3902 satis
558 3848 713 3900 ﬁrmo
742 3850 1064 3914 argumento
1090 3840 1355 3896 Basilium
1383 3838 1504 3902 niti,
1535 3838 1665 3894 dum
1697 3838 1784 3894 his
1812 3839 1964 3892 voci-

392 3936 521 4002 bus,
552 3950 618 3989 ea:
639 3934 750 3988 alia
771 3934 1000 3987 essentia
1028 3940 1121 3984 aut
1149 3930 1440 4000 hypostasi,
1477 3927 1615 3984 duas
1642 3943 1730 3984 res
1756 3927 1965 3998 signiﬁ-

391 4029 511 4086 cari
537 4027 829 4099 pertendit.
860 4024 1006 4079 Nihil
1030 4024 1179 4080 enim
1199 4029 1349 4077 vetat
1366 4020 1609 4076 eamdem
1634 4020 1962 4085 sententiam

391 4120 628 4177 diversis
659 4117 842 4174 verbis
871 4115 1186 4172 conﬁrmari
1215 4133 1229 4169 :
1260 4130 1438 4185 neque
1472 4114 1587 4168 haec
1619 4113 1674 4168 in
1717 4113 1964 4184 symbolo

391 4214 615 4270 Nicaeae
643 4211 899 4266 damnata
923 4208 1248 4281 propositio,
1271 4206 1399 4262 Erat
1423 4204 1733 4277 aliquando,
1752 4204 1965 4277 quando

394 4322 500 4360 non
527 4311 664 4367 erat,
685 4301 968 4358 dissimilis
994 4312 1079 4357 est
1108 4299 1380 4370 sequenti,
1408 4296 1525 4352 Non
1547 4306 1662 4352 erat
1685 4306 1967 4368 antequam

395 4405 721 4451 nasceretur.
776 4392 1005 4449 Videtur
1055 4406 1186 4463 ergo
1238 4390 1381 4446 idem
1436 4390 1687 4445 evenisse
1736 4387 1964 4453 Basilio,

2056 556 2125 608 lin
2157 556 2339 619 tribus
2369 555 2618 625 personis
2662 554 2997 624 hypostasim
3032 553 3321 608 admisisse
3351 571 3365 608 :
3397 562 3509 609 tres
3538 568 3638 610 au-

2069 651 2179 697 tem
2198 642 2535 713 'hypostases
2566 660 2779 713 semper
2809 644 2864 697 in
2908 642 3153 706 Oriente,
3181 644 3374 699 saltem
3415 660 3447 699 a
3477 644 3635 701 Nocti

2071 735 2447 803 temporibus,
2496 749 2712 790 summo
2768 750 3041 789 consensu
3092 735 3351 804 viguisse.
3413 734 3639 791 Petavio

2071 826 2448 879 assentiuntur
2478 826 2567 879 alii
2600 825 2858 895 theologi,
2894 825 2948 879 in
2979 826 3171 895 primis
3211 824 3633 892 Thomassinus,

2070 917 2164 984 qui
2209 915 2264 969 in
2313 916 2454 971 libro
2497 918 2660 972 tertio
2689 916 2765 971 De
2797 917 3162 972 incarnatione
3207 915 3380 983 Verbi,
3424 932 3543 986 cap.
3578 918 3633 983 1,

2069 1008 2368 1069 contendit,
2393 1024 2495 1062 non
2517 1008 2621 1063 nisi
2647 1017 2941 1062 senescente
2960 1019 3147 1078 quarto
3172 1009 3418 1065 Ecclesia:
3441 1012 3635 1066 stecnlo

2068 1098 2365 1169 hypostasis
2389 1115 2573 1154 nomen
2602 1099 2667 1153 ab
2699 1101 2819 1154 usia
2838 1117 2928 1155 seu
2953 1102 3179 1156 essentia
3209 1101 3636 1157 discriminatum

2067 1205 2199 1254 esse,
2221 1188 2385 1261 idque
2413 1190 2591 1245 allatis
2614 1191 2807 1262 synodi
2834 1191 3065 1247 Nicamaa
3096 1201 3150 1248 et
3176 1191 3462 1248 Athanasii
3490 1194 3636 1251 testi-

2068 1282 2268 1338 moniis
2308 1280 2518 1337 edicere
2547 1290 2798 1337 conatur.

2138 1372 2201 1426 ll.
2243 1373 2450 1428 Fucum
2484 1374 2823 1431 doctissimis
2851 1375 2987 1432 viris
3010 1374 3138 1431 fecit
3169 1376 3479 1448 hypostasis
3509 1380 3634 1435 voci

2068 1462 2314 1534 subjecta
2346 1465 2619 1520 interdum
2649 1467 2901 1521 essentia:
2938 1467 3299 1537 signiﬁcatio;
3333 1482 3387 1524 et
3417 1472 3633 1539 quoties

2066 1554 2252 1610 vident
2300 1556 2445 1626 apud
2492 1558 2746 1627 antiquos
2803 1558 3099 1627 scriptores
3145 1559 3482 1630 bypostasim
3528 1562 3633 1617 hoc

2068 1655 2233 1696 sensu
2266 1643 2542 1712 usurpari,
2575 1643 2701 1698 inde
2723 1646 3060 1699 concludunt
3088 1664 3251 1701 unam
3276 1649 3361 1704 his
3396 1650 3635 1721 scripto—

2065 1730 2221 1786 ribus
2244 1731 2578 1804 hypostasim
2609 1735 2846 1804 placere.
2872 1737 2941 1790 At
2968 1738 3263 1808 plurimum
3295 1751 3483 1809 peccat
3516 1742 3633 1796 inec

2067 1824 2296 1880 rationis
2332 1826 2632 1881 conclusio.
2665 1828 2801 1881 Nam
2830 1829 2996 1882 trium
3030 1829 3407 1901 bypostasium
3432 1833 3635 1887 acerri-

2064 1930 2188 1971 mus
2214 1914 2471 1972 defensor
2503 1917 2737 1975 Basilius
2779 1933 2921 1988 saepe
2963 1919 3297 1991 ltypostasim
3332 1921 3435 1976 hoc
3467 1936 3634 1977 sensu

2063 2005 2384 2074 accipit.Ait
2407 2006 2616 2061 inlibro
2641 2007 2714 2061 De
2741 2005 2944 2077 Spiritu
2967 2019 3172 2072 sancto,
3199 2025 3322 2079 cap.
3349 2010 3434 2074 l6,
3460 2025 3512 2080 p.
3540 2010 3631 2076 55,

2068 2096 2331 2168 Spiritum
2366 2108 2618 2154 sanctum
2652 2103 2880 2171 gratiam
2917 2116 3073 2158 suam
3110 2102 3361 2156 conferre
3400 2103 3631 2169 angelis,

2065 2186 2160 2252 Εἰς
2174 2188 2265 2243 τὸν
2284 2188 2629 2260 ἀπαρτισμὸν
2647 2193 2744 2245 καὶ
2757 2191 3151 2262 συμπλήρωσιν
3171 2192 3269 2262 τῆς
3286 2192 3633 2255 ὑποστάσεως

2064 2280 2272 2347 αὐτῶν,
2312 2279 2378 2335 1η
2407 2281 2501 2336 hoc
2529 2292 2587 2336 ut
2619 2285 2923 2353 perﬁciatur
2955 2284 3375 2353 compleaturque
3418 2286 3633 2338 illorum

2062 2368 2382 2424 substantia.
2422 2369 2540 2425 Non
2585 2380 2762 2442 potest
2812 2373 2916 2428 hoc
2958 2374 3079 2428 loco
3139 2374 3435 2438 ὑπόστασις
3476 2375 3635 2430 aliter

2065 2461 2240 2532 accipi
2265 2476 2329 2517 ac
2356 2463 2533 2518 οὐσία.
2576 2463 2715 2520 Hinc
2745 2466 2801 2520 in
2831 2466 3022 2522 eodem
3060 2469 3256 2536 capite,
3293 2484 3347 2537 p.
3386 2467 3475 2533 52,
3508 2482 3636 2522 san-

2064 2552 2226 2607 ctitas
2271 2553 2469 2609 dicitur
2510 2570 2634 2612 esse
2675 2565 2829 2610 extra
2875 2557 3231 2611 substantiam
3272 2560 3586 2629 angelorum
3612 2596 3635 2623 ,

2065 2642 2262 2708 ἔξωθεν
2306 2644 2405 2716 τῆς
2449 2645 2668 2713 οὐσίας,
2713 2650 2841 2717 quia
2888 2648 3232 2704 sanctitatem
3282 2650 3559 2719 accipiunt
3601 2663 3635 2702 a

2068 2733 2274 2805 Spiritu
2314 2749 2542 2804 sancto,
2588 2753 2690 2794 nec
2725 2754 2846 2794 eam
2889 2754 2920 2794 a
2969 2753 3068 2795 sua
3120 2741 3362 2811 ipsorum
3397 2740 3638 2796 essentia

2068 2823 2289 2882 habent.
2335 2826 2597 2883 Similiter
2633 2829 2728 2885 lib.
2772 2846 2807 2886 v
2847 2831 3096 2886 adversus
3137 2831 3389 2896 Eunom.,
3421 2849 3474 2902 p.
3507 2832 3632 2897 5'21,

2067 2917 2248 2973 omnis
2294 2919 2604 2974 substantia
2643 2921 2920 2991 justorum
2962 2938 2994 2977 a
3046 2923 3250 2993 Spiritu
3303 2924 3639 2978 sanctilicari

2069 3006 2272 3063 dici-tur
2302 3028 2317 3065 :
2351 3011 2509 3064 Πᾶσα
2552 3012 2847 3077 ὑπόστασις
2873 3013 3119 3070 δικαίων.
3155 3053 3173 3071 .
3211 3057 3225 3071 .
3260 3016 3532 3086 ἡγίασται.
3572 3014 3637 3070 In

2070 3098 2209 3153 libro
2238 3102 2499 3166 secundo,
2534 3103 2739 3173 p.252,
2782 3111 2951 3159 totam
2978 3104 3158 3159 Patris
3182 3114 3435 3160 naturam
3474 3108 3548 3160 ait
3577 3106 3636 3161 in

2067 3186 2205 3244 Filio
2238 3193 2475 3261 imprimi
2510 3195 2655 3249 velut
2686 3196 2742 3249 in
2772 3197 2951 3267 sigillo
2989 3213 3002 3249 :
3048 3206 3143 3251 aut
3173 3199 3634 3268 quemadmodum

2065 3280 2263 3336 artium
2297 3285 2604 3340 substantia
2633 3302 2700 3342 ex
2731 3287 3057 3345 docentibus
3090 3289 3144 3345 in
3174 3292 3476 3362 discipulos
3521 3302 3636 3346 tota

2065 3372 2284 3438 transit,
2315 3374 2476 3428 ὁποία
2503 3375 2612 3430 τῶν
2644 3379 2848 3448 τεχνῶν
2874 3382 2907 3451 ή
2939 3379 3233 3445 ὑπόστασις
3259 3384 3325 3436 ἐκ
3350 3384 3459 3437 τῶν
3485 3384 3635 3438 διδα-

2066 3464 2303 3518 σκόντων
2325 3464 2420 3536 ὅλη
2449 3469 2560 3530 τοῖς
2589 3467 3045 3541 μαθητευομένοις
3074 3473 3423 3544 ἐγγινομένη.

2136 3552 2431 3627 Gregorius
2479 3556 2895 3627 Nazianzenus,
2950 3562 3111 3632 cujus
3165 3580 3378 3618 summa
3427 3565 3638 3620 exstitit

2066 3658 2189 3698 cum
2242 3644 2447 3702 Basilio
2493 3649 2551 3702 in
2609 3649 2788 3707 tribus
2834 3652 3221 3724 hypostasibus
3278 3654 3636 3711 defendendis

2066 3737 2392 3803 consensio,
2435 3738 2673 3795 divinam
2717 3744 3013 3798 essentiam
3062 3746 3372 3817 hypostasis
3414 3750 3638 3804 nomine

2066 3825 2316 3898 designat
2348 3829 2407 3883 in
2437 3838 2577 3886 orat.
2608 3830 2711 3896 54,
2749 3849 2804 3904 p.
2851 3834 2988 3899 542,
3020 3836 3112 3891 ubi
3144 3843 3210 3892 de
3236 3836 3348 3893 Deo
3375 3848 3428 3893 et
3457 3840 3525 3895 de
3565 3842 3635 3896 iis

2066 3932 2187 3987 quae
2213 3919 2359 3974 circa
2388 3920 2557 3976 Deum
2586 3925 2970 3992 praedicantur,
3001 3928 3080 3983 sic
3111 3929 3353 3996 loquitur
3382 3949 3395 3985 :
3430 3928 3495 3983 Ti
3527 3929 3636 4002 γὰρ

2066 4006 2179 4062 δντι
2212 4008 2359 4079 αὑτῷ
2387 4012 2526 4065 κατὰ
2552 4012 2650 4084 τὴν
2675 4012 2834 4083 φύσιν
2862 4016 2955 4069 καὶ
2976 4016 3073 4086 τὴν
3099 4018 3421 4085 ὑπόστασιν,
3455 4020 3635 4090 ὑπάρ-

2067 4112 2151 4170 χει
2182 4099 2243 4153 τὸ
2277 4099 2350 4171 μὴ
2381 4101 2551 4173 ἀρχὴν
2578 4102 2720 4173 ἔχειν
2757 4105 2891 4175 μηδὲ
2924 4105 3259 4173 ἐξίστασθαι,
3297 4110 3431 4180 μηδὲ
3459 4127 3595 4180 περα
3616 4140 3637 4152 -

2066 4190 2310 4253 τοῠσθαι,
2341 4192 2475 4245 ἀλλὰ
2504 4194 2622 4247 ὅλον
2651 4195 2713 4248 τὸ
2744 4192 2882 4250 εἶναι
2909 4198 3358 4271 περιλαμϐάνειν,
3389 4203 3636 4256 λείπεται

2069 4282 2517 4353 προσφιλοσοφείν
2548 4302 2609 4337 τε
2636 4286 2730 4338 καὶ
2757 4287 3201 4358 προσεξετάζειν·
3236 4290 3374 4356 Quid
3400 4294 3536 4347 enim
3558 4310 3640 4348 se-

2068 4373 2299 4428 cundum
2330 4384 2580 4430 naturam
2604 4388 2652 4432 et
2683 4379 3009 4449 hypostasim
3038 4386 3333 4449 exsistenti,
3365 4388 3639 4441 conveniat

395 4486 548 4557 quod
572 4483 844 4540 interdum
879 4482 1141 4553 optimam
1166 4480 1492 4537 sententiam
1522 4480 1804 4536 tuentibus
1829 4494 1956 4533 eve-

2074 4464 2118 4518 e'i
2137 4482 2228 4520 nec
2247 4468 2565 4538 principium
2588 4468 2796 4536 habere,
2826 4490 2918 4529 nec
2944 4492 2976 4528 a
2999 4492 3053 4529 se
3081 4493 3308 4546 unquam
3331 4476 3636 4541 desciscere,

397 4578 500 4641 nit,
548 4584 610 4631 ut
653 4575 709 4630 in
747 4575 816 4630 iis
850 4573 1125 4629 solvendis
1159 4589 1280 4643 qua:
1328 4573 1627 4629 adversarii
1672 4572 1963 4642 objiciunt,

396 4666 582 4720 minus
610 4661 895 4718 commode
935 4668 1241 4717 versentur.
1284 4660 1509 4718 Difﬁcile
1547 4664 1693 4718 enim
1739 4670 1824 4718 est
1853 4677 1964 4717 non

396 4757 557 4813 fateri
587 4755 674 4811 his
706 4754 909 4818 verbis,
952 4769 1019 4808 ex
1054 4754 1165 4808 alia
1201 4754 1499 4825 [typostasi,
1544 4755 1837 4810 essentiam
1871 4754 1968 4809 de-

397 4846 623 4918 signari.
654 4843 761 4901 Sed
789 4844 1103 4900 levissimus
1138 4844 1225 4898 hic
1271 4844 1457 4900 Basilii
1486 4858 1673 4900 naevus
1711 4851 1818 4909 est,
1867 4857 1966 4897 nec

397 4953 581 4994 causa:
606 4951 875 4992 summam
921 4936 1159 5006 attingit,
1200 4951 1320 5005 qlia}
1364 4942 1477 4991 tota
1508 4936 1826 4991 vertebatur
1853 4934 1963 4988 hoc

396 5030 641 5097 cardine,
691 5036 875 5085 utrum
918 5028 1160 5099 synodus
1203 5028 1420 5084 Nicana
1467 5044 1633 5082 unam
1688 5029 1745 5083 in
1789 5028 1966 5082 tribus

395 5122 650 5195 personis
692 5120 1029 5193 hypostasim
1077 5119 1409 5175 admisisset.
1448 5119 1678 5176 Etiamsi
1725 5118 1963 5174 Basilius

397 5214 565 5269 unius
625 5214 924 5268 testimonii
984 5211 1402 5283 explicationem
1466 5212 1683 5282 longius
1730 5218 1965 5281 repetat,

398 5307 617 5362 etiamsi
646 5306 946 5360 concedere
979 5304 1310 5360 adversariis
1341 5303 1498 5369 nolit,
1526 5304 1673 5373 quod
1704 5303 1970 5358 incolumi

397 5412 501 5456 sua
543 5410 710 5451 causa
759 5401 1058 5451 concedere
1097 5404 1340 5465 poterat;
1387 5393 1444 5449 in
1486 5409 1553 5449 eo
1585 5402 1733 5450 certe
1770 5395 1967 5465 synodi

399 5488 1083 5545 mentemaccuratissime
1124 5487 1420 5559 perspexit,
1452 5488 1600 5557 quod
1650 5496 1764 5545 tres
1799 5489 1970 5559 hypo-

401 5590 578 5635 stases
618 5578 688 5633 ab
715 5592 778 5633 ea
825 5577 1069 5632 sublatas
1098 5578 1394 5646 negaverit.
1441 5576 1619 5646 Atque
1664 5577 1717 5631 id
1749 5578 1969 5649 quidem

401 5671 564 5726 nobis
612 5670 774 5740 paulo
820 5670 1130 5723 accuratius
1166 5667 1589 5723 examinandum
1631 5677 1735 5733 est,
1777 5683 1841 5726 ac
1872 5668 1969 5726 de-

403 5759 819 5817 monstrandum
850 5757 1123 5815 Nicaenam
1163 5757 1454 5829 synodum,
1487 5760 1592 5816 etsi
1624 5760 1961 5833 bypostasim

2072 4573 2165 4612 nec
2190 4558 2296 4628 ﬁne
2325 4561 2439 4615 allo
2469 4564 2764 4626 terminari,
2801 4565 2892 4619 sed
2931 4576 3101 4620 totum
3133 4585 3245 4623 esse
3268 4571 3558 4641 complecti,
3582 4572 3638 4625 id

2071 4660 2328 4720 prteterea
2386 4653 2860 4726 philosophandum
2932 4669 2981 4713 et
3044 4661 3411 4730 inquirendum
3475 4664 3638 4718 relin-

2070 4744 2269 4813 quitur.

2142 4840 2378 4911 Cyrillus
2404 4839 2954 4915 Hierosolymitanus,
2980 4860 3141 4914 quem
3173 4860 3295 4900 cum
3328 4845 3386 4902 S.
3422 4846 3638 4903 Meletio

2074 4938 2128 4985 et
2155 4933 2276 4987 aliis
2306 4933 2468 4987 trium
2496 4934 3275 5004 ltypostasium'defensoribus
3303 4939 3641 5007 conjunctis-

2078 5021 2276 5076 simum
2311 5021 2479 5079 fuisse
2515 5032 2751 5089 constat,
2788 5025 3059 5079 interdum
3088 5026 3396 5097 bypostasis
3422 5030 3641 5086 nomine

2077 5111 2439 5167 substantiam
2481 5114 2757 5186 intelligit.
2786 5113 2879 5170 Sic
2903 5118 3048 5170 enim
3081 5117 3322 5187 loquitur
3352 5119 3407 5173 in
3442 5130 3549 5176 cat.
3582 5123 3637 5187 6,

2074 5221 2132 5259 n.
2159 5205 2194 5259 5
2230 5206 2664 5278 τἈκατάληπτός
2691 5210 2836 5261 ἐστιν
2866 5210 2899 5280 ὴ
2935 5210 3228 5275 ὑπόστασις
3253 5215 3285 5283 ἡ
3311 5211 3447 5266 Θεία·
3483 5214 3640 5268 Com-

2076 5297 2323 5366 prehendi
2352 5317 2455 5353 non
2487 5309 2653 5368 potest
2679 5300 2972 5355 substantia
3001 5302 3213 5367 divina;
3243 5313 3295 5357 ct
3323 5314 3430 5361 cat.
3461 5307 3547 5372 16,
3576 5307 3645 5363 dc

2080 5386 2284 5457 Spiritu
2339 5390 2565 5458 loquens
2620 5391 2752 5443 ait:
2797 5390 2960 5443 Φύσιν
3024 5390 3081 5443 δὲ
3131 5391 3163 5460 ἢ
3212 5392 3505 5445 ὑπόστασιν
3568 5393 3643 5464 μὴ

2081 5479 2551 5552 πολυπραγμόνει·
2607 5480 2873 5536 Naturam
2892 5492 2982 5535 aut
3005 5483 3351 5538 substantiam
3369 5502 3430 5539 ne
3442 5485 3647 5541 curiose

2078 5574 2374 5643 investiges.

2152 5665 2247 5721 Sic
2290 5666 2452 5720 etiam
2499 5664 2836 5734 Epiphanius
2885 5665 3158 5721 interdum
3209 5666 3502 5721 ὑπόστασιν
3548 5682 3646 5735 pro

2078 5761 2237 5834 οὐσίᾳ
2267 5760 2451 5827 sumit,
2485 5761 2631 5815 velut
2655 5774 2777 5816 cum
2811 5760 2883 5814 ait
2915 5759 3107 5816 hatres.
3142 5774 3325 5818 uxtv.
3358 5776 3410 5817 ιι.
3440 5759 3492 5825 4,
3530 5758 3644 5813 Μία
