3972 6218
316 356 383 411 ts
1730 345 2121 412 PREFATIO.
2715 333 2724 342 ’
3497 352 3565 406 tt

314 472 503 543 θεότης
557 472 660 544 τῆς
715 473 884 542 αὐτῆς
939 463 1247 544 δυνάμεως,
1299 472 1396 542 τῆς
1447 472 1620 542 αὐτῆς
1665 472 1893 526 ὁποστά-
1921 479 1964 534 Α
1995 474 2050 526 δὲ
2084 475 2176 527 καὶ
2199 472 2352 543 παρὰ
2378 474 2490 535 τοῖς
2532 471 2750 534 Ἰταλοῖς
2769 469 2987 541 ὁμοίως,
3021 469 3132 523 ἀλλ’
3154 469 3213 522 οὐ
3248 470 3566 541 δυναμένοις

314 578 488 625 σεως·
534 561 654 615 Una
697 563 970 625 divinitas,
1008 562 1238 632 ejusdem
1265 562 1499 624 virtutis,
1534 560 1767 629 ejusdem
1804 563 1893 632 hy-

313 654 565 720 postasis.
616 653 760 707 Idem
805 662 989 709 tamen
1031 653 1335 718 sentiebat,
1394 655 1540 724 τρεῖς
1597 653 1892 720 ἀναγκαῖον

314 740 459 796 εἶναι
512 743 612 808 τὰς
643 745 998 811 ὑποστάσεις,
1051 745 1351 816 ὁμολογεῖν,
1399 761 1602 798 necesse
1638 761 1748 798 esse
1789 754 1892 798 tres

313 836 628 903 hypostases
664 837 905 903 conﬁteri
927 877 941 899 ,
971 835 1134 905 idque
1167 838 1446 906 conceptis
1479 836 1660 890 verbis
1690 835 1894 890 Basilio

317 926 640 994 scripserat,
690 929 782 994 qui
846 927 985 980 hanc
1042 928 1188 981 illius
1231 927 1537 980 doctrinam
1600 929 1894 998 plurimum

317 1017 508 1070 laudat
550 1018 605 1070 in
653 1017 813 1086 epist.
862 1016 988 1070 958.
1021 1017 1200 1083 Quare
1235 1018 1366 1072 vitio
1414 1033 1524 1072 non
1569 1028 1719 1072 caret
1765 1018 1894 1089 Epi-

318 1109 512 1173 phanii
545 1116 834 1164 contextus
856 1109 912 1162 in
945 1111 1228 1173 Ancorato,
1257 1125 1313 1162 n.
1345 1108 1402 1173 6,
1436 1110 1526 1164 ubi
1555 1111 1635 1165 sie
1662 1111 1892 1179 legitur:

331 1199 462 1252 Ἐὰν
509 1199 619 1271 γὰρ
667 1199 829 1272 εἴπῃς
884 1199 946 1252 τὸ
999 1200 1317 1270 ὁμοούσιον,
1360 1200 1553 1264 ἔλυσας
1610 1201 1896 1254 Σαϐελλίου

318 1291 426 1361 τὴν
458 1291 724 1361 δύναμινο
774 1292 908 1343 ὅπου
962 1291 1069 1360 γὰρ
1123 1290 1426 1360 ὀμοούσιον,
1485 1292 1612 1360 μιᾶς
1671 1291 1900 1344 ὑποστά-

324 1379 466 1442 cedi;
513 1380 631 1431 ἐστι
686 1378 1002 1447 δηλωτικόν.
1049 1379 1364 1433 Addendam
1391 1394 1513 1434 esse
1557 1380 1899 1448 negationem

320 1485 390 1526 ac
423 1471 708 1541 legendum
741 1471 801 1523 οὑ
839 1471 966 1539 μιᾶς
1014 1471 1148 1524 vidit
1187 1473 1304 1540 ipse
1350 1470 1600 1524 Petavius
1626 1511 1639 1535 ,
1691 1475 1783 1541 qui
1819 1472 1898 1525 sic

322 1566 718 1633 interpretatur
746 1580 758 1614 :
799 1561 1114 1631 Usurpando
1139 1564 1613 1618 consubstantialis
1647 1564 1897 1618 vocabulo

325 1655 551 1710 Sabellii
593 1653 754 1707 robur
776 1655 1028 1723 infringis
1064 1669 1082 1708 :
1117 1671 1217 1710 non
1257 1659 1395 1709 enim
1433 1659 1898 1712 consubstantialis

323 1763 426 1800 eoa:
450 1746 774 1816 singularem
803 1746 1129 1816 Itgpostasim
1153 1748 1437 1818 signiﬁcat.

398 1837 586 1891 Ruunt
641 1853 770 1908 ergo
829 1848 1146 1908 argumenta
1202 1838 1446 1905 Petavii,
1502 1850 1555 1898 et
1610 1859 1673 1898 ex
1722 1844 1901 1901 allatis

322 1930 590 1998 exemplis
615 1929 944 1998 perspicitur
966 1930 1302 2000 hypostasim
1325 1932 1592 1987 interdum
1618 1951 1716 2004 pro
1745 1936 1902 2006 οὐσίᾳ

318 2022 471 2076 sumi
508 2036 691 2090 posse,
723 2021 974 2090 quamvis
1004 2029 1115 2077 tres
1143 2025 1486 2094 ~hypostases
1518 2025 1897 2086 admittantur.

325 2129 395 2167 ac
423 2113 649 2182 proinde
675 2113 922 2168 Nicanos
942 2112 1152 2178 Patres,
1177 2117 1390 2170 etiamsi
1424 2117 1758 2187 hypostasim
1805 2136 1906 2189 pro

325 2205 488 2274 cinia.
520 2205 874 2274 sumpserint,
910 2219 1018 2258 non
1051 2204 1260 2260 idcirco
1301 2223 1464 2262 unam
1491 2210 1544 2262 in
1577 2210 1753 2264 tribus
1779 2226 1900 2280 per-

328 2295 484 2348 sonis
514 2295 848 2364 hypostasim
875 2295 1202 2353 decrevisse.
1239 2289 1426 2369 Neque
1454 2299 1618 2369 hujus
1646 2301 1722 2355 rei
1749 2303 1907 2372 longe

327 2387 562 2456 petenda
607 2387 918 2457 explicatio.
967 2389 1226 2455 Quamvis
1263 2392 1408 2445 enim
1459 2395 1697 2447 essentia
1738 2395 1806 2449 sit
1851 2395 1906 2449 id

326 2478 478 2546 quod
502 2493 792 2534 commune
822 2488 907 2535 est
937 2481 1112 2536 tribus
1141 2483 1414 2552 personis,
1441 2483 1752 2554 hypostasis
1778 2499 1906 2540 vero

327 2569 386 2624 id
428 2571 575 2640 quod
619 2572 930 2641 proprium;
978 2587 1121 2642 saepe
1162 2581 1343 2627 tamen
1385 2575 1638 2628 essentire
1686 2576 1908 2629 nomine

327 2661 646 2730 hyposlasis
701 2661 1199 2731 comprehenditur,
1238 2678 1302 2716 ac
1345 2662 1586 2718 vicissim
1647 2664 1764 2733 ipsa
1813 2665 1910 2734 hy-

327 2753 570 2820 postasis
596 2753 890 2806 essentiam
917 2752 1351 2822 comprehendit.
1385 2750 1524 2807 Dum
1556 2754 1700 2808 enim
1726 2767 1909 2809 essen—

329 2844 408 2896 tia
439 2845 554 2899 sive
601 2853 798 2898 natura
840 2845 1245 2909 consideratur,
1291 2856 1564 2916 quatenus
1610 2845 1908 2916 conjuncta

328 2943 420 2990 est
470 2953 594 2990 eum
651 2937 1038 3007 personalihus
1091 2937 1560 3007 proprietatibus,
1615 2939 1730 2993 sive
1782 2953 1909 2992 eum

329 3028 637 3097 hypostasi,
670 3037 800 3082 tunc
831 3029 1020 3084 eodem
1049 3044 1214 3084 sensu
1261 3040 1559 3100 usurpatur
1587 3045 1650 3085 ac
1675 3045 1908 3100 persona

1994 564 2082 619 διὰ
2128 567 2417 634 στενότητα
2454 565 2552 634 τῆς
2585 566 2712 633 παρ’
2746 565 2930 626 αὐτοῖς
2964 561 3211 632 γλώττης
3238 563 3333 615 καὶ
3369 561 3572 632 ὀνομά-

1994 676 2102 712 των
2135 657 2342 721 πενίαν,
2381 656 2574 709 διελεῖν
2617 655 2724 708 ἁπὸ
2753 656 2848 725 τῆς
2886 653 3075 717 οὑσέας
3113 653 3212 724 τὴν
3247 653 3569 719 ὑπόστασιν,

1998 753 2090 804 καὶ
2113 751 2202 804 διὰ
2237 749 2394 802 τοῦτο
2424 745 2852 816 ἁντεισαγούσης
2891 747 3011 816 Heg.
3045 743 3451 816 ἀντεισάγουσι]
3498 744 3570 798 τὰ

1997 842 2264 913 πρόσωπα
2307 858 2318 869 ·
2376 841 2463 891 ἵνα
2509 839 2582 909 μὴ
2618 841 2766 907 τρεῖς
2812 839 2991 889 οὐσίαι
3043 836 3468 908 παραδειχθῶσι,
3514 831 3572 886 τί

1998 934 2241 1001 γίνεταις
2289 932 2377 994 Ὠς
2409 931 2526 983 λίαν
2554 930 2758 997 γελοῖον
2868 924 3096 981 ἐλεεινόν
3119 945 3131 958 ’
3168 928 3400 990 πίστεως
3425 925 3571 992 ἔδοξε

1999 1023 2266 1094 διαφορὰ,
2315 1025 2348 1092 ἡ
2395 1023 2520 1094 περὶ
2562 1023 2651 1074 τὸν
2696 1017 2829 1090 ἦχον
2865 1014 3206 1093 μικρολογία.
3259 1017 3406 1072 Nam
3451 1035 3572 1071 cum

1999 1116 2221 1170 essentia
2249 1131 2376 1174 una,
2399 1123 2448 1166 et
2477 1123 2580 1166 tres
2607 1111 2911 1180 Itypostases
2941 1128 2973 1163 a
3000 1111 3147 1164 nobis
3169 1110 3251 1178 pie
3273 1109 3574 1162 dicerentur

2003 1205 2172 1274 (quod
2204 1205 2427 1256 alterum
2477 1202 2773 1255 divinitatis
2805 1212 3090 1264 naturam,
3137 1205 3366 1254 alterum
3412 1199 3574 1252 trium

1999 1311 2344 1365 personarum
2413 1294 2758 1363 proprietates
2819 1292 3116 1358 declaret),
3178 1300 3333 1361 atque
3393 1289 3574 1345 eodem

2001 1387 2207 1456 quidem
2251 1385 2402 1440 modo
2455 1385 2595 1454 apud
2636 1385 2898 1439 Romanos
2942 1384 3378 1453 intelligerentur,
3421 1395 3579 1438 δαῖτε-

2003 1494 2118 1530 rum
2141 1477 2203 1531 ob
2229 1478 2420 1547 lingua:
2450 1477 2594 1530 illius
2620 1478 2918 1547 angustiam
2941 1485 2991 1528 et
3022 1475 3295 1528 verborum
3317 1475 3574 1544 inopiam,

2003 1569 2325 1638 hypostasim
2359 1567 2424 1620 ab
2464 1568 2689 1622 essentia
2736 1567 3058 1638 distinguere
3093 1583 3197 1620 non
3227 1575 3458 1635 possent,
3491 1583 3579 1620 eo-

2001 1675 2098 1729 que
2145 1660 2343 1728 factum
2385 1670 2542 1720 esset.
2589 1669 2645 1713 ut
2681 1677 2742 1714 ne
2772 1669 2875 1714 tres
2928 1660 3259 1714 substantias
3297 1659 3580 1712 admittere

2003 1751 2320 1816 viderentur,
2355 1768 2700 1820 personarum
2734 1753 3042 1804 vocabulum
3077 1750 3381 1806 inducerent
3405 1793 3421 1818 ,
3451 1749 3580 1822 quid

2009 1843 2216 1896 tandem
2266 1845 2523 1914 contigit?
2573 1842 2675 1898 Res
2723 1844 2954 1912 profecto
2998 1843 3227 1896 ridicula
3285 1844 3361 1897 vel
3403 1845 3578 1912 potius

2005 1933 2308 1986 miseranda
2339 1950 2357 1986 :
2407 1933 2624 1988 dirersce
2657 1934 2781 2004 ﬁdei
2811 1935 3032 2002 speciem
3070 1934 3294 2002 prtebuit
3319 1933 3446 1988 levis
3480 1933 3582 1987 illa

2004 2035 2054 2078 et
2078 2026 2258 2093 jejuna
2287 2025 2350 2079 de
2378 2041 2559 2080 vocum
2598 2043 2727 2080 sono
2755 2029 3056 2082 altercatio.

2077 2115 2352 2172 Habemus
2384 2132 2514 2186 ergo
2553 2117 2720 2172 totius
2760 2117 3124 2174 dissensionis
3166 2119 3433 2189 originem
3461 2157 3478 2184 ,
3527 2127 3583 2173 et

2007 2209 2220 2262 initium
2258 2209 2422 2263 unius
2453 2209 2784 2281 hypostasis.
2818 2210 3121 2280 Antequam
3155 2207 3366 2265 Latinis
3394 2209 3449 2264 in
3491 2209 3580 2263 in-

2007 2299 2356 2371 terpretanda
2403 2301 2714 2372 hypostasis
2751 2316 2882 2356 voce
2917 2302 3232 2356 molestiam
3281 2302 3581 2356 facesseret

2009 2391 2207 2461 lingua:
2242 2392 2444 2461 inopia,
2495 2393 2645 2446 nulla
2697 2401 2816 2447 erat
2859 2393 3004 2464 apud
3047 2389 3268 2447 Graecos
3301 2406 3365 2446 ea
3410 2389 3478 2447 de
3520 2408 3581 2446 re

2009 2485 2407 2547 controversia,
2435 2485 2585 2537 nulla
2612 2484 2883 2551 varietas;
2914 2498 2978 2537 ac
3010 2483 3242 2554 proinde
3270 2498 3379 2538 non
3399 2482 3578 2538 solum

2008 2573 2210 2631 Nicreni
2245 2575 2456 2641 Patres,
2487 2577 2581 2632 sed
2606 2585 2659 2632 et
2682 2584 2950 2648 quotquot
2974 2577 3286 2649 hypostasis
3314 2573 3582 2632 vocabulo

2009 2671 2076 2724 ad
2111 2670 2445 2724 efferendum
2493 2670 2686 2741 dogma
2738 2671 2821 2725 usi
2856 2678 3005 2737 sunt,
3042 2685 3150 2724 non
3187 2683 3355 2723 unam
3405 2667 3578 2741 hypo-

2010 2765 2222 2828 stasim,
2256 2763 2350 2820 sed
2379 2773 2490 2818 tres
2517 2763 2839 2834 hypostases
2852 2764 3122 2819 dixerunt.
3155 2762 3402 2836 Gregorii
3434 2762 3584 2821 testi-

2009 2857 2252 2910 monium
2301 2854 2588 2910 confirmat
2621 2855 2853 2910 Aeacius
2882 2855 3211 2915 Bernensis.
3255 2858 3349 2928 qui
3384 2857 3465 2912 sic
3497 2858 3581 2912 lo-

2009 2945 2197 3015 quitur
2253 2945 2395 3015 apud
2447 2945 2706 3016 Cyrillum
2761 2947 3210 3016 Alexandrinum,
3249 2950 3409 3019 epist.
3461 2950 3580 3005 i5:

2011 3035 2208 3091 Beatus
2237 3035 2520 3104 Paulinus,
2546 3036 2854 3108 inquit,tres
2877 3039 3175 3109 Itgpostases
3207 3051 3382 3109 aperte
3412 3041 3586 3097 dicere

331 3117 448 3170 sive
478 3117 791 3187 hypostasis
827 3135 842 3171 :
880 3116 1022 3172 unde
1053 3116 1111 3172 S.
1143 3119 1450 3174 Alexander
1479 3120 1904 3186 AlexandriHUS,
1935 3142 1978 3202 ο
2011 3129 2307 3193 recusabat,
2342 3130 2577 3200 quamvis
2606 3129 2789 3184 eadem
2821 3130 3010 3185 virtute
3046 3142 3095 3187 et
3125 3134 3340 3187 veritate
3367 3135 3584 3188 sentiret

331 3208 495 3274 cujus
519 3210 682 3262 verba
713 3222 833 3260 mox
865 3208 1187 3273 referemus,
1220 3207 1436 3264 Patrem
1465 3217 1518 3265 et
1542 3208 1741 3264 Filium
1771 3210 1907 3266 duas

332 3301 607 3368 Ityposlasi
643 3311 863 3354 naturas
895 3310 1064 3354 vocat.
1093 3299 1183 3355 Sic
1212 3301 1374 3355 etiam
1408 3300 1750 3370 hypostasis,
1780 3301 1910 3355 dum

331 3393 712 3445 consideratur
744 3401 1013 3462 quatenus
1043 3409 1166 3447 eum
1198 3393 1433 3448 essentia
1464 3393 1759 3462 conjuncta
1789 3403 1906 3460 est,

335 3483 615 3536 interdum
674 3499 776 3553 pro
830 3485 1071 3539 essentia
1121 3485 1379 3538 sumitur.
1436 3481 1910 3549 Quemadmodum

331 3589 464 3643 ergo
512 3576 688 3630 sancti
729 3575 954 3639 Patres,
996 3576 1100 3630 etsi
1156 3575 1429 3630 interdum
1475 3577 1768 3630 essentiam
1809 3592 1907 3631 su-

331 3672 493 3714 munt
519 3679 616 3731 pro
650 3665 927 3734 hypostasi
951 3703 965 3728 ,
993 3668 1107 3718 sive
1135 3678 1395 3733 .persona.
1424 3679 1532 3718 non
1560 3665 1765 3718 idcirco
1800 3674 1911 3722 tres

329 3755 604 3808 essentias
643 3755 974 3820 admittunt;
1023 3755 1096 3808 ita
1151 3770 1218 3809 ex
1261 3769 1326 3809 eo
1374 3754 1519 3824 quod
1573 3755 1909 3826 hypostasim

333 3860 728 3914 nonnunquam
779 3853 998 3899 sumant
1044 3860 1144 3916 pro
1175 3847 1415 3901 essentia
1441 3884 1456 3910 ,
1497 3860 1608 3901 non
1659 3849 1911 3918 sequitur

332 3951 501 3990 unam
533 3937 602 3990 ab
626 3935 735 3990 illis
764 3936 1104 4008 bypostasim
1143 3929 1381 3992 admitti.

403 4027 496 4082 Ill.
540 4028 648 4083 Sed
686 4029 800 4097 jam
841 4029 1058 4098 longius
1097 4029 1258 4084 nobis
1302 4029 1674 4098 promovenda
1722 4027 1909 4085 Basilii

329 4118 582 4173 defensio
603 4137 616 4172 :
637 4119 904 4174 hactenus
921 4120 1067 4173 enim
1093 4120 1406 4189 probatum,
1430 4120 1706 4176 immerito
1730 4121 1909 4192 aﬂingi

334 4211 548 4281 synodo
578 4209 811 4266 Nicena:
847 4226 1012 4265 unam
1058 4211 1434 4281 hypostasim:
1473 4229 1620 4267 nunc
1663 4214 1906 4282 proban-

330 4304 464 4357 dum
495 4313 607 4358 tres
653 4304 978 4375 hypostases
1021 4319 1236 4372 semper
1268 4304 1325 4358 in
1361 4304 1583 4359 Oriente
1617 4317 1908 4376 usurpatas

335 4411 552 4450 summo
581 4411 855 4450 consensu
895 4394 1088 4458 fuisse,
1121 4394 1313 4449 saltem
1345 4410 1375 4448 a
1412 4393 1631 4451 Sabellii
1662 4409 1713 4451 et
1748 4398 1905 4451 Nocti

2014 3239 2076 3276 ac
2124 3222 2456 3291 prwdicaret.
2518 3223 2740 3278 Secutus
2787 3234 2865 3279 est
2900 3234 3073 3278 autem
3123 3227 3391 3295 piissimos
3430 3228 3584 3282 Occi-

2013 3315 2182 3368 dentis
2211 3316 2477 3383 episcopos
2515 3325 2788 3384 propterea
2825 3315 2962 3386 quod
2992 3319 3267 3386 angustior
3296 3327 3373 3371 est
3404 3318 3586 3389 lingua

2012 3403 2249 3458 Romana
2275 3447 2288 3469 ,
2317 3421 2474 3473 quam
2503 3419 2554 3458 ut
2577 3406 2863 3460 secundum
2895 3405 3134 3462 ercam
3160 3417 3394 3462 nostram
3424 3411 3589 3480 phra-

2012 3497 2111 3550 sim
2143 3508 2245 3551 tres
2276 3499 2577 3566 [typostases
2609 3499 2778 3553 dicere
2814 3510 2988 3570 queat.

2083 3586 2218 3640 Illud
2261 3590 2423 3641 etiam
2453 3590 2752 3642 novitatem
2802 3590 2968 3643 unius
2997 3589 3313 3660 hypostasis
3349 3588 3584 3645 demon-

2011 3679 2188 3725 strare
2219 3673 2420 3742 possit,
2459 3672 2605 3743 quod
2650 3689 2774 3727 cum
2805 3675 3049 3743 epistola;
3097 3673 3441 3730 Sardicensis
3491 3691 3584 3745 sy-

2011 3763 2142 3816 nodi
2202 3761 2459 3832 adjuncta
2509 3784 2540 3819 a
2579 3766 2859 3820 nonnullis
2917 3765 3112 3821 fuisset
3157 3767 3400 3837 quzedam
3459 3766 3586 3820 fidei

2012 3854 2308 3919 confessio,
2340 3856 2395 3908 in
2427 3872 2534 3926 qua
2561 3872 2667 3910 una
2700 3857 3030 3927 hypostasis,
3061 3865 3120 3912 ut
3150 3859 3453 3928 apostolica
3481 3859 3584 3913 do-

2011 3946 2210 4011 ctrina,
2239 3947 2575 4012 tradebatur,
2610 3948 2750 4003 bane
2774 3949 2895 4003 lidei
2923 3947 3326 4005 confessionem
3350 3951 3588 4006 Alexan-

2011 4039 2165 4092 drina
2202 4039 2444 4109 synodus
2476 4046 2537 4093 ut
2571 4041 2812 4108 spuriam
2848 4040 3069 4109 rejecit,
3106 4056 3170 4096 ac
3209 4041 3587 4101 Antiochenos

2011 4130 2225 4183 hortata
2264 4139 2348 4184 est
2375 4129 2486 4198 (2),
2525 4139 2582 4184 ut
2609 4146 2726 4185 eam
2759 4147 2860 4186 nec
2893 4131 2996 4201 legi
3038 4148 3139 4186 nec
3170 4132 3402 4202 proferri
3431 4143 3586 4205 pate-
3637 4197 3654 4214 τ

2011 4228 2220 4274 rentur.
2254 4220 2520 4277 Eusebius
2551 4217 2915 4277 Vercellensis
2950 4221 3005 4276 in
3041 4223 3438 4279 subscribendo
3463 4240 3585 4279 eam

2015 4329 2081 4367 ne
2112 4312 2492 4382 proferendam
2520 4312 2744 4382 quidem
2773 4327 2896 4367 esse
2929 4315 3268 4384 pronuntiat.

2082 4401 2172 4457 ιν.
2217 4402 2322 4456 Sed
2358 4404 2687 4472 praecipuum
2721 4403 2880 4458 nobis
2908 4413 3290 4474 argumentum
3324 4405 3588 4474 suppedi-

332 4490 615 4554 tempore',
638 4501 740 4539 nec
768 4486 906 4540 ullos
925 4485 1184 4540 habuisse
1204 4484 1567 4553 adversarios,
1594 4488 1911 4556 prteterAn-
1941 4487 1988 4545 Β
2016 4503 2131 4549 tant
2163 4496 2492 4565 scriptorum
2525 4495 2758 4549 ecclesia
2771 4496 3029 4549 stieorum
3083 4497 3395 4551 testimonia
3416 4537 3431 4563 ,
3467 4505 3586 4550 tum

333 4576 619 4629 tioehenos
636 4576 947 4637 nonnullos,
967 4590 1105 4644 quos
1121 4573 1301 4628 Latini
1327 4580 1428 4629 hac
1457 4591 1590 4630 voce
1627 4578 1696 4630 ob
1713 4577 1909 4648 linguae

339 4680 456 4720 sum
485 4665 733 4735 inopiam
763 4665 954 4720 offensi
989 4666 1042 4719 in
1073 4665 1400 4720 sententiam
1425 4681 1579 4722 suam
1605 4677 1906 4724 traxerunt.

403 4777 530 4846 Ipsa
593 4777 684 4830 illa
743 4777 1159 4840 controversia,
1212 4791 1335 4846 quae
1391 4777 1458 4831 de
1523 4778 1908 4848 hypostasibus

335 4875 527 4920 exorta
581 4866 944 4930 esu-eximio
994 4864 1153 4919 nobis
1211 4874 1530 4935 argumento
1590 4875 1905 4936 perpetuam

337 4956 580 5011 Orientis
607 4957 912 5012 doctrinam
954 4955 1313 5011 demonstrat.
1360 4953 1632 5012 Discimus
1666 4957 1809 5012 enim
1837 4973 1905 5012 ex

338 5045 600 5116 Gregorio
639 5047 985 5100 Nazianzeno
1038 5053 1149 5101 tres
1197 5046 1554 5116 hypostases,
1609 5057 1902 5118 antequam

342 5133 453 5188 haec
481 5136 723 5205 prodiret
773 5135 1080 5202 dissensio,
1117 5135 1376 5192 Ecclesiae
1417 5136 1714 5194 Orientalis
1756 5154 1857 5192 usu
1886 5179 1900 5204 ,

342 5226 556 5281 nemine
603 5235 984 5295 repugnante,
1037 5226 1304 5280 contritas
1359 5227 1549 5281 fuisse.
1607 5226 1699 5280 Sic
1757 5228 1904 5282 enim

341 5315 578 5384 loquitur
604 5315 662 5370 S.
693 5314 990 5385 Gregorius
1019 5315 1071 5370 in
1101 5323 1243 5370 orat.
1272 5315 1362 5380 21,
1395 5331 1448 5384 p.
1479 5316 1585 5370 595
1617 5334 1630 5370 :
1661 5316 1771 5386 Τῆς
1796 5317 1905 5388 γὰρ

341 5406 471 5475 μιᾶς
505 5405 708 5468 οὐσίας,
743 5409 836 5459 καὶ
865 5406 972 5458 τῶν
1009 5406 1174 5478 τριῶν
1215 5407 1562 5460 ὑποστάσεων
1596 5407 1904 5477 λεγομένων

342 5497 440 5564 μὲν
461 5498 548 5565 ὑφ’
566 5497 719 5567 ἡμῶν
735 5497 988 5560 εὐσεϐῶς
1007 5497 1066 5549 τὸ
1082 5498 1178 5567 μὲν
1218 5499 1327 5568 γὰρ
1342 5497 1440 5569 τὴν
1459 5497 1618 5567 φύσιν
1644 5498 1795 5568 δηλοῖ
1806 5502 1904 5570 τῆς

339 5584 619 5656 θεότητος,
651 5587 712 5641 τὸ
730 5588 787 5641 δὲ
813 5587 911 5653 τὰς
941 5587 1046 5641 τῶν
1078 5588 1244 5660 τριῶν
1275 5589 1540 5660 ἰδιότητας
1559 5629 1574 5654 ,
1600 5589 1904 5662 νοουμένων

400 5738 474 5813 (2)
515 5740 774 5798 Athanas.
807 5741 964 5813 epist.
991 5741 1058 5797 ad
1080 5742 1486 5802 Antioelicnses.

2010 4602 2200 4641 eorum
2223 4587 2316 4657 qui
2345 4593 2470 4640 ante
2491 4587 2782 4640 concilium
2806 4584 3085 4640 Nicaenum
3116 4586 3442 4652 floruerunt,
3467 4596 3586 4640 tum

2010 4696 2200 4734 eorum
2229 4679 2322 4749 qui
2355 4679 2564 4750 synodo
2602 4679 2992 4743 interfuerunt,
3024 4690 3120 4736 aut
3147 4689 3269 4751 post
3295 4695 3412 4735 eam
3447 4683 3586 4734 seri-

2010 4787 2190 4840 psere.
2245 4769 2440 4825 Nullus
2486 4786 2619 4825 sane
2677 4771 2909 4840 proferri
2953 4779 3168 4840 potest,
3201 4772 3296 4841 qui
3331 4786 3495 4824 unam
3527 4772 3582 4826 in

2009 4863 2186 4917 trihus
2216 4863 2465 4932 personis
2489 4862 2826 4932 hypostasim
2846 4863 3076 4917 dixerit:
3114 4868 3382 4932 quatquot
3401 4870 3584 4917 autem

2011 4955 2068 5008 in
2103 4953 2428 5024 explicando
2477 4952 2762 5007 Trinitatis
2809 4954 3068 5021 mysterio
3108 4951 3422 5022 hyposmsis
3450 4966 3584 5006 voce

2010 5045 2096 5100 usi
2121 5053 2264 5108 sunt,
2292 5054 2400 5098 tres
2416 5044 2738 5115 hypostascs
2753 5059 2968 5098 summo
2988 5057 3258 5098 consensu
3272 5052 3581 5098 numerant.

2083 5136 2349 5206 Origenes
2393 5143 2528 5189 tom.
2577 5151 2614 5188 ιι
2655 5135 2706 5187 in
2737 5132 3016 5199 Joannem,
3047 5148 3102 5203 p.
3137 5131 3241 5198 56,
3279 5133 3359 5188 sic
3389 5123 3582 5188 contra

2013 5228 2356 5282 Sabellianos
2378 5227 2698 5296 pronuntiat
2725 5246 2736 5280 :
2781 5227 2974 5294 Ἡμεῖς
3001 5225 3249 5296 μέντοιγε
3275 5230 3424 5299 τρεῖς
3447 5228 3582 5280 ὑπο-

2014 5319 2231 5382 στάσεις
2275 5318 2582 5388 πειθόμενοι
2615 5317 2926 5386 τυγχάνειν,
2967 5316 3058 5370 τὸν
3101 5317 3322 5390 Πατέρα
3365 5320 3459 5374 καὶ
3493 5320 3584 5372 τὸν

2013 5410 2141 5462 Υἰὸν
2183 5409 2277 5462 καὶ
2313 5408 2373 5462 τὸ
2422 5409 2574 5477 ἅγιον
2614 5407 2867 5476 Πνεῦμα·
2901 5401 3016 5460 Nos
3048 5417 3220 5461 autem
3273 5423 3585 5476 persuasum

2012 5501 2262 5554 habemus
2291 5511 2393 5555 tres
2434 5516 2546 5555 esse
2587 5499 2892 5569 hypostases
2915 5537 2930 5562 ,
2961 5497 3181 5554 Patrem
3220 5509 3270 5553 et
3303 5498 3504 5554 Filium
3533 5509 3582 5552 et

2015 5590 2271 5660 Spiritum
2313 5601 2575 5647 sanctum.
2604 5589 2824 5649 Befellit
2851 5590 2910 5648 in
2941 5590 3085 5649 libro
3112 5607 3211 5647 vnt
3242 5601 3427 5648 contra
3469 5590 3592 5649 Cel-
