3972 6218
330 363 403 429 ’λε
1746 359 2132 418 ΡΡ-ΑΞΡΑΤΙΟ,
3501 353 3571 409 l6

330 503 481 550 sum,
514 501 637 558 pag.
667 484 794 548 586.
838 482 1058 541 eosdem
1090 483 1411 549 haereticos,
1452 482 1544 553 qui
1590 480 1808 537 Patrem
1843 490 1899 537 et
1928 496 1975 551 Α
2002 482 2145 536 libus
2173 479 2598 551 proprietatibus
2644 477 2699 533 in
2739 490 3071 548 unaquaque
3115 488 3351 546 persona
3387 471 3574 529 consi-

330 575 527 632 Filium
556 578 694 634 duas
722 591 846 633 esse
895 578 1216 647 bypostases
1257 577 1562 648 negabam;
1611 576 1728 645 ipse
1773 590 1903 629 vero

327 666 465 721 duas
504 669 773 738 [typostasi
804 683 885 722 res
917 682 1028 721 esse
1062 673 1364 732 asseverat,
1390 665 1520 719 ὂντα
1549 664 1642 720 δύο
1669 666 1736 736 τῇ
1766 666 1901 719 ὑπο-

332 762 519 815 στάσει
544 762 866 831 πράγματα.

401 852 461 909 S.
496 852 733 908 Basilius
784 853 839 907 in
874 852 1017 906 libro
1048 851 1127 907 De
1170 850 1377 921 Spiritu
1419 859 1605 905 sancto
1646 863 1768 919 cap.
1806 846 1901 911 29,

328 962 387 1001 n.
420 945 510 1010 72,
544 961 599 1016 p.
627 945 718 1011 61,
742 944 877 999 citat
899 944 1032 999 illud
1054 943 1300 1016 Dionysii
1323 941 1679 998 Alexandrini
1704 940 1799 993 :Ei
1826 937 1903 1009 τῷ

325 1039 475 1107 τρεῖς
542 1031 684 1089 εἶναι
744 1033 845 1098 τὰς
897 1034 1261 1098 ὑποστάσεις,
1313 1031 1723 1105 μεμερισμένας
1765 1025 1903 1083 εἶναι

326 1128 566 1196 λέγουσι,
618 1127 769 1199 τρεῖς
810 1126 917 1179 εἱσι
964 1124 1066 1179 κᾶν
1106 1126 1182 1197 μὴ
1222 1124 1482 1178 θέλωσιν·
1524 1124 1558 1196 ἢ
1615 1122 1712 1194 τὴν
1752 1120 1904 1174 Θείαν

326 1220 536 1293 Τριάδα
567 1217 850 1282 παντελῶς
891 1217 1233 1272 ἀνελέτωσαν
1252 1233 1267 1248 ·
1293 1216 1353 1273 Si
1381 1233 1440 1271 eo
1473 1215 1612 1282 quod
1651 1226 1754 1268 tres
1780 1222 1904 1268 sunt

327 1313 658 1382 hypostases,
699 1310 897 1364 divisas
947 1325 1059 1364 esse
1113 1307 1320 1374 dicunt,
1379 1317 1482 1362 tres
1525 1315 1649 1362 sunt
1690 1305 1905 1359 etiamsi

325 1404 497 1457 nolint
532 1419 551 1457 :
580 1411 672 1456 aut
701 1400 938 1456 divinam
972 1399 1232 1455 Triadem
1260 1415 1479 1469 prorsus
1521 1397 1732 1451 tollant.
1766 1394 1903 1451 Tres

325 1511 456 1565 ergo
482 1496 812 1566 hypostases
858 1492 1098 1548 admittit
1142 1491 1439 1564 Dionysius
1474 1489 1900 1552 Alexandrinus,

325 1587 421 1641 sed
448 1603 544 1643 eos
566 1586 785 1651 refellit,
824 1585 918 1656 qui
962 1599 1030 1639 ex
1080 1599 1146 1638 eo
1192 1583 1336 1654 quod
1383 1591 1497 1638 tres
1531 1583 1664 1646 sint,
1693 1581 1902 1636 divisas

325 1694 451 1735 esse
501 1677 930 1741 contendebant,
959 1675 1120 1747 quasi
1164 1692 1276 1731 non
1309 1689 1419 1730 una
1456 1681 1601 1730 esset
1632 1674 1686 1727 in
1718 1674 1901 1727 tribus

324 1769 587 1826 essentia.
620 1769 801 1841 Atque
834 1768 888 1823 id
916 1767 1136 1839 quidem
1171 1774 1429 1823 accurate
1467 1765 1893 1828 observandum,

2004 571 2248 626 derabat.

2072 663 2193 718 Non
2243 660 2476 719 discedit
2522 662 2590 716 ab
2640 658 2836 731 optimi
2869 658 3176 715 decessoris
3218 663 3274 712 et
3326 653 3576 726 magistri

2002 755 2246 826 vestigiis
2276 754 2631 820 Athanasius,
2661 753 2755 822 qui
2789 750 2894 807 sub
2944 750 3104 804 linem
3148 748 3294 810 libri,
3320 761 3481 817 quem
3508 746 3576 800 de

2002 851 2185 906 verbis
2200 849 2418 904 Domini
2433 848 2673 919 scripsit,
2690 846 2881 902 Omnia
2894 844 3022 898 mihi
3039 842 3237 896 tradita
3251 851 3371 895 sunt
3385 843 3425 905 ²,
3445 848 3575 906 etc.,

2003 944 2086 999 sic
2117 943 2357 1012 loquitur
2381 940 2527 1012 (pag.
2552 940 2677 1010 108)
2706 955 2721 991 :
2747 938 2820 991 Τὸ
2842 936 2951 1011 γὰρ
2977 936 3159 1007 τρίτον
3188 933 3256 988 τὰ
3287 933 3447 1004 τίμια
3462 930 3577 994 ζῶα

2001 1033 2174 1086 ταῦτα
2225 1031 2554 1105 προσφέρειν
2599 1029 2698 1099 τὴν
2752 1027 3089 1096 δοξολογίαν,
3140 1028 3352 1095 Ἄγιος,
3389 1023 3575 1093 ἅγιος,

2003 1123 2190 1192 ἅγιος,
2238 1123 2502 1193 λέγοντα,
2545 1120 2644 1185 τὰς
2677 1123 2828 1193 τρεῖς
2878 1119 3200 1183 ὑποστάσεις
3227 1116 3434 1179 τελείας
3473 1115 3580 1167 δει-

2004 1215 2206 1269 κνύντα
2239 1215 2405 1269 ἐστίν·
2450 1214 2588 1268 Dum
2616 1224 2694 1268 ter
2720 1212 3018 1268 veneranda
3048 1211 3147 1265 illa
3179 1209 3438 1263 animalia
3465 1207 3579 1278 glo-

2005 1309 2349 1378 riﬁcationem
2365 1309 2660 1378 proferunt,
2686 1325 2704 1358 ι
2726 1304 2979 1369 Sanctus,
3003 1313 3241 1367 sanctus,
3267 1311 3480 1357 sanctus
3496 1301 3572 1367 ³,»

2006 1411 2108 1456 tres
2138 1401 2446 1472 hypostase:
2467 1400 2725 1469 perfectas
2762 1398 3064 1453 ostendunt.
3095 1396 3160 1450 Et
3182 1398 3235 1450 in
3268 1396 3410 1449 libro
3438 1390 3580 1460 Περὶ

2002 1491 2113 1560 τῆς
2131 1490 2430 1561 ἐνσάρκου
2461 1491 2807 1561 ἐπιφανείας
2825 1490 2931 1544 τοῦ
2949 1488 3097 1544 Θεοῦ
3113 1488 3304 1557 Λόγου
3320 1486 3394 1557 (ρ.
3418 1485 3544 1557 878)
3562 1500 3578 1537 :

2003 1587 2116 1644 Μία
2142 1585 2251 1659 γὰρ
2293 1589 2326 1658 ἠ
2367 1587 2555 1657 θεότης
2600 1589 2695 1641 καὶ
2729 1582 2809 1651 εἷς
2860 1586 2993 1650 Θεὸς
3038 1586 3095 1639 ὲν
3127 1583 3304 1655 τρισὶν
3341 1580 3580 1635 ὑποστά-

2006 1697 2153 1734 σεσιν
2178 1697 2192 1710 ·
2239 1677 2357 1734 Una
2376 1681 2517 1734 enim
2561 1679 2732 1733 deitas
2788 1687 2839 1732 et
2876 1694 3011 1732 unus
3041 1675 3182 1730 Dens
3209 1676 3261 1729 in
3298 1674 3465 1728 tribus
3485 1672 3584 1742 Ity-

2005 1770 2327 1842 postasibus.
2390 1770 2714 1842 Hypostasis
2772 1770 2963 1824 eodem
3027 1783 3195 1824 sensu
3253 1766 3491 1820 sumitur
3523 1761 3584 1818 in

325 1871 385 1917 ut
413 1861 812 1934 perspiciamus
833 1875 998 1932 quam
1036 1860 1308 1916 immerito
1342 1858 1662 1931 Dionysium
1707 1857 1906 1913 Roma-
1938 1860 1978 1913 Β
2006 1863 2166 1927 libro,
2191 1862 2344 1929 Quod
2375 1880 2510 1917 unus
2535 1873 2612 1917 est
2641 1860 2906 1917 Christus.
2933 1860 3278 1916 Postremum
3310 1857 3413 1911 hoc
3443 1867 3584 1926 opus

325 1970 457 2010 num
474 1968 597 2009 cum
610 1950 980 2008 Alexandrino
998 1966 1241 2024 pugnare
1259 1951 1573 2007 existiment
1595 1950 1704 2005 duo
1720 1948 1902 2004 eximii

326 2049 649 2116 scriptores,
664 2043 922 2100 Petavius
945 2043 1020 2115 ('5)
1042 2050 1096 2099 et
1123 2042 1241 2099 Pet.
1260 2040 1644 2112 Coustant(4).
1667 2039 1905 2109 Uterque

325 2136 471 2191 enim
517 2149 682 2190 unam
713 2133 1054 2206 bypostasim
1085 2132 1256 2189 asseri
1281 2132 1562 2187 contendit
1591 2147 1622 2185 a
1648 2130 1905 2201 Dionysio

324 2226 575 2282 Romano
591 2225 649 2280 in
667 2224 1106 2281 hoc-testimonio
1124 2222 1270 2294 apud
1286 2222 1673 2286 Athanasium,
1710 2222 1806 2277 lib.
1830 2222 1905 2275 De

324 2317 532 2375 Decret.
553 2316 608 2371 Ν
610 2334 704 2385 tc.,
722 2333 780 2373 n.
793 2315 884 2383 26,
909 2331 966 2387 p.
982 2315 1085 2372 251
1110 2335 1122 2370 :
1141 2314 1300 2386 Ἑξῆς
1309 2315 1353 2368 δ’
1371 2314 1437 2368 ἂν
1449 2314 1675 2379 εἰκότως
1690 2314 1904 2386 λέγοιμι

323 2410 419 2465 καὶ
439 2409 576 2482 πρὸς
601 2407 946 2481 διαιροῦντας
986 2407 1083 2462 καὶ
1119 2405 1565 2478 κατατέμνοντας
1600 2406 1696 2458 καὶ
1744 2405 1903 2460 ἀναι-

327 2501 555 2574 ροῦντας
580 2501 641 2555 τὸ
662 2499 991 2571 σεμνότατον
1020 2498 1281 2569 κήρυγμα
1310 2497 1410 2568 τῆς
1458 2495 1782 2567 Ἐκκλησίας
1809 2496 1902 2550 τοῦ

323 2594 459 2648 Θεοῦ
490 2594 586 2648 καὶ
643 2591 944 2664 μοναρχίαν
979 2590 1060 2653 είς
1093 2591 1244 2661 τρεῖς
1286 2589 1545 2660 δυνάμεις
1604 2588 1757 2652 τινὰς
1806 2590 1903 2643 καὶ

333 2683 743 2757 μεμερισμένας
786 2680 1115 2744 ὑποστάσεις
1147 2680 1241 2734 καὶ
1273 2679 1533 2751 θεότητας
1562 2682 1709 2751 τρεῖς
1734 2694 1748 2709 ⁶
1774 2679 1901 2734 Jam

321 2791 467 2843 vero,
492 2775 691 2844 inquit,
719 2787 929 2843 aequum
980 2769 1142 2839 fuerit
1161 2770 1414 2825 adversus
1453 2769 1578 2825 illas
1601 2768 1898 2838 disputare,

321 2865 414 2937 qui
435 2863 876 2935 augustissimam
905 2860 1006 2915 Dei
1037 2858 1293 2915 Ecclesia:
1323 2859 1759 2931 prazdicationem
1788 2877 1904 2917 mo-

323 2954 602 3010 narchiam
624 2952 680 3008 in
712 2962 820 3009 tres
849 2951 1114 3025 quasdam
1142 2953 1363 3008 virtutes
1395 2967 1458 3005 ac
1493 2962 1772 3021 separatas
1805 2952 1902 3023 Ityo

322 3056 562 3117 postases
587 3055 791 3114 tresque
816 3040 1120 3100 diuinitates
1151 3041 1418 3108 dividunt,
1457 3040 1767 3096 discindunt
1801 3041 1900 3095 de-

323 3147 659 3208 struuntque.
685 3134 843 3189 Nulla
880 3149 1012 3191 sane
1060 3136 1206 3191 inter
1256 3143 1550 3204 utrumque
1580 3134 1898 3206 Dionysium

324 3231 609 3288 sententiae
630 3230 866 3287 varietas
901 3249 914 3284 :
949 3238 1183 3299 uterque
1215 3231 1538 3300 hypostases
1569 3225 1779 3283 divisas
1818 3227 1902 3280 vi-
1930 3218 1973 3275 (ἒ

322 3329 544 3393 inperat
571 3341 582 3353 ·
612 3338 789 3392 neque
817 3336 925 3377 una
964 3321 1280 3393 hypostasis
1316 3321 1561 3375 llomano
1581 3319 1763 3391 allingi
1797 3336 1904 3391 po-

321 3424 453 3478 test,
489 3430 617 3470 cum
649 3415 790 3470 idem
822 3428 1049 3484 prorsus
1077 3412 1224 3467 dicat
1255 3427 1319 3467 ac
1342 3412 1770 3467 Alexandrinus.
1796 3412 1903 3468 Sed

324 3507 508 3578 potius
537 3521 603 3561 ex
633 3520 700 3562 eo
724 3506 871 3577 quod
894 3512 1008 3561 tres
1054 3505 1381 3577 hypostases
1412 3505 1619 3560 divisas
1663 3503 1903 3568 refellat,

323 3614 434 3653 nou
457 3599 693 3654 obscura
713 3596 997 3652 conclusio
1025 3604 1110 3652 est
1137 3596 1270 3650 nihil
1288 3611 1412 3652 eum
1437 3594 1902 3664 reprehensurum

323 3688 519 3753 fuisse,
555 3688 724 3744 siuna
757 3689 811 3743 in
830 3688 1007 3743 tribus
1030 3687 1422 3758 bypostasibus
1440 3685 1681 3741 essentia
1707 3684 1906 3739 fuisset

325 3779 586 3835 admissa.
620 3779 812 3836 Nullus
852 3793 983 3850 ergo
1011 3781 1247 3849 scriptor
1282 3787 1409 3833 ante
1430 3776 1703 3831 Nicaenam
1737 3791 1906 3846 syno-

326 3872 457 3928 dum
495 3872 726 3943 proferri
762 3878 964 3943 potest,
998 3871 1091 3942 qui
1133 3884 1297 3925 unam
1332 3870 1389 3924 in
1440 3869 1623 3924 tribus
1650 3868 1906 3939 personis

326 3962 666 4036 hypostasim
694 3962 964 4018 docuerit.

398 4052 467 4110 ν.
492 4054 632 4120 Quid
653 4055 928 4112 senserint
949 4051 1156 4108 Nicaeni
1181 4051 1374 4107 Patres
1406 4067 1475 4106 ex
1503 4051 1719 4107 duobus
1753 4049 1906 4105 locu-

327 4145 655 4218 pletissimis
703 4146 938 4201 testibus
985 4143 1225 4216 perspici
1270 4149 1471 4214 potest,
1511 4141 1570 4196 S.
1594 4141 1906 4197 Alexandro

326 4238 700 4293 Alexandrino
742 4246 799 4293 et
834 4236 894 4292 S.
942 4236 1266 4292 Athanasio.
1302 4235 1519 4289 Primus
1547 4234 1630 4289 sic
1662 4235 1907 4305 loquitur

330 4330 388 4384 in
446 4331 608 4398 epist.
681 4329 749 4383 ad
807 4328 1184 4384 Alexandrum
1229 4327 1905 4398 Constantinopolitannm

329 4416 494 4488 apud.
528 4417 859 4473 Theodoret.
886 4417 924 4472 l.
972 4434 986 4470 ι
1033 4415 1178 4471 Hist.
1212 4416 1368 4481 eccl.,
1393 4432 1445 4471 c.
1485 4416 1539 4479 4,
1566 4433 1618 4487 ρ.
1654 4417 1721 4471 15
1748 4413 1907 4470 τοῖόν

329 4511 444 4563 ius:
479 4507 539 4562 τό
561 4526 576 4538 ’
621 4507 762 4579 Ἐγὼ
790 4509 892 4562 καὶ
921 4510 956 4562 ὁ
996 4508 1199 4577 Πατὴρ
1227 4507 1297 4561 ἓν
1323 4508 1537 4577 ἐσμεν’
1571 4508 1707 4578 ὅπερ
1741 4509 1906 4579 φησὶν

2009 1958 2324 2029 abjudicant
2346 1958 2593 2012 nonnulli
2607 1956 2931 2018 Athanasio,
2954 1954 3022 2010 de
3041 1953 3283 2010 secundo
3303 1966 3410 2007 non
3430 1951 3585 2004 deest

2010 2049 2238 2105 omnino
2279 2048 2567 2105 dubitandi
2621 2036 2795 2103 locus:
2835 2047 2905 2101 At
2949 2046 3185 2118 primum
3219 2059 3250 2098 a
3279 2044 3497 2097 nemine
3526 2041 3584 2095 in

2011 2141 2238 2198 dubium
2260 2150 2583 2208 revocatur;
2602 2141 2646 2196 si
2665 2148 2846 2195 tamen
2873 2139 3120 2209 excipias
3146 2134 3583 2199 Tillemontium,

2010 2236 2103 2307 qui
2136 2234 2337 2289 fatetur
2371 2249 2430 2290 se
2477 2234 2582 2288 hac
2627 2247 2737 2287 una
2786 2247 2846 2288 re
2878 2231 3107 2286 detineri
3137 2228 3434 2300 quominus
3480 2226 3587 2281 hoc

2009 2341 2147 2396 opus
2177 2326 2482 2381 certissime
2530 2324 2792 2379 attribuat
2834 2322 3156 2385 Athanasio,
3182 2319 3326 2389 quod
3358 2315 3492 2371 illud
3519 2315 3588 2371 de

2009 2419 2189 2474 tribus
2221 2417 2612 2490 hypnstasibus
2646 2414 3023 2471 testimonium
3057 2424 3303 2483 pugnare
3334 2408 3588 2464 videatur

2008 2525 2134 2564 cum
2161 2510 2340 2565 tribus
2374 2509 2496 2563 aliis
2528 2506 2814 2561 Athanasii
2846 2505 3007 2569 locis,
3041 2503 3097 2557 in
3128 2502 3329 2573 quibus
3361 2505 3589 2555 sanctus

2008 2595 2172 2654 Pater
2217 2597 2554 2668 bypostasim
2616 2610 2718 2666 pro
2765 2595 3005 2651 essentia
3048 2593 3235 2656 sumit,
3279 2604 3477 2658 nempe
3528 2587 3589 2643 in

2010 2687 2258 2759 Epistula
2290 2687 2360 2743 ad
2390 2687 2575 2753 Afros,
2609 2687 2820 2741 inlibro
2854 2684 2932 2739 De
2978 2684 3216 2756 synodis,
3239 2689 3293 2738 et
3316 2683 3370 2735 in
3393 2686 3588 2752 quarta

2010 2780 2262 2836 adversus
2312 2781 2542 2834 Arianos
2584 2779 2845 2834 oratione.
2879 2776 2987 2833 Sed
3026 2776 3240 2832 etiamsi
3280 2775 3472 2830 demus
3500 2772 3589 2827 his

2008 2872 2065 2928 in
2087 2872 2249 2937 locis,
2280 2888 2404 2943 qua:
2423 2868 2683 2927 Petavius
2714 2868 3019 2942 argumenti
3048 2869 3169 2924 loco
3197 2867 3449 2937 protulit,
3488 2867 3591 2938 hy-

2005 2963 2270 3035 postasim
2333 2963 2477 3018 idem
2524 2975 2646 3018 esse
2697 2974 2763 3015 ac
2800 2959 3130 3025 essentiam;
3180 2964 3329 3013 certe
3377 2973 3486 3013 non
3513 2956 3591 3011 ait

2006 3055 2341 3111 Athanasius
2372 3068 2537 3109 unam
2568 3066 2693 3108 esse
2746 3050 2800 3106 in
2832 3049 3012 3105 tribus
3043 3050 3296 3120 personis
3330 3049 3590 3120 hyposta-

2009 3145 2135 3211 sim,
2167 3144 2261 3200 sed
2294 3145 2434 3199 idem
2466 3143 2598 3198 facit
2626 3140 2771 3213 quod
2791 3142 2859 3195 ab
2891 3141 3175 3196 acerrimis
3210 3141 3376 3195 trium
3413 3140 3588 3212 hypo-

2007 3235 2239 3290 stasium
2274 3233 2658 3290 defensoribus
2681 3230 2888 3286 factum
2918 3230 3442 3286 demonstravimus.
3480 3227 3592 3285 Sed

2008 3334 2193 3383 tamen
2221 3326 2267 3382 si
2304 3325 2550 3396 excipias
2581 3325 2783 3380 librum
2827 3322 2905 3377 De
2934 3321 3173 3394 synodis,
3208 3323 3298 3376 ubi
3329 3323 3405 3376 ait
3441 3321 3593 3378 Basi-

2006 3416 2138 3472 lium
2163 3420 2515 3488 Ancyranum
2547 3415 2788 3486 conﬁteri
2822 3429 2888 3469 ea:
2914 3413 3095 3467 Patris
3130 3415 3357 3468 essentia
3393 3430 3505 3468 esse
3540 3419 3593 3469 et

2006 3523 2111 3561 non
2152 3521 2218 3560 ea:
2271 3506 2384 3559 alia
2417 3505 2689 3577 [typostasi
2731 3500 2960 3567 Filium,
3010 3501 3105 3556 καὶ
3172 3500 3247 3572 μὴ
3292 3501 3350 3567 ἐξ
3398 3500 3594 3571 ἐτέρας

2007 3599 2378 3663 ὑποστάσεως,
2414 3599 2469 3651 in
2520 3597 2644 3651 aliis
2675 3595 2893 3650 duobus
2942 3593 3276 3648 testimoniis
3299 3592 3363 3645 ad
3396 3606 3589 3662 perso-

2007 3707 2134 3748 nam
2174 3693 2347 3761 ipsam
2402 3689 2718 3762 hypostasis
2778 3687 3026 3744 revocari
3058 3693 3257 3757 potest.
3306 3683 3401 3739 Sic
3441 3685 3589 3740 enim

2007 3783 2250 3852 loquitur
2264 3781 2320 3836 in
2340 3779 2595 3850 Epist.ad
2615 3779 2775 3850 Afros
2801 3779 2945 3849 (pag.
2969 3777 3092 3849 894)
3124 3797 3137 3833 :
3171 3777 3236 3830 Ἦ
3265 3776 3321 3829 δὲ
3351 3775 3590 3830 ὑπόστα-

2008 3891 2093 3939 σις
2143 3875 2302 3928 οὐσία
2355 3876 2494 3938 ἐστὶ,
2537 3873 2632 3928 καὶ
2669 3871 2823 3925 οὐδὲν
2858 3870 2985 3926 ἄλλο
3018 3869 3418 3942 σημαινόμενον
3452 3867 3587 3937 ἔχει,

2007 3963 2041 4037 ἢ
2071 3966 2203 4020 αὑτὸ
2226 3965 2288 4019 τὸ
2315 3965 2373 4018 ὄν
2392 3981 2406 3996 °
2464 3966 2601 4036 ὅπερ
2641 3962 2912 4034 Ἱερεμίας
2941 3960 3174 4032 ὕπαρξιν
3205 3961 3462 4031 ὀνομάζει
3504 3959 3592 4013 λέ-

2006 4071 2140 4125 γων,
2170 4056 2280 4110 Kal
2315 4058 2428 4110 οὐκ
2458 4055 2738 4123 ἥκουσαν
2767 4051 2979 4123 φωνὴν
2998 4050 3332 4121 ὑπάρξεως.
3387 4052 3450 4104 Ἦ
3475 4051 3585 4124 γὰρ

2007 4148 2306 4211 ὑπόστασις
2332 4147 2427 4200 καὶ
2458 4149 2492 4218 ἡ
2518 4147 2694 4210 οὐσία,
2729 4143 2959 4216 ὓπαρξίς
2982 4144 3156 4196 ἐστιν·
3193 4143 3309 4195 ἐστι
3363 4141 3470 4213 γὰρ
3498 4139 3595 4195 καὶ

2009 4238 2265 4311 ὑπάρχει.
2329 4237 2646 4309 llypostasis
2702 4246 2879 4291 autem
2931 4232 3235 4289 substantia
3282 4241 3384 4298 est,
3429 4247 3593 4302 neque

2008 4330 2177 4385 aliam
2222 4328 2377 4383 habet
2434 4328 2898 4400 signiﬁcationem,
2933 4342 3091 4396 quam
3130 4325 3227 4378 hoc
3255 4324 3429 4394 ipsum
3451 4320 3591 4393 quod

2007 4431 2085 4477 est
2118 4438 2136 4476 :
2171 4421 2311 4492 quod
2344 4419 2608 4475 Jeremias
2640 4428 2789 4475 vocat
2823 4417 3185 4490 ὓπαρξιν,εειι
3199 4416 3587 4479 exsistentiam,

2007 4514 2218 4569 dicens:
2245 4533 2263 4565 ι
2289 4512 2356 4567 Ει
2385 4530 2486 4568 non
2501 4511 2781 4567 audierunt
2806 4527 2980 4565 vocem
3011 4508 3328 4564 exsistentite
3348 4521 3475 4560 meae
3498 4505 3540 4558 δ.
3565 4523 3585 4557 ι

328 4603 358 4655 ὁ
381 4601 608 4672 Κύριος,
656 4601 717 4655 οὐ
759 4601 979 4674 Πατέρα
1014 4600 1206 4653 ἑαυτὸν
1257 4598 1625 4671 ἀναγορεύων,
1656 4600 1777 4653 οὐδὲ
1811 4599 1904 4661 τὰς

2013 4603 2156 4659 Nam
2174 4604 2473 4674 hypastasis
2494 4611 2543 4657 et
2563 4602 2885 4667 substantia,
2909 4601 3136 4669 idipsnm
3156 4609 3231 4654 est
3258 4598 3396 4668 quod
3414 4595 3593 4668 ὓπαρ-

330 4689 397 4763 τῇ
429 4691 722 4745 ὑποστάσει
759 4690 854 4744 δύο
883 4690 1072 4760 φύσεις
1104 4691 1231 4762 μίαν
1261 4685 1397 4743 εἶναι
1441 4688 1772 4760 σαφηνίζων,
1803 4700 1911 4748 etc.

332 4778 885 4850 Cujusmodiestillud
917 4797 977 4833 ει
1008 4780 1122 4850 Ego
1144 4791 1193 4834 et
1225 4781 1388 4834 Pater
1411 4795 1576 4833 unum
1604 4797 1786 4834 sumus
1819 4782 1856 4833 ¹.
1887 4800 1904 4833 ι

335 4871 490 4938 Quod
521 4870 730 4942 quidem
772 4871 1024 4926 Dominus
1056 4872 1212 4935 dicit,
1254 4889 1359 4925 non
1404 4886 1506 4940 quo
1534 4872 1762 4939 seipsum
1803 4871 1910 4925 Pa-

334 4978 465 5020 trem
488 4967 771 5031 renuntiet,
797 4982 889 5020 nec
916 4983 1016 5036 quo
1046 4965 1180 5020 duas
1213 4965 1488 5036 [typostasi
1520 4976 1744 5021 naturas
1782 4967 1910 5036 (hoc

333 5063 439 5118 est,
484 5054 623 5112 duas
674 5056 1020 5128 hypostascs)
1051 5072 1213 5110 unam
1247 5072 1358 5110 esse
1399 5056 1749 5118 demonstret,
1798 5067 1908 5113 etc.

332 5147 476 5201 Alibi
509 5148 889 5217 explicabitur,
917 5164 1018 5204 cur
1046 5148 1105 5212 S.
1134 5146 1442 5204 Alexander
1467 5147 1602 5204 duas
1631 5149 1909 5220 hypostasi

334 5249 565 5295 naturas
617 5239 766 5295 dicat
801 5260 816 5298 :
851 5256 1001 5297 nunc
1049 5242 1183 5297 satis
1231 5250 1318 5297 est
1368 5256 1612 5303 monere,
1638 5257 1762 5296 eum
1808 5241 1911 5296 hac

335 5328 590 5398 loquendi
616 5329 827 5383 ratione
854 5344 1013 5385 usum
1036 5346 1181 5393 esse,
1205 5331 1331 5399 quia
1360 5340 1634 5392 naturam,
1665 5346 1909 5402 quacuna

332 5435 564 5493 prorsus
592 5428 677 5475 εει
712 5436 963 5487 numero,
1016 5432 1077 5475 ιιι
1105 5424 1454 5491 coniunctam
1486 5439 1611 5477 Clllll
1651 5439 1911 5494 persona-

2022 4695 2122 4762 ξις,
2154 4712 2244 4751 seu
2273 4697 2585 4750 exsistentia
2611 4711 2631 4749 :
2658 4703 2733 4750 est
2765 4694 2899 4748 enim
2934 4703 2983 4747 et
3020 4692 3248 4749 exsistit.
3277 4690 3339 4743 Et
3368 4690 3423 4744 in
3446 4695 3589 4743 orat.

2017 4797 2211 4859 quarta
2263 4788 2315 4842 in
2351 4788 2581 4840 Arianas
2615 4785 2757 4856 (pag.
2795 4786 2920 4856 617)
2955 4802 2970 4839 :
2998 4784 3208 4853 Ὠσπερ
3236 4781 3291 4834 δὲ
3319 4781 3415 4852 μία
3447 4777 3593 4852 ἀρχὴ

2016 4882 2111 4934 καὶ
2143 4880 2285 4934 κατὰ
2305 4879 2464 4933 τοῦτο
2483 4873 2564 4943 εἷς
2580 4878 2733 4945 Θεὸς,
2757 4876 2929 4951 οὑτως
2955 4879 2987 4947 ἡ
3015 4875 3093 4946 τῷ
3117 4875 3230 4928 όντι
3253 4874 3348 4927 καὶ
3373 4872 3593 4944 ἀληθῶς

2016 4970 2109 5023 καὶ
2148 4969 2316 5041 ὄντως
2366 4964 2501 5022 οὖσα
2555 4966 2713 5021 οὐσία
2740 4967 2836 5020 καὶ
2874 4965 3191 5027 ὑπόστασις,
3243 4963 3340 5034 μία
3373 4964 3520 5016 ἐστὶν
3557 4964 3590 5033 ή

2013 5061 2243 5129 λέγουσα
2268 5076 2284 5091 ο
2324 5059 2463 5129 Ἐγώ
2504 5062 2622 5129 ειμι
2660 5062 2693 5113 ὁ
2735 5058 2975 5117 ἐῢν-’.καὶ
3017 5058 3078 5109 οὑ
3113 5056 3226 5122 δύο,
3265 5057 3352 5110 ἵνα
3387 5055 3475 5126 μὴ,
3498 5054 3593 5108 δύο

2013 5151 2211 5223 ἀρχαίο
2283 5149 2456 5203 Porro
2503 5149 2945 5219 quemadmodum
2978 5165 3139 5202 unum
3172 5159 3249 5204 est
3271 5151 3591 5220 principium

2012 5251 2063 5295 et
2089 5241 2308 5310 proinde
2329 5257 2466 5294 unus
2492 5239 2656 5303 Deus,
2693 5241 2773 5294 ita
2801 5256 2919 5310 qua:
2962 5241 3227 5294 verissime
3250 5250 3327 5295 est
3363 5243 3592 5295 essentia

2010 5338 2061 5384 et
2091 5331 2411 5402 hypostasis,
2466 5347 2570 5385 una
2621 5341 2700 5385 est
2758 5347 2873 5401 qua:
2919 5331 3139 5385 dicitn
3179 5329 3288 5401 Ego
3337 5348 3454 5385 sum
3500 5333 3592 5402 qui

2011 5439 2127 5476 sum
2158 5424 2201 5488 ⁵,
2233 5442 2250 5473 ι
2285 5439 2387 5476 non
2410 5435 2588 5476 autem
2637 5427 2780 5486 dum,
2818 5440 2880 5477 ne
2901 5423 3098 5477 scilicet
3122 5421 3227 5478 duo
3264 5424 3369 5478 sint
3391 5423 3591 5493 princi-

410 5581 425 5612 ί
459 5576 616 5633 Joan.
659 5592 715 5643 ι,
750 5575 839 5631 '50.
915 5577 937 5610 ³
969 5575 1102 5634 Luc.
1133 5595 1185 5642 x,
1219 5579 1309 5634 9:2.
1388 5579 1407 5610 ³
1445 5577 1612 5650 Apoc.
1653 5593 1724 5644 Iv,
1761 5578 1813 5632 8.
1895 5577 1904 5609 '

2010 5592 2142 5633 rem.
2179 5592 2255 5639 Ix,
2302 5577 2390 5632 10.
2468 5578 2489 5607 ³
2527 5574 2696 5631 Exod.
2736 5593 2816 5637 ιιι.
2853 5577 2941 5632 14.

409 5739 486 5807 ('5)
513 5737 634 5794 Lib.
678 5754 729 5793 tv
763 5737 1043 5806 De_Trin.,
1073 5753 1195 5807 cap.
1237 5751 1286 5793 ι.

2108 5735 2184 5808 (ι)
2229 5734 2399 5806 Epist.
2440 5734 2592 5791 Rom.
2628 5735 2784 5792 Poni.
2816 5751 2870 5808 p.
2896 5734 3025 5791 9.90.
