3972 6218
284 386 350 443 Π
1717 379 2103 438 romano.
3457 379 3532 436 ιθ

276 504 387 576 pia.
426 500 485 555 ln
515 500 695 571 primo
718 499 1029 555 testimonio
1049 498 1280 554 mirifice
1310 498 1584 553 consentit
1611 497 1854 551 Athana-
1882 528 1892 556 Α

2000 500 2106 569 psi;
2135 497 2482 563 ὑποστάσεις,
2512 497 2686 568 inquit
2721 496 2775 551 in
2821 495 3018 566 Expos.
3057 495 3152 565 βάι
3180 512 3237 551 u.
3271 494 3326 559 Ξ,
3356 512 3529 566 μεμε-ε

278 588 395 645 sius
412 604 537 641 cum
568 588 694 641 aliis
724 586 980 642 Patribus
1008 586 1235 650 Graecis,
1270 586 1365 658 qui
1414 586 1728 657 hypostasis
1755 602 1857 640 no-

281 695 406 735 men
431 694 739 749 opposuere
771 678 1044 734 haereticis
1068 678 1306 735 Verbum
1339 688 1393 734 et
1431 676 1693 748 Spiritum
1727 693 1858 732 san-

279 778 428 824 ctum
462 771 731 824 exsistere
754 770 1101 839 negantibus,
1135 777 1190 824 et
1224 769 1433 824 idcirco
1462 778 1574 823 tres
1604 768 1863 839 hyposta-

279 876 372 917 ses
396 858 781 914 defenderunt.
837 860 894 914 In
940 862 1112 916 altero
1142 860 1358 916 Patrem
1392 860 1683 916 manifeste
1711 859 1865 916 desi-

280 960 435 1020 gnat,
460 961 516 1007 et
549 952 766 1008 deitatis
798 953 1059 1009 unitatem
1099 970 1163 1009 ex
1192 969 1257 1009 eo
1290 954 1503 1025 probat,
1534 953 1676 1024 quod
1712 954 1864 1007 solus

284 1040 450 1099 Pater
504 1046 830 1115 principium
881 1049 974 1110 sit,
1021 1061 1051 1098 a
1093 1061 1201 1115 quo
1250 1044 1371 1099 dum
1420 1045 1539 1100 alia:
1597 1047 1863 1114 persdnai.

358 1134 540 1203 Atque
564 1134 783 1189 etiamsi
825 1134 1162 1189 Athanasius
1189 1134 1244 1189 in
1278 1133 1401 1187 aliis
1421 1132 1678 1203 operibus
1703 1145 1866 1184 unam

287 1225 630 1295 hypostasim
654 1226 986 1292 admisisset,
1027 1227 1162 1281 nihil
1198 1227 1250 1280 id
1284 1226 1571 1281 detrahere
1596 1232 1778 1295 posset
1801 1223 1871 1278 de

288 1318 631 1381 testimonio,
665 1318 813 1389 quod
834 1319 1081 1376 eruimus
1108 1335 1175 1375 ex
1217 1319 1360 1374 libro
1392 1319 1447 1373 in
1484 1317 1641 1382 illud,
1678 1316 1873 1372 Omnia

291 1409 423 1462 mihi
456 1411 660 1464 tradita
690 1420 835 1466 sunt.
876 1410 1126 1482 Scriptus
1175 1411 1320 1467 enim
1354 1410 1445 1465 hic
1478 1409 1696 1465 libellus
1744 1417 1872 1464 ante

292 1510 527 1557 mortem
553 1502 773 1559 Eusebii
813 1503 1342 1566 Nicomediensis,id
1380 1509 1488 1565 est,
1517 1510 1642 1558 ante
1668 1514 1871 1555 annum

290 1593 421 1650 542.
451 1594 706 1650 Nondum
738 1607 868 1651 tunc
897 1597 1322 1668 percrebuerant
1346 1595 1415 1651 de
1441 1593 1723 1666 hypostasi
1746 1608 1875 1647 con-

292 1687 619 1754 troversim;
648 1702 749 1743 nec
786 1703 955 1743 causa
997 1689 1219 1745 suberat
1249 1689 1381 1755 ulla,
1415 1702 1515 1742 cur
1542 1685 1876 1741 Athanasius

294 1793 417 1833 eam
471 1780 731 1849 loquendi
784 1782 1051 1834 rationem
1105 1778 1338 1849 fugeret,
1399 1794 1504 1849 qua
1543 1792 1652 1832 non
1698 1777 1872 1832 solum

1967 589 2232 661 ρισμένας
2266 591 2386 643 κατ’
2433 588 2650 652 ἑαυτὰς.
2693 588 2882 659 ὥσπερ
2923 587 3294 657 σωματοφυῶς
3315 587 3404 641 ἐπ’
3434 589 3532 641 ἀν-

1963 682 2223 747 θρώπων,
2256 680 2371 735 ἐστι
2405 680 2743 750 λογίσασθαι.
2777 677 2957 750 Neque
2983 688 3085 733 tres
3116 677 3418 749 hypostases
3441 692 3533 746 per

1962 772 2162 839 seipsas
2192 770 2411 835 divisas,
2438 772 2569 824 utin
2590 768 2884 824 hominibus
2910 782 3005 837 pro
3035 774 3229 822 natura
3254 782 3535 835 corporum

1970 861 2188 919 accidit.
2222 861 2309 930 fas
2338 870 2415 915 est
2442 861 2499 914 in
2526 857 2637 914 Deo
2662 858 2911 930 cogitare.

2035 954 2167 1008 Post
2196 953 2486 1008 concilium
2503 952 2672 1006 multo
2696 950 3005 1007 uberiorem
3034 948 3298 1004 habemus
3312 947 3537 1004 testium

1971 1048 2181 1117 copiam
2206 1066 2219 1102 :
2244 1060 2369 1101 nam
2420 1046 2467 1102 si
2513 1044 2760 1117 singulos
2795 1043 2981 1100 surculi
3024 1042 3206 1114 quarti
3237 1040 3540 1112 scriptores

1971 1140 2191 1194 Graecos
2214 1154 2619 1204 enumeremus,
2642 1136 2865 1193 totidem
2895 1144 3056 1191 erunt
3084 1134 3250 1190 trium
3280 1132 3544 1206 hyposta-

1971 1231 2114 1285 sium
2171 1229 2512 1294 defensores,
2564 1229 2766 1301 quibus
2812 1227 2978 1288 etiam
3028 1224 3431 1295 adjungcndum
3457 1227 3547 1278 est

1972 1322 2266 1377 concilium
2325 1321 2563 1394 primum
2649 1320 2835 1385 CPol.,
2872 1320 2988 1376 sive
3019 1315 3417 1374 meumenicum
3455 1329 3546 1370 se-

1973 1412 2239 1467 cundum.
2276 1411 2442 1468 Docet
2485 1410 2631 1468 enim
2668 1411 2783 1466 haec
2832 1409 3073 1483 synodus
3115 1408 3172 1463 in
3200 1406 3434 1479 epistola
3476 1405 3547 1460 ad

1976 1503 2302 1559 Damascum
2339 1519 2504 1579 unam
2560 1519 2685 1560 esse
2730 1502 2910 1559 Patris
2951 1511 3007 1559 et
3050 1500 3174 1557 Filii
3204 1509 3260 1555 et
3308 1497 3549 1568 Spiritus

1980 1596 2157 1650 sancti
2222 1596 2540 1661 essentiam,
2602 1597 2662 1649 ὲν
2710 1596 2858 1667 τρισὶ
2899 1592 3134 1658 τελείαις
3170 1590 3550 1654 ὑποστάσεσιν,

1977 1688 2146 1759 ἤγουν
2184 1691 2334 1760 τρισὶ
2370 1689 2597 1753 τελείοις
2643 1686 2977 1760 προσώποις,
3012 1685 3070 1740 in
3106 1683 3275 1739 tribus
3310 1682 3552 1752 perfectis

1984 1780 2382 1851 [typostasibus,
2433 1782 2541 1839 sive
2591 1780 2765 1835 tribus
2821 1778 3067 1849 perfectis
3118 1777 3380 1847 personis.
3431 1772 3554 1828 Non

296 1869 628 1933 Alexander,
647 1870 743 1924 sed
772 1872 934 1925 etiam
961 1869 1225 1942 Origenes
1239 1879 1293 1926 et
1331 1869 1622 1941 Dionysius
1641 1869 1872 1923 Alexan-
1903 1854 1948 1911 Β
1987 1885 2111 1930 utar
2163 1876 2495 1931 auctoritate
2541 1872 2743 1930 Gelasii
2773 1871 3051 1945 Cyziceni,
3087 1871 3180 1941 qui
3206 1870 3262 1924 in
3289 1867 3441 1923 Actis
3461 1863 3557 1925 Νἰο

300 1960 497 2016 dtinus
513 1962 599 2017 usi
624 1961 858 2017 fuerant.
890 1960 1255 2028 Quamobrem
1283 1963 1498 2017 etiamsi
1518 1962 1875 2016 Athanasium

300 2057 456 2103 arcta
499 2064 626 2103 cum
686 2049 899 2105 Latinis
932 2060 987 2106 et
1040 2049 1400 2104 Antiochenis
1449 2047 1764 2118 conjunctio
1809 2046 1878 2101 ad

300 2139 703 2211 professionem
752 2141 918 2196 unius
967 2141 1281 2212 bypostasis
1359 2140 1699 2206 adduxisset,
1765 2154 1874 2193 non

302 2229 514 2284 idcirco
566 2231 751 2299 priora
812 2231 963 2286 illius
1013 2230 1221 2300 scripta
1286 2230 1340 2284 in
1400 2228 1626 2284 dubium
1685 2227 1877 2282 venire

304 2319 592 2376 deberent.
613 2320 719 2375 Sed
751 2330 936 2377 tamen
960 2336 1277 2377 asseverare
1301 2321 1425 2375 licet
1463 2334 1732 2389 nusquam
1757 2334 1880 2374 eum

307 2425 472 2465 unam
527 2412 585 2465 iu
638 2414 815 2467 tribus
842 2413 1093 2482 personis
1135 2410 1470 2484 hypostasim
1505 2426 1740 2481 ponere;
1773 2410 1884 2463 imo

306 2517 376 2557 ex
405 2510 605 2571 quarta
628 2503 775 2558 illius
799 2503 1061 2559 adversus
1093 2503 1328 2558 Arianos
1351 2503 1599 2557 oratione
1619 2502 1728 2557 duo
1757 2516 1884 2571 pro-

306 2594 483 2651 feram
509 2596 843 2661 testimonia,
861 2596 917 2649 in
937 2595 1138 2666 quibus
1156 2595 1491 2666 hypostasim
1515 2593 1704 2649 eodem
1730 2607 1887 2663 pror-

306 2702 407 2743 sus
434 2704 608 2744 sensu
667 2703 733 2744 ac
774 2686 1039 2758 Origenes
1065 2696 1121 2743 et
1169 2684 1227 2741 S.
1259 2685 1586 2751 Alexander,
1632 2691 1884 2756 usurpat,

311 2777 408 2834 Sic
443 2781 611 2849 igitur
642 2780 886 2850 loquitur
903 2796 960 2834 n.
981 2779 1074 2842 25,
1108 2794 1162 2850 p.
1190 2778 1294 2834 63.6
1323 2799 1338 2834 :
1368 2779 1632 2834 Μαίνεται
1663 2779 1763 2851 μὲν
1794 2774 1887 2836 οὖν

313 2873 538 2944 ’Δρειος
561 2872 623 2939 ἐξ
669 2872 771 2925 οὐκ
822 2871 989 2926 ὄντων
1013 2867 1149 2925 εἶναι
1175 2871 1348 2941 λέγων
1378 2872 1470 2925 τὸν
1500 2870 1649 2935 Υἱδν,
1685 2870 1780 2926 καὶ
1820 2866 1911 2941 ἦν’

310 2979 470 3033 ποτε,
509 2965 598 3017 ὅτε
619 2965 719 3017 οὐκ
748 2959 851 3036 ἦν·
886 2962 1135 3034 μαίνεται
1171 2963 1229 3017 δὲ
1261 2963 1358 3017 καὶ
1403 2962 1690 3027 Σαδέλλιος
1713 2961 1890 3031 λέγων

311 3053 409 3107 τὸν
437 3053 659 3124 Πατέρα
715 3050 854 3107 εἶναι
893 3053 1041 3121 Υἱὺν,
1076 3055 1172 3108 καὶ
1207 3052 1443 3124 ἔμπαλιν
1478 3053 1571 3106 τὸν
1597 3053 1723 3108 Υἱὸν
1751 3049 1890 3107 εἶναι

314 3142 562 3215 Πατέρα,
591 3145 885 3198 ὑποστάσει
902 3145 1000 3216 μὲν
1029 3145 1107 3211 ἓν,
1136 3145 1360 3215 ὀνόματι
1398 3144 1456 3198 δὲ
1488 3144 1599 3199 δύο·
1631 3144 1892 3211 Quocirca

316 3233 520 3288 insanit
546 3236 782 3305 profecto
809 3239 992 3301 Arius,
1016 3252 1133 3290 cum
1151 3238 1224 3290 ait
1251 3235 1450 3292 Filium
1478 3252 1543 3290 ea:
1565 3237 1730 3291 nihilo
1757 3254 1891 3302 esse,
1920 3208 1965 3270 Ο

318 3327 587 3397 fuisseque
636 3328 925 3398 aliquando
969 3345 1089 3382 cum
1124 3345 1228 3383 non
1255 3336 1427 3393 esset;
1472 3328 1671 3381 insanit
1697 3329 1897 3390 pariter

320 3414 745 3479 Sabellius,cum
764 3419 982 3474 Patrem
1007 3419 1210 3473 Filium
1242 3437 1374 3483 esse,
1392 3430 1440 3474 et
1464 3418 1510 3472 Γ
1513 3420 1662 3474 ilium
1682 3420 1896 3476 Patrem

318 3525 436 3564 esse
461 3509 634 3577 docet,
659 3528 822 3565 unum
848 3513 1057 3582 quidem
1087 3512 1381 3582 hypostasi,
1408 3514 1499 3568 sed
1521 3515 1728 3569 nomine
1741 3515 1894 3569 duos.

323 3600 394 3656 Et
417 3603 520 3658 sub
548 3603 710 3659 finem
767 3604 1013 3675 ejusdem
1068 3607 1333 3662 orationis
1365 3624 1378 3660 :
1417 3606 1490 3659 Τὸ
1524 3607 1704 3660 τοίνυν
1744 3605 1900 3676 λεγό-

329 3711 491 3764 μενον
519 3698 626 3750 ὑπὸ
646 3697 739 3751 τοῦ
766 3699 1036 3768 μακαρίου
1052 3699 1283 3772 Πέτρου,
1304 3700 1484 3771 ὀρθὸν,
1516 3701 1612 3753 καὶ
1635 3700 1898 3772 εἰλικρινῆ

322 3782 429 3854 τὴν
465 3782 694 3854 θεότητα
732 3784 826 3838 τοῦ
857 3787 1194 3856 Μονογενοῦς
1223 3788 1508 3859 κηρύσσει,
1535 3790 1595 3842 οὐ
1634 3790 1731 3861 τὴν
1770 3791 1902 3843 ὑπό-

328 3890 522 3928 στασιν
549 3876 804 3947 χωρίζων
825 3876 919 3930 τοῦ
955 3878 1091 3939 θεοῦ
1123 3879 1297 3947 Λόγου
1331 3880 1439 3933 ἀπὸ
1474 3877 1570 3933 τοῦ
1599 3882 1663 3933 ἐκ
1684 3881 1901 3952 Μαρίας

326 3964 643 4036 ἀνθρώπου’
679 3967 896 4026 Rectum
915 3978 995 4027 est
1031 3972 1195 4041 igitur
1219 3972 1358 4042 quod
1389 3973 1463 4025 ait
1497 3972 1680 4026 beatus
1712 3971 1902 4027 Petrus

326 4058 419 4126 qui
470 4074 646 4111 veram
682 4057 947 4130 Unigeniti
986 4064 1241 4132 praedicat
1292 4064 1645 4128 divinitatem,
1677 4081 1770 4119 nec
1803 4064 1903 4118 Dei

340 4145 495 4200 Verbi
533 4149 859 4219 hypostasim
882 4153 1139 4225 disjungit
1180 4155 1244 4209 ab
1272 4156 1479 4210 Itotnine
1513 4171 1578 4211 ea:
1606 4155 1788 4210 Maria
1818 4173 1905 4211 as-

331 4250 561 4307 sumpto.
622 4241 679 4295 ln
743 4243 848 4297 hoc
903 4253 1178 4319 postremo
1226 4249 1538 4303 testimonio
1593 4249 1906 4320 hypostasis

334 4333 509 4386 multo
545 4334 730 4403 aptius
768 4335 835 4388 ad
895 4352 1183 4406 personam
1233 4354 1396 4409 quam
1444 4340 1511 4393 ad
1541 4340 1906 4395 substantiam

333 4433 644 4477 revocatur.
687 4422 744 4478 ln
776 4426 952 4493 primo
975 4437 1153 4483 autem
1193 4429 1475 4483 contendit
1507 4426 1765 4484 Petavius
1796 4444 1908 4490 non

1984 1967 2119 2022 caeni
2146 1967 2367 2021 concilii
2396 1964 2587 2021 Dsium
2617 1962 2828 2020 inducit
2846 1965 3026 2034 (parte
3052 1975 3183 2025 n,c.
3208 1959 3296 2029 ιε)
3319 1973 3387 2014 ex
3406 1969 3560 2011 man-

1983 2060 2113 2113 dato
2128 2074 2190 2113 ac
2205 2059 2426 2113 decreto
2452 2057 2622 2111 totius
2638 2054 2835 2127 synodi
2852 2053 3270 2124 respondentem
3286 2064 3352 2104 ac
3364 2046 3560 2119 τριάδα

1985 2146 2336 2202 ὑποστάσεων
2368 2146 2775 2216 praedicantem.
2808 2142 2980 2201 Nemo
3005 2151 3091 2199 est
3115 2141 3261 2197 enim
3291 2139 3383 2210 qui
3417 2135 3561 2192 mul-

1988 2248 2100 2293 tum
2126 2238 2288 2307 hujus
2320 2236 2607 2307 scriptoris
2641 2233 2958 2291 testimonio
2974 2232 3202 2288 tribuat.
3234 2229 3305 2283 At
3331 2241 3562 2298 sequen-

1989 2330 2132 2384 tibus
2157 2327 2374 2383 saeculis
2403 2341 2676 2382 summum
2705 2324 2909 2380 fatetur
2937 2322 3193 2379 Petavius
3228 2329 3560 2375 consensum

1989 2420 2267 2476 exstitisse
2294 2417 2611 2474 Graecorum
2647 2418 2703 2471 in
2744 2416 2923 2472 tribus
2954 2412 3347 2489 hypostasibus
3372 2406 3565 2482 pradi-

1991 2513 2206 2570 caudis.

2062 2605 2153 2662 Vl.
2194 2605 2302 2677 ipsi
2327 2600 2710 2661 Occidentales
2731 2598 2980 2657 eamdem
3015 2592 3270 2668 loquendi
3295 2590 3563 2647 rationem

1993 2698 2226 2753 libenter
2253 2696 2322 2750 ad
2360 2709 2495 2752 usus
2535 2708 2668 2750 suos
2728 2690 3066 2754 asciverunt,
3089 2693 3398 2758 postquam
3437 2679 3565 2737 sub-

1995 2791 2260 2848 sistentize
2307 2804 2442 2845 voce
2496 2789 2718 2844 inventa
2761 2783 3052 2840 diilicultas
3089 2779 3271 2836 omnis
3321 2774 3565 2835 evanuit.

1994 2883 2173 2954 Atque
2196 2882 2247 2937 id
2277 2880 2496 2953 quidem
2528 2879 2731 2936 saeculo
2755 2875 2950 2948 quinto
2975 2873 3223 2944 contigit.
3251 2869 3359 2927 Sed
3380 2876 3567 2923 tamen

1997 2975 2155 3044 longe
2204 2981 2365 3028 antea
2415 2970 2672 3026 videntur
2711 2966 3058 3038 perspexisse
3089 2970 3204 3019 tres
3243 2961 3570 3032 hypostases

2000 3063 2381 3138 percommode
2406 3061 2597 3118 Greco
2628 3074 2880 3118 sermone
2904 3056 3179 3127 usurpari.
3212 3054 3270 3110 ld
3297 3053 3572 3123 colligitur

1997 3177 2061 3215 ex
2095 3157 2325 3229 cpistola
2352 3154 2458 3209 2M
2478 3153 2686 3220 Basilii,
2716 3168 2773 3206 n.
2804 3152 2860 3217 4,
2892 3150 2987 3205 ubi
3013 3148 3096 3204 sic
3125 3146 3368 3217 loquitur
3396 3144 3572 3214 ιΙΙερὶ⁵

1995 3250 2052 3303 δὲ
2081 3248 2198 3315 τοῦ,
2223 3249 2305 3301 ὅτι
2343 3246 2638 3307 ὑπόστασις
2659 3242 2755 3296 καὶ
2780 3240 2939 3295 οὐσία
2971 3240 3033 3293 οὐ
3066 3237 3263 3292 ταυτόν
3307 3238 3445 3299 ἐστι,
3476 3231 3573 3287 καὶ

1996 3340 2170 3404 αὐτοὶ,
2201 3339 2279 3402 ὡς
2306 3336 2533 3408 νομίζω,
2566 3335 2992 3406 ὐπεσημήναντο
3011 3331 3063 3385 οἱ
3090 3328 3198 3384 ἀπὸ
3229 3327 3330 3398 τῆς
3357 3324 3572 3388 Δύσεως

1999 3432 2241 3503 ἀδελφοὶ,
2275 3432 2335 3485 ὲν
2373 3425 2455 3493 οἷς
2484 3428 2546 3481 τὸ
2576 3426 2761 3482 στενὸν
2792 3426 2892 3495 τῆς
2924 3422 3132 3478 ἑαυτῶν
3187 3420 3433 3492 γλώττης
3468 3417 3574 3487 ὑφ·-

1997 3524 2286 3598 ορώμενοι,
2332 3522 2395 3576 τὸ
2425 3522 2524 3594 τῆς
2572 3520 2759 3584 οὐσίας
2814 3517 2985 3588 ὄνομα
3037 3517 3105 3587 τῇ
3163 3510 3372 3567 Ἐλλάδι
3419 3510 3573 3580 φωνῇ

2000 3615 2481 3689 παραδεδώκασιν·
2547 3613 2656 3678 ἵνα,
2722 3612 2775 3665 εἴ
2812 3626 2897 3674 τις
2942 3607 3030 3679 εἴη
3074 3603 3307 3677 διαφορὰ
3336 3602 3440 3673 τῆς
3484 3602 3576 3655 ἑν-

2001 3708 2170 3771 νοίας,
2210 3705 2433 3770 σώζοιτο
2462 3705 2601 3774 αὐτὴ
2645 3704 2704 3756 ὲν
2741 3703 2812 3772 τῇ
2850 3699 3096 3771 εὐκρινεῖ
3140 3695 3235 3751 καὶ
3282 3690 3577 3764 άσυγχύτῳ

2003 3799 2281 3853 διαστάσει
2301 3795 2409 3850 τῶν
2437 3794 2717 3866 ὀνομάτων
2749 3809 2764 3824 ·
2802 3790 2956 3857 Quod
2989 3797 3166 3844 autem
3192 3784 3489 3857 hypostasis
3526 3791 3582 3845 et

2002 3889 2228 3944 essentia
2256 3886 2394 3940 idem
2416 3901 2520 3939 non
2534 3891 2677 3951 sunt,
2711 3880 2766 3935 id
2794 3889 2846 3936 et
2870 3879 2993 3950 ipsi,
3023 3887 3083 3933 ut
3107 3886 3256 3946 puto,
3273 3872 3580 3932 subindica-

2004 3990 2129 4034 runt
2155 3977 2529 4033 Occidentales
2556 3976 2773 4046 fratres,
2803 3972 2928 4026 dum
2957 3971 3150 4041 lingua
3169 3984 3279 4024 suo:
3302 3966 3578 4036 angustias

2005 4072 2273 4134 subveriti,
2293 4069 2533 4125 essentia:
2559 4082 2747 4122 nomen
2787 4064 2969 4134 lingua
2992 4060 3200 4125 Gra'ca,
3221 4056 3578 4122 tradiderunt,

2005 4173 2061 4217 ut
2080 4163 2124 4215 si
2140 4178 2244 4232 qua
2267 4169 2399 4215 esset
2415 4158 2682 4214 sententia:
2702 4153 3076 4224 discrepantia,
3092 4151 3191 4206 illa
3211 4151 3328 4221 ipsa
3347 4163 3583 4203 seruare-

2009 4264 2095 4307 tur
2121 4254 2175 4306 in
2198 4252 2348 4305 clara
2370 4259 2419 4304 et
2446 4250 2659 4303 minime
2693 4246 2920 4315 confusa
2953 4244 3226 4299 nominum
3252 4240 3579 4295 diuersitate.

2079 4341 2385 4409 Quinetiam
2414 4339 2532 4408 ipse
2561 4336 2827 4395 Damasus
2853 4341 2970 4395 tres
3011 4333 3339 4405 hypostases
3364 4330 3583 4384 videtur

2011 4432 2319 4488 admisisse.
2356 4428 2491 4483 Nam
2531 4428 2586 4481 in
2630 4425 2861 4496 epistola
2893 4424 2960 4479 ad
2993 4422 3278 4479 Paulinum
3323 4418 3585 4489 praedicat

334 4527 649 4583 personam,
678 4517 772 4570 sed
796 4517 847 4569 id
870 4525 1080 4571 tantum
1096 4520 1240 4589 quod
1270 4535 1455 4575 revera
1474 4522 1712 4585 exsistit,
1745 4520 1907 4576 intcl-
1939 4541 1984 4595 ῃ
2014 4537 2176 4577 unum
2202 4519 2367 4574 Deum
2392 4519 2447 4573 in
2474 4517 2639 4571 tribus
2665 4512 3036 4587 hypostasibus
3055 4511 3235 4566 :0st
3256 4510 3350 4565 ἕνα
3376 4509 3436 4562 ὲν
3464 4524 3584 4579 τρι-υ

336 4604 768 4675 ligendumesse.
795 4607 863 4660 At
888 4624 1087 4679 negare
1111 4625 1220 4665 non
1248 4618 1427 4681 potest
1452 4628 1615 4666 unam
1648 4613 1909 4683 hyposta-

336 4700 439 4751 sim
468 4699 647 4767 rejici.
680 4697 853 4755 Porro
886 4710 996 4756 tres
1032 4703 1352 4773 hypostases
1382 4720 1490 4758 non
1530 4705 1637 4759 alio
1678 4706 1911 4762 consilio

339 4791 515 4846 sancti
543 4790 735 4847 Patres
764 4793 1147 4860 defenderunt,
1177 4797 1283 4851 nisi
1323 4805 1382 4851 ut
1415 4796 1613 4853 Filium
1645 4806 1701 4854 et
1737 4799 1913 4869 Spiri-

338 4891 454 4935 tum
484 4898 593 4936 non
625 4883 944 4940 eilicientias
963 4888 1231 4957 quasdam
1266 4902 1331 4943 ac
1355 4891 1575 4943 nomine
1606 4896 1765 4945 tenus
1791 4905 1914 4959 per-

341 4990 503 5030 sonas
534 4990 680 5039 esse,
736 4976 833 5033 sed
886 4976 1084 5032 Filium
1117 4995 1246 5035 vere
1287 4988 1349 5035 ut
1400 4980 1619 5049 Filium,
1648 4982 1911 5054 Spiritum

345 5077 594 5120 sanetum
625 5083 750 5122 vere
781 5077 839 5121 ut
881 5068 1146 5139 Spiritum
1192 5075 1459 5130 exsistere
1500 5074 1818 5146 probarent.
1855 5073 1914 5129 ln

346 5159 586 5219 eamdem
626 5174 854 5228 prorsus
901 5163 1223 5217 sententiam
1264 5164 1505 5235 loquitur
1556 5166 1911 5231 Athanasius,

348 5249 473 5303 dum
527 5249 742 5306 Patrem
795 5260 850 5307 et
884 5250 1083 5307 Filium
1131 5254 1408 5327 hypostasi
1456 5274 1626 5312 unum
1666 5258 1775 5313 dici
1805 5274 1915 5312 non

347 5343 569 5410 patitur.
598 5342 658 5396 ln
703 5358 814 5413 quo
859 5348 1134 5400 consentit
1180 5361 1307 5402 cum
1339 5347 1629 5415 decessore
1666 5365 1788 5416 suo,
1821 5350 1915 5419 qui

348 5431 486 5487 duas
518 5435 572 5487 in
604 5433 766 5489 Patre
814 5442 870 5490 et
910 5434 1048 5491 Filio
1091 5436 1414 5509 hyposlases
1443 5443 1729 5511 agnoscit;
1788 5462 1920 5501 con-

349 5524 512 5577 sentit
535 5539 659 5578 cum
682 5524 907 5587 Basilio,
939 5527 1032 5596 qui
1062 5543 1226 5581 unum
1268 5530 1544 5601 hypostasi
1569 5532 1737 5588 Deum
1757 5550 1784 5588 a
1816 5533 1917 5591 Sa-

350 5613 510 5668 bellio
540 5616 823 5685 przedicari
857 5617 1037 5682 docet,
1071 5621 1231 5689 epist.
1264 5621 1389 5685 ευ,
1424 5639 1480 5676 ιι.
1513 5624 1567 5678 5.
1602 5623 1779 5680 Unum
1819 5627 1919 5682 ad-

355 5705 474 5761 dam
500 5708 789 5765 Athanasii
820 5711 1021 5775 locum,
1061 5713 1114 5767 in
1152 5729 1260 5784 quo
1295 5715 1584 5771 manifeSte
1612 5725 1725 5773 tres
1758 5718 1924 5790 hypo-

358 5802 550 5865 tlases,
578 5807 637 5854 ut
665 5815 831 5871 supra
868 5799 1159 5882 Dionysius
1206 5816 1451 5886 uterque,
1489 5807 1743 5867 admittit.
1784 5809 1922 5871 υῦτι

2017 4616 2099 4668 civ
2124 4613 2502 4667 ὑποστάσεσιν.
2520 4610 2716 4680 Spurio
2736 4609 2989 4664 videntur
3003 4606 3116 4661 haec
3125 4612 3401 4676 postrema
3421 4601 3586 4656 verba

2014 4705 2335 4763 doetissimo
2395 4702 2761 4774 Epistolarum
2830 4700 3150 4772 pontiﬁcum
3212 4697 3585 4752 Romanorum

2014 4798 2208 4854 cditori
2236 4803 2521 4867 propterea
2550 4792 2697 4865 quod
2723 4793 2923 4850 desunt
2952 4794 3010 4847 in
3039 4787 3441 4859 exemplaribus
3483 4785 3589 4847 La-

2017 4894 2168 4947 tinis.
2209 4890 2314 4946 Sed
2341 4900 2523 4944 tamen
2558 4886 2875 4942 confirmari
2904 4891 3131 4957 possent
3160 4878 3404 4936 Flaviani
3438 4879 3591 4934 testi-

2016 4985 2224 5047 monio,
2254 4983 2348 5053 qui
2381 4980 2669 5035 Paulinum
2700 4992 2887 5033 coram
2934 4975 3202 5047 magistro
3236 4971 3469 5026 militum
3503 4971 3584 5026 sic

2018 5076 2322 5147 alloquitur
2357 5072 2498 5144 apud
2521 5071 2924 5127 Theodoretum
2946 5068 2984 5123 l.
3014 5084 3069 5133 ν,
3100 5080 3150 5122 c.
3177 5066 3229 5133 5,
3260 5080 3316 5136 p.
3348 5064 3449 5119 τοι
3481 5084 3494 5119 :
3525 5062 3589 5117 Ei

2018 5167 2115 5240 τὴν
2155 5166 2430 5236 Δαμάσου,
2479 5157 2524 5216 ὦ
2564 5160 2808 5232 φιλότης,
2845 5157 3129 5212 κοινωνίαν
3175 5154 3417 5228 ἀσπάζῃ,
3469 5154 3594 5207 ἐπί-

2019 5259 2192 5326 δειξον
2225 5261 2357 5330 ἡμῖν
2400 5254 2583 5326 σαφῶς
2623 5253 2723 5323 τὴν
2765 5252 2873 5304 τῶν
2927 5247 3213 5319 δογμάτων
3252 5246 3591 5316 συγγένειαν.

2033 5353 2266 5414 Ἐκεῖνος
2314 5350 2421 5420 γὰρ
2467 5347 2594 5419 μίαν
2634 5347 2734 5415 τῆς
2784 5341 3013 5413 Τριάδος
3063 5340 3250 5394 οὐσίαν
3293 5338 3593 5409 ὁμολογῶν.

2020 5442 2122 5507 τὰς
2152 5444 2300 5514 τρεῖς
2323 5439 2646 5499 ὑποστάσεις
2676 5432 2972 5506 διαρρήδην
3009 5432 3301 5505 κηρύττει·
3338 5431 3402 5484 σὺ
3425 5428 3483 5482 δὲ
3505 5428 3599 5481 άν-

2019 5552 2209 5606 τικρυς
2228 5532 2336 5587 τῶν
2369 5528 2717 5585 ὑποστάσεων
2742 5528 2983 5599 ἀναιρεῖς
3018 5526 3117 5598 τὴν
3146 5524 3371 5596 Τριάδα.
3405 5522 3465 5577 Si
3481 5520 3597 5575 Da.

2022 5626 2160 5682 mosi
2192 5623 2605 5679 communionem
2650 5617 2994 5686 amplecteris,
3034 5635 3064 5672 o
3107 5617 3293 5681 amice,
3336 5613 3593 5667 doctrina:

2026 5718 2175 5774 nobis
2209 5715 2544 5783 manifestam
2588 5710 2993 5765 similitudinem
3034 5709 3265 5766 ostende.
3322 5704 3465 5760 Nam
3504 5704 3600 5761 ille

2027 5810 2238 5884 quidem
2294 5822 2453 5863 unam
2513 5802 2849 5876 eamdemque
2904 5800 3181 5861 Trinitatis
3245 5798 3600 5857 substantiam
