3972 6218
422 377 485 436 19
1864 385 2254 446 ΡΒᾹΣἘΑΤΙΟ.
3580 391 3651 446 20

411 492 693 563 conﬁtens,
722 505 826 551 tres
854 505 1159 568 ngpostascs
1192 497 1387 555 diserte
1424 502 1698 570 praedicat.
1750 503 1827 558 Tu
1864 520 1989 559 con-
2016 509 2065 567 Α
2090 504 2474 576 hypostasibus
2499 506 2844 564 traditionem
2880 504 3136 566 Ecclesxae
3165 519 3382 565 secutus
3405 508 3495 573 sit,
3516 508 3651 563 forte

414 593 522 650 tra,
560 585 875 643 Trinitatem
938 590 1082 645 tollis
1143 590 1525 661 hypostasecon.
1580 592 1659 649 Ex
1709 594 1794 651 his
1840 605 1987 666 patet

410 674 708 733 Damasum
739 678 825 735 sui
859 693 985 733 cum
1027 677 1229 734 Graecis
1257 694 1560 737 consensus
1603 681 1820 753 aliquod
1869 698 1987 739 mo-

410 776 735 825 numentum
767 770 1027 835 edidisse,
1055 770 1199 841 quod
1244 771 1299 825 in
1336 770 1557 829 Oriente
1581 781 1770 828 notum
1804 774 1984 829 omni-

395 860 518 917 .bus
544 868 599 916 et
627 869 886 917 testatum
929 871 1092 919 esset.
1141 861 1276 916 Nam
1322 863 1456 918 nihil
1494 879 1722 933 prorsus
1759 880 1986 936 respon-

406 950 542 1008 dere
570 958 748 1024 potuit
770 952 1054 1018 Paulinus,
1089 962 1226 1009 teste
1255 952 1615 1011 Theodoreto.
1645 955 1861 1011 Nullum
1889 972 1987 1011 au-

406 1053 520 1099 tem
551 1044 770 1101 videtur
802 1047 980 1117 aptius
1006 1045 1235 1116 proferri
1269 1062 1432 1117 posse
1461 1059 1893 1112 monumentum,
1926 1048 1983 1102 in

405 1153 521 1207 quo
555 1138 610 1195 id
632 1141 950 1209 praestiterit
972 1139 1261 1206 Damasus,
1292 1156 1453 1212 quam
1484 1140 1713 1211 epistola
1748 1141 1814 1194 ad
1845 1138 1984 1194 Pau-

406 1228 607 1285 linum.
638 1229 841 1301 Objicit
882 1231 1139 1289 Petavius
1172 1233 1367 1305 synodi
1403 1231 1663 1287 Romana:
1698 1231 1981 1300 epistolam

407 1320 515 1377 sub
533 1321 725 1377 eodem
755 1321 1008 1390 Damaso,
1040 1325 1096 1379 in
1116 1340 1227 1396 qua
1250 1339 1359 1379 una
1387 1323 1703 1395 bypostasis
1717 1330 1770 1378 et
1791 1336 1982 1377 essen-

404 1412 485 1466 tia
508 1412 754 1468 docetur.
792 1413 898 1470 Sed
920 1416 1231 1487 hypostasis
1256 1430 1446 1471 vocem
1475 1415 1666 1470 merito
1690 1414 1880 1469 deesse
1924 1414 1979 1467 in

404 1505 813 1574 exemplaribus
865 1505 1073 1564 Latinis
1123 1508 1493 1578 probavimus,
1522 1514 1639 1563 not.
1698 1505 1766 1561 ad
1818 1506 1976 1575 epist.

406 1591 500 1656 93,
525 1608 580 1662 p.
608 1594 731 1651 186.

478 1683 680 1739 Videor
702 1685 834 1740 mihi
866 1701 935 1741 ex
976 1686 1064 1743 his
1112 1702 1274 1758 posse
1329 1686 1655 1741 concludere
1703 1683 1976 1739 neminem

406 1789 636 1845 prorsus
662 1779 941 1835 exstitisse
986 1781 1129 1835 inter
1166 1778 1480 1836 Catholicos
1522 1778 1849 1841 Orientales,
1881 1776 1977 1847 qui

2089 604 2270 652 tamen
2306 613 2337 651 a
2393 599 2673 656 nonnullis
2721 615 2785 655 eo
2834 600 3055 654 nomine
3100 602 3465 663 accusabitur,
3505 601 3650 671 quod

2088 686 2261 743 nimio
2287 688 2546 760 abreptus
2581 690 2760 746 studio
2804 706 2833 745 a
2869 693 3307 761 temperamenlis
3351 693 3406 746 in
3443 691 3650 761 synodo

2088 777 2451 835 Alexandrina
2484 782 2814 851 praescriptis
2842 782 3178 838 discesserit.
3208 781 3345 837 Cum
3377 783 3519 837 enim
3550 796 3650 835 au-

2087 867 2316 925 divisset
2349 885 2495 925 anno
2532 872 2645 926 575
2670 871 2955 927 Paulinum
2986 875 3221 943 acceptis
3250 872 3421 927 Roma
3452 872 3651 943 perho-

2086 960 2334 1015 norificis
2363 961 2559 1017 litteris
2586 963 2931 1019 vehementer
2973 964 3180 1028 efferri,
3204 964 3429 1034 ejusque
3448 963 3649 1018 amicos

2086 1066 2215 1105 cum
2249 1051 2494 1108 Ecclesia
2516 1052 2572 1107 S.
2613 1052 2810 1109 Meletii
2844 1056 3102 1126 conjungi
3139 1057 3296 1120 velle,
3329 1069 3394 1109 ac
3427 1068 3647 1123 operam

2087 1143 2221 1198 dare
2247 1152 2308 1198 ut
2342 1143 2653 1200 Terentium
2697 1146 2753 1200 in
2800 1155 2981 1217 partes
3016 1161 3146 1202 suas
3192 1146 3500 1208 traherent;
3535 1152 3648 1200 sta-

2086 1235 2185 1289 tim
2227 1235 2452 1306 scripsit
2507 1236 2575 1291 ad
2627 1236 2774 1292 hunc
2820 1238 3096 1303 comitem,
3142 1245 3204 1292 ut
3243 1237 3362 1307 ejus
3405 1237 3647 1291 animum

2088 1332 2510 1395 prmoccuparet,
2554 1334 2647 1381 aut
2672 1328 2718 1383 si
2754 1342 2860 1397 qua
2901 1343 3023 1383 eum
3062 1328 3318 1398 opinione
3350 1326 3647 1384 adversarii

2087 1426 2548 1487 praeocupassent,
2585 1419 2802 1489 penitus
2831 1422 3182 1476 convelleret.
3224 1419 3283 1475 1n
3326 1420 3428 1475 hac
3465 1426 3646 1473 autem

2082 1508 2313 1577 epistola
2358 1509 2438 1565 sic
2466 1526 2620 1567 suam
2648 1511 2715 1567 de
2739 1512 3123 1583 bypostasibus
3168 1512 3491 1569 sententiam
3546 1525 3645 1566 ex-

2084 1600 2281 1669 ponit:
2314 1602 2388 1654 Οὐ
2421 1602 2600 1673 μέντοι
2641 1602 2829 1657 τούτου
2870 1621 2934 1673 γε
2970 1605 3154 1658 ἕνεκεν
3201 1604 3473 1675 δυνάμεθά
3513 1618 3644 1656 ποτε

2083 1691 2312 1757 ἑαυτοὺς
2357 1696 2563 1758 πεῖσαι,
2607 1693 2640 1765 ἢ
2693 1694 2953 1749 Μελέτιον
3007 1696 3288 1766 ἀγνοῆσαι,
3330 1696 3362 1765 ἢ
3409 1695 3510 1763 τῆς
3549 1694 3642 1746 ὑπ’

2080 1782 2244 1835 αὐτὸν
2290 1783 2614 1855 Ἐκκλησίας
2673 1786 3039 1851 ἐπιλαθέσθαι,
3094 1788 3128 1858 ἢ
3191 1787 3259 1841 τὰ
3318 1787 3641 1859 ζητήματα,

407 1880 577 1920 unam
619 1867 677 1921 in
723 1868 899 1925 tribus
943 1869 1194 1939 personis
1240 1868 1581 1941 hypostasim
1631 1867 1966 1930 admitteret,

2077 1871 2220 1941 ὑπὲρ
2248 1863 2323 1926 ὧν
2353 1872 2411 1937 ἐξ
2446 1873 2619 1943 ἀρχῆς
2657 1875 2691 1945 ἡ
2728 1874 3003 1940 διάστασις
3044 1855 3256 1945 γέγονε,
3309 1855 3479 1948 μιιιρᾶ
3509 1878 3646 1949 ἡγή-

402 1965 605 2028 praeter
657 1956 945 2014 Paulinum
998 1959 1398 2015 Antiochenum
1473 1959 1702 2030 ejusque
1746 1956 1973 2012 amicos.

401 2047 593 2120 Neque
622 2051 787 2105 etiam
814 2051 998 2107 dicere
1024 2051 1250 2107 verebor
1287 2058 1399 2106 tres
1430 2050 1749 2121 bypostases
1780 2048 1975 2105 imme-

402 2143 513 2196 rito
560 2155 593 2195 a
635 2140 692 2196 S.
742 2142 1094 2215 Hieronymo,
1149 2151 1211 2198 ut
1255 2143 1512 2213 loquendi
1557 2142 1823 2197 rationem
1875 2154 1976 2196 sua

402 2243 599 2304 sponte
632 2249 743 2291 non
777 2242 1089 2290 accuratam
1121 2233 1439 2304 vituperari.
1475 2231 1611 2286 Tota
1638 2230 1976 2287 swcularium

401 2322 704 2379 litterarum
732 2325 935 2391 schola,
963 2325 1137 2394 inquit
1181 2325 1238 2379 in
1275 2322 1506 2395 epistola
1559 2322 1627 2377 ad
1678 2322 1971 2377 Damasum

399 2429 620 2487 papam,
647 2415 783 2470 nihil
806 2416 956 2470 aliud
994 2414 1322 2487 hypostasim
1360 2416 1465 2470 nisi
1495 2416 1668 2471 usiam
1702 2414 1843 2468 novit
1867 2428 1886 2467 :
1922 2421 1973 2467 et

398 2509 700 2579 quisquam,
741 2524 888 2578 rogo,
916 2524 1005 2563 ore
1037 2507 1292 2578 sacrilego
1336 2516 1441 2561 tres
1480 2506 1804 2561 substantias
1842 2520 1973 2573 pra:-

397 2600 639 2655 dicabit?
670 2599 786 2655 Etsi
807 2599 1122 2654 abundabat
1152 2598 1459 2653 eruditione
1489 2596 1547 2652 S.
1572 2596 1959 2666 Hieronymus,

394 2692 654 2748 videntur
682 2701 865 2747 tamen
900 2691 1005 2746 hac
1053 2692 1107 2745 in
1156 2706 1214 2748 re
1261 2691 1547 2760 opiniones
1580 2687 1889 2758 anticipata:
1917 2685 1969 2741 ei

393 2783 658 2841 illusisse.
684 2783 820 2839 Nam
847 2783 1080 2840 Budaus
1124 2790 1181 2838 et
1221 2790 1345 2854 post
1392 2796 1516 2837 eum
1555 2779 1825 2835 Henricus
1848 2776 1970 2833 Ste-

394 2878 613 2948 phanus
643 2879 938 2934 observant
983 2892 1127 2948 saepe
1170 2876 1313 2948 apud
1359 2875 1615 2944 antiquos
1669 2872 1965 2943 scriptores

393 2965 737 3038 hypostasim
785 2966 854 3023 de
898 2968 968 3024 iis
1000 2966 1109 3022 dici
1149 2980 1270 3037 quae
1311 2979 1438 3020 vere
1458 2964 1754 3026 exsistunt,
1803 2969 1858 3017 et
1898 2960 1966 3017 iis

391 3060 595 3128 apponi
626 3074 748 3130 qua:
779 3058 963 3130 specie
1014 3064 1227 3112 tantum
1269 3063 1366 3110 aut
1408 3053 1681 3125 cogitandi
1726 3053 1959 3107 ratione.

2079 1962 2295 2028 σασθαι,
2327 1962 2420 2016 καὶ
2453 1963 2638 2034 ὀλίγην
2669 1964 2811 2035 ἔχειν
2849 1965 3105 2038 διαφορὰν
3132 1968 3349 2038 νομίσαι
3382 1968 3518 2039 πρὸς
3551 1968 3642 2021 τὸν

2066 2040 2172 2123 ’τῆς
2203 2052 2482 2117 εὐσεϐείας
2516 2054 2735 2108 σκοπόν.
2798 2055 2936 2124 Ἐγὼ
2973 2057 3101 2127 γὰρ,
3127 2058 3223 2126 οὐχ
3250 2059 3398 2120 ὅπως
3435 2058 3481 2109 εἰ
3523 2058 3644 2110 ἐπι-

2074 2145 2272 2216 στολήν
2297 2163 2381 2209 τις
2418 2146 2719 2217 ἀνθρώπων
2740 2146 3028 2217 δεξάμενος
3061 2149 3146 2201 ἐπ’
3174 2150 3305 2220 αὐτῇ
3345 2149 3485 2219 μέγα
3505 2165 3641 2219 φρο-

2072 2238 2172 2298 νεῖ,
2219 2235 2405 2289 τούτου
2441 2235 2627 2289 ἕνεκεν
2668 2237 3033 2309 ὑωπαλῆναί
3073 2256 3204 2291 ποτε
3244 2238 3638 2309 καταδέξομαι·

2071 2326 2186 2380 ἀλλ’
2209 2327 2316 2380 οὐδ’
2347 2327 2411 2381 ἂν
2440 2326 2499 2392 ἐξ
2520 2327 2696 2382 αὐτῶν
2717 2330 2827 2404 ἥκῃ
2844 2330 2951 2384 τῶν
2973 2329 3235 2402 οὐρανῶν,
3270 2329 3345 2401 μὴ
3368 2331 3550 2400 στοιχῇ
3580 2328 3641 2381 δὲ

2070 2417 2148 2489 τῷ
2173 2419 2464 2488 ὑγιαίνοντι
2486 2418 2628 2490 λόγῳ
2661 2421 2761 2491 τῆς
2805 2421 3058 2485 πίστεως,
3088 2419 3318 2491 δύναμαι
3341 2420 3503 2473 αὑτὸν
3524 2436 3639 2473 κοι-

2072 2511 2239 2565 νωνὸν
2279 2512 2583 2583 ἡγήσασθαι
2630 2511 2738 2565 τῶν
2779 2512 2949 2582 ἁγίων
2985 2531 2999 2544 ·
3056 2512 3180 2567 Νοη
3215 2513 3412 2566 idcirco
3465 2520 3641 2564 tamen

2070 2601 2199 2656 mihi
2250 2604 2358 2670 ipse
2406 2619 2633 2674 unquam
2659 2603 2973 2674 persuadere
2999 2604 3219 2673 possim,
3248 2613 3307 2657 ut
3348 2611 3439 2657 aut
3472 2600 3639 2655 Hele-

2069 2693 2201 2746 tium
2250 2695 2516 2764 ignorem,
2559 2704 2652 2747 aut
2686 2694 2936 2749 Ecclesia:
2974 2696 3058 2749 cui
3103 2704 3290 2763 prwest
3326 2694 3637 2757 obliviscar,

2068 2792 2163 2837 aut
2195 2785 2532 2854 qumstiones,
2572 2783 2636 2839 de
2678 2784 2865 2854 quibus
2905 2784 2968 2839 ab
3004 2786 3153 2840 initio
3196 2792 3323 2838 nata
3356 2783 3637 2846 dissensio,

2065 2872 2227 2928 exiles
2276 2882 2470 2943 putem,
2500 2883 2551 2928 et
2607 2875 2755 2944 parvi
2785 2874 2853 2927 ad
2893 2875 3100 2943 pietatis
3152 2875 3475 2943 propositum
3526 2889 3637 2926 mo-

2063 2966 2248 3019 menti.
2282 2963 2391 3035 Ego
2413 2965 2553 3019 enim
2603 2982 2705 3019 non
2732 2964 2922 3029 solum,
2953 2966 3000 3019 si
3031 2966 3146 3036 quis
3181 2964 3243 3019 ob
3275 2973 3536 3044 acceptam
3571 2961 3638 3016 ab

2067 3055 2365 3110 hominibus
2405 3058 2682 3126 epistolam
2704 3058 2986 3126 efferatur,
3023 3074 3126 3112 non
3169 3056 3362 3111 idcirco
3402 3055 3638 3111 abstrahi

392 3151 553 3209 Unde
583 3151 814 3207 Budaeus
839 3152 895 3206 in
939 3150 1348 3206 Commentariis
1398 3148 1602 3219 profert
1642 3147 1787 3201 hunc
1847 3145 1964 3202 Ari-
1987 3189 2030 3248 α
2066 3163 2148 3201 me
2202 3164 2432 3216 unquam
2471 3158 2521 3204 et
2574 3148 2793 3203 subduci
2848 3151 3065 3218 patiar:
3114 3147 3202 3203 sed
3253 3165 3434 3218 neque,
3484 3148 3533 3203 si
3571 3161 3640 3202 ea:

390 3245 607 3301 stotelis
634 3245 816 3300 locum
834 3243 913 3300 De
935 3246 1151 3308 mundo,
1183 3258 1306 3314 cap.
1333 3241 1368 3295 4
1396 3260 1409 3296 :
1443 3239 1749 3312 Συλλήϐδην
1775 3238 1830 3291 δὲ
1850 3237 1959 3291 τῶν

388 3338 450 3390 ιν
477 3336 598 3407 ἀέρι
627 3335 1025 3407 φαντασμάτων
1047 3334 1116 3388 τὰ
1146 3333 1243 3406 μέν
1277 3334 1394 3387 ἐστι
1435 3333 1556 3387 κατ’
1609 3331 1863 3403 ἔμφασιν,
1889 3331 1959 3389 τὰ

386 3428 446 3483 δὲ
494 3428 614 3482 καθ’
660 3428 956 3482 ὑπόστασιν
984 3440 999 3455 ·
1045 3426 1125 3481 Ad
1181 3442 1444 3481 summam
1490 3440 1692 3489 eorum,
1736 3440 1851 3495 qua:
1900 3424 1957 3478 in

388 3536 509 3575 aere
531 3528 811 3590 apparent,
840 3518 951 3573 alia
967 3518 1137 3588 specie
1156 3527 1305 3574 tenus
1335 3517 1617 3581 exsistunt,
1636 3515 1747 3570 alia
1766 3514 1957 3569 habent

385 3613 547 3665 etiam
593 3610 943 3681 hgpostasim.
983 3610 1146 3664 Addit
1182 3610 1347 3665 etiam
1396 3607 1527 3663 illud
1574 3607 1862 3663 Themistii
1895 3606 1956 3661 in

388 3700 553 3771 Phys.
587 3714 629 3754 ιι
669 3717 684 3754 :
734 3702 802 3755 Ἃ
837 3699 971 3770 μηδὲ
1009 3700 1088 3771 τῷ
1131 3700 1273 3770 λόγῳ
1326 3697 1588 3770 χωριστὰ,
1631 3696 1806 3751 ταῦτα
1859 3696 1956 3751 καὶ

382 3794 680 3847 ὑποστάσει
703 3792 996 3865 χωρίζουσι
1027 3810 1042 3826 '
1090 3792 1222 3859 Qua:
1268 3808 1330 3846 ne
1367 3793 1571 3846 ratione
1616 3789 1821 3861 quidem
1868 3806 1954 3845 se-

382 3884 569 3951 parari
597 3892 835 3952 possunt,
886 3899 948 3937 ea
985 3883 1146 3937 etiam
1195 3882 1466 3952 hypostasi
1505 3889 1773 3950 separant.
1815 3877 1953 3934 Cum

380 3988 518 4045 ergo
546 3973 859 4045 hypostasis
890 3979 1196 4042 opponatur
1232 3971 1299 4027 iis
1332 3986 1455 4041 quae
1478 3970 1595 4026 sola
1624 3970 1839 4025 ratione
1858 3975 1955 4024 aut

384 4065 571 4136 specie
611 4073 824 4120 tantum
852 4064 1156 4127 exsistunt,
1185 4063 1383 4117 merito
1429 4060 1605 4117 sancti
1646 4059 1859 4125 Patres,
1893 4064 1955 4114 ut

383 4156 602 4212 Patrem
636 4171 766 4212 vere
796 4170 921 4211 esse
947 4162 1178 4225 patrem,
1203 4150 1402 4206 Filium
1444 4166 1572 4206 vero
1603 4166 1726 4206 esse
1760 4150 1951 4214 lilium,

2063 3237 2191 3306 ipsis
2240 3238 2406 3292 missa
2448 3239 2519 3293 sit
2575 3239 2757 3302 ctelis,
2802 3255 2894 3293 nec
2946 3254 3134 3294 sanam
3184 3238 3273 3292 ille
3325 3238 3641 3308 proﬁteatur

2064 3332 2189 3402 ﬁdei
2228 3331 2545 3398 doctrinam,
2616 3349 2831 3403 possum
2882 3332 3034 3385 illum
3075 3340 3373 3386 sanctorum
3405 3346 3640 3384 commuto

2057 3428 2230 3483 nionis
2263 3428 2567 3498 participem
2588 3429 2912 3482 existimare.
2930 3427 3040 3483 Cur
3064 3432 3241 3481 autem
3270 3424 3337 3480 de
3363 3425 3464 3478 hac
3492 3438 3640 3494 quae-

2056 3518 2235 3574 stione
2256 3527 2311 3573 ct
2336 3519 2402 3573 de
2413 3516 2640 3573 Paulino
2669 3518 2749 3573 sic
2774 3519 2990 3582 sentiat,
3014 3519 3151 3572 hanc
3172 3516 3326 3572 affert
3348 3517 3631 3573 rationem.

2054 3608 2201 3681 quod
2230 3609 2511 3674 Paulinus,
2545 3609 2674 3663 dum
2696 3623 2861 3663 unam
2894 3608 3255 3682 hypostasim,
3291 3614 3402 3662 tres
3436 3621 3636 3676 perso-

2053 3712 2159 3752 nas
2198 3696 2464 3767 perfectas
2497 3697 2752 3761 admittit,
2776 3698 2832 3752 in
2871 3699 2975 3752 hoc
3002 3713 3033 3752 a
3065 3696 3300 3753 Sabellio
3317 3712 3426 3752 non
3454 3696 3634 3751 disce-

2054 3786 2168 3854 dat,
2198 3788 2292 3859 qui
2314 3789 2517 3859 pariter
2546 3804 2709 3843 unam
2738 3788 3097 3860 hypostasim,
3143 3797 3197 3844 et
3227 3799 3337 3844 tres
3372 3802 3635 3858 personas

2054 3879 2368 3935 admiserat.
2436 3878 2617 3946 Quare
2664 3880 2943 3935 contendit
3004 3879 3236 3935 Basilius
3280 3879 3627 3947 conjunctio-

2053 3989 2178 4030 nem
2219 3989 2344 4029 cum
2388 3973 2659 4044 ejusmodi
2712 3973 3025 4028 hominibus
3080 3987 3244 4027 unam
3290 3970 3625 4043 hypostasim

2055 4062 2477 4134 profitentibus,
2525 4064 2644 4120 sine
2689 4063 3031 4134 gravissimis
3085 4061 3444 4117 incommodis
3496 4059 3624 4114 iniri

2057 4170 2170 4212 non
2201 4170 2364 4226 posse
2397 4173 2411 4211 :
2442 4156 2539 4219 Τίς
2567 4155 2612 4208 δ’
2647 4156 2714 4209 ἂν
2749 4156 2955 4224 γένοιτο
2995 4154 3095 4225 τῆς
3133 4154 3385 4223 διαϐολῆς
3424 4152 3626 4223 ταύτης

356 4245 649 4316 Spiritum
706 4260 848 4301 -vere
898 4261 1022 4301 esse
1093 4244 1347 4315 spiritum
1402 4243 1789 4309 ostenderent,
1843 4253 1954 4297 tres

2067 4245 2432 4318 χαλεπωτέρα,
2460 4247 2555 4299 καὶ
2582 4245 2781 4316 μᾶλλον
2808 4244 3076 4316 δυναμένη
3117 4244 3242 4307 τοὺς
3268 4243 3495 4304 πολλοὺς
3522 4241 3630 4295 δια-

381 4339 711 4410 hypostases
791 4337 1161 4408 praedicarunt
1245 4343 1439 4392 contra
1522 4334 1819 4391 Sabellium
1900 4340 1956 4389 et

2067 4334 2339 4398 σαλεῦσαι,
2373 4336 2405 4406 ἢ
2440 4336 2488 4389 εἰ
2518 4334 2815 4405 φανείησαν
2844 4352 2987 4399 τινες
3010 4333 3069 4399 ἐξ
3096 4332 3249 4405 ἡμῶν
3288 4332 3501 4403 Πατρδς
3535 4330 3629 4384 καὶ

382 4430 639 4494 Noctium,
666 4429 761 4499 qui
796 4443 919 4483 cum
960 4436 1073 4485 tres
1102 4427 1322 4499 quidem
1375 4443 1641 4499 personas
1672 4428 1952 4493 dicerent,

2067 4427 2190 4482 Υίοῦ
2231 4427 2324 4480 καὶ
2362 4427 2517 4495 ἁγίου
2559 4426 2877 4498 Πνεύματος
2926 4425 3053 4497 μίαν
3101 4425 3396 4479 ὑπόστασιν
3439 4422 3625 4492 λέγον-

380 4530 524 4579 teste
562 4520 766 4577 Basilio
785 4520 947 4590 epist.
971 4519 1101 4586 2M,
1141 4536 1197 4575 ιι.
1221 4520 1276 4587 5,
1304 4519 1400 4575 sed
1429 4520 1531 4575 hoc
1575 4534 1821 4589 personae
1862 4534 1959 4574 no-
1990 4525 2034 4581 n
2058 4537 2150 4583 τες
2168 4538 2182 4551 ·
2211 4519 2468 4586 Quasnam
2495 4528 2667 4573 autem
2691 4517 2789 4571 hac
2817 4516 3085 4571 calumnia
3111 4517 3322 4586 gravior
3365 4531 3477 4571 esse
3504 4529 3626 4582 pos-

377 4628 506 4669 men
534 4612 602 4667 ad
633 4612 1037 4682 metaphoricos
1077 4627 1276 4668 sensus
1304 4612 1725 4681 detorquerent;
1752 4609 1959 4681 aliquid
2065 4613 2157 4678 sit,
2179 4622 2230 4667 et
2249 4611 2317 4666 ad
2344 4612 2536 4666 multos
2566 4608 2961 4665 commovendos
3010 4610 3203 4677 aptior,
3241 4622 3399 4677 quam
3442 4607 3489 4660 si
3537 4606 3627 4676 qui

376 4706 461 4760 eis
499 4703 702 4775 opponi
740 4703 961 4768 debuit,
1004 4702 1153 4773 quod
1190 4703 1395 4774 pariter
1433 4704 1655 4758 eludere
1689 4718 1798 4757 non
1840 4702 1962 4773 pos-
2063 4718 2129 4757 ea:
2153 4704 2302 4756 nobis
2325 4702 2603 4757 videantur
2640 4699 2821 4755 Patris
2860 4708 2910 4753 et
2945 4697 3078 4752 Filii
3120 4708 3168 4753 et
3205 4696 3434 4766 Spiritus
3456 4695 3627 4749 sancti

378 4804 521 4853 sent.
561 4796 631 4851 At
664 4795 802 4852 nihil
829 4795 899 4850 ad
942 4810 1060 4851 eam
1084 4811 1200 4851 rem
1234 4796 1433 4867 aptius,
1473 4797 1607 4850 nihil
1649 4796 1962 4867 signiﬁcan-
2060 4811 2222 4851 unam
2262 4795 2586 4865 Itypostasim
2643 4793 2854 4850 dicere?
2902 4792 2961 4846 In
3004 4790 3248 4846 eamdem
3300 4789 3623 4844 sententiam

378 4895 489 4945 tius
512 4889 829 4961 hypostasis
855 4904 1009 4945 voce.
1043 4887 1199 4944 Unde
1228 4886 1501 4946 Sabellius
1537 4904 1706 4944 unum
1732 4905 1957 4959 prorsus
2058 4885 2140 4942 sic
2190 4884 2482 4954 alloquitur
2521 4881 2878 4952 Epiphaniam
2913 4878 2967 4932 in
3015 4877 3247 4947 epistola
3289 4875 3416 4935 258.
3459 4892 3516 4928 ιι.
3540 4875 3573 4927 5
3607 4891 3620 4927 :

384 4980 669 5051 hypostasi
698 4980 870 5036 Deum
897 4996 1021 5037 esse
1055 4980 1456 5047 contendebat,
1514 4991 1571 5036 ut
1624 4980 1823 5037 ibidem
1874 4988 1955 5037 te-

2067 4971 2292 5036 Ἱκανῶς
2321 4973 2379 5026 δέ
2418 4990 2520 5043 μου
2554 4974 2771 5029 κάκεῖνο
2801 4971 2901 5041 τὴν
2936 4969 3113 5039 ψυχὴν
3166 4965 3527 5037 παρεκάλεσε,
3565 4962 3626 5015 τὸ

382 5079 559 5127 statur
580 5070 834 5129 Basilius.

2067 5063 2354 5135 προστεθὲν
2386 5063 2539 5135 παρὰ
2565 5062 2665 5131 τῆς
2702 5061 2802 5131 σῆς
2831 5059 3114 5131 ἀκριϐείας
3149 5058 3259 5119 τοῖς
3297 5057 3502 5116 λοιποῖς
3533 5070 3626 5106 κα-

2051 5155 2160 5218 λῶς
2207 5156 2300 5208 καὶ
2335 5153 2577 5225 ἀκριϐῶς
2619 5151 3002 5221 θεολογηθιεῖσι⁹
3039 5148 3101 5201 τὸ
3135 5149 3283 5218 τρεῖς
3329 5145 3624 5211 ἀναγκαῖον

2048 5237 2192 5295 εἶναι
2224 5241 2323 5305 τὰς
2354 5241 2677 5303 ὑποστάσεις
2708 5239 3006 5310 ὁμολογεῖν.
3044 5237 3207 5291 Ὥστε
3232 5233 3390 5287 τοῦτο
3437 5233 3530 5285 καὶ
3571 5233 3621 5284 οἱ

2051 5332 2191 5388 κατὰ
2232 5332 2555 5402 Ἀντιόχειαν
2588 5330 2805 5399 ἀδελφοὶ
2831 5325 3262 5385 διδασκέσθωσαν
3311 5321 3461 5393 παρὰ
3502 5320 3617 5382 σοῦ,

2052 5424 2270 5488 πάντως
2290 5422 2346 5476 δέ
2372 5439 2473 5476 που
2501 5422 2595 5477 καὶ
2623 5419 2975 5491 ἐδιδάχθησαν
2991 5418 3097 5503 ’.οὐ
3125 5416 3233 5488 γὰρ
3254 5415 3319 5469 ἂν
3343 5415 3493 5503 εἰλουγ
3524 5415 3618 5503 δη-

2047 5513 2221 5569 λονότι
2252 5513 2352 5583 τὴν
2375 5510 2510 5583 πρὸς
2543 5510 2739 5573 αὐτοὺς
2770 5501 3075 5571 κοινωνίαν,
3123 5506 3199 5577 μὴ
3237 5503 3396 5557 τοῦτο
3439 5501 3617 5556 αὐτῶν

2051 5604 2284 5676 μάλιστα
2357 5603 2419 5656 τὸ
2476 5602 2642 5675 μέρος
2697 5599 3168 5670 ἀσφαλισάμενος·
3228 5595 3389 5651 Valde
3441 5602 3617 5647 autem

2048 5712 2219 5749 meum
2251 5694 2385 5748 illud
2411 5694 2572 5748 etiam
2614 5692 2847 5747 animum
2877 5689 3147 5751 recreavit,
3173 5687 3311 5759 quod
3340 5685 3616 5755 diligentia

2049 5798 2140 5844 tua
2191 5788 2394 5845 cretei-is
2443 5784 2697 5857 prtcclare
2723 5791 2772 5839 et
2809 5791 3065 5852 accurate,
3103 5779 3344 5837 tractatis
3402 5776 3614 5847 adjecit,

1054 5182 1237 5256 -§ll.

374 5295 418 5358 ἰ.
456 5297 703 5372 _Videtur
745 5299 803 5357 S.
841 5301 1080 5372 Basilius
1133 5302 1308 5371 prima
1349 5304 1517 5370 specie
1555 5318 1786 5372 pugnare
1832 5319 1950 5360 cum

446 5367 508 5442 S.
524 5370 839 5442 _Athan_asio
866 5383 915 5426 et
941 5371 1000 5442 δ,
1027 5367 1278 5442 Gregorio
1301 5372 1358 5442 in
1377 5367 1566 5427 tribus
1582 5367 1949 5440 hgpostasibus

442 5438 803 5507 defendendis.
845 5442 909 5495 ΙΙ.
945 5440 1068 5496 Non
1100 5438 1276 5495 tamen
1298 5441 1519 5497 discedit
1538 5460 1570 5496 a
1587 5438 1763 5497 debita
1785 5445 1949 5497 animi

444 5508 824 5584 moderatione.
874 5511 1178 5584 Quasensu
1218 5512 1353 5565 hanc
1402 5513 1741 5584 quwstionem
1771 5516 1949 5583 magni

444 5581 697 5652 momenti
730 5596 845 5635 esse
875 5580 1050 5634 duxit.
1085 5581 1202 5647 Quo
1247 5580 1560 5636 sensu'cum
1586 5580 1945 5652 defensoribus

442 5650 601 5705 unius
630 5648 930 5719 hypostasis
960 5654 1375 5707 communionem
1404 5648 1685 5708 iucundam
1718 5655 1942 5724 negavit.

444 5783 489 5847 1.
530 5783 791 5859 Quamvis
839 5784 898 5844 S.
955 5786 1186 5845 Basilius
1246 5789 1302 5845 in
1352 5787 1707 5847 defendendis
1766 5788 1941 5845 tribus
