3972 6218
326 301 393 360 ει
1728 304 2119 363 ΡΠΑΞΕΑΤΙΟ.

3493 305 3583 362 2!“

322 429 532 469 necesse
573 430 685 469 esse
732 422 834 469 tres
887 414 1190 486 hypostases
1235 418 1498 487 conﬁteri.
1566 417 1896 487 Quapropter
1923 435 1966 493 Α
1997 419 2195 485 virtus,
2231 435 2350 491 quae
2374 421 2430 475 in
2459 421 2715 477 omnibus
2753 419 2936 476 Basilii
2968 418 3129 477 dictis
3158 427 3214 477 et
3259 419 3418 477 factis
3444 420 3581 476 elu-.

321 504 519 576 fratres
554 507 869 561 Antiocheni
900 508 995 561 hoc
1027 510 1187 562 etiam
1226 526 1259 562 a
1298 519 1346 564 te
1381 509 1733 573 edoceantur;
1776 525 1901 580 pro-

322 596 461 664 {ecta
489 608 667 651 autem
691 599 811 665 jam
835 599 1006 652 edocti
1031 609 1151 653 sunt
1186 616 1205 654 :
1232 618 1357 655 nam
1402 603 1513 655 sine
1540 600 1696 654 dubio
1720 616 1901 654 eorum

320 690 601 753 amplexus
626 705 731 743 non
773 706 911 744 esses
944 693 1380 757 communionem,
1412 693 1513 746 nisi
1547 692 1775 746 maxime
1805 689 1901 746 tibi

319 777 389 831 de
409 779 510 831 hoc
540 780 714 848 capite
741 788 955 833 cautum
998 790 1154 836 esset.

393 868 666 925 Videntur
683 871 797 925 haec
822 873 1001 941 prima
1030 874 1211 943 specie
1237 888 1479 946 pugnare
1499 888 1623 928 cum
1646 871 1894 943 Gregorii

320 959 657 1016 Nazianzeni
687 963 754 1017 de
804 962 907 1017 hac
943 964 1243 1034 quaestione
1278 962 1527 1033 judicio,
1581 973 1633 1019 et
1686 977 1901 1019 summa

322 1051 612 1107 Athanasii
643 1055 698 1108 in
722 1054 963 1110 sedanda
989 1055 1263 1111 discordia
1301 1055 1467 1109 animi
1504 1054 1896 1112 moderatione.

325 1143 458 1200 Haec
493 1148 639 1201 enim
684 1148 1061 1204 controversia
1112 1146 1326 1202 videtur
1364 1146 1624 1218 Gregorio
1679 1146 1784 1211 (or.
1806 1143 1897 1213 21,

324 1250 382 1305 p.
417 1237 547 1308 596)
576 1254 658 1293 res
682 1255 900 1308 prorsus
925 1238 1152 1293 ridicula
1184 1237 1261 1294 vel
1288 1236 1611 1302 miseranda,
1645 1236 1723 1303 ὡς
1754 1235 1899 1291 λίαν

324 1327 570 1393 γελοῖον
598 1328 638 1397 ἢ
674 1329 946 1384 ἐλεεινόν
966 1345 979 1359 ·
1014 1329 1138 1384 levis
1176 1337 1228 1383 et
1247 1328 1436 1399 jejuna
1474 1327 1536 1383 de
1562 1343 1743 1383 vocum
1771 1342 1899 1381 sono

324 1420 641 1485 altercatio,
677 1422 717 1488 ἠ
756 1419 891 1489 περὶ
938 1419 1049 1474 τὸν
1095 1415 1252 1490 ἦχον
1297 1421 1669 1490 μικρολογία.
1717 1416 1898 1474 Plenis

327 1512 590 1568 manibus
647 1511 1007 1568 Athanasium
1071 1512 1292 1575 laudat,
1338 1512 1432 1583 qui
1482 1521 1702 1582 utraque
1748 1523 1899 1581 parte

328 1602 520 1656 leniter
541 1612 591 1655 et
620 1601 834 1673 benigne
858 1604 1050 1668 accita,
1094 1601 1468 1672 uerborumque
1495 1602 1753 1656 sententia
1772 1602 1898 1655 dili-

323 1701 511 1762 genter
535 1702 586 1745 et
619 1703 866 1746 accurate
910 1709 1195 1763 perpensa,
1241 1703 1580 1764 posteaquam
1617 1692 1896 1749 concordes

2007 508 2186 573 cebat,
2215 508 2411 564 lenitas
2438 518 2491 563 et
2515 511 2682 563 animi
2706 512 3027 565 moderatio.
3047 509 3576 581 Suspicaturtamen.

2002 598 2386 654 Tillemontius
2437 600 2508 670 (t.
2534 598 2649 664 XII,
2677 616 2730 670 p.
2761 601 2861 672 46)
2894 601 3283 672 Hieronymum
3312 616 3420 654 non
3457 599 3566 655 sibi

2001 699 2256 745 constare
2298 690 2353 745 in
2400 691 2488 745 his
2516 691 2826 746 narrandis.
2867 690 3003 746 Nam
3060 707 3184 747 cum
3212 692 3569 747 vehementes

2003 778 2085 833 illi
2119 781 2284 833 trium
2328 780 2701 852 hypostasium
2731 781 3078 846 defensores,
3111 782 3288 853 inquit
3315 781 3565 837 eruditus

2007 871 2265 941 scriptor,
2293 872 2429 926 nihil
2460 872 2604 927 aliud
2634 881 2879 942 peterent
2902 873 2972 928 ab
2999 872 3350 946 Hieronymo,
3372 872 3478 929 nisi
3506 881 3566 926 ut

2000 971 2113 1017 tres
2169 961 2492 1032 hypostases
2538 964 2925 1032 conﬁteretur;
2972 964 3248 1035 quomodo
3311 979 3420 1018 non
3470 979 3565 1019 eos

2004 1052 2275 1121 placasset
2320 1053 2487 1106 trium
2522 1056 2895 1124 hypostasium
2934 1054 3318 1111 confessione?
3360 1053 3567 1108 Deinde

2003 1157 2135 1198 vero
2166 1152 2456 1215 postquam
2490 1153 2603 1201 tres
2648 1146 2971 1218 hypostases
3000 1146 3312 1203 confessum
3342 1162 3402 1202 se
3442 1160 3568 1201 esse

2004 1236 2282 1300 narravit,
2316 1251 2415 1290 cur
2458 1238 2640 1292 statim
2684 1238 2858 1303 addit,
2896 1237 2964 1293 Et
2991 1240 3116 1310 quia
3158 1238 3414 1294 uocabula
3456 1254 3563 1292 non

2001 1322 2334 1382 ediscimus?
2366 1326 2634 1384 Videntur
2683 1328 2800 1385 hate
2849 1331 3148 1402 pugnantia
3191 1330 3561 1387 Tillemontio.

2003 1415 2109 1470 Sed
2136 1417 2319 1474 minus
2347 1418 2727 1476 animadvertit
2755 1421 3107 1478 doctissimus
3135 1421 3362 1478 criticus
3382 1420 3571 1477 Hiero-

2003 1510 2359 1580 nymumhoc
2386 1512 2510 1568 loco
2544 1528 2653 1568 non
2676 1521 2793 1570 tres
2820 1514 3144 1586 hypostases
3169 1513 3439 1578 confiteri,
3467 1511 3566 1568 sed

1999 1599 2237 1656 medium
2280 1618 2340 1659 se
2380 1618 2503 1663 esse
2542 1605 2681 1660 velle
2712 1606 2853 1661 inter
2894 1614 3155 1676 utrasque
3194 1612 3400 1675 partes.
3442 1602 3567 1658 Non

2000 1689 2145 1744 enim
2173 1691 2327 1757 dicit,
2360 1692 2416 1747 Si
2439 1695 2567 1766 quis
2598 1702 2710 1750 tres
2750 1695 3078 1767 hypostases
3106 1710 3217 1751 non
3247 1694 3563 1758 conﬁtetur,

324 1785 540 1851 reperit,
571 1801 683 1848 nec,
724 1795 981 1855 quantum
1011 1785 1079 1840 ad
1123 1786 1442 1851 doctrinam,
1488 1784 1600 1840 ullo
1630 1785 1783 1840 modo
1816 1786 1901 1838 in-
1928 1772 1972 1827 Β
2004 1782 2293 1840 anathema
2331 1785 2443 1841 sit:
2489 1787 2585 1843 sed
2615 1787 2662 1843 is
2698 1795 2785 1843 est
2813 1802 3013 1845 sensus
3054 1787 3203 1843 illius
3234 1787 3562 1843 verborum:

324 1884 406 1930 ter
437 1893 498 1930 se
513 1876 853 1940 dissidentes,
895 1879 975 1931 ita
1009 1879 1273 1946 negotium
1307 1877 1580 1948 transegit,
1625 1886 1685 1929 ut
1728 1874 1899 1930 nomi-

323 1982 452 2021 nstm
476 1986 634 2022 usum
666 1968 948 2023 concedens
981 1969 1135 2024 rebus
1178 1986 1267 2024 eos
1317 1969 1711 2039 constringeret.
1755 1967 1897 2022 Num

325 2057 495 2129 igitur
533 2059 769 2115 Basilius
807 2075 934 2115 cum
966 2060 1228 2131 Gregorio
1253 2066 1309 2116 et
1334 2060 1634 2115 Athanasio
1672 2064 1897 2131 pugnat,

324 2165 391 2205 ac
432 2153 719 2222 permagni
771 2152 840 2207 ad
896 2153 1153 2223 pietatem
1201 2152 1462 2209 momenti
1513 2168 1636 2209 esse
1677 2161 1896 2218 censet,

326 2242 475 2312 quod
512 2241 605 2297 isti
633 2242 898 2298 levissimi
929 2258 1056 2300 esse
1101 2245 1361 2299 momenti
1409 2243 1719 2298 ducebant?
1756 2240 1898 2296 Num

323 2333 702 2387 necessarium
748 2333 998 2389 conﬁteri
1033 2348 1156 2390 esse
1200 2335 1411 2401 statuit,
1445 2334 1592 2404 quod
1633 2335 1900 2405 cujusque

327 2422 561 2479 arbitrio
610 2423 1033 2493 relinquebant;
1077 2433 1133 2479 et
1172 2425 1373 2495 quibus
1416 2425 1623 2479 nullam
1673 2441 1899 2496 prorsus

324 2514 657 2568 modestiam
694 2514 951 2571 volebant
985 2516 1251 2582 exhiberi,
1296 2532 1393 2573 eos
1441 2516 1512 2571 ad
1557 2517 1902 2573 communio-

322 2618 448 2658 nem
473 2612 641 2674 negat
669 2604 883 2659 admitti
914 2608 1200 2677 oportere?

401 2692 467 2747 ll.
508 2693 579 2749 Ut
607 2692 667 2748 S.
686 2693 866 2751 Patris
888 2696 1159 2751 sententia
1186 2698 1570 2767 perspiciatur,
1602 2696 1902 2753 observan—

321 2783 457 2839 dum
470 2794 558 2839 est
579 2786 764 2841 l'eum
784 2787 1197 2843 accuratissime
1227 2803 1445 2844 servare
1466 2787 1610 2858 quod
1631 2787 1901 2858 praecipue

324 2877 397 2931 ab
420 2879 797 2933 Alexandrina
826 2880 1036 2951 synodo
1066 2880 1336 2936 sancitum
1368 2880 1568 2945 fuerat,
1603 2890 1663 2935 ut
1706 2888 1901 2934 neutra

323 2984 457 3039 pars
482 2970 638 3024 alteri
666 2971 891 3027 haeresis
914 2979 1019 3025 aut.
1034 2971 1238 3027 erroris
1274 2979 1458 3025 notam
1491 2971 1754 3027 inureret.
1786 2969 1901 3025 Hoc

323 3063 567 3117 maxime
598 3062 891 3117 ridiculum
920 3064 1003 3118 vel
1025 3062 1204 3132 potius
1236 3063 1602 3118 miserandum
1636 3062 1900 3134 Gregorio

2003 1874 2063 1929 Si
2108 1876 2233 1945 quis
2281 1884 2393 1934 tres
2448 1878 2772 1951 hypostases
2815 1879 3155 1945 conﬁtendo,
3200 1893 3311 1934 non
3343 1887 3405 1934 ut
3451 1888 3568 1934 tres

1997 1982 2270 2038 personas
2298 1970 2689 2037 subsistentes,
2720 1972 2813 2028 sed
2848 1979 2910 2027 ut
2928 1978 3040 2028 tres
3068 1972 3406 2027 substantias
3432 1985 3567 2025 con-

2001 2057 2208 2122 ﬁtetur,
2237 2060 2528 2114 anathema
2568 2062 2660 2116 sit.
2690 2060 2747 2115 Id
2790 2070 2939 2132 patet
2971 2077 3037 2117 ex
3063 2061 3150 2118 his
3178 2076 3302 2132 quas
3322 2075 3567 2130 sequun-

2000 2156 2130 2203 tur:
2159 2147 2223 2203 Si
2253 2151 2371 2221 quis
2424 2163 2603 2206 autem
2653 2152 2983 2222 hypostasim
3031 2152 3208 2206 usiam
3247 2150 3566 2220 intelligens,

2001 2257 2105 2295 non
2160 2241 2215 2295 in
2280 2243 2450 2297 tribus
2508 2245 2746 2312 personis
2801 2260 2964 2297 unam
3014 2242 3342 2314 hypostasim
3400 2241 3565 2306 dicit,

2001 2332 2207 2386 alienus
2238 2349 2271 2385 a
2306 2332 2518 2387 Christo
2562 2342 2660 2388 est.
2708 2332 2903 2389 Secum
2946 2348 3078 2404 ergo
3131 2348 3241 2388 non
3293 2331 3570 2403 pugnabat

2001 2424 2387 2494 Hieronymus,
2430 2424 2523 2480 sed
2568 2432 2819 2480 neutram
2849 2423 3108 2496 loquendi
3150 2427 3420 2480 rationem
3453 2439 3570 2477 am-

2005 2515 2272 2586 plectens,
2304 2514 2571 2586 quidquid
2611 2516 2831 2586 utrique
2869 2523 3082 2587 poterat
3131 2502 3315 2571 inesse
3350 2515 3489 2582 vitii,
3514 2515 3571 2570 id

1999 2622 2227 2676 prorsus
2258 2607 2561 2676 rejiciebat,
2605 2623 2707 2664 nec
2754 2616 2936 2664 tamen
2959 2608 3177 2680 placare
3203 2615 3420 2680 poterat
3449 2620 3570 2662 mo-

1999 2710 2158 2751 rosos
2185 2696 2309 2751 illos
2335 2696 2705 2756 adversarios.

2068 2788 2126 2841 2°
2168 2787 2357 2859 Neque
2405 2790 2569 2844 etiam
2610 2790 3095 2862 reprehendendus
3132 2790 3390 2857 Basilius,
3421 2788 3570 2862 quod

2000 2884 2248 2931 exortam
2274 2877 2341 2933 de
2372 2877 2761 2949 hypostasibns
2784 2880 3213 2937 controversiam
3237 2880 3418 2951 magni
3448 2896 3571 2936 esse

2002 2971 2261 3025 momenti
2292 2970 2531 3035 duxerit,
2555 2986 2733 3042 neque
2762 2971 2819 3026 in
2851 2972 2954 3027 hoc
2985 2978 3189 3044 pugnat
3212 2986 3335 3026 cum
3360 2969 3570 3043 synodo

2003 3061 2394 3116 Alexandrina.
2419 3062 2534 3118 Etsi
2564 3062 2709 3117 enim
2741 3063 2859 3119 haec
2887 3065 3118 3133 quaestio
3149 3063 3288 3119 tanti
3309 3078 3433 3119 esse
3459 3077 3570 3117 non

323 3152 640 3218 videbatur,
666 3151 812 3223 quod
849 3151 913 3206 de
942 3120 1047 3221 fide
1083 3153 1439 3206 controversia
1484 3168 1595 3206 esse
1637 3120 1899 3209 videietur
1927 3120 1969 3178 δ
2005 3151 2257 3229 debebat,
2308 3160 2370 3208 ut
2409 3154 2551 3210 inter
2600 3120 2919 3211 Catholicos
2941 3155 3083 3210 idem
3130 3153 3431 3211 sentientes
3464 3166 3571 3223 pax

323 3246 453 3299 leris
489 3257 539 3299 et
569 3246 763 3315 jejuna
793 3244 857 3299 de
887 3261 1067 3299 vocum
1094 3261 1220 3300 sono
1252 3244 1565 3299 altercatio:
1587 3244 1730 3315 quod
1756 3243 1900 3313 obji-

322 3348 543 3395 ceretur
593 3341 1037 3395 Sabellianismus
1085 3340 1148 3395 ob
1194 3352 1298 3395 tres
1335 3357 1611 3411 personas,
1655 3349 1704 3394 et
1743 3341 1904 3395 Aria-

325 3432 532 3487 nismus
581 3437 645 3487 ob
694 3444 799 3487 tres
845 3433 1188 3504 Itypostases;
1231 3433 1377 3503 quod
1431 3448 1495 3487 eo
1546 3433 1763 3487 tandem
1813 3447 1902 3488 res

326 3524 565 3579 adducta
595 3532 765 3589 esset,
788 3534 848 3577 ut
882 3525 1176 3593 periculum
1199 3534 1356 3588 esset,
1383 3539 1445 3578 ne
1474 3524 1615 3577 orbis
1640 3535 1904 3578 terrarum

325 3617 462 3685 ﬁnes
502 3633 612 3670 una
639 3633 759 3671 cum
810 3617 1034 3688 syllabis
1067 3616 1527 3687 abrumperentur.
1564 3615 1709 3669 Nihil
1753 3616 1903 3685 ejus-

323 3709 477 3764 modi
509 3710 869 3764 commissum
899 3724 929 3762 a
958 3709 1181 3784 Basilio,
1210 3710 1306 3780 qui
1335 3710 1390 3763 in
1420 3708 1523 3763 hac
1546 3708 1664 3779 ipsa
1695 3706 1764 3762 ad
1794 3706 1903 3762 Teo

322 3802 568 3856 rentium
600 3802 833 3871 epistola
873 3800 1225 3858 adversarios
1256 3817 1389 3858 suos
1415 3800 1749 3857 domesticos
1782 3799 1903 3855 ﬁdei

324 3893 589 3962 appellat,
618 3906 825 3961 eosque
864 3891 1219 3960 simplicitate
1262 3891 1457 3960 magis,
1486 3905 1651 3961 quam
1698 3888 1904 3942 malitia

322 3983 394 4037 ad
427 3982 869 4038 Sabellianorum
900 3980 1160 4051 loquendi
1199 3978 1612 4035 similitudinem
1644 3977 1906 4032 accedere

323 4071 559 4137 fatetur,
593 4084 647 4127 et
676 4075 732 4127 in
760 4073 1012 4142 pluribus
1054 4072 1181 4126 aliis
1209 4072 1346 4126 locis
1368 4086 1557 4125 eorum
1591 4069 1717 4124 fidei
1752 4067 1907 4123 teSti-

327 4165 576 4218 monium
602 4165 817 4229 tribuit,
843 4171 908 4217 ut
938 4164 993 4217 in
1024 4164 1190 4232 epist.
1225 4162 1349 4226 156,
1379 4180 1435 4218 n.
1463 4163 1515 4228 l,
1547 4162 1639 4216 ubi
1664 4175 1781 4227 eos,
1813 4162 1907 4230 qui

330 4255 643 4315 Antiochiae
671 4255 814 4309 inter
841 4268 903 4308 se
932 4253 1204 4309 dissident
1235 4253 1510 4308 sententia
1549 4251 1757 4308 divisos
1784 4267 1907 4308 esse

328 4355 516 4416 negat.
540 4345 683 4399 llinc
714 4346 878 4399 etiam
904 4345 961 4399 in
990 4346 1151 4415 epist.
1171 4344 1297 4408 258,
1321 4360 1379 4398 n.
1404 4345 1459 4408 5,
1488 4343 1687 4399 fratres
1717 4342 1907 4397 Antio-

2005 3240 2308 3311 dissiliret;
2356 3252 2477 3299 erat
2528 3251 2713 3300 tamen
2757 3244 2893 3300 satis
2938 3244 3122 3315 magni
3174 3242 3468 3307 momenti,
3521 3241 3572 3297 si

2005 3342 2281 3404 spectetur
2323 3335 2703 3392 haereticorum
2737 3334 2806 3391 ad
2849 3335 3220 3392 accusandam
3266 3332 3570 3391 Ecclesiam

2002 3425 2282 3495 ingenium
2335 3427 2591 3498 proclive.
2635 3426 2771 3482 Cum
2804 3427 2950 3483 enim
2981 3425 3274 3482 Catholieis
3310 3423 3573 3486 Sabellia—

2001 3517 2245 3574 nismutn
2298 3516 2554 3590 alﬁngere
2600 3533 2712 3574 non
2765 3518 3117 3582 desinerent,
3161 3530 3419 3586 campum
3463 3513 3572 3573 illis

2003 3606 2076 3661 ad
2098 3608 2406 3665 calumnias
2431 3610 2738 3680 aperuisset
2764 3613 2928 3665 unius
2951 3606 3262 3681 hypostasis
3296 3606 3363 3662 ad
3390 3620 3574 3667 exem-

2003 3698 2154 3769 plum
2200 3700 2420 3756 Sabellii
2468 3700 2767 3759 confessio.
2826 3698 3006 3767 Quare
3069 3714 3195 3754 cum
3268 3695 3573 3768 Epiphanio

2006 3794 2331 3862 assentitur,
2366 3809 2594 3851 necesse
2624 3811 2748 3851 esse
2788 3801 2906 3850 tres
2937 3793 3263 3865 hypostases
3289 3788 3572 3855 conﬁteri;

2006 3895 2350 3954 nequaquam
2381 3885 2433 3939 id
2479 3886 2848 3942 necessarium
2889 3898 3014 3940 esse
3054 3888 3229 3953 putat,
3266 3889 3327 3935 ut
3365 3878 3573 3935 Cathe-

2007 3970 2151 4028 licus
2210 3974 2412 4044 aliquis
2465 3975 2752 4041 habeatur,
2796 3976 2892 4033 sed
2938 3984 2999 4031 ut
3046 3975 3201 4030 locus
3242 3973 3573 4027 Arianorum

2007 4063 2301 4122 calumniis
2352 4084 2466 4123 non
2517 4068 2695 4136 detur,
2747 4069 2889 4124 addo
2938 4068 3147 4133 etiam,
3212 4076 3272 4122 ut
3324 4073 3584 4122 servetur.

2007 4163 2229 4224 accepta
2258 4170 2287 4210 a
2318 4157 2885 4227 majoribustraditio.

2078 4247 2137 4301 5·
2167 4247 2301 4303 Cum
2337 4256 2489 4302 tanto
2529 4249 2697 4305 animi
2734 4247 2931 4304 ardore
2957 4250 3011 4302 in
3041 4247 3094 4302 id
3124 4246 3392 4301 incumbit
3421 4242 3575 4299 Basi-

2008 4337 2138 4404 lius,
2172 4353 2242 4393 ne
2275 4339 2439 4394 unius
2473 4339 2786 4410 hypostasis
2814 4337 3291 4398 defensorescum
3330 4332 3575 4388 Ecclesia

327 4440 537 4492 chenos
586 4448 747 4492 vocat
788 4453 884 4493 eos
908 4438 1002 4507 qui
1041 4453 1071 4490 a
1113 4437 1326 4491 Paulini
1377 4435 1625 4507 partibus
1662 4435 1902 4499 stabant,
1937 4458 1982 4513 υ
2011 4426 2208 4483 Meletii
2259 4430 2705 4500 conjunganlur,
2736 4444 2905 4498 seque
2953 4427 3148 4483 adduci
3185 4439 3347 4496 posse
3383 4430 3573 4513 negat,

326 4528 592 4598 precatur
635 4535 695 4581 ut
742 4526 1043 4582 Ecclesiam
1089 4526 1523 4591 Antiochenam,
1556 4541 1675 4596 quas
1704 4526 1761 4579 in
1800 4525 1903 4582 do-

327 4623 507 4675 ctrina
533 4621 829 4685 consentit,
866 4620 1160 4690 aliquando
1188 4619 1538 4689 conjunctam
1558 4617 1742 4674 videre
1774 4633 1905 4673 con-

328 4714 527 4784 tingat,
562 4727 663 4767 nec
676 4712 788 4782 jam
818 4713 936 4782 ipsa
953 4719 1145 4767 contra
1170 4727 1229 4767 se
1251 4719 1399 4765 recta
1424 4710 1558 4767 ﬁdes
1600 4710 1777 4767 scissa
1808 4711 1900 4766 sit.

400 4806 522 4859 Non
563 4812 683 4860 erat
709 4821 840 4875 ergo
869 4805 1106 4861 Basilius
1134 4820 1202 4860 ex
1246 4802 1555 4858 vehementi
1600 4801 1695 4856 illo
1737 4800 1906 4855 homi-

331 4911 465 4949 num
500 4910 719 4965 genere,
747 4895 815 4949 de
853 4895 1055 4964 quibus
1084 4893 1449 4964 Hieronymus
1481 4892 1534 4945 in
1577 4890 1806 4961 epistola
1837 4888 1902 4943 ad

333 4983 626 5040 Damasum
664 4999 859 5055 papam
901 4985 982 5039 sic
1015 4984 1293 5054 loquitur:
1342 4980 1772 5051 Interrogemus,
1816 4981 1905 5035 in-

333 5079 474 5145 quit,
498 5077 625 5146 quid
661 5087 763 5131 tres
787 5076 1100 5146 hypostases
1126 5092 1279 5145 posse
1301 5073 1626 5127 arbitrentur
1659 5071 1901 5140 intelligi.

335 5168 462 5223 Tres
490 5185 743 5236 personas
760 5169 1099 5222 subsistentes
1112 5169 1259 5221 aiunt
1282 5182 1301 5220 :
1322 5164 1689 5235 respondemus
1714 5181 1806 5218 nos
1830 5165 1905 5216 ita

333 5261 563 5317 credere.
596 5260 719 5327 Non
744 5261 1154 5331 sufﬁcitsensus,
1178 5261 1350 5330 ipsum
1369 5275 1555 5313 nomen
1580 5257 1865 5328 efflagitant
1885 5270 1904 5308 :

333 5353 467 5425 quia
498 5354 679 5407 nescio
706 5351 834 5422 quid
856 5353 1034 5406 veneni
1060 5352 1117 5405 in
1141 5350 1364 5421 syllabis
1398 5349 1544 5403 latet.
1571 5345 1903 5411 Clamamus,

332 5447 380 5500 si
428 5446 545 5516 quis
570 5456 674 5499 tres
712 5445 1043 5515 hypostases,
1068 5452 1125 5496 ut
1166 5443 1271 5496 tria
1315 5450 1654 5511 enypostata,
1684 5437 1780 5491 hoc
1825 5444 1905 5490 est

335 5545 442 5590 tres
475 5534 821 5590 subsistentes
851 5550 1126 5604 personas,
1152 5548 1256 5586 non
1291 5531 1591 5601 conﬁtetur,
1622 5526 1907 5581 anathema

337 5629 429 5683 sit.
456 5626 525 5681 Et
559 5628 686 5696 quia
722 5625 978 5681 uocabula
1017 5642 1122 5680 non
1148 5624 1455 5686 ediscimus,
1492 5619 1726 5675 hceretici
1753 5617 1907 5688 judi-

335 5734 544 5776 camur.
580 5716 773 5776 Deerat
797 5732 931 5775 sane
951 5715 1220 5788 ejusmodi
1252 5713 1565 5772 hominibus
1586 5709 1785 5768 eximia
1814 5708 1905 5769 illa

2010 4525 2071 4573 ut
2119 4516 2408 4573 Paulinum
2456 4519 2858 4581 communionis
2906 4526 3222 4572 sanctorum
3254 4511 3576 4586 participem

2013 4617 2315 4680 agnoscat;
2347 4609 2641 4680 diligenter
2670 4607 3087 4680 expendendum
3125 4605 3259 4677 quid
3296 4604 3347 4660 ei
3376 4617 3577 4675 propo-

2008 4701 2172 4755 situm
2223 4701 2406 4756 fuerit.
2451 4699 2569 4755 Non
2604 4700 2751 4756 enim
2792 4699 2847 4755 id
2884 4699 3163 4770 agebatur,
3194 4705 3253 4752 ut
3293 4692 3574 4751 schismati

2007 4790 2358 4846 Antiocheno
2389 4791 2512 4845 ﬁnis
2543 4792 2942 4862 imponeretur,
2973 4799 3028 4845 et
3055 4789 3123 4844 ad
3145 4787 3446 4857 legitimum
3476 4800 3577 4856 pa-

2008 4893 2216 4939 storem
2263 4882 2321 4939 S.
2353 4882 2627 4937 Meletium
2667 4898 2801 4939 oves
2850 4882 3118 4938 redirent.
3157 4878 3214 4934 Si
3260 4877 3396 4932 tanti
3424 4893 3574 4932 com-

2008 4975 2159 5030 modi
2208 4990 2336 5045 spes
2386 4975 2699 5040 alfulsisset,
2736 4984 2895 5030 certo
2940 4974 3056 5029 scio
3099 4971 3363 5026 Basilium
3391 4971 3577 5026 omnia

2008 5070 2132 5139 paci
2163 5077 2220 5123 et
2250 5068 2505 5122 charitati
2534 5066 2973 5139 posthabiturum
3014 5063 3210 5128 fuisse,
3241 5078 3306 5118 ac
3346 5063 3577 5120 libenter

2009 5170 2396 5230 suscepturum
2442 5159 2657 5213 Paulini
2701 5159 2910 5229 plebem
2965 5164 3021 5211 et
3067 5156 3308 5222 clerum,
3361 5155 3576 5211 etiamsi

2008 5268 2172 5308 unam
2210 5250 2551 5322 hypostasim
2582 5249 2951 5304 admitterent.
2985 5246 3091 5301 Sed
3124 5246 3332 5301 Paulini
3369 5247 3575 5301 amico-

2006 5360 2128 5400 rum
2163 5343 2395 5398 consilia
2441 5342 2626 5397 omnia
2661 5356 2727 5395 eo
2782 5339 3141 5410 spectabant,
3172 5345 3233 5393 ut
3276 5336 3576 5402 Paulinus,

2007 5434 2233 5490 excluso
2267 5431 2325 5488 S.
2347 5432 2582 5496 Meletio,
2614 5432 2768 5487 solus
2794 5431 3106 5486 Antiochiae
3134 5439 3416 5502 praeesset.
3438 5428 3578 5484 Hinc

2007 5525 2243 5582 Basilius
2269 5527 2324 5580 in
2357 5525 2545 5581 eadem
2582 5523 2743 5594 epist.
2770 5524 2893 5588 2H,
2922 5541 2976 5579 n.
3012 5526 3066 5590 l,
3093 5525 3294 5581 adduci
3328 5540 3388 5579 se
3418 5540 3578 5595 posse

1984 5626 2189 5690 .negat,
2247 5627 2304 5672 ut
2355 5627 2445 5672 aut
2494 5616 2766 5672 Meletium
2811 5618 3034 5688 ignm'et,
3068 5627 3160 5672 aut
3205 5616 3456 5672 Ecclesia'
3494 5617 3578 5669 cui

2013 5719 2201 5783 prteesl
2265 5707 2508 5769 Heletius
2558 5708 2917 5771 obliviscatur.
2949 5708 3069 5771 Non
3123 5709 3395 5769 immerito
3449 5723 3579 5780 ergo
