3972 6218
390 322 468 382 ω
1804 320 2191 387 ΡΒᾹΞΡΑΤΙΟ.
2244 336 2259 350 ⁴
3554 330 3626 387 Μ

394 441 841 497 communionem
893 456 1018 503 cum
1075 441 1306 504 Paulino
1351 443 1643 501 ineundam
1694 446 1962 517 negabat;
1993 450 2044 511 Α
2068 448 2365 519 exquisitis
2395 457 2449 505 et
2484 449 2861 519 comportatis.
2892 463 3001 505 non
3031 447 3203 518 prima
3232 446 3412 518 specie
3433 461 3628 507 manus

398 534 604 605 quippe
628 549 754 590 cum
784 534 911 590 iniri
944 551 1053 595 non
1087 544 1295 607 posset,
1330 538 1464 607 quin
1494 536 1742 594 Meletius
1772 539 1968 608 rejiee-

398 631 574 688 retur,
598 625 694 695 qui
727 625 879 681 solus
896 624 1199 682 Antiochiae
1220 627 1495 698 legitimus
1517 635 1635 684 erat
1654 629 1963 699 episcOpus.

397 716 603 772 Eadem
630 717 698 774 de
728 733 898 774 causa
940 718 1177 776 Basilius
1208 719 1406 794 (epist.
1441 722 1570 789 258,
1592 738 1650 784 n.
1675 722 1744 791 5)
1774 722 1970 781 leniter

397 808 752 879 reprehendit
784 810 840 865 in
888 808 1194 882 Epiphanio
1224 812 1416 866 initam
1450 827 1573 867 cum
1616 812 1827 868 Paulini
1864 812 1969 868 Eco

402 901 574 957 clesia
601 903 1045 958 communionem
1075 922 1089 958 ι
1126 918 1236 958 non
1269 905 1415 974 quod
1455 896 1619 959 unius
1657 904 1968 976 hypostasis

393 989 721 1047 defensores
767 993 1327 1050 excommunicandos
1369 1003 1424 1049 et
1461 996 1532 1050 ab
1583 994 1828 1053 Ecclesia
1864 995 1967 1065 eji-

400 1081 628 1139 ciendos
649 1083 909 1152 duceret;
942 1087 1037 1142 sed
1071 1085 1359 1158 Epiphanii
1385 1089 1753 1144 constantiam
1786 1089 1969 1159 requi-

398 1175 579 1241 rebat,
609 1177 704 1247 qui
733 1191 859 1233 cum
887 1186 999 1236 tres
1044 1179 1369 1251 hypostases
1415 1196 1645 1238 necesse
1670 1197 1796 1238 esse
1837 1196 1970 1236 con-

399 1264 545 1322 ﬁteri
593 1275 877 1336 censeret,
910 1282 1036 1324 cum
1071 1270 1386 1329 hominibus
1422 1288 1585 1327 unam
1627 1273 1969 1345 bypostasim

399 1358 787 1427 proﬁtentibus
835 1362 1371 1432 communicaverat,
1430 1374 1611 1434 spreta
1659 1373 1715 1420 et
1768 1363 1970 1434 rejecta

399 1447 601 1505 Meletii
679 1451 1091 1507 communione.
1158 1451 1310 1509 Fecit
1389 1454 1579 1510 eadem
1640 1452 1970 1510 defendendi

399 1538 604 1595 Meletii
683 1542 1019 1609 necessitas,
1096 1553 1160 1605 ut
1229 1545 1395 1602 unius
1462 1546 1775 1617 hypostasis
1837 1561 1970 1618 pro-

400 1629 613 1694 fessio,
672 1647 796 1703 quae
861 1648 1062 1705 magno
1116 1637 1303 1708 aliquo
1361 1638 1651 1695 commodo
1711 1654 1972 1709 compen-

400 1729 547 1786 sata,
581 1721 718 1780 levis
762 1724 883 1781 visa
925 1734 1093 1792 esset,
1136 1742 1263 1783 cum
1308 1729 1562 1786 maximis
1608 1730 1665 1785 in
1696 1729 1969 1787 Meletium

400 1812 625 1882 injuriis
662 1814 979 1886 coniuncta,
1028 1819 1310 1889 permagni
1360 1834 1485 1876 esse
1525 1821 1785 1876 momenti
1819 1821 1971 1876 vide-

400 1911 580 1963 retur.
608 1904 797 1976 Neque
819 1906 988 1963 etiam
1027 1908 1099 1964 ab
1128 1909 1462 1966 Arianorum
1497 1911 1789 1967 calumniis
1818 1912 1975 1968 valde

401 1997 760 2056 metuendum
792 1998 1007 2065 fuisset,
1039 2001 1087 2057 si
1122 2017 1231 2057 una
1278 2003 1613 2075 bypostasis,
1656 2003 1824 2059 veluti
1862 2019 1970 2058 nae-

402 2103 507 2144 vus
527 2089 751 2161 quidam
771 2091 1076 2149 tolerabilis
1095 2101 1151 2150 et
1176 2094 1562 2165 ignoscendus,
1589 2096 1801 2152 veniam
1830 2095 1972 2166 apud

400 2178 723 2245 Catholicos
755 2182 1061 2251 habuisset,
1094 2185 1190 2242 sed
1219 2187 1265 2242 si
1302 2202 1580 2242 summum
1615 2188 1875 2245 honorem
1909 2203 1972 2245 ac

402 2273 777 2332 Celebritatem
806 2275 1002 2347 adepta
1037 2286 1204 2344 esset,
1231 2293 1297 2333 ac
1323 2294 1520 2351 magna
1549 2278 1750 2341 Meletii
1782 2279 1971 2337 Eccle,

403 2364 489 2427 sia
519 2364 722 2434 pusillo
743 2363 962 2423 Paulini
985 2370 1276 2425 conventui
1303 2370 1497 2428 fuisset
1526 2371 1803 2442 adjuncta,
1824 2373 1973 2433 velut

402 2456 453 2525 pi
483 2455 683 2513 ﬁumen
709 2457 888 2513 rivulo
917 2458 1277 2531 adjungatur;
1309 2471 1441 2521 tunc
1467 2464 1685 2523 Arianis
1707 2465 1972 2527 patuisset

404 2546 712 2612 latissimus
740 2548 808 2611 ad
840 2549 1287 2613 calumniandum
1315 2568 1562 2624 campus.

1106 2665 1134 2743 δ
1187 2663 1274 2721 ιιι.

400 2752 445 2822 ι.
496 2752 838 2828 Vituperatus
881 2773 919 2828 a
961 2757 1244 2828 nonnullis
1288 2754 1347 2811 S.
1384 2755 1655 2822 Basilius,
1686 2759 1824 2828 quod
1878 2758 1972 2816 Dei

474 2825 688 2897 titulum
744 2825 971 2895 Spiritui
1034 2835 1220 2880 sancto
1273 2843 1377 2881 non
1441 2843 1645 2897 semper
1699 2825 1968 2887 tribuerit.

469 2892 559 2968 ll._
584 2893 700 2949 Hoc
749 2892 1156 2968 temperamento
1192 2912 1321 2968 usus
1355 2906 1453 2955 est.
1482 2892 1808 2968 ut'inﬁrmis
1846 2918 1973 2955 con-

472 2963 667 3038 suleret
694 2975 744 3021 et
760 2963 1054 3038 Ecclesium
1086 2982 1238 3021 suam
1267 2963 1827 3038 Iiwreticorum'furori
1847 2971 1971 3025 sub-

472 3034 723 3108 traheret.
785 3034 877 3092 ιιι.
937 3035 1473 3108 Neutrum__prorsus
1546 3034 1966 3108 vituperandum.

2069 538 2285 596 dandas
2316 556 2440 597 esse
2469 548 2641 612 putet.
2673 540 2779 598 Sed
2812 540 2859 596 si
2908 539 3119 609 singula
3164 540 3497 609 vestigentur
3537 554 3630 594 ac-

2073 632 2345 702 curatius,
2385 634 2534 693 aliud
2575 648 2805 707 prorsus
2832 632 3040 691 ferctur
3066 632 3132 687 de
3174 630 3232 687 S.
3266 630 3463 688 Basilio
3484 630 3629 703 judi-

2068 724 2237 790 cium,
3522 782 3529 789 _

2141 816 2206 872 ll.
2241 815 2472 873 Duabus
2508 816 2861 888 potissimum
2886 817 2953 872 de
2993 816 3177 875 causis
3210 814 3268 871 S.
3300 813 3481 870 doctor
3536 816 3630 869 Dei

2070 925 2206 966 voce
2236 910 2512 965 interdum
2542 911 2598 964 in
2636 908 2982 984 praedicanda
3008 907 3067 963 S.
3089 906 3326 978 Spiritus
3350 904 3632 961 divinitate

2070 1003 2359 1059 abstinuit.
2381 1002 2564 1059 Prima
2585 1009 2723 1065 erat,
2748 1009 2808 1056 ut
2831 1001 3066 1056 inﬁrmis
3094 998 3435 1055 consuleret:
3460 996 3633 1052 altera

2071 1098 2133 1145 ut
2183 1090 2494 1147 furentibus
2525 1090 2799 1147 liazreticis
2844 1090 3035 1145 locum
3067 1087 3382 1160 praeriperet
3419 1094 3634 1158 pertur-

2070 1180 2266 1241 bandae
2300 1188 2356 1233 et
2376 1179 2658 1235 vastandas
2680 1178 3056 1250 Cappadociae.

2141 1272 2279 1328 Cum
2330 1271 2621 1329 Tarsensis
2668 1271 2912 1328 Ecclesia
2947 1272 3003 1327 in
3064 1270 3393 1327 Arianorum
3436 1280 3638 1327 manus

2073 1363 2383 1428 incidisset,
2415 1364 2672 1421 catholici
2702 1364 3004 1436 presbyteri
3028 1378 3151 1420 cum
3180 1364 3435 1434 episcOpo
3462 1361 3636 1419 luere-

2073 1436 2191 1511 tico.
2209 1455 2625 1511 communicare
2653 1455 2933 1522 nolebant,
2972 1470 3037 1510 ac
3070 1455 3323 1521 seorsim,
3348 1460 3407 1508 ut
3436 1453 3490 1508 in
3517 1451 3636 1523 plu-

2073 1547 2226 1603 ribus
2253 1548 2374 1602 aliis
2409 1547 2671 1603 Ecclesiis
2695 1547 2898 1603 factum
2929 1556 3034 1610 est,
3060 1547 3271 1617 plebem
3301 1559 3456 1601 suam
3477 1558 3635 1615 rege-

2074 1639 2227 1695 bant.
2267 1637 2375 1693 Sed
2410 1640 2556 1694 inter
2595 1653 2691 1695 eos
2730 1646 2921 1694 exorta
2957 1638 3249 1704 dissensio,
3295 1650 3360 1692 ac
3406 1635 3636 1706 Cyriaco

2074 1727 2427 1798 presbytero,
2472 1727 2632 1798 cujus
2676 1725 2811 1782 ﬁdes
2869 1725 2925 1780 in
2957 1722 3328 1795 suspicionem
3375 1725 3635 1784 venerat,

2076 1820 2169 1876 alii
2194 1819 2501 1892 presbyteri
2534 1819 2878 1875 conditiones
2900 1817 3194 1873 nonnullas
3219 1814 3486 1874 ferebant,
3514 1811 3639 1882 qui-

2075 1912 2180 1968 bus
2209 1912 2302 1967 ille
2346 1911 2606 1967 assentiri
2643 1910 2880 1965 nolebat.
2912 1908 3212 1964 Consultus
3240 1905 3473 1960 Basilius
3499 1902 3639 1959 duas

2072 2017 2137 2058 ea
2166 2002 2234 2058 de
2256 2017 2315 2057 re
2345 2002 2610 2072 epistolas
2648 1999 2891 2069 scripsit,
2924 1998 3150 2052 alteram
3191 1995 3259 2049 ad
3291 1993 3640 2065 presbyteros

2075 2095 2399 2159 Tarsenses,
2451 2094 2677 2147 alteram
2721 2091 2791 2145 ad
2847 2090 3025 2161 ipsum
3059 2086 3370 2159 Cyriacum.
3402 2082 3636 2169 Demon-

2073 2195 2215 2245 strat
2253 2187 2449 2259 (epist.
2483 2183 2622 2253 115)
2657 2181 2992 2254 presbyteris
3022 2181 3078 2235 in
3111 2194 3177 2234 eo
3215 2184 3362 2232 statu
3410 2182 3502 2245 res
3537 2173 3639 2229 Ec-

2072 2280 2257 2337 clesiae
2276 2278 2504 2341 versari,
2525 2283 2585 2330 ut
2611 2275 2746 2330 nihil
2774 2271 3056 2343 antiquius
3081 2284 3203 2327 esse
3231 2268 3453 2333 debeat,
3472 2272 3638 2337 quam

2072 2371 2316 2428 membra
2346 2369 2559 2424 divulsa
2590 2367 2946 2437 conjungere.
2981 2361 3100 2418 Fiet
3123 2371 3297 2416 autem
3313 2349 3637 2439 coniunctio,

2073 2463 2272 2534 inquit,
2302 2462 2350 2517 si
2388 2460 2627 2524 velimus,
2655 2456 2844 2528 quibus
2874 2456 2929 2508 in
2946 2453 3103 2509 rebus
3128 2452 3334 2506 animas
3359 2467 3465 2505 non
3487 2449 3640 2503 ιωάὶ-

2071 2570 2222 2615 mus,
2254 2555 2310 2606 in
2339 2551 2418 2607 his
2469 2567 2563 2605 nos
2593 2547 2662 2603 ad
2684 2546 3007 2615 inﬁrmiores
3052 2543 3470 2599 accommodare.
3502 2538 3639 2596 Cum

2072 2644 2235 2713 igitur
2280 2658 2377 2696 ora
2421 2639 2591 2694 multa
2619 2641 2675 2694 in
2710 2638 2969 2707 Spiritum
3013 2643 3256 2691 sanctum
3291 2641 3473 2702 aperta
3508 2635 3637 2695 sint,

2073 2752 2136 2790 ac
2181 2735 2374 2804 lingua:
2411 2733 2479 2786 ad
2512 2728 2792 2802 jaciendas
2835 2731 2893 2785 in
2939 2729 3092 2783 illum
3142 2726 3490 2796 blasphemiae
3529 2725 3638 2778 sint

2073 2834 2330 2893 exacutce,
2362 2840 2609 2896 rogamus
2637 2840 2727 2878 vos
2761 2832 2841 2888 ut,
2870 2830 3127 2894 quantum
3152 2821 3207 2874 in
3244 2818 3388 2874 vobis
3424 2825 3522 2882 est,
3570 2815 3639 2870 ad

2072 2932 2291 2987 parvum
2337 2932 2610 2975 numerum
2651 2915 3074 2985 blasphemantes
3123 2910 3417 2981 redigatis;
3458 2919 3508 2964 et
3549 2907 3640 2979 qui

2074 3009 2332 3075 Spiritum
2378 3016 2621 3062 sanctum
2667 3015 2971 3060 creaturam
3016 3020 3126 3059 esse
3168 3019 3272 3056 non
3317 3001 3517 3063 dicunt,
3549 3014 3639 3053 eos

471 3101 562 3167 IV.
596 3104 823 3179 Dbjecta
872 3107 1171 3169 solvuntur.
1310 3092 1546 3179 Basilius
1587 3092 1967 3179 sempervitie-m

2075 3100 2339 3169 recipiatis
2365 3100 2418 3152 in
2451 3098 2888 3159 communionem,
2918 3105 2977 3150 ut
3016 3094 3306 3166 blasphemi
3335 3092 3640 3161 relinquan-

471 3175 697 3245 sentiens
733 3193 836 3229 non
881 3191 1084 3245 semper
1115 3175 1294 3231 eodem
1321 3176 1475 3232 modo
1511 3179 1563 3231 in
1597 3175 1856 3237 ltwizeticis
1888 3198 1973 3237 re-

471 3244 717 3314 fellendis
747 3244 1008 3301 versatur.

470 3359 517 3416 Ι.
537 3358 696 3416 Nunc
722 3360 871 3416 aliud
899 3360 1341 3431 reprehensionis
1368 3376 1565 3432 genus,
1595 3362 1758 3434 longe
1787 3363 1970 3420 diver-

399 3468 527 3521 sum
579 3453 871 3524 superiori,
906 3452 1340 3524 propulsandum
1392 3468 1424 3507 a
1463 3451 1521 3509 S.
1554 3453 1777 3511 Basilio.
1810 3455 1968 3522 Quod

398 3544 546 3608 enim
597 3543 874 3599 interdum
922 3544 991 3607 de
1040 3553 1231 3603 sancto
1259 3543 1466 3615 Spiritu
1515 3546 1597 3602 sic
1633 3546 1876 3616 disserit,
1908 3557 1969 3607 ut

400 3650 604 3699 nomen
635 3632 732 3690 Dei
763 3649 869 3691 non
904 3635 1132 3698 tribuat,
1166 3634 1221 3689 id
1249 3641 1304 3690 et
1342 3637 1625 3693 nonnullis
1651 3637 1778 3692 olim
1823 3638 1969 3695 indie

399 3728 711 3804 gnationem
741 3730 932 3793 movit,
965 3744 1068 3784 nec
1098 3728 1300 3786 desunt
1338 3730 1501 3785 hodie
1530 3731 1624 3802 qui
1649 3730 1839 3787 Basilii
1864 3733 1968 3788 hac

399 3821 456 3876 in
486 3835 546 3877 re
578 3819 952 3876 fortitudinem
978 3823 1145 3895 animi
1180 3831 1234 3878 et
1256 3825 1626 3880 constantiam
1658 3825 1964 3893 requirant.

397 3910 612 3967 Prodiit
646 3913 835 3983 paucis
863 3915 933 3969 al)
967 3914 1096 3971 hinc
1119 3916 1283 3971 annis
1301 3918 1638 3989 _0pusculum
1662 3918 1965 3989 quoddam,

398 4001 454 4055 in
484 4017 595 4073 quo
629 4000 699 4058 de
723 4002 910 4060 Basilii
946 4004 1092 4060 facto
1129 4007 1443 4063 disseritur.
1487 4009 1750 4065 Basilium
1782 4026 1968 4085 repre-

396 4091 591 4147 hendit
638 4099 834 4148 auctor
874 4095 1165 4165 opusculi,
1215 4111 1325 4157 non
1368 4105 1552 4154 tamen
1610 4099 1731 4155 sine
1783 4100 1969 4158 debita

394 4190 552 4243 tanto
582 4184 792 4240 doctori
838 4188 1186 4255 reverentia,
1228 4188 1378 4260 quod
1417 4190 1585 4251 animi
1631 4190 1965 4247 moderatio-

394 4289 520 4331 nem
565 4281 621 4331 et
666 4277 947 4333 lenitatem
1002 4278 1220 4349 longius
1273 4281 1617 4350 produxerit.
1679 4282 1967 4339 Existimat

394 4367 547 4424 illius
571 4369 864 4425 consilium
897 4386 1006 4425 non
1039 4371 1202 4427 modo
1221 4386 1317 4428 eos
1342 4375 1522 4431 exitus
1552 4391 1659 4429 non
1686 4376 1962 4443 habuisse,

2077 3199 2164 3245 tur
2188 3190 2310 3252 soli,
2349 3204 2411 3242 ac
2439 3188 2518 3243 vel
2542 3186 2742 3258 pudore
2778 3186 2970 3255 suﬁ'usi
2998 3185 3067 3238 ad
3101 3184 3370 3239 veritatem
3400 3178 3636 3242 redeant,

2075 3284 2173 3346 vel,
2206 3284 2253 3337 si
2291 3283 2346 3335 in
2387 3289 2601 3350 peccato
2644 3289 2891 3343 manent,
2948 3277 3265 3333 auctoritate
3315 3279 3530 3328 careant
3575 3269 3638 3324 ob

2074 3377 2416 3448 paucitatem.
2445 3373 2596 3428 Nihil
2637 3374 2799 3444 igitur
2846 3370 3078 3441 amplius
3125 3383 3469 3438 exposcamus
3492 3382 3510 3419 :
3548 3360 3637 3418 sed

2073 3468 2364 3527 uolentibus
2398 3465 2670 3519 nobiscum
2699 3463 2947 3533 conjungi
2982 3459 3242 3531 fratribus
3271 3460 3426 3524 ﬁdem
3460 3454 3640 3511 Nicar-

2074 3576 2197 3614 nam
2224 3572 2617 3627 proponamus:
2656 3572 2739 3618 ac,
2770 3556 2815 3609 si
2844 3554 2893 3610 ei
2935 3551 3316 3617 assentiuntur,
3347 3547 3482 3603 illud
3508 3565 3639 3618 quo-

2072 3668 2171 3722 que
2195 3652 2491 3722 exigamus,
2517 3648 2776 3718 Spiritum
2806 3654 3049 3702 sanctum
3068 3653 3368 3699 creaturam
3392 3640 3514 3694 duci
3537 3655 3641 3693 non

2073 3752 2328 3814 oportere,
2351 3751 2401 3796 et
2429 3758 2516 3796 eos
2561 3740 2650 3811 qui
2678 3737 2891 3800 dicunt,
2928 3736 3087 3804 recipi
3121 3737 3186 3788 ab
3222 3732 3352 3802 ipsis
3395 3731 3450 3783 in
3495 3746 3640 3782 com-

2071 3834 2375 3890 munionem
2429 3850 2535 3889 non
2587 3831 2791 3888 debere.
2847 3828 2999 3884 Nihil
3063 3836 3236 3881 autem
3298 3835 3490 3895 prazter
3529 3822 3641 3876 ha’c

2071 3926 2457 3999 exposcendum
2502 3942 2616 3980 esse
2661 3940 2862 3978 censeo.
2910 3921 3095 3990 ipsum
3128 3926 3308 3971 autem
3349 3914 3637 3986 (Syriacum

2071 4019 2329 4075 hortatur
2365 4017 2562 4090 (epist.
2589 4015 2743 4084 lli),
2779 4020 2839 4067 ut
2875 4011 3038 4066 ﬁdem
3066 4009 3341 4071 Nicamam
3384 4005 3640 4077 proﬁtea-

2071 4117 2182 4175 tur,
2219 4124 2319 4165 nec
2364 4108 2531 4161 ullam
2568 4108 2623 4159 in
2649 4119 2712 4158 ea
2765 4116 2955 4157 vocem
2996 4098 3239 4169 rejiciat,
3284 4112 3347 4152 ac
3379 4104 3641 4170 praterea

2076 4200 2342 4271 Spiritum
2379 4206 2627 4255 sanctum
2662 4203 2971 4249 creaturam
3009 4190 3118 4246 dici
3154 4206 3261 4244 non
3284 4189 3500 4251 debere,
3537 4201 3641 4240 nec

2073 4310 2199 4349 cum
2227 4293 2295 4349 iis
2319 4292 2415 4361 qui
2440 4290 2651 4354 dicunt,
2678 4281 3192 4345 communicandum
3217 4297 3341 4337 esse
3372 4280 3638 4335 declaret.

2073 4384 2193 4439 Non
2240 4381 2502 4452 probabat
2548 4391 2679 4447 ergo
2724 4374 2960 4429 Basilius
3006 4373 3147 4426 hanc
3195 4370 3371 4439 legem
3412 4366 3641 4439 Cyriaco

393 4473 536 4531 quos
581 4459 691 4516 sibi
727 4462 1104 4531 proponebat,
1138 4470 1196 4516 ut
1231 4464 1583 4532 placarentur
1631 4465 1960 4524 Pneumato-
1996 4471 2043 4528 D
2071 4475 2303 4547 imponi,
2338 4483 2398 4529 ut
2438 4470 2535 4525 Dei
2579 4483 2777 4524 nomen
2833 4463 3059 4536 Spiritui
3110 4470 3304 4520 sancto
3352 4461 3637 4524 tribueret,

392 4552 601 4618 machi,
643 4562 698 4608 et
746 4555 1146 4610 reducerentur
1185 4556 1410 4622 inﬁrmi,
1446 4558 1538 4613 sed
1594 4560 1755 4614 etiam
1786 4560 1965 4616 locum

395 4643 619 4701 dedisse
658 4647 896 4702 occultis
942 4647 1240 4713 haereticis,
1290 4650 1469 4720 qualis
1497 4660 1616 4707 erat
1651 4653 1968 4710 Eustathius

394 4736 756 4805 Sebastenus,
790 4755 913 4795 sese
942 4756 1066 4795 cum
1112 4740 1316 4799 Basilio
1354 4743 1758 4814 conjungcudi;
1795 4746 1968 4815 pluri-

390 4828 501 4886 bus
534 4839 717 4886 autem
766 4832 1120 4903 displicuisse
1167 4850 1277 4888 non
1312 4835 1492 4890 solum
1524 4839 1835 4904 monachis,
1869 4840 1965 4895 sed

391 4922 557 4975 etiam
618 4923 893 4994 episcopis
933 4940 997 4980 ac
1052 4927 1157 4995 ipsi
1207 4927 1264 4981 S.
1316 4926 1551 4984 Meletio.
1601 4929 1772 5001 Negat
1821 4933 1964 4988 idem

392 5013 635 5082 scriptor
677 5025 831 5071 certo
878 5024 1135 5071 constare
1185 5033 1255 5073 an
1296 5017 1354 5073 S.
1388 5020 1692 5077 Athanasio
1738 5024 1963 5093 probata

390 5099 559 5163 fuerit
585 5101 775 5158 Basilii
808 5104 1004 5175 agendi
1044 5106 1187 5161 ratio
1214 5126 1227 5162 :
1253 5109 1464 5163 variam
1501 5125 1564 5165 ea
1589 5113 1658 5167 de
1690 5128 1751 5168 re
1776 5124 1964 5170 censet

393 5190 567 5250 fuisse
596 5194 847 5265 Gregorii
874 5195 1208 5260 Nazianzeni
1255 5202 1625 5257 sententiam:
1676 5219 1740 5260 ac
1782 5205 1963 5276 ipsum

391 5284 560 5345 etiam
590 5285 877 5353 Basilium,
909 5305 1036 5345 cum
1081 5290 1296 5347 videret
1333 5308 1394 5347 se
1434 5308 1549 5349 rem
1607 5297 1962 5366 praeclarissi-

389 5391 540 5434 mam
574 5392 687 5432 non
733 5377 947 5444 facere,
994 5381 1052 5437 in
1101 5383 1292 5453 gratim
1336 5385 1461 5439 loco
1505 5384 1610 5441 hoc
1660 5387 1885 5456 petiisse
1930 5405 1962 5443 a

392 5465 600 5538 Spiritu
650 5479 844 5525 sancto
888 5470 1118 5542 ejusque
1166 5474 1480 5531 divinitatis
1531 5474 1957 5543 defensoribus;

387 5566 583 5633 postea
612 5569 793 5616 autem
822 5562 927 5617 hoc
953 5570 1444 5634 temperamentum
1473 5565 1705 5621 missum
1740 5564 1957 5631 fecisse,

388 5666 500 5721 quo
510 5666 789 5724 nunquam
804 5669 938 5710 usus
951 5654 1101 5710 estin
1123 5654 1467 5715 defendendo
1479 5658 1956 5714 consubstantiali.

387 5741 559 5812 Νειῃο
589 5742 704 5809 fere
726 5754 809 5802 est
836 5743 930 5823 qui
959 5751 1040 5802 tot
1071 5745 1357 5803 rationum
1390 5750 1685 5809 momentis
1716 5748 1960 5821 undique

2070 4567 2234 4626 modo
2262 4581 2378 4620 rem
2408 4564 2513 4617 hoc
2542 4561 2762 4619 nomine
2798 4558 3162 4628 signiﬁcatam
3191 4553 3546 4615 conﬁteretur

2142 4655 2297 4724 Quod
2329 4661 2509 4707 autem
2547 4651 2825 4708 observari
2858 4647 3032 4703 voluit
3070 4645 3135 4700 ad
3166 4642 3441 4701 sanandos
3468 4651 3522 4697 et
3551 4657 3641 4697 re~

2069 4745 2350 4802 ducendos
2381 4743 2729 4806 inﬁrmiores,
2763 4741 2816 4795 id
2848 4740 2964 4810 ipse
3007 4735 3337 4799 observavit,
3365 4742 3425 4795 ut
3453 4750 3640 4805 pravo-

2069 4853 2192 4892 rum
2247 4835 2623 4893 haereticorum
2690 4832 2918 4887 insidias
2983 4828 3224 4884 Ecclesia
3286 4826 3639 4885 Cazsariensis

2068 4928 2347 4998 ell‘ugerct.
2387 4923 2495 4979 Res
2530 4940 2557 4977 a
2596 4924 2653 4977 S.
2681 4922 2943 4993 Gregorio
2972 4920 3317 4974 Nazianzeuo
3341 4918 3422 4974 sic
3449 4933 3640 4973 narra-

2069 5026 2178 5081 tur,
2206 5032 2289 5070 or.
2322 5014 2414 5078 20,
2443 5031 2495 5083 p.
2542 5013 2684 5068 564:
2718 5013 3033 5081 Οἰκονομεῖν
3068 5010 3126 5062 δὲ
3172 5010 3297 5073 τοὺς
3348 5007 3536 5075 λόγους
3580 5008 3639 5060 ὲν

2068 5110 2267 5181 κρίσει,
2297 5107 2403 5160 τῶν
2434 5104 2744 5174 ἀναγκαίων
2771 5104 3006 5175 ἐνόμιζε,
3049 5101 3127 5172 τῷ
3160 5100 3287 5171 θείῳ
3314 5098 3477 5153 Δαϐὶδ
3508 5098 3637 5168 περὶ

2065 5200 2256 5254 τούτου
2290 5197 2576 5269 συμϐούλῳ
2596 5195 2892 5267 χρώμενος,
2928 5195 3023 5248 καὶ
3050 5192 3244 5266 μικρὸν
3272 5192 3394 5245 ὅσον
3424 5189 3513 5244 τὸν
3540 5187 3635 5244 τοῦ

2066 5290 2302 5361 πολέμου
2346 5288 2536 5360 καιρὸν
2577 5287 2870 5358 διαφέρειν,
2919 5287 3010 5344 καὶ
3055 5286 3152 5356 τὴν
3194 5283 3300 5338 τῶν
3344 5281 3638 5353 αἱρετν-κῶν

2063 5381 2398 5446 δυναστείαν,
2432 5380 2536 5443 ἕως
2585 5381 2613 5432 ὁ
2661 5381 2760 5450 τῆς
2787 5376 3095 5450 ἐλευθερίας
3137 5374 3384 5430 ἐπιλάϐοι
3424 5373 3633 5445 καιρὸς,

2062 5475 2156 5528 καὶ
2196 5473 2270 5544 δῷ
2308 5475 2374 5543 τῇ
2419 5471 2636 5542 γλώσσῃ
2678 5470 2773 5542 τὴν
2815 5468 3145 5541 παρῤησίαν.
3184 5468 3246 5520 Oi
3283 5466 3381 5537 μὲν
3411 5464 3636 5536 ἐζήτουν

2064 5565 2321 5620 λαϐέσθαι
2347 5564 2557 5633 γυμνῆς
2588 5562 2686 5634 τῆς
2713 5561 2842 5631 περὶ
2869 5559 2963 5613 τοῦ
2990 5558 3304 5628 Πνεύματος
3320 5555 3532 5626 φωνῆς,
3558 5552 3637 5617 ὡς

2064 5658 2150 5728 εἴη
2181 5656 2310 5719 Θεὸς
2334 5656 2489 5726 (ὅπερ
2517 5653 2577 5706 ὃν
2605 5652 2821 5723 ἀληθὲς,
2844 5648 3041 5713 ἀσεϐὲς
3069 5647 3297 5710 ἐκείνοις
3320 5641 3637 5713 ὑπελαμϐά-

2062 5765 2203 5816 νετο,
2229 5749 2321 5802 καὶ
2355 5747 2434 5819 τῷ
2471 5747 2626 5820 κακῷ
2654 5743 2933 5822 προστάτῃ
2972 5742 3069 5817 τῆς
3111 5740 3405 5815 ἀσεϐείας),
3431 5739 3517 5799 ἵνα
3541 5734 3635 5804 τὸν
