3972 6218
354 364 427 421 25
1809 350 1911 408 PR.

2018 349 2195 405 ATIO.
3239 365 3247 374 ·
3549 345 3620 400 26

356 484 457 554 μὲν
483 481 580 554 τῆς
613 482 822 546 πόλεως
870 480 1011 553 μετά
1049 481 1143 552 τῆς
1185 479 1434 548 θεολόγου
1462 475 1713 548 γλώσσης
1753 477 1911 544 ὕπερ-

2039 470 2206 525 verbis
2237 471 2410 539 potius
2442 485 2601 540 quam
2648 468 2700 521 in
2750 466 2901 520 rebus
2940 466 3221 520 consistere
3248 483 3265 520 :
3289 467 3472 538 quippe
3499 483 3620 522 cum

349 575 626 644 ορίσωσιν,
658 575 813 628 αὐτοὶ
836 573 892 626 δὲ
919 571 1279 642 κατασχόντες
1322 573 1421 641 τὴν
1459 569 1808 638 Ἐκκλησίαν,
1840 568 1934 620 καὶ

348 667 449 736 τῆς
476 665 686 719 ἑαυτῶν
732 664 930 729 κακίας
963 665 1296 736 ὁρμητήριον
1335 663 1714 734 ποιησάμενοι,
1752 659 1933 712 ἐντεῦ-

349 757 443 810 θεν
486 758 549 810 τὸ
601 757 922 828 λειπόμενον
971 757 1135 820 ἅπαν,
1167 757 1243 820 ὡς
1289 757 1352 810 ἐκ
1395 773 1537 819 τινος
1582 752 1930 824 ἀκροπόλεως

347 848 793 920 καταδράμωσιν.
842 849 900 902 Ὀ
937 849 994 902 δὲ
1028 850 1084 901 ὲν
1126 849 1312 911 ἄλλαις
1349 849 1446 919 μὲν
1483 849 1689 917 φωναῖς
1726 863 1928 917 γραφι-

345 941 473 1002 καῖς
501 940 596 992 καὶ
627 940 954 1012 μαρτυρίαις
997 939 1420 1010 ἀναμφιλέκτοις
1464 938 1660 992 ταυτὸν
1701 936 1928 1007 δυναμέο

345 1047 490 1093 ναις,
543 1031 635 1084 καὶ
693 1034 812 1094 ταῖς
855 1033 964 1084 τῶν
1017 1031 1388 1102 συλλογισμῶν
1437 1031 1704 1098 ἀνάγκαις
1755 1027 1928 1090 οὕτως

342 1119 484 1193 ἦγχε
513 1123 640 1185 τοὺς
672 1123 1072 1192 ἀντιλέγοντας,
1105 1123 1244 1175 ὥστε
1278 1125 1352 1194 μὴ
1403 1122 1730 1176 ἀντιϐαίνειν
1761 1120 1926 1190 ἔχειν,

494 1215 724 1278 οἰκείαις
762 1215 1063 1269 συνδεῖσθαι
1112 1219 1335 1284 φωναῖς,
1370 1216 1515 1285 ἥπερ
1547 1214 1609 1286 δὴ
1640 1215 1734 1267 καὶ
1769 1215 1926 1285 μεγί-

343 1321 444 1376 στη
486 1305 646 1374 λόγου
683 1307 909 1378 δύναμις
949 1309 1041 1361 καὶ
1095 1307 1346 1372 σύνεσιςο
1390 1307 1617 1376 δηλώσει
1665 1306 1723 1360 δὲ
1764 1307 1856 1359 καὶ
1897 1308 1926 1360 ὁ

338 1397 498 1465 λόγος
533 1399 590 1451 ὃν
620 1400 748 1469 περὶ
776 1400 966 1452 τούτου
1014 1399 1315 1472 συνέγραψε
1347 1399 1510 1452 κινῶν
1535 1400 1634 1472 τὴν
1661 1399 1920 1469 γραφίδα,

337 1489 416 1552 ὡς
447 1493 511 1543 ἐκ
538 1491 754 1554 maiae;
780 1491 872 1544 τοῦ
912 1491 1246 1562 Πνεύματος.
1290 1491 1401 1561 Τὴν
1427 1491 1484 1544 δὲ
1522 1491 1715 1564 κυρίαν
1741 1491 1922 1562 φωνὴν

333 1580 476 1644 τέως
503 1580 875 1652 ὑπερετίθετο,
901 1583 1053 1654 παρά
1080 1599 1139 1634 τε
1163 1582 1256 1634 τοῦ
1286 1582 1599 1652 Πνεύματος
1618 1582 1803 1646 αὐτοῦ,
1830 1582 1923 1634 καὶ

331 1671 443 1723 τῶν
483 1673 725 1741 γνησίων
763 1673 952 1726 τούτου
998 1673 1412 1742 συναγωνιστῶν
1443 1674 1602 1743 χάριν
1636 1673 1823 1737 αἰτῶν,
1851 1675 1917 1744 τῇ

331 1763 616 1832 οἰκονομία
648 1763 721 1833 μὴ
754 1763 1144 1834 δυσχεραίνειν,
1178 1764 1311 1834 μηδὲ
1360 1766 1488 1833 μιᾶς
1529 1763 1920 1834 ἀντεχομένους

2039 579 2102 616 ne
2127 561 2307 615 Iudici
2331 561 2539 632 quidem
2584 559 2855 628 rejiciendi
2887 558 3012 621 sint,
3053 559 3100 610 si
3140 557 3208 610 ad
3247 559 3458 627 aliquod
3490 573 3619 612 tem-

2035 668 2134 720 pus
2158 669 2252 720 pro
2277 652 2487 708 Christo
2515 667 2687 705 vocem
2724 647 2877 702 Uncti
2901 647 3001 701 sibi
3029 648 3239 701 concedi
3264 648 3612 716 postulantes,

2036 744 2091 797 in
2125 756 2364 798 nostrum
2406 759 2680 797 numerum
2720 752 2874 811 atque
2898 741 3134 794 ordinem
3172 741 3365 794 ascribi
3394 743 3611 810 velint):

2035 844 2089 887 at
2128 836 2430 904 reipublica:
2465 852 2567 889 non
2611 848 2763 902 posse
2801 831 3057 900 majorem
3104 832 3387 900 perniciem
3428 849 3489 886 ac
3525 847 3602 900 pe-

2033 935 2162 980 stem
2198 929 2401 996 a/ierri,
2432 943 2590 998 quam
2631 926 2676 980 si
2713 923 2953 979 Ecclesia
2996 923 3062 977 ab
3101 924 3356 978 haereticis
3391 939 3614 991 occupa--

2033 1030 2195 1071 retur.
2233 1019 2291 1074 In
2342 1019 2444 1073 hac
2493 1018 2678 1073 Basilii
2725 1017 2920 1088 agendi
2964 1017 3198 1080 ratione,
3239 1016 3353 1071 sive
3381 1015 3613 1071 inﬁrmis

2032 1111 2307 1173 consulat,
2341 1111 2456 1166 sive
2485 1110 2866 1165 haereticorum
2919 1108 3088 1162 furori
3128 1107 3423 1164 Ecclesium
3455 1124 3610 1164 suam

2032 1199 2275 1267 objicere
2319 1209 2532 1265 caveat,
2575 1199 2722 1254 haud
2766 1197 3015 1269 equidem
3056 1196 3216 1252 video
3255 1197 3385 1266 quid
3425 1210 3612 1266 repre-

2032 1287 2194 1343 hendi
2227 1292 2418 1360 possit.
3388 1284 3397 1292 ’

2102 1379 2188 1435 Ill.
2226 1381 2381 1448 Quod
2434 1389 2646 1452 spectat
2697 1381 2766 1436 ad
2814 1381 3091 1435 lenitatem
3130 1379 3186 1434 in
3232 1377 3478 1432 inﬁrmos
3511 1375 3608 1431 ad-

2031 1468 2256 1526 hibitam
2294 1491 2307 1527 :
2341 1474 2396 1527 1ο
2430 1474 2566 1527 nihil
2600 1473 2691 1527 illa
2723 1472 2994 1526 catholico
3033 1470 3296 1540 dogmati,
3321 1468 3454 1524 nihil
3488 1467 3606 1521 usi-

2029 1569 2142 1616 tato
2196 1563 2264 1616 ad
2331 1563 2748 1633 exprimendum
2803 1560 2999 1631 dogma
3059 1559 3298 1615 sermoni
3352 1558 3602 1612 nocebat.

2028 1652 2226 1706 Tutum
2259 1660 2377 1706 erat.
2415 1653 2611 1723 dogma
2645 1667 2770 1706 cum
2813 1649 3044 1704 Nicaeum
3084 1649 3204 1704 ﬁdei
3242 1647 3603 1719 professione,

2029 1751 2141 1796 tum
2171 1743 2238 1796 iis
2271 1757 2394 1812 qua:
2424 1743 2552 1797 huic
2594 1741 2842 1798 formula:
2884 1740 3120 1795 Basilius
3165 1739 3467 1809 adjicienda
3501 1739 3605 1792 du-

332 1855 538 1924 ιξωνῆς,
591 1855 654 1908 τὸ
699 1857 807 1907 πᾶν
857 1856 1118 1908 ἀπολέσαι
1164 1855 1229 1908 δι’
1273 1855 1597 1925 ἀπληστίαν,
1626 1855 1702 1926 τῷ
1739 1857 1911 1928 καιρῷ

2021 1835 2196 1890 cebat.
2225 1834 2535 1900 Quinetiam
2569 1842 2683 1889 tota
2712 1834 2803 1888 illa
2831 1832 3261 1889 accommodatio
3287 1846 3354 1886 eo
3391 1839 3605 1900 specta~

331 1947 747 2018 παρασυρείσης
790 1947 888 2017 τῆς
939 1947 1238 2010 εὐσεϐείας.
1280 1947 1472 2010 Αὑτοῖς
1507 1947 1736 2018 μὲνγὰρ
1769 1948 1916 2001 οὐδε-

332 2040 461 2107 μίαν
492 2035 634 2092 εἷναι
681 2040 883 2110 ζημίαν
919 2039 1404 2107 ὑπαλλαττομένων
1455 2040 1647 2110 μικρὸν
1686 2039 1794 2092 τῶν
1826 2038 1915 2091 λέ-

330 2127 486 2192 ξεων,
519 2129 613 2181 καὶ
640 2133 844 2198 φωναῖς
881 2128 1068 2192 ἄλλαις
1093 2129 1152 2182 τὸ
1184 2128 1296 2180 ἴσον
1323 2129 1762 2200 διδασκομένοιςο
1797 2131 1916 2184 οὐδὲ

327 2219 435 2290 γὰρ
465 2221 524 2272 ὲν
558 2221 798 2290 ρημασιν
845 2221 978 2290 ἡμῖν
1021 2215 1156 2272 εἶναι
1202 2220 1303 2290 τὴν
1343 2220 1613 2291 σωτηρίαν
1653 2220 1913 2290 μᾶλλονῆ

328 2313 660 2382 πράγμασι·
696 2312 830 2382 μηδὲ
867 2312 978 2382 γὰρ
1012 2312 1072 2365 τὸ
1110 2313 1384 2366 Ἰουδαίων
1435 2313 1584 2376 ἔθνος
1622 2312 1915 2366 ἀποϐαλεῖν

328 2405 415 2464 ἂν,
451 2405 498 2455 εί
526 2403 626 2473 τὴν
655 2402 991 2473 ἠλειμμένου
1023 2403 1204 2473 φωνὴν
1229 2402 1350 2454 ἀντὶ
1377 2404 1473 2473 τῆς
1512 2401 1748 2473 Χριστοῦ
1779 2403 1915 2474 πρὸς

324 2495 504 2562 ὀλίγον
550 2495 955 2564 ἐπιζητοῦντες,
986 2494 1170 2563 ἠξίουν
1217 2495 1334 2564 μεθ’
1381 2494 1536 2564 ἡμῶν
1585 2494 1910 2548 τάττεσθαιο

322 2587 399 2656 τῷ
424 2587 480 2639 δὲ
511 2587 674 2657 κοινῷ
713 2586 976 2657 μεγίστην
1019 2586 1084 2638 ἂν
1115 2585 1318 2655 βλάϐην
1355 2584 1627 2652 γενέσθαιν
1656 2585 1755 2655 τῆς
1795 2586 1916 2642 Ἑκ’

321 2677 553 2749 κλησίας
629 2676 1082 2748 κατασχεθείσης·
1149 2676 1408 2732 thcrum
1469 2695 1732 2732 sermones
1794 2694 1912 2732 cum

313 2771 523 2842 judicio
569 2773 866 2839 disponere,
900 2773 962 2824 de
993 2770 1210 2826 Davidis
1236 2771 1454 2824 consilio
1497 2780 1548 2824 et
1589 2773 1845 2825 sententia
1869 2773 1911 2838 ⁸,

321 2866 680 2918 necessarium
709 2881 824 2918 esse
836 2863 1141 2932 judicabat,
1175 2881 1237 2917 ac
1262 2864 1382 2921 belli
1418 2874 1639 2933 tempus,
1666 2876 1714 2918 et
1745 2865 1912 2921 hazre-

323 2955 550 3007 ticorum
598 2955 958 3022 principatum
1012 2954 1393 3024 aliquantisper
1441 2956 1688 3018 tolerare,
1737 2958 1912 3024 quoad

321 3045 583 3098 libertatis
640 3057 841 3114 tempus
887 3047 1220 3100 successisset
1273 3047 1564 3117 linguteque
1615 3048 1910 3104 libertatem

321 3154 385 3194 ac
418 3139 690 3190 licentiam
731 3139 1017 3192 attulisset.
1053 3136 1150 3191 Illi
1182 3140 1320 3192 enim
1356 3140 1552 3193 nudam
1592 3154 1638 3194 et
1671 3151 1908 3210 apertam

321 3245 493 3283 uocem
529 3230 594 3283 de
628 3229 831 3296 Spiritu
863 3240 1068 3296 sancto,
1106 3231 1244 3301 quod
1286 3232 1426 3286 Deus
1476 3243 1631 3296 esset,
1677 3238 1909 3302 arripere

319 3324 603 3376 studebant
652 3325 812 3393 (quod
863 3323 1069 3393 quidem
1126 3327 1336 3378 tametsi
1386 3343 1563 3380 rerum
1605 3337 1760 3390 erat,
1806 3330 1910 3380 im-

315 3416 460 3481 pium
491 3427 665 3469 tamen
705 3417 815 3468 illis
863 3428 1015 3480 atque
1058 3417 1294 3485 improbo
1339 3418 1623 3486 impietatis
1676 3420 1907 3472 antistiti

317 3509 638 3576 ridebatur),
687 3521 743 3562 ut
793 3528 911 3563 eum
963 3510 1170 3580 quidem
1229 3527 1348 3565 cum
1391 3513 1680 3581 theologica
1727 3512 1907 3583 lingua

318 3603 527 3655 civitate
560 3603 832 3666 pellerent,
868 3603 967 3668 ipsi
998 3612 1171 3654 autem
1226 3603 1514 3656 Ecclesiam
1563 3618 1902 3670 occuparent,

315 3713 533 3764 eamque
575 3696 787 3748 sceleris
831 3699 914 3750 sui
952 3697 1399 3767 propugnaculum
1437 3699 1711 3765 efﬁcerent,
1752 3707 1908 3766 atque

320 3789 437 3840 hinc
489 3788 697 3848 deinde.
732 3791 866 3842 velut
905 3806 969 3842 ea:
1015 3808 1134 3844 arce
1185 3790 1438 3860 quadam,
1474 3790 1527 3842 id
1567 3807 1737 3853 omne,
1767 3792 1905 3860 quod

317 3883 574 3948 reliquum
599 3891 736 3943 erat,
767 3881 1167 3948 popularentur.
1199 3885 1265 3934 At
1303 3883 1391 3934 ille
1434 3883 1487 3934 in
1532 3882 1658 3935 aliis
1697 3884 1905 3951 quidem

314 3971 524 4023 rocibus
578 3988 604 4024 e
654 3971 937 4038 Scriptura
983 3971 1178 4039 petitis,
1227 3971 1642 4038 testimoniisqne
1690 3971 1906 4023 minime

314 4064 485 4119 dubiis
521 4064 758 4118 eamdem
791 4065 894 4116 vim
928 4063 1256 4126 habentibus,
1299 4063 1712 4131 necessariisque
1742 4078 1902 4132 argu-

315 4159 524 4220 mentis,
559 4158 896 4209 aat'ersarios
927 4157 1001 4207 ita
1036 4156 1434 4222 comprimebat,
1474 4163 1529 4206 ut
1574 4155 1718 4208 nullo
1750 4154 1904 4210 modo

317 4266 606 4318 repuynare
633 4265 694 4301 ac
722 4260 908 4301 contra
943 4249 1037 4300 niti
1066 4257 1273 4316 possent
1316 4265 1331 4302 :
1370 4247 1479 4308 sed,
1523 4263 1640 4317 qua:
1668 4249 1906 4302 maxima

313 4342 571 4393 sermonis
626 4341 791 4392 virtus
838 4349 888 4392 et
937 4339 1215 4406 prudentia
1262 4346 1361 4405 est,
1419 4339 1647 4407 propriis
1693 4338 1903 4393 vocibus

313 4435 818 4500 constringerentur,
867 4431 1306 4500 quemadmodum
1351 4433 1392 4482 is
1435 4432 1586 4492 liber,
1613 4447 1763 4501 quem
1808 4431 1904 4483 hoc

313 4534 622 4593 argumento
661 4523 851 4583 edidit,
898 4525 1168 4589 perspicue
1210 4524 1464 4585 ostendet,
1505 4525 1556 4576 in
1606 4540 1705 4592 quo
1747 4523 1898 4576 cala-
1932 4511 1976 4564 Ῑ)

315 4633 456 4668 mum
507 4615 661 4682 quasi
714 4629 779 4668 ea:
830 4615 1062 4682 Spiritus
1114 4614 1308 4683 pyxide
1356 4625 1541 4668 movet.
1592 4612 1694 4667 Sed
1730 4623 1904 4666 tamen

311 4709 582 4777 propriam
616 4722 784 4759 vocem
826 4707 1035 4758 interim
1069 4722 1325 4772 usurpare
1354 4705 1652 4774 di/ferebat,
1682 4714 1793 4757 tum
1834 4703 1900 4757 ab

313 4801 528 4866 ipsome:
560 4796 782 4866 Spiritu,
823 4807 934 4849 tum
963 4815 994 4849 a
1038 4797 1255 4850 sinceris
1293 4798 1454 4863 ipsius
1494 4796 1903 4866 propugnatori-

314 4889 405 4940 bus
450 4889 501 4939 in
547 4887 735 4955 gratia:
773 4887 887 4940 loco
919 4886 1011 4938 hoc
1049 4897 1246 4954 petens,
1289 4903 1349 4940 ne
1395 4886 1490 4939 hoc
1533 4903 1629 4939 suo
1679 4886 1902 4940 consilio

317 4978 738 5047 o/fenderentur;
770 4995 861 5031 nec
895 4980 1298 5038 committerent,
1326 4993 1381 5030 ut
1403 4979 1526 5032 dum
1557 4996 1718 5031 unam
1745 4996 1901 5033 vocu-

318 5069 422 5122 lam
453 5069 719 5121 mordicus
771 5069 994 5121 retinere
1041 5078 1376 5129 conarentur,
1415 5079 1631 5137 propter
1671 5070 1893 5138 inexple-

317 5159 467 5213 bilem
497 5160 841 5227 cupiditatem
876 5161 1054 5213 omnia
1089 5163 1394 5229 perderent,
1449 5163 1700 5214 convulsa
1743 5163 1900 5214 nimi-

315 5269 433 5304 rum
465 5254 762 5307 turbulento
797 5262 1029 5321 tempore
1071 5270 1133 5306 ac
1172 5253 1434 5308 distracta
1480 5255 1694 5323 pietate.
1744 5253 1897 5323 Ipsos

312 5344 450 5395 enim
471 5344 602 5397 nihil
630 5359 697 5398 ex
723 5360 783 5397 eo
804 5344 1122 5399 incommodi
1152 5361 1214 5399 ac
1245 5345 1546 5400 detrimenti
1570 5357 1894 5415 accepturos,

310 5436 360 5488 si
389 5435 640 5488 vocabula
669 5437 889 5505 paulum
921 5438 1350 5501 immutarentur,
1383 5437 1540 5494 modo
1578 5439 1704 5493 aliis
1731 5441 1896 5494 verbis

309 5528 489 5582 eadem
535 5529 848 5583 docerentur
889 5530 1075 5602 (neque
1118 5535 1257 5585 enim
1301 5533 1528 5586 salutem
1559 5539 1813 5588 'nostram
1843 5535 1897 5588 in

951 5669 972 5697 "
1005 5666 1161 5722 Rom.
1199 5685 1316 5736 vui,
1354 5669 1444 5725 28.

384 5798 457 5870 (5),
478 5796 640 5871 Nyss.
664 5815 702 5864 ι,
729 5799 956 5858 Eunom.
986 5803 1479 5876 514.Tbeodoret,,
1499 5804 1593 5863 lib.
1627 5821 1700 5875 ιν,
1723 5818 1772 5861 c.
1807 5804 1889 5866 18.

385 5666 405 5695 ‘
455 5663 605 5719 Psal.
657 5680 746 5720 ut
773 5707 786 5730 ,
823 5667 874 5721 5.

2019 1924 2135 1988 bat,
2183 1936 2243 1979 ut
2274 1927 2666 1996 quamplurimi
2725 1925 2795 1980 ad
2850 1925 3214 1980 conﬁtendam
3261 1922 3314 1976 in
3361 1921 3603 1976 Ecclesia

2017 2015 2363 2069 divinitatem
2408 2017 2585 2071 sancti
2621 2013 2858 2085 Spiritus
2894 2016 3246 2070 allicerentur
3279 2031 3292 2065 :
3333 2026 3430 2065 nec
3469 2026 3604 2066 sane

2017 2113 2446 2160 consentaneum
2483 2115 2602 2161 erat
2632 2106 2742 2177 (ep.
2777 2106 2924 2175 H3),
2959 2113 3020 2158 ut
3068 2119 3195 2159 cum
3249 2103 3486 2157 haeretici
3529 2101 3602 2154 li-

2015 2199 2206 2254 benter
2236 2199 2288 2251 in
2330 2214 2429 2253 sua
2461 2200 2847 2254 communione
2877 2197 3175 2252 retinerent
3194 2211 3290 2251 eos
3314 2196 3477 2251 ctiam
3505 2192 3600 2264 qui

2015 2293 2268 2346 haeretica
2316 2307 2423 2346 non
2459 2292 2788 2356 sentiebant,
2821 2290 3091 2346 Catholici
3128 2304 3160 2342 a
3209 2304 3308 2344 sua
3354 2302 3603 2342 remove-

2015 2393 2138 2438 rent
2177 2399 2272 2439 eos
2296 2384 2389 2454 qui
2424 2383 2694 2438 catholico
2733 2383 3065 2439 sentiebant.
3118 2379 3306 2450 Neque
3338 2380 3503 2434 etiam
3532 2377 3604 2436 de

2013 2475 2272 2530 catholici
2317 2477 2589 2531 sermonis
2637 2476 2967 2530 auctoritate
3008 2473 3306 2544 quidquam
3347 2470 3601 2526 detrahe-

2014 2568 2194 2623 batur.
2220 2567 2336 2623 Etsi
2357 2568 2503 2622 enim
2558 2569 2795 2624 inlirmis
2824 2566 3228 2621 concedebatur
3248 2571 3307 2618 ut
3335 2563 3600 2634 Spiritum

2017 2667 2270 2716 sanctum
2309 2674 2419 2714 non
2451 2659 2789 2729 appellarent
2835 2657 3043 2722 Deum,
3092 2672 3201 2712 non
3250 2663 3428 2710 tamen
3465 2670 3600 2709 con-

2015 2752 2314 2807 cedebatur
2343 2761 2400 2806 ut
2462 2753 2604 2807 hanc
2631 2767 2820 2807 vocem
2863 2752 3221 2822 damnarent,
3258 2764 3359 2804 nec
3391 2747 3597 2802 idcirco

2017 2845 2162 2898 illam
2187 2847 2276 2899 alii
2317 2846 2588 2900 Catholici
2621 2861 2891 2915 usurpare
2935 2852 2987 2899 et
3033 2843 3331 2914 praedicare
3376 2841 3597 2896 desine-

2013 2933 2163 2988 bant.
2199 2935 2380 3000 Quare
2416 2950 2540 3002 spes
2573 2941 2690 2989 erat
2741 2934 3012 2997 inﬁrmos,
3071 2933 3200 2987 dum
3252 2930 3495 3001 quotidie
3541 2930 3598 2985 in

2014 3024 2262 3080 Ecclesia
2291 3025 2552 3096 Spiritum
2583 3033 2832 3079 sanctum
2863 3023 3027 3077 Deum
3053 3021 3316 3092 appellari
3344 3019 3593 3080 audiunt.

2017 3128 2178 3188 atque
2230 3118 2356 3172 huic
2406 3117 2526 3172 voci
2562 3133 2724 3172 aures
2768 3114 3165 3177 assuefaciunt,
3195 3114 3343 3168 brevi
3379 3113 3596 3166 inanem

2014 3211 2165 3265 illum
2208 3210 2527 3279 scrupulum
2571 3209 2941 3279 deposituros.
2978 3208 3154 3276 Atque
3203 3208 3318 3260 hmo
3361 3204 3598 3259 maxime

2011 3317 2135 3371 spes
2163 3299 2421 3356 Basilium
2447 3300 2679 3357 fovebat.
2705 3299 2983 3352 Eninwera
3007 3313 3315 3367 persuasum
3341 3295 3468 3348 mihi
3494 3301 3592 3359 est,

2010 3393 2183 3462 inquit
2225 3393 2332 3462 (ep.
2376 3393 2518 3460 “5),
2549 3391 2882 3444 diuturniore
2925 3391 3060 3444 inter
3091 3406 3184 3443 nos
3219 3384 3595 3441 consuetudine

2009 3500 2072 3537 ac
2110 3494 2292 3536 mutua
2335 3484 2470 3536 citra
2513 3485 2893 3536 contentionem
2950 3480 3342 3542 exercitatione,
3377 3478 3424 3532 si
3466 3476 3593 3547 quid

2009 3576 2168 3628 etiam
2217 3574 2448 3642 amplius
2494 3574 2855 3644 adjiciendum
2911 3573 2979 3626 sit
3027 3569 3348 3640 explanandi
3394 3585 3594 3633 causa,

2007 3666 2258 3718 daturum
2299 3665 2353 3718 id
2379 3665 2682 3726 Dominum,
2714 3665 2806 3734 qui
2836 3665 3007 3733 ipsum
3040 3660 3382 3732 diligentibus
3414 3659 3596 3713 omnia

2008 3766 2318 3824 cooperatur
2348 3758 2399 3809 in
2433 3756 2626 3810 bonum
2653 3757 2696 3810 ⁷.

2074 3845 2133 3899 ειο
2165 3845 2282 3900 Non
2323 3846 2765 3900 animadvertunt
2795 3844 2853 3908 ii,
2889 3842 3089 3912 quibus
3126 3841 3241 3895 hinc
3269 3839 3468 3910 agendi
3503 3851 3594 3891 ra-

2005 3937 2083 3988 tio
2127 3949 2234 3988 non
2282 3935 2480 4004 placet,
2532 3948 2792 4003 magnotu
2838 3947 2963 3986 esse
3008 3931 3305 3986 discrimen
3352 3929 3492 3981 inter
3529 3942 3594 3980 ea

2005 4043 2128 4098 qua:
2177 4025 2450 4082 hiereticis
2497 4025 2692 4096 ignave
2721 4032 2775 4079 et
2809 4023 3063 4093 turpiter,
3095 4029 3151 4077 et
3183 4036 3245 4076 ea
3279 4035 3401 4090 qua:
3432 4017 3589 4073 inﬁr-

2006 4118 2111 4172 mis
2158 4118 2393 4188 benigna
2432 4117 2668 4186 quadam
2720 4114 3230 4170 accommodatione
3276 4110 3593 4166 concedun-

2003 4211 2095 4257 tur
2131 4203 2228 4272 (ὅ).
2262 4203 2375 4257 [loc
2406 4211 2616 4258 tantum
2646 4205 2862 4274 petebat
2889 4219 2918 4256 a
2949 4202 3152 4257 Basilio
3183 4200 3461 4256 Modestus
3489 4199 3593 4253 im-

2006 4295 2273 4365 peratoris
2301 4296 2542 4358 nomine,
2577 4305 2635 4348 ut
2660 4311 2825 4348 unam
2867 4311 3080 4358 vocem,
3113 4309 3310 4364 nempe
3349 4291 3595 4347 consub-

2006 4387 2279 4450 stantiale,
2307 4404 2336 4441 e
2366 4387 2487 4442 ﬁdei
2523 4388 2770 4459 symbolo
2823 4387 2938 4439 tolli
2995 4394 3292 4456 pateretur.
3334 4386 3402 4437 At
3435 4383 3593 4438 Basi-

2007 4480 2112 4531 lius
2178 4494 2244 4532 ne
2303 4493 2465 4532 unam
2526 4478 2745 4548 quidem
2809 4478 3075 4549 syllabam
3135 4492 3416 4532 sacrorum
3476 4477 3592 4529 do-

2005 4581 2244 4632 gmatum
2294 4569 2473 4638 prodi,
2528 4570 2668 4623 nihil
2723 4586 2952 4638 prorsus
3003 4568 3129 4623 addi
3184 4578 3280 4624 aut
3318 4568 3483 4633 demi,
3525 4581 3590 4621 ac

2005 4676 2073 4714 ne
2126 4662 2301 4730 ipsum
2361 4661 2581 4730 quidem
2639 4661 2889 4715 formulre
2931 4659 3176 4715 ordinem
3229 4659 3426 4714 mutari
3479 4658 3590 4712 de-

2003 4751 2132 4806 bere
2165 4752 2467 4821 respondit.
2499 4751 2643 4807 ldem
2678 4760 2860 4808 tamen
2907 4753 2975 4807 iis
3007 4752 3122 4822 qui,
3164 4767 3286 4806 cum
3320 4749 3587 4805 catholice

2004 4846 2289 4909 sentirent,
2322 4847 2564 4899 nondum
2607 4844 2886 4899 Nicaznam
2926 4844 3215 4899 formulam
3244 4849 3582 4910 receperant,

2001 4940 2248 5008 benignae
2306 4938 2678 4992 excusationis
2723 4937 2938 4992 veniam
2983 4952 3090 4990 non
3120 4934 3440 5002 denegabat,
3478 4933 3588 4988 sal-

2002 5037 2108 5082 tem
2159 5029 2213 5081 in
2261 5028 2611 5098 episcopatus
2664 5024 3008 5096 primordiis,
3040 5033 3099 5077 ut
3150 5022 3480 5092 perspicitur
3517 5038 3585 5078 ex

2000 5119 2160 5187 epist.
2207 5117 2296 5173 5‘2.
2344 5116 2505 5171 Aliud
2552 5125 2638 5172 est
2687 5115 2834 5170 enim
2873 5112 3108 5168 inﬁrmis
3139 5126 3302 5165 unam
3347 5111 3584 5182 aliquam

1998 5224 2186 5265 vocem
2233 5209 2545 5274 remittere,
2599 5206 2751 5264 aliud
2795 5205 3175 5260 haereticorum
3229 5203 3438 5258 artibus
3489 5207 3583 5256 aut

2001 5302 2166 5357 minis
2215 5301 2554 5368 concedere;
2604 5305 2665 5353 ut
2697 5313 2762 5353 ea
2798 5311 2904 5350 vox
2942 5311 2973 5352 e
3021 5295 3275 5350 catholici
3314 5293 3580 5349 sermonis

1999 5410 2104 5449 usu
2136 5391 2476 5448 amandctur.
2519 5389 2578 5444 Si
2607 5403 2932 5444 concessum
2975 5386 3172 5446 luisset
3204 5385 3475 5442 haereticis
3519 5391 3580 5440 ut

2001 5484 2466 5545 consubstantiale
2495 5483 2788 5553 deleretur,
2839 5479 3184 5554 triumphum
3227 5479 3306 5537 illi
3338 5478 3579 5551 egissent
