3972 6218
351 342 427 400 27
717 344 729 357 '
1766 343 2167 415 PRAa-FATIO.
3525 365 3599 424 es

349 473 421 516 ex
456 457 720 528 Ecetesia,
747 476 867 531 quae
900 475 1008 518 non
1051 477 1145 519 eos
1173 465 1466 536 recepisse,
1511 467 1604 524 sed
1638 469 1706 524 ab
1737 471 1819 527 eis
1842 487 1932 537 re:
1960 474 2008 534 Α
2036 488 2179 545 ergo,
2213 492 2308 531 nos
2338 477 2393 533 in
2425 479 2620 535 crimen
2654 482 2840 536 vocetis
2879 481 2993 553 (nec
3040 484 3177 536 enim
3209 481 3403 537 invidia
3439 492 3489 537 et
3518 499 3602 538 re-

351 560 509 622 cepta
546 553 857 622 videretur;
905 557 1049 625 quod
1096 557 1316 626 quidem
1358 575 1634 628 nunquam
1676 564 1927 618 commit-

353 645 576 701 tondum
612 661 733 702 esse
771 647 967 702 merito
1009 649 1167 704 docet
1208 650 1444 709 Basilius
1487 653 1541 707 in
1590 654 1749 714 epist.
1794 656 1922 710 266.

354 734 423 790 At
469 736 659 792 iisdem
699 739 1058 796 redeuntibus
1107 743 1227 798 sine
1280 744 1765 803 consubstantialis
1798 762 1926 817 pro-

354 825 612 890 fessione,
644 843 752 882 non
786 838 967 886 tamen
996 832 1115 887 sine
1142 832 1484 903 professione
1508 836 1632 891 ﬁdei
1664 837 1766 892 hac
1792 853 1926 893 voce

354 928 654 988 contentae;
684 937 971 977 numerum
1009 924 1244 979 ﬁliorum
1298 942 1522 981 suorum
1557 928 1787 999 augebat
1819 928 1925 983 Ec-

353 1010 540 1076 clesia,
578 1012 841 1067 incolumi
880 1029 1106 1084 prorsus
1138 1017 1448 1073 traditionis
1476 1020 1747 1089 deposito.

424 1099 481 1152 3°
508 1098 802 1155 Sententia:
848 1118 961 1157 sua:
990 1119 1218 1174 magnos
1248 1108 1580 1178 ascriptores
1611 1117 1666 1164 et
1693 1110 1927 1163 imitato-

354 1205 446 1246 res
472 1192 664 1246 habuit
692 1192 950 1250 Basilius.
999 1198 1202 1252 Prarter
1249 1199 1632 1267 Athanasium,
1663 1202 1756 1272 qui
1780 1201 1930 1258 Basi-

354 1280 414 1335 lii
447 1282 649 1337 l‘actum
682 1286 932 1354 probavit
954 1294 1009 1342 et
1042 1288 1305 1353 defendit,
1331 1301 1391 1345 ut
1419 1293 1578 1348 modo
1601 1294 1924 1361 videbimus,

354 1372 616 1428 Basilium
668 1376 920 1451 imitatur
970 1377 1270 1450 Gregorius
1308 1381 1683 1439 Nazianzenus
1728 1385 1785 1439 in
1808 1401 1930 1440 ora.

357 1465 504 1520 tione
533 1466 622 1531 44,
648 1482 701 1536 p.
749 1469 869 1533 710,
920 1472 1011 1525 ubi
1056 1473 1135 1527 sic
1170 1474 1453 1545 loquitur:
1490 1476 1793 1548 Συμϐῶμεν
1831 1478 1928 1532 ἀλ-

355 1557 536 1630 λήλοις
562 1561 943 1629 πνευματικῶς
962 1580 976 1593 ο
1006 1565 1291 1634 γενώμεθα
1320 1567 1629 1638 φιλάδελφα
1661 1568 1860 1640 μᾶλλον

356 1649 624 1720 φίλαυτοι.
656 1651 783 1704 Δότε
818 1652 917 1723 τὴν
949 1654 1178 1724 δύναμιν
1210 1657 1308 1727 τῆς
1345 1657 1613 1729 θεότητος,
1650 1661 1740 1713 καὶ
1761 1659 1929 1712 δώσο-

359 1757 459 1812 μεν
502 1743 631 1812 ὑμῖν
671 1746 768 1814 τῆς
798 1744 982 1815 φωνῆς
1020 1745 1120 1816 τὴν
1156 1747 1528 1820 συγχώρησιν·
1564 1751 1928 1821 ὀμολογήσατε

2032 569 2373 634 prelteusione
2413 573 2577 640 pnemi
2614 571 2761 627 debet
2811 572 3118 641 hujusmodi
3169 578 3457 645 ascensus),
3507 589 3602 629 nec

2031 671 2124 708 nos
2149 656 2380 711 vicissim
2413 676 2531 714 eam
2568 678 2762 728 vocem,
2811 664 2962 733 cujus
3003 664 3160 718 modo
3204 681 3418 734 capaces
3446 668 3598 731 estis,

2032 745 2173 800 vobis
2216 747 2521 816 objiciemus
2570 768 2589 805 :
2645 754 2881 824 quandiu
2938 756 3045 809 alio
3100 756 3290 810 itinere
3339 755 3406 810 ad
3460 755 3599 810 idem

2030 837 2317 907 hospitium
2348 842 2606 910 feremini.
2657 844 2779 900 Non
2820 848 2959 901 enim
3002 849 3277 901 victoriam
3318 845 3598 913 arabimus,

2031 930 2122 983 sed
2148 941 2204 984 ut
2226 932 2445 999 fratres,
2476 952 2703 1005 quorum
2735 941 3066 1008 separatione
3092 940 3503 1008 distorquentur,
3529 937 3600 991 ad

2032 1037 2127 1075 nos
2156 1023 2391 1089 redeant,
2425 1025 2752 1083 laboramus.
2790 1029 2915 1085 Hac
2956 1030 3250 1102 Gregorius
3296 1030 3605 1085 disserclrat

2031 1111 2501 1188 Constantinopoli
2560 1139 2572 1173 :
2630 1121 2860 1190 ejusque
2929 1122 3100 1175 animi
3168 1122 3600 1176 moderationem

2033 1204 2193 1273 paulo
2231 1213 2352 1273 post
2397 1207 2515 1276 ipsa
2550 1209 2791 1279 synodus
2831 1209 3603 1280 Constantinopolitanajudi-

2033 1294 2105 1347 cii
2136 1295 2219 1350 sui
2252 1299 2575 1353 auctoritate
2603 1301 3003 1371 comprobavit,
3036 1318 3157 1373 qua:
3188 1301 3474 1356 Dominum
3503 1317 3604 1373 ap-

2033 1384 2249 1455 pellavit
2292 1386 2552 1458 Spiritum
2599 1401 2846 1447 sanctum
2871 1432 2886 1458 ,
2936 1393 3030 1449 sed
3062 1401 3123 1449 ut
3164 1395 3232 1450 iis
3269 1394 3599 1459 consuleret,

2034 1490 2263 1551 quorum
2282 1479 2489 1533 animis
2504 1482 2817 1550 scrupulus,
2846 1483 3227 1539 subabsurdus
3250 1484 3339 1539 ille
3358 1483 3601 1554 quidem,

2035 1566 2127 1619 sed
2145 1573 2330 1622 tamen
2352 1568 2717 1638 ignoscendus
2735 1572 3024 1640 insidebat,
3047 1573 3140 1629 Dei
3165 1587 3352 1630 vocem
3376 1575 3431 1629 in
3460 1592 3605 1647 sym-

2037 1657 2215 1711 bolum
2243 1659 2587 1715 inserendam
2620 1679 2741 1718 esse
2770 1679 2880 1718 non
2908 1665 3145 1720 censuit.

2107 1748 2213 1805 Sed
2243 1750 2377 1807 forte
2401 1753 2740 1824 indulgentia
2762 1759 2821 1811 in
2840 1758 3085 1815 inﬁrmos
3110 1760 3225 1829 ipsa
3249 1759 3603 1816 humanitatis

355 1833 452 1905 τὴν
495 1834 654 1902 φύσιν
700 1839 756 1889 ὲν
798 1837 986 1901 ἄλλαις
1015 1843 1241 1908 φωναῖς,
1296 1835 1385 1904 αἷς
1431 1841 1664 1895 αἰδεῖσθε
1694 1842 1924 1912 μᾶλλον·

2043 1841 2214 1908 specie
2243 1841 2510 1910 placebit,
2544 1851 2600 1898 at
2637 1847 2819 1902 minus
2865 1828 3234 1911 considerata,
3269 1847 3603 1919 nimiumque

355 1927 450 1999 καὶ
481 1927 555 1990 ὡς
592 1927 835 1993 ἀσθενεῖς
864 1930 1007 2000 ὑμᾶς
1037 1932 1410 2003 ἰατρεύσομεν,
1439 1935 1584 1988 ἔστιν
1624 1935 1660 1990 ἃ
1697 1935 1791 1989 καὶ
1821 1934 1929 1989 τῶν

356 2014 493 2086 πρὸς
524 2017 715 2089 ἡδονὴν
754 2020 1225 2090 παρακλέψαντες.
1270 2024 1501 2095 Αίσχρὸν
1548 2024 1646 2095 μὲν
1684 2023 1811 2095 γὰρ,
1847 2025 1931 2076 αἰ-

358 2109 519 2179 σχρὸν
560 2114 653 2164 καὶ
688 2113 887 2176 ἱκανῶς
930 2112 1138 2181 ἄλογον,
1188 2114 1329 2167 κατά
1352 2114 1528 2186 ψυχὴν
1567 2116 1929 2187 ἐρρωμένους,

360 2203 794 2273 μικρολογεῖσθαι
829 2207 955 2277 περὶ
986 2206 1075 2258 τὸν
1115 2202 1267 2277 ἦχον,
1301 2207 1393 2259 καὶ⁸
1419 2208 1681 2279 κρύπτειν
1712 2209 1803 2261 τὸν
1836 2209 1934 2280 θη-

358 2295 576 2366 σαυρὸν,
613 2294 800 2368 ὥσπερ
840 2296 1018 2359 ἄλλοις
1052 2297 1467 2367 βασκαίνοντας,
1507 2298 1539 2368 ἢ
1578 2297 1652 2370 μὴ
1705 2298 1798 2351 καὶ
1833 2299 1933 2371 τὴν

355 2382 608 2453 γλῶσσαν
656 2387 917 2458 ἀγιάσητε
967 2388 1299 2455 δεδοικότας
1362 2391 1570 2460 αἴσχιον
1613 2389 1670 2448 δὲ
1724 2393 1858 2461 ἡμῖν
1904 2390 1934 2444 ὃ

356 2476 697 2549 ἐγκαλοῦμεν
744 2479 956 2544 παθεῖν,
987 2481 1083 2533 καὶ
1115 2480 1463 2551 μικρολογίαν
1503 2481 1936 2550 καταγινώσκον-

355 2585 476 2632 τας,
538 2570 733 2636 αὐτοὺς
789 2572 1229 2642 μικρολογεῖσθαι
1289 2576 1419 2645 περὶ
1483 2574 1550 2628 τὰ
1610 2575 1929 2645 γράμματα.

355 2660 505 2737 Μιᾶς
541 2659 811 2730 θεότητος.
854 2657 899 2715 ὧ
937 2655 1105 2726 οὗτοι,
1139 2664 1237 2735 τὴν
1292 2665 1497 2735 Τριάδα
1540 2659 1932 2740 όμολογήσατε,

358 2751 491 2805 εἰδὲ
521 2751 794 2821 βούλεσθε,
834 2757 960 2826 μιᾶς
992 2756 1239 2825 φύσεως·
1286 2759 1379 2811 καὶ
1425 2759 1525 2831 τὴν
1569 2760 1704 2823 Θεὸς
1750 2761 1934 2832 φωνὴν

360 2843 509 2914 παρὰ
537 2844 629 2896 τοῦ
656 2846 966 2916 Πνεύματος
996 2849 1122 2918 ὑμῖν
1160 2851 1476 2921 αἰτήσομεν.
1512 2851 1683 2905 Δώσει
1713 2854 1840 2924 γάρ,
1875 2848 1935 2907 εὖ

358 2931 495 2999 οἶδα,
517 2934 545 2987 ὁ
572 2934 634 2988 τὸ
658 2937 868 3007 πρῶτον
897 2938 1019 3002 δοὺς
1051 2940 1144 2993 καὶ
1170 2941 1231 2994 τὸ
1265 2940 1533 3013 δεύτερον,
1561 2943 1654 2996 καὶ
1681 2944 1934 3014 μάλιστα,

359 3027 409 3079 εί
438 3026 608 3079 δειλία
637 3045 719 3090 τις
754 3027 837 3099 εἴη
873 3033 1235 3103 πνευματικὴ,
1276 3033 1410 3087 άλλά
1448 3035 1523 3106 μὴ
1551 3036 1797 3099 ἔνστασις
1820 3037 1938 3090 δια-

360 3114 546 3186 ϐολικὴ
574 3116 633 3170 τὸ
663 3118 983 3188 μαχόμενον.
1014 3123 1133 3175 Ἔτι
1167 3123 1493 3194 σαφέστερον
1522 3125 1661 3179 εἴπω
1693 3127 1785 3179 καὶ
1811 3143 1936 3179 συν-

359 3207 687 3280 τομώτερον,
725 3211 861 3280 μήτε
898 3212 1054 3280 ὑμεῖς
1083 3214 1231 3285 ἡμᾶς
1269 3214 1527 3285 εὐθύνητε
1557 3217 1654 3286 τῆς
1681 3217 1939 3287 ὑψηλοτέ-

362 3317 461 3373 ρας
515 3302 699 3371 φωνῆς
751 3302 963 3372 (φθόνος
1010 3304 1119 3377 γὰρ
1178 3306 1353 3370 οὐδεὶς
1401 3308 1762 3374 ἀναϐάσεως),
1813 3308 1939 3363 οὔτε

360 3392 522 3463 ἡμεῖς
548 3393 645 3464 τὴν
692 3396 918 3464 ἐφικτὴν
946 3397 1083 3458 τέως
1125 3398 1254 3468 ὑμῖν
1296 3399 1685 3472 ἐγκαλέσομεν,
1731 3402 1834 3466 ἓως
1873 3402 1940 3456 ἂν

360 3485 456 3539 καὶ
481 3486 546 3538 δι’
569 3485 732 3557 ἄλλης
750 3486 868 3540 ὁδοῦ
901 3490 1036 3560 πρὸς
1060 3489 1119 3543 τὸ
1147 3491 1278 3544 αὐτὸ
1304 3491 1541 3563 φέρησθε
1568 3493 1904 3563 καταγώγιον
1922 3514 1937 3527 θ

360 3576 423 3629 οὗ
445 3576 555 3648 γὰρ
573 3577 788 3647 νικῆσαι
821 3578 1110 3650 ζητοῦμεν,
1144 3580 1278 3635 ἀλλά
1310 3582 1632 3653 προσλαϐεῖν
1658 3584 1939 3652 ἀδελφοὺς,

362 3659 439 3721 ὧν
463 3667 542 3739 τῷ
565 3668 826 3740 χωρισμῷ
856 3672 1280 3742 σπαρασσόμεθα
1310 3690 1323 3703 ο
1372 3672 1562 3727 Verum
1591 3676 1943 3742 spiritualiter

362 3759 500 3815 inter
525 3778 618 3815 nos
652 3761 786 3815 hanc
836 3765 1246 3818 controversiam
1274 3767 1628 3836 transigamus
1650 3783 1668 3819 :
1693 3768 1943 3836 fraterna:

361 3854 537 3923 potius
564 3853 841 3910 charitatis
868 3854 1124 3916 studium,
1154 3873 1312 3925 quam
1352 3858 1522 3911 nostri
1560 3875 1792 3912 amorem
1833 3876 1943 3928 pra:

363 3947 514 4001 nobis
554 3946 806 4014 feramus.
850 3947 967 4001 Vim
1024 3948 1316 4001 divinitatis
1365 3966 1428 4002 ac
1469 3952 1753 4018 potentiam
1796 3951 1943 4005 nobis

364 4037 508 4102 date,
542 4045 593 4090 et
636 4054 730 4092 nos
765 4040 997 4093 vicissim
1045 4038 1339 4094 divinitatis
1373 4058 1544 4095 vocem
1582 4042 1725 4095 vobis
1765 4059 1946 4097 conce-

365 4127 570 4183 demus.
599 4127 868 4184 Naturam
898 4130 1021 4184 aliis
1050 4131 1280 4197 vocibus,
1309 4132 1495 4202 quibus
1533 4132 1650 4201 plus
1689 4133 1939 4196 tribuitis,

365 4220 721 4288 conﬁteamini
755 4236 774 4274 :
813 4238 874 4274 ac
921 4238 1031 4284 vos,
1070 4229 1127 4274 ut
1168 4222 1408 4292 inﬁrmos
1456 4223 1780 4282 curabimus.
1814 4241 1945 4277 non-

367 4310 518 4364 nulla
562 4310 704 4365 vobis
751 4321 907 4381 grata
963 4321 1013 4367 et
1058 4312 1302 4381 jucunda
1343 4314 1684 4382 su/furantes.
1736 4313 1945 4368 Etenim

368 4409 517 4471 turpe
543 4403 750 4473 quidem
781 4404 914 4457 illud
948 4413 1047 4469 est,
1082 4417 1248 4473 turpe,
1282 4407 1518 4476 inquam,
1565 4423 1627 4459 ac
1658 4406 1945 4475 perabsur-

2031 1929 2262 1984 remissa
2307 1930 2581 1986 videbitur
2622 1933 2807 1989 Basilii
2862 1951 2985 1990 cum
3032 1937 3295 2007 improbis
3335 1936 3605 1992 bzereticis

2033 2020 2225 2090 agendi
2257 2023 2419 2078 ratio.
2460 2021 2566 2078 Sed
2597 2032 2776 2080 tamen
2806 2030 2852 2082 si
2884 2028 3114 2082 alterum
3146 2029 3424 2099 probetur,
3465 2028 3602 2081 alte-

2031 2127 2151 2165 rum
2193 2112 2486 2182 improbari
2518 2130 2624 2169 non
2665 2123 2864 2186 potest.
2912 2117 3049 2172 Nam
3091 2133 3215 2171 eum
3259 2118 3475 2173 Arianis
3510 2118 3608 2171 ad-

2031 2204 2165 2258 itum
2190 2205 2246 2260 in
2271 2205 2670 2276 Cappadociam
2694 2208 2797 2262 hoc
2827 2217 3256 2279 temperamento
3279 2209 3608 2263 interclude-

2032 2303 2114 2348 ret
2142 2293 2397 2362 Basilius,
2452 2304 2604 2362 tunc,
2638 2297 2684 2352 si
2717 2313 2958 2368 unquam
2991 2299 3147 2364 alias,
3181 2299 3433 2369 plurimis
3463 2298 3611 2351 inﬁr-

2033 2389 2140 2442 mis
2173 2390 2517 2453 consulebat,
2551 2406 2690 2459 quos
2715 2391 3024 2460 persecutio
3056 2391 3110 2445 in
3142 2391 3434 2445 maximum
3466 2391 3610 2461 peri-
3690 2398 3697 2405 '

2035 2481 2216 2534 culum
2246 2482 2593 2550 conjecisset.
2626 2481 2828 2537 Deinde
2854 2497 2984 2538 vero
3006 2498 3114 2537 non
3143 2482 3364 2553 indigna
3386 2498 3473 2537 res
3492 2491 3610 2536 erat

2035 2571 2301 2627 charitate
2342 2571 2562 2639 Basilii,
2606 2588 2676 2628 ne
2709 2571 3019 2629 furentibus
3067 2572 3285 2643 quidem
3338 2572 3623 2628 lnereticis

2036 2661 2271 2729 amplius
2302 2661 2599 2730 quidquam
2631 2677 2932 2730 proponere
2953 2700 2968 2725 ,
2999 2678 3163 2732 quam
3196 2662 3341 2732 quod
3383 2662 3610 2718 omnino

2036 2753 2409 2807 necessarium
2443 2754 2510 2807 ad
2542 2753 2873 2808 catholicum
2906 2753 3102 2824 dogma
3124 2754 3446 2823 judicabat?

2108 2844 2243 2899 Illud
2282 2853 2461 2900 autem
2504 2844 2559 2899 in
2609 2846 2800 2914 primis
2828 2845 3231 2901 observandum
3269 2856 3373 2911 est,
3407 2861 3624 2916 nequa--

2036 2952 2205 3008 quam
2236 2937 2577 2992 commisisse
2608 2936 2894 3002 Basilium,
2925 2946 2986 2991 ut
3015 2936 3110 2992 Dei
3141 2953 3341 2992 nomen
3386 2936 3611 3007 Spiritui

2040 3040 2231 3088 sancto
2277 3034 2332 3087 in
2370 3032 2612 3088 Ecclesia
2647 3031 2818 3086 tribui
2871 3030 3182 3095 desineret,
3228 3031 3321 3086 sed
3354 3046 3497 3101 saepe
3534 3032 3613 3085 illi

2039 3126 2188 3180 hunc
2234 3126 2450 3178 titulum
2493 3131 2546 3178 et
2580 3138 2676 3193 per
2723 3138 2783 3178 se
2824 3130 2880 3178 et
2925 3137 3022 3193 per
3070 3122 3301 3176 alterum
3351 3123 3623 3198 seipsum,

2041 3217 2361 3287 Gregorium
2422 3214 2864 3279 Nazianzenum,
2924 3213 3209 3268 tribuisse.
3268 3211 3327 3266 Id
3384 3221 3616 3268 testatur

2041 3308 2336 3378 Gregorius
2355 3306 2750 3373 Nazianzenus,
2766 3306 2856 3375 qui
2870 3306 2975 3370 his,
2992 3320 3113 3374 quae
3132 3303 3292 3358 modo
3304 3305 3625 3369 retulimus,

2041 3401 2225 3456 statim
2270 3399 2419 3453 addit
2444 3401 2518 3468 (p.
2546 3398 2671 3467 564)
2705 3414 2718 3449 :
2768 3396 2919 3451 Ἐπεὶ
2961 3397 3042 3449 ὅτι
3074 3413 3137 3464 γε
3172 3395 3369 3459 παντὸς
3408 3395 3623 3465 μᾶλλον.

2040 3491 2155 3562 ᾔδει
2190 3491 2250 3543 τὸ
2283 3490 2504 3560 Πνεῦμα
2536 3490 2689 3555 Θεὸν,
2722 3489 2882 3560 δῆλον
2919 3487 3018 3559 μὲν
3052 3486 3112 3552 ἐξ
3150 3482 3225 3543 ὧν
3251 3489 3347 3541 καὶ
3384 3486 3621 3557 δημοσίᾳ.

2041 3581 2200 3634 τοῦτο
2228 3581 2486 3644 πολλάκις
2516 3579 2802 3652 ἐκήρυξεν,
2826 3579 2879 3633 εἴ
2901 3597 3033 3632 ποτε
3059 3578 3250 3650 καιρὸς
3274 3573 3362 3648 ἦν,
3393 3578 3486 3631 καὶ
3516 3576 3623 3646 ἰδίᾳ,

2040 3675 2153 3736 τοῖς
2183 3671 2426 3742 ἐρωτῶσι
2450 3670 2743 3742 προθύμως
2764 3670 3174 3741 ἀνωμολόγησε,
3207 3669 3538 3738 σαφέστερον
3563 3667 3623 3721 δὲ

2045 3765 2343 3833 πεποίηκεν
2382 3765 2440 3815 ὲν
2472 3765 2583 3824 τοῖς
2620 3762 2756 3832 πρὸς
2803 3762 2903 3832 ἐμὲ
2952 3761 3161 3831 λόγοις,
3199 3760 3335 3830 πρὸς
3368 3758 3426 3811 ὃν
3466 3757 3623 3811 οὐδὲν

2044 3856 2353 3925 ἀπόρρητον
2396 3849 2464 3925 ἦν
2513 3850 2661 3922 αὑτῷ
2705 3853 2835 3924 περῖ⁹
2889 3851 3094 3906 τούτων
3139 3849 3617 3919 κοινολογουμένῳ,

2047 3942 2182 4011 μηδὲ
2224 3940 2410 4002 ἁπλῶς
2451 3939 2608 3992 τοῦτο
2651 3939 3107 4010 ἀποφηνάμενος,
3163 3938 3297 4003 ἀλλ’,
3331 3938 3359 3991 ὃ
3396 3938 3621 4009 μηδέπω

2046 4033 2311 4104 πρότερον
2343 4032 2603 4096 πολλάκις
2633 4031 2930 4101 πεποίηκεν
2950 4069 2965 4093 ,
3002 4029 3416 4101 ἐπαρασάμενος
3445 4027 3620 4097 ἑαυτῷ

2043 4124 2104 4176 τὸ
2145 4123 2610 4194 φρικωδέστατον,
2653 4122 2816 4176 αὑτοῦ
2859 4120 2951 4173 τοῦ
3001 4121 3319 4191 Πνεύματος
3351 4121 3632 4186 ἐκπεσεῖν,

2045 4217 2094 4267 εἰ
2141 4216 2216 4285 μὴ
2269 4214 2415 4267 σέϐοι
2450 4214 2513 4267 τὸ
2562 4212 2785 4283 Πνεῦμα
2820 4212 2957 4281 μετὰ
2989 4213 3202 4283 Πατρὸς
3252 4213 3343 4264 καὶ
3375 4209 3502 4263 Υἱοῦ
3546 4210 3622 4275 ὼς

2044 4306 2329 4376 ὁμοούσιον
2354 4306 2448 4358 καὶ
2480 4306 2760 4375 ὁμότιμον.
2792 4304 2854 4355 Εἰ
2884 4302 2941 4356 δέ
2987 4302 3055 4373 μέ
3080 4320 3163 4364 τις
3191 4300 3404 4365 δέξαιτο
3434 4316 3623 4353 κοινω-

2046 4396 2134 4450 νὸν
2182 4395 2389 4449 ἐκείνου
2441 4396 2543 4447 κάν
2588 4396 2700 4456 τοῖς
2749 4391 3041 4455 τοιούτοις,
3075 4389 3415 4461 ἐξαγορεύσω
3447 4406 3497 4441 τι
3530 4388 3624 4440 xa‘t

366 4493 518 4559 dum,
551 4511 667 4548 cum
692 4497 872 4551 animo
909 4499 1100 4564 optime
1126 4497 1370 4557 valeatis.
1403 4499 1547 4551 circa
1594 4499 1731 4552 vocis
1758 4516 1937 4552 sonum

2046 4487 2155 4540 τῶν
2179 4489 2291 4550 τοῖς
2322 4486 2534 4549 πολλοῖς
2567 4486 2703 4549 τέως
2737 4482 3120 4552 ἀγνοουμένων
3142 4521 3155 4545 ,
3196 4482 3276 4533 ὅτι
3312 4482 3402 4533 τοῦ
3429 4482 3622 4548 καιροῦ

361 4584 571 4655 Ieiunas
594 4593 644 4638 et
676 4584 901 4638 minutos
930 4603 1019 4640 vos
1046 4586 1294 4655 prwbere.
1327 4603 1389 4640 ac
1428 4587 1731 4640 thesaurum
1762 4588 1941 4641 occul-

370 4683 503 4737 tare,
544 4675 700 4744 quasi
749 4676 871 4729 aliis
915 4693 1032 4730 eum
1068 4677 1356 4732 invidentes
1401 4688 1494 4732 aut
1536 4689 1842 4741 metuentes,
1883 4696 1946 4731 ne

367 4764 605 4835 linguam
647 4783 847 4836 quoque
903 4776 1129 4821 vestram
1163 4770 1546 4837 sancti/icctis;
1593 4773 1796 4839 turpius
1845 4787 1943 4823 au-

368 4864 475 4912 tem
512 4858 659 4912 nobis
702 4867 780 4913 est
811 4858 990 4913 eodem
1035 4860 1159 4914 vitio
1199 4862 1398 4925 teneri,
1443 4862 1579 4931 quod
1630 4861 1770 4917 vobis
1812 4861 1947 4930 obji-

368 4948 559 5011 cimus,
585 4958 757 5017 atque,
789 4965 907 5001 cum
941 4950 1157 5003 anxiam
1179 4959 1405 5004 vestram
1441 4951 1505 5005 de
1550 4953 1769 5004 minutis
1794 4951 1945 5005 rebus

369 5041 751 5095 contentionem
789 5040 1121 5105 damnemus,
1155 5044 1457 5096 litterarum
1485 5052 1658 5097 tamen
1693 5044 1947 5097 minutias

373 5133 529 5187 anxie
551 5148 753 5201 urgere.
792 5133 1129 5197 Trinitatem,
1166 5151 1195 5187 ο
1240 5136 1361 5199 viri,
1401 5136 1556 5191 unius
1595 5135 1806 5191 deitntis
1838 5154 1949 5192 esse

374 5223 672 5294 fateamini,
702 5232 815 5289 aut,
849 5226 897 5279 si
920 5227 1094 5295 magis
1114 5226 1306 5295 placet,
1339 5230 1492 5280 unius
1521 5239 1765 5282 naturae:
1797 5238 1950 5298 atque

375 5315 511 5369 hanc
558 5300 753 5381 vocem,
806 5315 969 5379 Deus,
1014 5335 1046 5389 ᾳ
1103 5317 1307 5386 Spiritu
1357 5319 1497 5372 vobis
1543 5319 1948 5387 postulabimus.

374 5406 540 5463 Dabit
566 5406 706 5460 enim
748 5409 981 5477 profecto
1014 5410 1321 5474 secundum,
1368 5412 1458 5480 qui
1501 5412 1731 5480 primum
1782 5410 1949 5475 dedit,

377 5499 532 5570 idque
559 5501 911 5570 potissimum,
939 5503 988 5556 si
1027 5502 1083 5556 id
1138 5503 1201 5557 de
1229 5520 1330 5575 quo
1374 5514 1660 5575 pugnatur,
1698 5505 1953 5572 spiritua-

381 5591 447 5647 lis
480 5591 723 5663 qumdam
756 5593 1016 5649 timiditas
1057 5595 1241 5664 fuerit,
1283 5612 1345 5649 ac
1376 5613 1479 5650 non
1521 5595 1788 5649 diabolica
1824 5611 1950 5650 con-

383 5684 560 5739 tentio.
598 5683 782 5748 Atque,
818 5694 875 5738 ut
932 5688 1166 5755 apertius
1207 5697 1257 5741 et
1287 5686 1704 5756 compendiosius
1744 5685 1951 5756 loquar,

383 5778 462 5837 sic
481 5778 615 5835 inter
643 5795 737 5834 nos
768 5794 1011 5852 agamus,
1053 5788 1108 5834 ut
1151 5795 1242 5835 nec
1289 5796 1398 5848 vos,
1443 5778 1770 5834 sublimioris
1813 5778 1952 5833 vocis

2050 4577 2506 4650 στενοχιυροῦντος
2538 4579 2705 4649 ἡμᾶς,
2734 4575 2910 4646 ἑαυτῷ
2942 4576 3038 4646 μὲν
3058 4573 3364 4643 οἰκονομίαν
3397 4572 3623 4642 ἐπέτρε-

2045 4670 2165 4741 ψεν,
2198 4674 2328 4743 ἡμῖν
2362 4671 2419 4725 δὲ
2452 4670 2549 4741 τὴν
2580 4669 2912 4742 παρρησίαν,
2953 4666 3045 4729 οὒς
3078 4666 3253 4728 οὐδεὶς
3281 4663 3470 4735 ἔμελλε
3499 4664 3621 4733 κρί-

2046 4779 2179 4828 νειν,
2209 4762 2330 4816 οὐδὲ
2359 4761 2681 4815 ἀποϐάλλειν
2719 4762 2818 4831 τῆς
2853 4759 3110 4830 πατρίδος
3144 4756 3378 4826 ἀφανείᾳ
3405 4771 3627 4825 τετιμη-

2052 4855 2261 4926 μένους,
2290 4854 2365 4916 ὼς
2399 4854 2457 4920 ἐξ
2480 4853 2807 4924 ἀμφοτέρων
2836 4850 3053 4921 ἰσχυρὸν
3079 4845 3219 4902 εἶναι
3248 4847 3308 4899 τὸ
3332 4845 3452 4900 καθ’
3477 4847 3629 4916 ἡμᾶς

2048 4946 2400 5015 Εὑαγγέλιον·
2439 4944 2583 4999 Nam
2633 4943 2770 5015 quod
2810 4942 3009 5013 alioqui
3048 4942 3234 4995 melius
3265 4956 3419 5010 quam
3459 4940 3624 5009 quivis

2050 5040 2167 5101 alii,
2200 5037 2458 5106 Spiritum
2493 5047 2734 5092 sanctum
2763 5036 2930 5090 Deum
2960 5043 3263 5103 agnosceret
3284 5074 3298 5097 ,
3329 5049 3446 5086 cum
3477 5048 3541 5086 ea:
3565 5048 3631 5086 ea

2050 5135 2322 5204 perspicue
2369 5140 2608 5195 constat,
2655 5128 2793 5200 quod
2826 5140 2874 5183 et
2917 5128 3012 5181 ltoc
3047 5144 3183 5195 sazpe
3215 5125 3278 5179 de
3325 5125 3439 5178 loco
3472 5141 3627 5194 supe-

2051 5229 2218 5289 riore,
2250 5223 2422 5296 quoad
2453 5241 2543 5294 per
2579 5232 2779 5291 tempus
2816 5221 3035 5281 licebat,
3069 5218 3370 5288 prtedicavit
3391 5256 3406 5280 ,
3434 5226 3482 5272 et
3518 5217 3628 5286 pri-

2052 5321 2211 5373 vatim
2240 5318 2381 5389 apud
2402 5336 2510 5382 cos,
2564 5335 2595 5371 a
2623 5318 2809 5387 quibus
2845 5312 3298 5382 interrogabatur,
3329 5309 3470 5363 haud
3499 5325 3629 5362 cun-

2053 5419 2258 5464 ctanter
2287 5410 2555 5477 confessus
2587 5416 2662 5461 est
2686 5424 2705 5460 :
2731 5417 2840 5459 tum
2867 5421 2984 5459 vero
3014 5404 3067 5457 in
3095 5403 3204 5456 suis
3237 5400 3304 5454 ad
3328 5417 3407 5455 me
3432 5416 3627 5454 sermo-

2055 5502 2208 5555 nibus
2244 5502 2473 5570 apertius
2503 5500 2555 5553 id
2583 5497 2955 5553 demonstravit
2980 5495 3159 5565 (neque
3181 5496 3316 5547 cnim
3343 5493 3626 5563 quidquam

2056 5606 2308 5658 unquam,
2368 5606 2485 5642 cum
2531 5589 2594 5642 de
2639 5587 2720 5640 Itis
2770 5586 2921 5639 rebus
2970 5600 3167 5637 mecum
3226 5584 3621 5652 colloqueretur.

2058 5682 2235 5734 animo
2287 5690 2475 5733 tectum
2515 5679 2875 5747 occultumque
2914 5675 3136 5743 habuit)
3172 5692 3273 5728 non
3322 5674 3625 5740 simpliciter

2061 5774 2154 5829 hoc
2186 5773 2474 5842 afﬁrmans,
2501 5769 2615 5836 sed,
2636 5769 2773 5843 quod
2797 5778 2949 5824 antea
2970 5767 3067 5836 ipsi
3095 5781 3310 5836 perraro
3344 5765 3623 5827 acciderat,
