  <div class='ocr_page' id='page_1' title='image "/cluster/home/n/w/nwhite01/storage/ocr_20150623/32/mdp.39015011915462/022.png"; bbox 0 0 3972 6218; ppageno 0'>
   <div class='ocr_carea' id='block_1_1' title="bbox 300 361 1908 460">
    <p class='ocr_par' dir='ltr' id='par_1_1' title="bbox 300 387 1905 460">
     <span class='ocr_line' id='line_1_1' title="bbox 300 387 1905 460; baseline -0.01 0"><span class='ocrx_word' id='word_1_1' title='bbox 300 403 373 460; x_wconf 70' lang='lat'><strong><em>9.9</em></strong></span> <span class='ocrx_word' id='word_1_2' title='bbox 1568 444 1573 449; x_wconf 84' lang='lat'><strong><em>.</em></strong></span> <span class='ocrx_word' id='word_1_3' title='bbox 1743 387 1905 445; x_wconf 61' lang='lat' dir='ltr'><strong><em>PBzE</em></strong></span> 
     </span>
    </p>
   </div>
   <div class='ocr_carea' id='block_1_2' title="bbox 2014 361 3572 460">
    <p class='ocr_par' dir='ltr' id='par_1_2' title="bbox 2014 361 3572 441">
     <span class='ocr_line' id='line_1_2' title="bbox 2014 361 3572 441; baseline -0.013 -1"><span class='ocrx_word' id='word_1_4' title='bbox 2014 383 2132 441; x_wconf 76' lang='grc' dir='ltr'><strong><em>[ιο.</em></strong></span> <span class='ocrx_word' id='word_1_5' title='bbox 3501 361 3572 419; x_wconf 80' lang='lat'><strong><em>30</em></strong></span> 
     </span>
    </p>
   </div>
   <div class='ocr_carea' id='block_1_3' title="bbox 307 482 3575 580">
    <p class='ocr_par' dir='ltr' id='par_1_3' title="bbox 307 482 3575 580">
     <span class='ocr_line' id='line_1_3' title="bbox 307 482 3575 580; baseline -0.01 -5"><span class='ocrx_word' id='word_1_6' title='bbox 307 521 412 575; x_wconf 82' lang='lat' dir='ltr'><strong><em>sibi</em></strong></span> <span class='ocrx_word' id='word_1_7' title='bbox 463 535 574 574; x_wconf 87' lang='lat' dir='ltr'><strong><em>rem</em></strong></span> <span class='ocrx_word' id='word_1_8' title='bbox 612 517 851 574; x_wconf 86' lang='lat' dir='ltr'><strong><em>omnium</em></strong></span> <span class='ocrx_word' id='word_1_9' title='bbox 909 516 1137 569; x_wconf 72' lang='lat' dir='ltr'><strong><em>maxime</em></strong></span> <span class='ocrx_word' id='word_1_10' title='bbox 1184 509 1501 567; x_wconf 82' lang='lat' dir='ltr'><strong><em>horrendam</em></strong></span> <span class='ocrx_word' id='word_1_11' title='bbox 1547 510 1890 580; x_wconf 78' lang='lat' dir='ltr'><strong><em>imprecatus,</em></strong></span> <span class='ocrx_word' id='word_1_12' title='bbox 1925 514 1970 567; x_wconf 74' lang='grc' dir='ltr'><strong><em>Α</em></strong></span> <span class='ocrx_word' id='word_1_13' title='bbox 2001 504 2178 557; x_wconf 88' lang='lat' dir='ltr'><strong><em>thium</em></strong></span> <span class='ocrx_word' id='word_1_14' title='bbox 2209 513 2336 554; x_wconf 91' lang='lat' dir='ltr'><strong><em>cum</em></strong></span> <span class='ocrx_word' id='word_1_15' title='bbox 2367 511 2434 553; x_wconf 88' lang='lat' dir='ltr'><strong><em>eo</em></strong></span> <span class='ocrx_word' id='word_1_16' title='bbox 2463 488 2769 564; x_wconf 73' lang='lat' dir='ltr'><strong><em>conjunxit,</em></strong></span> <span class='ocrx_word' id='word_1_17' title='bbox 2800 488 2894 545; x_wconf 90' lang='lat' dir='ltr'><strong><em>sed</em></strong></span> <span class='ocrx_word' id='word_1_18' title='bbox 2920 486 3105 559; x_wconf 81' lang='lat' dir='ltr'><strong><em>potius</em></strong></span> <span class='ocrx_word' id='word_1_19' title='bbox 3139 499 3348 541; x_wconf 88' lang='lat' dir='ltr'><strong><em>summa</em></strong></span> <span class='ocrx_word' id='word_1_20' title='bbox 3380 483 3433 538; x_wconf 91' lang='lat' dir='ltr'><strong><em>in</em></strong></span> <span class='ocrx_word' id='word_1_21' title='bbox 3469 482 3575 541; x_wconf 85' lang='lat' dir='ltr'><strong><em>hoc</em></strong></span> 
     </span>
    </p>
   </div>
   <div class='ocr_carea' id='block_1_4' title="bbox 309 599 1894 681">
    <p class='ocr_par' dir='ltr' id='par_1_4' title="bbox 309 599 1894 681">
     <span class='ocr_line' id='line_1_4' title="bbox 309 599 1894 681; baseline -0.009 -14"><span class='ocrx_word' id='word_1_22' title='bbox 309 627 494 681; x_wconf 75' lang='lat' dir='ltr'><strong><em>nentpe</em></strong></span> <span class='ocrx_word' id='word_1_23' title='bbox 530 621 590 666; x_wconf 90' lang='lat' dir='ltr'><strong><em>ut</em></strong></span> <span class='ocrx_word' id='word_1_24' title='bbox 638 612 704 664; x_wconf 88' lang='lat' dir='ltr'><strong><em>ab</em></strong></span> <span class='ocrx_word' id='word_1_25' title='bbox 739 611 855 680; x_wconf 87' lang='lat' dir='ltr'><strong><em>ipso</em></strong></span> <span class='ocrx_word' id='word_1_26' title='bbox 897 608 1100 679; x_wconf 87' lang='lat' dir='ltr'><strong><em>Spiritu</em></strong></span> <span class='ocrx_word' id='word_1_27' title='bbox 1131 605 1410 669; x_wconf 77' lang='lat' dir='ltr'><strong><em>excideret,</em></strong></span> <span class='ocrx_word' id='word_1_28' title='bbox 1440 603 1545 657; x_wconf 90' lang='lat' dir='ltr'><strong><em>nisi</em></strong></span> <span class='ocrx_word' id='word_1_29' title='bbox 1579 618 1698 656; x_wconf 88' lang='lat' dir='ltr'><strong><em>cum</em></strong></span> <span class='ocrx_word' id='word_1_30' title='bbox 1730 599 1894 654; x_wconf 91' lang='lat' dir='ltr'><strong><em>Patre</em></strong></span> 
     </span>
    </p>
   </div>
   <div class='ocr_carea' id='block_1_5' title="bbox 307 696 1894 774">
    <p class='ocr_par' dir='ltr' id='par_1_5' title="bbox 307 696 1894 774">
     <span class='ocr_line' id='line_1_5' title="bbox 307 696 1894 774; baseline -0.01 -12"><span class='ocrx_word' id='word_1_31' title='bbox 307 711 363 762; x_wconf 82' lang='lat' dir='ltr'><strong><em>et</em></strong></span> <span class='ocrx_word' id='word_1_32' title='bbox 394 703 540 759; x_wconf 85' lang='lat' dir='ltr'><strong><em>Filio</em></strong></span> <span class='ocrx_word' id='word_1_33' title='bbox 574 703 853 774; x_wconf 78' lang='lat' dir='ltr'><strong><em>Spiritum,</em></strong></span> <span class='ocrx_word' id='word_1_34' title='bbox 886 712 945 757; x_wconf 88' lang='lat' dir='ltr'><strong><em>ut</em></strong></span> <span class='ocrx_word' id='word_1_35' title='bbox 970 698 1466 757; x_wconf 83' lang='lat' dir='ltr'><strong><em>consubstantialem</em></strong></span> <span class='ocrx_word' id='word_1_36' title='bbox 1496 704 1545 751; x_wconf 89' lang='lat' dir='ltr'><strong><em>et</em></strong></span> <span class='ocrx_word' id='word_1_37' title='bbox 1573 696 1767 749; x_wconf 87' lang='lat' dir='ltr'><strong><em>honore</em></strong></span> <span class='ocrx_word' id='word_1_38' title='bbox 1797 708 1894 761; x_wconf 87' lang='lat' dir='ltr'><strong><em>pa-</em></strong></span> 
     </span>
    </p>
   </div>
   <div class='ocr_carea' id='block_1_6' title="bbox 308 789 1894 862">
    <p class='ocr_par' dir='ltr' id='par_1_6' title="bbox 308 789 1894 862">
     <span class='ocr_line' id='line_1_6' title="bbox 308 789 1894 862; baseline -0.009 -10"><span class='ocrx_word' id='word_1_39' title='bbox 308 812 446 857; x_wconf 76' lang='lat' dir='ltr'><strong><em>rem,</em></strong></span> <span class='ocrx_word' id='word_1_40' title='bbox 480 804 836 852; x_wconf 80' lang='lat' dir='ltr'><strong><em>ueneraretur.</em></strong></span> <span class='ocrx_word' id='word_1_41' title='bbox 872 793 1028 861; x_wconf 85' lang='lat' dir='ltr'><strong><em>Quod</em></strong></span> <span class='ocrx_word' id='word_1_42' title='bbox 1058 794 1105 847; x_wconf 87' lang='lat' dir='ltr'><strong><em>si</em></strong></span> <span class='ocrx_word' id='word_1_43' title='bbox 1139 793 1255 862; x_wconf 83' lang='lat' dir='ltr'><strong><em>quis</em></strong></span> <span class='ocrx_word' id='word_1_44' title='bbox 1284 807 1364 845; x_wconf 90' lang='lat' dir='ltr'><strong><em>me</em></strong></span> <span class='ocrx_word' id='word_1_45' title='bbox 1401 791 1457 844; x_wconf 87' lang='lat' dir='ltr'><strong><em>in</em></strong></span> <span class='ocrx_word' id='word_1_46' title='bbox 1493 789 1653 843; x_wconf 87' lang='lat' dir='ltr'><strong><em>tantis</em></strong></span> <span class='ocrx_word' id='word_1_47' title='bbox 1693 801 1894 856; x_wconf 90' lang='lat' dir='ltr'><strong><em>quoque</em></strong></span> 
     </span>
    </p>
   </div>
   <div class='ocr_carea' id='block_1_7' title="bbox 312 878 1896 952">
    <p class='ocr_par' dir='ltr' id='par_1_7' title="bbox 312 878 1896 952">
     <span class='ocr_line' id='line_1_7' title="bbox 312 878 1896 952; baseline -0.005 -13"><span class='ocrx_word' id='word_1_48' title='bbox 312 886 491 947; x_wconf 84' lang='lat' dir='ltr'><strong><em>rebus,</em></strong></span> <span class='ocrx_word' id='word_1_49' title='bbox 516 884 663 940; x_wconf 86' lang='lat' dir='ltr'><strong><em>illius</em></strong></span> <span class='ocrx_word' id='word_1_50' title='bbox 680 885 880 939; x_wconf 87' lang='lat' dir='ltr'><strong><em>socium</em></strong></span> <span class='ocrx_word' id='word_1_51' title='bbox 904 884 1200 946; x_wconf 84' lang='lat' dir='ltr'><strong><em>admiserit,</em></strong></span> <span class='ocrx_word' id='word_1_52' title='bbox 1225 879 1449 951; x_wconf 75' lang='lat' dir='ltr'><strong><em>aliquid,</em></strong></span> <span class='ocrx_word' id='word_1_53' title='bbox 1480 878 1618 952; x_wconf 91' lang='lat' dir='ltr'><strong><em>quod</em></strong></span> <span class='ocrx_word' id='word_1_54' title='bbox 1638 878 1896 948; x_wconf 81' lang='lat' dir='ltr'><strong><em>plerisque</em></strong></span> 
     </span>
    </p>
   </div>
   <div class='ocr_carea' id='block_1_8' title="bbox 310 971 1895 1049">
    <p class='ocr_par' dir='ltr' id='par_1_8' title="bbox 310 971 1895 1049">
     <span class='ocr_line' id='line_1_8' title="bbox 310 971 1895 1049; baseline -0.006 -17"><span class='ocrx_word' id='word_1_55' title='bbox 310 978 641 1049; x_wconf 79' lang='lat' dir='ltr'><strong><em>incognitum</em></strong></span> <span class='ocrx_word' id='word_1_56' title='bbox 673 985 794 1033; x_wconf 88' lang='lat' dir='ltr'><strong><em>ante</em></strong></span> <span class='ocrx_word' id='word_1_57' title='bbox 831 976 957 1046; x_wconf 64' lang='lat' dir='ltr'><strong><em>luit,</em></strong></span> <span class='ocrx_word' id='word_1_58' title='bbox 984 976 1254 1046; x_wconf 79' lang='lat' dir='ltr'><strong><em>evulgabo.</em></strong></span> <span class='ocrx_word' id='word_1_59' title='bbox 1285 973 1430 1028; x_wconf 89' lang='lat' dir='ltr'><strong><em>Nam</em></strong></span> <span class='ocrx_word' id='word_1_60' title='bbox 1463 989 1582 1026; x_wconf 89' lang='lat' dir='ltr'><strong><em>cum</em></strong></span> <span class='ocrx_word' id='word_1_61' title='bbox 1614 980 1812 1040; x_wconf 85' lang='lat' dir='ltr'><strong><em>tempus</em></strong></span> <span class='ocrx_word' id='word_1_62' title='bbox 1840 971 1895 1023; x_wconf 90' lang='lat' dir='ltr'><strong><em>in</em></strong></span> 
     </span>
    </p>
   </div>
   <div class='ocr_carea' id='block_1_9' title="bbox 312 1062 1896 1139">
    <p class='ocr_par' dir='ltr' id='par_1_9' title="bbox 312 1062 1896 1139">
     <span class='ocr_line' id='line_1_9' title="bbox 312 1062 1896 1139; baseline -0.006 -15"><span class='ocrx_word' id='word_1_63' title='bbox 312 1086 552 1124; x_wconf 82' lang='lat' dir='ltr'><strong><em>summas</em></strong></span> <span class='ocrx_word' id='word_1_64' title='bbox 579 1069 857 1139; x_wconf 85' lang='lat' dir='ltr'><strong><em>angustias</em></strong></span> <span class='ocrx_word' id='word_1_65' title='bbox 892 1084 987 1121; x_wconf 86' lang='lat' dir='ltr'><strong><em>nos</em></strong></span> <span class='ocrx_word' id='word_1_66' title='bbox 1024 1065 1298 1137; x_wconf 82' lang='lat' dir='ltr'><strong><em>redigeret,</em></strong></span> <span class='ocrx_word' id='word_1_67' title='bbox 1327 1065 1462 1119; x_wconf 83' lang='lat' dir='ltr'><strong><em>hanc</em></strong></span> <span class='ocrx_word' id='word_1_68' title='bbox 1491 1064 1603 1132; x_wconf 83' lang='lat' dir='ltr'><strong><em>ipse</em></strong></span> <span class='ocrx_word' id='word_1_69' title='bbox 1636 1062 1896 1115; x_wconf 88' lang='lat' dir='ltr'><strong><em>rationem</em></strong></span> 
     </span>
    </p>
   </div>
   <div class='ocr_carea' id='block_1_10' title="bbox 309 1150 1894 1228">
    <p class='ocr_par' dir='ltr' id='par_1_10' title="bbox 309 1150 1894 1228">
     <span class='ocr_line' id='line_1_10' title="bbox 309 1150 1894 1228; baseline -0.008 -15"><span class='ocrx_word' id='word_1_70' title='bbox 309 1159 504 1223; x_wconf 79' lang='lat' dir='ltr'><strong><em>inibat,</em></strong></span> <span class='ocrx_word' id='word_1_71' title='bbox 555 1168 615 1214; x_wconf 84' lang='lat' dir='ltr'><strong><em>ut</em></strong></span> <span class='ocrx_word' id='word_1_72' title='bbox 663 1157 765 1213; x_wconf 83' lang='lat' dir='ltr'><strong><em>sibi</em></strong></span> <span class='ocrx_word' id='word_1_73' title='bbox 815 1156 1025 1228; x_wconf 85' lang='lat' dir='ltr'><strong><em>quidem</em></strong></span> <span class='ocrx_word' id='word_1_74' title='bbox 1076 1154 1456 1215; x_wconf 72' lang='lat' dir='ltr'><strong><em>oeconomiam,</em></strong></span> <span class='ocrx_word' id='word_1_75' title='bbox 1488 1150 1637 1205; x_wconf 89' lang='lat' dir='ltr'><strong><em>nobis</em></strong></span> <span class='ocrx_word' id='word_1_76' title='bbox 1698 1159 1894 1213; x_wconf 86' lang='lat' dir='ltr'><strong><em>autem,</em></strong></span> 
     </span>
    </p>
   </div>
   <div class='ocr_carea' id='block_1_11' title="bbox 310 1239 1897 1318">
    <p class='ocr_par' dir='ltr' id='par_1_11' title="bbox 310 1239 1897 1318">
     <span class='ocr_line' id='line_1_11' title="bbox 310 1239 1897 1318; baseline -0.007 -15"><span class='ocrx_word' id='word_1_77' title='bbox 310 1266 444 1318; x_wconf 81' lang='lat' dir='ltr'><strong><em>quos</em></strong></span> <span class='ocrx_word' id='word_1_78' title='bbox 471 1249 536 1303; x_wconf 92' lang='lat' dir='ltr'><strong><em>ob</em></strong></span> <span class='ocrx_word' id='word_1_79' title='bbox 569 1248 796 1303; x_wconf 81' lang='lat' dir='ltr'><strong><em>nominis</em></strong></span> <span class='ocrx_word' id='word_1_80' title='bbox 830 1247 1205 1302; x_wconf 85' lang='lat' dir='ltr'><strong><em>obscuritatem</em></strong></span> <span class='ocrx_word' id='word_1_81' title='bbox 1236 1262 1384 1299; x_wconf 86' lang='lat' dir='ltr'><strong><em>nemo</em></strong></span> <span class='ocrx_word' id='word_1_82' title='bbox 1419 1246 1473 1297; x_wconf 88' lang='lat' dir='ltr'><strong><em>in</em></strong></span> <span class='ocrx_word' id='word_1_83' title='bbox 1506 1241 1770 1313; x_wconf 86' lang='lat' dir='ltr'><strong><em>judicium</em></strong></span> <span class='ocrx_word' id='word_1_84' title='bbox 1800 1239 1897 1293; x_wconf 84' lang='lat' dir='ltr'><strong><em>ad-</em></strong></span> 
     </span>
    </p>
   </div>
   <div class='ocr_carea' id='block_1_12' title="bbox 310 1318 1897 1408">
    <p class='ocr_par' dir='ltr' id='par_1_12' title="bbox 310 1318 1897 1408">
     <span class='ocr_line' id='line_1_12' title="bbox 310 1318 1897 1408; baseline -0.004 -18"><span class='ocrx_word' id='word_1_85' title='bbox 310 1337 597 1403; x_wconf 81' lang='lat' dir='ltr'><strong><em>ducturus,</em></strong></span> <span class='ocrx_word' id='word_1_86' title='bbox 620 1339 899 1408; x_wconf 87' lang='lat' dir='ltr'><strong><em>patriaque</em></strong></span> <span class='ocrx_word' id='word_1_87' title='bbox 929 1337 1189 1400; x_wconf 84' lang='lat' dir='ltr'><strong><em>eiecturus</em></strong></span> <span class='ocrx_word' id='word_1_88' title='bbox 1218 1344 1374 1397; x_wconf 85' lang='lat' dir='ltr'><strong><em>esset,</em></strong></span> <span class='ocrx_word' id='word_1_89' title='bbox 1408 1331 1651 1405; x_wconf 85' lang='lat' dir='ltr'><strong><em>loquendi</em></strong></span> <span class='ocrx_word' id='word_1_90' title='bbox 1680 1318 1897 1385; x_wconf 73' lang='lat' dir='ltr'><strong><em>liberta-</em></strong></span> 
     </span>
    </p>
   </div>
   <div class='ocr_carea' id='block_1_13' title="bbox 316 1424 1900 1501">
    <p class='ocr_par' dir='ltr' id='par_1_13' title="bbox 316 1424 1900 1501">
     <span class='ocr_line' id='line_1_13' title="bbox 316 1424 1900 1501; baseline -0.005 -17"><span class='ocrx_word' id='word_1_91' title='bbox 316 1438 418 1484; x_wconf 84' lang='lat' dir='ltr'><strong><em>tem</em></strong></span> <span class='ocrx_word' id='word_1_92' title='bbox 452 1432 823 1488; x_wconf 77' lang='lat' dir='ltr'><strong><em>committeret.</em></strong></span> <span class='ocrx_word' id='word_1_93' title='bbox 852 1430 1019 1501; x_wconf 83' lang='lat' dir='ltr'><strong><em>Atque</em></strong></span> <span class='ocrx_word' id='word_1_94' title='bbox 1045 1430 1122 1482; x_wconf 90' lang='lat' dir='ltr'><strong><em>ita</em></strong></span> <span class='ocrx_word' id='word_1_95' title='bbox 1150 1427 1495 1498; x_wconf 82' lang='lat' dir='ltr'><strong><em>Evangelium</em></strong></span> <span class='ocrx_word' id='word_1_96' title='bbox 1537 1433 1775 1480; x_wconf 87' lang='lat' dir='ltr'><strong><em>nostrum</em></strong></span> <span class='ocrx_word' id='word_1_97' title='bbox 1805 1424 1900 1493; x_wconf 83' lang='lat' dir='ltr'><strong><em>ﬁr-</em></strong></span> 
     </span>
    </p>
   </div>
   <div class='ocr_carea' id='block_1_14' title="bbox 312 1516 1895 1590">
    <p class='ocr_par' dir='ltr' id='par_1_14' title="bbox 312 1516 1895 1590">
     <span class='ocr_line' id='line_1_14' title="bbox 312 1516 1895 1590; baseline -0.004 -16"><span class='ocrx_word' id='word_1_98' title='bbox 312 1539 459 1579; x_wconf 86' lang='lat' dir='ltr'><strong><em>mum</em></strong></span> <span class='ocrx_word' id='word_1_99' title='bbox 494 1532 545 1577; x_wconf 87' lang='lat' dir='ltr'><strong><em>et</em></strong></span> <span class='ocrx_word' id='word_1_100' title='bbox 576 1522 811 1577; x_wconf 81' lang='lat' dir='ltr'><strong><em>validum</em></strong></span> <span class='ocrx_word' id='word_1_101' title='bbox 841 1531 980 1584; x_wconf 89' lang='lat' dir='ltr'><strong><em>erat,</em></strong></span> <span class='ocrx_word' id='word_1_102' title='bbox 1010 1521 1284 1590; x_wconf 89' lang='lat' dir='ltr'><strong><em>utriusque</em></strong></span> <span class='ocrx_word' id='word_1_103' title='bbox 1314 1518 1565 1587; x_wconf 74' lang='lat' dir='ltr'><strong><em>prazsidio</em></strong></span> <span class='ocrx_word' id='word_1_104' title='bbox 1596 1516 1895 1585; x_wconf 76' lang='lat' dir='ltr'><strong><em>suffultam.</em></strong></span> 
     </span>
    </p>
   </div>
   <div class='ocr_carea' id='block_1_15' title="bbox 384 1608 1895 1685">
    <p class='ocr_par' dir='ltr' id='par_1_15' title="bbox 384 1608 1895 1685">
     <span class='ocr_line' id='line_1_15' title="bbox 384 1608 1895 1685; baseline -0.005 -17"><span class='ocrx_word' id='word_1_105' title='bbox 384 1613 476 1670; x_wconf 82' lang='lat' dir='ltr'><strong><em>iV.</em></strong></span> <span class='ocrx_word' id='word_1_106' title='bbox 506 1613 629 1669; x_wconf 85' lang='lat' dir='ltr'><strong><em>Jam</em></strong></span> <span class='ocrx_word' id='word_1_107' title='bbox 657 1630 788 1669; x_wconf 88' lang='lat' dir='ltr'><strong><em>vero</em></strong></span> <span class='ocrx_word' id='word_1_108' title='bbox 818 1613 1077 1685; x_wconf 84' lang='lat' dir='ltr'><strong><em>perfacile</em></strong></span> <span class='ocrx_word' id='word_1_109' title='bbox 1110 1612 1433 1667; x_wconf 90' lang='lat' dir='ltr'><strong><em>refelluntur</em></strong></span> <span class='ocrx_word' id='word_1_110' title='bbox 1466 1625 1589 1680; x_wconf 75' lang='lat' dir='ltr'><strong><em>qua:</em></strong></span> <span class='ocrx_word' id='word_1_111' title='bbox 1622 1608 1895 1663; x_wconf 90' lang='lat' dir='ltr'><strong><em>eruditum</em></strong></span> 
     </span>
    </p>
   </div>
   <div class='ocr_carea' id='block_1_16' title="bbox 311 1694 1900 1774">
    <p class='ocr_par' dir='ltr' id='par_1_16' title="bbox 311 1694 1900 1774">
     <span class='ocr_line' id='line_1_16' title="bbox 311 1694 1900 1774; baseline -0.008 -15"><span class='ocrx_word' id='word_1_112' title='bbox 311 1705 569 1774; x_wconf 82' lang='lat' dir='ltr'><strong><em>opusculi</em></strong></span> <span class='ocrx_word' id='word_1_113' title='bbox 606 1714 885 1758; x_wconf 76' lang='lat' dir='ltr'><strong><em>auctorem</em></strong></span> <span class='ocrx_word' id='word_1_114' title='bbox 936 1702 1322 1763; x_wconf 88' lang='lat' dir='ltr'><strong><em>detinuerunt,</em></strong></span> <span class='ocrx_word' id='word_1_115' title='bbox 1368 1699 1665 1768; x_wconf 85' lang='lat' dir='ltr'><strong><em>quominus</em></strong></span> <span class='ocrx_word' id='word_1_116' title='bbox 1718 1694 1900 1752; x_wconf 82' lang='lat' dir='ltr'><strong><em>sancti</em></strong></span> 
     </span>
    </p>
   </div>
   <div class='ocr_carea' id='block_1_17' title="bbox 311 1786 1898 1866">
    <p class='ocr_par' dir='ltr' id='par_1_17' title="bbox 311 1786 1898 1866">
     <span class='ocr_line' id='line_1_17' title="bbox 311 1786 1898 1866; baseline -0.006 -17"><span class='ocrx_word' id='word_1_117' title='bbox 311 1794 503 1853; x_wconf 90' lang='lat' dir='ltr'><strong><em>Basilii</em></strong></span> <span class='ocrx_word' id='word_1_118' title='bbox 542 1795 736 1866; x_wconf 81' lang='lat' dir='ltr'><strong><em>agendi</em></strong></span> <span class='ocrx_word' id='word_1_119' title='bbox 766 1795 1035 1849; x_wconf 89' lang='lat' dir='ltr'><strong><em>rationem</em></strong></span> <span class='ocrx_word' id='word_1_120' title='bbox 1067 1786 1342 1862; x_wconf 76' lang='lat' dir='ltr'><strong><em>praharet,</em></strong></span> <span class='ocrx_word' id='word_1_121' title='bbox 1389 1790 1545 1856; x_wconf 85' lang='lat' dir='ltr'><strong><em>Quod</em></strong></span> <span class='ocrx_word' id='word_1_122' title='bbox 1584 1789 1658 1842; x_wconf 91' lang='lat' dir='ltr'><strong><em>ait</em></strong></span> <span class='ocrx_word' id='word_1_123' title='bbox 1709 1787 1898 1842; x_wconf 87' lang='lat' dir='ltr'><strong><em>consi-</em></strong></span> 
     </span>
    </p>
   </div>
   <div class='ocr_carea' id='block_1_18' title="bbox 314 1876 1899 1947">
    <p class='ocr_par' dir='ltr' id='par_1_18' title="bbox 314 1876 1899 1947">
     <span class='ocr_line' id='line_1_18' title="bbox 314 1876 1899 1947; baseline -0.008 -7"><span class='ocrx_word' id='word_1_124' title='bbox 314 1887 447 1941; x_wconf 89' lang='lat' dir='ltr'><strong><em>lium</em></strong></span> <span class='ocrx_word' id='word_1_125' title='bbox 480 1886 631 1941; x_wconf 92' lang='lat' dir='ltr'><strong><em>illius</em></strong></span> <span class='ocrx_word' id='word_1_126' title='bbox 651 1900 753 1941; x_wconf 92' lang='lat' dir='ltr'><strong><em>nec</em></strong></span> <span class='ocrx_word' id='word_1_127' title='bbox 783 1884 851 1939; x_wconf 89' lang='lat' dir='ltr'><strong><em>ad</em></strong></span> <span class='ocrx_word' id='word_1_128' title='bbox 882 1882 1225 1939; x_wconf 85' lang='lat' dir='ltr'><strong><em>reducendos</em></strong></span> <span class='ocrx_word' id='word_1_129' title='bbox 1252 1881 1518 1943; x_wconf 83' lang='lat' dir='ltr'><strong><em>inﬁrmos,</em></strong></span> <span class='ocrx_word' id='word_1_130' title='bbox 1555 1893 1657 1932; x_wconf 90' lang='lat' dir='ltr'><strong><em>nec</em></strong></span> <span class='ocrx_word' id='word_1_131' title='bbox 1685 1876 1752 1930; x_wconf 89' lang='lat' dir='ltr'><strong><em>ad</em></strong></span> <span class='ocrx_word' id='word_1_132' title='bbox 1783 1878 1899 1947; x_wconf 89' lang='lat' dir='ltr'><strong><em>pla-</em></strong></span> 
     </span>
    </p>
   </div>
   <div class='ocr_carea' id='block_1_19' title="bbox 317 1966 1901 2042">
    <p class='ocr_par' dir='ltr' id='par_1_19' title="bbox 317 1966 1901 2042">
     <span class='ocr_line' id='line_1_19' title="bbox 317 1966 1901 2042; baseline -0.008 -8"><span class='ocrx_word' id='word_1_133' title='bbox 317 1977 526 2036; x_wconf 81' lang='lat' dir='ltr'><strong><em>candos</em></strong></span> <span class='ocrx_word' id='word_1_134' title='bbox 595 1972 1131 2029; x_wconf 89' lang='lat' dir='ltr'><strong><em>Pneumatomachos</em></strong></span> <span class='ocrx_word' id='word_1_135' title='bbox 1193 1969 1507 2042; x_wconf 77' lang='lat' dir='ltr'><strong><em>profuisse,</em></strong></span> <span class='ocrx_word' id='word_1_136' title='bbox 1573 1966 1749 2020; x_wconf 79' lang='lat' dir='ltr'><strong><em>fateor</em></strong></span> <span class='ocrx_word' id='word_1_137' title='bbox 1815 1981 1901 2021; x_wconf 90' lang='lat' dir='ltr'><strong><em>mc</em></strong></span> 
     </span>
    </p>
   </div>
   <div class='ocr_carea' id='block_1_20' title="bbox 318 2057 1898 2135">
    <p class='ocr_par' dir='ltr' id='par_1_20' title="bbox 318 2057 1898 2135">
     <span class='ocr_line' id='line_1_20' title="bbox 318 2057 1898 2135; baseline -0.008 -13"><span class='ocrx_word' id='word_1_138' title='bbox 318 2067 536 2122; x_wconf 85' lang='lat' dir='ltr'><strong><em>nescire</em></strong></span> <span class='ocrx_word' id='word_1_139' title='bbox 581 2082 650 2121; x_wconf 84' lang='lat' dir='ltr'><strong><em>ex</em></strong></span> <span class='ocrx_word' id='word_1_140' title='bbox 694 2065 899 2135; x_wconf 89' lang='lat' dir='ltr'><strong><em>quibus</em></strong></span> <span class='ocrx_word' id='word_1_141' title='bbox 932 2063 988 2118; x_wconf 90' lang='lat' dir='ltr'><strong><em>id</em></strong></span> <span class='ocrx_word' id='word_1_142' title='bbox 1017 2063 1260 2118; x_wconf 89' lang='lat' dir='ltr'><strong><em>fontibus</em></strong></span> <span class='ocrx_word' id='word_1_143' title='bbox 1293 2060 1559 2115; x_wconf 92' lang='lat' dir='ltr'><strong><em>hauserit.</em></strong></span> <span class='ocrx_word' id='word_1_144' title='bbox 1590 2057 1725 2125; x_wconf 89' lang='lat' dir='ltr'><strong><em>Quis</em></strong></span> <span class='ocrx_word' id='word_1_145' title='bbox 1753 2058 1898 2112; x_wconf 90' lang='lat' dir='ltr'><strong><em>enim</em></strong></span> 
     </span>
    </p>
   </div>
   <div class='ocr_carea' id='block_1_21' title="bbox 317 2150 1899 2228">
    <p class='ocr_par' dir='ltr' id='par_1_21' title="bbox 317 2150 1899 2228">
     <span class='ocr_line' id='line_1_21' title="bbox 317 2150 1899 2228; baseline -0.006 -15"><span class='ocrx_word' id='word_1_146' title='bbox 317 2159 365 2214; x_wconf 88' lang='lat' dir='ltr'><strong><em>ei</em></strong></span> <span class='ocrx_word' id='word_1_147' title='bbox 402 2158 546 2212; x_wconf 81' lang='lat' dir='ltr'><strong><em>dixit</em></strong></span> <span class='ocrx_word' id='word_1_148' title='bbox 580 2172 769 2228; x_wconf 90' lang='lat' dir='ltr'><strong><em>pacem</em></strong></span> <span class='ocrx_word' id='word_1_149' title='bbox 805 2158 951 2215; x_wconf 85' lang='lat' dir='ltr'><strong><em>inter</em></strong></span> <span class='ocrx_word' id='word_1_150' title='bbox 984 2155 1336 2228; x_wconf 83' lang='lat' dir='ltr'><strong><em>presbyteros</em></strong></span> <span class='ocrx_word' id='word_1_151' title='bbox 1375 2154 1679 2213; x_wconf 85' lang='lat' dir='ltr'><strong><em>Tarsenses</em></strong></span> <span class='ocrx_word' id='word_1_152' title='bbox 1712 2150 1899 2206; x_wconf 76' lang='lat' dir='ltr'><strong><em>Basilii</em></strong></span> 
     </span>
    </p>
   </div>
   <div class='ocr_carea' id='block_1_22' title="bbox 318 2243 1901 2318">
    <p class='ocr_par' dir='ltr' id='par_1_22' title="bbox 318 2243 1901 2318">
     <span class='ocr_line' id='line_1_22' title="bbox 318 2243 1901 2318; baseline -0.006 -14"><span class='ocrx_word' id='word_1_153' title='bbox 318 2264 485 2318; x_wconf 82' lang='lat' dir='ltr'><strong><em>opera</em></strong></span> <span class='ocrx_word' id='word_1_154' title='bbox 530 2250 841 2305; x_wconf 89' lang='lat' dir='ltr'><strong><em>restitutam</em></strong></span> <span class='ocrx_word' id='word_1_155' title='bbox 883 2264 994 2303; x_wconf 90' lang='lat' dir='ltr'><strong><em>non</em></strong></span> <span class='ocrx_word' id='word_1_156' title='bbox 1041 2247 1249 2305; x_wconf 81' lang='lat' dir='ltr'><strong><em>fuisse?</em></strong></span> <span class='ocrx_word' id='word_1_157' title='bbox 1277 2248 1403 2318; x_wconf 87' lang='lat' dir='ltr'><strong><em>quis</em></strong></span> <span class='ocrx_word' id='word_1_158' title='bbox 1435 2246 1484 2301; x_wconf 89' lang='lat' dir='ltr'><strong><em>ei</em></strong></span> <span class='ocrx_word' id='word_1_159' title='bbox 1524 2245 1661 2307; x_wconf 77' lang='lat' dir='ltr'><strong><em>dixit</em></strong></span> <span class='ocrx_word' id='word_1_160' title='bbox 1690 2243 1901 2300; x_wconf 89' lang='lat' dir='ltr'><strong><em>nullum</em></strong></span> 
     </span>
    </p>
   </div>
   <div class='ocr_carea' id='block_1_23' title="bbox 320 2335 1905 2410">
    <p class='ocr_par' dir='ltr' id='par_1_23' title="bbox 320 2335 1905 2410">
     <span class='ocr_line' id='line_1_23' title="bbox 320 2335 1905 2410; baseline -0.006 -17"><span class='ocrx_word' id='word_1_161' title='bbox 320 2338 526 2394; x_wconf 88' lang='lat' dir='ltr'><strong><em>exitum</em></strong></span> <span class='ocrx_word' id='word_1_162' title='bbox 558 2338 817 2393; x_wconf 85' lang='lat' dir='ltr'><strong><em>habuisse</em></strong></span> <span class='ocrx_word' id='word_1_163' title='bbox 848 2344 1139 2410; x_wconf 86' lang='lat' dir='ltr'><strong><em>susceptos</em></strong></span> <span class='ocrx_word' id='word_1_164' title='bbox 1169 2338 1238 2391; x_wconf 90' lang='lat' dir='ltr'><strong><em>ab</em></strong></span> <span class='ocrx_word' id='word_1_165' title='bbox 1272 2351 1337 2391; x_wconf 92' lang='lat' dir='ltr'><strong><em>eo</em></strong></span> <span class='ocrx_word' id='word_1_166' title='bbox 1368 2335 1604 2397; x_wconf 84' lang='lat' dir='ltr'><strong><em>labores,</em></strong></span> <span class='ocrx_word' id='word_1_167' title='bbox 1638 2340 1719 2395; x_wconf 92' lang='lat' dir='ltr'><strong><em>ut,</em></strong></span> <span class='ocrx_word' id='word_1_168' title='bbox 1751 2339 1905 2409; x_wconf 87' lang='lat' dir='ltr'><strong><em>quot-</em></strong></span> 
     </span>
    </p>
   </div>
   <div class='ocr_carea' id='block_1_24' title="bbox 320 2425 1906 2500">
    <p class='ocr_par' dir='ltr' id='par_1_24' title="bbox 320 2425 1906 2500">
     <span class='ocr_line' id='line_1_24' title="bbox 320 2425 1906 2500; baseline -0.003 -17"><span class='ocrx_word' id='word_1_169' title='bbox 320 2440 451 2500; x_wconf 88' lang='lat' dir='ltr'><strong><em>quot</em></strong></span> <span class='ocrx_word' id='word_1_170' title='bbox 480 2430 754 2486; x_wconf 88' lang='lat' dir='ltr'><strong><em>catholice</em></strong></span> <span class='ocrx_word' id='word_1_171' title='bbox 799 2430 1125 2495; x_wconf 86' lang='lat' dir='ltr'><strong><em>sentiebant,</em></strong></span> <span class='ocrx_word' id='word_1_172' title='bbox 1160 2445 1256 2486; x_wconf 91' lang='lat' dir='ltr'><strong><em>eos</em></strong></span> <span class='ocrx_word' id='word_1_173' title='bbox 1296 2428 1354 2483; x_wconf 93' lang='lat' dir='ltr'><strong><em>in</em></strong></span> <span class='ocrx_word' id='word_1_174' title='bbox 1394 2443 1559 2485; x_wconf 87' lang='lat' dir='ltr'><strong><em>unam</em></strong></span> <span class='ocrx_word' id='word_1_175' title='bbox 1591 2425 1906 2486; x_wconf 85' lang='lat' dir='ltr'><strong><em>consensio-</em></strong></span> 
     </span>
    </p>
   </div>
   <div class='ocr_carea' id='block_1_25' title="bbox 322 2516 1903 2590">
    <p class='ocr_par' dir='ltr' id='par_1_25' title="bbox 322 2516 1903 2590">
     <span class='ocr_line' id='line_1_25' title="bbox 322 2516 1903 2590; baseline -0.005 -13"><span class='ocrx_word' id='word_1_176' title='bbox 322 2539 443 2578; x_wconf 86' lang='lat' dir='ltr'><strong><em>nem</em></strong></span> <span class='ocrx_word' id='word_1_177' title='bbox 478 2538 544 2578; x_wconf 86' lang='lat' dir='ltr'><strong><em>ac</em></strong></span> <span class='ocrx_word' id='word_1_178' title='bbox 583 2523 1029 2580; x_wconf 85' lang='lat' dir='ltr'><strong><em>communionem</em></strong></span> <span class='ocrx_word' id='word_1_179' title='bbox 1063 2522 1392 2587; x_wconf 86' lang='lat' dir='ltr'><strong><em>adduceret;</em></strong></span> <span class='ocrx_word' id='word_1_180' title='bbox 1426 2536 1549 2575; x_wconf 87' lang='lat' dir='ltr'><strong><em>cum</em></strong></span> <span class='ocrx_word' id='word_1_181' title='bbox 1600 2516 1903 2590; x_wconf 74' lang='lat' dir='ltr'><strong><em>pnesertim</em></strong></span> 
     </span>
    </p>
   </div>
   <div class='ocr_carea' id='block_1_26' title="bbox 321 2608 1906 2685">
    <p class='ocr_par' dir='ltr' id='par_1_26' title="bbox 321 2608 1906 2685">
     <span class='ocr_line' id='line_1_26' title="bbox 321 2608 1906 2685; baseline -0.003 -17"><span class='ocrx_word' id='word_1_182' title='bbox 321 2615 372 2668; x_wconf 89' lang='lat' dir='ltr'><strong><em>in</em></strong></span> <span class='ocrx_word' id='word_1_183' title='bbox 403 2613 568 2685; x_wconf 86' lang='lat' dir='ltr'><strong><em>epist.</em></strong></span> <span class='ocrx_word' id='word_1_184' title='bbox 595 2613 686 2679; x_wconf 87' lang='lat'><strong><em>69,</em></strong></span> <span class='ocrx_word' id='word_1_185' title='bbox 718 2613 787 2669; x_wconf 90' lang='lat' dir='ltr'><strong><em>ad</em></strong></span> <span class='ocrx_word' id='word_1_186' title='bbox 833 2623 1088 2670; x_wconf 90' lang='lat' dir='ltr'><strong><em>sanctum</em></strong></span> <span class='ocrx_word' id='word_1_187' title='bbox 1119 2615 1504 2677; x_wconf 83' lang='lat' dir='ltr'><strong><em>Athanasium,</em></strong></span> <span class='ocrx_word' id='word_1_188' title='bbox 1538 2626 1691 2683; x_wconf 87' lang='lat' dir='ltr'><strong><em>spem</em></strong></span> <span class='ocrx_word' id='word_1_189' title='bbox 1739 2608 1906 2681; x_wconf 85' lang='lat' dir='ltr'><strong><em>hujus</em></strong></span> 
     </span>
    </p>
   </div>
   <div class='ocr_carea' id='block_1_27' title="bbox 317 2700 1907 2779">
    <p class='ocr_par' dir='ltr' id='par_1_27' title="bbox 317 2700 1907 2779">
     <span class='ocr_line' id='line_1_27' title="bbox 317 2700 1907 2779; baseline -0.004 -19"><span class='ocrx_word' id='word_1_190' title='bbox 317 2707 537 2764; x_wconf 81' lang='lat' dir='ltr'><strong><em>consilii</em></strong></span> <span class='ocrx_word' id='word_1_191' title='bbox 564 2707 633 2761; x_wconf 90' lang='lat' dir='ltr'><strong><em>ad</em></strong></span> <span class='ocrx_word' id='word_1_192' title='bbox 664 2707 871 2762; x_wconf 78' lang='lat' dir='ltr'><strong><em>exitum</em></strong></span> <span class='ocrx_word' id='word_1_193' title='bbox 898 2707 1234 2779; x_wconf 82' lang='lat' dir='ltr'><strong><em>perducendi</em></strong></span> <span class='ocrx_word' id='word_1_194' title='bbox 1267 2720 1379 2773; x_wconf 67' lang='lat' dir='ltr'><strong><em>prae</em></strong></span> <span class='ocrx_word' id='word_1_195' title='bbox 1409 2720 1467 2761; x_wconf 86' lang='lat' dir='ltr'><strong><em>se</em></strong></span> <span class='ocrx_word' id='word_1_196' title='bbox 1498 2706 1637 2758; x_wconf 86' lang='lat' dir='ltr'><strong><em>ferat</em></strong></span> <span class='ocrx_word' id='word_1_197' title='bbox 1667 2722 1681 2757; x_wconf 88' lang='lat'><strong>:</strong></span> <span class='ocrx_word' id='word_1_198' title='bbox 1719 2703 1774 2756; x_wconf 90' lang='lat' dir='ltr'><strong><em>in</em></strong></span> <span class='ocrx_word' id='word_1_199' title='bbox 1800 2700 1907 2755; x_wconf 88' lang='lat' dir='ltr'><strong><em>alia</em></strong></span> 
     </span>
    </p>
   </div>
   <div class='ocr_carea' id='block_1_28' title="bbox 320 2795 1908 2869">
    <p class='ocr_par' dir='ltr' id='par_1_28' title="bbox 320 2795 1908 2869">
     <span class='ocr_line' id='line_1_28' title="bbox 320 2795 1908 2869; baseline -0.004 -16"><span class='ocrx_word' id='word_1_200' title='bbox 320 2809 505 2859; x_wconf 83' lang='lat' dir='ltr'><strong><em>autem</em></strong></span> <span class='ocrx_word' id='word_1_201' title='bbox 553 2799 624 2857; x_wconf 83' lang='lat' dir='ltr'><strong><em>ad</em></strong></span> <span class='ocrx_word' id='word_1_202' title='bbox 654 2799 907 2855; x_wconf 88' lang='lat' dir='ltr'><strong><em>eumdem</em></strong></span> <span class='ocrx_word' id='word_1_203' title='bbox 944 2798 1303 2853; x_wconf 80' lang='lat' dir='ltr'><strong><em>Athanasium</em></strong></span> <span class='ocrx_word' id='word_1_204' title='bbox 1332 2796 1438 2869; x_wconf 91' lang='lat' dir='ltr'><strong><em>(ep.</em></strong></span> <span class='ocrx_word' id='word_1_205' title='bbox 1490 2796 1579 2867; x_wconf 73' lang='grc'>82)</span> <span class='ocrx_word' id='word_1_206' title='bbox 1629 2795 1908 2863; x_wconf 88' lang='lat' dir='ltr'><strong><em>aliquanto</em></strong></span> 
     </span>
    </p>
   </div>
   <div class='ocr_carea' id='block_1_29' title="bbox 320 2888 1911 2963">
    <p class='ocr_par' dir='ltr' id='par_1_29' title="bbox 320 2888 1911 2963">
     <span class='ocr_line' id='line_1_29' title="bbox 320 2888 1911 2963; baseline -0.004 -16"><span class='ocrx_word' id='word_1_207' title='bbox 320 2898 446 2961; x_wconf 89' lang='lat' dir='ltr'><strong><em>post</em></strong></span> <span class='ocrx_word' id='word_1_208' title='bbox 469 2892 676 2963; x_wconf 89' lang='lat' dir='ltr'><strong><em>scripta</em></strong></span> <span class='ocrx_word' id='word_1_209' title='bbox 699 2890 1235 2963; x_wconf 84' lang='lat' dir='ltr'><strong><em>deelaret,quidquid</em></strong></span> <span class='ocrx_word' id='word_1_210' title='bbox 1251 2889 1398 2946; x_wconf 89' lang='lat' dir='ltr'><strong><em>circa</em></strong></span> <span class='ocrx_word' id='word_1_211' title='bbox 1414 2888 1572 2944; x_wconf 83' lang='lat' dir='ltr'><strong><em>ﬁdem</em></strong></span> <span class='ocrx_word' id='word_1_212' title='bbox 1604 2901 1799 2949; x_wconf 85' lang='lat' dir='ltr'><strong><em>sanum</em></strong></span> <span class='ocrx_word' id='word_1_213' title='bbox 1825 2893 1911 2942; x_wconf 88' lang='lat' dir='ltr'><strong><em>est</em></strong></span> 
     </span>
    </p>
   </div>
   <div class='ocr_carea' id='block_1_30' title="bbox 321 2980 1909 3054">
    <p class='ocr_par' dir='ltr' id='par_1_30' title="bbox 321 2980 1909 3054">
     <span class='ocr_line' id='line_1_30' title="bbox 321 2980 1909 3054; baseline -0.001 -18"><span class='ocrx_word' id='word_1_214' title='bbox 321 2982 378 3036; x_wconf 91' lang='lat' dir='ltr'><strong><em>in</em></strong></span> <span class='ocrx_word' id='word_1_215' title='bbox 410 2982 759 3054; x_wconf 80' lang='lat' dir='ltr'><strong><em>Cappadocia</em></strong></span> <span class='ocrx_word' id='word_1_216' title='bbox 785 2991 841 3039; x_wconf 91' lang='lat' dir='ltr'><strong><em>et</em></strong></span> <span class='ocrx_word' id='word_1_217' title='bbox 885 2984 1081 3039; x_wconf 77' lang='lat' dir='ltr'><strong><em>vicinis</em></strong></span> <span class='ocrx_word' id='word_1_218' title='bbox 1118 2983 1256 3039; x_wconf 92' lang='lat' dir='ltr'><strong><em>locis</em></strong></span> <span class='ocrx_word' id='word_1_219' title='bbox 1284 2998 1411 3039; x_wconf 90' lang='lat' dir='ltr'><strong><em>vere</em></strong></span> <span class='ocrx_word' id='word_1_220' title='bbox 1454 2980 1522 3039; x_wconf 91' lang='lat' dir='ltr'><strong><em>ad</em></strong></span> <span class='ocrx_word' id='word_1_221' title='bbox 1563 2996 1784 3048; x_wconf 89' lang='lat' dir='ltr'><strong><em>eorum,</em></strong></span> <span class='ocrx_word' id='word_1_222' title='bbox 1816 2980 1909 3050; x_wconf 89' lang='lat' dir='ltr'><strong><em>qui</em></strong></span> 
     </span>
    </p>
   </div>
   <div class='ocr_carea' id='block_1_31' title="bbox 322 3067 1913 3143">
    <p class='ocr_par' dir='ltr' id='par_1_31' title="bbox 322 3067 1913 3143">
     <span class='ocr_line' id='line_1_31' title="bbox 322 3067 1913 3143; baseline -0.004 -11"><span class='ocrx_word' id='word_1_223' title='bbox 322 3073 467 3132; x_wconf 88' lang='lat' dir='ltr'><strong><em>idem</em></strong></span> <span class='ocrx_word' id='word_1_224' title='bbox 496 3074 762 3139; x_wconf 89' lang='lat' dir='ltr'><strong><em>sentiunt,</em></strong></span> <span class='ocrx_word' id='word_1_225' title='bbox 793 3076 1238 3130; x_wconf 90' lang='lat' dir='ltr'><strong><em>communionem</em></strong></span> <span class='ocrx_word' id='word_1_226' title='bbox 1278 3082 1334 3129; x_wconf 90' lang='lat' dir='ltr'><strong><em>et</em></strong></span> <span class='ocrx_word' id='word_1_227' title='bbox 1376 3074 1642 3128; x_wconf 88' lang='lat' dir='ltr'><strong><em>unitatem</em></strong></span> <span class='ocrx_word' id='word_1_228' title='bbox 1676 3067 1913 3143; x_wconf 77' lang='lat' dir='ltr'><strong><em>propen-&#39;</em></strong></span> 
     </span>
    </p>
   </div>
   <div class='ocr_carea' id='block_1_32' title="bbox 323 3164 1976 3255">
    <p class='ocr_par' dir='ltr' id='par_1_32' title="bbox 323 3164 1976 3255">
     <span class='ocr_line' id='line_1_32' title="bbox 323 3164 1976 3255; baseline -0.004 -32"><span class='ocrx_word' id='word_1_229' title='bbox 323 3166 485 3223; x_wconf 81' lang='lat' dir='ltr'><strong><em>dere?</em></strong></span> <span class='ocrx_word' id='word_1_230' title='bbox 527 3165 686 3236; x_wconf 87' lang='lat' dir='ltr'><strong><em>Quod</em></strong></span> <span class='ocrx_word' id='word_1_231' title='bbox 718 3174 927 3239; x_wconf 85' lang='lat' dir='ltr'><strong><em>spectat</em></strong></span> <span class='ocrx_word' id='word_1_232' title='bbox 968 3166 1037 3222; x_wconf 90' lang='lat' dir='ltr'><strong><em>ad</em></strong></span> <span class='ocrx_word' id='word_1_233' title='bbox 1082 3164 1647 3230; x_wconf 87' lang='lat' dir='ltr'><strong><em>Pneumatomachos,</em></strong></span> <span class='ocrx_word' id='word_1_234' title='bbox 1692 3178 1909 3235; x_wconf 89' lang='lat' dir='ltr'><strong><em>semper</em></strong></span> <span class='ocrx_word' id='word_1_235' title='bbox 1932 3198 1976 3255; x_wconf 62' lang='grc' dir='ltr'><em>ε</em></span> 
     </span>
    </p>
   </div>
   <div class='ocr_carea' id='block_1_33' title="bbox 326 3255 1906 3330">
    <p class='ocr_par' dir='ltr' id='par_1_33' title="bbox 326 3255 1906 3330">
     <span class='ocr_line' id='line_1_33' title="bbox 326 3255 1906 3330; baseline -0.002 -17"><span class='ocrx_word' id='word_1_236' title='bbox 326 3258 402 3313; x_wconf 91' lang='lat' dir='ltr'><strong><em>illi</em></strong></span> <span class='ocrx_word' id='word_1_237' title='bbox 432 3258 656 3328; x_wconf 90' lang='lat' dir='ltr'><strong><em>quidem</em></strong></span> <span class='ocrx_word' id='word_1_238' title='bbox 681 3259 883 3315; x_wconf 88' lang='lat' dir='ltr'><strong><em>bellum</em></strong></span> <span class='ocrx_word' id='word_1_239' title='bbox 914 3257 1246 3330; x_wconf 83' lang='lat' dir='ltr'><strong><em>inexpiabile</em></strong></span> <span class='ocrx_word' id='word_1_240' title='bbox 1274 3272 1398 3312; x_wconf 90' lang='lat' dir='ltr'><strong><em>cum</em></strong></span> <span class='ocrx_word' id='word_1_241' title='bbox 1421 3255 1624 3313; x_wconf 87' lang='lat' dir='ltr'><strong><em>Basilio</em></strong></span> <span class='ocrx_word' id='word_1_242' title='bbox 1655 3270 1906 3325; x_wconf 83' lang='lat' dir='ltr'><strong><em>gessere,</em></strong></span> 
     </span>
    </p>
   </div>
   <div class='ocr_carea' id='block_1_34' title="bbox 326 3345 1909 3421">
    <p class='ocr_par' dir='ltr' id='par_1_34' title="bbox 326 3345 1909 3421">
     <span class='ocr_line' id='line_1_34' title="bbox 326 3345 1909 3421; baseline -0.004 -14"><span class='ocrx_word' id='word_1_243' title='bbox 326 3350 421 3407; x_wconf 71' lang='lat' dir='ltr'><strong><em>sed</em></strong></span> <span class='ocrx_word' id='word_1_244' title='bbox 457 3358 645 3405; x_wconf 89' lang='lat' dir='ltr'><strong><em>tamen</em></strong></span> <span class='ocrx_word' id='word_1_245' title='bbox 677 3357 828 3405; x_wconf 89' lang='lat' dir='ltr'><strong><em>certa</em></strong></span> <span class='ocrx_word' id='word_1_246' title='bbox 874 3356 929 3405; x_wconf 90' lang='lat' dir='ltr'><strong><em>et</em></strong></span> <span class='ocrx_word' id='word_1_247' title='bbox 960 3350 1244 3421; x_wconf 85' lang='lat' dir='ltr'><strong><em>explorata</em></strong></span> <span class='ocrx_word' id='word_1_248' title='bbox 1280 3363 1372 3404; x_wconf 89' lang='lat' dir='ltr'><strong><em>res</em></strong></span> <span class='ocrx_word' id='word_1_249' title='bbox 1411 3354 1519 3413; x_wconf 86' lang='lat' dir='ltr'><strong><em>est,</em></strong></span> <span class='ocrx_word' id='word_1_250' title='bbox 1552 3345 1909 3418; x_wconf 87' lang='lat' dir='ltr'><strong><em>gravissimas</em></strong></span> 
     </span>
    </p>
   </div>
   <div class='ocr_carea' id='block_1_35' title="bbox 295 3438 1910 3513">
    <p class='ocr_par' dir='ltr' id='par_1_35' title="bbox 295 3438 1910 3513">
     <span class='ocr_line' id='line_1_35' title="bbox 295 3438 1910 3513; baseline -0.004 -15"><span class='ocrx_word' id='word_1_251' title='bbox 295 3455 450 3498; x_wconf 84' lang='lat' dir='ltr'><strong><em>.eum</em></strong></span> <span class='ocrx_word' id='word_1_252' title='bbox 495 3440 764 3510; x_wconf 85' lang='lat' dir='ltr'><strong><em>procellas</em></strong></span> <span class='ocrx_word' id='word_1_253' title='bbox 796 3454 828 3495; x_wconf 90' lang='lat' dir='ltr'><strong><em>a</em></strong></span> <span class='ocrx_word' id='word_1_254' title='bbox 874 3438 1223 3513; x_wconf 86' lang='lat' dir='ltr'><strong><em>Cappadocia</em></strong></span> <span class='ocrx_word' id='word_1_255' title='bbox 1252 3438 1634 3510; x_wconf 90' lang='lat' dir='ltr'><strong><em>propulsasse,</em></strong></span> <span class='ocrx_word' id='word_1_256' title='bbox 1665 3451 1781 3491; x_wconf 87' lang='lat' dir='ltr'><strong><em>non</em></strong></span> <span class='ocrx_word' id='word_1_257' title='bbox 1814 3450 1910 3492; x_wconf 77' lang='lat' dir='ltr'><strong><em>so-</em></strong></span> 
     </span>
    </p>
   </div>
   <div class='ocr_carea' id='block_1_36' title="bbox 327 3526 1911 3602">
    <p class='ocr_par' dir='ltr' id='par_1_36' title="bbox 327 3526 1911 3602">
     <span class='ocr_line' id='line_1_36' title="bbox 327 3526 1911 3602; baseline -0.002 -18"><span class='ocrx_word' id='word_1_258' title='bbox 327 3530 439 3585; x_wconf 86' lang='lat' dir='ltr'><strong><em>lum</em></strong></span> <span class='ocrx_word' id='word_1_259' title='bbox 467 3531 682 3602; x_wconf 83' lang='lat' dir='ltr'><strong><em>magnis</em></strong></span> <span class='ocrx_word' id='word_1_260' title='bbox 706 3531 908 3601; x_wconf 72' lang='lat' dir='ltr'><strong><em>praeliis</em></strong></span> <span class='ocrx_word' id='word_1_261' title='bbox 939 3530 1302 3597; x_wconf 88' lang='lat' dir='ltr'><strong><em>sustinendis,</em></strong></span> <span class='ocrx_word' id='word_1_262' title='bbox 1334 3531 1429 3585; x_wconf 90' lang='lat' dir='ltr'><strong><em>sed</em></strong></span> <span class='ocrx_word' id='word_1_263' title='bbox 1453 3529 1615 3587; x_wconf 87' lang='lat' dir='ltr'><strong><em>etiam</em></strong></span> <span class='ocrx_word' id='word_1_264' title='bbox 1650 3526 1911 3599; x_wconf 90' lang='lat' dir='ltr'><strong><em>prudenti</em></strong></span> 
     </span>
    </p>
   </div>
   <div class='ocr_carea' id='block_1_37' title="bbox 330 3618 1912 3688">
    <p class='ocr_par' dir='ltr' id='par_1_37' title="bbox 330 3618 1912 3688">
     <span class='ocr_line' id='line_1_37' title="bbox 330 3618 1912 3688; baseline -0.003 -11"><span class='ocrx_word' id='word_1_265' title='bbox 330 3637 572 3688; x_wconf 77' lang='lat' dir='ltr'><strong><em>secessu,</em></strong></span> <span class='ocrx_word' id='word_1_266' title='bbox 608 3638 731 3678; x_wconf 91' lang='lat' dir='ltr'><strong><em>cum</em></strong></span> <span class='ocrx_word' id='word_1_267' title='bbox 759 3621 1139 3678; x_wconf 67' lang='lat' dir='ltr'><strong><em>haereticorum</em></strong></span> <span class='ocrx_word' id='word_1_268' title='bbox 1171 3621 1402 3677; x_wconf 89' lang='lat' dir='ltr'><strong><em>insidias</em></strong></span> <span class='ocrx_word' id='word_1_269' title='bbox 1433 3636 1578 3676; x_wconf 90' lang='lat' dir='ltr'><strong><em>anno</em></strong></span> <span class='ocrx_word' id='word_1_270' title='bbox 1606 3620 1705 3675; x_wconf 76' lang='grc'><strong><em>571</em></strong></span> <span class='ocrx_word' id='word_1_271' title='bbox 1740 3618 1912 3674; x_wconf 81' lang='lat' dir='ltr'><strong><em>decli-</em></strong></span> 
     </span>
    </p>
   </div>
   <div class='ocr_carea' id='block_1_38' title="bbox 331 3711 1912 3774">
    <p class='ocr_par' dir='ltr' id='par_1_38' title="bbox 331 3711 1912 3774">
     <span class='ocr_line' id='line_1_38' title="bbox 331 3711 1912 3774; baseline -0.004 -4"><span class='ocrx_word' id='word_1_272' title='bbox 331 3715 502 3774; x_wconf 85' lang='lat' dir='ltr'><strong><em>navit.</em></strong></span> <span class='ocrx_word' id='word_1_273' title='bbox 534 3712 705 3768; x_wconf 84' lang='lat' dir='ltr'><strong><em>Erant</em></strong></span> <span class='ocrx_word' id='word_1_274' title='bbox 731 3713 876 3767; x_wconf 91' lang='lat' dir='ltr'><strong><em>enim</em></strong></span> <span class='ocrx_word' id='word_1_275' title='bbox 906 3713 961 3770; x_wconf 85' lang='lat' dir='ltr'><strong><em>in</em></strong></span> <span class='ocrx_word' id='word_1_276' title='bbox 997 3711 1216 3769; x_wconf 87' lang='lat' dir='ltr'><strong><em>insidiis</em></strong></span> <span class='ocrx_word' id='word_1_277' title='bbox 1244 3711 1524 3773; x_wconf 87' lang='lat' dir='ltr'><strong><em>collocati,</em></strong></span> <span class='ocrx_word' id='word_1_278' title='bbox 1552 3718 1614 3764; x_wconf 88' lang='lat' dir='ltr'><strong><em>ut</em></strong></span> <span class='ocrx_word' id='word_1_279' title='bbox 1644 3725 1755 3764; x_wconf 91' lang='lat' dir='ltr'><strong><em>una</em></strong></span> <span class='ocrx_word' id='word_1_280' title='bbox 1776 3724 1912 3764; x_wconf 88' lang='lat' dir='ltr'><strong><em>voce</em></strong></span> 
     </span>
    </p>
   </div>
   <div class='ocr_carea' id='block_1_39' title="bbox 335 3799 1911 3875">
    <p class='ocr_par' dir='ltr' id='par_1_39' title="bbox 335 3799 1911 3875">
     <span class='ocr_line' id='line_1_39' title="bbox 335 3799 1911 3875; baseline -0.005 -13"><span class='ocrx_word' id='word_1_281' title='bbox 335 3822 396 3862; x_wconf 81' lang='lat' dir='ltr'><strong><em>ex</em></strong></span> <span class='ocrx_word' id='word_1_282' title='bbox 430 3804 551 3873; x_wconf 87' lang='lat' dir='ltr'><strong><em>ejus</em></strong></span> <span class='ocrx_word' id='word_1_283' title='bbox 584 3820 680 3860; x_wconf 89' lang='lat' dir='ltr'><strong><em>ore</em></strong></span> <span class='ocrx_word' id='word_1_284' title='bbox 707 3812 926 3874; x_wconf 91' lang='lat' dir='ltr'><strong><em>arrepta</em></strong></span> <span class='ocrx_word' id='word_1_285' title='bbox 947 3844 962 3869; x_wconf 95' lang='lat'><strong><em>,</em></strong></span> <span class='ocrx_word' id='word_1_286' title='bbox 997 3804 1261 3875; x_wconf 84' lang='lat' dir='ltr'><strong><em>impetum</em></strong></span> <span class='ocrx_word' id='word_1_287' title='bbox 1311 3803 1367 3857; x_wconf 90' lang='lat' dir='ltr'><strong><em>in</em></strong></span> <span class='ocrx_word' id='word_1_288' title='bbox 1414 3801 1718 3859; x_wconf 89' lang='lat' dir='ltr'><strong><em>Ecclesiam</em></strong></span> <span class='ocrx_word' id='word_1_289' title='bbox 1760 3799 1911 3854; x_wconf 88' lang='lat' dir='ltr'><strong><em>face-</em></strong></span> 
     </span>
    </p>
   </div>
   <div class='ocr_carea' id='block_1_40' title="bbox 331 3889 1912 3964">
    <p class='ocr_par' dir='ltr' id='par_1_40' title="bbox 331 3889 1912 3964">
     <span class='ocr_line' id='line_1_40' title="bbox 331 3889 1912 3964; baseline -0.004 -13"><span class='ocrx_word' id='word_1_290' title='bbox 331 3903 475 3954; x_wconf 84' lang='lat' dir='ltr'><strong><em>rent.</em></strong></span> <span class='ocrx_word' id='word_1_291' title='bbox 510 3893 691 3961; x_wconf 87' lang='lat' dir='ltr'><strong><em>Quare</em></strong></span> <span class='ocrx_word' id='word_1_292' title='bbox 721 3901 801 3949; x_wconf 92' lang='lat' dir='ltr'><strong><em>tot</em></strong></span> <span class='ocrx_word' id='word_1_293' title='bbox 831 3910 896 3949; x_wconf 90' lang='lat' dir='ltr'><strong><em>ac</em></strong></span> <span class='ocrx_word' id='word_1_294' title='bbox 926 3901 1076 3950; x_wconf 91' lang='lat' dir='ltr'><strong><em>tanta</em></strong></span> <span class='ocrx_word' id='word_1_295' title='bbox 1110 3892 1294 3964; x_wconf 66' lang='lat' dir='ltr'><strong><em>praelia</em></strong></span> <span class='ocrx_word' id='word_1_296' title='bbox 1323 3907 1434 3947; x_wconf 92' lang='lat' dir='ltr'><strong><em>non</em></strong></span> <span class='ocrx_word' id='word_1_297' title='bbox 1463 3897 1729 3948; x_wconf 86' lang='lat' dir='ltr'><strong><em>certasset</em></strong></span> <span class='ocrx_word' id='word_1_298' title='bbox 1757 3889 1912 3945; x_wconf 83' lang='lat' dir='ltr'><strong><em>Basi-</em></strong></span> 
     </span>
    </p>
   </div>
   <div class='ocr_carea' id='block_1_41' title="bbox 332 3983 1908 4058">
    <p class='ocr_par' dir='ltr' id='par_1_41' title="bbox 332 3983 1908 4058">
     <span class='ocr_line' id='line_1_41' title="bbox 332 3983 1908 4058; baseline -0.004 -14"><span class='ocrx_word' id='word_1_299' title='bbox 332 3987 462 4051; x_wconf 86' lang='lat' dir='ltr'><strong><em>lius.</em></strong></span> <span class='ocrx_word' id='word_1_300' title='bbox 498 3988 605 4043; x_wconf 89' lang='lat' dir='ltr'><strong><em>nisi</em></strong></span> <span class='ocrx_word' id='word_1_301' title='bbox 644 3994 808 4042; x_wconf 88' lang='lat' dir='ltr'><strong><em>cauta</em></strong></span> <span class='ocrx_word' id='word_1_302' title='bbox 837 3995 893 4041; x_wconf 92' lang='lat' dir='ltr'><strong><em>et</em></strong></span> <span class='ocrx_word' id='word_1_303' title='bbox 918 3986 1148 4058; x_wconf 87' lang='lat' dir='ltr'><strong><em>provida</em></strong></span> <span class='ocrx_word' id='word_1_304' title='bbox 1175 3985 1405 4040; x_wconf 90' lang='lat' dir='ltr'><strong><em>consilia</em></strong></span> <span class='ocrx_word' id='word_1_305' title='bbox 1447 3983 1863 4056; x_wconf 68' lang='lat' dir='ltr'><strong><em>prascessissent</em></strong></span> <span class='ocrx_word' id='word_1_306' title='bbox 1894 4000 1908 4038; x_wconf 93' lang='lat'>:</span> 
     </span>
    </p>
   </div>
   <div class='ocr_carea' id='block_1_42' title="bbox 331 4070 1914 4144">
    <p class='ocr_par' dir='ltr' id='par_1_42' title="bbox 331 4070 1914 4144">
     <span class='ocr_line' id='line_1_42' title="bbox 331 4070 1914 4144; baseline -0.004 -11"><span class='ocrx_word' id='word_1_307' title='bbox 331 4094 441 4134; x_wconf 88' lang='lat' dir='ltr'><strong><em>non</em></strong></span> <span class='ocrx_word' id='word_1_308' title='bbox 473 4085 556 4133; x_wconf 90' lang='lat' dir='ltr'><strong><em>tot</em></strong></span> <span class='ocrx_word' id='word_1_309' title='bbox 586 4077 872 4132; x_wconf 85' lang='lat' dir='ltr'><strong><em>fulsisscnt</em></strong></span> <span class='ocrx_word' id='word_1_310' title='bbox 899 4076 1188 4140; x_wconf 87' lang='lat' dir='ltr'><strong><em>miracula,</em></strong></span> <span class='ocrx_word' id='word_1_311' title='bbox 1231 4090 1341 4131; x_wconf 88' lang='lat' dir='ltr'><strong><em>non</em></strong></span> <span class='ocrx_word' id='word_1_312' title='bbox 1372 4072 1773 4144; x_wconf 86' lang='lat' dir='ltr'><strong><em>Cappadociam</em></strong></span> <span class='ocrx_word' id='word_1_313' title='bbox 1806 4070 1914 4126; x_wconf 85' lang='lat' dir='ltr'><strong><em>Va-</em></strong></span> 
     </span>
    </p>
   </div>
   <div class='ocr_carea' id='block_1_43' title="bbox 332 4163 1913 4237">
    <p class='ocr_par' dir='ltr' id='par_1_43' title="bbox 332 4163 1913 4237">
     <span class='ocr_line' id='line_1_43' title="bbox 332 4163 1913 4237; baseline -0.004 -13"><span class='ocrx_word' id='word_1_314' title='bbox 332 4167 453 4225; x_wconf 89' lang='lat' dir='ltr'><strong><em>lens</em></strong></span> <span class='ocrx_word' id='word_1_315' title='bbox 479 4183 643 4223; x_wconf 90' lang='lat' dir='ltr'><strong><em>unam</em></strong></span> <span class='ocrx_word' id='word_1_316' title='bbox 667 4183 735 4222; x_wconf 86' lang='lat' dir='ltr'><strong><em>ex</em></strong></span> <span class='ocrx_word' id='word_1_317' title='bbox 764 4165 1022 4221; x_wconf 91' lang='lat' dir='ltr'><strong><em>omnibus</em></strong></span> <span class='ocrx_word' id='word_1_318' title='bbox 1056 4165 1356 4237; x_wconf 86' lang='lat' dir='ltr'><strong><em>provinciis</em></strong></span> <span class='ocrx_word' id='word_1_319' title='bbox 1388 4165 1643 4219; x_wconf 82' lang='lat' dir='ltr'><strong><em>eximiam</em></strong></span> <span class='ocrx_word' id='word_1_320' title='bbox 1685 4163 1913 4218; x_wconf 86' lang='lat' dir='ltr'><strong><em>habuis-</em></strong></span> 
     </span>
    </p>
   </div>
   <div class='ocr_carea' id='block_1_44' title="bbox 334 4254 1915 4329">
    <p class='ocr_par' dir='ltr' id='par_1_44' title="bbox 334 4254 1915 4329">
     <span class='ocr_line' id='line_1_44' title="bbox 334 4254 1915 4329; baseline -0.006 -13"><span class='ocrx_word' id='word_1_321' title='bbox 334 4268 438 4324; x_wconf 83' lang='lat' dir='ltr'><strong><em>set,</em></strong></span> <span class='ocrx_word' id='word_1_322' title='bbox 464 4260 510 4315; x_wconf 88' lang='lat' dir='ltr'><strong><em>si</em></strong></span> <span class='ocrx_word' id='word_1_323' title='bbox 537 4259 801 4314; x_wconf 87' lang='lat' dir='ltr'><strong><em>Basilium</em></strong></span> <span class='ocrx_word' id='word_1_324' title='bbox 823 4274 935 4314; x_wconf 89' lang='lat' dir='ltr'><strong><em>non</em></strong></span> <span class='ocrx_word' id='word_1_325' title='bbox 965 4258 1086 4329; x_wconf 91' lang='lat' dir='ltr'><strong><em>plus</em></strong></span> <span class='ocrx_word' id='word_1_326' title='bbox 1117 4258 1380 4313; x_wconf 87' lang='lat' dir='ltr'><strong><em>movisset</em></strong></span> <span class='ocrx_word' id='word_1_327' title='bbox 1401 4256 1773 4311; x_wconf 87' lang='lat' dir='ltr'><strong><em>Ecclesiarum</em></strong></span> <span class='ocrx_word' id='word_1_328' title='bbox 1806 4254 1915 4311; x_wconf 88' lang='lat' dir='ltr'><strong><em>uti-</em></strong></span> 
     </span>
    </p>
   </div>
   <div class='ocr_carea' id='block_1_45' title="bbox 334 4349 1735 4422">
    <p class='ocr_par' dir='ltr' id='par_1_45' title="bbox 334 4349 1735 4422">
     <span class='ocr_line' id='line_1_45' title="bbox 334 4349 1735 4422; baseline -0.006 -12"><span class='ocrx_word' id='word_1_329' title='bbox 334 4352 486 4416; x_wconf 89' lang='lat' dir='ltr'><strong><em>litas,</em></strong></span> <span class='ocrx_word' id='word_1_330' title='bbox 527 4367 696 4422; x_wconf 91' lang='lat' dir='ltr'><strong><em>quam</em></strong></span> <span class='ocrx_word' id='word_1_331' title='bbox 731 4351 1055 4406; x_wconf 89' lang='lat' dir='ltr'><strong><em>calidiorum</em></strong></span> <span class='ocrx_word' id='word_1_332' title='bbox 1096 4350 1440 4421; x_wconf 75' lang='lat' dir='ltr'><strong><em>ingeniorum</em></strong></span> <span class='ocrx_word' id='word_1_333' title='bbox 1480 4349 1735 4419; x_wconf 83' lang='lat' dir='ltr'><strong><em>querelae.</em></strong></span> 
     </span>
    </p>
   </div>
   <div class='ocr_carea' id='block_1_46' title="bbox 402 4437 1912 4513">
    <p class='ocr_par' dir='ltr' id='par_1_46' title="bbox 402 4437 1912 4513">
     <span class='ocr_line' id='line_1_46' title="bbox 402 4437 1912 4513; baseline -0.003 -17"><span class='ocrx_word' id='word_1_334' title='bbox 402 4442 523 4498; x_wconf 81' lang='lat' dir='ltr'><strong><em>Non</em></strong></span> <span class='ocrx_word' id='word_1_335' title='bbox 586 4442 775 4497; x_wconf 88' lang='lat' dir='ltr'><strong><em>tutiori</em></strong></span> <span class='ocrx_word' id='word_1_336' title='bbox 825 4441 1184 4497; x_wconf 80' lang='lat' dir='ltr'><strong><em>fundamento</em></strong></span> <span class='ocrx_word' id='word_1_337' title='bbox 1214 4441 1413 4497; x_wconf 89' lang='lat' dir='ltr'><strong><em>nititur</em></strong></span> <span class='ocrx_word' id='word_1_338' title='bbox 1458 4439 1605 4513; x_wconf 88' lang='lat' dir='ltr'><strong><em>quod</em></strong></span> <span class='ocrx_word' id='word_1_339' title='bbox 1650 4440 1728 4494; x_wconf 87' lang='lat' dir='ltr'><strong><em>ait</em></strong></span> <span class='ocrx_word' id='word_1_340' title='bbox 1768 4437 1912 4494; x_wconf 87' lang='lat' dir='ltr'><strong><em>idem</em></strong></span> 
     </span>
    </p>
   </div>
   <div class='ocr_carea' id='block_1_47' title="bbox 2004 580 3150 673">
    <p class='ocr_par' dir='ltr' id='par_1_47' title="bbox 2004 580 3150 673">
     <span class='ocr_line' id='line_1_47' title="bbox 2004 580 3150 673; baseline -0.017 -22"><span class='ocrx_word' id='word_1_341' title='bbox 2004 596 2256 667; x_wconf 82' lang='lat' dir='ltr'><strong><em>dogmate</em></strong></span> <span class='ocrx_word' id='word_1_342' title='bbox 2289 588 2494 673; x_wconf 86' lang='lat' dir='ltr'><strong><em>tuendo</em></strong></span> <span class='ocrx_word' id='word_1_343' title='bbox 2521 585 2830 661; x_wconf 64' lang='lat' dir='ltr'><strong><em>constantia</em></strong></span> <span class='ocrx_word' id='word_1_344' title='bbox 2867 580 3150 651; x_wconf 87' lang='lat' dir='ltr'><strong><em>disjunxit.</em></strong></span> 
     </span>
    </p>
   </div>
   <div class='ocr_carea' id='block_1_48' title="bbox 2073 735 3577 809">
    <p class='ocr_par' dir='ltr' id='par_1_48' title="bbox 2073 735 3577 809">
     <span class='ocr_line' id='line_1_48' title="bbox 2073 735 3577 809; baseline -0.013 -4"><span class='ocrx_word' id='word_1_345' title='bbox 2073 750 2335 804; x_wconf 82' lang='lat' dir='ltr'><strong><em>Formula</em></strong></span> <span class='ocrx_word' id='word_1_346' title='bbox 2364 750 2567 808; x_wconf 89' lang='lat' dir='ltr'><strong><em>autem,</em></strong></span> <span class='ocrx_word' id='word_1_347' title='bbox 2590 741 2681 798; x_wconf 92' lang='lat' dir='ltr'><strong><em>cui</em></strong></span> <span class='ocrx_word' id='word_1_348' title='bbox 2722 737 3052 809; x_wconf 81' lang='lat' dir='ltr'><strong><em>&#39;snbscripsit</em></strong></span> <span class='ocrx_word' id='word_1_349' title='bbox 3088 735 3437 799; x_wconf 88' lang='lat' dir='ltr'><strong><em>Eustathius,</em></strong></span> <span class='ocrx_word' id='word_1_350' title='bbox 3465 749 3577 787; x_wconf 90' lang='lat' dir='ltr'><strong><em>non</em></strong></span> 
     </span>
    </p>
   </div>
   <div class='ocr_carea' id='block_1_49' title="bbox 2001 828 3577 903">
    <p class='ocr_par' dir='ltr' id='par_1_49' title="bbox 2001 828 3577 903">
     <span class='ocr_line' id='line_1_49' title="bbox 2001 828 3577 903; baseline -0.012 -3"><span class='ocrx_word' id='word_1_351' title='bbox 2001 843 2176 900; x_wconf 90' lang='lat' dir='ltr'><strong><em>solius</em></strong></span> <span class='ocrx_word' id='word_1_352' title='bbox 2231 838 2453 903; x_wconf 87' lang='lat' dir='ltr'><strong><em>Basilii,</em></strong></span> <span class='ocrx_word' id='word_1_353' title='bbox 2493 835 2588 893; x_wconf 88' lang='lat' dir='ltr'><strong><em>sed</em></strong></span> <span class='ocrx_word' id='word_1_354' title='bbox 2629 835 2795 891; x_wconf 87' lang='lat' dir='ltr'><strong><em>etiam</em></strong></span> <span class='ocrx_word' id='word_1_355' title='bbox 2827 831 3095 888; x_wconf 88' lang='lat' dir='ltr'><strong><em>Theodoti</em></strong></span> <span class='ocrx_word' id='word_1_356' title='bbox 3122 837 3177 885; x_wconf 90' lang='lat' dir='ltr'><strong><em>et</em></strong></span> <span class='ocrx_word' id='word_1_357' title='bbox 3212 828 3409 882; x_wconf 82' lang='lat' dir='ltr'><strong><em>Meletii</em></strong></span> <span class='ocrx_word' id='word_1_358' title='bbox 3439 842 3577 896; x_wconf 88' lang='lat' dir='ltr'><strong><em>opus</em></strong></span> 
     </span>
    </p>
   </div>
   <div class='ocr_carea' id='block_1_50' title="bbox 1997 920 3578 998">
    <p class='ocr_par' dir='ltr' id='par_1_50' title="bbox 1997 920 3578 998">
     <span class='ocr_line' id='line_1_50' title="bbox 1997 920 3578 998; baseline -0.011 -11"><span class='ocrx_word' id='word_1_359' title='bbox 1997 939 2103 998; x_wconf 89' lang='lat' dir='ltr'><strong><em>est;</em></strong></span> <span class='ocrx_word' id='word_1_360' title='bbox 2130 938 2186 986; x_wconf 90' lang='lat' dir='ltr'><strong><em>et</em></strong></span> <span class='ocrx_word' id='word_1_361' title='bbox 2226 943 2354 983; x_wconf 90' lang='lat' dir='ltr'><strong><em>cum</em></strong></span> <span class='ocrx_word' id='word_1_362' title='bbox 2386 929 2819 997; x_wconf 88' lang='lat' dir='ltr'><strong><em>temperamento</em></strong></span> <span class='ocrx_word' id='word_1_363' title='bbox 2850 930 2904 978; x_wconf 92' lang='lat' dir='ltr'><strong><em>et</em></strong></span> <span class='ocrx_word' id='word_1_364' title='bbox 2937 920 3441 976; x_wconf 88' lang='lat' dir='ltr'><strong><em>accommodatione</em></strong></span> <span class='ocrx_word' id='word_1_365' title='bbox 3468 933 3578 972; x_wconf 85' lang='lat' dir='ltr'><strong><em>non</em></strong></span> 
     </span>
    </p>
   </div>
   <div class='ocr_carea' id='block_1_51' title="bbox 1999 1007 3579 1087">
    <p class='ocr_par' dir='ltr' id='par_1_51' title="bbox 1999 1007 3579 1087">
     <span class='ocr_line' id='line_1_51' title="bbox 1999 1007 3579 1087; baseline -0.009 -11"><span class='ocrx_word' id='word_1_366' title='bbox 1999 1027 2209 1084; x_wconf 86' lang='lat' dir='ltr'><strong><em>careat,</em></strong></span> <span class='ocrx_word' id='word_1_367' title='bbox 2239 1032 2344 1074; x_wconf 85' lang='lat' dir='ltr'><strong><em>nec</em></strong></span> <span class='ocrx_word' id='word_1_368' title='bbox 2375 1016 2642 1087; x_wconf 87' lang='lat' dir='ltr'><strong><em>Spiritum</em></strong></span> <span class='ocrx_word' id='word_1_369' title='bbox 2686 1022 2935 1069; x_wconf 90' lang='lat' dir='ltr'><strong><em>sanctum</em></strong></span> <span class='ocrx_word' id='word_1_370' title='bbox 2959 1010 3191 1081; x_wconf 87' lang='lat' dir='ltr'><strong><em>appellet</em></strong></span> <span class='ocrx_word' id='word_1_371' title='bbox 3217 1007 3385 1063; x_wconf 90' lang='lat' dir='ltr'><strong><em>Deum</em></strong></span> <span class='ocrx_word' id='word_1_372' title='bbox 3405 1046 3420 1071; x_wconf 92' lang='lat'><strong><em>,</em></strong></span> <span class='ocrx_word' id='word_1_373' title='bbox 3451 1008 3579 1077; x_wconf 89' lang='lat' dir='ltr'><strong><em>quis</em></strong></span> 
     </span>
    </p>
   </div>
   <div class='ocr_carea' id='block_1_52' title="bbox 1999 1102 3580 1180">
    <p class='ocr_par' dir='ltr' id='par_1_52' title="bbox 1999 1102 3580 1180">
     <span class='ocr_line' id='line_1_52' title="bbox 1999 1102 3580 1180; baseline -0.009 -13"><span class='ocrx_word' id='word_1_374' title='bbox 1999 1113 2188 1168; x_wconf 86' lang='lat' dir='ltr'><strong><em>credat</em></strong></span> <span class='ocrx_word' id='word_1_375' title='bbox 2235 1126 2362 1167; x_wconf 90' lang='lat' dir='ltr'><strong><em>cum</em></strong></span> <span class='ocrx_word' id='word_1_376' title='bbox 2403 1107 2656 1180; x_wconf 88' lang='lat' dir='ltr'><strong><em>opusculi</em></strong></span> <span class='ocrx_word' id='word_1_377' title='bbox 2707 1112 2965 1169; x_wconf 90' lang='lat' dir='ltr'><strong><em>auctore,</em></strong></span> <span class='ocrx_word' id='word_1_378' title='bbox 2998 1102 3580 1172; x_wconf 82' lang='lat' dir='ltr'><strong><em>Basiliumpropterea</em></strong></span> 
     </span>
    </p>
   </div>
   <div class='ocr_carea' id='block_1_53' title="bbox 2005 1190 3580 1262">
    <p class='ocr_par' dir='ltr' id='par_1_53' title="bbox 2005 1190 3580 1262">
     <span class='ocr_line' id='line_1_53' title="bbox 2005 1190 3580 1262; baseline -0.009 -3"><span class='ocrx_word' id='word_1_379' title='bbox 2005 1203 2285 1260; x_wconf 90' lang='lat' dir='ltr'><strong><em>Theodoto</em></strong></span> <span class='ocrx_word' id='word_1_380' title='bbox 2330 1210 2384 1257; x_wconf 90' lang='lat' dir='ltr'><strong><em>et</em></strong></span> <span class='ocrx_word' id='word_1_381' title='bbox 2417 1201 2634 1256; x_wconf 81' lang='lat' dir='ltr'><strong><em>Meletio</em></strong></span> <span class='ocrx_word' id='word_1_382' title='bbox 2675 1200 2733 1255; x_wconf 90' lang='lat' dir='ltr'><strong><em>in</em></strong></span> <span class='ocrx_word' id='word_1_383' title='bbox 2764 1198 3117 1254; x_wconf 69' lang='lat' dir='ltr'><strong><em>otl‘ensionem</em></strong></span> <span class='ocrx_word' id='word_1_384' title='bbox 3148 1194 3386 1257; x_wconf 88' lang='lat' dir='ltr'><strong><em>venisse,</em></strong></span> <span class='ocrx_word' id='word_1_385' title='bbox 3433 1190 3580 1262; x_wconf 88' lang='lat' dir='ltr'><strong><em>quod</em></strong></span> 
     </span>
    </p>
   </div>
   <div class='ocr_carea' id='block_1_54' title="bbox 2001 1284 3580 1362">
    <p class='ocr_par' dir='ltr' id='par_1_54' title="bbox 2001 1284 3580 1362">
     <span class='ocr_line' id='line_1_54' title="bbox 2001 1284 3580 1362; baseline -0.008 -11"><span class='ocrx_word' id='word_1_386' title='bbox 2001 1297 2096 1353; x_wconf 89' lang='lat' dir='ltr'><strong><em>Dei</em></strong></span> <span class='ocrx_word' id='word_1_387' title='bbox 2125 1311 2325 1352; x_wconf 88' lang='lat' dir='ltr'><strong><em>nomen</em></strong></span> <span class='ocrx_word' id='word_1_388' title='bbox 2355 1294 2635 1350; x_wconf 86' lang='lat' dir='ltr'><strong><em>interdum</em></strong></span> <span class='ocrx_word' id='word_1_389' title='bbox 2666 1292 2894 1362; x_wconf 87' lang='lat' dir='ltr'><strong><em>Spiritui</em></strong></span> <span class='ocrx_word' id='word_1_390' title='bbox 2925 1296 3117 1346; x_wconf 90' lang='lat' dir='ltr'><strong><em>sancto</em></strong></span> <span class='ocrx_word' id='word_1_391' title='bbox 3146 1302 3256 1342; x_wconf 90' lang='lat' dir='ltr'><strong><em>non</em></strong></span> <span class='ocrx_word' id='word_1_392' title='bbox 3282 1284 3580 1341; x_wconf 74' lang='lat' dir='ltr'><strong><em>tribueret?</em></strong></span> 
     </span>
    </p>
   </div>
   <div class='ocr_carea' id='block_1_55' title="bbox 2003 1377 3580 1460">
    <p class='ocr_par' dir='ltr' id='par_1_55' title="bbox 2003 1377 3580 1460">
     <span class='ocr_line' id='line_1_55' title="bbox 2003 1377 3580 1460; baseline -0.009 -17"><span class='ocrx_word' id='word_1_393' title='bbox 2003 1388 2211 1460; x_wconf 74' lang='lat' dir='ltr'><strong><em>Magna:</em></strong></span> <span class='ocrx_word' id='word_1_394' title='bbox 2233 1386 2482 1459; x_wconf 81' lang='lat' dir='ltr'><strong><em>proiecto</em></strong></span> <span class='ocrx_word' id='word_1_395' title='bbox 2511 1385 2839 1441; x_wconf 85' lang='lat' dir='ltr'><strong><em>exstiterunt</em></strong></span> <span class='ocrx_word' id='word_1_396' title='bbox 2854 1381 3120 1437; x_wconf 91' lang='lat' dir='ltr'><strong><em>Theodoti</em></strong></span> <span class='ocrx_word' id='word_1_397' title='bbox 3137 1377 3502 1449; x_wconf 88' lang='lat' dir='ltr'><strong><em>Nicopolitani</em></strong></span> <span class='ocrx_word' id='word_1_398' title='bbox 3524 1377 3580 1431; x_wconf 88' lang='lat' dir='ltr'><strong><em>in</em></strong></span> 
     </span>
    </p>
   </div>
   <div class='ocr_carea' id='block_1_56' title="bbox 1999 1472 3630 1551">
    <p class='ocr_par' dir='ltr' id='par_1_56' title="bbox 1999 1472 3630 1551">
     <span class='ocr_line' id='line_1_56' title="bbox 1999 1472 3630 1551; baseline -0.01 -13"><span class='ocrx_word' id='word_1_399' title='bbox 1999 1482 2258 1538; x_wconf 91' lang='lat' dir='ltr'><strong><em>Basilium</em></strong></span> <span class='ocrx_word' id='word_1_400' title='bbox 2280 1480 2495 1550; x_wconf 65' lang='lat' dir='ltr'><strong><em>injuriae</em></strong></span> <span class='ocrx_word' id='word_1_401' title='bbox 2517 1479 2625 1551; x_wconf 89' lang='lat' dir='ltr'><strong><em>(ep.</em></strong></span> <span class='ocrx_word' id='word_1_402' title='bbox 2642 1478 2754 1548; x_wconf 86' lang='lat'><strong>99);</strong></span> <span class='ocrx_word' id='word_1_403' title='bbox 2770 1476 2865 1534; x_wconf 88' lang='lat' dir='ltr'><strong><em>sed</em></strong></span> <span class='ocrx_word' id='word_1_404' title='bbox 2878 1476 3024 1530; x_wconf 89' lang='lat' dir='ltr'><strong><em>illius</em></strong></span> <span class='ocrx_word' id='word_1_405' title='bbox 3038 1472 3376 1529; x_wconf 87' lang='lat' dir='ltr'><strong><em>morositatis</em></strong></span> <span class='ocrx_word' id='word_1_406' title='bbox 3392 1485 3580 1537; x_wconf 89' lang='lat' dir='ltr'><strong><em>causa,</em></strong></span> <span class='ocrx_word' id='word_1_407' title='bbox 3614 1496 3630 1511; x_wconf 76' lang='grc' dir='ltr'><strong><em>ο</em></strong></span> 
     </span>
    </p>
   </div>
   <div class='ocr_carea' id='block_1_57' title="bbox 2005 1563 3582 1631">
    <p class='ocr_par' dir='ltr' id='par_1_57' title="bbox 2005 1563 3582 1631">
     <span class='ocr_line' id='line_1_57' title="bbox 2005 1563 3582 1631; baseline -0.009 -3"><span class='ocrx_word' id='word_1_408' title='bbox 2005 1572 2192 1629; x_wconf 89' lang='lat' dir='ltr'><strong><em>Basilii</em></strong></span> <span class='ocrx_word' id='word_1_409' title='bbox 2230 1570 2546 1626; x_wconf 90' lang='lat' dir='ltr'><strong><em>communio</em></strong></span> <span class='ocrx_word' id='word_1_410' title='bbox 2577 1584 2702 1623; x_wconf 90' lang='lat' dir='ltr'><strong><em>eum</em></strong></span> <span class='ocrx_word' id='word_1_411' title='bbox 2748 1566 3057 1631; x_wconf 89' lang='lat' dir='ltr'><strong><em>Eustathio,</em></strong></span> <span class='ocrx_word' id='word_1_412' title='bbox 3098 1578 3210 1619; x_wconf 89' lang='lat' dir='ltr'><strong><em>non</em></strong></span> <span class='ocrx_word' id='word_1_413' title='bbox 3239 1563 3389 1619; x_wconf 88' lang='lat' dir='ltr'><strong><em>vocis</em></strong></span> <span class='ocrx_word' id='word_1_414' title='bbox 3422 1563 3582 1617; x_wconf 88' lang='lat' dir='ltr'><strong><em>unius</em></strong></span> 
     </span>
    </p>
   </div>
   <div class='ocr_carea' id='block_1_58' title="bbox 2003 1653 3583 1736">
    <p class='ocr_par' dir='ltr' id='par_1_58' title="bbox 2003 1653 3583 1736">
     <span class='ocr_line' id='line_1_58' title="bbox 2003 1653 3583 1736; baseline -0.006 -17"><span class='ocrx_word' id='word_1_415' title='bbox 2003 1663 2420 1736; x_wconf 74' lang='lat' dir='ltr'><strong><em>praetermissio.</em></strong></span> <span class='ocrx_word' id='word_1_416' title='bbox 2462 1661 2658 1718; x_wconf 80' lang='lat' dir='ltr'><strong><em>Metuit</em></strong></span> <span class='ocrx_word' id='word_1_417' title='bbox 2688 1658 3006 1731; x_wconf 91' lang='lat' dir='ltr'><strong><em>aliquandiu</em></strong></span> <span class='ocrx_word' id='word_1_418' title='bbox 3030 1657 3267 1714; x_wconf 87' lang='lat' dir='ltr'><strong><em>Basilius</em></strong></span> <span class='ocrx_word' id='word_1_419' title='bbox 3292 1671 3362 1712; x_wconf 88' lang='lat' dir='ltr'><strong><em>ne</em></strong></span> <span class='ocrx_word' id='word_1_420' title='bbox 3389 1653 3446 1711; x_wconf 91' lang='lat' dir='ltr'><strong><em>S.</em></strong></span> <span class='ocrx_word' id='word_1_421' title='bbox 3473 1654 3583 1709; x_wconf 85' lang='lat' dir='ltr'><strong><em>Me-</em></strong></span> 
     </span>
    </p>
   </div>
   <div class='ocr_carea' id='block_1_59' title="bbox 2004 1750 3581 1825">
    <p class='ocr_par' dir='ltr' id='par_1_59' title="bbox 2004 1750 3581 1825">
     <span class='ocr_line' id='line_1_59' title="bbox 2004 1750 3581 1825; baseline -0.007 -13"><span class='ocrx_word' id='word_1_422' title='bbox 2004 1759 2153 1824; x_wconf 87' lang='lat' dir='ltr'><strong><em>letio,</em></strong></span> <span class='ocrx_word' id='word_1_423' title='bbox 2210 1757 2264 1810; x_wconf 93' lang='lat' dir='ltr'><strong><em>in</em></strong></span> <span class='ocrx_word' id='word_1_424' title='bbox 2295 1756 2363 1811; x_wconf 90' lang='lat' dir='ltr'><strong><em>iis</em></strong></span> <span class='ocrx_word' id='word_1_425' title='bbox 2392 1769 2516 1825; x_wconf 87' lang='lat' dir='ltr'><strong><em>quae</em></strong></span> <span class='ocrx_word' id='word_1_426' title='bbox 2539 1753 2607 1808; x_wconf 90' lang='lat' dir='ltr'><strong><em>ad</em></strong></span> <span class='ocrx_word' id='word_1_427' title='bbox 2634 1752 2977 1808; x_wconf 88' lang='lat' dir='ltr'><strong><em>Eustathium</em></strong></span> <span class='ocrx_word' id='word_1_428' title='bbox 3007 1750 3354 1821; x_wconf 83' lang='lat' dir='ltr'><strong><em>spectabant,</em></strong></span> <span class='ocrx_word' id='word_1_429' title='bbox 3388 1762 3581 1819; x_wconf 66' lang='lat' dir='ltr'><strong><em>parum</em></strong></span> 
     </span>
    </p>
   </div>
   <div class='ocr_carea' id='block_1_60' title="bbox 1933 1842 3583 1919">
    <p class='ocr_par' dir='ltr' id='par_1_60' title="bbox 1933 1842 3583 1919">
     <span class='ocr_line' id='line_1_60' title="bbox 1933 1842 3583 1919; baseline -0.004 -15"><span class='ocrx_word' id='word_1_430' title='bbox 1933 1859 1973 1914; x_wconf 82' lang='grc' dir='ltr'><strong>Β</strong></span> <span class='ocrx_word' id='word_1_431' title='bbox 2003 1863 2159 1919; x_wconf 74' lang='lat' dir='ltr'><strong><em>aequo</em></strong></span> <span class='ocrx_word' id='word_1_432' title='bbox 2186 1854 2451 1902; x_wconf 88' lang='lat' dir='ltr'><strong><em>uteretur.</em></strong></span> <span class='ocrx_word' id='word_1_433' title='bbox 2486 1844 2592 1901; x_wconf 89' lang='lat' dir='ltr'><strong><em>Sed</em></strong></span> <span class='ocrx_word' id='word_1_434' title='bbox 2623 1844 2807 1901; x_wconf 89' lang='lat' dir='ltr'><strong><em>statim</em></strong></span> <span class='ocrx_word' id='word_1_435' title='bbox 2838 1850 3002 1913; x_wconf 90' lang='lat' dir='ltr'><strong><em>atque</em></strong></span> <span class='ocrx_word' id='word_1_436' title='bbox 3033 1843 3088 1896; x_wconf 88' lang='lat' dir='ltr'><strong><em>in</em></strong></span> <span class='ocrx_word' id='word_1_437' title='bbox 3120 1842 3433 1896; x_wconf 82' lang='lat' dir='ltr'><strong><em>Armeniam</em></strong></span> <span class='ocrx_word' id='word_1_438' title='bbox 3463 1854 3583 1910; x_wconf 84' lang='lat' dir='ltr'><strong><em>pro-</em></strong></span> 
     </span>
    </p>
   </div>
   <div class='ocr_carea' id='block_1_61' title="bbox 2004 1932 3582 2004">
    <p class='ocr_par' dir='ltr' id='par_1_61' title="bbox 2004 1932 3582 2004">
     <span class='ocr_line' id='line_1_61' title="bbox 2004 1932 3582 2004; baseline -0.006 -9"><span class='ocrx_word' id='word_1_439' title='bbox 2004 1941 2200 2004; x_wconf 76' lang='lat' dir='ltr'><strong><em>fectus,</em></strong></span> <span class='ocrx_word' id='word_1_440' title='bbox 2230 1939 2445 1994; x_wconf 90' lang='lat' dir='ltr'><strong><em>consilii</em></strong></span> <span class='ocrx_word' id='word_1_441' title='bbox 2476 1939 2559 1992; x_wconf 91' lang='lat' dir='ltr'><strong><em>sui</em></strong></span> <span class='ocrx_word' id='word_1_442' title='bbox 2584 1936 2852 1990; x_wconf 90' lang='lat' dir='ltr'><strong><em>rationem</em></strong></span> <span class='ocrx_word' id='word_1_443' title='bbox 2879 1940 3071 1990; x_wconf 90' lang='lat' dir='ltr'><strong><em>sancto</em></strong></span> <span class='ocrx_word' id='word_1_444' title='bbox 3101 1933 3276 1990; x_wconf 80' lang='lat' dir='ltr'><strong><em>exsuli</em></strong></span> <span class='ocrx_word' id='word_1_445' title='bbox 3305 1932 3582 2002; x_wconf 80' lang='lat' dir='ltr'><strong><em>exposuit,</em></strong></span> 
     </span>
    </p>
   </div>
   <div class='ocr_carea' id='block_1_62' title="bbox 2002 2024 3584 2097">
    <p class='ocr_par' dir='ltr' id='par_1_62' title="bbox 2002 2024 3584 2097">
     <span class='ocr_line' id='line_1_62' title="bbox 2002 2024 3584 2097; baseline -0.006 -11"><span class='ocrx_word' id='word_1_446' title='bbox 2002 2046 2273 2087; x_wconf 88' lang='lat' dir='ltr'><strong><em>summam</em></strong></span> <span class='ocrx_word' id='word_1_447' title='bbox 2304 2030 2451 2083; x_wconf 88' lang='lat' dir='ltr'><strong><em>illius</em></strong></span> <span class='ocrx_word' id='word_1_448' title='bbox 2477 2028 2789 2097; x_wconf 67' lang='lat' dir='ltr'><strong><em>aequitatem</em></strong></span> <span class='ocrx_word' id='word_1_449' title='bbox 2816 2035 3073 2096; x_wconf 80' lang='lat' dir='ltr'><strong><em>expertus</em></strong></span> <span class='ocrx_word' id='word_1_450' title='bbox 3094 2032 3195 2080; x_wconf 71' lang='lat' dir='ltr'><strong><em>est.</em></strong></span> <span class='ocrx_word' id='word_1_451' title='bbox 3221 2024 3377 2091; x_wconf 87' lang='lat' dir='ltr'><strong><em>Quod</em></strong></span> <span class='ocrx_word' id='word_1_452' title='bbox 3400 2031 3584 2079; x_wconf 88' lang='lat' dir='ltr'><strong><em>autem</em></strong></span> 
     </span>
    </p>
   </div>
   <div class='ocr_carea' id='block_1_63' title="bbox 2002 2115 3583 2190">
    <p class='ocr_par' dir='ltr' id='par_1_63' title="bbox 2002 2115 3583 2190">
     <span class='ocr_line' id='line_1_63' title="bbox 2002 2115 3583 2190; baseline -0.004 -16"><span class='ocrx_word' id='word_1_453' title='bbox 2002 2128 2187 2190; x_wconf 80' lang='lat' dir='ltr'><strong><em>egerat</em></strong></span> <span class='ocrx_word' id='word_1_454' title='bbox 2218 2118 2274 2172; x_wconf 89' lang='lat' dir='ltr'><strong><em>in</em></strong></span> <span class='ocrx_word' id='word_1_455' title='bbox 2315 2116 2656 2173; x_wconf 88' lang='lat' dir='ltr'><strong><em>defendenda</em></strong></span> <span class='ocrx_word' id='word_1_456' title='bbox 2693 2115 2932 2185; x_wconf 89' lang='lat' dir='ltr'><strong><em>Spiritus</em></strong></span> <span class='ocrx_word' id='word_1_457' title='bbox 2968 2116 3273 2179; x_wconf 85' lang='lat' dir='ltr'><strong><em>divinitate,</em></strong></span> <span class='ocrx_word' id='word_1_458' title='bbox 3303 2128 3583 2185; x_wconf 85' lang='lat' dir='ltr'><strong><em>nunquam</em></strong></span> 
     </span>
    </p>
   </div>
   <div class='ocr_carea' id='block_1_64' title="bbox 2003 2207 3586 2282">
    <p class='ocr_par' dir='ltr' id='par_1_64' title="bbox 2003 2207 3586 2282">
     <span class='ocr_line' id='line_1_64' title="bbox 2003 2207 3586 2282; baseline -0.003 -16"><span class='ocrx_word' id='word_1_459' title='bbox 2003 2212 2058 2267; x_wconf 90' lang='lat' dir='ltr'><strong><em>id</em></strong></span> <span class='ocrx_word' id='word_1_460' title='bbox 2084 2213 2133 2267; x_wconf 90' lang='lat' dir='ltr'><strong><em>ei</em></strong></span> <span class='ocrx_word' id='word_1_461' title='bbox 2168 2219 2262 2265; x_wconf 89' lang='lat' dir='ltr'><strong><em>aut</em></strong></span> <span class='ocrx_word' id='word_1_462' title='bbox 2294 2211 2437 2282; x_wconf 88' lang='lat' dir='ltr'><strong><em>apud</em></strong></span> <span class='ocrx_word' id='word_1_463' title='bbox 2473 2212 2639 2265; x_wconf 90' lang='lat' dir='ltr'><strong><em>alium</em></strong></span> <span class='ocrx_word' id='word_1_464' title='bbox 2672 2210 2989 2282; x_wconf 89' lang='lat' dir='ltr'><strong><em>episcopum</em></strong></span> <span class='ocrx_word' id='word_1_465' title='bbox 3020 2208 3290 2279; x_wconf 83' lang='lat' dir='ltr'><strong><em>purgandi</em></strong></span> <span class='ocrx_word' id='word_1_466' title='bbox 3321 2208 3408 2263; x_wconf 91' lang='lat' dir='ltr'><strong><em>sui</em></strong></span> <span class='ocrx_word' id='word_1_467' title='bbox 3441 2207 3586 2262; x_wconf 84' lang='lat' dir='ltr'><strong><em>labo-</em></strong></span> 
     </span>
    </p>
   </div>
   <div class='ocr_carea' id='block_1_65' title="bbox 2005 2303 2357 2357">
    <p class='ocr_par' dir='ltr' id='par_1_65' title="bbox 2005 2303 2357 2357">
     <span class='ocr_line' id='line_1_65' title="bbox 2005 2303 2357 2357; baseline -0.003 0"><span class='ocrx_word' id='word_1_468' title='bbox 2005 2317 2119 2357; x_wconf 88' lang='lat' dir='ltr'><strong><em>rem</em></strong></span> <span class='ocrx_word' id='word_1_469' title='bbox 2155 2303 2357 2356; x_wconf 84' lang='lat' dir='ltr'><strong><em>attulit.</em></strong></span> 
     </span>
    </p>
   </div>
   <div class='ocr_carea' id='block_1_66' title="bbox 2076 2407 3589 2484">
    <p class='ocr_par' dir='ltr' id='par_1_66' title="bbox 2076 2407 3589 2484">
     <span class='ocr_line' id='line_1_66' title="bbox 2076 2407 3589 2484; baseline -0.003 -17"><span class='ocrx_word' id='word_1_470' title='bbox 2076 2415 2284 2468; x_wconf 80' lang='lat' dir='ltr'><strong><em>Auctor</em></strong></span> <span class='ocrx_word' id='word_1_471' title='bbox 2327 2413 2580 2484; x_wconf 88' lang='lat' dir='ltr'><strong><em>opusculi</em></strong></span> <span class='ocrx_word' id='word_1_472' title='bbox 2624 2429 2734 2468; x_wconf 89' lang='lat' dir='ltr'><strong><em>non</em></strong></span> <span class='ocrx_word' id='word_1_473' title='bbox 2767 2413 2943 2468; x_wconf 92' lang='lat' dir='ltr'><strong><em>solum</em></strong></span> <span class='ocrx_word' id='word_1_474' title='bbox 2996 2409 3340 2465; x_wconf 85' lang='lat' dir='ltr'><strong><em>adversarios</em></strong></span> <span class='ocrx_word' id='word_1_475' title='bbox 3380 2407 3589 2478; x_wconf 82' lang='lat' dir='ltr'><strong><em>aﬂingit</em></strong></span> 
     </span>
    </p>
   </div>
   <div class='ocr_carea' id='block_1_67' title="bbox 2010 2499 3587 2575">
    <p class='ocr_par' dir='ltr' id='par_1_67' title="bbox 2010 2499 3587 2575">
     <span class='ocr_line' id='line_1_67' title="bbox 2010 2499 3587 2575; baseline -0.004 -16"><span class='ocrx_word' id='word_1_476' title='bbox 2010 2504 2234 2569; x_wconf 84' lang='lat' dir='ltr'><strong><em>Basilio,</em></strong></span> <span class='ocrx_word' id='word_1_477' title='bbox 2264 2505 2360 2575; x_wconf 91' lang='lat' dir='ltr'><strong><em>qui</em></strong></span> <span class='ocrx_word' id='word_1_478' title='bbox 2388 2504 2523 2558; x_wconf 89' lang='lat' dir='ltr'><strong><em>nulli</em></strong></span> <span class='ocrx_word' id='word_1_479' title='bbox 2555 2504 2851 2571; x_wconf 81' lang='lat' dir='ltr'><strong><em>exstitere;</em></strong></span> <span class='ocrx_word' id='word_1_480' title='bbox 2885 2500 2983 2558; x_wconf 90' lang='lat' dir='ltr'><strong><em>sed</em></strong></span> <span class='ocrx_word' id='word_1_481' title='bbox 3022 2503 3185 2557; x_wconf 91' lang='lat' dir='ltr'><strong><em>etiam</em></strong></span> <span class='ocrx_word' id='word_1_482' title='bbox 3215 2515 3354 2571; x_wconf 90' lang='lat' dir='ltr'><strong><em>quos</em></strong></span> <span class='ocrx_word' id='word_1_483' title='bbox 3393 2499 3587 2554; x_wconf 86' lang='lat' dir='ltr'><strong><em>habuit</em></strong></span> 
     </span>
    </p>
   </div>
   <div class='ocr_carea' id='block_1_68' title="bbox 2007 2590 3586 2662">
    <p class='ocr_par' dir='ltr' id='par_1_68' title="bbox 2007 2590 3586 2662">
     <span class='ocr_line' id='line_1_68' title="bbox 2007 2590 3586 2662; baseline -0.006 -8"><span class='ocrx_word' id='word_1_484' title='bbox 2007 2598 2347 2662; x_wconf 85' lang='lat' dir='ltr'><strong><em>defensores,</em></strong></span> <span class='ocrx_word' id='word_1_485' title='bbox 2382 2597 2451 2651; x_wconf 92' lang='lat' dir='ltr'><strong><em>ah</em></strong></span> <span class='ocrx_word' id='word_1_486' title='bbox 2476 2612 2541 2651; x_wconf 91' lang='lat' dir='ltr'><strong><em>eo</em></strong></span> <span class='ocrx_word' id='word_1_487' title='bbox 2570 2596 2804 2650; x_wconf 86' lang='lat' dir='ltr'><strong><em>avellere</em></strong></span> <span class='ocrx_word' id='word_1_488' title='bbox 2843 2605 3094 2661; x_wconf 82' lang='lat' dir='ltr'><strong><em>conatur,</em></strong></span> <span class='ocrx_word' id='word_1_489' title='bbox 3131 2591 3189 2647; x_wconf 89' lang='lat' dir='ltr'><strong><em>S.</em></strong></span> <span class='ocrx_word' id='word_1_490' title='bbox 3222 2590 3586 2645; x_wconf 84' lang='lat' dir='ltr'><strong><em>Athanasium</em></strong></span> 
     </span>
    </p>
   </div>
   <div class='ocr_carea' id='block_1_69' title="bbox 2007 2682 3588 2760">
    <p class='ocr_par' dir='ltr' id='par_1_69' title="bbox 2007 2682 3588 2760">
     <span class='ocr_line' id='line_1_69' title="bbox 2007 2682 3588 2760; baseline -0.007 -14"><span class='ocrx_word' id='word_1_491' title='bbox 2007 2697 2062 2746; x_wconf 90' lang='lat' dir='ltr'><strong><em>et</em></strong></span> <span class='ocrx_word' id='word_1_492' title='bbox 2095 2688 2155 2745; x_wconf 91' lang='lat' dir='ltr'><strong><em>S.</em></strong></span> <span class='ocrx_word' id='word_1_493' title='bbox 2197 2687 2520 2760; x_wconf 82' lang='lat' dir='ltr'><strong><em>Gregorium</em></strong></span> <span class='ocrx_word' id='word_1_494' title='bbox 2564 2687 2968 2742; x_wconf 79' lang='lat' dir='ltr'><strong><em>Nazianzenum</em></strong></span> <span class='ocrx_word' id='word_1_495' title='bbox 3001 2702 3015 2737; x_wconf 89' lang='lat'><strong>:</strong></span> <span class='ocrx_word' id='word_1_496' title='bbox 3045 2699 3110 2739; x_wconf 92' lang='lat' dir='ltr'><strong><em>ac</em></strong></span> <span class='ocrx_word' id='word_1_497' title='bbox 3145 2683 3214 2738; x_wconf 91' lang='lat' dir='ltr'><strong><em>de</em></strong></span> <span class='ocrx_word' id='word_1_498' title='bbox 3252 2683 3424 2737; x_wconf 90' lang='lat' dir='ltr'><strong><em>altero</em></strong></span> <span class='ocrx_word' id='word_1_499' title='bbox 3462 2682 3588 2751; x_wconf 89' lang='lat' dir='ltr'><strong><em>qui-</em></strong></span> 
     </span>
    </p>
   </div>
   <div class='ocr_carea' id='block_1_70' title="bbox 2008 2774 3587 2846">
    <p class='ocr_par' dir='ltr' id='par_1_70' title="bbox 2008 2774 3587 2846">
     <span class='ocr_line' id='line_1_70' title="bbox 2008 2774 3587 2846; baseline -0.006 -8"><span class='ocrx_word' id='word_1_500' title='bbox 2008 2783 2131 2839; x_wconf 90' lang='lat' dir='ltr'><strong><em>dem</em></strong></span> <span class='ocrx_word' id='word_1_501' title='bbox 2163 2782 2398 2845; x_wconf 89' lang='lat' dir='ltr'><strong><em>dubitat,</em></strong></span> <span class='ocrx_word' id='word_1_502' title='bbox 2430 2794 2498 2834; x_wconf 82' lang='lat' dir='ltr'><strong><em>an</em></strong></span> <span class='ocrx_word' id='word_1_503' title='bbox 2530 2780 2730 2835; x_wconf 90' lang='lat' dir='ltr'><strong><em>factum</em></strong></span> <span class='ocrx_word' id='word_1_504' title='bbox 2774 2778 2961 2832; x_wconf 87' lang='lat' dir='ltr'><strong><em>Basilii</em></strong></span> <span class='ocrx_word' id='word_1_505' title='bbox 2991 2775 3286 2846; x_wconf 86' lang='lat' dir='ltr'><strong><em>aliquando</em></strong></span> <span class='ocrx_word' id='word_1_506' title='bbox 3323 2774 3587 2844; x_wconf 86' lang='lat' dir='ltr'><strong><em>probave—</em></strong></span> 
     </span>
    </p>
   </div>
   <div class='ocr_carea' id='block_1_71' title="bbox 2009 2863 3589 2942">
    <p class='ocr_par' dir='ltr' id='par_1_71' title="bbox 2009 2863 3589 2942">
     <span class='ocr_line' id='line_1_71' title="bbox 2009 2863 3589 2942; baseline -0.008 -12"><span class='ocrx_word' id='word_1_507' title='bbox 2009 2877 2105 2939; x_wconf 86' lang='lat' dir='ltr'><strong><em>rit,</em></strong></span> <span class='ocrx_word' id='word_1_508' title='bbox 2134 2875 2367 2929; x_wconf 89' lang='lat' dir='ltr'><strong><em>alterum</em></strong></span> <span class='ocrx_word' id='word_1_509' title='bbox 2402 2889 2510 2928; x_wconf 88' lang='lat' dir='ltr'><strong><em>non</em></strong></span> <span class='ocrx_word' id='word_1_510' title='bbox 2553 2886 2768 2942; x_wconf 89' lang='lat' dir='ltr'><strong><em>semper</em></strong></span> <span class='ocrx_word' id='word_1_511' title='bbox 2797 2871 3060 2941; x_wconf 88' lang='lat' dir='ltr'><strong><em>probasse</em></strong></span> <span class='ocrx_word' id='word_1_512' title='bbox 3088 2867 3393 2923; x_wconf 89' lang='lat' dir='ltr'><strong><em>contendit.</em></strong></span> <span class='ocrx_word' id='word_1_513' title='bbox 3420 2863 3589 2936; x_wconf 59' lang='lat' dir='ltr'><strong><em>Equi-</em></strong></span> 
     </span>
    </p>
   </div>
   <div class='ocr_carea' id='block_1_72' title="bbox 2009 2957 3587 3033">
    <p class='ocr_par' dir='ltr' id='par_1_72' title="bbox 2009 2957 3587 3033">
     <span class='ocr_line' id='line_1_72' title="bbox 2009 2957 3587 3033; baseline -0.006 -14"><span class='ocrx_word' id='word_1_514' title='bbox 2009 2964 2132 3020; x_wconf 92' lang='lat' dir='ltr'><strong><em>dem</em></strong></span> <span class='ocrx_word' id='word_1_515' title='bbox 2163 2980 2276 3019; x_wconf 88' lang='lat' dir='ltr'><strong><em>non</em></strong></span> <span class='ocrx_word' id='word_1_516' title='bbox 2321 2963 2483 3019; x_wconf 89' lang='lat' dir='ltr'><strong><em>video</em></strong></span> <span class='ocrx_word' id='word_1_517' title='bbox 2511 2962 2643 3033; x_wconf 88' lang='lat' dir='ltr'><strong><em>quid</em></strong></span> <span class='ocrx_word' id='word_1_518' title='bbox 2689 2962 2851 3016; x_wconf 87' lang='lat' dir='ltr'><strong><em>nobis</em></strong></span> <span class='ocrx_word' id='word_1_519' title='bbox 2885 2961 3135 3014; x_wconf 86' lang='lat' dir='ltr'><strong><em>relictum</em></strong></span> <span class='ocrx_word' id='word_1_520' title='bbox 3168 2959 3259 3021; x_wconf 89' lang='lat' dir='ltr'><strong><em>sit,</em></strong></span> <span class='ocrx_word' id='word_1_521' title='bbox 3292 2972 3402 3027; x_wconf 90' lang='lat' dir='ltr'><strong><em>quo</em></strong></span> <span class='ocrx_word' id='word_1_522' title='bbox 3439 2957 3587 3011; x_wconf 88' lang='lat' dir='ltr'><strong><em>nita-</em></strong></span> 
     </span>
    </p>
   </div>
   <div class='ocr_carea' id='block_1_73' title="bbox 2008 3049 3589 3122">
    <p class='ocr_par' dir='ltr' id='par_1_73' title="bbox 2008 3049 3589 3122">
     <span class='ocr_line' id='line_1_73' title="bbox 2008 3049 3589 3122; baseline -0.006 -11"><span class='ocrx_word' id='word_1_523' title='bbox 2008 3071 2134 3113; x_wconf 84' lang='lat' dir='ltr'><strong><em>mur</em></strong></span> <span class='ocrx_word' id='word_1_524' title='bbox 2163 3056 2219 3110; x_wconf 91' lang='lat' dir='ltr'><strong><em>in</em></strong></span> <span class='ocrx_word' id='word_1_525' title='bbox 2249 3056 2414 3110; x_wconf 88' lang='lat' dir='ltr'><strong><em>rebus</em></strong></span> <span class='ocrx_word' id='word_1_526' title='bbox 2456 3054 2684 3117; x_wconf 90' lang='lat' dir='ltr'><strong><em>criticis,</em></strong></span> <span class='ocrx_word' id='word_1_527' title='bbox 2720 3053 2767 3109; x_wconf 91' lang='lat' dir='ltr'><strong><em>si</em></strong></span> <span class='ocrx_word' id='word_1_528' title='bbox 2817 3052 3021 3107; x_wconf 88' lang='lat' dir='ltr'><strong><em>Basilio</em></strong></span> <span class='ocrx_word' id='word_1_529' title='bbox 3064 3051 3425 3122; x_wconf 89' lang='lat' dir='ltr'><strong><em>patrocinium</em></strong></span> <span class='ocrx_word' id='word_1_530' title='bbox 3474 3049 3589 3104; x_wconf 86' lang='lat' dir='ltr'><strong><em>eri-</em></strong></span> 
     </span>
    </p>
   </div>
   <div class='ocr_carea' id='block_1_74' title="bbox 2009 3141 3589 3220">
    <p class='ocr_par' dir='ltr' id='par_1_74' title="bbox 2009 3141 3589 3220">
     <span class='ocr_line' id='line_1_74' title="bbox 2009 3141 3589 3220; baseline -0.005 -18"><span class='ocrx_word' id='word_1_531' title='bbox 2009 3150 2192 3220; x_wconf 86' lang='lat' dir='ltr'><strong><em>piatur</em></strong></span> <span class='ocrx_word' id='word_1_532' title='bbox 2232 3146 2293 3205; x_wconf 93' lang='lat' dir='ltr'><strong><em>S.</em></strong></span> <span class='ocrx_word' id='word_1_533' title='bbox 2318 3147 2627 3203; x_wconf 82' lang='lat' dir='ltr'><strong><em>Athanasii.</em></strong></span> <span class='ocrx_word' id='word_1_534' title='bbox 2666 3145 2895 3200; x_wconf 79' lang='lat' dir='ltr'><strong><em>Exstant</em></strong></span> <span class='ocrx_word' id='word_1_535' title='bbox 2930 3145 3052 3199; x_wconf 62' lang='lat' dir='ltr'><strong><em>duae</em></strong></span> <span class='ocrx_word' id='word_1_536' title='bbox 3078 3144 3226 3199; x_wconf 87' lang='lat' dir='ltr'><strong><em>illius</em></strong></span> <span class='ocrx_word' id='word_1_537' title='bbox 3256 3143 3501 3214; x_wconf 65' lang='lat' dir='ltr'><strong><em>epistola:</em></strong></span> <span class='ocrx_word' id='word_1_538' title='bbox 3531 3141 3589 3195; x_wconf 89' lang='lat' dir='ltr'><strong><em>in</em></strong></span> 
     </span>
    </p>
   </div>
   <div class='ocr_carea' id='block_1_75' title="bbox 2010 3234 3589 3310">
    <p class='ocr_par' dir='ltr' id='par_1_75' title="bbox 2010 3234 3589 3310">
     <span class='ocr_line' id='line_1_75' title="bbox 2010 3234 3589 3310; baseline -0.005 -14"><span class='ocrx_word' id='word_1_539' title='bbox 2010 3242 2273 3298; x_wconf 88' lang='lat' dir='ltr'><strong><em>Basllium</em></strong></span> <span class='ocrx_word' id='word_1_540' title='bbox 2308 3238 2743 3310; x_wconf 83' lang='lat' dir='ltr'><strong><em>perhonoriﬁcae,</em></strong></span> <span class='ocrx_word' id='word_1_541' title='bbox 2773 3238 2943 3291; x_wconf 87' lang='lat' dir='ltr'><strong><em>altera</em></strong></span> <span class='ocrx_word' id='word_1_542' title='bbox 2974 3237 3040 3290; x_wconf 88' lang='lat' dir='ltr'><strong><em>ad</em></strong></span> <span class='ocrx_word' id='word_1_543' title='bbox 3066 3235 3391 3302; x_wconf 87' lang='lat' dir='ltr'><strong><em>Palladium,</em></strong></span> <span class='ocrx_word' id='word_1_544' title='bbox 3419 3234 3589 3288; x_wconf 87' lang='lat' dir='ltr'><strong><em>altera</em></strong></span> 
     </span>
    </p>
   </div>
   <div class='ocr_carea' id='block_1_76' title="bbox 2010 3326 3592 3398">
    <p class='ocr_par' dir='ltr' id='par_1_76' title="bbox 2010 3326 3592 3398">
     <span class='ocr_line' id='line_1_76' title="bbox 2010 3326 3592 3398; baseline -0.004 -10"><span class='ocrx_word' id='word_1_545' title='bbox 2010 3334 2077 3397; x_wconf 86' lang='lat' dir='ltr'><strong><em>ad</em></strong></span> <span class='ocrx_word' id='word_1_546' title='bbox 2106 3334 2371 3394; x_wconf 76' lang='lat' dir='ltr'><strong><em>Joannem</em></strong></span> <span class='ocrx_word' id='word_1_547' title='bbox 2398 3340 2454 3387; x_wconf 91' lang='lat' dir='ltr'><strong><em>et</em></strong></span> <span class='ocrx_word' id='word_1_548' title='bbox 2482 3330 2837 3385; x_wconf 82' lang='lat' dir='ltr'><strong><em>Antiochum.</em></strong></span> <span class='ocrx_word' id='word_1_549' title='bbox 2866 3330 2926 3383; x_wconf 89' lang='lat' dir='ltr'><strong><em>In</em></strong></span> <span class='ocrx_word' id='word_1_550' title='bbox 2951 3336 3184 3398; x_wconf 89' lang='lat' dir='ltr'><strong><em>utraque</em></strong></span> <span class='ocrx_word' id='word_1_551' title='bbox 3208 3326 3464 3382; x_wconf 89' lang='lat' dir='ltr'><strong><em>Basilium</em></strong></span> <span class='ocrx_word' id='word_1_552' title='bbox 3494 3326 3592 3382; x_wconf 84' lang='lat' dir='ltr'><strong><em>de-</em></strong></span> 
     </span>
    </p>
   </div>
   <div class='ocr_carea' id='block_1_77' title="bbox 2011 3419 3590 3493">
    <p class='ocr_par' dir='ltr' id='par_1_77' title="bbox 2011 3419 3590 3493">
     <span class='ocr_line' id='line_1_77' title="bbox 2011 3419 3590 3493; baseline -0.006 -11"><span class='ocrx_word' id='word_1_553' title='bbox 2011 3427 2207 3493; x_wconf 86' lang='lat' dir='ltr'><strong><em>fendit,</em></strong></span> <span class='ocrx_word' id='word_1_554' title='bbox 2239 3433 2557 3481; x_wconf 89' lang='lat' dir='ltr'><strong><em>accusatum</em></strong></span> <span class='ocrx_word' id='word_1_555' title='bbox 2585 3438 2614 3477; x_wconf 91' lang='lat' dir='ltr'><strong><em>a</em></strong></span> <span class='ocrx_word' id='word_1_556' title='bbox 2650 3423 2934 3478; x_wconf 89' lang='lat' dir='ltr'><strong><em>monachis</em></strong></span> <span class='ocrx_word' id='word_1_557' title='bbox 2957 3420 3411 3484; x_wconf 86' lang='lat' dir='ltr'><strong><em>Caesariensibus,</em></strong></span> <span class='ocrx_word' id='word_1_558' title='bbox 3444 3419 3590 3488; x_wconf 89' lang='lat' dir='ltr'><strong><em>quod</em></strong></span> 
     </span>
    </p>
   </div>
   <div class='ocr_carea' id='block_1_78' title="bbox 2010 3510 3585 3592">
    <p class='ocr_par' dir='ltr' id='par_1_78' title="bbox 2010 3510 3585 3592">
     <span class='ocr_line' id='line_1_78' title="bbox 2010 3510 3585 3592; baseline -0.006 -18"><span class='ocrx_word' id='word_1_559' title='bbox 2010 3519 2065 3577; x_wconf 88' lang='lat' dir='ltr'><strong><em>in</em></strong></span> <span class='ocrx_word' id='word_1_560' title='bbox 2098 3518 2369 3592; x_wconf 82' lang='lat' dir='ltr'><strong><em>dogmatis</em></strong></span> <span class='ocrx_word' id='word_1_561' title='bbox 2412 3515 2733 3571; x_wconf 87' lang='lat' dir='ltr'><strong><em>defensione</em></strong></span> <span class='ocrx_word' id='word_1_562' title='bbox 2776 3512 3066 3590; x_wconf 86' lang='lat' dir='ltr'><strong><em>remissius</em></strong></span> <span class='ocrx_word' id='word_1_563' title='bbox 3115 3510 3324 3581; x_wconf 84' lang='lat' dir='ltr'><strong><em>aliquid</em></strong></span> <span class='ocrx_word' id='word_1_564' title='bbox 3364 3510 3585 3580; x_wconf 82' lang='lat' dir='ltr'><strong><em>egisset.</em></strong></span> 
     </span>
    </p>
   </div>
   <div class='ocr_carea' id='block_1_79' title="bbox 2011 3602 3591 3673">
    <p class='ocr_par' dir='ltr' id='par_1_79' title="bbox 2011 3602 3591 3673">
     <span class='ocr_line' id='line_1_79' title="bbox 2011 3602 3591 3673; baseline -0.008 -7"><span class='ocrx_word' id='word_1_565' title='bbox 2011 3611 2168 3666; x_wconf 84' lang='lat' dir='ltr'><strong><em>Unde</em></strong></span> <span class='ocrx_word' id='word_1_566' title='bbox 2210 3607 2544 3662; x_wconf 88' lang='lat' dir='ltr'><strong><em>Athanasius</em></strong></span> <span class='ocrx_word' id='word_1_567' title='bbox 2575 3606 2684 3661; x_wconf 89' lang='lat' dir='ltr'><strong><em>ait:</em></strong></span> <span class='ocrx_word' id='word_1_568' title='bbox 2711 3605 2771 3660; x_wconf 90' lang='lat' dir='ltr'><strong><em>Si</em></strong></span> <span class='ocrx_word' id='word_1_569' title='bbox 2794 3612 3063 3673; x_wconf 85' lang='lat' dir='ltr'><strong><em>suspectus</em></strong></span> <span class='ocrx_word' id='word_1_570' title='bbox 3089 3612 3224 3657; x_wconf 89' lang='lat' dir='ltr'><strong><em>esset</em></strong></span> <span class='ocrx_word' id='word_1_571' title='bbox 3263 3602 3500 3656; x_wconf 86' lang='lat' dir='ltr'><strong><em>Basilius</em></strong></span> <span class='ocrx_word' id='word_1_572' title='bbox 3534 3602 3591 3654; x_wconf 85' lang='lat' dir='ltr'><strong><em>in</em></strong></span> 
     </span>
    </p>
   </div>
   <div class='ocr_carea' id='block_1_80' title="bbox 2010 3693 3591 3773">
    <p class='ocr_par' dir='ltr' id='par_1_80' title="bbox 2010 3693 3591 3773">
     <span class='ocr_line' id='line_1_80' title="bbox 2010 3693 3591 3773; baseline -0.008 -17"><span class='ocrx_word' id='word_1_573' title='bbox 2010 3703 2076 3756; x_wconf 88' lang='lat' dir='ltr'><strong><em>iis</em></strong></span> <span class='ocrx_word' id='word_1_574' title='bbox 2108 3717 2225 3772; x_wconf 76' lang='lat' dir='ltr'><strong><em>qua:</em></strong></span> <span class='ocrx_word' id='word_1_575' title='bbox 2249 3699 2316 3773; x_wconf 76' lang='lat' dir='ltr'><strong><em>ad</em></strong></span> <span class='ocrx_word' id='word_1_576' title='bbox 2347 3702 2615 3753; x_wconf 86' lang='lat' dir='ltr'><strong><em>veritatem</em></strong></span> <span class='ocrx_word' id='word_1_577' title='bbox 2643 3705 2898 3765; x_wconf 87' lang='lat' dir='ltr'><strong><em>spectant,</em></strong></span> <span class='ocrx_word' id='word_1_578' title='bbox 2929 3693 3250 3748; x_wconf 88' lang='lat' dir='ltr'><strong><em>laudabilem</em></strong></span> <span class='ocrx_word' id='word_1_579' title='bbox 3273 3693 3385 3763; x_wconf 80' lang='lat' dir='ltr'><strong><em>fore</em></strong></span> <span class='ocrx_word' id='word_1_580' title='bbox 3409 3709 3591 3745; x_wconf 89' lang='lat' dir='ltr'><strong><em>eorum</em></strong></span> 
     </span>
    </p>
   </div>
   <div class='ocr_carea' id='block_1_81' title="bbox 2012 3785 3591 3856">
    <p class='ocr_par' dir='ltr' id='par_1_81' title="bbox 2012 3785 3591 3856">
     <span class='ocr_line' id='line_1_81' title="bbox 2012 3785 3591 3856; baseline -0.007 -9"><span class='ocrx_word' id='word_1_581' title='bbox 2012 3792 2413 3853; x_wconf 87' lang='lat' dir='ltr'><strong><em>contentionem.</em></strong></span> <span class='ocrx_word' id='word_1_582' title='bbox 2448 3789 2701 3845; x_wconf 90' lang='lat' dir='ltr'><strong><em>Declarat</em></strong></span> <span class='ocrx_word' id='word_1_583' title='bbox 2730 3803 2853 3843; x_wconf 89' lang='lat' dir='ltr'><strong><em>eum</em></strong></span> <span class='ocrx_word' id='word_1_584' title='bbox 2887 3788 3057 3856; x_wconf 87' lang='lat' dir='ltr'><strong><em>magis</em></strong></span> <span class='ocrx_word' id='word_1_585' title='bbox 3095 3802 3189 3854; x_wconf 89' lang='lat' dir='ltr'><strong><em>pro</em></strong></span> <span class='ocrx_word' id='word_1_586' title='bbox 3216 3785 3433 3838; x_wconf 81' lang='lat' dir='ltr'><strong><em>veritate</em></strong></span> <span class='ocrx_word' id='word_1_587' title='bbox 3476 3799 3591 3837; x_wconf 85' lang='lat' dir='ltr'><strong><em>cer-</em></strong></span> 
     </span>
    </p>
   </div>
   <div class='ocr_carea' id='block_1_82' title="bbox 2013 3872 3591 3951">
    <p class='ocr_par' dir='ltr' id='par_1_82' title="bbox 2013 3872 3591 3951">
     <span class='ocr_line' id='line_1_82' title="bbox 2013 3872 3591 3951; baseline -0.008 -15"><span class='ocrx_word' id='word_1_588' title='bbox 2013 3893 2146 3949; x_wconf 88' lang='lat' dir='ltr'><strong><em>tare,</em></strong></span> <span class='ocrx_word' id='word_1_589' title='bbox 2191 3890 2241 3935; x_wconf 90' lang='lat' dir='ltr'><strong><em>et</em></strong></span> <span class='ocrx_word' id='word_1_590' title='bbox 2290 3898 2379 3935; x_wconf 89' lang='lat' dir='ltr'><strong><em>eos</em></strong></span> <span class='ocrx_word' id='word_1_591' title='bbox 2428 3881 2517 3951; x_wconf 88' lang='lat' dir='ltr'><strong><em>qui</em></strong></span> <span class='ocrx_word' id='word_1_592' title='bbox 2543 3878 2788 3932; x_wconf 81' lang='lat' dir='ltr'><strong><em>doctrina</em></strong></span> <span class='ocrx_word' id='word_1_593' title='bbox 2842 3886 2988 3947; x_wconf 88' lang='lat' dir='ltr'><strong><em>egent</em></strong></span> <span class='ocrx_word' id='word_1_594' title='bbox 3041 3876 3271 3930; x_wconf 88' lang='lat' dir='ltr'><strong><em>edocere.</em></strong></span> <span class='ocrx_word' id='word_1_595' title='bbox 3329 3872 3591 3926; x_wconf 84' lang='lat' dir='ltr'><strong><em>Hortatur</em></strong></span> 
     </span>
    </p>
   </div>
   <div class='ocr_carea' id='block_1_83' title="bbox 2011 3966 3590 4041">
    <p class='ocr_par' dir='ltr' id='par_1_83' title="bbox 2011 3966 3590 4041">
     <span class='ocr_line' id='line_1_83' title="bbox 2011 3966 3590 4041; baseline -0.008 -10"><span class='ocrx_word' id='word_1_596' title='bbox 2011 3975 2345 4040; x_wconf 89' lang='lat' dir='ltr'><strong><em>monachos,</em></strong></span> <span class='ocrx_word' id='word_1_597' title='bbox 2394 3982 2474 4037; x_wconf 91' lang='lat' dir='ltr'><strong><em>ut,</em></strong></span> <span class='ocrx_word' id='word_1_598' title='bbox 2508 3972 2842 4041; x_wconf 83' lang='lat' dir='ltr'><strong><em>respicientes</em></strong></span> <span class='ocrx_word' id='word_1_599' title='bbox 2877 3970 2946 4022; x_wconf 92' lang='lat' dir='ltr'><strong><em>ad</em></strong></span> <span class='ocrx_word' id='word_1_600' title='bbox 2981 3968 3310 4037; x_wconf 88' lang='lat' dir='ltr'><strong><em>propositum</em></strong></span> <span class='ocrx_word' id='word_1_601' title='bbox 3350 3966 3590 4020; x_wconf 79' lang='lat' dir='ltr'><strong><em>veritatis</em></strong></span> 
     </span>
    </p>
   </div>
   <div class='ocr_carea' id='block_1_84' title="bbox 2011 4057 3586 4131">
    <p class='ocr_par' dir='ltr' id='par_1_84' title="bbox 2011 4057 3586 4131">
     <span class='ocr_line' id='line_1_84' title="bbox 2011 4057 3586 4131; baseline -0.008 -11"><span class='ocrx_word' id='word_1_602' title='bbox 2011 4067 2157 4120; x_wconf 87' lang='lat' dir='ltr'><strong><em>illius</em></strong></span> <span class='ocrx_word' id='word_1_603' title='bbox 2209 4074 2260 4119; x_wconf 91' lang='lat' dir='ltr'><strong><em>et</em></strong></span> <span class='ocrx_word' id='word_1_604' title='bbox 2315 4064 2692 4126; x_wconf 77' lang='lat' dir='ltr'><strong><em>oeconomiam,</em></strong></span> <span class='ocrx_word' id='word_1_605' title='bbox 2756 4060 3052 4131; x_wconf 80' lang='lat' dir='ltr'><strong><em>gloriﬁcent</em></strong></span> <span class='ocrx_word' id='word_1_606' title='bbox 3106 4057 3416 4119; x_wconf 88' lang='lat' dir='ltr'><strong><em>Dominum,</em></strong></span> <span class='ocrx_word' id='word_1_607' title='bbox 3479 4063 3586 4109; x_wconf 89' lang='lat' dir='ltr'><strong><em>etc.</em></strong></span> 
     </span>
    </p>
   </div>
   <div class='ocr_carea' id='block_1_85' title="bbox 2012 4149 3590 4228">
    <p class='ocr_par' dir='ltr' id='par_1_85' title="bbox 2012 4149 3590 4228">
     <span class='ocr_line' id='line_1_85' title="bbox 2012 4149 3590 4228; baseline -0.008 -12"><span class='ocrx_word' id='word_1_608' title='bbox 2012 4161 2270 4228; x_wconf 57' lang='lat' dir='ltr'><strong><em>Quaenam</em></strong></span> <span class='ocrx_word' id='word_1_609' title='bbox 2311 4160 2403 4214; x_wconf 90' lang='lat' dir='ltr'><strong><em>illa</em></strong></span> <span class='ocrx_word' id='word_1_610' title='bbox 2437 4156 2765 4221; x_wconf 80' lang='lat' dir='ltr'><strong><em>(economia,</em></strong></span> <span class='ocrx_word' id='word_1_611' title='bbox 2809 4169 2929 4224; x_wconf 83' lang='lat' dir='ltr'><strong><em>quae</em></strong></span> <span class='ocrx_word' id='word_1_612' title='bbox 2960 4153 3246 4209; x_wconf 88' lang='lat' dir='ltr'><strong><em>monachis</em></strong></span> <span class='ocrx_word' id='word_1_613' title='bbox 3274 4149 3462 4206; x_wconf 87' lang='lat' dir='ltr'><strong><em>Basilii</em></strong></span> <span class='ocrx_word' id='word_1_614' title='bbox 3495 4164 3590 4203; x_wconf 87' lang='lat' dir='ltr'><strong><em>ac-</em></strong></span> 
     </span>
    </p>
   </div>
   <div class='ocr_carea' id='block_1_86' title="bbox 2011 4243 3592 4317">
    <p class='ocr_par' dir='ltr' id='par_1_86' title="bbox 2011 4243 3592 4317">
     <span class='ocr_line' id='line_1_86' title="bbox 2011 4243 3592 4317; baseline -0.009 -8"><span class='ocrx_word' id='word_1_615' title='bbox 2011 4251 2242 4309; x_wconf 90' lang='lat' dir='ltr'><strong><em>cusandi</em></strong></span> <span class='ocrx_word' id='word_1_616' title='bbox 2278 4251 2562 4306; x_wconf 81' lang='lat' dir='ltr'><strong><em>materiam</em></strong></span> <span class='ocrx_word' id='word_1_617' title='bbox 2590 4248 2781 4303; x_wconf 86' lang='lat' dir='ltr'><strong><em>dedit?</em></strong></span> <span class='ocrx_word' id='word_1_618' title='bbox 2808 4245 3082 4317; x_wconf 90' lang='lat' dir='ltr'><strong><em>quodnam</em></strong></span> <span class='ocrx_word' id='word_1_619' title='bbox 3114 4245 3309 4315; x_wconf 90' lang='lat' dir='ltr'><strong><em>dogma</em></strong></span> <span class='ocrx_word' id='word_1_620' title='bbox 3333 4243 3487 4299; x_wconf 89' lang='lat' dir='ltr'><strong><em>visus</em></strong></span> <span class='ocrx_word' id='word_1_621' title='bbox 3506 4246 3592 4297; x_wconf 88' lang='lat' dir='ltr'><strong><em>est</em></strong></span> 
     </span>
    </p>
   </div>
   <div class='ocr_carea' id='block_1_87' title="bbox 2014 4336 3593 4406">
    <p class='ocr_par' dir='ltr' id='par_1_87' title="bbox 2014 4336 3593 4406">
     <span class='ocr_line' id='line_1_87' title="bbox 2014 4336 3593 4406; baseline -0.007 -8"><span class='ocrx_word' id='word_1_622' title='bbox 2014 4343 2301 4399; x_wconf 89' lang='lat' dir='ltr'><strong><em>remissius</em></strong></span> <span class='ocrx_word' id='word_1_623' title='bbox 2351 4339 2684 4397; x_wconf 78' lang='lat' dir='ltr'><strong><em>defendere?</em></strong></span> <span class='ocrx_word' id='word_1_624' title='bbox 2730 4338 2877 4392; x_wconf 89' lang='lat' dir='ltr'><strong><em>Nihil</em></strong></span> <span class='ocrx_word' id='word_1_625' title='bbox 2931 4353 3064 4393; x_wconf 87' lang='lat' dir='ltr'><strong><em>sane</em></strong></span> <span class='ocrx_word' id='word_1_626' title='bbox 3113 4336 3357 4406; x_wconf 87' lang='lat' dir='ltr'><strong><em>reperias</em></strong></span> <span class='ocrx_word' id='word_1_627' title='bbox 3393 4341 3593 4405; x_wconf 67' lang='lat' dir='ltr'><strong><em>praeter</em></strong></span> 
     </span>
    </p>
   </div>
   <div class='ocr_carea' id='block_1_88' title="bbox 2014 4425 3594 4505">
    <p class='ocr_par' dir='ltr' id='par_1_88' title="bbox 2014 4425 3594 4505">
     <span class='ocr_line' id='line_1_88' title="bbox 2014 4425 3594 4505; baseline -0.009 -15"><span class='ocrx_word' id='word_1_628' title='bbox 2014 4434 2371 4505; x_wconf 53' lang='lat' dir='ltr'><strong><em>quaestionem</em></strong></span> <span class='ocrx_word' id='word_1_629' title='bbox 2407 4432 2476 4487; x_wconf 93' lang='lat' dir='ltr'><strong><em>de</em></strong></span> <span class='ocrx_word' id='word_1_630' title='bbox 2517 4431 2722 4502; x_wconf 90' lang='lat' dir='ltr'><strong><em>Spiritu</em></strong></span> <span class='ocrx_word' id='word_1_631' title='bbox 2760 4437 2971 4489; x_wconf 88' lang='lat' dir='ltr'><strong><em>sancto.</em></strong></span> <span class='ocrx_word' id='word_1_632' title='bbox 3026 4426 3145 4483; x_wconf 84' lang='lat' dir='ltr'><strong><em>lluc</em></strong></span> <span class='ocrx_word' id='word_1_633' title='bbox 3191 4426 3403 4482; x_wconf 88' lang='lat' dir='ltr'><strong><em>accedit</em></strong></span> <span class='ocrx_word' id='word_1_634' title='bbox 3441 4425 3594 4481; x_wconf 84' lang='lat' dir='ltr'><strong><em>testi-</em></strong></span> 
     </span>
    </p>
   </div>
   <div class='ocr_carea' id='block_1_89' title="bbox 334 4511 3592 4608">
    <p class='ocr_par' dir='ltr' id='par_1_89' title="bbox 334 4511 3592 4608">
     <span class='ocr_line' id='line_1_89' title="bbox 334 4511 3592 4608; baseline -0.008 -18"><span class='ocrx_word' id='word_1_635' title='bbox 334 4537 597 4605; x_wconf 85' lang='lat' dir='ltr'><strong><em>scriptor,</em></strong></span> <span class='ocrx_word' id='word_1_636' title='bbox 652 4534 902 4588; x_wconf 88' lang='lat' dir='ltr'><strong><em>occultos</em></strong></span> <span class='ocrx_word' id='word_1_637' title='bbox 951 4533 1272 4598; x_wconf 63' lang='lat' dir='ltr'><strong><em>haereticos,</em></strong></span> <span class='ocrx_word' id='word_1_638' title='bbox 1321 4511 1500 4605; x_wconf 88' lang='lat' dir='ltr'><strong><em>qualis</em></strong></span> <span class='ocrx_word' id='word_1_639' title='bbox 1544 4539 1661 4587; x_wconf 88' lang='lat' dir='ltr'><strong><em>erat</em></strong></span> <span class='ocrx_word' id='word_1_640' title='bbox 1713 4530 1911 4586; x_wconf 84' lang='lat' dir='ltr'><strong><em>Eusta-</em></strong></span> <span class='ocrx_word' id='word_1_641' title='bbox 1943 4550 1990 4608; x_wconf 74' lang='grc' dir='ltr'><strong>η</strong></span> <span class='ocrx_word' id='word_1_642' title='bbox 2020 4526 2264 4579; x_wconf 91' lang='lat' dir='ltr'><strong><em>monium</em></strong></span> <span class='ocrx_word' id='word_1_643' title='bbox 2303 4521 2549 4591; x_wconf 80' lang='lat' dir='ltr'><strong><em>Gregorii</em></strong></span> <span class='ocrx_word' id='word_1_644' title='bbox 2588 4518 2940 4583; x_wconf 85' lang='lat' dir='ltr'><strong><em>Nazianzeni,</em></strong></span> <span class='ocrx_word' id='word_1_645' title='bbox 2970 4516 3129 4584; x_wconf 89' lang='lat' dir='ltr'><strong><em>cujus</em></strong></span> <span class='ocrx_word' id='word_1_646' title='bbox 3165 4531 3230 4569; x_wconf 87' lang='lat' dir='ltr'><strong><em>ex</em></strong></span> <span class='ocrx_word' id='word_1_647' title='bbox 3259 4512 3489 4583; x_wconf 89' lang='lat' dir='ltr'><strong><em>epistola</em></strong></span> <span class='ocrx_word' id='word_1_648' title='bbox 3522 4511 3592 4565; x_wconf 71' lang='lat'><strong><em>27</em></strong></span> 
     </span>
    </p>
   </div>
   <div class='ocr_carea' id='block_1_90' title="bbox 334 4624 1916 4695">
    <p class='ocr_par' dir='ltr' id='par_1_90' title="bbox 334 4624 1916 4695">
     <span class='ocr_line' id='line_1_90' title="bbox 334 4624 1916 4695; baseline -0.001 -14"><span class='ocrx_word' id='word_1_649' title='bbox 334 4627 507 4695; x_wconf 86' lang='lat' dir='ltr'><strong><em>thius,</em></strong></span> <span class='ocrx_word' id='word_1_650' title='bbox 538 4626 643 4681; x_wconf 90' lang='lat' dir='ltr'><strong><em>hac</em></strong></span> <span class='ocrx_word' id='word_1_651' title='bbox 672 4624 863 4681; x_wconf 88' lang='lat' dir='ltr'><strong><em>Basilii</em></strong></span> <span class='ocrx_word' id='word_1_652' title='bbox 886 4625 1393 4681; x_wconf 89' lang='lat' dir='ltr'><strong><em>accommodatione</em></strong></span> <span class='ocrx_word' id='word_1_653' title='bbox 1415 4632 1469 4680; x_wconf 91' lang='lat' dir='ltr'><strong><em>et</em></strong></span> <span class='ocrx_word' id='word_1_654' title='bbox 1493 4624 1755 4679; x_wconf 84' lang='lat' dir='ltr'><strong><em>facilitate</em></strong></span> <span class='ocrx_word' id='word_1_655' title='bbox 1784 4637 1916 4679; x_wconf 86' lang='lat' dir='ltr'><strong><em>usos</em></strong></span> 
     </span>
    </p>
   </div>
   <div class='ocr_carea' id='block_1_91' title="bbox 335 4716 1916 4789">
    <p class='ocr_par' dir='ltr' id='par_1_91' title="bbox 335 4716 1916 4789">
     <span class='ocr_line' id='line_1_91' title="bbox 335 4716 1916 4789; baseline -0.002 -14"><span class='ocrx_word' id='word_1_656' title='bbox 335 4733 479 4783; x_wconf 85' lang='lat' dir='ltr'><strong><em>esse,</em></strong></span> <span class='ocrx_word' id='word_1_657' title='bbox 519 4725 584 4773; x_wconf 88' lang='lat' dir='ltr'><strong><em>ut</em></strong></span> <span class='ocrx_word' id='word_1_658' title='bbox 614 4733 736 4774; x_wconf 89' lang='lat' dir='ltr'><strong><em>sese</em></strong></span> <span class='ocrx_word' id='word_1_659' title='bbox 766 4732 892 4774; x_wconf 89' lang='lat' dir='ltr'><strong><em>cum</em></strong></span> <span class='ocrx_word' id='word_1_660' title='bbox 925 4733 992 4773; x_wconf 90' lang='lat' dir='ltr'><strong><em>eo</em></strong></span> <span class='ocrx_word' id='word_1_661' title='bbox 1023 4718 1444 4789; x_wconf 88' lang='lat' dir='ltr'><strong><em>conjungerent,</em></strong></span> <span class='ocrx_word' id='word_1_662' title='bbox 1482 4732 1547 4772; x_wconf 92' lang='lat' dir='ltr'><strong><em>ac</em></strong></span> <span class='ocrx_word' id='word_1_663' title='bbox 1576 4716 1916 4787; x_wconf 78' lang='lat' dir='ltr'><strong><em>gravissimis</em></strong></span> 
     </span>
    </p>
   </div>
   <div class='ocr_carea' id='block_1_92' title="bbox 336 4808 1918 4883">
    <p class='ocr_par' dir='ltr' id='par_1_92' title="bbox 336 4808 1918 4883">
     <span class='ocr_line' id='line_1_92' title="bbox 336 4808 1918 4883; baseline -0.001 -17"><span class='ocrx_word' id='word_1_664' title='bbox 336 4819 530 4883; x_wconf 89' lang='lat' dir='ltr'><strong><em>postea</em></strong></span> <span class='ocrx_word' id='word_1_665' title='bbox 573 4810 726 4865; x_wconf 88' lang='lat' dir='ltr'><strong><em>illum</em></strong></span> <span class='ocrx_word' id='word_1_666' title='bbox 776 4810 1069 4867; x_wconf 90' lang='lat' dir='ltr'><strong><em>calumniis</em></strong></span> <span class='ocrx_word' id='word_1_667' title='bbox 1098 4818 1381 4867; x_wconf 87' lang='lat' dir='ltr'><strong><em>vexarent.</em></strong></span> <span class='ocrx_word' id='word_1_668' title='bbox 1409 4808 1739 4865; x_wconf 74' lang='lat' dir='ltr'><strong><em>Iamdudum</em></strong></span> <span class='ocrx_word' id='word_1_669' title='bbox 1784 4825 1918 4865; x_wconf 84' lang='lat' dir='ltr'><strong><em>con-</em></strong></span> 
     </span>
    </p>
   </div>
   <div class='ocr_carea' id='block_1_93' title="bbox 336 4899 1918 4971">
    <p class='ocr_par' dir='ltr' id='par_1_93' title="bbox 336 4899 1918 4971">
     <span class='ocr_line' id='line_1_93' title="bbox 336 4899 1918 4971; baseline 0.001 -18"><span class='ocrx_word' id='word_1_670' title='bbox 336 4900 687 4971; x_wconf 74' lang='lat' dir='ltr'><strong><em>iunctissime</em></strong></span> <span class='ocrx_word' id='word_1_671' title='bbox 725 4914 852 4955; x_wconf 89' lang='lat' dir='ltr'><strong><em>cum</em></strong></span> <span class='ocrx_word' id='word_1_672' title='bbox 885 4899 1172 4959; x_wconf 87' lang='lat' dir='ltr'><strong><em>Eustathio</em></strong></span> <span class='ocrx_word' id='word_1_673' title='bbox 1200 4908 1255 4956; x_wconf 89' lang='lat' dir='ltr'><strong><em>et</em></strong></span> <span class='ocrx_word' id='word_1_674' title='bbox 1295 4900 1672 4956; x_wconf 89' lang='lat' dir='ltr'><strong><em>amantissime</em></strong></span> <span class='ocrx_word' id='word_1_675' title='bbox 1709 4901 1918 4955; x_wconf 83' lang='lat' dir='ltr'><strong><em>vixerat</em></strong></span> 
     </span>
    </p>
   </div>
   <div class='ocr_carea' id='block_1_94' title="bbox 340 4990 1918 5062">
    <p class='ocr_par' dir='ltr' id='par_1_94' title="bbox 340 4990 1918 5062">
     <span class='ocr_line' id='line_1_94' title="bbox 340 4990 1918 5062; baseline 0.001 -17"><span class='ocrx_word' id='word_1_676' title='bbox 340 4990 615 5056; x_wconf 89' lang='lat' dir='ltr'><strong><em>Basilius,</em></strong></span> <span class='ocrx_word' id='word_1_677' title='bbox 660 4999 956 5062; x_wconf 88' lang='lat' dir='ltr'><strong><em>antequam</em></strong></span> <span class='ocrx_word' id='word_1_678' title='bbox 1008 4991 1124 5046; x_wconf 69' lang='lat' dir='ltr'><strong><em>haec</em></strong></span> <span class='ocrx_word' id='word_1_679' title='bbox 1158 4990 1226 5047; x_wconf 89' lang='lat' dir='ltr'><strong><em>de</em></strong></span> <span class='ocrx_word' id='word_1_680' title='bbox 1279 4990 1489 5062; x_wconf 88' lang='lat' dir='ltr'><strong><em>Spiritu</em></strong></span> <span class='ocrx_word' id='word_1_681' title='bbox 1543 4991 1918 5047; x_wconf 75' lang='lat' dir='ltr'><strong><em>Controversia</em></strong></span> 
     </span>
    </p>
   </div>
   <div class='ocr_carea' id='block_1_95' title="bbox 342 5083 1919 5161">
    <p class='ocr_par' dir='ltr' id='par_1_95' title="bbox 342 5083 1919 5161">
     <span class='ocr_line' id='line_1_95' title="bbox 342 5083 1919 5161; baseline 0.001 -23"><span class='ocrx_word' id='word_1_682' title='bbox 342 5086 608 5161; x_wconf 90' lang='lat' dir='ltr'><strong><em>prodiret.</em></strong></span> <span class='ocrx_word' id='word_1_683' title='bbox 634 5083 757 5140; x_wconf 85' lang='lat' dir='ltr'><strong><em>Non</em></strong></span> <span class='ocrx_word' id='word_1_684' title='bbox 794 5085 970 5141; x_wconf 90' lang='lat' dir='ltr'><strong><em>multo</em></strong></span> <span class='ocrx_word' id='word_1_685' title='bbox 1000 5093 1124 5157; x_wconf 89' lang='lat' dir='ltr'><strong><em>post</em></strong></span> <span class='ocrx_word' id='word_1_686' title='bbox 1157 5094 1404 5140; x_wconf 87' lang='lat' dir='ltr'><strong><em>exortam</em></strong></span> <span class='ocrx_word' id='word_1_687' title='bbox 1436 5085 1577 5139; x_wconf 89' lang='lat' dir='ltr'><strong><em>hanc</em></strong></span> <span class='ocrx_word' id='word_1_688' title='bbox 1601 5093 1919 5140; x_wconf 57' lang='lat' dir='ltr'><strong><em>controver-</em></strong></span> 
     </span>
    </p>
   </div>
   <div class='ocr_carea' id='block_1_96' title="bbox 344 5175 1920 5249">
    <p class='ocr_par' dir='ltr' id='par_1_96' title="bbox 344 5175 1920 5249">
     <span class='ocr_line' id='line_1_96' title="bbox 344 5175 1920 5249; baseline -0.003 -15"><span class='ocrx_word' id='word_1_689' title='bbox 344 5179 480 5235; x_wconf 88' lang='lat' dir='ltr'><strong><em>siam</em></strong></span> <span class='ocrx_word' id='word_1_690' title='bbox 505 5178 749 5234; x_wconf 90' lang='lat' dir='ltr'><strong><em>dissiluit</em></strong></span> <span class='ocrx_word' id='word_1_691' title='bbox 791 5193 984 5235; x_wconf 86' lang='lat' dir='ltr'><strong><em>eorum</em></strong></span> <span class='ocrx_word' id='word_1_692' title='bbox 1030 5176 1294 5244; x_wconf 89' lang='lat' dir='ltr'><strong><em>amicitia,</em></strong></span> <span class='ocrx_word' id='word_1_693' title='bbox 1317 5188 1604 5249; x_wconf 90' lang='lat' dir='ltr'><strong><em>propterea</em></strong></span> <span class='ocrx_word' id='word_1_694' title='bbox 1630 5177 1776 5248; x_wconf 91' lang='lat' dir='ltr'><strong><em>quod</em></strong></span> <span class='ocrx_word' id='word_1_695' title='bbox 1815 5175 1920 5230; x_wconf 83' lang='lat' dir='ltr'><strong><em>Ba-</em></strong></span> 
     </span>
    </p>
   </div>
   <div class='ocr_carea' id='block_1_97' title="bbox 343 5270 1920 5342">
    <p class='ocr_par' dir='ltr' id='par_1_97' title="bbox 343 5270 1920 5342">
     <span class='ocr_line' id='line_1_97' title="bbox 343 5270 1920 5342; baseline -0.001 -15"><span class='ocrx_word' id='word_1_696' title='bbox 343 5273 525 5336; x_wconf 88' lang='lat' dir='ltr'><strong><em>silius,</em></strong></span> <span class='ocrx_word' id='word_1_697' title='bbox 568 5273 676 5328; x_wconf 89' lang='lat' dir='ltr'><strong><em>etsi</em></strong></span> <span class='ocrx_word' id='word_1_698' title='bbox 721 5272 783 5327; x_wconf 88' lang='lat' dir='ltr'><strong><em>in</em></strong></span> <span class='ocrx_word' id='word_1_699' title='bbox 831 5271 1115 5341; x_wconf 87' lang='lat' dir='ltr'><strong><em>probanda</em></strong></span> <span class='ocrx_word' id='word_1_700' title='bbox 1145 5279 1200 5328; x_wconf 90' lang='lat' dir='ltr'><strong><em>et</em></strong></span> <span class='ocrx_word' id='word_1_701' title='bbox 1240 5270 1600 5342; x_wconf 87' lang='lat' dir='ltr'><strong><em>periclitanda</em></strong></span> <span class='ocrx_word' id='word_1_702' title='bbox 1636 5271 1920 5326; x_wconf 91' lang='lat' dir='ltr'><strong><em>hominum</em></strong></span> 
     </span>
    </p>
   </div>
   <div class='ocr_carea' id='block_1_98' title="bbox 343 5361 1921 5434">
    <p class='ocr_par' dir='ltr' id='par_1_98' title="bbox 343 5361 1921 5434">
     <span class='ocr_line' id='line_1_98' title="bbox 343 5361 1921 5434; baseline 0.001 -16"><span class='ocrx_word' id='word_1_703' title='bbox 343 5373 730 5434; x_wconf 87' lang='lat' dir='ltr'><strong><em>suspectorum</em></strong></span> <span class='ocrx_word' id='word_1_704' title='bbox 770 5361 881 5425; x_wconf 76' lang='lat' dir='ltr'><strong><em>ﬁde</em></strong></span> <span class='ocrx_word' id='word_1_705' title='bbox 928 5379 1181 5421; x_wconf 89' lang='lat' dir='ltr'><strong><em>morosus</em></strong></span> <span class='ocrx_word' id='word_1_706' title='bbox 1224 5380 1337 5419; x_wconf 90' lang='lat' dir='ltr'><strong><em>non</em></strong></span> <span class='ocrx_word' id='word_1_707' title='bbox 1368 5372 1507 5430; x_wconf 90' lang='lat' dir='ltr'><strong><em>erat,</em></strong></span> <span class='ocrx_word' id='word_1_708' title='bbox 1533 5365 1607 5419; x_wconf 89' lang='lat' dir='ltr'><strong><em>ita</em></strong></span> <span class='ocrx_word' id='word_1_709' title='bbox 1638 5372 1822 5419; x_wconf 89' lang='lat' dir='ltr'><strong><em>tamen</em></strong></span> <span class='ocrx_word' id='word_1_710' title='bbox 1865 5364 1921 5419; x_wconf 89' lang='lat' dir='ltr'><strong><em>in</em></strong></span> 
     </span>
    </p>
   </div>
   <div class='ocr_carea' id='block_1_99' title="bbox 341 5450 1924 5527">
    <p class='ocr_par' dir='ltr' id='par_1_99' title="bbox 341 5450 1924 5527">
     <span class='ocr_line' id='line_1_99' title="bbox 341 5450 1924 5527; baseline 0.001 -16"><span class='ocrx_word' id='word_1_711' title='bbox 341 5455 771 5527; x_wconf 87' lang='lat' dir='ltr'><strong><em>constringendo</em></strong></span> <span class='ocrx_word' id='word_1_712' title='bbox 812 5450 871 5512; x_wconf 82' lang='lat' dir='ltr'><strong><em>et</em></strong></span> <span class='ocrx_word' id='word_1_713' title='bbox 895 5455 1224 5514; x_wconf 84' lang='lat' dir='ltr'><strong><em>ﬁrmissimis</em></strong></span> <span class='ocrx_word' id='word_1_714' title='bbox 1251 5457 1411 5514; x_wconf 85' lang='lat' dir='ltr'><strong><em>nodis</em></strong></span> <span class='ocrx_word' id='word_1_715' title='bbox 1449 5456 1685 5513; x_wconf 88' lang='lat' dir='ltr'><strong><em>tenendo</em></strong></span> <span class='ocrx_word' id='word_1_716' title='bbox 1726 5455 1924 5513; x_wconf 81' lang='lat' dir='ltr'><strong><em>Eusta-</em></strong></span> 
     </span>
    </p>
   </div>
   <div class='ocr_carea' id='block_1_100' title="bbox 342 5548 1925 5622">
    <p class='ocr_par' dir='ltr' id='par_1_100' title="bbox 342 5548 1925 5622">
     <span class='ocr_line' id='line_1_100' title="bbox 342 5548 1925 5622; baseline 0 -17"><span class='ocrx_word' id='word_1_717' title='bbox 342 5550 462 5605; x_wconf 87' lang='lat' dir='ltr'><strong><em>thio</em></strong></span> <span class='ocrx_word' id='word_1_718' title='bbox 488 5558 687 5604; x_wconf 88' lang='lat' dir='ltr'><strong><em>cautus</em></strong></span> <span class='ocrx_word' id='word_1_719' title='bbox 716 5548 857 5615; x_wconf 88' lang='lat' dir='ltr'><strong><em>fuit,</em></strong></span> <span class='ocrx_word' id='word_1_720' title='bbox 890 5559 951 5605; x_wconf 91' lang='lat' dir='ltr'><strong><em>ut</em></strong></span> <span class='ocrx_word' id='word_1_721' title='bbox 985 5564 1110 5605; x_wconf 87' lang='lat' dir='ltr'><strong><em>cum</em></strong></span> <span class='ocrx_word' id='word_1_722' title='bbox 1149 5549 1255 5606; x_wconf 89' lang='lat' dir='ltr'><strong><em>iste</em></strong></span> <span class='ocrx_word' id='word_1_723' title='bbox 1286 5549 1404 5605; x_wconf 64' lang='lat' dir='ltr'><strong><em>haec</em></strong></span> <span class='ocrx_word' id='word_1_724' title='bbox 1431 5549 1649 5605; x_wconf 90' lang='lat' dir='ltr'><strong><em>vincula</em></strong></span> <span class='ocrx_word' id='word_1_725' title='bbox 1691 5549 1925 5622; x_wconf 83' lang='lat' dir='ltr'><strong><em>effugere</em></strong></span> 
     </span>
    </p>
   </div>
   <div class='ocr_carea' id='block_1_101' title="bbox 347 5641 1925 5713">
    <p class='ocr_par' dir='ltr' id='par_1_101' title="bbox 347 5641 1925 5713">
     <span class='ocr_line' id='line_1_101' title="bbox 347 5641 1925 5713; baseline 0.002 -19"><span class='ocrx_word' id='word_1_726' title='bbox 347 5656 459 5695; x_wconf 87' lang='lat' dir='ltr'><strong><em>non</em></strong></span> <span class='ocrx_word' id='word_1_727' title='bbox 490 5649 703 5711; x_wconf 89' lang='lat' dir='ltr'><strong><em>posset,</em></strong></span> <span class='ocrx_word' id='word_1_728' title='bbox 730 5642 916 5697; x_wconf 90' lang='lat' dir='ltr'><strong><em>odium</em></strong></span> <span class='ocrx_word' id='word_1_729' title='bbox 948 5650 1004 5698; x_wconf 90' lang='lat' dir='ltr'><strong><em>et</em></strong></span> <span class='ocrx_word' id='word_1_730' title='bbox 1037 5642 1375 5698; x_wconf 89' lang='lat' dir='ltr'><strong><em>iracundiam</em></strong></span> <span class='ocrx_word' id='word_1_731' title='bbox 1411 5642 1470 5696; x_wconf 91' lang='lat' dir='ltr'><strong><em>in</em></strong></span> <span class='ocrx_word' id='word_1_732' title='bbox 1520 5641 1779 5698; x_wconf 78' lang='lat' dir='ltr'><strong><em>Basilium</em></strong></span> <span class='ocrx_word' id='word_1_733' title='bbox 1828 5658 1925 5713; x_wconf 90' lang='lat' dir='ltr'><strong><em>pa-</em></strong></span> 
     </span>
    </p>
   </div>
   <div class='ocr_carea' id='block_1_102' title="bbox 350 5734 1924 5806">
    <p class='ocr_par' dir='ltr' id='par_1_102' title="bbox 350 5734 1924 5806">
     <span class='ocr_line' id='line_1_102' title="bbox 350 5734 1924 5806; baseline 0.001 -19"><span class='ocrx_word' id='word_1_734' title='bbox 350 5734 459 5788; x_wconf 86' lang='lat' dir='ltr'><strong><em>lam</em></strong></span> <span class='ocrx_word' id='word_1_735' title='bbox 512 5742 570 5788; x_wconf 89' lang='lat' dir='ltr'><strong><em>et</em></strong></span> <span class='ocrx_word' id='word_1_736' title='bbox 606 5743 795 5804; x_wconf 90' lang='lat' dir='ltr'><strong><em>aperte</em></strong></span> <span class='ocrx_word' id='word_1_737' title='bbox 842 5735 1164 5792; x_wconf 82' lang='lat' dir='ltr'><strong><em>evomuerit.</em></strong></span> <span class='ocrx_word' id='word_1_738' title='bbox 1217 5735 1406 5793; x_wconf 88' lang='lat' dir='ltr'><strong><em>Basilii</em></strong></span> <span class='ocrx_word' id='word_1_739' title='bbox 1453 5750 1584 5806; x_wconf 88' lang='lat' dir='ltr'><strong><em>ergo</em></strong></span> <span class='ocrx_word' id='word_1_740' title='bbox 1625 5735 1823 5791; x_wconf 89' lang='lat' dir='ltr'><strong><em>lenitas</em></strong></span> <span class='ocrx_word' id='word_1_741' title='bbox 1869 5737 1924 5789; x_wconf 92' lang='lat' dir='ltr'><strong><em>in</em></strong></span> 
     </span>
    </p>
   </div>
   <div class='ocr_carea' id='block_1_103' title="bbox 353 5824 1923 5903">
    <p class='ocr_par' dir='ltr' id='par_1_103' title="bbox 353 5824 1923 5903">
     <span class='ocr_line' id='line_1_103' title="bbox 353 5824 1923 5903; baseline 0.001 -22"><span class='ocrx_word' id='word_1_742' title='bbox 353 5824 693 5884; x_wconf 89' lang='lat' dir='ltr'><strong><em>defendenda</em></strong></span> <span class='ocrx_word' id='word_1_743' title='bbox 741 5825 979 5901; x_wconf 83' lang='lat' dir='ltr'><strong><em>Spiritus</em></strong></span> <span class='ocrx_word' id='word_1_744' title='bbox 1016 5826 1298 5885; x_wconf 87' lang='lat' dir='ltr'><strong><em>divinitate</em></strong></span> <span class='ocrx_word' id='word_1_745' title='bbox 1345 5842 1687 5903; x_wconf 85' lang='lat' dir='ltr'><strong><em>nequaquam</em></strong></span> <span class='ocrx_word' id='word_1_746' title='bbox 1729 5829 1923 5887; x_wconf 81' lang='lat' dir='ltr'><strong><em>Eusta-</em></strong></span> 
     </span>
    </p>
   </div>
   <div class='ocr_carea' id='block_1_104' title="bbox 2018 4599 3594 4677">
    <p class='ocr_par' dir='ltr' id='par_1_104' title="bbox 2018 4599 3594 4677">
     <span class='ocr_line' id='line_1_104' title="bbox 2018 4599 3594 4677; baseline -0.011 -6"><span class='ocrx_word' id='word_1_747' title='bbox 2018 4616 2285 4671; x_wconf 89' lang='lat' dir='ltr'><strong><em>discimus</em></strong></span> <span class='ocrx_word' id='word_1_748' title='bbox 2335 4612 2621 4677; x_wconf 90' lang='lat' dir='ltr'><strong><em>Basilium,</em></strong></span> <span class='ocrx_word' id='word_1_749' title='bbox 2674 4624 2798 4664; x_wconf 91' lang='lat' dir='ltr'><strong><em>cum</em></strong></span> <span class='ocrx_word' id='word_1_750' title='bbox 2854 4608 2943 4663; x_wconf 91' lang='lat' dir='ltr'><strong><em>die</em></strong></span> <span class='ocrx_word' id='word_1_751' title='bbox 2993 4607 3135 4663; x_wconf 80' lang='lat' dir='ltr'><strong><em>festo</em></strong></span> <span class='ocrx_word' id='word_1_752' title='bbox 3185 4605 3243 4661; x_wconf 95' lang='lat' dir='ltr'><strong><em>S.</em></strong></span> <span class='ocrx_word' id='word_1_753' title='bbox 3297 4599 3594 4673; x_wconf 89' lang='lat' dir='ltr'><strong><em>Eupsychii</em></strong></span> 
     </span>
    </p>
   </div>
   <div class='ocr_carea' id='block_1_105' title="bbox 2017 4694 3594 4776">
    <p class='ocr_par' dir='ltr' id='par_1_105' title="bbox 2017 4694 3594 4776">
     <span class='ocr_line' id='line_1_105' title="bbox 2017 4694 3594 4776; baseline -0.011 -13"><span class='ocrx_word' id='word_1_754' title='bbox 2017 4708 2187 4763; x_wconf 90' lang='lat' dir='ltr'><strong><em>Deum</em></strong></span> <span class='ocrx_word' id='word_1_755' title='bbox 2210 4722 2318 4760; x_wconf 89' lang='lat' dir='ltr'><strong><em>non</em></strong></span> <span class='ocrx_word' id='word_1_756' title='bbox 2344 4705 2677 4776; x_wconf 88' lang='lat' dir='ltr'><strong><em>appellasset</em></strong></span> <span class='ocrx_word' id='word_1_757' title='bbox 2706 4700 2971 4772; x_wconf 88' lang='lat' dir='ltr'><strong><em>Spiritum</em></strong></span> <span class='ocrx_word' id='word_1_758' title='bbox 2995 4708 3269 4762; x_wconf 88' lang='lat' dir='ltr'><strong><em>sanctum,</em></strong></span> <span class='ocrx_word' id='word_1_759' title='bbox 3295 4694 3594 4751; x_wconf 90' lang='lat' dir='ltr'><strong><em>monacho-</em></strong></span> 
     </span>
    </p>
   </div>
   <div class='ocr_carea' id='block_1_106' title="bbox 2016 4789 3595 4870">
    <p class='ocr_par' dir='ltr' id='par_1_106' title="bbox 2016 4789 3595 4870">
     <span class='ocr_line' id='line_1_106' title="bbox 2016 4789 3595 4870; baseline -0.011 -16"><span class='ocrx_word' id='word_1_760' title='bbox 2016 4815 2138 4854; x_wconf 92' lang='lat' dir='ltr'><strong><em>rum</em></strong></span> <span class='ocrx_word' id='word_1_761' title='bbox 2175 4798 2427 4870; x_wconf 88' lang='lat' dir='ltr'><strong><em>querelas</em></strong></span> <span class='ocrx_word' id='word_1_762' title='bbox 2469 4796 2526 4850; x_wconf 93' lang='lat' dir='ltr'><strong><em>in</em></strong></span> <span class='ocrx_word' id='word_1_763' title='bbox 2579 4811 2639 4852; x_wconf 91' lang='lat' dir='ltr'><strong><em>se</em></strong></span> <span class='ocrx_word' id='word_1_764' title='bbox 2694 4793 3021 4848; x_wconf 86' lang='lat' dir='ltr'><strong><em>concitasse.</em></strong></span> <span class='ocrx_word' id='word_1_765' title='bbox 3063 4789 3172 4844; x_wconf 84' lang='lat' dir='ltr'><strong><em>Res</em></strong></span> <span class='ocrx_word' id='word_1_766' title='bbox 3216 4803 3346 4858; x_wconf 86' lang='lat' dir='ltr'><strong><em>ergo</em></strong></span> <span class='ocrx_word' id='word_1_767' title='bbox 3377 4793 3432 4840; x_wconf 88' lang='lat' dir='ltr'><strong><em>et</em></strong></span> <span class='ocrx_word' id='word_1_768' title='bbox 3469 4799 3595 4855; x_wconf 87' lang='lat' dir='ltr'><strong><em>per-</em></strong></span> 
     </span>
    </p>
   </div>
   <div class='ocr_carea' id='block_1_107' title="bbox 2020 4881 3592 4963">
    <p class='ocr_par' dir='ltr' id='par_1_107' title="bbox 2020 4881 3592 4963">
     <span class='ocr_line' id='line_1_107' title="bbox 2020 4881 3592 4963; baseline -0.01 -15"><span class='ocrx_word' id='word_1_769' title='bbox 2020 4908 2168 4949; x_wconf 65' lang='lat' dir='ltr'><strong><em>sona:</em></strong></span> <span class='ocrx_word' id='word_1_770' title='bbox 2216 4897 2547 4961; x_wconf 88' lang='lat' dir='ltr'><strong><em>congruunt.</em></strong></span> <span class='ocrx_word' id='word_1_771' title='bbox 2603 4886 2786 4963; x_wconf 85' lang='lat' dir='ltr'><strong><em>Ipsum</em></strong></span> <span class='ocrx_word' id='word_1_772' title='bbox 2839 4886 3003 4941; x_wconf 90' lang='lat' dir='ltr'><strong><em>etiam</em></strong></span> <span class='ocrx_word' id='word_1_773' title='bbox 3054 4881 3308 4951; x_wconf 84' lang='lat' dir='ltr'><strong><em>congruit</em></strong></span> <span class='ocrx_word' id='word_1_774' title='bbox 3352 4886 3592 4948; x_wconf 90' lang='lat' dir='ltr'><strong><em>tempus.</em></strong></span> 
     </span>
    </p>
   </div>
   <div class='ocr_carea' id='block_1_108' title="bbox 2017 4969 3594 5039">
    <p class='ocr_par' dir='ltr' id='par_1_108' title="bbox 2017 4969 3594 5039">
     <span class='ocr_line' id='line_1_108' title="bbox 2017 4969 3594 5039; baseline -0.008 -3"><span class='ocrx_word' id='word_1_775' title='bbox 2017 4981 2154 5037; x_wconf 90' lang='lat' dir='ltr'><strong><em>Nam</em></strong></span> <span class='ocrx_word' id='word_1_776' title='bbox 2188 4980 2425 5037; x_wconf 86' lang='lat' dir='ltr'><strong><em>Basilius</em></strong></span> <span class='ocrx_word' id='word_1_777' title='bbox 2463 4980 2567 5034; x_wconf 89' lang='lat' dir='ltr'><strong><em>hac</em></strong></span> <span class='ocrx_word' id='word_1_778' title='bbox 2613 4992 2750 5034; x_wconf 89' lang='lat' dir='ltr'><strong><em>usus</em></strong></span> <span class='ocrx_word' id='word_1_779' title='bbox 2800 4984 2884 5032; x_wconf 87' lang='lat' dir='ltr'><strong><em>est</em></strong></span> <span class='ocrx_word' id='word_1_780' title='bbox 2914 4972 3254 5039; x_wconf 85' lang='lat' dir='ltr'><strong><em>oeconomia,</em></strong></span> <span class='ocrx_word' id='word_1_781' title='bbox 3287 4984 3354 5024; x_wconf 93' lang='lat' dir='ltr'><strong><em>ac</em></strong></span> <span class='ocrx_word' id='word_1_782' title='bbox 3397 4969 3454 5023; x_wconf 91' lang='lat' dir='ltr'><strong><em>in</em></strong></span> <span class='ocrx_word' id='word_1_783' title='bbox 3493 4971 3594 5024; x_wconf 88' lang='lat' dir='ltr'><strong><em>has</em></strong></span> 
     </span>
    </p>
   </div>
   <div class='ocr_carea' id='block_1_109' title="bbox 2020 5061 3594 5137">
    <p class='ocr_par' dir='ltr' id='par_1_109' title="bbox 2020 5061 3594 5137">
     <span class='ocr_line' id='line_1_109' title="bbox 2020 5061 3594 5137; baseline -0.007 -9"><span class='ocrx_word' id='word_1_784' title='bbox 2020 5073 2254 5128; x_wconf 89' lang='lat' dir='ltr'><strong><em>incurrit</em></strong></span> <span class='ocrx_word' id='word_1_785' title='bbox 2278 5070 2735 5135; x_wconf 82' lang='lat' dir='ltr'><strong><em>criminationes,</em></strong></span> <span class='ocrx_word' id='word_1_786' title='bbox 2768 5076 3060 5137; x_wconf 89' lang='lat' dir='ltr'><strong><em>antequam</em></strong></span> <span class='ocrx_word' id='word_1_787' title='bbox 3105 5072 3330 5120; x_wconf 90' lang='lat' dir='ltr'><strong><em>sanctus</em></strong></span> <span class='ocrx_word' id='word_1_788' title='bbox 3358 5061 3594 5117; x_wconf 85' lang='lat' dir='ltr'><strong><em>Athana-</em></strong></span> 
     </span>
    </p>
   </div>
   <div class='ocr_carea' id='block_1_110' title="bbox 2022 5154 3224 5239">
    <p class='ocr_par' dir='ltr' id='par_1_110' title="bbox 2022 5154 3224 5239">
     <span class='ocr_line' id='line_1_110' title="bbox 2022 5154 3224 5239; baseline -0.011 -19"><span class='ocrx_word' id='word_1_789' title='bbox 2022 5166 2139 5221; x_wconf 89' lang='lat' dir='ltr'><strong><em>sius</em></strong></span> <span class='ocrx_word' id='word_1_790' title='bbox 2165 5179 2196 5219; x_wconf 90' lang='lat' dir='ltr'><strong><em>e</em></strong></span> <span class='ocrx_word' id='word_1_791' title='bbox 2221 5164 2331 5217; x_wconf 86' lang='lat' dir='ltr'><strong><em>vita</em></strong></span> <span class='ocrx_word' id='word_1_792' title='bbox 2360 5163 2678 5239; x_wconf 85' lang='lat' dir='ltr'><strong><em>migrasset,</em></strong></span> <span class='ocrx_word' id='word_1_793' title='bbox 2702 5173 2899 5228; x_wconf 90' lang='lat' dir='ltr'><strong><em>nempe</em></strong></span> <span class='ocrx_word' id='word_1_794' title='bbox 2927 5171 3070 5210; x_wconf 90' lang='lat' dir='ltr'><strong><em>anno</em></strong></span> <span class='ocrx_word' id='word_1_795' title='bbox 3099 5154 3224 5209; x_wconf 80' lang='grc'><strong><em>571.</em></strong></span> 
     </span>
    </p>
   </div>
   <div class='ocr_carea' id='block_1_111' title="bbox 2093 5269 3589 5348">
    <p class='ocr_par' dir='ltr' id='par_1_111' title="bbox 2093 5269 3589 5348">
     <span class='ocr_line' id='line_1_111' title="bbox 2093 5269 3589 5348; baseline -0.005 -14"><span class='ocrx_word' id='word_1_796' title='bbox 2093 5278 2251 5346; x_wconf 86' lang='lat' dir='ltr'><strong><em>Quod</em></strong></span> <span class='ocrx_word' id='word_1_797' title='bbox 2296 5284 2505 5348; x_wconf 85' lang='lat' dir='ltr'><strong><em>spectat</em></strong></span> <span class='ocrx_word' id='word_1_798' title='bbox 2545 5274 2615 5332; x_wconf 83' lang='lat' dir='ltr'><strong><em>ad</em></strong></span> <span class='ocrx_word' id='word_1_799' title='bbox 2671 5273 2730 5329; x_wconf 92' lang='lat' dir='ltr'><strong><em>S.</em></strong></span> <span class='ocrx_word' id='word_1_800' title='bbox 2777 5271 3094 5343; x_wconf 87' lang='lat' dir='ltr'><strong><em>Gregorium</em></strong></span> <span class='ocrx_word' id='word_1_801' title='bbox 3149 5269 3589 5338; x_wconf 86' lang='lat' dir='ltr'><strong><em>Nazianzenum,</em></strong></span> 
     </span>
    </p>
   </div>
   <div class='ocr_carea' id='block_1_112' title="bbox 2022 5365 3594 5449">
    <p class='ocr_par' dir='ltr' id='par_1_112' title="bbox 2022 5365 3594 5449">
     <span class='ocr_line' id='line_1_112' title="bbox 2022 5365 3594 5449; baseline -0.007 -18"><span class='ocrx_word' id='word_1_802' title='bbox 2022 5380 2238 5445; x_wconf 88' lang='lat' dir='ltr'><strong><em>tempus</em></strong></span> <span class='ocrx_word' id='word_1_803' title='bbox 2289 5370 2560 5442; x_wconf 88' lang='lat' dir='ltr'><strong><em>assignari</em></strong></span> <span class='ocrx_word' id='word_1_804' title='bbox 2611 5381 2775 5439; x_wconf 83' lang='lat' dir='ltr'><strong><em>posse</em></strong></span> <span class='ocrx_word' id='word_1_805' title='bbox 2834 5379 2946 5421; x_wconf 88' lang='lat' dir='ltr'><strong><em>non</em></strong></span> <span class='ocrx_word' id='word_1_806' title='bbox 2992 5373 3162 5449; x_wconf 71' lang='lat' dir='ltr'><strong><em>puto,</em></strong></span> <span class='ocrx_word' id='word_1_807' title='bbox 3217 5379 3325 5435; x_wconf 92' lang='lat' dir='ltr'><strong><em>quo</em></strong></span> <span class='ocrx_word' id='word_1_808' title='bbox 3387 5365 3594 5422; x_wconf 81' lang='lat' dir='ltr'><strong><em>factum</em></strong></span> 
     </span>
    </p>
   </div>
   <div class='ocr_carea' id='block_1_113' title="bbox 2024 5457 3595 5537">
    <p class='ocr_par' dir='ltr' id='par_1_113' title="bbox 2024 5457 3595 5537">
     <span class='ocr_line' id='line_1_113' title="bbox 2024 5457 3595 5537; baseline -0.006 -17"><span class='ocrx_word' id='word_1_809' title='bbox 2024 5464 2185 5529; x_wconf 86' lang='lat' dir='ltr'><strong><em>amici</em></strong></span> <span class='ocrx_word' id='word_1_810' title='bbox 2212 5464 2446 5537; x_wconf 90' lang='lat' dir='ltr'><strong><em>probare</em></strong></span> <span class='ocrx_word' id='word_1_811' title='bbox 2467 5460 2710 5517; x_wconf 89' lang='lat' dir='ltr'><strong><em>desierit.</em></strong></span> <span class='ocrx_word' id='word_1_812' title='bbox 2744 5457 2898 5512; x_wconf 86' lang='lat' dir='ltr'><strong><em>Hanc</em></strong></span> <span class='ocrx_word' id='word_1_813' title='bbox 2925 5457 3072 5513; x_wconf 89' lang='lat' dir='ltr'><strong><em>enim</em></strong></span> <span class='ocrx_word' id='word_1_814' title='bbox 3101 5457 3250 5513; x_wconf 90' lang='lat' dir='ltr'><strong><em>illius</em></strong></span> <span class='ocrx_word' id='word_1_815' title='bbox 3283 5457 3449 5511; x_wconf 90' lang='lat' dir='ltr'><strong><em>animi</em></strong></span> <span class='ocrx_word' id='word_1_816' title='bbox 3479 5470 3595 5511; x_wconf 87' lang='lat' dir='ltr'><strong><em>mo-</em></strong></span> 
     </span>
    </p>
   </div>
   <div class='ocr_carea' id='block_1_114' title="bbox 2024 5548 3592 5622">
    <p class='ocr_par' dir='ltr' id='par_1_114' title="bbox 2024 5548 3592 5622">
     <span class='ocr_line' id='line_1_114' title="bbox 2024 5548 3592 5622; baseline -0.006 -11"><span class='ocrx_word' id='word_1_817' title='bbox 2024 5555 2394 5621; x_wconf 75' lang='lat' dir='ltr'><strong><em>derationem,</em></strong></span> <span class='ocrx_word' id='word_1_818' title='bbox 2437 5560 2492 5609; x_wconf 91' lang='lat' dir='ltr'><strong><em>et</em></strong></span> <span class='ocrx_word' id='word_1_819' title='bbox 2527 5553 2743 5607; x_wconf 87' lang='lat' dir='ltr'><strong><em>vivente</em></strong></span> <span class='ocrx_word' id='word_1_820' title='bbox 2788 5552 2909 5622; x_wconf 91' lang='lat' dir='ltr'><strong><em>ipso</em></strong></span> <span class='ocrx_word' id='word_1_821' title='bbox 2948 5558 3003 5606; x_wconf 91' lang='lat' dir='ltr'><strong><em>et</em></strong></span> <span class='ocrx_word' id='word_1_822' title='bbox 3058 5558 3294 5614; x_wconf 89' lang='lat' dir='ltr'><strong><em>mortuo,</em></strong></span> <span class='ocrx_word' id='word_1_823' title='bbox 3327 5548 3592 5612; x_wconf 86' lang='lat' dir='ltr'><strong><em>laudavit,</em></strong></span> 
     </span>
    </p>
   </div>
   <div class='ocr_carea' id='block_1_115' title="bbox 2024 5635 3596 5705">
    <p class='ocr_par' dir='ltr' id='par_1_115' title="bbox 2024 5635 3596 5705">
     <span class='ocr_line' id='line_1_115' title="bbox 2024 5635 3596 5705; baseline -0.007 -2"><span class='ocrx_word' id='word_1_824' title='bbox 2024 5662 2126 5703; x_wconf 90' lang='lat' dir='ltr'><strong><em>nec</em></strong></span> <span class='ocrx_word' id='word_1_825' title='bbox 2157 5645 2399 5700; x_wconf 84' lang='lat' dir='ltr'><strong><em>laudavit</em></strong></span> <span class='ocrx_word' id='word_1_826' title='bbox 2442 5642 2652 5705; x_wconf 91' lang='lat' dir='ltr'><strong><em>solum,</em></strong></span> <span class='ocrx_word' id='word_1_827' title='bbox 2699 5639 2796 5696; x_wconf 86' lang='lat' dir='ltr'><strong><em>sed</em></strong></span> <span class='ocrx_word' id='word_1_828' title='bbox 2841 5641 3002 5696; x_wconf 88' lang='lat' dir='ltr'><strong><em>etiam</em></strong></span> <span class='ocrx_word' id='word_1_829' title='bbox 3046 5640 3290 5694; x_wconf 89' lang='lat' dir='ltr'><strong><em>imitatus</em></strong></span> <span class='ocrx_word' id='word_1_830' title='bbox 3333 5645 3436 5693; x_wconf 91' lang='lat' dir='ltr'><strong><em>est.</em></strong></span> <span class='ocrx_word' id='word_1_831' title='bbox 3489 5635 3596 5692; x_wconf 74' lang='lat' dir='ltr'><strong><em>[ibi</em></strong></span> 
     </span>
    </p>
   </div>
   <div class='ocr_carea' id='block_1_116' title="bbox 2026 5727 3594 5807">
    <p class='ocr_par' dir='ltr' id='par_1_116' title="bbox 2026 5727 3594 5807">
     <span class='ocr_line' id='line_1_116' title="bbox 2026 5727 3594 5807; baseline -0.005 -17"><span class='ocrx_word' id='word_1_832' title='bbox 2026 5737 2258 5807; x_wconf 87' lang='lat' dir='ltr'><strong><em>primum</em></strong></span> <span class='ocrx_word' id='word_1_833' title='bbox 2293 5739 2581 5789; x_wconf 90' lang='lat' dir='ltr'><strong><em>accusatus</em></strong></span> <span class='ocrx_word' id='word_1_834' title='bbox 2608 5741 2690 5788; x_wconf 91' lang='lat' dir='ltr'><strong><em>est</em></strong></span> <span class='ocrx_word' id='word_1_835' title='bbox 2720 5732 2773 5786; x_wconf 90' lang='lat' dir='ltr'><strong><em>in</em></strong></span> <span class='ocrx_word' id='word_1_836' title='bbox 2796 5731 3030 5802; x_wconf 86' lang='lat' dir='ltr'><strong><em>quodam</em></strong></span> <span class='ocrx_word' id='word_1_837' title='bbox 3060 5729 3311 5789; x_wconf 87' lang='lat' dir='ltr'><strong><em>convivio</em></strong></span> <span class='ocrx_word' id='word_1_838' title='bbox 3335 5727 3594 5795; x_wconf 87' lang='lat' dir='ltr'><strong><em>Basilius,</em></strong></span> 
     </span>
    </p>
   </div>
   <div class='ocr_carea' id='block_1_117' title="bbox 2031 5818 3592 5896">
    <p class='ocr_par' dir='ltr' id='par_1_117' title="bbox 2031 5818 3592 5896">
     <span class='ocr_line' id='line_1_117' title="bbox 2031 5818 3592 5896; baseline -0.006 -13"><span class='ocrx_word' id='word_1_839' title='bbox 2031 5826 2237 5885; x_wconf 82' lang='lat' dir='ltr'><strong><em>exarsit</em></strong></span> <span class='ocrx_word' id='word_1_840' title='bbox 2266 5826 2321 5880; x_wconf 90' lang='lat' dir='ltr'><strong><em>in</em></strong></span> <span class='ocrx_word' id='word_1_841' title='bbox 2349 5824 2495 5881; x_wconf 87' lang='lat' dir='ltr'><strong><em>illius</em></strong></span> <span class='ocrx_word' id='word_1_842' title='bbox 2527 5823 2971 5896; x_wconf 87' lang='lat' dir='ltr'><strong><em>reprehensorem</em></strong></span> <span class='ocrx_word' id='word_1_843' title='bbox 2997 5820 3296 5894; x_wconf 82' lang='lat' dir='ltr'><strong><em>indignatio</em></strong></span> <span class='ocrx_word' id='word_1_844' title='bbox 3324 5818 3592 5892; x_wconf 83' lang='lat' dir='ltr'><strong><em>Gregorii.</em></strong></span> 
     </span>
    </p>
   </div>
  </div>
