3972 6218
348 351 418 417 '5!

1797 363 2179 425 ΡΒᾸΞΡΑΤΙΟ.

3518 386 3589 443 52

350 474 649 547 Postquam
670 478 818 534 venit
848 475 1375 548 Constantinopolim
1416 475 1710 549 Gregorius
1743 478 1841 553 (6),
1871 488 1932 536 ut
1958 485 2003 539 A
2034 482 2411 551 defenderent,
2436 492 2677 547 nondum
2699 500 2878 548 tamen
2895 492 3377 555 consubstantialis
3401 516 3590 558 vocem

352 568 432 624 ibi
459 569 782 624 catholicam
818 570 973 625 ﬁdem
1010 584 1147 637 pene
1172 569 1512 661 .exstinctam
1542 572 1923 637 exsuscitarct,

354 673 466 714 non
495 664 670 714 solum
699 661 750 713 in
778 659 1088 714 refellendis
1118 659 1386 713 haereticis
1407 674 1585 714 acrem
1615 674 1673 715 se
1699 669 1752 715 et
1779 660 1925 717 inde-

356 745 559 803 fessum
614 750 861 819 prtebuit,
912 750 1007 805 sed
1048 750 1212 805 etiam
1268 748 1323 802 in
1375 749 1634 804 sanandis
1676 752 1923 820 exemplo

354 837 541 895 Basilii
595 841 823 897 inlirmis
865 842 1041 897 lenem
1084 850 1139 897 et
1186 843 1544 904 moderatum,
1583 849 1644 895 ut.
1684 840 1924 896 declarat

357 930 503 984 illius
540 931 932 995 testimonium,
968 933 1111 1001 quod
1152 948 1216 987 ex
1260 933 1509 988 oratione
1549 931 1620 985 44
1668 931 1926 1002 deprom-

356 1023 586 1092 psimus.
633 1023 904 1079 Reversus
952 1024 1422 1095 Constantinopoli
1483 1024 1781 1079 orationem
1831 1023 1926 1077 ba-

356 1112 475 1167 buit
511 1113 566 1166 in
607 1112 795 1169 laudes
826 1113 1032 1178 Basilii,
1064 1116 1117 1168 in
1148 1130 1255 1186 qua
1286 1118 1427 1170 inter
1459 1115 1563 1168 alia
1606 1115 1753 1170 illius
1787 1129 1925 1185 prae-

355 1202 504 1257 clare
546 1200 687 1255 facta
728 1205 1044 1273 prudentem
1085 1204 1232 1257 illam
1260 1204 1648 1260 molestissimo
1682 1212 1923 1275 tempore

355 1294 913 1350 accommodationem
940 1305 1206 1351 recenset.

426 1380 934 1452 Temperamentum
974 1400 1005 1438 a
1050 1383 1252 1441 Basilio
1294 1383 1598 1439 adhibitum
1645 1397 1712 1438 eo
1755 1383 1920 1438 etiam

314 1486 329 1503 ·
358 1475 574 1530 nomine
603 1477 783 1531 minus
804 1478 1084 1547 probatur,
1113 1477 1259 1547 quod
1295 1492 1455 1532 suum
1483 1478 1599 1547 ipse
1627 1475 1918 1530 consilium

353 1568 739 1639 repudiaverit,
787 1586 887 1626 nec
920 1573 1215 1643 quidquam
1265 1573 1441 1627 simile
1481 1573 1534 1625 in
1580 1570 1921 1626 defendendo

354 1660 808 1715 consubstantiali
851 1663 1206 1719 commiserit.
1259 1661 1563 1732 Utrumque
1612 1676 1709 1716 sua
1752 1667 1920 1729 ponte

352 1751 639 1806 refellitur.
667 1752 884 1806 Nullum
911 1753 1288 1808 inconstantiae
1319 1752 1610 1822 vestigium
1639 1750 1742 1804 bac
1768 1750 1821 1803 in
1858 1764 1920 1804 re

353 1856 530 1911 neque
562 1843 614 1895 in
648 1844 905 1913 operibus
949 1842 1158 1910 Basilii,
1193 1858 1367 1913 neque
1427 1842 1569 1912 apud
1601 1840 1921 1909 Gregorium

353 1930 774 1996 Nazianzenum,
804 1934 897 2005 qui
929 1950 1034 1988 non
1069 1942 1179 1987 tam
1215 1935 1437 1988 multam
1489 1946 1710 2001 operam
1741 1932 1795 1984 in
1829 1930 1925 1984 de-

354 2023 626 2078 fendendo
678 2026 852 2079 amico
898 2025 1302 2094 insumpsisset,
1347 2024 1395 2080 si
1446 2027 1531 2078 sui
1586 2022 1738 2076 illum
1794 2020 1924 2075 iacti

353 2114 677 2170 credidisset
719 2117 1057 2185 paenituisse.
1108 2115 1290 2186 lpsum
1346 2116 1510 2171 etiam
1559 2114 1920 2170 consubstan-

353 2205 482 2261 tiale
525 2207 916 2263 inﬁrmioribus
971 2209 1170 2264 animis
1215 2208 1544 2264 condonavit
1575 2206 1830 2272 Basilius,
1862 2213 1924 2261 ut

352 2308 517 2364 supra
545 2295 802 2353 diximus.

425 2384 489 2442 V.
517 2387 693 2457 Atque
731 2394 791 2442 ut
823 2395 930 2442 tota
965 2386 1112 2441 illius
1145 2385 1200 2440 in
1226 2384 1492 2455 ejusmodi
1526 2384 1691 2440 rebus
1727 2382 1923 2455 agendi

351 2478 494 2534 ratio
520 2478 904 2549 perspiciatur,
942 2479 1041 2534 abs
1087 2493 1147 2533 re
1190 2493 1301 2532 non
1342 2478 1446 2533 erit
1492 2476 1731 2532 breviter
1753 2491 1925 2545 expo-

352 2584 505 2635 nere,
536 2569 664 2639 quid
688 2570 758 2624 ab
787 2570 1056 2625 haereticis
1087 2569 1444 2625 redeuntibus
1468 2575 1563 2622 aut
1587 2568 1656 2623 ab
1676 2568 1916 2623 homini-

350 2659 456 2717 bus
483 2661 753 2730 suspectis
780 2675 878 2728 pro
909 2667 1211 2729 temporum
1241 2660 1502 2714 varietate
1534 2658 1912 2728 postulaverit.

354 2748 515 2804 Sanae
557 2750 818 2804 doctrinae
854 2748 1089 2804 Basilius
1127 2750 1194 2803 ab
1234 2748 1463 2803 infantia
1508 2748 1577 2801 ad
1617 2756 1922 2804 extremum

352 2856 529 2910 usque
565 2839 815 2911 spiritum
860 2841 1324 2897 retinentissimus
1367 2840 1510 2895 fuit:
1547 2854 1827 2910 nunquam
1864 2840 1923 2894 in

351 2930 473 3001 ejus
501 2945 595 2985 cor
626 2931 718 2985 ulli
747 2931 984 2986 sermoni
1015 2946 1046 2984 a
1077 2945 1210 2985 sana
1243 2920 1492 2986 doctrina
1531 2931 1709 2985 alieno
1749 2931 1924 3000 patuit

352 3021 570 3091 aditus;
605 3025 755 3078 nulla
788 3023 867 3077 illi
897 3025 1181 3079 sententiae
1211 3023 1441 3078 mutatio
1469 3023 1647 3094 aﬂingi
1677 3030 1920 3094 poterat;

352 3114 448 3169 sed
476 3122 657 3168 tamen
693 3122 914 3184 accepta
942 3128 973 3168 a
1005 3114 1208 3169 teneris
1243 3113 1508 3169 doctrina:
1546 3114 1758 3168 semina
1787 3112 1924 3168 fate-

2030 578 2208 645 palam
2250 587 2304 633 et
2348 566 2532 651 aperte
2576 595 2910 654 receperant.
2960 585 3155 641 Notum
3206 599 3290 644 est
3336 593 3589 649 omnibus

1982 714 1987 717 Α
2030 676 2233 736 quanta
2272 670 2494 727 lenitate
2537 673 2866 730 Athanasius
2908 684 2962 732 et
3008 676 3245 734 Hilarius
3279 695 3400 734 cum
3438 683 3592 754 ejus-

2033 761 2177 815 modi
2204 759 2518 822 bominibus
2546 767 2810 836 agendum
2839 771 3169 827 censuerint.

2110 894 2373 951 Videntur
2400 902 2864 960 consubstantiale
2908 908 3148 963 nondum
3181 909 3456 980 recepisse
3495 913 3591 983 qui

2034 984 2155 1040 ﬁdei
2190 987 2587 1045 confessionem
2628 1008 2659 1047 e
2700 992 2998 1064 Scripturis
3032 998 3404 1068 depromptatn
3434 1001 3587 1071 (tom.

2030 1079 2096 1143 Il,
2124 1094 2176 1149 p.
2208 1080 2356 1148 225),
2382 1082 2653 1155 ἔγγραφον
2684 1085 2993 1157 ὁμολογίαν,
3020 1104 3049 1143 a
3074 1090 3275 1146 Basilio
3300 1098 3589 1162 petierunt.

2032 1173 2191 1229 Unde
2247 1175 2482 1231 Basilius
2531 1194 2718 1233 eorum
2759 1183 3051 1238 consulens
3103 1183 3403 1239 inﬁrmitati
3461 1203 3591 1257 pro-

2028 1264 2197 1347 mittit
2239 1280 2299 1320 se
2349 1282 2459 1321 non
2514 1283 2739 1323 usurum
2791 1272 3088 1326 nominibus
3128 1284 3179 1327 et
3226 1274 3426 1339 verbis,
3476 1292 3594 1347 qua:

2029 1344 2163 1424 ipsis
2198 1356 2385 1412 litteris
2421 1370 2470 1411 et
2507 1359 2728 1430 syllabis
2774 1378 2875 1417 non
2914 1365 3243 1431 reperiuntur
3288 1344 3496 1436 quidem
3535 1368 3593 1422 in

2027 1446 2207 1500 divina
2238 1447 2533 1516 Scriptura,
2571 1448 2661 1504 sed
2691 1461 2867 1507 tamen
2904 1454 3123 1508 insitam
3160 1454 3448 1525 Scriptura:
3473 1474 3565 1512 εει.

2028 1537 2243 1590 tentiam
2281 1548 2507 1593 servant.
2539 1540 2598 1594 In
2638 1541 2759 1597 ﬁdei
2796 1542 3161 1608 confessione,
3191 1561 3352 1616 quam
3391 1547 3456 1601 ad
3494 1562 3592 1603 eos

2028 1628 2215 1691 misit,
2277 1631 2744 1688 consubstantiale
2791 1650 2902 1689 non
2947 1634 3194 1691 adhibuit
3235 1636 3334 1707 (p.
3387 1637 3531 1708 224)
3572 1658 3587 1695 :

2026 1719 2172 1787 quod
2207 1721 2423 1789 quidem
2466 1722 2699 1778 Basilius
2737 1740 2860 1779 cum
2908 1734 3174 1784 metueret
3206 1743 3276 1783 ne
3302 1728 3593 1799 reprehen-

1952 1844 1995 1898 Β
2025 1810 2268 1879 deretur,
2300 1812 2539 1868 declarat
2567 1816 2707 1871 idem
2735 1818 2835 1873 sibi
2868 1820 3206 1890 propositum
3235 1837 3346 1876 non
3376 1837 3497 1877 esse
3527 1836 3593 1876 ac

2027 1901 2083 1955 in
2121 1902 2243 1957 aliis
2284 1905 2576 1973 operibus;
2623 1907 2766 1962 aliud
2817 1909 2961 1963 enim
3012 1925 3134 1965 esse
3184 1910 3464 1968 hatreticos
3504 1928 3591 1966 re-

2023 1991 2246 2058 fellere,
2312 1994 2458 2049 aliud
2510 2010 2698 2051 sanam
2740 1997 2899 2053 ﬁdem
2943 1998 3261 2071 simpliciter
3320 2016 3594 2073 exponere

2028 2084 2105 2156 (p.
2130 2084 2281 2156 225).

2092 2193 2213 2249 Non
2252 2196 2478 2253 deerant
2513 2199 2669 2255 initio
2710 2201 3057 2273 episcopatus
3093 2203 3302 2272 Basilii,
3337 2209 3429 2278 qui
3454 2224 3592 2264 con-

2021 2288 2385 2345 substantiale
2418 2293 2657 2348 nondum
2680 2295 3037 2366 recepissent.
3071 2297 3179 2353 Hos
3207 2298 3442 2356 Basilius
3466 2317 3594 2370 par-

2022 2381 2118 2435 tim
2149 2384 2556 2453 vituperandos,
2585 2387 2779 2456 partim
2831 2389 2989 2443 venia
3023 2389 3220 2461 dignos
3249 2391 3459 2461 judicat
3480 2393 3590 2464 (ep.

2021 2472 2115 2538 52,
2152 2489 2208 2527 η.
2236 2473 2288 2537 1,
2325 2490 2380 2544 p.
2418 2475 2562 2544 MS).
2603 2476 2708 2532 Sed
2742 2476 3012 2548 ejusmodi
3056 2480 3306 2537 homines
3335 2486 3592 2554 perpauci

2020 2564 2276 2619 videntur
2336 2565 2526 2623 fuisse.
2590 2566 2725 2622 Nam
2770 2578 2895 2639 post
2947 2572 3237 2627 concilium
3307 2572 3592 2646 Tyanense

2020 2655 2268 2726 plerique
2296 2658 2748 2714 consubstantiali
2776 2676 2972 2719 manus
3009 2663 3308 2730 dederunt,
3349 2668 3592 2737 exceptis

2023 2746 2246 2818 triginta
2300 2760 2534 2819 quatuor
2573 2751 2793 2809 Asianis
2840 2755 3135 2826 episcopis,
3184 2772 3322 2827 quos
3370 2759 3594 2813 minime

2023 2839 2222 2894 mirum
2275 2851 2361 2898 est
2401 2845 2678 2899 communi
2730 2848 2961 2903 consilio
3011 2849 3290 2906 obstitisse
3332 2849 3428 2921 (7).
3466 2849 3596 2906 Erat

2022 2929 2169 2984 enim
2204 2930 2319 2988 haec
2352 2934 2503 3005 regio
2556 2937 2638 2990 sic
2684 2938 3020 3008 emancipata
3060 2941 3255 3006 errori,
3291 2948 3349 2994 ut
3391 2943 3592 3011 gratias

2024 3017 2136 3074 Deo
2177 3020 2452 3079 habendas
2492 3025 2764 3081 existimet
2799 3025 3056 3093 Basilius,
3086 3029 3134 3082 si
3170 3033 3261 3099 qui
3292 3030 3502 3083 omnino
3534 3030 3594 3084 in

2027 3111 2224 3166 Asiana
2249 3122 2422 3169 tractu
2452 3126 2604 3171 eastra
2633 3118 2803 3172 labem
2829 3120 3190 3175 hwreticorum
3213 3125 3339 3177 sint.
3378 3120 3595 3180 Sensim

350 3215 443 3262 tur
470 3207 584 3277 ipse
611 3222 714 3261 usu
742 3183 979 3262 crevisse
996 3208 1102 3277 (ep.
1133 3206 1258 3268 204,
1289 3222 1343 3259 n.
1365 3205 1418 3270 6,
1449 3205 1758 3276 p.506;ep.
1792 3204 1918 3270 223,
1948 3183 1992 3241 θ
2028 3193 2210 3272 ἰιδίιιιθ
2236 3207 2437 3270 evenit,
2475 3216 2533 3262 ut
2554 3225 2618 3264 ex
2650 3209 2718 3265 iis
2737 3211 2831 3280 qui
2867 3212 3138 3267 calholice
3164 3213 3472 3269 sentiebant
3504 3214 3595 3271 vix

350 3311 408 3352 n.
438 3297 576 3366 '5,p.
631 3296 836 3351 358.1n
881 3297 949 3351 iis
990 3304 1172 3352 autem
1222 3311 1342 3367 quae
1394 3312 1494 3350 usu
1545 3303 1599 3349 et
1654 3296 1922 3350 exercita—

349 3382 500 3440 tione
540 3384 616 3439 illi
661 3393 1030 3453 accesserunt,
1075 3387 1350 3440 numerari
1387 3394 1566 3455 potest
1592 3387 1836 3455 quaedam
1863 3386 1919 3441 in

351 3474 735 3545 dignoscendis
757 3477 1131 3533 haereticorum
1147 3478 1580 3534 cavillationibus
1610 3480 1915 3550 prudentia,

351 3574 483 3637 qua?
512 3583 637 3623 cum
686 3569 741 3623 in
790 3568 953 3624 horas
1007 3569 1206 3623 mutari
1247 3569 1508 3634 solerent,
1557 3586 1666 3625 non
1705 3586 1815 3624 uno
1866 3580 1922 3625 et

351 3660 541 3715 eodem
576 3660 738 3716 modo
770 3662 952 3716 caveri
989 3662 1309 3717 debuerunt.
1345 3661 1403 3717 ln
1459 3678 1523 3717 ca
1567 3678 1749 3717 rerum
1802 3679 1923 3732 per-

352 3752 686 3816 turbatione,
719 3768 882 3822 quam
918 3754 1245 3808 Arianorum
1276 3755 1343 3811 de
1378 3755 1541 3810 simili
1579 3763 1634 3810 et
1668 3756 1922 3812 dissimili

352 3844 507 3898 tricaa
535 3843 867 3899 induxerunt
892 3860 1036 3899 anno
1063 3845 1188 3910 360,
1208 3861 1308 3901 nec
1337 3846 1513 3901 simile
1528 3862 1629 3902 nec
1657 3847 1921 3903 dissimile

353 3933 604 4002 placebat
624 3933 847 4000 Basilio,
872 3936 967 3991 sed
991 3935 1329 3993 identitatem
1365 3947 1572 3993 natura:
1607 3946 1660 3994 et
1682 3942 1922 3997 consub-

353 4024 611 4080 stantiale
658 4027 1013 4095 proﬁtebatur
1056 4027 1165 4097 (ep.
1202 4027 1256 4092 8,
1285 4044 1339 4099 p.
1378 4030 1489 4099 82).
1524 4029 1719 4086 Postea
1756 4032 1922 4088 rebus

353 4117 754 4181 mutatis,cum
784 4118 896 4189 jam
924 4119 992 4173 ab
1013 4119 1334 4175 Arianorum
1369 4121 1591 4190 perﬁdia
1630 4138 1737 4176 non
1774 4132 1922 4178 tanta

338 4213 541 4262 essent
568 4208 829 4277 pericula,
855 4209 1031 4264 simile
1063 4211 1359 4265 secundum
1404 4214 1698 4265 essentiam
1745 4213 1922 4267 susci-

353 4296 538 4367 piebat
563 4296 819 4363 Basilius,
859 4298 1020 4352 modo
1048 4297 1193 4352 illud-
1229 4298 1539 4360 adderetur,
1574 4301 1709 4353 citra
1753 4300 1922 4354 ullam

354 4384 741 4454 differentiam;
794 4399 954 4442 secus
1004 4401 1135 4441 vero
1183 4387 1325 4442 hanc
1373 4403 1560 4442 vocem
1611 4398 1921 4458 suiSpectam

351 4477 704 4532 existimabat
737 4478 844 4548 (ep.
876 4478 931 4541 9,
966 4495 1019 4534 n.
1052 4478 1125 4547 '5).
1150 4479 1326 4549 Atque
1367 4479 1482 4534 haec
1526 4480 1743 4549 quidem
1777 4480 1924 4534 Basi-

353 4566 463 4624 lius
500 4582 614 4622 non
659 4584 759 4624 sua
788 4583 954 4625 causa
997 4571 1271 4625 statuebat
1313 4570 1451 4641 (ipse
1492 4573 1637 4625 enim
1679 4572 1920 4627 consub-

354 4660 612 4716 stantiale
650 4660 1048 4731 profitebatur),
1077 4660 1169 4717 sed
1219 4662 1266 4716 si
1301 4663 1393 4731 qui
1433 4664 1671 4732 suspecti
1715 4674 1919 4726 essent,

352 4754 488 4809 satis
516 4768 640 4809 esse
677 4753 904 4824 putabat
943 4753 1010 4808 ad
1044 4769 1232 4809 eorum
1268 4754 1425 4809 ﬁdem
1464 4755 1830 4826 purgandum,
1862 4764 1923 4810 ut

355 4844 520 4899 simili
545 4845 847 4901 secundum
875 4846 1168 4900 essentiam
1203 4846 1463 4902 adderent
1507 4847 1639 4901 illud
1667 4848 1806 4901 citra
1838 4847 1925 4901 ut-

354 4935 467 4990 lam
512 4935 861 5006 differentiam
898 4935 1097 5008 (ibid.).
1132 4936 1211 4992 Ex
1254 4953 1363 5007 quo
1408 4939 1539 4994 illud
1591 4940 1754 4993 etiam
1804 4956 1926 5009 per-

354 5026 496 5098 spici
528 5037 724 5097 potest,
771 5027 1033 5084 Basilium
1074 5029 1279 5084 nemini
1327 5030 1706 5084 necessitatem
1747 5031 1923 5099 impo-

356 5118 534 5175 suisse
559 5119 1042 5175 consubstantialis
1080 5120 1386 5189 proﬁtendi.
1413 5118 1598 5189 Neque
1634 5119 1688 5173 id
1724 5121 1922 5174 mirum

355 5205 530 5262 videri
558 5207 737 5263 debet.
768 5208 904 5263 Nam
928 5225 1052 5266 cum
1074 5210 1373 5281 epistolam
1406 5226 1605 5264 nonam
1639 5210 1924 5275 scriberet,

357 5313 426 5355 ex
448 5313 558 5369 qua
585 5297 704 5355 hinc
721 5299 1148 5373 desumpsimus,
1181 5303 1570 5358 communione
1602 5311 1658 5357 et
1688 5302 1928 5357 amicitia

357 5390 689 5459 coniunctus
726 5399 845 5447 erat
887 5409 1012 5449 cum
1058 5393 1281 5449 Silvano
1315 5392 1573 5450 Tarsensi
1600 5401 1653 5449 et
1678 5395 1927 5463 pluribus

362 5481 486 5538 aliis
516 5482 811 5556 episcopis,
840 5485 956 5557 qui,
989 5487 1094 5544 etsi
1139 5486 1298 5544 ﬁdem
1349 5486 1624 5542 Nicaeam
1665 5486 1930 5544 acerrime

436 5734 515 5808 (6)
545 5732 702 5805 Nam,
733 5750 820 5813 ep.
849 5735 942 5797 27.

2025 3298 2314 3368 quisquam
2342 3303 2807 3361 ronsubstantiale
2834 3320 2940 3360 non
2974 3307 3284 3363 admitteret
3315 3308 3420 3379 (ep.
3446 3307 3593 3380 551).

2025 3385 2320 3458 Postquam
2361 3403 2536 3446 autem
2578 3396 2817 3465 grassari
2853 3397 3018 3466 coepit
3069 3398 3293 3454 haeresis
3337 3397 3599 3454 Pneuma-t

2026 3480 2432 3547 tomachorum,
2472 3491 2586 3536 tum
2643 3500 2775 3539 vero
2823 3500 2931 3540 non
2975 3486 3138 3540 modo
3186 3488 3323 3542 nihil
3360 3489 3597 3559 amplius

2023 3566 2324 3621 detractum
2349 3578 2432 3625 est
2461 3571 2528 3626 de
2570 3572 2674 3628 ﬁde
2708 3573 2947 3639 Nicaana,
2969 3576 3063 3631 sed
3088 3576 3251 3631 etiam
3286 3580 3489 3649 aliquid
3511 3581 3595 3634 vi-

2024 3670 2142 3708 sum
2170 3668 2251 3711 est
2276 3658 2401 3713 huic
2425 3660 2662 3717 formulae
2689 3664 2993 3719 addendum
3048 3665 3280 3722 Basilius
3302 3669 3593 3741 (Syriacum

2022 3746 2344 3807 Tarsensem
2364 3754 2734 3825 presbyterum
2752 3756 3121 3831 bortatnr(ep.
3144 3760 3265 3825 114,
3290 3777 3342 3831 p.
3370 3762 3515 3832 207),
3536 3770 3598 3818 ut

2022 3837 2181 3894 ﬁdem
2204 3838 2472 3896 Nit-aznam
2498 3845 2742 3914 recipiat,
2767 3861 2868 3900 nec
2902 3848 3066 3903 ullam
3094 3850 3147 3904 in
3178 3865 3240 3905 ea
3263 3866 3445 3905 vocem
3468 3852 3601 3919 reji-

2022 3930 2159 3997 ciat;
2192 3931 2301 3986 imo
2357 3933 2485 3988 huic
2528 3934 2650 3988 lidei
2690 3935 2850 3989 addat
2894 3936 3151 4006 Spiritum
3201 3948 3443 3992 sanctum
3489 3937 3598 3994 dici

2022 4029 2318 4074 creaturam
2346 4039 2449 4077 non
2480 4035 2733 4090 oportere,
2764 4042 2856 4079 nec
2887 4042 3003 4079 cum
3030 4028 3096 4080 iis
3120 4027 3210 4095 qui
3238 4027 3422 4081 dicunt
3453 4044 3600 4081 com-1

2023 4112 2417 4168 municandum.
2437 4113 2552 4167 Non
2576 4116 2745 4169 multo
2769 4124 2892 4185 post
2913 4116 3167 4180 Basilius,
3185 4134 3242 4173 re
3257 4133 3382 4171 cum
3404 4127 3596 4174 sancto

2024 4197 2237 4255 Meletio
2261 4210 2315 4256 et
2342 4201 2623 4257 Theodoto
2652 4205 2974 4269 deliberata,
3018 4207 3152 4261 illud
3192 4208 3355 4261 etiam
3401 4206 3597 4262 Eustaq

2024 4293 2136 4346 tbio
2162 4294 2493 4363 praescripsit
2518 4294 2623 4365 (cp.
2655 4295 2777 4360 i255,
2802 4312 2856 4365 p.
2888 4297 3037 4369 216),
3065 4307 3124 4352 ut
3164 4296 3426 4367 Spiritum
3470 4314 3601 4354 san.

2026 4394 2170 4440 ctum
2202 4387 2384 4441 itidem
2412 4395 2468 4440 ut
2496 4386 2711 4442 Patrem
2735 4397 2789 4443 et
2810 4387 3009 4443 Filium
3032 4390 3362 4460 glorilicaret
3385 4410 3398 4445 :
3435 4398 3598 4459 atque

2024 4477 2165 4533 hanc
2214 4479 2663 4548 gloriﬁcationem
2704 4479 2980 4551 deinceps,
3015 4493 3075 4536 ut
3122 4497 3236 4537 rem
3283 4484 3597 4538 necessario

2025 4570 2328 4625 addendam
2371 4572 2580 4642 synodo
2618 4570 2869 4639 Nicaznae,
2912 4573 3215 4643 proposuit,
3259 4580 3319 4626 ut
3356 4572 3598 4643 perspici

2023 4670 2202 4731 potest
2242 4678 2306 4717 ex
2342 4664 2590 4732 epistolis
2642 4665 2746 4719 175
2781 4672 2837 4719 et
2874 4665 3002 4728 258,
3040 4681 3096 4718 n.
3131 4664 3185 4720 2.
3229 4664 3376 4718 Nihil
3422 4664 3598 4735 magis

2026 4752 2267 4807 incendit
2293 4753 2844 4820 Pneumatomachos,
2868 4771 3030 4825 quam
3060 4755 3174 4810 haec
3221 4754 3458 4826 Spiritus
3483 4757 3598 4826 glo-

2027 4846 2257 4901 riﬁcatio
2280 4861 2402 4900 cum
2436 4845 2597 4900 Patre
2633 4856 2686 4901 et
2722 4845 2882 4901 Filio.
2933 4845 3041 4902 Sed
3081 4845 3317 4902 Basilius
3355 4847 3597 4902 declarat

2028 4936 2128 5005 (De
2163 4937 2305 5006 Spir.
2341 4935 2401 5003 S.
2429 4951 2478 4991 c.
2512 4935 2603 5003 29,
2652 4952 2706 5006 p.
2752 4937 2841 5007 63)
2872 4952 2933 4992 se
2970 4953 3071 4992 nec
3115 4937 3279 5009 gladii
3317 4952 3419 4991 nec
3455 4937 3598 5005 ignis

2027 5041 2174 5086 metu
2209 5031 2467 5085 usitatam
2508 5031 2779 5084 constanti
2822 5029 3115 5085 traditione
3147 5028 3597 5098 gloriﬁcationem

2028 5125 2368 5179 relicturum.
2399 5122 2515 5178 Hoc
2545 5131 2755 5178 tantum
2796 5124 2876 5179 eis
2910 5123 3161 5179 concedit
3195 5122 3290 5194 (ili.
3330 5137 3381 5176 c.
3415 5120 3505 5185 25,
3539 5137 3595 5191 ρ.

2030 5214 2119 5282 54)
2152 5224 2211 5267 ut
2235 5213 2485 5282 quamvis
2519 5213 2831 5282 praepositio
2874 5229 2993 5267 cum
3025 5213 3201 5283 aptior
3240 5212 3303 5267 sit
3340 5210 3408 5264 ad
3440 5211 3605 5282 glori~

2034 5300 2339 5357 ﬁcationem
2378 5301 2811 5372 persolvendam,
2846 5302 2893 5358 si
2932 5310 3113 5358 tamen
3138 5303 3219 5358 uti
3252 5302 3443 5357 malint
3474 5317 3605 5356 con-~

2026 5394 2330 5465 junctione,
2364 5401 2495 5459 etc.,
2525 5400 2584 5447 ut
2617 5394 2674 5449 in
2701 5394 2995 5465 baptismo,
3034 5394 3088 5450 id
3127 5393 3229 5462 eis,
3265 5393 3484 5450 nemine
3509 5406 3602 5450 re-

2027 5492 2325 5559 pugnante,
2361 5484 2541 5539 liccat.

2111 5731 2185 5809 (Ἰ)
2226 5729 2465 5797 Sozom.,
2494 5723 2586 5786 lib.
2619 5742 2697 5795 vi,
2731 5741 2781 5784 c.
2812 5725 2899 5783 η.
