3972 6218
312 343 386 399 33
1756 341 2146 399 ΡΒΑΞΡᾺΤΙΟ.
3500 345 3571 403 54

1027 456 1053 528 ς
1106 455 1192 511 ιν.

314 544 356 600 Ι.
399 543 906 624 CeleberrimumS.
951 549 1142 624 Basilii
1188 548 1251 624 de
1285 554 1615 624 processione
1661 555 1894 624 Spiritus

386 614 664 689 eI_Filio
719 618 1077 670 testimonium
1138 614 1380 689 refertur.
1452 623 1515 676 II.
1592 614 1894 680 Grazcorum

385 687 656 753 scriptura
703 690 908 754 magnis
966 687 1310 744 incommodis
1351 693 1578 746 laborat.
1615 697 1704 750 III.
1742 696 1896 750 Lati-

386 773 576 809 norum
610 758 760 809 lectio
792 767 910 823 apte
937 774 1052 810 cum
1082 759 1276 813 Basilii
1303 760 1566 825 doctrina,
1599 771 1892 822 necessario

383 843 505 878 cum
560 827 670 894 ejus
719 829 1122 881 ratiocinatione
1154 832 1396 884 coluerat.
1449 833 1536 887 IV.
1582 836 1894 893 Latinorum

387 915 555 950 causa
584 897 822 951 codicum
851 916 980 954 mss.
1015 903 1330 954 auctoritate
1361 904 1677 972 defenditur.

385 1011 431 1064 Ι.
463 1009 653 1065 Exstat
699 1011 854 1066 initio
902 1013 1025 1067 libri
1056 1015 1202 1068 tertii
1256 1016 1522 1072 Adversus
1567 1019 1892 1076 Eunomium

315 1101 552 1172 insignis
583 1103 757 1166 locus,
798 1104 1037 1171 quicum
1070 1105 1422 1161 manifestum
1456 1109 1656 1165 habeat
1688 1113 1753 1167 de
1777 1112 1896 1182 Spi-

314 1193 458 1246 ritus
488 1210 557 1247 ex
595 1193 734 1248 Filio
765 1197 1118 1264 processione
1163 1201 1556 1266 testimonium,
1601 1205 1646 1257 si
1688 1205 1806 1259 sine
1838 1207 1896 1260 li-

314 1283 456 1337 turis
518 1299 583 1337 ac
630 1285 750 1340 sine
814 1286 1206 1344 addit-amentis
1265 1290 1495 1360 legatur,
1556 1296 1894 1362 gravissimae

313 1372 538 1429 Graecos
594 1377 736 1430 inter
781 1386 836 1432 et
890 1378 1113 1436 Latinos
1162 1386 1556 1439 controversiae
1609 1390 1892 1443 materiam

311 1464 484 1516 dedit.
536 1463 783 1520 Defendit
828 1469 930 1521 hoc
979 1470 1260 1525 catholicae
1291 1473 1538 1528 veritatis
1579 1477 1892 1544 prtesidium

310 1553 378 1606 B-
405 1553 466 1607 P.
496 1554 808 1612 Ludovicus
834 1558 1044 1622 Vallée,
1071 1564 1331 1618 emeritus
1374 1565 1659 1635 theologia:
1691 1568 1893 1636 profes-

309 1662 406 1699 sor
443 1662 510 1701 ac
549 1649 893 1705 bibliotheca:
928 1650 1140 1706 Sancta:
1175 1653 1461 1710 Genovcfa:
1497 1659 1806 1726 praefectus,
1835 1661 1890 1716 in

308 1737 527 1792 erudita
555 1739 960 1805 dissertatione,
991 1758 1134 1796 anno
1157 1743 1285 1796 I72l
1313 1743 1538 1801 Parisiis
1569 1749 1710 1802 edita
1743 1751 1886 1819 apud

1923 477 1969 528 Α
1999 465 2300 531 dogmatum
2334 459 2794 517 innovationibus?
2819 460 2928 517 Cur
2966 461 3106 514 enim
3150 477 3352 515 necesse
3393 472 3492 526 est,
3521 465 3571 518 si

1996 554 2252 624 dignitate
2289 569 2350 605 ac
2388 551 2570 605 ordine
2607 553 2791 606 tertius
2829 563 2906 607 est
2931 552 3184 620 Spiritus,
3215 564 3410 608 natura
3443 569 3572 624 quo-

1995 659 2091 713 que
2117 643 2326 696 tertium
2350 645 2505 696 esse?
2537 643 2804 712 Dignitate
2830 642 3040 712 quidem
3071 644 3360 698 secundum
3391 661 3504 699 esse
3535 661 3571 700 α

1997 733 2167 797 Filio,
2197 741 2212 756 ‘
2243 744 2299 787 ut
2332 735 2420 804 qui
2447 751 2558 788 esse
2608 733 2671 787 ab
2708 734 2802 787 illo
2835 733 3044 801 habeat,
3088 744 3137 790 et
3177 737 3242 790 ab
3276 737 3388 806 ipso
3428 738 3571 791 accio

1994 829 2127 896 piat,
2153 837 2199 880 et
2227 828 2500 880 annuntiat
2533 826 2680 880 nobis
2714 835 2763 880 et
2795 829 3007 880 omnino
3029 844 3094 882 ex
3121 828 3218 882 illa
3250 845 3414 883 causa
3441 846 3568 898 pen-

1995 920 2146 972 deat‘
2169 921 2330 972 tradit
2367 919 2859 991 [fortasselpietatis
2887 936 3078 976 sermo.
3097 923 3164 974 At
3196 929 3388 975 natura
3412 923 3567 976 tertia

1995 1018 2092 1075 uti,
2128 1029 2286 1082 neque
2315 1028 2377 1065 ea:
2406 1015 2603 1066 sanctis
2647 1011 2936 1080 Scripturis
2966 1012 3137 1067 edocti
3166 1030 3370 1078 sumus,
3407 1031 3568 1084 neque

1994 1121 2058 1160 ex
2097 1105 2384 1173 Scriptura:
2423 1105 2578 1159 dictis
2621 1107 2985 1160 consecutione
3030 1108 3142 1160 ulla
3174 1108 3354 1177 colligi
3375 1115 3564 1177 potest.

2066 1197 2518 1262 Quemadmodum
2546 1199 2684 1250 enim
2717 1196 2891 1252 Filius
2935 1198 3118 1252 ordine
3146 1200 3354 1268 quidem
3379 1217 3566 1254 secun-

1993 1283 2090 1334 dus
2109 1302 2140 1336 a
2165 1284 2324 1338 Patre
2353 1296 2449 1349 est,
2473 1287 2720 1354 quoniam
2745 1287 2918 1340 abillo
2941 1298 3038 1350 est,
3067 1298 3115 1341 et
3145 1288 3418 1358 dignitate,
3441 1290 3569 1358 quia

1994 1377 2136 1444 origo
2165 1375 2276 1443 ejus
2309 1385 2356 1428 et
2385 1393 2547 1429 causa
2577 1386 2675 1442 est,
2709 1387 2964 1446 quatenus
2998 1387 3075 1430 est
3106 1379 3254 1431 illius
3304 1379 3484 1445 Pater,
3517 1389 3565 1434 et

1992 1468 2235 1534 quoniam
2264 1481 2354 1532 per
2382 1466 2550 1532 ipsum
2580 1483 2817 1520 accessus
2847 1467 3122 1537 aditusque
3151 1478 3227 1522 est
3249 1469 3317 1521 ad
3337 1469 3498 1523 Deum
3515 1478 3567 1525 et

1987 1556 2238 1620 'Patrem;
2273 1575 2373 1610 non
2405 1569 2579 1611 autent
2606 1569 2800 1612 natura
2831 1559 3566 1629 secundus,quoniamdeitus

1992 1649 2044 1702 in
2077 1660 2293 1717 utroque
2323 1665 2430 1702 una
2451 1659 2526 1702 est
2554 1665 2572 1702 :
2605 1651 2681 1702 ita
2711 1651 2941 1718 profecto
2975 1661 3024 1704 et
3059 1650 3290 1720 Spiritus
3327 1663 3564 1719 sanctus,

1993 1743 2088 1794 etsi
2120 1753 2228 1794 tum
2255 1744 2436 1795 ordine
2459 1754 2566 1795 tum
2583 1742 2836 1813 dignitate
2852 1743 3108 1797 secundus
3139 1754 3216 1798 est
3236 1762 3268 1797 a
3295 1744 3458 1807 Filio,
3484 1747 3564 1818 [ut

308 1825 618 1900 Delaunay,
649 1831 738 1885 via
767 1830 1036 1888 Jacobaga,
1067 1834 1213 1888 Nihil
1241 1839 1418 1906 potius
1453 1846 1546 1891 aut,
1578 1841 1771 1896 melius
1808 1842 1886 1895 fa-
1916 1815 1958 1870 Β
1991 1833 2082 1885 hoc
2103 1836 2260 1888 etiam
2288 1837 2497 1888 omnino
2527 1834 2919 1907 concedamus.]
2949 1847 3122 1890 tamen
3152 1855 3253 1891 non
3279 1839 3401 1907 jure
3421 1840 3566 1909 sequi

308 1937 432 1976 cere
464 1923 702 1990 possint,
744 1925 839 1994 qui
882 1941 994 1979 rem
1037 1928 1292 1982 omnibus
1345 1929 1590 2000 vestigiis
1635 1931 1892 2002 indagare

310 2016 525 2078 volunt,
560 2033 724 2086 quam
763 2018 809 2072 si
841 2019 1100 2073 eximium
1145 2020 1275 2074 illud
1306 2036 1442 2090 opus
1482 2034 1736 2080 accurate
1766 2043 1889 2095 per-

314 2107 500 2176 tegant
542 2123 556 2159 :
603 2107 750 2178 quod
803 2109 1023 2179 quidem
1077 2127 1200 2165 cum
1251 2114 1396 2165 onmi
1444 2127 1887 2183 argumentorum

306 2215 508 2270 genere
549 2200 627 2253 ita
680 2201 1018 2256 cumulatum
1075 2212 1128 2257 et
1173 2203 1505 2258 illustratum
1543 2207 1632 2273 sit,
1679 2217 1736 2261 ut
1785 2226 1888 2264 nec

307 2291 598 2346 dubitandi
651 2306 752 2346 nec
795 2292 1030 2347 addendi
1081 2295 1261 2348 locum
1301 2296 1604 2366 relinquat,
1656 2315 1888 2370 cumque

307 2400 417 2439 non
448 2384 796 2439 incommode
827 2400 950 2438 cum
977 2386 1181 2440 nostris
1217 2384 1274 2441 S.
1301 2387 1486 2441 Basilii
1519 2392 1886 2446 voluminibus

306 2478 585 2548 compingi
622 2479 830 2547 possit;
861 2478 1092 2533 libenter
1125 2494 1258 2534 sane
1295 2483 1742 2538 conticeScerem.
1780 2486 1884 2540 Sed

306 2569 434 2638 quia
462 2569 856 2623 celeberrimus
878 2569 1062 2623 Basilii
1092 2571 1246 2626 locus
1272 2572 1327 2625 in
1362 2573 1463 2626 hat.
1486 2591 1624 2629 nova
1648 2578 1886 2634 editione

303 2657 382 2712 ita
418 2657 645 2727 prodiit,
682 2667 740 2710 ut
776 2658 830 2710 in
865 2657 1147 2714 codicibus
1180 2676 1314 2716 mss.
1368 2663 1470 2716 hac
1515 2667 1568 2717 in
1621 2667 1752 2720 urbe
1799 2683 1886 2721 ex-

303 2748 590 2805 Stautibus
621 2748 922 2818 legebatur,
959 2765 1068 2804 non
1096 2759 1156 2803 ut
1183 2751 1417 2806 aliorum
1446 2754 1696 2810 codicum
1728 2760 1885 2829 longe

300 2843 546 2914 plurium
580 2842 851 2911 longeque
879 2842 1249 2912 antiquiorum
1273 2847 1595 2912 auctoritas,
1620 2864 1683 2904 ac
1713 2851 1886 2920 ipsius

301 2933 597 2987 sententia:
645 2931 819 2984 series
862 2940 916 2985 et
967 2930 1227 2999 junctura
1277 2937 1656 3001 postulabant,
1706 2955 1886 3009 Operae

297 3022 540 3094 pretium
573 3030 658 3076 est
686 3021 814 3074 huic
851 3020 1200 3075 incommodo
1240 3023 1463 3090 mederi,
1496 3035 1550 3080 et
1587 3042 1650 3080 cx
1688 3045 1887 3084 menm-

297 3122 421 3168 rata
470 3113 862 3168 dissertatione
906 3111 963 3166 in
1011 3112 1242 3182 gratiam
1293 3127 1520 3182 eorum,
1569 3120 1768 3189 quibus
1815 3121 1882 3175 ad
1912 3153 1957 3215 Ο

297 3208 481 3276 ipsum
507 3205 712 3259 fontem
742 3203 895 3258 adire
938 3218 1046 3258 non
1081 3214 1259 3268 vacat,
1307 3209 1568 3263 nonnulla
1613 3211 1880 3270 derivare.

373 3297 446 3354 Ut
473 3295 695 3351 facilius
718 3296 1088 3366 perspiciatur
1116 3299 1249 3368 quid
1289 3297 1486 3368 Grmci,
1530 3304 1658 3373 quid
1705 3304 1883 3360 Latini

296 3389 352 3442 in
383 3388 701 3443 testimonio
736 3388 926 3444 Basilii
957 3389 1186 3458 probent
1226 3400 1319 3444 aut
1355 3392 1630 3462 rejiciant,
1666 3398 1882 3453 uncinis

295 3479 648 3535 includemus
669 3494 792 3550 qua:
817 3493 848 3533 a
877 3477 1082 3535 Graecis
1122 3479 1304 3536 addita
1338 3481 1516 3538 Latini
1553 3498 1879 3556 queruntur,

295 3572 581 3626 asteriscis
626 3585 756 3626 vero
803 3587 926 3642 quae
969 3587 999 3626 a
1055 3571 1268 3630 Latinis
1316 3586 1659 3648 propugnata
1707 3579 1882 3635 (ἔικεί

294 3673 650 3719 aversantur.

370 3759 532 3811 Initio
584 3759 710 3812 libri
749 3758 894 3812 tertii
953 3761 1207 3829 proponit
1251 3759 1484 3816 Basilius
1517 3763 1660 3817 hanc
1698 3763 1882 3818 Euno-

296 3849 393 3902 mii
442 3849 834 3918 blasphemiam
878 3850 951 3904 ita
995 3851 1314 3921 loquentis:
1368 3852 1500 3908 Cum
1551 3867 1724 3909 autem
1771 3857 1880 3911 lucc

293 3937 446 3990 nobis
475 3937 539 3990 de
575 3938 851 4006 Unigeuito
903 3941 1181 4008 sufﬁciant,
1227 3958 1544 4010 consequens
1591 3946 1770 4013 fuerit,
1824 3957 1883 4001 ut

287 4030 405 4098 jam
437 4029 504 4080 de
530 4029 811 4083 Paracleto
839 4047 1038 4102 quoque
1072 4033 1331 4097 dicamus,
1376 4051 1479 4088 non
1504 4036 1644 4105 vulgi
1676 4039 1882 4106 opinio-

295 4136 388 4174 nes
411 4123 726 4175 temerarias
756 4126 940 4185 secuti,
965 4124 1056 4176 sed
1089 4135 1392 4178 sanctorum
1425 4127 1478 4180 in
1510 4129 1748 4182 omnibus
1779 4130 1879 4183 do-

295 4214 528 4266 ctrinam
577 4225 841 4267 servantes
872 4231 890 4267 :
919 4231 950 4267 a
984 4216 1170 4285 quibus
1220 4233 1338 4270 cum
1391 4218 1733 4273 didicerimus
1761 4239 1879 4275 cum

294 4304 554 4373 dignitate
594 4315 643 4357 et
689 4306 872 4361 ordine
919 4308 1153 4373 tertium,
1188 4309 1400 4362 tertium
1433 4327 1635 4381 quoque
1681 4322 1879 4366 natura

295 4414 409 4450 esse
448 4397 741 4451 credimus.

368 4491 462 4542 Sic
499 4489 794 4558 respondet
831 4488 1066 4546 Basilius
1109 4511 1121 4545 :

296 4591 535 4647 oportere
565 4582 620 4632 in
651 4583 881 4649 simplici
920 4601 981 4635 ac
1021 4583 1164 4637 nuda
1213 4586 1498 4639 multorum
1529 4587 1630 4657 ﬁde
1655 4604 1876 4656 perma-

296 4689 438 4734 nere,
466 4673 556 4726 sed
587 4674 893 4742 artiﬁciosis
917 4675 1230 4744 quibusdam
1271 4695 1332 4730 ac
1371 4680 1620 4747 captiosis
1647 4679 1876 4732 rationi-

298 4767 394 4819 bus
423 4768 697 4820 ceritatem
729 4783 914 4820 rursus
946 4767 1014 4819 ad
1047 4768 1101 4820 id
1133 4771 1270 4838 quod
1303 4770 1404 4824 sibi
1437 4772 1660 4836 ridetur,
1697 4773 1878 4826 detru-

294 4857 442 4919 dere,
475 4859 606 4912 satis
636 4874 700 4910 ex
732 4860 799 4912 iis
827 4876 941 4929 qua:
967 4860 1102 4912 dixit
1137 4861 1382 4915 ostendit.
1412 4861 1554 4915 Nam
1587 4865 1876 4918 multorum

297 4949 544 5016 opinione
597 4957 911 5013 contempta,
956 4966 1057 5019 qua
1091 4950 1347 5020 Spiritum
1394 4963 1636 5006 sanctum
1669 4955 1878 5022 glori/i-

301 5048 447 5103 cant,
492 5040 710 5092 simulat
762 5049 928 5095 tenere
976 5060 1030 5097 se
1075 5055 1378 5097 sanctorum
1423 5043 1720 5098 doctrinam
1763 5060 1780 5097 :
1821 5055 1875 5098 at

300 5145 390 5182 eos
417 5131 505 5198 qui
539 5146 658 5183 eam
697 5131 798 5198 ipsi
829 5132 1184 5196 tradiderunt,
1210 5143 1366 5195 tacet,
1415 5136 1578 5187 etiam
1619 5151 1756 5188 nunc
1785 5153 1876 5188 ea-

296 5219 418 5272 dem
460 5216 658 5287 faciens
688 5237 822 5290 qum,
868 5223 993 5276 dum
1036 5224 1098 5277 de
1130 5222 1406 5294 Unigenito
1453 5227 1758 5289 dissereret,
1800 5227 1877 5295 [e-

297 5311 436 5364 cisse
467 5313 726 5366 convictus
769 5323 868 5368 est.
920 5315 1117 5368 Deinde
1159 5316 1288 5370 dicit
1339 5333 1372 5370 a
1419 5319 1617 5371 sanctis
1663 5318 1874 5388 quidem

296 5417 354 5455 se
385 5402 658 5467 didicisse,
690 5407 899 5458 tertium
939 5423 1050 5461 esse
1089 5407 1272 5462 ordine
1316 5417 1364 5462 et
1407 5409 1665 5478 dignitate
1707 5409 1876 5478 Spiri-

297 5506 436 5558 tum,
462 5512 494 5548 a
523 5498 690 5565 seipse
723 5507 897 5552 autem
927 5500 1154 5562 credere,
1198 5513 1390 5555 natura
1428 5519 1629 5572 quoque
1663 5503 1874 5556 tertium

293 5601 431 5639 esse.
463 5586 569 5651 Qui
593 5604 712 5642 vero
751 5591 854 5642 sint
895 5592 1067 5643 sancti
1108 5590 1210 5644 illi.
1245 5602 1292 5644 et
1332 5594 1384 5644 in
1423 5593 1610 5662 quibus
1659 5594 1874 5661 scriptis

296 5685 435 5731 nunc
460 5681 757 5733 doctrinam
791 5681 1066 5746 ediderint,
1095 5683 1266 5737 dicere
1309 5701 1411 5737 non
1441 5694 1632 5754 potest.
1679 5683 1876 5736 Fuitne

298 5785 530 5839 unquam
583 5771 738 5826 homo
774 5774 848 5826 sic
891 5776 1070 5829 audax
1117 5776 1171 5830 in
1222 5775 1528 5832 inducendis
1571 5774 1872 5833 divinorum

1168 4491 1320 4558 Quod
1354 4495 1519 4564 igitur
1571 4512 1675 4548 non
1727 4505 1871 4563 putet
1907 4501 1950 4556 D
1981 4515 2094 4554 rem

1991 1933 2047 1976 ut
2080 1924 2266 1977 aliena:
2299 1926 2365 1977 sit
2397 1935 2623 1987 natura’,
2658 1924 2775 1978 inde
2801 1934 2964 1992 patet,
2993 1936 3101 1980 etc.

2064 2013 2203 2068 Tum
2267 2015 2527 2082 Basilius,
2593 2024 2914 2085 argumento
2979 2032 3045 2071 ex
3107 2017 3314 2084 angelis
3373 2019 3563 2088 petito,

1991 2123 2224 2177 quorum
2272 2109 2474 2164 diversi
2529 2109 2755 2166 ordines
2795 2118 2849 2165 et
2885 2097 3167 2180 dignitatis
3209 2113 3431 2182 gradus,
3462 2129 3565 2172 nec

1991 2208 2171 2253 tmnen
2205 2199 2417 2253 diversa
2470 2209 2685 2261 natura,
2719 2202 2799 2255 sic
2847 2202 3125 2254 concludit
3155 2222 3166 2256 :
3202 2203 3290 2257 Sic
3330 2207 3565 2275 profecto

1987 2302 2037 2345 et
2068 2290 2298 2358 Spiritus
2332 2305 2548 2344 sanctus
2579 2308 2597 2345 :
2629 2293 2728 2344 etsi
2758 2292 3014 2362 dignitate
3041 2295 3262 2362 inferior
3293 2308 3370 2351 est
3411 2308 3566 2366 atque

1988 2384 2166 2437 ordine
2202 2383 2280 2454 [ut
2320 2384 2522 2454 aiunt];
2561 2385 2853 2451 accepimus
2893 2387 3031 2438 etaim
3072 2387 3268 2452 ipsum,
3320 2388 3564 2465 [inquit,]

1989 2481 2195 2533 tertium
2229 2497 2260 2531 a
2292 2479 2453 2533 Patre
2481 2490 2530 2533 et
2569 2478 2711 2532 Filio
2751 2493 3122 2547 muneratam;
3155 2499 3272 2536 cum
3308 2483 3563 2538 Dominus

1986 2575 2093 2642 ipse
2139 2575 2192 2625 in
2251 2574 2532 2626 traditione
2577 2574 2832 2627 salutaris
2891 2575 3224 2644 baptismatis
3285 2577 3562 2631 tradiderit

1985 2666 2241 2728 ordinem,
2298 2667 2378 2719 Itis
2409 2668 2573 2720 verbis
2607 2684 2626 2718 :
2664 2667 2889 2728 (Euntes
2927 2668 3200 2738 baptizate
3243 2669 3296 2723 in
3341 2671 3562 2725 nomine

1985 2758 2166 2813 Patris
2205 2767 2258 2811 et
2303 2757 2422 2811 Filii
2457 2767 2510 2811 et
2546 2757 2782 2826 Spiritus
2818 2760 2990 2812 sancti
3013 2762 3052 2828 ;)
3101 2769 3155 2812 at
3191 2761 3246 2812 in
3273 2760 3560 2829 quamdam

1985 2860 2233 2905 naturam
2259 2853 2468 2904 tertiam
2497 2868 2527 2902 a
2553 2849 2697 2905 Filio
2729 2861 2777 2904 et
2802 2850 2965 2904 Patre
2993 2851 3215 2922 ejectum
3251 2869 3368 2906 eum
3397 2853 3562 2922 fuisse

1986 2959 2244 3011 nusquam
2276 2941 2578 2995 didicimus.

2056 3032 2176 3086 Non
2240 3031 2458 3087 diliicile
2523 3039 2605 3086 est
2660 3031 3094 3088 animadvertere
3155 3031 3289 3088 illud
3356 3032 3565 3091 Graecis

1987 3121 2223 3176 maxime
2263 3121 2550 3178 molestum
2585 3137 2732 3185 esse,
2788 3123 2928 3190 quod
2975 3121 3212 3191 Spiritus
3266 3123 3322 3178 S.
3361 3139 3390 3178 a
3422 3123 3561 3178 Filio

1986 3227 2108 3268 esse
2133 3212 2333 3266 habere
2378 3213 2581 3266 dicitur
2613 3231 2624 3266 :
2660 3212 2852 3266 iisdem
2891 3224 3073 3266 autem
3106 3214 3400 3283 plurimum
3440 3215 3559 3285 pla-

1985 3320 2126 3365 cere,
2179 3317 2520 3373 quaccunque
2568 3303 2782 3357 uncinis
2834 3303 3044 3358 inclusa
3087 3319 3152 3358 eo
3201 3312 3466 3374 spectant,
3500 3314 3562 3361 ut

1984 3393 2219 3448 Basilius
2269 3408 2377 3446 non
2431 3401 2811 3447 asseveranter
2855 3395 3237 3463 pronuntiare,
3283 3395 3378 3451 sed
3413 3397 3563 3453 velut

1984 3484 2245 3538 haesitans
2300 3481 2602 3536 concedere
2650 3482 2902 3536 videatur
2947 3481 3211 3551 Spiritum
3261 3483 3453 3539 ordine
3506 3493 3562 3538 et

1984 3577 2250 3648 dignitate
2298 3576 2565 3629 minorem
2613 3571 2754 3629 Filio
2783 3590 2927 3630 esse.
2964 3573 3163 3629 Vident
3192 3574 3359 3641 enim,
3408 3576 3454 3630 si
3504 3576 3561 3630 id

1983 3671 2219 3725 Basilius
2249 3676 2546 3730 assereret,
2578 3667 2702 3722 inde
2744 3669 2898 3737 sequi
2927 3674 2988 3722 ut
3033 3668 3293 3738 Spiritum
3323 3685 3390 3724 ex
3422 3668 3562 3724 Filio

1983 3761 2280 3830 procedere
2326 3758 2641 3813 crediderit.
2699 3757 2804 3814 Sed
2865 3759 2980 3814 hazc
3025 3761 3336 3829 scriptura,
3393 3776 3559 3830 quam

1983 3853 2153 3907 Graeci
2203 3868 2300 3922 per
2342 3850 2424 3906 fas
2467 3860 2521 3906 et
2562 3851 2718 3906 nefas
2765 3850 3147 3916 defenderunt,
3201 3853 3358 3922 longe
3401 3854 3556 3907 alteri

1981 3943 2380 4015 posthabenda,
2424 3942 2538 3998 sive
2584 3941 2844 3996 interiora
2888 3943 3136 4011 quaedam
3186 3943 3388 3998 indicia
3433 3960 3562 4014 spea-

1982 4044 2217 4099 ctentur,
2273 4043 2332 4088 ut
2376 4049 2680 4088 consensus
2727 4049 2851 4086 cum
2898 4033 3084 4088 Basilii
3127 4045 3560 4104 cmterornmque

1981 4127 2204 4182 Patrum
2233 4126 2506 4188 doctrina,
2537 4131 2591 4180 et
2623 4125 2908 4178 sententia).
2941 4126 3114 4194 ipsius
3144 4127 3313 4180 series
3339 4134 3392 4180 et
3424 4141 3560 4181 con-

1983 4220 2250 4285 tinuatio;
2304 4219 2418 4272 sive
2462 4232 2525 4271 ex
2573 4216 2925 4286 antiquorum
2972 4216 3222 4271 codicum
3270 4233 3405 4272 mss.
3456 4233 3556 4271 nuo

1983 4327 2136 4368 mero
2167 4319 2220 4364 et
2255 4310 2580 4363 auctoritate
2609 4324 2698 4362 res
2727 4308 3078 4373 dijudicetur.
3123 4306 3427 4378 Utrumque
3466 4324 3558 4362 ar-

1982 4413 2298 4476 gumentum
2330 4403 2566 4457 breviter
2600 4401 3036 4472 explanabimus,
3069 4401 3154 4456 his
3195 4402 3289 4472 qui
3339 4402 3557 4457 uberio-

2194 4497 2357 4564 hujus
2425 4494 2745 4564 quzestionis
2834 4494 3201 4561 cognitionem
3280 4492 3558 4562 percipere

1980 4591 2181 4651 volent,
2216 4588 2283 4641 ad
2311 4601 2475 4656 supra
2503 4587 2702 4639 dictam
2735 4585 3176 4640 dissertationem
3217 4584 3481 4638 dimissis.

2047 4681 2111 4735 ll.
2144 4680 2289 4735 Inest
2323 4697 2456 4736 sane
2491 4693 2747 4748 magnum
2782 4677 2884 4730 hoc
2923 4677 3112 4730 vitium
3145 4675 3364 4730 lectioni
3411 4673 3557 4728 Grze-

1977 4790 2188 4837 corum,
2209 4774 2355 4843 quod
2397 4771 2656 4826 Basilium
2704 4770 2926 4824 inducat
2951 4769 3018 4824 de
3038 4786 3095 4823 re
3114 4769 3366 4823 onmibus
3395 4774 3554 4820 testa-

1978 4874 2055 4927 ta,
2085 4872 2138 4919 et
2155 4864 2220 4917 ab
2251 4864 2369 4932 ipso
2418 4862 2618 4916 Basilio
2648 4877 2789 4930 serpe
2828 4862 3146 4916 conﬁrmata
3187 4857 3419 4926 turpiter
3451 4857 3554 4911 du-

1978 4956 2261 5009 bitantem.
2293 4953 2433 5019 Quid
2461 4954 2604 5007 enim
2643 4953 2956 5016 absurdius,
2987 4967 3148 5022 quam
3175 4949 3368 5003 Filium
3393 4948 3554 5005 Patre

1980 5048 2247 5099 minorem
2294 5046 2484 5098 ordine
2511 5053 2566 5098 et
2608 5043 2872 5116 dignitate
2913 5057 3250 5105 asseverare,
3285 5041 3550 5110 Spiritum

1979 5133 2115 5188 Filio
2157 5135 2421 5187 minorem
2468 5133 2661 5186 ordine
2701 5140 2754 5186 et
2785 5133 3048 5200 dignitate
3091 5131 3270 5183 dicere
3309 5144 3419 5184 non
3451 5145 3550 5182 au-

1978 5226 2144 5281 dere?
2174 5225 2288 5280 Iloc
2337 5224 2580 5294 profecto
2612 5239 2718 5277 non
2764 5223 2993 5276 cadebat
3031 5223 3086 5275 in
3131 5219 3412 5285 Basilium,
3455 5221 3550 5292 qui

1978 5317 2256 5385 conceptis
2299 5315 2481 5369 verbis
2523 5314 2682 5368 docet
2728 5314 2783 5367 in
2819 5312 2962 5366 libro
3004 5311 3081 5366 De
3110 5310 3315 5379 Spiritu
3343 5319 3548 5376 sancto,

1977 5423 2098 5476 cap.
2146 5408 2232 5470 17,
2265 5407 2513 5461 eumdem
2563 5405 2808 5459 ordinem
2836 5403 3173 5459 intercedere
3207 5404 3350 5458 inter
3374 5403 3549 5473 Spiri-

1980 5507 2092 5553 tum
2139 5500 2210 5551 ac‘
2254 5498 2473 5563 Filium,
2508 5513 2573 5551 ac
2604 5497 2746 5551 inter
2778 5495 2975 5550 Filium
3007 5506 3060 5551 et
3093 5495 3308 5551 Patrem
3338 5515 3350 5549 :
3388 5494 3456 5548 Ut
3493 5511 3552 5552 se

1980 5590 2130 5642 habet
2161 5587 2336 5641 Filius
2369 5587 2436 5642 ad
2464 5587 2700 5648 Patrem,
2736 5587 2932 5656 inquit,
2967 5589 3042 5640 sic
3072 5585 3139 5640 ad
3185 5585 3386 5639 Filium
3429 5582 3551 5650 Spi-

1979 5683 2114 5735 ritus
2149 5682 2434 5734 secnndum
2483 5679 2620 5732 verbi
2658 5677 2757 5732 Dei
2785 5678 3020 5732 ordinem
3052 5680 3107 5732 in
3140 5677 3396 5746 baptismo
3435 5683 3552 5728 tra-

1979 5775 2171 5829 ditum.
2204 5772 2511 5828 llidiculam
2556 5788 2688 5845 ergo
2733 5772 3077 5829 formidinem
3115 5770 3313 5825 Basilio
3344 5764 3552 5836 alﬁngit
