3972 6218
357 324 434 384 35
1813 331 2206 395 PBAZFATIO.
3543 340 3615 400 56

355 438 514 505 illud,
556 438 806 511 fortasse,
842 455 906 496 ac
951 441 1108 508 illud,
1151 452 1211 496 ut
1243 441 1339 498 hoc
1368 445 1529 499 etiam
1572 447 1787 502 omnino
1819 465 1944 503 con-
1968 465 2017 521 Α
2110 453 2419 522 Antequam
2476 450 2689 508 veniam
2739 452 2806 509 ad
2867 460 3263 525 propugnatam
3315 467 3345 506 a
3404 450 3618 511 Latinis

354 530 629 599 cedamus,
669 532 932 602 et_infra,
966 541 1027 586 ut
1070 534 1244 589 aiunt.
1277 533 1417 590 Huic
1454 536 1655 614 rationi
1696 553 1806 593 non
1844 555 1942 610 pa-
2043 545 2356 608 lectionem,
2382 546 2513 601 libet
2539 547 2687 602 aliud
2718 546 3151 603 additamentum
3182 546 3621 614 animadvertere

353 638 481 679 rum
525 623 678 678 addit
717 625 978 679 momenti
1021 627 1169 697 quod
1216 626 1291 681 ait
1329 613 1921 686 Basilius'Eunomiun

2051 637 2099 691 in
2129 637 2215 691 his
2247 638 2459 693 verbis:
2497 638 2655 703 Τίνες
2681 640 2737 692 δὲ
2765 641 2814 692 οἰ
2841 639 2987 708 amo:
3015 639 3110 693 καὶ
3139 641 3198 691 ὲν
3230 638 3401 704 ποίοις
3436 613 3619 708 λόγοις

351 717 519 771 etiam
564 733 701 771 nunc
746 717 929 771 eadem
978 717 1183 784 facere,
1226 732 1344 789 qua:
1384 720 1513 774 dum
1561 721 1625 775 de
1664 720 1919 792 Unigenitt

2048 727 2140 799 τὴν
2208 726 2553 780 διδασκαλίαν
2637 728 2998 799 πεποίηνται,
3071 729 3243 780 εἰπεῖν
3302 727 3402 781 οὐκ
3464 726 3616 798 ἔχει’

352 810 654 874 dissereret,
690 809 876 879 fecisse
920 810 1187 865 convictus
1220 820 1320 866 est.
1353 810 1564 868 lndicat
1605 814 1751 869 enim
1794 815 1942 871 Basi-
2042 819 2150 885 Qui
2179 836 2297 875 vero
2337 821 2442 873 sint
2471 821 2643 874 sancti
2672 821 2776 885 illi,
2819 829 2868 874 et
2913 821 2967 873 in
3007 819 3194 890 quibus
3230 821 3439 889 scriptis
3479 819 3617 873 hanc

353 902 463 958 lius
482 903 571 958 bis
593 902 780 957 verbis
804 903 1019 957 initium
1043 904 1166 959 libri
1189 905 1372 974 primi,
1396 906 1486 961 ubi
1510 907 1680 961 nudat
1708 908 1939 963 artificia
2038 912 2334 966 doctrinam
2372 910 2651 977 ediderint,
2694 912 2866 968 dicere
2908 930 3013 967 non
3054 922 3241 982 potest.
3273 911 3399 967 Haec
3427 912 3612 976 verba,

352 992 627 1058 Eunomii,
658 995 898 1065 quicum
925 996 1069 1063 riam
1099 996 1461 1063 traditionem,
1484 997 1711 1052 Patrum
1742 998 1924 1069 fidem,
2039 1003 2213 1055 εἰπεῖν
2242 1003 2343 1055 οὐκ
2374 1001 2510 1073 ἔχει,
2542 1001 2713 1057 dicere
2756 1020 2858 1057 non
2890 1012 3079 1072 potest,
3114 1018 3234 1073 qua:
3274 1018 3340 1058 ex
3377 1012 3615 1073 quatuor

350 1086 558 1156 rejecta
599 1087 967 1143 multitudinis
1009 1087 1270 1158 opinione
1311 1091 1695 1159 apposuisset,
1746 1092 1934 1146 statim
2038 1093 2222 1163 Regiis
2259 1108 2395 1149 mss.
2428 1104 2581 1149 eruta
2623 1104 2770 1159 sunt,
2808 1095 2865 1149 in
2889 1096 3065 1151 tribus
3102 1103 3284 1150 autem
3315 1096 3438 1151 aliis
3467 1102 3521 1151 et
3552 1097 3614 1153 in

350 1178 420 1233 de
463 1194 566 1234 suo
612 1178 948 1250 impietatem
987 1188 1042 1234 et
1096 1180 1492 1250 blasphemiam
1547 1182 1796 1238 addebat.
1845 1182 1935 1237 Sic
2036 1183 2279 1253 antiquis
2321 1185 2653 1241 editionibus
2713 1186 2948 1251 desunt,
3001 1188 3354 1243 manifestum
3405 1189 3612 1244 habent

348 1286 480 1341 ergo
512 1271 665 1326 illum
694 1274 995 1342 interrogat
1021 1271 1256 1327 Basilius
1287 1292 1299 1327 :
1335 1274 1390 1327 in
1427 1274 1528 1328 hac
1556 1273 1661 1329 [ide
1708 1274 1927 1329 ubinam
2034 1274 2274 1343 perﬁdia;
2309 1283 2364 1331 et
2396 1277 2721 1347 corruptelae
2750 1277 3038 1332 indicium.
3083 1277 3219 1344 Quis
3246 1280 3391 1335 enim
3421 1281 3612 1336 credat

349 1363 604 1431 scriptum
647 1372 747 1429 est,
786 1362 1063 1418 Credimus
1112 1364 1558 1435 ingenerationem
1599 1383 1716 1421 esse
1756 1384 1934 1423 essen-
2034 1365 2296 1421 Basilium
2326 1368 2401 1422 ita
2430 1368 2487 1423 in
2516 1369 2890 1424 ecclesiastica
2923 1370 3216 1427 traditione
3252 1372 3524 1442 hospitem
3556 1381 3612 1427 et

350 1454 483 1509 tiam
521 1455 622 1510 Dei
666 1458 1069 1521 universorum;
1115 1466 1229 1523 aut,
1280 1455 1556 1513 Credimus
1596 1457 1933 1530 Unigenitum
2032 1458 2379 1528 peregrinum
2426 1458 2622 1525 fuisse,
2656 1468 2717 1514 ut
2759 1476 2885 1515 cum
2937 1461 3054 1531 ipse
3089 1461 3288 1517 Filium
3320 1463 3515 1519 ordine
3554 1474 3611 1519 et

348 1551 574 1604 essentia
604 1550 921 1604 dissimilem
951 1565 1064 1604 esse
1089 1548 1290 1605 Patri?
1324 1550 1672 1606 Demonstrat
1700 1567 1825 1606 eum
1851 1552 1933 1607 sic
2033 1549 2300 1619 dignitate
2324 1551 2591 1606 minorem
2620 1554 2960 1622 pronuntiet,
3005 1554 3151 1609 illius
3177 1555 3461 1619 doctrinae,
3489 1569 3612 1624 quae

348 1647 535 1707 aperte
598 1638 749 1710 loqui
807 1639 1064 1694 debuisse
1085 1679 1100 1704 ,
1158 1653 1271 1693 non
1336 1638 1597 1719 insidias,
1630 1641 1934 1697 lectoribus
2032 1640 2099 1696 de
2132 1640 2339 1711 Spiritu
2369 1643 2511 1698 idem
2540 1644 2728 1710 tradit,
2759 1653 3016 1700 auctores
3042 1647 3222 1702 nullos
3248 1646 3316 1701 ah
3341 1645 3611 1701 Eunomio

348 1738 581 1798 struere,
610 1740 660 1785 et
694 1733 928 1800 opinioni
957 1747 1069 1785 suae
1094 1731 1235 1786 velut
1266 1734 1423 1785 hamo
1452 1732 1522 1786 ad
1562 1743 1777 1789 mortem
1819 1743 1932 1789 tra-
2032 1731 2194 1786 citari
2233 1747 2396 1802 posse
2438 1732 2689 1789 diceret?
2734 1734 2860 1791 Sive
2899 1735 3084 1792 Basilii
3132 1746 3283 1802 sunt,
3313 1753 3436 1808 qua:
3464 1736 3609 1792 infra

347 1821 491 1876 henti
539 1823 934 1892 simplicitatem
981 1820 1127 1893 ﬁdei,
1158 1839 1252 1877 ceu
1292 1838 1470 1878 escam
1508 1826 1795 1893 quamdam
1824 1828 1929 1881 cir-
1958 1841 2005 1895 Β
2030 1823 2301 1894 leguntur,
2335 1823 2466 1880 Cum
2498 1824 2758 1880 Dominus
2791 1824 2899 1895 ipse
2940 1828 2995 1882 in
3035 1829 3317 1884 traditione
3352 1831 3607 1884 salutaris

346 1913 617 1981 cumdare,
649 1924 707 1969 ut
732 1917 964 1985 imperiti
996 1916 1065 1970 ad
1097 1916 1151 1970 id
1182 1917 1319 1988 quod
1362 1902 1575 1987 apparet
1602 1918 1933 1986 festinantes,
2035 1914 2371 1980 baptismatis
2410 1914 2689 1968 tradiderit
2732 1916 2990 1978 ordinem,
3031 1926 3164 1979 etc..
3202 1919 3380 1989 ipsum
3424 1919 3607 1975 Domi-

345 2006 557 2060 incaute
606 2006 895 2075 impietatis
937 2006 1128 2061 scelere
1157 2008 1571 2078 transﬁgantur.
1618 2007 1757 2063 Cum
1800 2024 1931 2079 ergo
2031 2020 2162 2059 num
2213 2006 2461 2076 agnoscit
2502 2005 2740 2062 Basilius
2788 2006 2955 2076 hujus
2987 2006 3254 2062 doctrinae
3298 2016 3601 2075 auctorem,-

262 2148 269 2155 .
345 2097 677 2152 Eunomium
708 2097 946 2155 Basilius
983 2098 1269 2169 disputare
1296 2100 1647 2170 incipientem
1689 2101 1758 2156 de
1801 2099 1927 2171 Spi-
2030 2097 2230 2152 nedum
2282 2105 2539 2153 auctores
2574 2098 2771 2154 ‘nullos
2814 2097 3051 2168 proferri
3096 2114 3258 2169 posse
3304 2100 3602 2155 existimet.

345 2188 476 2252 ritu,
523 2188 714 2244 eadem
765 2188 946 2245 facere
993 2189 1162 2257 dicat,
1208 2206 1326 2260 quae
1370 2190 1498 2244 dum
1540 2190 1606 2245 de
1653 2189 1935 2262 Unigenito
2032 2186 2156 2243 Sive
2202 2189 2472 2244 Eunomio
2517 2189 2807 2245 tribuenda
2849 2190 2966 2245 haec
2992 2191 3194 2257 verba;
3242 2207 3355 2247 non
3393 2192 3603 2248 laborat

342 2279 645 2347 dissereret,
684 2280 870 2351 fecisse
900 2282 1167 2336 convictus
1217 2290 1333 2346 est;
1382 2298 1611 2340 necesse
1656 2292 1742 2339 est
1783 2293 1842 2338 ut
1871 2286 1931 2340 in
2029 2288 2316 2333 auelorum
2365 2278 2631 2334 dOCWiRIB
2678 2295 2792 2336 sua:
2839 2281 3090 2351 Penuria,
3127 2282 3222 2352 qui
3267 2282 3449 2353 ipsum
3494 2282 3604 2338 1)οδ

344 2378 579 2442 utroque
607 2372 729 2427 loco
752 2371 1023 2442 principia
1050 2372 1166 2438 illa,
1198 2387 1320 2443 quae
1350 2374 1619 2443 impietati
1656 2389 1783 2428 mox
1806 2376 1930 2430 elle-
2027 2370 2236 2426 minum
2276 2372 2406 2427 citat
2437 2380 2741 2428 auctorem.
2783 2372 3042 2429 Mendose
3070 2388 3200 2445 ergo
3245 2374 3303 2429 in
3343 2375 3485 2429 hanc
3510 2388 3605 2430 ne-

347 2462 528 2519 rendae
572 2463 720 2518 velut
744 2478 930 2519 escam
976 2462 1142 2517 hamo
1187 2464 1577 2533 praetendebat,
1625 2480 1728 2521 nec
1761 2466 1928 2522 dubia
2025 2480 2151 2519 vam
2197 2466 2493 2537 editionem
2534 2467 2877 2537 irrepserunt
2907 2469 3023 2523 haec
3052 2469 3221 2524 verba
3252 2487 3266 2523 :
3298 2469 3392 2525 sed
3420 2480 3605 2524 tamen

350 2556 471 2612 visa
503 2554 711 2611 fuerint
741 2571 841 2610 nec
868 2556 1078 2610 incerta
1106 2555 1332 2610 Basilio.
2025 2572 2136 2611 non
2165 2572 2357 2627 parum
2391 2571 2621 2628 prosunt
2667 2560 2735 2614 ad
2767 2560 3251 2615 demonstrandam
3286 2559 3602 2616 Graecorum

268 2723 275 2731 .
410 2646 470 2701 In
525 2661 592 2703 eo
631 2648 797 2703 etiam
841 2662 1028 2703 secum
1072 2656 1260 2717 aperte
1305 2655 1513 2719 pugnat
1554 2648 1829 2715 Basilius,
1876 2652 1923 2707 si
2025 2646 2082 2700 in
2113 2647 2216 2701 hoc
2246 2647 2430 2702 Basilii
2461 2656 2723 2704 contextu
2750 2648 3109 2705 adulterando
3136 2651 3443 2708 audaciam.

343 2737 655 2795 Graecorum
684 2739 957 2809 scriptura
989 2739 1310 2810 recipiatur,
1356 2742 1501 2811 quod
1532 2750 1824 2812 postquam
1856 2745 1927 2799 ab
2097 2740 2365 2793 Assentiri
2397 2740 2541 2793 enim
2570 2756 2677 2795 non
2704 2754 2928 2811 possum
2952 2740 3168 2797 erudito
3194 2740 3603 2798 dissertationis

343 2828 616 2886 Eunomio
635 2838 890 2886 auctores
920 2829 1183 2885 doctrinae
1222 2831 1391 2886 celari
1419 2831 1577 2898 dixit,
1614 2833 1791 2903 ipsum
1820 2833 1927 2888 Eu-
2025 2829 2260 2897 auctori,
2293 2832 2385 2902 qui
2414 2829 2678 2886 Basilium
2711 2838 2869 2902 putat
2899 2831 2968 2887 ad
3000 2833 3221 2903 impiam
3253 2831 3507 2888 Eunomii
3531 2834 3602 2889 de

341 2923 587 2976 nomium
620 2922 763 2977 hanc
791 2921 1099 2977 doctrinam
1127 2939 1194 2978 ex
1227 2922 1432 2979 Christi
1463 2925 1644 2980 verbis
1678 2937 1925 2995 repetere
2024 2923 2184 2976 tertia
2235 2922 2540 2977 substantia
2589 2924 2919 2977 sententiam
2971 2924 3266 2993 respicere,
3298 2924 3428 2978 dum
3477 2924 3553 2978 ait
3579 2943 3599 2979 ε

341 3022 575 3070 asserat.
621 3013 856 3070 Simulat
900 3031 959 3069 se
999 3031 1206 3069 seruare
1250 3015 1552 3071 doctrinam
1582 3028 1922 3086 sanctorum;
2024 3011 2258 3066 Simulat
2301 3029 2355 3066 δε
2376 3029 2583 3066 servare
2615 3022 2922 3067 εαηειοτιιηι
2949 3011 3268 3077 “urinam.
3305 3022 3363 3066 αι
3391 3029 3480 3068 €08
3508 3012 3603 3084 qui

340 3112 399 3158 at
443 3121 531 3159 eos
574 3107 664 3176 qui
704 3108 855 3160 iltam
888 3107 991 3177 ipsi
1030 3107 1366 3162 tradiderunt
1409 3118 1562 3163 tacet.
1612 3110 1679 3163 Et
1730 3110 1919 3168 infra;
2021 3121 2139 3159 eam
2169 3106 2272 3173 ipsi
2314 3104 2668 3170 tradiderunt,
2709 3112 2864 3159 tacet.
2914 3103 3213 3174 Distinguit
3247 3104 3393 3158 enim
3434 3119 3601 3159 accu~

339 3196 651 3268 Accepimus
697 3200 835 3253 enim
882 3201 1079 3268 ipsum,
1119 3200 1310 3270 inquit,
1338 3202 1550 3253 tertium
1599 3219 1632 3254 α
1665 3201 1827 3257 Pam
1863 3212 1913 3257 ρι
1942 3189 1984 3245 C
2019 3203 2135 3250 rate
2164 3195 2398 3251 Basilius
2435 3211 2500 3251 ea
2538 3211 2661 3266 qua:
2693 3194 2994 3249 Eunomius
3034 3212 3068 3248 a
3112 3204 3310 3248 sanctis
3351 3211 3406 3249 se
3451 3194 3597 3247 didi-

338 3285 486 3342 Filio
520 3289 788 3343 numerari
817 3306 837 3342 ἔ
867 3306 985 3343 cum
1019 3290 1275 3344 Dominus
1306 3292 1485 3359 ipsein
1510 3292 1799 3349 traditione
1828 3311 1918 3348 sa-
2020 3289 2153 3342 cisse
2181 3288 2382 3352 aiebat,
2418 3303 2632 3357 nempe,
2670 3288 2881 3341 tertium
2906 3303 3018 3341 esse
3048 3286 3232 3341 ordine
3267 3297 3316 3341 et
3338 3286 3599 3357 dignitate

341 3377 534 3433 lutaris
576 3379 908 3447 baptismatis
954 3378 1235 3434 tradiderit
1275 3380 1534 3445 ordinem,
1577 3382 1660 3437 his
1709 3386 1909 3439 verbis:

2024 3375 2301 3447 Spiritum,
2334 3378 2402 3432 ab
2435 3378 2505 3433 iis
2534 3392 2655 3447 quas
2691 3392 2751 3433 se
2779 3393 2814 3430 α
2840 3378 3009 3447 seipso
3031 3378 3258 3432 credere
3301 3377 3592 3447 fatebatur,

346 3486 366 3520 ι
405 3467 601 3523 Euntes
631 3469 895 3539 baptisate
926 3471 993 3536 τ’,
1034 3490 1053 3523 ι
1087 3479 1195 3527 etc.
1235 3469 1388 3526 Licet
1408 3486 1539 3543 ergo
1576 3476 1752 3530 oculis
1782 3475 1916 3545 ipsis
2018 3484 2235 3539 nempe,
2266 3480 2462 3523 natura
2485 3486 2685 3540 quoque
2711 3471 2921 3525 tertium
2948 3486 3079 3526 esse.
3112 3469 3266 3536 Quod
3287 3485 3418 3541 ergo
3447 3469 3598 3524 addit

340 3573 566 3615 cernere
607 3560 842 3630 pel-ﬁdas
878 3576 1093 3628 manus,
1125 3578 1246 3634 qua;
1298 3564 1443 3619 hunc
1488 3566 1668 3619 locum
1719 3582 1917 3622 οοιτυ-
2017 3552 2275 3620 Basilius,
2311 3555 2542 3621 Quinam
2565 3564 2741 3609 autem
2763 3557 2937 3610 sancti
2965 3556 3069 3620 illi,
3095 3565 3146 3609 et
3173 3555 3361 3626 quibus
3387 3557 3443 3609 in
3472 3556 3600 3611 scri-

338 3658 559 3721 perunt.
602 3650 749 3705 Nihil
784 3651 927 3706 enim
975 3652 1148 3723 magis
1178 3662 1467 3724 repugnat,
1507 3670 1672 3725 quam
1708 3664 1768 3709 ut
1810 3656 1917 3711 Eu-
2015 3648 2121 3718 ptis
2161 3647 2297 3701 Ιιαηε
2327 3647 2623 3702 doctrinam
2663 3647 2912 3704 edidere?
2962 3649 3016 3702 id
3060 3663 3287 3718 prorsus
3323 3647 3606 3702 immerito

339 3743 583 3797 nomium
615 3742 852 3799 Basilius
889 3753 1146 3800 auctores
1178 3746 1345 3815 hujus
1380 3746 1646 3802 doctrina:
1678 3751 1918 3806 tacuisse
2017 3739 2322 3795 referrem?
2351 3740 2421 3794 ad
2448 3755 2513 3795 ea
2538 3756 2659 3811 quae
2691 3756 2751 3795 se
2781 3740 3081 3795 Eunomius
3112 3757 3144 3794 α
3167 3740 3335 3808 δεῖρεο
3366 3737 3594 3803 crede".

337 3833 506 3899 dicat,
539 3850 699 3904 quem
733 3844 913 3890 tamen
940 3834 1188 3891 eamdem
1216 3836 1523 3892 doctrinam
1555 3837 1759 3894 Christi
1791 3856 1917 3895 ver-
2016 3848 2129 3887 non
2155 3848 2185 3887 a
2218 3833 2426 3888 sanctis
2455 3835 2733 3903 accepisse
2773 3833 2971 3887 aiebat.
3001 3834 3181 3899 Quare
3207 3847 3330 3887 cum
3371 3847 3494 3886 eum
3515 3831 3596 3886 sic

338 3923 426 3979 bis
474 3933 756 3995 acceptam
806 3925 1041 3981 fateatur
1085 3927 1364 3983 retulisse.
1434 3927 1735 3984 Delendum
1785 3946 1917 4002 ergo
2018 3925 2316 3996 interrogat
2349 3925 2622 3981 Basilius:
2661 3925 2892 3991 Quinam
2933 3934 3109 3978 autem
3133 3931 3258 3977 sunt
3286 3924 3459 3977 sancti
3490 3923 3595 3988 illi,

338 4012 497 4081 illud,
556 4017 743 4087 inquit,
797 4031 861 4070 ac
901 4015 1252 4072 manifestum
1301 4026 1386 4073 est
1429 4033 1539 4073 non
1586 4018 1914 4074 Eunomium
2016 4026 2065 4071 et
2091 4018 2279 4088 quibus
2313 4018 2371 4071 in
2417 4018 2629 4086 scriptis
2664 4017 2800 4071 Itane
2847 4017 3143 4070 doctrinam
3188 4015 3438 4071 edidere?
3483 4031 3593 4069 non

338 4104 431 4161 hic
474 4106 643 4177 loqui,
690 4106 788 4163 sed
840 4106 1105 4163 Basilium
1160 4108 1255 4178 qui
1304 4107 1558 4165 Eunomii
1600 4111 1764 4165 verba
1805 4127 1915 4168 non
1986 4100 2254 4166 'obscure
2282 4110 2523 4165 declarat
2560 4108 2886 4163 Eunomium
2919 4109 3120 4164 callide
3157 4108 3443 4164 reticuisse
3466 4122 3596 4163 san-

338 4199 476 4253 solet
520 4199 576 4252 in
624 4213 779 4255 suam
826 4200 1130 4255 orationem
1164 4200 1428 4266 intexere,
1478 4201 1586 4257 nisi
1622 4211 1913 4273 postquam
2017 4210 2230 4256 ctorum
2281 4201 2596 4256 testimonia
2629 4215 2692 4255 ac
2718 4200 3018 4270 praesertim
3049 4199 3254 4255 Christi
3296 4200 3482 4264 verba,
3525 4215 3592 4255 ex

336 4305 403 4345 ea
436 4290 624 4345 ordine
671 4305 771 4345 suo
804 4292 1008 4345 retulit.
1048 4291 1117 4345 At
1165 4292 1331 4346 verba
1390 4292 1553 4347 modo
1600 4294 1765 4347 citata
1813 4309 1917 4347 nu-
2015 4291 2215 4362 quibus
2244 4288 2508 4360 Spiritum
2540 4297 2793 4344 sanctum
2815 4288 3008 4343 ordine
3038 4289 3258 4343 tertium
3287 4304 3410 4344 esse
3444 4288 3597 4342 colli-

338 4396 531 4451 squam
576 4379 742 4437 refert
773 4380 1010 4437 Basilius
1044 4390 1101 4436 ut
1130 4380 1383 4436 Eunomii
1426 4384 1611 4449 verba,
1659 4400 1761 4439 nec
1788 4399 1915 4454 pro-
2016 4384 2182 4452 gitur,
2217 4383 2366 4451 quia,
2397 4396 2524 4436 cum
2556 4381 2673 4435 haec
2701 4380 2866 4436 verba
2910 4379 3147 4451 Spiritus
3177 4381 3349 4435 sancti
3395 4379 3595 4435 divini-

337 4472 479 4528 fecto
508 4473 711 4529 referre
747 4475 944 4544 potuit.
1943 4534 1978 4544 _
2014 4484 2184 4532 tatem
2234 4474 2516 4529 evidenter
2566 4481 2837 4539 astruant,
2888 4473 2933 4528 si
2972 4487 3037 4528 ea
3083 4473 3362 4527 retulisset
3411 4472 3594 4527 Euno-

405 4562 525 4617 Jam
552 4579 701 4630 vero,
735 4566 781 4620 si
816 4566 929 4620 hinc
976 4566 1163 4636 spuria
1196 4575 1348 4633 sunt,
1393 4569 1642 4639 sequitur
1675 4568 1910 4640 genuina
1943 4534 1987 4589 Β
2014 4569 2180 4633 mius,
2228 4567 2571 4622 manifestior
2618 4565 2921 4621 exstitisset
2964 4578 3177 4630 eorum,
3223 4579 3345 4634 quae
3387 4563 3454 4619 de
3490 4579 3597 4619 suo

335 4672 457 4712 esse
487 4671 605 4726 qua:
635 4656 690 4711 in
726 4656 959 4711 lectione
987 4656 1306 4714 Graecorum
1336 4658 1539 4714 desunt
1572 4660 1639 4715 de
1684 4676 1908 4730 proces-
2013 4661 2198 4717 statim
2228 4659 2481 4725 addebat,
2512 4658 2784 4727 impietas.

336 4748 491 4804 sione
521 4746 760 4819 Spiritus
778 4764 842 4803 ex
882 4747 1041 4803 Filio.
1073 4748 1275 4805 Eadem
1309 4752 1455 4806 enim
1486 4767 1651 4806 manu
1694 4752 1918 4807 facinus
2085 4748 2174 4804 Ill.
2208 4748 2512 4818 Scriptura,
2554 4760 2723 4817 quam
2758 4743 3064 4800 defendunt
3105 4740 3307 4809 Latini,
3341 4756 3453 4796 non
3493 4757 3587 4796 so‘

336 4848 629 4910 utrumque
658 4842 1035 4908 commissum,
1058 4857 1157 4897 nec
1206 4842 1313 4897 alio
1342 4843 1575 4899 consilio
1594 4852 1782 4899 assuta
1808 4844 1910 4897 du-
2013 4842 2129 4897 lum
2162 4850 2287 4911 apte
2314 4847 2369 4895 ct
2396 4838 2681 4893 commode
2704 4851 2829 4891 cum
2849 4843 2963 4889 tota
2993 4834 3175 4889 Basilii
3192 4834 3461 4900 doctrina,
3492 4833 3589 4889 sed

336 4930 618 4987 bitationis
662 4932 886 4997 indicia,
926 4932 1032 4988 nisi
1075 4942 1136 4987 ut
1175 4935 1357 4991 minus
1389 4935 1716 4990 miraremur
1751 4935 1909 4992 Basi-
2014 4935 2178 4989 etiam
2204 4930 2518 4986 necessario
2565 4944 2689 4984 cum
2714 4928 2863 4982 illius
2889 4926 3312 4981 ratiocinatione
3358 4925 3589 4995 ejusque

337 5021 493 5087 lium,
539 5024 633 5093 qui
681 5024 749 5079 de
793 5022 931 5079 Filio
983 5023 1287 5094 disserens,
1334 5035 1593 5083 accurate
1648 5028 1911 5098 explicat,
2015 5023 2353 5093 argumentis
2399 5022 2656 5075 cohaeret.
2715 5018 2979 5089 Spiritum
3026 5032 3094 5072 ex
3142 5017 3300 5073 Patre
3344 5024 3399 5071 et
3449 5014 3589 5071 Filio

331 5131 444 5186 quo
483 5131 647 5172 sensu
678 5118 856 5173 minor
888 5119 958 5174 sit
986 5118 1180 5175 ordine
1216 5126 1271 5174 et
1302 5118 1589 5190 dignitate,
1622 5136 1733 5175 non
1762 5121 1909 5175 idem
2012 5118 2309 5190 procedere
2337 5116 2421 5171 vel
2452 5115 2556 5169 hoc
2595 5130 2765 5169 unum
2798 5112 3172 5168 testimonium
3203 5112 3588 5167 demonstrare

332 5206 496 5261 etiam
542 5206 610 5260 de
649 5205 853 5276 Spiritu
896 5208 1259 5263 disserentem
1316 5209 1533 5266 fecisse.
1589 5209 1719 5263 Erat
1763 5210 1909 5264 enim
2012 5210 2208 5282 possit,
2236 5209 2382 5279 quod
2412 5208 2516 5262 sub
2560 5207 2721 5261 linem
2752 5207 2875 5261 libri
2922 5222 2962 5260 ιι
2991 5206 3047 5259 in
3077 5204 3393 5258 Eunomium
3422 5204 3589 5259 habe-

334 5298 449 5354 hzec
469 5298 760 5367 explicatio
790 5315 1017 5369 prorsus
1057 5301 1371 5355 necessaria
1405 5301 1746 5356 asseveranti
1779 5300 1909 5372 Spl-
2009 5318 2153 5357 mus.
2186 5300 2320 5354 Nam
2353 5315 2478 5355 cum
2507 5298 2809 5354 Eunomius
2854 5298 3020 5368 impie
3045 5296 3240 5351 Filium
3274 5303 3584 5350 creaturam

332 5391 498 5445 ritum
527 5390 717 5445 ordine
746 5402 800 5446 et
836 5393 1102 5462 dignitate
1132 5395 1398 5449 minorem
1429 5408 1552 5449 esse
1583 5392 1759 5461 Filio;
1805 5394 1909 5449 du-
2011 5391 2212 5458 Patris,
2255 5390 2519 5463 Spiritum
2550 5399 2861 5445 creaturam
2910 5388 3031 5443 Filii
3062 5394 3300 5452 vocaret,
3349 5386 3588 5442 Basilius

331 5480 527 5535 bitanti
591 5488 645 5536 et
708 5481 979 5539 haesitanti
1047 5486 1230 5543 minus
1284 5485 1655 5543 necessariam
1727 5486 1903 5544 Graeci
2010 5485 2343 5555 impietatem
2383 5483 2531 5539 illius
2569 5482 2956 5553 perhorrescit,
2988 5479 3134 5551 quod
3167 5487 3477 5535 creaturam
3508 5477 3590 5532 di-

331 5581 737 5630 extsumarunt.
2005 5584 2159 5635 ceret
2186 5574 2450 5648 Spiritum
2466 5583 2717 5633 sanctum
2737 5592 2754 5633 :
2771 5588 2835 5632 ac
2852 5573 3049 5630 deinde
3077 5572 3231 5629 illum
3264 5572 3345 5628 sic
3378 5571 3584 5641 arguit,

395 5727 443 5763 τ’
478 5728 666 5785 Matth.
701 5746 890 5799 xxmt,
929 5730 1017 5787 i9.
