3972 6218
332 343 401 401 5,
1798 322 2191 417 rnm‘arto.
3468 357 3476 362 -
3521 347 3595 406 ss

335 460 479 528 quod
507 454 749 528 Spiritus
780 454 1045 527 originem
1072 469 1182 509 non
1215 446 1364 508 Patri
1389 459 1442 508 et
1472 445 1631 515 Filio,
1667 450 1764 506 sed
1807 449 1910 505 soli
1940 453 1989 506 Δ
2014 468 2079 508 ex
2109 470 2233 526 cap.
2270 457 2337 511 Π
2368 457 2485 514 libri
2521 458 2593 515 De
2619 458 2824 532 Spiritu
2859 459 3172 533 sanctojam
3194 461 3359 517 citata
3387 484 3400 518 :
3437 462 3503 517 Ut
3535 479 3594 520 se

335 551 474 605 Filio
502 549 846 603 attribueret.
878 546 1024 602 Illud
1049 563 1188 613 vero,
1237 546 1410 616 inquit
1433 544 1507 615 (p.
1525 542 1675 613 270),
1699 543 1785 596 cui
1808 558 1914 596 non

334 654 497 712 patet,
517 642 656 714 quod
678 642 832 696 nulla
848 640 982 695 Filii
1003 642 1237 709 operatio
1258 656 1290 694 a
1316 642 1475 692 Patre
1490 637 1661 691 divisa
1689 637 1788 702 sit,
1822 652 1915 689 nec

333 735 624 805 quidquam
649 735 722 787 sit
750 735 802 787 in
826 750 1000 786 rerum
1030 741 1245 796 natura,
1281 730 1419 802 quod
1440 730 1509 783 ad
1529 729 1731 784 Filium
1756 729 1917 797 perti-

337 834 481 887 neat,
503 834 552 878 et
584 841 616 877 a
647 823 810 877 Patre
847 823 1076 876 alienum
1097 824 1209 878 sit?
1247 840 1267 872 ¢
1306 821 1500 876 Omnia
1532 822 1689 885 enint,
1723 821 1911 889 inquit,

337 934 456 971 mea
474 926 567 969 tua
586 924 729 981 sunt,
752 925 801 969 et
836 926 929 968 tua
960 931 1074 968 mea
1088 915 1130 969 ⁸.
1158 934 1177 965 ι
1199 913 1470 978 Quomodo
1489 914 1650 984 igitur
1681 912 1914 982 Spiritus

336 1025 559 1063 causam
606 1006 881 1077 Unigenito
917 1005 1019 1060 soli
1047 1005 1310 1071 attribuit,
1339 1015 1389 1059 et
1416 1007 1483 1059 ad
1514 1006 1628 1076 ejus
1659 1022 1916 1063 accusan-

335 1101 465 1153 dam
493 1109 744 1153 naturam
772 1098 921 1151 illius
950 1097 1264 1151 creationem
1314 1099 1579 1166 usurpat?
1623 1095 1770 1151 Luce
1796 1096 1913 1150 cla-

336 1193 458 1246 rius
489 1200 575 1246 est
630 1190 892 1244 Basilinm
942 1188 1083 1242 inter
1111 1197 1165 1242 et
1199 1187 1535 1243 Eunomium
1569 1187 1913 1252 convenisse,

339 1282 583 1352 Spiritus
623 1280 891 1351 originem
936 1279 1075 1336 Filio
1126 1280 1552 1345 attribuendam,
1599 1282 1695 1335 sed
1750 1281 1805 1334 in
1849 1294 1915 1335 eo

338 1375 772 1430 controversiam
804 1374 1104 1437 exstitisse,
1132 1372 1282 1443 quod
1326 1372 1626 1429 Eunomius
1680 1373 1782 1427 soli
1824 1373 1916 1427 Fi-

336 1468 415 1520 lio
447 1466 793 1532 attribueret,
837 1464 1078 1520 Basilius
1104 1462 1257 1517 Patri
1284 1472 1338 1517 et
1357 1462 1525 1518 Filio.
1574 1462 1915 1518 Sententiam

339 1572 500 1611 suam
544 1555 785 1611 Basilius
811 1570 924 1609 non
951 1554 1328 1625 perfunctorie
1358 1554 1573 1625 probat.
1621 1554 1916 1609 Contendit

336 1649 448 1705 duo
476 1648 594 1704 fore
624 1647 911 1718 principia,
949 1647 996 1702 si
1033 1645 1269 1718 Spiritus
1303 1648 1455 1717 origo
1493 1648 1594 1701 soli
1640 1645 1780 1715 Filio
1816 1646 1917 1700 tri-

338 1743 561 1798 buatur.
596 1740 948 1797 Demonstrat
995 1754 1119 1794 eum
1146 1753 1262 1793 non
1304 1738 1668 1795 dirimendum
1716 1752 1837 1793 esse
1882 1753 1915 1792 a

336 1835 536 1897 Patre,
596 1848 723 1887 cum
793 1840 848 1886 et
921 1830 1218 1901 Apostolus
1280 1832 1570 1899 conjuncta
1651 1829 1912 1900 Spiritum

337 1926 545 1981 Christi
574 1932 631 1980 et
658 1924 923 1993 Spiritum
950 1922 1043 1978 Dei
1066 1922 1243 1977 Patris
1266 1924 1538 1993 appellet;
1569 1939 1631 1976 ac
1654 1922 1914 1976 Dominus

338 2013 603 2083 Spiritum
630 2016 867 2069 veritatis
898 2014 1045 2068 dicat
1103 2016 1204 2087 (est
1229 2016 1368 2070 enim
1401 2016 1509 2083 ipse
1536 2013 1789 2071 Christus
1824 2030 1914 2069 ae-

337 2106 499 2177 ritas)
527 2112 580 2159 et
613 2104 676 2159 de
702 2121 762 2159 ea
789 2104 934 2158 dicat
959 2121 978 2159 :
1017 2105 1063 2159 Α
1093 2105 1254 2160 Patre
1283 2106 1517 2174 procedit

405 2195 601 2266 Neque
630 2197 794 2252 etiam
824 2198 1062 2253 obscure
1100 2197 1432 2267 perspicitur
1463 2196 1648 2251 Basilii
1694 2202 1917 2251 senten-

336 2289 413 2343 tia
442 2303 510 2342 ex
543 2289 631 2343 his
663 2290 847 2345 verbis
870 2289 1036 2359 epist.
1091 2289 1182 2354 ΒΞ,
1225 2304 1282 2343 ιι.
1314 2288 1389 2344 2:
1440 2285 1562 2342 Non
1614 2288 1755 2342 enim
1798 2302 1916 2358 quia

340 2381 576 2449 fratrum
605 2382 742 2435 inter
766 2397 822 2435 se
851 2382 1217 2451 cognationem
1259 2380 1471 2447 habent,
1516 2381 1765 2434 dicuntur
1792 2398 1916 2435 catt-

338 2473 749 2536 substantialia,
792 2473 847 2527 id
891 2473 1030 2543 quod
1059 2472 1275 2544 quidam
1304 2474 1633 2537 existimant,
1669 2474 1759 2528 sed
1797 2490 1915 2528 cum

338 2581 507 2619 causa
536 2575 586 2619 et
617 2564 673 2619 id
701 2565 840 2635 quod
862 2581 931 2620 ea:
955 2581 1119 2619 causa
1145 2565 1511 2622 adsistentium
1552 2564 1729 2632 habet,
1772 2566 1916 2634 ejus-

334 2656 460 2709 dem
498 2667 624 2709 sunt
664 2665 890 2721 natum,
931 2654 1411 2710 consubstantialia
1440 2654 1707 2709 dicuntur.
1745 2656 1917 2710 Mani-

338 2746 483 2802 festa
511 2755 596 2802 est
628 2755 682 2802 et
710 2756 895 2816 aperta
923 2747 1229 2812 conclusio,
1261 2761 1425 2817 quam
1459 2747 1697 2817 theologi
1726 2763 1789 2801 ex
1829 2747 1915 2801 his

334 2839 523 2893 verbis
574 2839 871 2893 deducunt.
919 2836 1055 2891 Nam
1112 2838 1159 2893 si
1209 2853 1273 2892 ea
1324 2846 1538 2893 tantum
1578 2838 1684 2893 dici
1718 2839 1918 2893 debent

336 2929 850 2994 consubstantialia,
885 2943 1119 2998 quorum
1154 2928 1385 2983 alterum
1429 2944 1496 2984 ex
1540 2929 1710 2983 altero
1742 2929 1914 2998 origi-

336 3038 467 3077 nem
518 3022 718 3087 habet,
768 3035 880 3076 non
933 3020 1109 3091 potuit
1160 3020 1402 3090 Spiritus
1448 3029 1528 3074 tot
1586 3022 1722 3075 locis
1774 3020 1918 3090 apud

2015 547 2168 601 habet
2197 546 2374 604 Filius
2415 549 2483 604 ad
2510 550 2839 618 Patrem,sic
2863 553 2931 607 ad
2961 552 3166 608 Filium
3197 551 3453 624 Spiritus,
3480 563 3590 612 etc.

2014 638 2193 709 Atque
2238 639 2355 695 haec
2409 642 2604 697 relatio
2643 642 2822 700 fusius
2870 643 3177 715 erplicatur
3235 645 3293 699 in
3349 659 3472 715 cap.
3523 644 3592 702 i8

2016 730 2263 801 ejusdem
2291 732 2439 788 libri.

2085 825 2184 883 Bis
2215 826 2342 882 addi
2385 836 2619 898 possunt
2661 827 2923 883 nonnulla
2955 843 3024 882 ex
3067 827 3262 899 quinto
3301 828 3359 881 in
3408 827 3592 883 Euno-

2016 922 2180 975 mium
2207 921 2369 989 libro,
2402 923 2496 993 qui
2520 923 2658 977 liber
2688 923 2904 977 etiamsi
2936 922 3120 979 Basilii
3142 939 3255 978 non
3285 924 3375 989 sit,
3419 923 3471 979 ei
3508 931 3592 978 ta-

2015 1030 2141 1071 men
2172 1032 2203 1071 a
2225 1015 2431 1073 Graecis
2458 1016 2829 1086 adjudicatur,
2862 1032 2925 1071 ac
2949 1024 3095 1072 totus
3134 1032 3199 1084 ex
3228 1016 3347 1086 ejus
3371 1026 3591 1072 senten-

2017 1110 2109 1165 tiis
2131 1110 2467 1179 compositus
2492 1118 2595 1164 est.
2629 1109 2707 1164 lbi
2738 1110 2883 1181 (pag.
2913 1108 3039 1176 505)
3070 1110 3301 1178 legimus
3324 1109 3590 1179 Spiritum

2016 1214 2141 1254 esse
2169 1198 2396 1253 Verbum
2431 1198 2589 1264 Filii,
2624 1200 2906 1270 imaginem
2930 1198 3086 1267 Filii,
3123 1200 3386 1271 Spiritum
3428 1200 3588 1269 Filii,

2015 1292 2298 1360 procedere
2335 1308 2401 1346 ea:
2438 1290 2549 1346 Deo
2578 1307 2669 1360 per
2700 1290 2923 1345 Filium.
2974 1290 3089 1346 Nec
3138 1290 3440 1347 emittenda
3495 1292 3588 1347 illa

2017 1385 2247 1455 quaestio
2277 1384 2476 1456 (ibid.),
2512 1384 2622 1440 Cur
2641 1394 2692 1439 et
2720 1384 2950 1452 Spiritus
2970 1384 3145 1439 Filius
3168 1383 3300 1438 Filii
3327 1401 3429 1438 non
3454 1384 3590 1439 dici-

2020 1479 2142 1530 tur?
2185 1475 2317 1540 Quae
2344 1476 2565 1544 quidem
2597 1476 2938 1545 perabsurda
2970 1474 3096 1539 fuit,
3116 1475 3164 1530 si
3191 1489 3254 1529 ex
3288 1472 3429 1529 Filio
3459 1472 3588 1545 Spi-

2016 1567 2155 1622 ritus
2189 1582 2299 1620 non
2329 1566 2592 1637 procedit.

2084 1657 2242 1723 Quod
2268 1657 2315 1711 si
2335 1672 2575 1726 unquam
2604 1655 2837 1712 Basilius
2867 1655 3129 1726 Spiritum
3165 1668 3194 1708 a
3224 1653 3365 1709 Filio
3394 1668 3587 1725 proce-

2016 1745 2146 1802 dere
2175 1748 2382 1808 docuit,
2411 1754 2527 1800 tum
2546 1747 2781 1800 maxime
2809 1746 2974 1814 hujus
2992 1745 3373 1816 depromendae
3385 1744 3593 1800 doctri-

2017 1854 2099 1893 nae
2116 1837 2487 1893 necessarium
2502 1837 2714 1892 exstitit
2741 1845 2975 1905 tempus,
2999 1851 3125 1890 cum
3155 1836 3307 1889 illum
3325 1834 3463 1889 Filio
3479 1835 3584 1888 mi-

2015 1943 2206 1984 norem
2241 1926 2433 1982 ordine
2461 1937 2513 1982 et
2533 1926 2799 1996 dignitate
2828 1942 2970 1989 esse,
3001 1927 3056 1980 in
3090 1933 3346 1995 suscepta
3386 1926 3585 1981 adver-

2017 2035 2114 2075 sus
2157 2019 2388 2074 subtiles
2431 2017 2723 2073 haereticos
2772 2017 3143 2087 disputatione
3187 2018 3588 2088 pronuntiavit.

2014 2111 2153 2167 Nam
2182 2112 2277 2182 qui
2311 2112 2379 2167 de
2409 2111 2550 2166 Filio
2576 2112 2752 2166 obiter
2791 2124 2977 2181 agens,
3015 2126 3142 2165 eum
3177 2110 3366 2165 ordine
3398 2116 3454 2166 et
3502 2109 3590 2165 di-

2017 2206 2223 2277 gnitate
2254 2204 2521 2260 minorem
2553 2202 2714 2258 Patre
2746 2217 2852 2257 non
2900 2218 3070 2257 ausus
3100 2212 3185 2257 est
3230 2201 3436 2268 dicere,
3476 2201 3586 2258 nisi

2018 2300 2200 2355 statim
2232 2312 2455 2353 causam
2485 2295 2726 2359 adderet,
2760 2295 2887 2365 quia
2924 2311 2955 2350 a
2998 2294 3158 2349 Patre
3182 2301 3288 2357 est,
3334 2301 3389 2349 et
3423 2293 3589 2350 Pater

2016 2390 2139 2459 ejus
2168 2389 2344 2459 origo,
2376 2398 2581 2457 quanto
2614 2387 2786 2456 magis
2816 2386 2931 2440 haec
2963 2384 3042 2439 illi
3066 2384 3250 2439 cautio
3279 2384 3589 2439 adhibenda

2017 2480 2144 2544 fuit,
2194 2495 2321 2535 cum
2349 2477 2618 2547 Spiritum
2664 2487 2936 2541 sanetum,
2999 2476 3067 2531 de
3101 2491 3210 2546 quo
3239 2476 3369 2530 data
3419 2490 3585 2545 opera

2017 2570 2346 2634 disserebat,
2401 2567 2541 2623 Filio
2570 2569 2837 2624 minorem
2863 2568 3061 2624 ordine
3103 2578 3159 2622 et
3192 2566 3456 2638 dignitate
3495 2567 3589 2621 ιιι.

2018 2662 2200 2718 ceret?
2224 2660 2534 2727 Quinetiam
2563 2673 2759 2714 manca
2784 2660 2889 2715 erit
2913 2660 2995 2714 vel
3020 2659 3204 2728 potius
3220 2658 3458 2713 absurda
3485 2657 3589 2711 Ba-

2019 2755 2128 2811 silii
2158 2753 2529 2816 ratiocinatio,
2557 2752 2663 2808 nisi
2701 2749 2968 2821 Spiritum
3006 2750 3145 2805 Filio
3174 2752 3442 2806 minorem
3464 2765 3590 2806 esse

2018 2845 2210 2900 ordine
2239 2852 2293 2898 et
2325 2845 2611 2914 dignitate,
2638 2843 2765 2913 quia
2792 2858 2822 2896 a
2857 2842 2996 2897 Filio
3025 2858 3149 2897 esse
3171 2842 3354 2906 habet,
3406 2842 3452 2898 si
3485 2842 3589 2895 mi-

2018 2951 2122 2991 nus
2149 2934 2370 2999 dixerit,
2423 2934 2613 2989 saltem
2651 2932 2971 3003 cogitaverit
3012 2943 3067 2987 et
3113 2932 3426 2988 crediderit.
3469 2931 3589 2987 Huc

2017 3027 2164 3081 enim
2210 3033 2323 3079 tota
2382 3023 2588 3079 rediret
2645 3023 2761 3078 haec
2804 3023 3190 3078 ratiocinatio:
3223 3022 3590 3089 Quemadmo-

336 3111 608 3167 Basilium
654 3111 1146 3166 consubstantialis
1196 3110 1336 3167 Filio
1363 3111 1497 3175 dici,
1537 3112 1646 3166 nisi
1691 3128 1817 3167 eum
1847 3128 1910 3167 ex
1938 3132 1983 3188 ο
2020 3116 2148 3167 dum
2179 3112 2350 3167 Filius
2377 3114 2468 3182 qui
2499 3129 2529 3166 a
2560 3110 2720 3166 Patre
2746 3127 2869 3167 esse
2906 3112 3091 3176 habet,
3112 3113 3306 3166 ordine
3330 3120 3384 3167 et
3402 3112 3586 3181 digni-

337 3201 481 3258 Filio
516 3203 783 3273 originem
826 3203 1027 3257 habere
1073 3210 1373 3259 constaret.
1408 3202 1671 3273 Equidem
1703 3204 1802 3257 hoc
1834 3212 1915 3259 te-

338 3295 662 3350 stimonium
702 3294 867 3363 paulo
906 3295 1064 3349 aliter
1094 3295 1489 3364 interpretatus
1510 3311 1630 3351 sum
1663 3311 1727 3349 ac
1758 3295 1917 3350 Peta-

338 3388 494 3453 vius;
523 3385 621 3441 sed
649 3386 785 3439 nihil
810 3385 879 3441 de
904 3387 1210 3456 argumenti
1240 3384 1483 3456 pondere
1506 3386 1739 3441 decedit.
1770 3385 1829 3439 In
1851 3401 1914 3441 ea

338 3479 508 3542 enim,
543 3494 712 3548 quam
758 3477 902 3532 intra
950 3478 1195 3545 afferam,
1248 3478 1707 3547 interpretatione
1754 3487 1916 3548 negat

338 3565 575 3622 Basilius
616 3583 681 3621 ea
728 3576 941 3622 tantum
973 3566 1206 3623 dicenda
1242 3566 1757 3630 consubstantialia,
1793 3582 1915 3636 quas

338 3661 583 3717 fraterna
632 3670 891 3717 tenentur
938 3662 1284 3732 cognatione,
1332 3667 1393 3714 ιιι
1436 3660 1685 3715 nonnulli
1729 3661 1918 3715 evisti-

337 3752 599 3815 mabant;
653 3752 751 3807 sed
792 3759 925 3806 tunc
971 3753 1136 3806 etiam
1189 3752 1329 3806 hanc
1375 3766 1565 3806 vocem
1614 3765 1916 3819 congruere

336 3842 646 3905 contendit,
687 3857 805 3895 cum
834 3858 1000 3895 causa
1026 3851 1075 3895 et
1104 3841 1157 3894 id
1187 3841 1324 3911 quod
1358 3857 1425 3896 ex
1454 3857 1621 3895 causa
1656 3842 1913 3895 exsistan-

335 3939 471 3991 tiam
490 3937 665 4005 habet,
693 3936 927 4007 ejusdem
948 3946 1072 3991 sunt
1103 3946 1333 3993 naturaz.
1372 3936 1451 3991 Ex
1489 3953 1598 4006 quo
1636 3945 1781 4005 patet
1813 3935 1914 3989 lia-

336 4027 524 4081 silium
556 4028 701 4081 inter
723 4034 778 4080 et
818 4026 1162 4081 adversarios
1211 4026 1560 4091 convenisse,
1616 4026 1811 4080 Filium
1846 4041 1913 4080 ex

333 4116 521 4185 Patre,
559 4119 824 4187 Spiritum
846 4133 911 4172 ex
941 4115 1107 4172 Patre
1126 4125 1181 4171 et
1212 4116 1350 4171 Filio
1393 4117 1766 4172 exsistentiam
1814 4117 1912 4170 ha-

337 4210 492 4273 bere,
519 4207 877 4278 ejusdemque
901 4223 1025 4275 esse
1053 4217 1284 4271 naturae,
1314 4208 1409 4263 sed
1429 4209 1539 4274 isti,
1580 4223 1897 4277 quanquam

336 4309 495 4355 erant
521 4300 809 4366 Catholici,
831 4315 931 4355 nec
954 4298 1148 4354 Filium
1184 4298 1353 4363 Patri,
1379 4314 1481 4354 nec
1505 4299 1770 4369 Spiritum
1810 4297 1911 4351 Pa-

335 4393 407 4446 tri
430 4399 486 4446 et
516 4390 660 4445 Filio
695 4392 1220 4447 consubstantialem
1249 4390 1433 4445 dicere
1461 4390 1736 4456 volebant,
1778 4390 1908 4459 quia

2018 3213 2127 3259 tate
2158 3204 2337 3264 minor
2365 3210 2450 3258 est
2481 3201 2662 3265 Patre,
2716 3217 2826 3257 non
2850 3209 3033 3258 tamen
3075 3211 3313 3269 natura;
3360 3203 3441 3258 sic
3466 3203 3590 3273 Spi-

2016 3299 2176 3359 ritus,
2217 3296 2311 3365 qui
2342 3311 2373 3349 a
2402 3294 2543 3349 Filio
2576 3311 2697 3350 esse
2725 3310 2836 3350 non
2858 3295 3040 3359 habet,
3097 3296 3290 3350 ordine
3319 3307 3375 3350 et
3403 3296 3589 3366 digni-

2016 3398 2125 3443 tate
2150 3389 2332 3442 minor
2363 3394 2446 3442 est
2467 3386 2626 3450 Filio,
2655 3402 2764 3441 non
2810 3392 3028 3440 natura.
3076 3386 3200 3452 Quo
3239 3387 3367 3456 quid
3394 3390 3591 3443 absur-

2014 3481 2139 3535 dius
2171 3477 2788 3549 lingipotest?Necesse
2817 3485 2902 3532 est
2953 3493 3084 3546 ergo
3133 3486 3193 3531 ut
3247 3493 3434 3544 causa,
3489 3494 3590 3532 cur

2016 3569 2254 3638 Spiritus
2281 3569 2474 3623 ordine
2511 3576 2566 3623 et
2591 3568 2855 3637 dignitate
2891 3567 3084 3623 tertius
3117 3569 3209 3631 sit,
3260 3567 3306 3622 si
3347 3570 3528 3623 minus
3556 3584 3591 3625 a

2013 3662 2218 3714 Basilio
2259 3661 2441 3716 verbis
2492 3674 2774 3728 expressa,
2820 3660 3015 3714 saltem
3072 3659 3222 3714 illius
3263 3659 3447 3714 animo
3490 3660 3590 3715 ob-

1997 3752 2231 3801 ‘vcrsata
2268 3747 2357 3803 sit.
2387 3746 2492 3801 Sed
2530 3747 2695 3815 hujus
2729 3761 2931 3807 causae,
2978 3755 3036 3800 ut
3056 3746 3169 3816 jam
3210 3747 3344 3810 dixi,
3387 3762 3588 3802 conce-

2013 3835 2123 3904 ptis
2160 3834 2340 3888 verbis
2395 3833 2681 3888 ell‘erenda:
2713 3834 3098 3888 necessitatem
3134 3834 3446 3903 imponebat
3480 3832 3589 3887 Eu-

2014 3928 2184 3982 nomii
2210 3927 2454 3996 perfidia,
2485 3926 2581 3995 qui
2603 3924 2708 3979 hoc
2745 3924 3077 3993 principium
3121 3924 3178 3977 in
3218 3924 3589 3979 alienissimos

2015 4035 2211 4076 sensus
2242 4018 2509 4087 rapiebat,
2558 4023 2614 4071 et
2644 4014 2908 4085 Spiritum
2955 4022 3152 4067 natura
3199 4014 3419 4067 tertium
3465 4030 3589 4069 esse

2014 4109 2141 4163 inde
2170 4108 2480 4178 colligebat.
2515 4105 2672 4160 Unde
2704 4105 2939 4161 Basilius
2990 4105 3047 4158 in
3078 4103 3218 4158 libro
3262 4104 3340 4158 De
3381 4104 3591 4174 Spiritu

2013 4212 2219 4266 sancto,
2256 4217 2379 4272 cap.
2413 4200 2469 4265 6,
2506 4198 2707 4253 Filium
2752 4209 2916 4270 negat
2951 4197 3268 4253 inferiorem
3297 4197 3584 4270 dignitate,

2013 4314 2078 4353 ac
2110 4312 2337 4367 prorsus
2371 4294 2634 4364 aequalem
2668 4307 2791 4348 esse
2822 4291 3126 4347 contendit.

2082 4388 2173 4443 1V.
2203 4387 2286 4441 Ad
2319 4394 2397 4440 tot
2421 4393 2475 4440 et
2510 4391 2656 4440 tanta
2669 4384 2942 4438 rationum
2965 4389 3259 4445 momenta,
3284 4398 3405 4452 qua:
3422 4381 3587 4437 etiam

334 4486 628 4539 videbatur
659 4484 740 4539 eis
763 4484 854 4537 illa
881 4500 984 4537 vox
1008 4483 1189 4537 minus
1230 4483 1545 4547 convenire,
1584 4500 1703 4536 cum
1742 4500 1907 4538 causa
1942 4472 1988 4529 ι)
2018 4481 2135 4536 sine
2160 4478 2444 4533 codicibus
2473 4491 2606 4531 mss.
2645 4476 2911 4541 valerent,
2935 4474 3414 4530 acceditcodicum
3445 4489 3584 4530 mss.

335 4588 387 4631 et
413 4576 467 4629 id
492 4575 632 4645 quod
660 4590 728 4629 ea:
749 4592 912 4630 causa
933 4576 1294 4630 exsistentiam
1320 4574 1493 4642 habet,
1516 4574 1751 4644 ejusdem
1774 4584 1900 4630 sunt

337 4680 567 4721 nature.

409 4759 470 4813 In
491 4758 678 4813 eadem
704 4758 932 4829 epistola
954 4757 1188 4815 Basilius
1220 4766 1474 4815 sanctum
1515 4768 1571 4815 et
1600 4761 1895 4816 inviolabi-

340 4852 444 4907 lem
468 4868 592 4907 esse
612 4853 891 4907 contendit
928 4852 1173 4907 ordinem
1217 4869 1599 4923 personarum,
1646 4876 1796 4929 quem
1846 4860 1903 4912 in

342 4943 623 5013 Evangelia
648 4944 933 4999 didicimus
957 4963 989 4998 a
1019 4944 1240 4998 Domino
1269 4946 1470 5000 dicente
1497 4962 1515 5000 :
1552 4968 1570 5000 ι
1598 4948 1794 5005 Euntes
1820 4951 1906 5005 ba-

336 5037 535 5103 ptizata
568 5036 620 5087 in
639 5037 846 5088 nomine
875 5034 1057 5087 Patris
1083 5044 1130 5088 et
1157 5031 1287 5097 Filii
1300 5043 1348 5088 et
1379 5036 1610 5103 Spiritus
1627 5039 1806 5090 sancti
1824 5039 1898 5092 θ.»

342 5125 484 5178 ldem
517 5125 679 5179 docet
712 5128 768 5177 in
801 5140 889 5193 ep.
934 5125 1057 5187 19.5,
1092 5142 1145 5177 ιι.
1180 5126 1231 5178 5.
1287 5125 1479 5191 Qualis
1533 5128 1605 5180 sit
1652 5129 1740 5183 ille
1773 5131 1908 5183 ordo

343 5231 723 5283 personarum,
766 5216 1125 5285 perspicimus
1163 5233 1227 5271 ex
1268 5218 1361 5272 lib.
1400 5235 1415 5271 t
1455 5220 1512 5271 in
1554 5218 1895 5286 Eunomium,

342 5307 433 5360 ubi
458 5309 533 5361 sic
560 5309 802 5377 loquitur
836 5327 849 5361 :
888 5306 1001 5361 Nos
1048 5321 1241 5374 autem,
1302 5311 1478 5378 inquit
1509 5313 1581 5380 (p.
1628 5312 1778 5385 252),
1817 5331 1900 5367 se-

338 5396 566 5450 cundum
622 5398 930 5451 relationem
979 5416 1261 5453 causarum
1304 5400 1372 5453 ad
1416 5418 1479 5454 ea
1521 5419 1634 5472 qua:
1669 5420 1733 5457 ex
1771 5406 1902 5472 ipsis

338 5500 484 5550 sunt,
522 5487 736 5543 Patrem
778 5490 917 5543 Filio
956 5493 1188 5558 prmponi
1221 5492 1469 5547 dicimus.
1526 5494 1668 5550 Idem
1711 5506 1893 5553 autem

334 5581 409 5637 de
434 5591 627 5636 sancto
656 5580 861 5652 Spiritu
895 5583 1184 5638 dicendum
1216 5584 1718 5646 demonstrantth
1744 5591 1906 5647 verba

407 5736 431 5768 ⁸
459 5732 622 5793 Joan.
649 5752 779 5805 xvtt,
817 5739 899 5794 t0.
944 5722 996 5772 ὀ
1031 5736 1221 5794 Matth.
1258 5755 1459 5805 xxviii,
1503 5740 1589 5797 19.

2013 4573 2333 4636 auctoritas,
2358 4585 2467 4625 non
2488 4585 2682 4626 eorum
2712 4570 2953 4641 quidem,
2989 4569 3082 4639 qui
3109 4584 3257 4623 nunc
3292 4568 3345 4622 in
3388 4567 3588 4622 biblioo

2011 4669 2186 4724 thecis
2205 4666 2414 4723 nostris
2443 4669 2686 4727 exstant,
2720 4659 2818 4716 sed
2849 4674 3040 4714 eorum
3086 4673 3228 4729 quos
3260 4657 3391 4711 olim
3419 4657 3588 4711 exsti-

2013 4761 2149 4815 tisse
2188 4757 2515 4813 certissimis
2567 4751 2941 4809 monumentis
2977 4748 3383 4820 cognoscimus.
3427 4745 3586 4816 Hugo

2012 4850 2362 4911 Etherianus,
2392 4845 2575 4901 saeculi
2611 4843 2920 4900 duodecitni
2964 4842 3222 4909 scriptor,
3258 4833 3349 4907 qui
3382 4844 3495 4893 tres
3521 4838 3590 4890 li-

2017 4943 2147 4997 bros
2181 4941 2246 4995 ad
2281 4939 2600 4993 Latinorum
2640 4936 3013 4990 defensionem
3056 4930 3369 4984 Alexandro
3421 4930 3587 4982 tertio

2016 5033 2352 5102 nuncupavit
2377 5046 2521 5084 anno
2559 5030 2712 5090 “77,
2746 5029 2877 5082 citat
2907 5026 2960 5078 in
2997 5022 3240 5078 secundo
3276 5021 3435 5085 libro,
3459 5035 3584 5089 cap.

2018 5126 2106 5189 19,
2134 5125 2263 5179 illud
2294 5124 2473 5177 Basilii
2504 5124 2566 5175 de
2600 5119 2808 5189 Spiritu
2839 5117 3065 5179 dictum,
3098 5130 3129 5165 a
3162 5111 3301 5166 Filio
3331 5128 3444 5165 esse
3479 5112 3586 5164 Im-

2018 5223 2160 5274 bens.
2197 5219 2253 5271 ln
2283 5217 2421 5271 libro
2454 5215 2639 5273 tertio,
2673 5227 2794 5280 cap.
2840 5208 2925 5269 12,
2964 5221 3186 5261 sensum
3221 5205 3395 5274 magis
3419 5218 3586 5273 quam

2016 5313 2180 5367 verba
2212 5311 2394 5365 refert.
2430 5311 2497 5361 At
2521 5309 2574 5360 in
2604 5321 2724 5374 cap.
2768 5300 3108 5369 l5cjusdem
3146 5299 3268 5351 libri
3290 5299 3466 5351 locum
3504 5296 3588 5348 ἰιι-

2016 5415 2228 5474 tegrutn
2272 5401 2438 5455 refert
2462 5402 2577 5454 sine
2619 5393 3005 5451 additatneutis
3048 5390 3447 5445 dubitationem
3482 5385 3588 5439 Ba-

2016 5499 2140 5555 silio
2168 5495 2567 5565 allii-gentibus,
2592 5507 2702 5545 non
2750 5505 2883 5545 vero
2916 5490 3035 5544 sine
3082 5485 3284 5555 insigni
3318 5484 3407 5536 illa
3458 5494 3588 5535 sen-

2016 5594 2205 5660 tentia,
2235 5605 2356 5661 quae
2391 5588 2657 5657 Spiritum
2689 5598 2719 5638 a
2746 5581 2888 5638 Filio
2921 5595 3047 5636 esse
3069 5579 3271 5634 habere
3317 5573 3585 5631 declarat.
