3972 6218
339 328 413 387 59
1810 316 2198 379 ramento.
3533 306 3606 364 to
3663 267 3669 270 ’

342 445 522 516 Atque
575 443 691 499 haec
732 440 1067 498 Etherianus
1117 440 1323 505 laudat,
1375 448 1437 494 ut
1484 438 1710 493 minime
1757 438 1923 495 dubia
1953 443 2001 500 Α
2028 452 2192 506 quam
2221 436 2277 491 in
2309 442 2571 492 contextu
2604 434 2789 491 Basilii
2815 439 3109 495 attentare,
3146 445 3215 485 an
3237 443 3376 500 quos
3410 433 3602 498 postea

344 537 676 606 minimeque
708 541 1089 590 controversa.
1134 530 1247 586 Nec
1279 528 1496 585 Nicetas
1541 527 1927 591 Maroniensis,

345 629 442 700 qui
471 627 826 683 Etherianum
857 624 1048 680 eodem
1100 624 1302 678 saeculo
1347 621 1708 692 oppugnavit,
1758 620 1928 673 ullam

346 721 477 778 huic
509 719 826 777 testimonio
863 717 1232 788 suspicionem
1267 714 1390 770 falsi
1435 714 1665 784 injicere
1697 721 1931 767 conatus

345 822 452 880 est,
484 821 542 869 ut
563 813 828 869 discimus
858 819 971 865 tum
995 825 1060 864 ex
1080 808 1420 867 Bessan-ioue,
1443 806 1536 875 qui
1564 820 1623 859 se
1647 804 1749 857 hoc
1781 802 1936 858 testi-

346 907 590 962 monium
647 906 701 960 in
746 904 888 959 libro
943 901 1143 957 Nicetae
1184 898 1388 953 vidisse
1433 896 1931 967 testaturtS);tum

347 997 588 1053 maxime
615 1012 682 1052 ex
716 995 893 1049 Leone
932 993 1155 1056 Allatio,
1202 990 1299 1062 qui
1331 990 1436 1044 hoc
1479 989 1855 1043 testimonium
1899 1001 1931 1040 a

345 1086 634 1155 Niceta,ut
665 1088 957 1156 integrum,
984 1091 1298 1154 susceptum
1336 1082 1506 1136 fuisse
1537 1077 1930 1149 asscvcrat(9).

344 1177 539 1251 Neque
574 1180 737 1234 etiam
767 1177 1078 1240 codicibus,
1114 1174 1318 1245 quibus
1363 1172 1566 1228 saeculo
1607 1170 1931 1226 duodecimo

349 1270 604 1325 utebatur
636 1267 964 1340 Euthymius
995 1266 1326 1337 Zigabenus,
1354 1264 1571 1318 inerant
1614 1262 1802 1333 spuria
1832 1260 1931 1315 ad-

349 1362 672 1416 ditamenta.
711 1359 762 1416 ls
806 1361 951 1416 enim
983 1360 1039 1413 in
1092 1355 1363 1426 Panoptia
1391 1362 1624 1409 testatur
1668 1352 1930 1407 Basilium

351 1469 466 1509 non
500 1454 803 1517 dubitasse,
839 1468 909 1505 an
954 1451 1187 1520 Spiritus
1239 1459 1459 1503 sanctus
1486 1456 1619 1503 esset
1655 1447 1839 1501 ordine
1881 1453 1934 1501 et

350 1546 609 1617 dignitate
639 1546 902 1614 posterior
933 1542 981 1596 F
985 1543 1100 1597 ilio.

422 1635 637 1692 Saeculo
661 1635 876 1691 decimo
904 1635 1072 1688 tertio
1106 1631 1327 1702 prodire
1353 1638 1641 1700 cmperunt
1674 1628 1927 1683 nonnulli

351 1731 593 1795 codices,
645 1731 702 1785 in
730 1729 934 1800 quibus
965 1727 1158 1782 deerat
1193 1724 1569 1781 testimonium
1613 1721 1819 1776 Graecis
1848 1722 1932 1776 in-

2035 529 2199 583 iidem
2239 527 2414 584 Graeci
2446 528 2500 582 in
2543 530 2662 598 ipso
2698 526 3072 583 contentionis
3116 530 3255 578 aestu
3300 519 3600 592 protulere,

2032 637 2157 677 cum
2186 622 2321 675 nihil
2347 621 2414 675 ad
2451 634 2632 675 causae
2651 635 2764 674 sua:
2785 618 3158 673 defensionem
3181 628 3290 667 non
3316 612 3601 666 auderent.

2033 712 2214 779 Quare
2262 727 2476 777 eorum,
2525 712 2616 781 qui
2674 709 2732 766 S.
2787 709 2973 765 Basilii
3027 705 3289 778 operibus
3326 704 3382 758 in
3427 702 3605 756 lucem

2032 806 2258 861 edendis
2314 806 2669 874 praefuerunt,
2695 804 2911 859 videtur
2952 805 3009 856 in
3046 815 3112 856 eo
3162 794 3488 868 requirenda
3521 793 3606 848 di-

2034 895 2275 964 ligentia,
2307 898 2452 966 quod
2487 895 2635 948 nulla
2665 908 2893 963 prorsus
2932 889 3123 952 editio,
3172 887 3220 943 si
3253 894 3434 940 tamen
3460 881 3605 937 excid

2033 995 2152 1063 pias
2169 989 2518 1060 Trapezuntii
2532 987 2779 1041 Latinam
2798 980 3325 1053 interpretationem,
3341 976 3601 1033 eximium

2034 1087 2103 1142 de
2133 1085 2370 1155 Spiritus
2407 1081 2585 1138 sancti
2616 1077 2976 1150 processione
2998 1070 3377 1128 testimonium
3404 1067 3459 1121 in
3482 1064 3599 1121 avi-

2031 1186 2144 1233 tam
2172 1176 2356 1231 sedem
2391 1169 2715 1234 restituerit,
2773 1182 2841 1223 ac
2873 1179 3060 1222 navos
3085 1164 3154 1219 de
3196 1158 3473 1216 industria
3519 1156 3604 1210 in-

2004 1271 2208 1343 -jectos
2235 1265 2581 1337 expunxerit.

2750 1370 2888 1445 5v.

2034 1494 2079 1547 Ι.
2119 1490 2311 1546 Utrum
2353 1490 2415 1545 S.
2463 1488 2701 1544 Basilius
2749 1503 2812 1541 ea
2858 1491 3065 1538 tantum
3125 1473 3603 1535 consubstantiaiia

2105 1561 2404 1626 crediderit,
2431 1575 2655 1629 quorum
2689 1557 2914 1611 alterum
2943 1570 3008 1608 ea:
3032 1553 3199 1629 altero
3225 1550 3476 1629 originem
3505 1546 3604 1597 lia-

2106 1632 2209 1687 bet.
2242 1631 2309 1684 Il.
2346 1626 2536 1684 Utrum
2591 1628 2846 1682 mundum
2887 1626 3131 1695 temporis
3164 1626 3422 1676 momento
3455 1630 3604 1669 crea-

2108 1714 2221 1757 tum
2248 1702 2546 1756 crediderit.

352 1824 723 1887 commodum,
763 1821 1137 1877 additamenta
1182 1835 1307 1874 cum
1362 1818 1469 1874 illis
1527 1817 1783 1872 facientia
1824 1832 1931 1871 non
1963 1794 2008 1850 Β
2103 1817 2146 1871 Ι.
2177 1815 2296 1871 .Iam
2323 1812 2740 1870 observavimus
2770 1816 3150 1881 argumentum
3184 1819 3295 1860 non
3324 1802 3444 1857 leve
3476 1812 3606 1871 pro-

351 1917 599 1972 deerant.
635 1915 743 1971 Sed
779 1916 941 1970 velim
966 1914 1244 1969 laudatam
1282 1911 1732 1968 dissertationein
1777 1909 1931 1964 evol-

349 2020 503 2078 vant,
532 2011 627 2080 qui
666 2008 812 2064 scire
851 2015 1033 2072 avent,
1091 2008 1372 2076 quomodo
1424 2004 1657 2070 Beccus,
1704 2003 1935 2074 ejusque

351 2100 463 2156 duo
491 2102 720 2156 comites
747 2108 802 2155 et
836 2098 1235 2162 archidiaconi,
1266 2096 1674 2152 Constantinus
1727 2095 1934 2151 Melite;

350 2193 551 2257 niotes,
585 2205 639 2247 et
656 2191 926 2263 Georgius
957 2189 1247 2246 Metochita
1271 2190 1374 2243 hos
1404 2186 1627 2244 codices
1653 2197 1709 2242 et
1738 2202 1932 2242 recen-

351 2289 437 2337 tes
467 2297 592 2338 esse
627 2287 683 2337 et
712 2294 1024 2352 perpaucos
1061 2288 1118 2335 et
1151 2280 1220 2334 ab
1243 2279 1366 2334 aliis
1400 2279 1561 2349 longe
1602 2278 1936 2348 antiquiori-

351 2371 463 2429 bus‘
480 2371 686 2442 ubique
714 2379 990 2426 terrarum
1039 2369 1306 2440 dispersis
1339 2367 1515 2423 refelli
1567 2368 1934 2424 ostenderint.

351 2461 613 2518 Eamdem
650 2476 879 2519 causam
923 2468 1149 2517 strenue
1197 2458 1562 2515 defenderunt
1609 2459 1813 2514 saeculo
1841 2460 1935 2514 de-

352 2553 498 2611 cimo
521 2561 721 2626 quarto
752 2554 865 2608 duo
898 2552 991 2606 alii
1026 2553 1168 2607 inter
1199 2548 1421 2606 Graecos
1448 2550 1759 2606 doctissimi
1796 2550 1935 2606 scri-

354 2656 562 2718 ptores,
597 2645 913 2701 Demetrius
940 2641 1226 2713 Cydonius
1258 2649 1313 2695 et
1344 2639 1558 2695 Manuel
1587 2639 1837 2694 Caleeas.
1874 2637 1934 2694 In

356 2737 596 2793 concilio
622 2743 805 2791 autem
850 2733 1173 2791 Florentino
1221 2749 1317 2790 sex
1363 2732 1592 2803 prolatis
1626 2731 1932 2798 codicibus,

356 2844 502 2884 unus
558 2835 773 2884 tantum
820 2842 1164 2900 papyraceus
1213 2827 1421 2882 Graecis
1473 2823 1629 2889 favit,
1691 2824 1935 2895 quinque

356 2922 449 2976 alii
474 2920 722 2989 Latinis;
755 2935 992 2991 quorum
1017 2921 1270 2977 codicum
1297 2927 1537 2990 quatuor
1562 2919 1619 2972 in
1654 2921 1931 2973 membra-

356 3014 446 3069 nis
487 3012 683 3085 scripti
727 3018 908 3068 erant.
951 3011 1086 3069 Cum
1125 3021 1308 3066 autem
1366 3011 1422 3065 in
1468 3010 1657 3065 eodem
1699 3010 1934 3065 concilio

356 3107 575 3164 Marcus
623 3105 898 3178 Ephesius
951 3105 1286 3172 dictitasset,
1325 3120 1385 3160 se
1424 3105 1569 3160 scire
1607 3104 1777 3158 libros
1809 3118 1932 3158 esse
1959 3139 2003 3199 α

357 3200 502 3270 apud
529 3198 1062 3270 Constantinopolim
1080 3213 1245 3269 supra
1280 3198 1450 3260 mille,
1483 3197 1536 3250 in
1566 3197 1765 3266 quibus
1785 3195 1934 3251 Crte-

358 3305 548 3346 corum
574 3290 737 3346 lectio
763 3291 1176 3358 contineretur;
1202 3289 1549 3344 mendacium
1575 3289 1725 3345 illius
1757 3289 1935 3344 oculis

359 3383 480 3439 suis
501 3397 569 3438 ae
602 3383 856 3439 manibus
880 3382 1299 3453 comprehendit
1328 3366 1755 3451 Bessarion.qui
1784 3380 1934 3436 Con-

315 3519 318 3522 .
360 3473 1082 3543 stantinopolimreversus,
1135 3481 1195 3527 ut
1236 3473 1354 3544 ipse
1406 3479 1641 3528 testatur
1674 3474 1728 3527 in
1770 3475 1933 3542 epist.

360 3554 713 3619 ad'Alexium
740 3562 1043 3628 Lascarim,
1068 3566 1327 3620 omnibus
1359 3564 1623 3634 inspectis
1648 3565 1938 3620 bibliothe-

359 3655 466 3722 cis,
505 3655 799 3710 lectionem
833 3655 1465 3710 Graacisineommodam
1514 3657 1667 3711 nullo
1706 3671 1936 3726 prorsus

361 3747 418 3801 in
446 3744 634 3802 codice
664 3745 871 3799 recenti
901 3759 967 3799 ac
1011 3753 1133 3816 post
1161 3744 1560 3801 dissensionem
1610 3747 1818 3816 scripto
1849 3762 1937 3803 re-

362 3835 533 3907 perit;
567 3842 624 3889 at
650 3836 706 3889 in
730 3834 856 3889 aliis
904 3848 1015 3889 non
1064 3834 1418 3903 paucioribus
1463 3848 1528 3888 ae
1585 3834 1746 3905 longe
1790 3835 1936 3889 anti-

361 3926 646 3997 quioribus
690 3925 913 3995 reperit.
944 3924 1002 3979 In
1032 3925 1225 3995 primis
1255 3933 1434 3980 autem
1467 3925 1822 3980 memorabile
1849 3933 1934 3981 est

361 4018 508 4088 quod
535 4017 603 4074 de
652 4017 866 4073 duobus
918 4016 1206 4073 codicibus
1256 4016 1313 4071 in
1354 4018 1694 4073 monasterio
1728 4016 1936 4074 Christi

364 4111 662 4167 Salvatoris
695 4109 1042 4181 Pantepoptae
1082 4124 1114 4164 a
1144 4126 1205 4166 se
1255 4108 1491 4165 inventis
1528 4119 1749 4179 narrat;
1795 4127 1936 4182 quo-

362 4215 485 4254 rum
514 4199 571 4253 in
604 4200 776 4254 altero
802 4199 1188 4271 antiquissimo
1210 4208 1266 4256 et
1286 4202 1705 4259 membranaceo
1729 4203 1934 4259 veritas

360 4294 562 4349 violata
586 4293 782 4355 fuerat,
811 4293 989 4363 spatio
1013 4309 1189 4350 vacuo
1223 4296 1405 4352 adhuc
1435 4297 1930 4366 facinustestante;

360 4383 416 4437 in
443 4383 615 4438 altero
666 4389 846 4436 autem
881 4397 1122 4454 papyreo
1168 4390 1223 4439 et
1254 4395 1383 4441 ante
1431 4402 1607 4443 annos
1657 4395 1932 4443 trecentos

2035 1909 2302 1965 cessionis
2349 1905 2591 1978 Spiritus
2619 1902 2798 1959 sancti
2836 1918 2903 1957 ex
2931 1899 3071 1953 Filio
3117 1894 3344 1967 reperiri
3388 1894 3443 1947 iu
3485 1890 3605 1960 epi-

2035 2003 2175 2058 stola
2208 2001 2278 2056 52
2311 1999 2368 2054 S.
2402 1998 2589 2054 Basilii
2617 1996 2682 2051 ad
2714 1992 3028 2050 canonicas.
3057 1989 3164 2046 Sed
3192 1988 3320 2058 quia
3345 1985 3488 2040 idem
3513 1984 3606 2037 ille

2034 2101 2192 2156 locus
2240 2097 2517 2168 negotium
2566 2094 2788 2149 facessit
2819 2086 3155 2165 doctissimis
3180 2081 3466 2152 theologis,
3503 2077 3605 2131 ali-

2034 2193 2165 2265 quid
2199 2206 2381 2262 Operae
2405 2186 2790 2244 insumendum
2823 2185 2880 2239 in
2910 2198 2978 2238 eo
3005 2177 3348 2251 explicando.
3375 2172 3604 2228 Videtur

2034 2287 2180 2342 enim
2213 2300 2278 2340 ea
2313 2284 2432 2339 sola
2469 2281 2784 2337 existimare
2821 2271 3331 2333 consubstantialia,
3371 2279 3604 2337 quorum

2035 2395 2205 2435 unum
2238 2377 2307 2431 ab
2335 2378 2506 2430 altero
2536 2372 2804 2443 originem
2836 2368 3065 2439 accepit.
3101 2364 3193 2419 Sic
3219 2372 3399 2418 autem
3429 2359 3605 2429 loqui-

2036 2479 2127 2523 tur
2149 2484 2271 2539 pag.
2307 2466 2428 2529 145,
2461 2482 2518 2519 ιι.
2545 2463 2582 2517 2
2606 2482 2621 2517 2
2652 2462 2728 2515 Οὐ
2757 2458 2866 2529 γὰρ
2886 2457 2957 2511 τὰ
2979 2453 3179 2522 ἀδελφὰ
3206 2448 3451 2520 ἀλλήλοις
3477 2448 3607 2539 epod

2032 2561 2193 2615 οὐσια
2220 2560 2458 2627 λέγεται,
2486 2556 2621 2626 ὅπερ
2645 2552 2788 2615 τινὲς
2817 2548 3194 2620 ὑπειλήφασιν
3223 2541 3337 2596 ἀλλ’
3358 2541 3484 2593 ὅταν
3509 2534 3605 2590 καὶ

2034 2654 2094 2707 τὸ
2122 2625 2416 2706 αἴτιονήκαὶ
2447 2648 2507 2700 τὸ
2539 2625 2605 2699 ἐπέ
2632 2643 2725 2698 τοῦ
2748 2640 2919 2696 αἰτίου
2951 2640 3049 2709 τὴν
3080 2633 3312 2706 ὓπαρξιν
3342 2629 3485 2700 ἔχον,
3504 2625 3602 2696 τῆς

2034 2746 2204 2816 αὐτῆς
2236 2743 2457 2814 ὑπάρχῃ
2490 2738 2722 2808 φύσεως,
2753 2731 3013 2805 ὁμοούσια
3048 2720 3282 2795 λέγεται·
3322 2720 3447 2776 Νοη
3464 2719 3605 2773 enim

2035 2815 2408 2907 quwrfratrum
2430 2832 2567 2883 inter
2597 2842 2650 2881 se
2680 2825 2939 2878 rationem
2966 2818 3176 2882 habent,
3206 2815 3455 2869 dicuntur
3475 2826 3605 2864 εοηδ

2036 2903 2438 2987 substantialia,
2467 2923 2520 2975 id
2555 2917 2693 2990 quod
2726 2915 2943 2987 quidam
2972 2911 3307 2971 existimant;
3353 2903 3442 2960 sed
3485 2912 3604 2990 eum

2034 3034 2199 3073 causa
2219 3025 2268 3070 et
2291 3013 2346 3068 id
2367 3010 2504 3083 quod
2523 2989 2587 3065 ea:
2615 3023 2776 3061 causa
2802 3000 3167 3059 exsislentiam
3186 2989 3605 3062 habet,ejusdent

2035 3119 2156 3165 sunt
2178 3081 2404 3169 naturai,
2429 3096 2904 3157 consubstantiaiia
2933 3094 3200 3147 dicuntur.
3222 3086 3408 3143 Basilii
3437 3081 3606 3137 verba

2036 3204 2117 3260 sie
2144 3201 2380 3271 explicat
2419 3195 2669 3250 Petavius
2699 3191 2811 3261 (10)
2853 3201 2979 3242 cum
3022 3184 3240 3245 Caleca,
3283 3176 3606 3234 Bessarione

2033 3305 2087 3352 et
2116 3267 2389 3349 Demetrio
2423 3287 2668 3359 Cydone,
2720 3292 2777 3338 ut
2806 3283 2961 3337 illum
3003 3292 3067 3333 ea
3110 3274 3329 3347 proprie
3369 3267 3607 3359 consub-

2035 3381 2311 3440 s‘tautialia
2335 3358 2520 3434 dicere
2548 3373 2850 3436 existimet,
2878 3383 3000 3440 quae
3026 3364 3255 3436 originis
3284 3358 3608 3416 habitudine

2028 3475 2371 3547 junguntur;
2413 3477 2608 3523 caetera
2642 3477 2772 3519 vero
2804 3461 2986 3516 minus
3023 3456 3262 3528 proprie,
3309 3460 3369 3508 ut
3409 3448 3604 3504 Petrus

2033 3546 2089 3624 et
2118 3565 2340 3619 Paulus.
2375 3560 2480 3616 Sed
2516 3559 2562 3614 si
2597 3555 2654 3611 S.
2687 3554 2869 3609 Patris
2903 3551 3072 3606 verba
3107 3546 3483 3618 expendantur
3513 3556 3605 3595 ac-

2034 3657 2303 3718 curatius,
2327 3668 2439 3708 non
2469 3650 2684 3705 videtur
2714 3646 2819 3700 lioe
2839 3644 2963 3699 loco
2987 3640 3042 3696 id
3072 3652 3290 3709 negare,
3319 3636 3462 3708 quod
3488 3634 3610 3702 ipse

2035 3751 2317 3820 conceptis
2348 3746 2533 3803 verbis
2570 3747 2851 3796 asseverat
2898 3738 2953 3791 in
3001 3734 3165 3805 epist.
3212 3732 3304 3795 38,
3352 3728 3606 3783 homines

2035 3857 2160 3898 esse
2191 3842 2335 3895 inter
2363 3853 2423 3893 se
2452 3830 2984 3895 consubstantiales;
3020 3826 3115 3882 sed
3147 3839 3243 3879 eos
3277 3828 3486 3876 tantum
3519 3833 3606 3872 re-

2036 3934 2193 3997 fellit,
2221 3931 2316 4002 qui
2347 3923 2835 3984 consubstantialis
2877 3920 3156 3976 notionem
3186 3915 3350 3970 rebus
3382 3913 3524 3966 inter
3545 3920 3608 3964 se’

2036 4026 2275 4080 fraterna
2301 4020 2626 4091 cognatione
2643 4014 2852 4084 junctis
2873 4013 2946 4066 ita
2970 4009 3187 4081 proprie
3211 4004 3605 4067 attribuebant,

2036 4124 2098 4171 ut
2125 4115 2328 4169 divinis
2362 4109 2538 4182 aptari
2568 4123 2678 4161 non
2714 4110 2919 4175 posset.

2106 4209 2161 4262 1⁸
2190 4206 2413 4261 Fatetur
2471 4202 2708 4256 Basilius
2759 4191 3248 4253 consubstantialis
3300 4188 3605 4246 notionem,

2035 4299 2214 4371 qualis
2242 4295 2617 4366 exponebatur
2649 4291 2718 4345 ab
2747 4287 3099 4350 adversariis,
3141 4286 3321 4339 locum
3364 4281 3607 4349 aliquem

2036 4393 2237 4447 habere
2274 4390 2328 4444 in
2368 4403 2477 4443 aere
2508 4392 2562 4441 ct
2594 4382 2844 4439 conflatis
2895 4396 2959 4436 ex
3004 4392 3113 4434 aere
3158 4372 3600 4431 numismalibus.

361 4477 568 4546 scripto
599 4473 818 4546 perfusa
843 4484 964 4529 erat
990 4484 1299 4532 atramento
1341 4479 1566 4532 totailla
1606 4495 1755 4549 pars,
1807 4496 1929 4549 quae
1959 4481 2007 4537 Β
2038 4484 2111 4539 lbi
2145 4482 2289 4537 enim
2328 4490 2411 4535 est
2444 4475 2751 4533 substantia
2794 4471 3039 4542 quaedam
3092 4467 3355 4530 anterior,
3390 4479 3510 4533 qua:
3548 4462 3605 4514 in

362 4568 625 4639 Spiritum
653 4583 721 4624 ex
754 4566 893 4623 Filio
931 4576 1189 4639 tauquam
1222 4586 1289 4626 ex
1319 4585 1487 4627 causa
1536 4572 1695 4627 docet
1727 4576 1935 4643 depen-

269 4661 283 4674 '
361 4662 511 4717 dere.

430 4772 710 4843 Ejusmodi
739 4772 960 4829 codices
996 4772 1213 4830 etiamsi
1245 4775 1300 4829 in
1330 4775 1683 4831 blbiiOthClS
1715 4776 1935 4832 Grmco-

361 4880 483 4921 rum
519 4866 655 4920 nulli
705 4865 818 4936 jam
867 4872 1166 4931 exstarent,
1212 4866 1350 4921 nihil
1387 4875 1569 4923 tamen
1617 4868 1686 4924 de
1740 4884 1930 4925 eorum

362 4957 688 5011 auctoritate
727 4957 1041 5023 decederet;
1072 4958 1273 5027 quippe
1303 4975 1426 5015 cum
1457 4961 1795 5017 certissimis
1845 4962 1930 5016 lii-

364 5049 548 5106 storiae
563 5049 930 5104 monumentis
957 5058 1010 5104 et
1038 5049 1372 5106 testimoniis
1394 5062 1788 5118 memorentur,
1808 5070 1930 5125 quae

362 5138 517 5194 nullo
545 5152 773 5206 prorsus
803 5136 1044 5193 facinore
1068 5137 1259 5202 deleri,
1308 5141 1463 5193 nullo
1487 5141 1631 5196 furto
1666 5142 1931 5197 abscondi

362 5235 613 5301 possunt.
641 5226 826 5296 Neque
853 5230 1016 5284 etiam
1062 5226 1379 5301 ambiguum
1422 5247 1546 5288 esse
1579 5233 1779 5302 possit,
1819 5234 1930 5287 utri

363 5319 579 5374 codices
612 5316 853 5387 potiores
890 5319 1000 5372 sint
1042 5321 1420 5385 existimandi,
1458 5322 1673 5391 antiqui
1720 5337 1787 5376 an
1841 5339 1931 5377 re-

362 5417 548 5466 centes
577 5428 590 5464 :
620 5408 809 5476 scripti
837 5418 961 5463 ante
991 5419 1236 5464 exortam
1265 5412 1333 5467 de
1363 5410 1572 5483 Spiritu
1591 5420 1782 5467 sancto
1799 5428 1933 5468 con-

363 5502 706 5567 troversiam,
729 5508 1018 5571 antequam
1049 5500 1366 5559 Graecorum
1429 5504 1726 5562 interesset
1773 5505 1934 5576 quid-

437 5676 514 5750 (8)
548 5676 644 5750 Ep.
667 5676 743 5750 ad
772 5677 928 5750 Alex.
958 5676 1259 5750 Lasearim.

434 5746 512 5821 (9}
540 5746 840 5816 Εήεήἰνξάη
879 5762 928 5802 c.
958 5746 1050 5803 ao.

2037 4576 2207 4630 multa
2244 4572 2524 4627 dividitur.
2553 4569 2616 4622 2⁸
2652 4564 3086 4621 Examinandum
3128 4569 3214 4614 est
3254 4558 3474 4627 quinam
3517 4568 3601 4607 re-

2037 4667 2293 4721 fellantur
2323 4665 2407 4719 liis
2432 4663 2614 4717 verbis
2640 4681 2654 4717 :
2683 4659 2804 4713 Non
2831 4658 2970 4713 enim
2998 4669 3115 4725 qum
3138 4653 3365 4722 fratrum
3392 4650 3527 4701 inter
3550 4661 3606 4699 se

2036 4760 2292 4812 rationem
2313 4754 2522 4819 habent,
2558 4748 3035 4807 consubstantialia
3071 4746 3341 4805 dicuntur,
3382 4740 3434 4793 id
3467 4740 3607 4809 quod

2033 4850 2247 4922 quidam
2277 4849 2601 4902 existimant.
2642 4843 2761 4898 Non
2800 4857 2897 4897 eos
2943 4854 3075 4895 sane
3106 4835 3327 4897 refellit,
3368 4833 3461 4904 qui
3502 4831 3601 4884 Pe-

2035 4950 2178 4996 trum
2206 4949 2260 4995 et
2290 4940 2522 4993 Paulum
2567 4932 3041 4992 consubstantiale
3083 4943 3209 4985 esse
3242 4925 3497 4981 dicebant
3535 4923 3602 4977 ob

2034 5046 2243 5090 natura:
2266 5031 2703 5094 similitudinem,
2738 5042 2803 5081 ac
2827 5027 2953 5080 inde
2970 5022 3370 5080 concludebant
3390 5018 3605 5072 Patrem

2033 5136 2087 5183 et
2119 5125 2340 5190 Filium,
2393 5130 2580 5192 utpote
2638 5122 2819 5174 lumen
2860 5126 2914 5174 et
2948 5118 3154 5181 lumen,
3200 5128 3325 5170 esse
3370 5110 3588 5166 consub-

2035 5219 2341 5276 stantiales.
2376 5215 2473 5270 His
2502 5221 2715 5268 tantum
2751 5211 3094 5275 adversatur,
3126 5208 3220 5278 qui
3242 5204 3607 5260 consubstan-

2034 5311 2164 5364 tiale
2202 5306 2545 5377 rejiciebant.
2583 5302 2689 5358 Sed
2719 5301 2851 5372 quid
2887 5302 2943 5354 in
2978 5300 3058 5356 eis
3091 5293 3482 5367 reprehendit?
3509 5290 3604 5345 Ni-

2036 5404 2111 5458 hil
2152 5401 2297 5455 aliud
2348 5397 2616 5468 profecto,
2665 5395 2772 5450 nisi
2824 5392 2970 5463 quod
3019 5387 3491 5447 consubstantiale
3538 5385 3609 5442 iis

2035 5501 2249 5550 tantum
2280 5491 2663 5554 attribuerent,
2692 5503 2815 5558 qua:
2841 5485 3141 5540 fraternam
3172 5478 3376 5536 habent
3404 5485 3613 5551 cogna-

2105 5674 2217 5747 (ιο)
2252 5672 2328 5729 De
2356 5671 2548 5728 Trinit.
2591 5671 2686 5727 lib.
2718 5686 2816 5740 vit,
2839 5683 2960 5741 cap.
2983 5667 3040 5725 4.
