  <div class='ocr_page' id='page_1' title='image "/cluster/home/n/w/nwhite01/storage/ocr_20150623/32/mdp.39015011915462/028.png"; bbox 0 0 3972 6218; ppageno 0'>
   <div class='ocr_carea' id='block_1_1' title="bbox 266 267 1842 339">
    <p class='ocr_par' dir='ltr' id='par_1_1' title="bbox 266 276 1842 339">
     <span class='ocr_line' id='line_1_1' title="bbox 266 276 1842 339; baseline -0.004 0"><span class='ocrx_word' id='word_1_1' title='bbox 266 283 329 339; x_wconf 76' lang='grc' dir='ltr'><strong>ιι</strong></span> <span class='ocrx_word' id='word_1_2' title='bbox 1576 334 1581 339; x_wconf 90' lang='grc'><strong>,</strong></span> <span class='ocrx_word' id='word_1_3' title='bbox 1710 276 1842 333; x_wconf 77' lang='lat' dir='ltr'><strong>PRA</strong></span> 
     </span>
    </p>
   </div>
   <div class='ocr_carea' id='block_1_2' title="bbox 1955 267 3515 339">
    <p class='ocr_par' dir='ltr' id='par_1_2' title="bbox 1955 267 3515 337">
     <span class='ocr_line' id='line_1_2' title="bbox 1955 267 3515 337; baseline 0.004 -7"><span class='ocrx_word' id='word_1_4' title='bbox 1955 267 2103 331; x_wconf 75' lang='lat' dir='ltr'><strong>.TlO.</strong></span> <span class='ocrx_word' id='word_1_5' title='bbox 3443 275 3515 337; x_wconf 62' lang='lat'><strong>4‘2</strong></span> 
     </span>
    </p>
   </div>
   <div class='ocr_carea' id='block_1_3' title="bbox 266 388 1842 471">
    <p class='ocr_par' dir='ltr' id='par_1_3' title="bbox 266 398 1841 471">
     <span class='ocr_line' id='line_1_3' title="bbox 266 398 1841 471; baseline -0.004 -15"><span class='ocrx_word' id='word_1_6' title='bbox 266 402 493 457; x_wconf 89' lang='lat' dir='ltr'><strong>tionem.</strong></span> <span class='ocrx_word' id='word_1_7' title='bbox 535 398 691 454; x_wconf 75' lang='lat' dir='ltr'><strong>Hanc</strong></span> <span class='ocrx_word' id='word_1_8' title='bbox 722 399 869 456; x_wconf 90' lang='lat' dir='ltr'><strong>enim</strong></span> <span class='ocrx_word' id='word_1_9' title='bbox 899 399 1235 471; x_wconf 88' lang='lat' dir='ltr'><strong>arripiebaut</strong></span> <span class='ocrx_word' id='word_1_10' title='bbox 1262 413 1511 463; x_wconf 89' lang='lat' dir='ltr'><strong>causam,</strong></span> <span class='ocrx_word' id='word_1_11' title='bbox 1539 412 1639 454; x_wconf 85' lang='lat' dir='ltr'><strong>cur</strong></span> <span class='ocrx_word' id='word_1_12' title='bbox 1667 412 1694 451; x_wconf 69' lang='grc' dir='ltr'>τι</span> <span class='ocrx_word' id='word_1_13' title='bbox 1721 412 1841 467; x_wconf 89' lang='lat' dir='ltr'><strong>per-</strong></span> 
     </span>
    </p>
   </div>
   <div class='ocr_carea' id='block_1_4' title="bbox 1955 388 3520 471">
    <p class='ocr_par' dir='ltr' id='par_1_4' title="bbox 1955 388 3520 465">
     <span class='ocr_line' id='line_1_4' title="bbox 1955 388 3520 465; baseline 0.003 -16"><span class='ocrx_word' id='word_1_14' title='bbox 1955 392 2354 465; x_wconf 72' lang='grc' dir='ltr'>παρεσκεύασεν</span> <span class='ocrx_word' id='word_1_15' title='bbox 2380 410 2392 423; x_wconf 69' lang='grc'><strong><em>⁸</em></strong></span> <span class='ocrx_word' id='word_1_16' title='bbox 2432 393 2513 449; x_wconf 89' lang='lat' dir='ltr'><strong>Ne</strong></span> <span class='ocrx_word' id='word_1_17' title='bbox 2541 388 2939 450; x_wconf 77' lang='lat' dir='ltr'><strong>soli’ariditatis</strong></span> <span class='ocrx_word' id='word_1_18' title='bbox 2972 402 3125 449; x_wconf 72' lang='lat' dir='ltr'><strong>terra:</strong></span> <span class='ocrx_word' id='word_1_19' title='bbox 3168 412 3384 451; x_wconf 88' lang='lat' dir='ltr'><strong>causam</strong></span> <span class='ocrx_word' id='word_1_20' title='bbox 3433 408 3520 454; x_wconf 83' lang='lat' dir='ltr'><strong>at-</strong></span> 
     </span>
    </p>
   </div>
   <div class='ocr_carea' id='block_1_5' title="bbox 265 489 1843 563">
    <p class='ocr_par' dir='ltr' id='par_1_5' title="bbox 265 489 1843 563">
     <span class='ocr_line' id='line_1_5' title="bbox 265 489 1843 563; baseline -0.004 -15"><span class='ocrx_word' id='word_1_21' title='bbox 265 491 420 548; x_wconf 85' lang='lat' dir='ltr'><strong>sonis</strong></span> <span class='ocrx_word' id='word_1_22' title='bbox 446 489 674 555; x_wconf 83' lang='lat' dir='ltr'><strong>divinis,</strong></span> <span class='ocrx_word' id='word_1_23' title='bbox 709 498 769 544; x_wconf 93' lang='lat' dir='ltr'><strong>ut</strong></span> <span class='ocrx_word' id='word_1_24' title='bbox 804 489 1099 545; x_wconf 71' lang='lat' dir='ltr'><strong>fraternam</strong></span> <span class='ocrx_word' id='word_1_25' title='bbox 1132 491 1537 563; x_wconf 74' lang='lat' dir='ltr'><strong>cognationem,</strong></span> <span class='ocrx_word' id='word_1_26' title='bbox 1573 490 1645 544; x_wconf 87' lang='lat' dir='ltr'><strong>ita</strong></span> <span class='ocrx_word' id='word_1_27' title='bbox 1677 489 1843 543; x_wconf 88' lang='lat' dir='ltr'><strong>etiam</strong></span> 
     </span>
    </p>
   </div>
   <div class='ocr_carea' id='block_1_6' title="bbox 265 581 1843 650">
    <p class='ocr_par' dir='ltr' id='par_1_6' title="bbox 265 581 1843 650">
     <span class='ocr_line' id='line_1_6' title="bbox 265 581 1843 650; baseline -0.003 -11"><span class='ocrx_word' id='word_1_28' title='bbox 265 581 744 639; x_wconf 87' lang='lat' dir='ltr'><strong>consubstantiale</strong></span> <span class='ocrx_word' id='word_1_29' title='bbox 792 582 1164 639; x_wconf 79' lang='lat' dir='ltr'><strong>excluderent.</strong></span> <span class='ocrx_word' id='word_1_30' title='bbox 1200 583 1386 650; x_wconf 81' lang='lat' dir='ltr'><strong>Quare</strong></span> <span class='ocrx_word' id='word_1_31' title='bbox 1429 596 1540 637; x_wconf 89' lang='lat' dir='ltr'><strong>non</strong></span> <span class='ocrx_word' id='word_1_32' title='bbox 1578 588 1697 637; x_wconf 89' lang='lat' dir='ltr'><strong>erat</strong></span> <span class='ocrx_word' id='word_1_33' title='bbox 1742 595 1843 636; x_wconf 93' lang='lat' dir='ltr'><strong>cur</strong></span> 
     </span>
    </p>
   </div>
   <div class='ocr_carea' id='block_1_7' title="bbox 263 673 1842 744">
    <p class='ocr_par' dir='ltr' id='par_1_7' title="bbox 263 673 1842 744">
     <span class='ocr_line' id='line_1_7' title="bbox 263 673 1842 744; baseline -0.001 -16"><span class='ocrx_word' id='word_1_34' title='bbox 263 673 503 729; x_wconf 83' lang='lat' dir='ltr'><strong>Basilius</strong></span> <span class='ocrx_word' id='word_1_35' title='bbox 554 673 613 727; x_wconf 91' lang='lat' dir='ltr'><strong>in</strong></span> <span class='ocrx_word' id='word_1_36' title='bbox 657 674 997 728; x_wconf 78' lang='lat' dir='ltr'><strong>contrarium</strong></span> <span class='ocrx_word' id='word_1_37' title='bbox 1043 675 1237 729; x_wconf 91' lang='lat' dir='ltr'><strong>vitium</strong></span> <span class='ocrx_word' id='word_1_38' title='bbox 1292 681 1560 738; x_wconf 85' lang='lat' dir='ltr'><strong>curreret,</strong></span> <span class='ocrx_word' id='word_1_39' title='bbox 1608 681 1661 729; x_wconf 86' lang='lat' dir='ltr'><strong>et</strong></span> <span class='ocrx_word' id='word_1_40' title='bbox 1696 673 1842 744; x_wconf 78' lang='lat' dir='ltr'><strong>quod</strong></span> 
     </span>
    </p>
   </div>
   <div class='ocr_carea' id='block_1_8' title="bbox 263 765 1844 837">
    <p class='ocr_par' dir='ltr' id='par_1_8' title="bbox 263 765 1844 837">
     <span class='ocr_line' id='line_1_8' title="bbox 263 765 1844 837; baseline 0.002 -18"><span class='ocrx_word' id='word_1_41' title='bbox 263 766 570 821; x_wconf 78' lang='lat' dir='ltr'><strong>adversarii</strong></span> <span class='ocrx_word' id='word_1_42' title='bbox 602 766 876 836; x_wconf 81' lang='lat' dir='ltr'><strong>negabant</strong></span> <span class='ocrx_word' id='word_1_43' title='bbox 909 766 1028 821; x_wconf 88' lang='lat' dir='ltr'><strong>sine</strong></span> <span class='ocrx_word' id='word_1_44' title='bbox 1056 765 1297 821; x_wconf 81' lang='lat' dir='ltr'><strong>fraterna</strong></span> <span class='ocrx_word' id='word_1_45' title='bbox 1328 766 1652 837; x_wconf 85' lang='lat' dir='ltr'><strong>cognatione</strong></span> <span class='ocrx_word' id='word_1_46' title='bbox 1684 782 1844 836; x_wconf 84' lang='lat' dir='ltr'><strong>posse</strong></span> 
     </span>
    </p>
   </div>
   <div class='ocr_carea' id='block_1_9' title="bbox 262 858 1841 930">
    <p class='ocr_par' dir='ltr' id='par_1_9' title="bbox 262 858 1841 930">
     <span class='ocr_line' id='line_1_9' title="bbox 262 858 1841 930; baseline 0.001 -17"><span class='ocrx_word' id='word_1_47' title='bbox 262 858 596 926; x_wconf 87' lang='lat' dir='ltr'><strong>consistere,</strong></span> <span class='ocrx_word' id='word_1_48' title='bbox 630 859 683 914; x_wconf 91' lang='lat' dir='ltr'><strong>id</strong></span> <span class='ocrx_word' id='word_1_49' title='bbox 717 874 841 914; x_wconf 87' lang='lat' dir='ltr'><strong>cum</strong></span> <span class='ocrx_word' id='word_1_50' title='bbox 876 874 939 914; x_wconf 89' lang='lat' dir='ltr'><strong>ea</strong></span> <span class='ocrx_word' id='word_1_51' title='bbox 969 859 1249 914; x_wconf 89' lang='lat' dir='ltr'><strong>conciliari</strong></span> <span class='ocrx_word' id='word_1_52' title='bbox 1284 875 1394 914; x_wconf 91' lang='lat' dir='ltr'><strong>non</strong></span> <span class='ocrx_word' id='word_1_53' title='bbox 1424 874 1587 930; x_wconf 87' lang='lat' dir='ltr'><strong>posse</strong></span> <span class='ocrx_word' id='word_1_54' title='bbox 1615 860 1841 914; x_wconf 83' lang='lat' dir='ltr'><strong>diceret.</strong></span> 
     </span>
    </p>
   </div>
   <div class='ocr_carea' id='block_1_10' title="bbox 264 948 1846 1009">
    <p class='ocr_par' dir='ltr' id='par_1_10' title="bbox 264 948 1846 1009">
     <span class='ocr_line' id='line_1_10' title="bbox 264 948 1846 1009; baseline 0.001 -6"><span class='ocrx_word' id='word_1_55' title='bbox 264 948 415 1004; x_wconf 78' lang='lat' dir='ltr'><strong>Satis</strong></span> <span class='ocrx_word' id='word_1_56' title='bbox 454 957 576 1004; x_wconf 89' lang='lat' dir='ltr'><strong>erat</strong></span> <span class='ocrx_word' id='word_1_57' title='bbox 612 950 922 1009; x_wconf 82' lang='lat' dir='ltr'><strong>ostendere.</strong></span> <span class='ocrx_word' id='word_1_58' title='bbox 965 966 1073 1004; x_wconf 91' lang='lat' dir='ltr'><strong>non</strong></span> <span class='ocrx_word' id='word_1_59' title='bbox 1118 966 1182 1005; x_wconf 86' lang='lat' dir='ltr'><strong>ea</strong></span> <span class='ocrx_word' id='word_1_60' title='bbox 1218 958 1427 1005; x_wconf 88' lang='lat' dir='ltr'><strong>tantum</strong></span> <span class='ocrx_word' id='word_1_61' title='bbox 1460 950 1565 1006; x_wconf 90' lang='lat' dir='ltr'><strong>dici</strong></span> <span class='ocrx_word' id='word_1_62' title='bbox 1605 952 1846 1006; x_wconf 53' lang='lat' dir='ltr'><strong>consub.</strong></span> 
     </span>
    </p>
   </div>
   <div class='ocr_carea' id='block_1_11' title="bbox 261 1041 1843 1113">
    <p class='ocr_par' dir='ltr' id='par_1_11' title="bbox 261 1041 1843 1113">
     <span class='ocr_line' id='line_1_11' title="bbox 261 1041 1843 1113; baseline 0 -18"><span class='ocrx_word' id='word_1_63' title='bbox 261 1042 573 1106; x_wconf 83' lang='lat' dir='ltr'><strong>stantialia,</strong></span> <span class='ocrx_word' id='word_1_64' title='bbox 604 1057 726 1111; x_wconf 68' lang='lat' dir='ltr'><strong>qua:</strong></span> <span class='ocrx_word' id='word_1_65' title='bbox 758 1041 1054 1096; x_wconf 79' lang='lat' dir='ltr'><strong>fraternam</strong></span> <span class='ocrx_word' id='word_1_66' title='bbox 1083 1042 1284 1097; x_wconf 84' lang='lat' dir='ltr'><strong>habent</strong></span> <span class='ocrx_word' id='word_1_67' title='bbox 1305 1043 1685 1113; x_wconf 78' lang='lat' dir='ltr'><strong>cognationem</strong></span> <span class='ocrx_word' id='word_1_68' title='bbox 1712 1063 1725 1097; x_wconf 90' lang='lat'>:</span> <span class='ocrx_word' id='word_1_69' title='bbox 1753 1041 1843 1097; x_wconf 88' lang='lat' dir='ltr'><strong>sed</strong></span> 
     </span>
    </p>
   </div>
   <div class='ocr_carea' id='block_1_12' title="bbox 261 1134 1840 1205">
    <p class='ocr_par' dir='ltr' id='par_1_12' title="bbox 261 1134 1840 1205">
     <span class='ocr_line' id='line_1_12' title="bbox 261 1134 1840 1205; baseline -0.001 -16"><span class='ocrx_word' id='word_1_70' title='bbox 261 1152 382 1189; x_wconf 86' lang='lat' dir='ltr'><strong>cum</strong></span> <span class='ocrx_word' id='word_1_71' title='bbox 420 1152 588 1189; x_wconf 82' lang='lat' dir='ltr'><strong>causa</strong></span> <span class='ocrx_word' id='word_1_72' title='bbox 617 1144 667 1189; x_wconf 89' lang='lat' dir='ltr'><strong>et</strong></span> <span class='ocrx_word' id='word_1_73' title='bbox 702 1136 755 1187; x_wconf 98' lang='lat' dir='ltr'><strong>id</strong></span> <span class='ocrx_word' id='word_1_74' title='bbox 793 1134 932 1205; x_wconf 91' lang='lat' dir='ltr'><strong>quod</strong></span> <span class='ocrx_word' id='word_1_75' title='bbox 961 1151 1027 1189; x_wconf 79' lang='lat' dir='ltr'><strong>ea:</strong></span> <span class='ocrx_word' id='word_1_76' title='bbox 1056 1151 1219 1189; x_wconf 88' lang='lat' dir='ltr'><strong>causa</strong></span> <span class='ocrx_word' id='word_1_77' title='bbox 1260 1137 1625 1191; x_wconf 75' lang='lat' dir='ltr'><strong>exsistentiam</strong></span> <span class='ocrx_word' id='word_1_78' title='bbox 1664 1134 1840 1200; x_wconf 93' lang='lat' dir='ltr'><strong>habet,</strong></span> 
     </span>
    </p>
   </div>
   <div class='ocr_carea' id='block_1_13' title="bbox 259 1225 1844 1293">
    <p class='ocr_par' dir='ltr' id='par_1_13' title="bbox 259 1225 1844 1293">
     <span class='ocr_line' id='line_1_13' title="bbox 259 1225 1844 1293; baseline 0 -14"><span class='ocrx_word' id='word_1_79' title='bbox 259 1225 500 1293; x_wconf 84' lang='lat' dir='ltr'><strong>ejusdem</strong></span> <span class='ocrx_word' id='word_1_80' title='bbox 537 1236 660 1279; x_wconf 86' lang='lat' dir='ltr'><strong>sunt</strong></span> <span class='ocrx_word' id='word_1_81' title='bbox 699 1237 925 1290; x_wconf 65' lang='lat' dir='ltr'><strong>natura,</strong></span> <span class='ocrx_word' id='word_1_82' title='bbox 972 1237 1103 1281; x_wconf 90' lang='lat' dir='ltr'><strong>tunc</strong></span> <span class='ocrx_word' id='word_1_83' title='bbox 1139 1235 1290 1281; x_wconf 91' lang='lat' dir='ltr'><strong>recte</strong></span> <span class='ocrx_word' id='word_1_84' title='bbox 1334 1225 1442 1280; x_wconf 91' lang='lat' dir='ltr'><strong>dici</strong></span> <span class='ocrx_word' id='word_1_85' title='bbox 1479 1227 1844 1282; x_wconf 87' lang='lat' dir='ltr'><strong>consubstan-</strong></span> 
     </span>
    </p>
   </div>
   <div class='ocr_carea' id='block_1_14' title="bbox 261 1315 1840 1388">
    <p class='ocr_par' dir='ltr' id='par_1_14' title="bbox 261 1315 1840 1388">
     <span class='ocr_line' id='line_1_14' title="bbox 261 1315 1840 1388; baseline -0.001 -18"><span class='ocrx_word' id='word_1_86' title='bbox 261 1317 436 1371; x_wconf 87' lang='lat' dir='ltr'><strong>tialia.</strong></span> <span class='ocrx_word' id='word_1_87' title='bbox 471 1319 528 1373; x_wconf 69' lang='grc' dir='ltr'><strong>ὅθ</strong></span> <span class='ocrx_word' id='word_1_88' title='bbox 554 1317 674 1373; x_wconf 83' lang='grc' dir='ltr'>Νοη</span> <span class='ocrx_word' id='word_1_89' title='bbox 726 1319 917 1373; x_wconf 85' lang='lat' dir='ltr'><strong>leviter</strong></span> <span class='ocrx_word' id='word_1_90' title='bbox 963 1318 1340 1388; x_wconf 62' lang='lat' dir='ltr'><strong>praetereunda</strong></span> <span class='ocrx_word' id='word_1_91' title='bbox 1385 1317 1499 1372; x_wconf 74' lang='lat' dir='ltr'><strong>htcc</strong></span> <span class='ocrx_word' id='word_1_92' title='bbox 1535 1318 1738 1381; x_wconf 74' lang='lat' dir='ltr'><strong>verba,</strong></span> <span class='ocrx_word' id='word_1_93' title='bbox 1788 1315 1840 1369; x_wconf 90' lang='lat' dir='ltr'><strong>id</strong></span> 
     </span>
    </p>
   </div>
   <div class='ocr_carea' id='block_1_15' title="bbox 260 1407 1840 1479">
    <p class='ocr_par' dir='ltr' id='par_1_15' title="bbox 260 1407 1840 1479">
     <span class='ocr_line' id='line_1_15' title="bbox 260 1407 1840 1479; baseline 0.001 -19"><span class='ocrx_word' id='word_1_94' title='bbox 260 1408 401 1477; x_wconf 83' lang='lat' dir='ltr'><strong>quod</strong></span> <span class='ocrx_word' id='word_1_95' title='bbox 438 1408 660 1478; x_wconf 87' lang='lat' dir='ltr'><strong>quidam</strong></span> <span class='ocrx_word' id='word_1_96' title='bbox 699 1409 1029 1465; x_wconf 70' lang='lat' dir='ltr'><strong>existimant.</strong></span> <span class='ocrx_word' id='word_1_97' title='bbox 1083 1407 1163 1462; x_wconf 75' lang='lat' dir='ltr'><strong>Ex</strong></span> <span class='ocrx_word' id='word_1_98' title='bbox 1209 1409 1294 1463; x_wconf 90' lang='lat' dir='ltr'><strong>his</strong></span> <span class='ocrx_word' id='word_1_99' title='bbox 1340 1409 1485 1462; x_wconf 89' lang='lat' dir='ltr'><strong>cnim</strong></span> <span class='ocrx_word' id='word_1_100' title='bbox 1535 1417 1683 1479; x_wconf 90' lang='lat' dir='ltr'><strong>patet</strong></span> <span class='ocrx_word' id='word_1_101' title='bbox 1718 1411 1840 1462; x_wconf 63' lang='lat' dir='ltr'><strong>‘non</strong></span> 
     </span>
    </p>
   </div>
   <div class='ocr_carea' id='block_1_16' title="bbox 261 1500 1843 1572">
    <p class='ocr_par' dir='ltr' id='par_1_16' title="bbox 261 1500 1843 1572">
     <span class='ocr_line' id='line_1_16' title="bbox 261 1500 1843 1572; baseline 0.003 -19"><span class='ocrx_word' id='word_1_102' title='bbox 261 1515 612 1555; x_wconf 82' lang='lat' dir='ltr'><strong>communem</strong></span> <span class='ocrx_word' id='word_1_103' title='bbox 646 1517 675 1555; x_wconf 90' lang='lat' dir='ltr'><strong>a</strong></span> <span class='ocrx_word' id='word_1_104' title='bbox 706 1500 912 1557; x_wconf 80' lang='lat' dir='ltr'><strong>Basilio</strong></span> <span class='ocrx_word' id='word_1_105' title='bbox 944 1502 1256 1571; x_wconf 86' lang='lat' dir='ltr'><strong>opinionem</strong></span> <span class='ocrx_word' id='word_1_106' title='bbox 1290 1501 1486 1565; x_wconf 77' lang='lat' dir='ltr'><strong>refelli,</strong></span> <span class='ocrx_word' id='word_1_107' title='bbox 1523 1516 1684 1572; x_wconf 87' lang='lat' dir='ltr'><strong>quam</strong></span> <span class='ocrx_word' id='word_1_108' title='bbox 1726 1501 1843 1571; x_wconf 89' lang='lat' dir='ltr'><strong>ipse</strong></span> 
     </span>
    </p>
   </div>
   <div class='ocr_carea' id='block_1_17' title="bbox 261 1593 1843 1663">
    <p class='ocr_par' dir='ltr' id='par_1_17' title="bbox 261 1593 1843 1663">
     <span class='ocr_line' id='line_1_17' title="bbox 261 1593 1843 1663; baseline 0.001 -18"><span class='ocrx_word' id='word_1_109' title='bbox 261 1593 389 1647; x_wconf 83' lang='lat' dir='ltr'><strong>alibi</strong></span> <span class='ocrx_word' id='word_1_110' title='bbox 420 1594 733 1662; x_wconf 84' lang='lat' dir='ltr'><strong>proﬁtetur,</strong></span> <span class='ocrx_word' id='word_1_111' title='bbox 767 1604 825 1646; x_wconf 92' lang='lat' dir='ltr'><strong>ut</strong></span> <span class='ocrx_word' id='word_1_112' title='bbox 857 1594 1021 1647; x_wconf 90' lang='lat' dir='ltr'><strong>modo</strong></span> <span class='ocrx_word' id='word_1_113' title='bbox 1051 1593 1487 1659; x_wconf 84' lang='lat' dir='ltr'><strong>observavimus,</strong></span> <span class='ocrx_word' id='word_1_114' title='bbox 1527 1594 1620 1649; x_wconf 87' lang='lat' dir='ltr'><strong>sed</strong></span> <span class='ocrx_word' id='word_1_115' title='bbox 1655 1593 1843 1663; x_wconf 75' lang='lat' dir='ltr'><strong>singu~</strong></span> 
     </span>
    </p>
   </div>
   <div class='ocr_carea' id='block_1_18' title="bbox 262 1684 1842 1758">
    <p class='ocr_par' dir='ltr' id='par_1_18' title="bbox 262 1684 1842 1758">
     <span class='ocr_line' id='line_1_18' title="bbox 262 1684 1842 1758; baseline 0 -20"><span class='ocrx_word' id='word_1_116' title='bbox 262 1684 376 1739; x_wconf 88' lang='lat' dir='ltr'><strong>lare</strong></span> <span class='ocrx_word' id='word_1_117' title='bbox 406 1686 798 1740; x_wconf 89' lang='lat' dir='ltr'><strong>nonnullorum</strong></span> <span class='ocrx_word' id='word_1_118' title='bbox 832 1686 1114 1740; x_wconf 87' lang='lat' dir='ltr'><strong>hominum</strong></span> <span class='ocrx_word' id='word_1_119' title='bbox 1141 1696 1534 1749; x_wconf 86' lang='lat' dir='ltr'><strong>commentum,</strong></span> <span class='ocrx_word' id='word_1_120' title='bbox 1568 1688 1658 1758; x_wconf 88' lang='lat' dir='ltr'><strong>qui</strong></span> <span class='ocrx_word' id='word_1_121' title='bbox 1683 1694 1842 1757; x_wconf 87' lang='lat' dir='ltr'><strong>puta-</strong></span> 
     </span>
    </p>
   </div>
   <div class='ocr_carea' id='block_1_19' title="bbox 261 1775 1839 1838">
    <p class='ocr_par' dir='ltr' id='par_1_19' title="bbox 261 1775 1839 1838">
     <span class='ocr_line' id='line_1_19' title="bbox 261 1775 1839 1838; baseline -0.001 -7"><span class='ocrx_word' id='word_1_122' title='bbox 261 1775 394 1831; x_wconf 83' lang='lat' dir='ltr'><strong>bant</strong></span> <span class='ocrx_word' id='word_1_123' title='bbox 435 1777 908 1831; x_wconf 84' lang='lat' dir='ltr'><strong>consubstantialis</strong></span> <span class='ocrx_word' id='word_1_124' title='bbox 958 1790 1076 1833; x_wconf 81' lang='lat' dir='ltr'><strong>voce</strong></span> <span class='ocrx_word' id='word_1_125' title='bbox 1120 1778 1355 1833; x_wconf 77' lang='lat' dir='ltr'><strong>exhiberi</strong></span> <span class='ocrx_word' id='word_1_126' title='bbox 1402 1780 1665 1838; x_wconf 88' lang='lat' dir='ltr'><strong>notionem</strong></span> <span class='ocrx_word' id='word_1_127' title='bbox 1717 1778 1839 1832; x_wconf 90' lang='lat' dir='ltr'><strong>sub-</strong></span> 
     </span>
    </p>
   </div>
   <div class='ocr_carea' id='block_1_20' title="bbox 260 1867 1841 1940">
    <p class='ocr_par' dir='ltr' id='par_1_20' title="bbox 260 1867 1841 1940">
     <span class='ocr_line' id='line_1_20' title="bbox 260 1867 1841 1940; baseline -0.001 -20"><span class='ocrx_word' id='word_1_128' title='bbox 260 1868 497 1929; x_wconf 80' lang='lat' dir='ltr'><strong>s&#39;antice,</strong></span> <span class='ocrx_word' id='word_1_129' title='bbox 529 1876 579 1922; x_wconf 92' lang='lat' dir='ltr'><strong>et</strong></span> <span class='ocrx_word' id='word_1_130' title='bbox 609 1885 790 1921; x_wconf 88' lang='lat' dir='ltr'><strong>eorum</strong></span> <span class='ocrx_word' id='word_1_131' title='bbox 819 1886 936 1940; x_wconf 79' lang='lat' dir='ltr'><strong>qua:</strong></span> <span class='ocrx_word' id='word_1_132' title='bbox 960 1885 1023 1922; x_wconf 76' lang='lat' dir='ltr'><strong>ex</strong></span> <span class='ocrx_word' id='word_1_133' title='bbox 1051 1868 1374 1932; x_wconf 87' lang='lat' dir='ltr'><strong>substantia,</strong></span> <span class='ocrx_word' id='word_1_134' title='bbox 1407 1867 1535 1922; x_wconf 87' lang='lat' dir='ltr'><strong>adeo</strong></span> <span class='ocrx_word' id='word_1_135' title='bbox 1574 1875 1631 1920; x_wconf 91' lang='lat' dir='ltr'><strong>ut</strong></span> <span class='ocrx_word' id='word_1_136' title='bbox 1673 1868 1841 1921; x_wconf 87' lang='lat' dir='ltr'><strong>divisa</strong></span> 
     </span>
    </p>
   </div>
   <div class='ocr_carea' id='block_1_21' title="bbox 260 1958 1841 2030">
    <p class='ocr_par' dir='ltr' id='par_1_21' title="bbox 260 1958 1841 2030">
     <span class='ocr_line' id='line_1_21' title="bbox 260 1958 1841 2030; baseline -0.001 -17"><span class='ocrx_word' id='word_1_137' title='bbox 260 1958 563 2013; x_wconf 69' lang='lat' dir='ltr'><strong>substantia</strong></span> <span class='ocrx_word' id='word_1_138' title='bbox 614 1960 1021 2030; x_wconf 77' lang='lat' dir='ltr'><strong>appellationem</strong></span> <span class='ocrx_word' id='word_1_139' title='bbox 1075 1960 1545 2017; x_wconf 89' lang='lat' dir='ltr'><strong>consubstantialis</strong></span> <span class='ocrx_word' id='word_1_140' title='bbox 1601 1959 1841 2014; x_wconf 88' lang='lat' dir='ltr'><strong>conciliet</strong></span> 
     </span>
    </p>
   </div>
   <div class='ocr_carea' id='block_1_22' title="bbox 258 2048 887 2120">
    <p class='ocr_par' dir='ltr' id='par_1_22' title="bbox 258 2048 887 2120">
     <span class='ocr_line' id='line_1_22' title="bbox 258 2048 887 2120; baseline 0.005 -19"><span class='ocrx_word' id='word_1_141' title='bbox 258 2048 326 2102; x_wconf 69' lang='lat' dir='ltr'><strong>iis</strong></span> <span class='ocrx_word' id='word_1_142' title='bbox 356 2050 410 2103; x_wconf 85' lang='lat' dir='ltr'><strong>in</strong></span> <span class='ocrx_word' id='word_1_143' title='bbox 441 2067 560 2120; x_wconf 77' lang='lat' dir='ltr'><strong>qim:</strong></span> <span class='ocrx_word' id='word_1_144' title='bbox 588 2051 762 2104; x_wconf 86' lang='lat' dir='ltr'><strong>divisa</strong></span> <span class='ocrx_word' id='word_1_145' title='bbox 787 2060 887 2105; x_wconf 88' lang='lat' dir='ltr'><strong>est.</strong></span> 
     </span>
    </p>
   </div>
   <div class='ocr_carea' id='block_1_23' title="bbox 327 2135 1840 2212">
    <p class='ocr_par' dir='ltr' id='par_1_23' title="bbox 327 2135 1840 2212">
     <span class='ocr_line' id='line_1_23' title="bbox 327 2135 1840 2212; baseline 0.004 -23"><span class='ocrx_word' id='word_1_146' title='bbox 327 2135 394 2193; x_wconf 90' lang='lat' dir='ltr'><strong>ll.</strong></span> <span class='ocrx_word' id='word_1_147' title='bbox 433 2137 495 2193; x_wconf 89' lang='lat' dir='ltr'><strong>S.</strong></span> <span class='ocrx_word' id='word_1_148' title='bbox 526 2137 719 2193; x_wconf 85' lang='lat' dir='ltr'><strong>Basilii</strong></span> <span class='ocrx_word' id='word_1_149' title='bbox 753 2151 988 2194; x_wconf 83' lang='lat' dir='ltr'><strong>mentem</strong></span> <span class='ocrx_word' id='word_1_150' title='bbox 1027 2140 1209 2195; x_wconf 91' lang='lat' dir='ltr'><strong>minus</strong></span> <span class='ocrx_word' id='word_1_151' title='bbox 1244 2142 1573 2205; x_wconf 88' lang='lat' dir='ltr'><strong>calluerunt,</strong></span> <span class='ocrx_word' id='word_1_152' title='bbox 1599 2142 1691 2212; x_wconf 88' lang='lat' dir='ltr'><strong>qui</strong></span> <span class='ocrx_word' id='word_1_153' title='bbox 1717 2156 1840 2196; x_wconf 88' lang='lat' dir='ltr'><strong>eum</strong></span> 
     </span>
    </p>
   </div>
   <div class='ocr_carea' id='block_1_24' title="bbox 262 2214 1843 2300">
    <p class='ocr_par' dir='ltr' id='par_1_24' title="bbox 262 2214 1843 2300">
     <span class='ocr_line' id='line_1_24' title="bbox 262 2214 1843 2300; baseline 0.004 -20"><span class='ocrx_word' id='word_1_154' title='bbox 262 2227 316 2280; x_wconf 93' lang='lat' dir='ltr'><strong>in</strong></span> <span class='ocrx_word' id='word_1_155' title='bbox 345 2242 516 2297; x_wconf 87' lang='lat' dir='ltr'><strong>opere</strong></span> <span class='ocrx_word' id='word_1_156' title='bbox 550 2244 644 2283; x_wconf 76' lang='lat' dir='ltr'><strong>sex</strong></span> <span class='ocrx_word' id='word_1_157' title='bbox 687 2229 901 2284; x_wconf 90' lang='lat' dir='ltr'><strong>dierum</strong></span> <span class='ocrx_word' id='word_1_158' title='bbox 946 2214 1270 2300; x_wconf 78' lang='lat' dir='ltr'><strong>explicando</strong></span> <span class='ocrx_word' id='word_1_159' title='bbox 1302 2233 1383 2288; x_wconf 90' lang='lat' dir='ltr'><strong>sic</strong></span> <span class='ocrx_word' id='word_1_160' title='bbox 1410 2235 1617 2287; x_wconf 86' lang='lat' dir='ltr'><strong>versari</strong></span> <span class='ocrx_word' id='word_1_161' title='bbox 1650 2233 1843 2288; x_wconf 80' lang='lat' dir='ltr'><strong>existi-</strong></span> 
     </span>
    </p>
   </div>
   <div class='ocr_carea' id='block_1_25' title="bbox 260 2321 1843 2391">
    <p class='ocr_par' dir='ltr' id='par_1_25' title="bbox 260 2321 1843 2391">
     <span class='ocr_line' id='line_1_25' title="bbox 260 2321 1843 2391; baseline 0.005 -20"><span class='ocrx_word' id='word_1_162' title='bbox 260 2325 507 2382; x_wconf 89' lang='lat' dir='ltr'><strong>marunt,</strong></span> <span class='ocrx_word' id='word_1_163' title='bbox 544 2327 609 2372; x_wconf 92' lang='lat' dir='ltr'><strong>ut</strong></span> <span class='ocrx_word' id='word_1_164' title='bbox 640 2321 905 2375; x_wconf 86' lang='lat' dir='ltr'><strong>mundum</strong></span> <span class='ocrx_word' id='word_1_165' title='bbox 943 2323 1206 2391; x_wconf 85' lang='lat' dir='ltr'><strong>temporis</strong></span> <span class='ocrx_word' id='word_1_166' title='bbox 1251 2332 1528 2378; x_wconf 87' lang='lat' dir='ltr'><strong>momento</strong></span> <span class='ocrx_word' id='word_1_167' title='bbox 1576 2340 1699 2379; x_wconf 92' lang='lat' dir='ltr'><strong>cum</strong></span> <span class='ocrx_word' id='word_1_168' title='bbox 1740 2340 1843 2380; x_wconf 86' lang='lat' dir='ltr'><strong>suo</strong></span> 
     </span>
    </p>
   </div>
   <div class='ocr_carea' id='block_1_26' title="bbox 258 2410 1844 2487">
    <p class='ocr_par' dir='ltr' id='par_1_26' title="bbox 258 2410 1844 2487">
     <span class='ocr_line' id='line_1_26' title="bbox 258 2410 1844 2487; baseline 0.006 -26"><span class='ocrx_word' id='word_1_169' title='bbox 258 2415 463 2461; x_wconf 85' lang='lat' dir='ltr'><strong>ornatu</strong></span> <span class='ocrx_word' id='word_1_170' title='bbox 498 2420 742 2464; x_wconf 86' lang='lat' dir='ltr'><strong>creatum</strong></span> <span class='ocrx_word' id='word_1_171' title='bbox 770 2426 801 2464; x_wconf 91' lang='lat' dir='ltr'><strong>a</strong></span> <span class='ocrx_word' id='word_1_172' title='bbox 834 2410 947 2467; x_wconf 86' lang='lat' dir='ltr'><strong>Deo</strong></span> <span class='ocrx_word' id='word_1_173' title='bbox 973 2410 1184 2467; x_wconf 87' lang='lat' dir='ltr'><strong>doceat.</strong></span> <span class='ocrx_word' id='word_1_174' title='bbox 1216 2412 1484 2470; x_wconf 87' lang='lat' dir='ltr'><strong>Omnibus</strong></span> <span class='ocrx_word' id='word_1_175' title='bbox 1517 2423 1666 2470; x_wconf 87' lang='lat' dir='ltr'><strong>certe</strong></span> <span class='ocrx_word' id='word_1_176' title='bbox 1695 2414 1844 2487; x_wconf 79' lang='lat' dir='ltr'><strong>Moy-</strong></span> 
     </span>
    </p>
   </div>
   <div class='ocr_carea' id='block_1_27' title="bbox 259 2502 1839 2573">
    <p class='ocr_par' dir='ltr' id='par_1_27' title="bbox 259 2502 1839 2573">
     <span class='ocr_line' id='line_1_27' title="bbox 259 2502 1839 2573; baseline 0.002 -17"><span class='ocrx_word' id='word_1_177' title='bbox 259 2502 337 2556; x_wconf 89' lang='lat' dir='ltr'><strong>sis</strong></span> <span class='ocrx_word' id='word_1_178' title='bbox 357 2502 606 2573; x_wconf 81' lang='lat' dir='ltr'><strong>vestigiis</strong></span> <span class='ocrx_word' id='word_1_179' title='bbox 635 2504 1052 2561; x_wconf 84' lang='lat' dir='ltr'><strong>accuratissime</strong></span> <span class='ocrx_word' id='word_1_180' title='bbox 1076 2504 1301 2560; x_wconf 85' lang='lat' dir='ltr'><strong>insistit.</strong></span> <span class='ocrx_word' id='word_1_181' title='bbox 1337 2505 1542 2572; x_wconf 58' lang='lat' dir='ltr'><strong>Quaerit</strong></span> <span class='ocrx_word' id='word_1_182' title='bbox 1568 2505 1756 2561; x_wconf 90' lang='lat' dir='ltr'><strong>homil.</strong></span> <span class='ocrx_word' id='word_1_183' title='bbox 1784 2506 1839 2571; x_wconf 71' lang='lat'><strong>2,</strong></span> 
     </span>
    </p>
   </div>
   <div class='ocr_carea' id='block_1_28' title="bbox 259 2595 1841 2667">
    <p class='ocr_par' dir='ltr' id='par_1_28' title="bbox 259 2595 1841 2667">
     <span class='ocr_line' id='line_1_28' title="bbox 259 2595 1841 2667; baseline 0.003 -19"><span class='ocrx_word' id='word_1_184' title='bbox 259 2609 315 2649; x_wconf 82' lang='grc' dir='ltr'>ιι.</span> <span class='ocrx_word' id='word_1_185' title='bbox 349 2596 404 2656; x_wconf 77' lang='grc'>1,</span> <span class='ocrx_word' id='word_1_186' title='bbox 452 2611 576 2666; x_wconf 83' lang='lat' dir='ltr'><strong>pag.</strong></span> <span class='ocrx_word' id='word_1_187' title='bbox 617 2595 709 2659; x_wconf 71' lang='lat'><strong>22,</strong></span> <span class='ocrx_word' id='word_1_188' title='bbox 746 2612 848 2651; x_wconf 90' lang='lat' dir='ltr'><strong>cur</strong></span> <span class='ocrx_word' id='word_1_189' title='bbox 873 2606 1017 2652; x_wconf 89' lang='lat' dir='ltr'><strong>terra</strong></span> <span class='ocrx_word' id='word_1_190' title='bbox 1051 2598 1267 2652; x_wconf 89' lang='lat' dir='ltr'><strong>dicatur</strong></span> <span class='ocrx_word' id='word_1_191' title='bbox 1294 2597 1676 2667; x_wconf 88' lang='lat' dir='ltr'><strong>incomposita,</strong></span> <span class='ocrx_word' id='word_1_192' title='bbox 1699 2598 1841 2653; x_wconf 89' lang='lat' dir='ltr'><strong>idem</strong></span> 
     </span>
    </p>
   </div>
   <div class='ocr_carea' id='block_1_29' title="bbox 257 2687 1844 2760">
    <p class='ocr_par' dir='ltr' id='par_1_29' title="bbox 257 2687 1844 2760">
     <span class='ocr_line' id='line_1_29' title="bbox 257 2687 1844 2760; baseline 0.001 -18"><span class='ocrx_word' id='word_1_193' title='bbox 257 2704 392 2744; x_wconf 80' lang='lat' dir='ltr'><strong>vero</strong></span> <span class='ocrx_word' id='word_1_194' title='bbox 417 2689 486 2744; x_wconf 90' lang='lat' dir='ltr'><strong>de</strong></span> <span class='ocrx_word' id='word_1_195' title='bbox 518 2690 662 2744; x_wconf 70' lang='lat' dir='ltr'><strong>coelo</strong></span> <span class='ocrx_word' id='word_1_196' title='bbox 697 2704 806 2744; x_wconf 89' lang='lat' dir='ltr'><strong>non</strong></span> <span class='ocrx_word' id='word_1_197' title='bbox 836 2689 1069 2744; x_wconf 82' lang='lat' dir='ltr'><strong>dicatur.</strong></span> <span class='ocrx_word' id='word_1_198' title='bbox 1100 2687 1328 2744; x_wconf 85' lang='lat' dir='ltr'><strong>Terram</strong></span> <span class='ocrx_word' id='word_1_199' title='bbox 1360 2689 1482 2744; x_wconf 88' lang='lat' dir='ltr'><strong>ideo</strong></span> <span class='ocrx_word' id='word_1_200' title='bbox 1513 2690 1844 2760; x_wconf 83' lang='lat' dir='ltr'><strong>incomposi-</strong></span> 
     </span>
    </p>
   </div>
   <div class='ocr_carea' id='block_1_30' title="bbox 258 2779 1845 2852">
    <p class='ocr_par' dir='ltr' id='par_1_30' title="bbox 258 2779 1845 2852">
     <span class='ocr_line' id='line_1_30' title="bbox 258 2779 1845 2852; baseline 0.002 -18"><span class='ocrx_word' id='word_1_201' title='bbox 258 2787 368 2834; x_wconf 81' lang='lat' dir='ltr'><strong>tam</strong></span> <span class='ocrx_word' id='word_1_202' title='bbox 405 2780 516 2835; x_wconf 89' lang='lat' dir='ltr'><strong>dici</strong></span> <span class='ocrx_word' id='word_1_203' title='bbox 559 2782 774 2847; x_wconf 87' lang='lat' dir='ltr'><strong>statuit,</strong></span> <span class='ocrx_word' id='word_1_204' title='bbox 821 2785 948 2852; x_wconf 84' lang='lat' dir='ltr'><strong>quia</strong></span> <span class='ocrx_word' id='word_1_205' title='bbox 976 2779 1220 2836; x_wconf 91' lang='lat' dir='ltr'><strong>nondum</strong></span> <span class='ocrx_word' id='word_1_206' title='bbox 1266 2782 1499 2851; x_wconf 87' lang='lat' dir='ltr'><strong>plantas,</strong></span> <span class='ocrx_word' id='word_1_207' title='bbox 1534 2782 1760 2837; x_wconf 87' lang='lat' dir='ltr'><strong>arbores</strong></span> <span class='ocrx_word' id='word_1_208' title='bbox 1789 2791 1845 2837; x_wconf 90' lang='lat' dir='ltr'><strong>et</strong></span> 
     </span>
    </p>
   </div>
   <div class='ocr_carea' id='block_1_31' title="bbox 260 2869 1841 2943">
    <p class='ocr_par' dir='ltr' id='par_1_31' title="bbox 260 2869 1841 2943">
     <span class='ocr_line' id='line_1_31' title="bbox 260 2869 1841 2943; baseline 0.002 -19"><span class='ocrx_word' id='word_1_209' title='bbox 260 2869 425 2926; x_wconf 81' lang='lat' dir='ltr'><strong>nores</strong></span> <span class='ocrx_word' id='word_1_210' title='bbox 456 2872 786 2941; x_wconf 81' lang='lat' dir='ltr'><strong>protulerat.</strong></span> <span class='ocrx_word' id='word_1_211' title='bbox 836 2872 905 2925; x_wconf 85' lang='lat' dir='ltr'><strong>At</strong></span> <span class='ocrx_word' id='word_1_212' title='bbox 945 2872 1122 2942; x_wconf 87' lang='lat' dir='ltr'><strong>ipsum</strong></span> <span class='ocrx_word' id='word_1_213' title='bbox 1172 2871 1372 2927; x_wconf 81' lang='lat' dir='ltr'><strong>ccelum</strong></span> <span class='ocrx_word' id='word_1_214' title='bbox 1416 2872 1841 2943; x_wconf 85' lang='lat' dir='ltr'><strong>incompositum</strong></span> 
     </span>
    </p>
   </div>
   <div class='ocr_carea' id='block_1_32' title="bbox 260 2961 1844 3035">
    <p class='ocr_par' dir='ltr' id='par_1_32' title="bbox 260 2961 1844 3035">
     <span class='ocr_line' id='line_1_32' title="bbox 260 2961 1844 3035; baseline 0.002 -20"><span class='ocrx_word' id='word_1_215' title='bbox 260 2962 434 3017; x_wconf 89' lang='lat' dir='ltr'><strong>fuisse</strong></span> <span class='ocrx_word' id='word_1_216' title='bbox 464 2963 768 3018; x_wconf 88' lang='lat' dir='ltr'><strong>contendit.</strong></span> <span class='ocrx_word' id='word_1_217' title='bbox 800 2961 929 3018; x_wconf 65' lang='lat' dir='ltr'><strong>Haec</strong></span> <span class='ocrx_word' id='word_1_218' title='bbox 950 2967 1152 3030; x_wconf 85' lang='lat' dir='ltr'><strong>eadem,</strong></span> <span class='ocrx_word' id='word_1_219' title='bbox 1178 2964 1374 3035; x_wconf 88' lang='lat' dir='ltr'><strong>inquit.</strong></span> <span class='ocrx_word' id='word_1_220' title='bbox 1400 2975 1449 3019; x_wconf 83' lang='lat' dir='ltr'><strong>et</strong></span> <span class='ocrx_word' id='word_1_221' title='bbox 1470 2964 1534 3018; x_wconf 89' lang='lat' dir='ltr'><strong>de</strong></span> <span class='ocrx_word' id='word_1_222' title='bbox 1556 2964 1681 3018; x_wconf 74' lang='lat' dir='ltr'><strong>coelo</strong></span> <span class='ocrx_word' id='word_1_223' title='bbox 1700 2967 1844 3018; x_wconf 73' lang='lat' dir='ltr'><strong>dixe-</strong></span> 
     </span>
    </p>
   </div>
   <div class='ocr_carea' id='block_1_33' title="bbox 1948 485 3518 558">
    <p class='ocr_par' dir='ltr' id='par_1_33' title="bbox 1948 485 3518 558">
     <span class='ocr_line' id='line_1_33' title="bbox 1948 485 3518 558; baseline 0.004 -20"><span class='ocrx_word' id='word_1_224' title='bbox 1948 486 2311 549; x_wconf 86' lang='lat' dir='ltr'><strong>tribueremus,</strong></span> <span class='ocrx_word' id='word_1_225' title='bbox 2359 486 2707 556; x_wconf 83' lang='lat' dir='ltr'><strong>antiquiorem</strong></span> <span class='ocrx_word' id='word_1_226' title='bbox 2754 485 2884 541; x_wconf 88' lang='lat' dir='ltr'><strong>solis</strong></span> <span class='ocrx_word' id='word_1_227' title='bbox 2916 488 3249 558; x_wconf 88' lang='lat' dir='ltr'><strong>generatione</strong></span> <span class='ocrx_word' id='word_1_228' title='bbox 3289 490 3518 545; x_wconf 79' lang='lat' dir='ltr'><strong>ordita-</strong></span> 
     </span>
    </p>
   </div>
   <div class='ocr_carea' id='block_1_34' title="bbox 1947 576 3513 651">
    <p class='ocr_par' dir='ltr' id='par_1_34' title="bbox 1947 576 3513 651">
     <span class='ocr_line' id='line_1_34' title="bbox 1947 576 3513 651; baseline 0.004 -20"><span class='ocrx_word' id='word_1_229' title='bbox 1947 586 2044 631; x_wconf 89' lang='lat' dir='ltr'><strong>tem</strong></span> <span class='ocrx_word' id='word_1_230' title='bbox 2078 587 2230 633; x_wconf 73' lang='lat' dir='ltr'><strong>terra:</strong></span> <span class='ocrx_word' id='word_1_231' title='bbox 2259 578 2435 645; x_wconf 75' lang='lat' dir='ltr'><strong>opifex</strong></span> <span class='ocrx_word' id='word_1_232' title='bbox 2463 578 2655 648; x_wconf 66' lang='lat' dir='ltr'><strong>effecit.</strong></span> <span class='ocrx_word' id='word_1_233' title='bbox 2704 577 2770 631; x_wconf 86' lang='lat' dir='ltr'><strong>Et</strong></span> <span class='ocrx_word' id='word_1_234' title='bbox 2812 578 3005 632; x_wconf 89' lang='lat' dir='ltr'><strong>homil.</strong></span> <span class='ocrx_word' id='word_1_235' title='bbox 3046 576 3100 643; x_wconf 88' lang='lat'><strong>6,</strong></span> <span class='ocrx_word' id='word_1_236' title='bbox 3142 595 3197 632; x_wconf 92' lang='lat' dir='ltr'><strong>n.</strong></span> <span class='ocrx_word' id='word_1_237' title='bbox 3228 578 3282 643; x_wconf 75' lang='lat'><strong>2,</strong></span> <span class='ocrx_word' id='word_1_238' title='bbox 3313 596 3366 651; x_wconf 94' lang='lat' dir='ltr'><strong>p.</strong></span> <span class='ocrx_word' id='word_1_239' title='bbox 3398 579 3462 635; x_wconf 81' lang='grc'>51</span> <span class='ocrx_word' id='word_1_240' title='bbox 3496 597 3513 637; x_wconf 90' lang='lat'><strong>:</strong></span> 
     </span>
    </p>
   </div>
   <div class='ocr_carea' id='block_1_35' title="bbox 1945 662 3519 736">
    <p class='ocr_par' dir='ltr' id='par_1_35' title="bbox 1945 662 3519 736">
     <span class='ocr_line' id='line_1_35' title="bbox 1945 662 3519 736; baseline 0.004 -18"><span class='ocrx_word' id='word_1_241' title='bbox 1945 662 2146 718; x_wconf 74' lang='lat' dir='ltr'><strong>Caelum</strong></span> <span class='ocrx_word' id='word_1_242' title='bbox 2174 675 2223 718; x_wconf 84' lang='lat' dir='ltr'><strong>et</strong></span> <span class='ocrx_word' id='word_1_243' title='bbox 2255 675 2395 720; x_wconf 87' lang='lat' dir='ltr'><strong>terra</strong></span> <span class='ocrx_word' id='word_1_244' title='bbox 2424 675 2823 735; x_wconf 76' lang='lat' dir='ltr'><strong>prtecesserant,</strong></span> <span class='ocrx_word' id='word_1_245' title='bbox 2869 675 2985 736; x_wconf 89' lang='lat' dir='ltr'><strong>post</strong></span> <span class='ocrx_word' id='word_1_246' title='bbox 3036 665 3146 721; x_wconf 80' lang='lat' dir='ltr'><strong>[uec</strong></span> <span class='ocrx_word' id='word_1_247' title='bbox 3194 679 3375 721; x_wconf 90' lang='lat' dir='ltr'><strong>creata</strong></span> <span class='ocrx_word' id='word_1_248' title='bbox 3423 668 3519 724; x_wconf 71' lang='grc' dir='ltr'>ιαω</span> 
     </span>
    </p>
   </div>
   <div class='ocr_carea' id='block_1_36' title="bbox 1945 754 3519 828">
    <p class='ocr_par' dir='ltr' id='par_1_36' title="bbox 1945 754 3519 828">
     <span class='ocr_line' id='line_1_36' title="bbox 1945 754 3519 828; baseline 0.004 -21"><span class='ocrx_word' id='word_1_249' title='bbox 1945 754 2139 824; x_wconf 82' lang='lat' dir='ltr'><strong>fuerat,</strong></span> <span class='ocrx_word' id='word_1_250' title='bbox 2171 755 2280 810; x_wconf 87' lang='lat' dir='ltr'><strong>dies</strong></span> <span class='ocrx_word' id='word_1_251' title='bbox 2311 765 2361 810; x_wconf 86' lang='lat' dir='ltr'><strong>et</strong></span> <span class='ocrx_word' id='word_1_252' title='bbox 2393 772 2498 812; x_wconf 74' lang='lat' dir='ltr'><strong>nox</strong></span> <span class='ocrx_word' id='word_1_253' title='bbox 2527 758 2768 810; x_wconf 77' lang='lat' dir='ltr'><strong>discretie</strong></span> <span class='ocrx_word' id='word_1_254' title='bbox 2798 756 3041 828; x_wconf 77' lang='lat' dir='ltr'><strong>fuerant;</strong></span> <span class='ocrx_word' id='word_1_255' title='bbox 3069 758 3191 810; x_wconf 87' lang='lat' dir='ltr'><strong>item</strong></span> <span class='ocrx_word' id='word_1_256' title='bbox 3219 758 3519 826; x_wconf 71' lang='lat' dir='ltr'><strong>ﬁrmamem</strong></span> 
     </span>
    </p>
   </div>
   <div class='ocr_carea' id='block_1_37' title="bbox 1945 847 3514 919">
    <p class='ocr_par' dir='ltr' id='par_1_37' title="bbox 1945 847 3514 919">
     <span class='ocr_line' id='line_1_37' title="bbox 1945 847 3514 919; baseline 0.005 -22"><span class='ocrx_word' id='word_1_257' title='bbox 1945 854 2077 910; x_wconf 88' lang='lat' dir='ltr'><strong>tum,</strong></span> <span class='ocrx_word' id='word_1_258' title='bbox 2118 856 2167 900; x_wconf 89' lang='lat' dir='ltr'><strong>et</strong></span> <span class='ocrx_word' id='word_1_259' title='bbox 2215 847 2380 902; x_wconf 51' lang='lat' dir='ltr'><strong>arida,</strong></span> <span class='ocrx_word' id='word_1_260' title='bbox 2420 849 2664 902; x_wconf 86' lang='lat' dir='ltr'><strong>detectio.</strong></span> <span class='ocrx_word' id='word_1_261' title='bbox 2719 849 2883 903; x_wconf 85' lang='lat' dir='ltr'><strong>Terra</strong></span> <span class='ocrx_word' id='word_1_262' title='bbox 2927 850 3155 919; x_wconf 83' lang='lat' dir='ltr'><strong>propriis</strong></span> <span class='ocrx_word' id='word_1_263' title='bbox 3193 850 3514 919; x_wconf 84' lang='lat' dir='ltr'><strong>germinibus</strong></span> 
     </span>
    </p>
   </div>
   <div class='ocr_carea' id='block_1_38' title="bbox 1942 939 3516 1011">
    <p class='ocr_par' dir='ltr' id='par_1_38' title="bbox 1942 939 3516 1011">
     <span class='ocr_line' id='line_1_38' title="bbox 1942 939 3516 1011; baseline 0.004 -21"><span class='ocrx_word' id='word_1_264' title='bbox 1942 948 2057 990; x_wconf 89' lang='lat' dir='ltr'><strong>erat</strong></span> <span class='ocrx_word' id='word_1_265' title='bbox 2098 939 2316 1008; x_wconf 84' lang='lat' dir='ltr'><strong>referta,</strong></span> <span class='ocrx_word' id='word_1_266' title='bbox 2358 940 2777 1011; x_wconf 83' lang='lat' dir='ltr'><strong>quandoquidem</strong></span> <span class='ocrx_word' id='word_1_267' title='bbox 2819 950 2869 997; x_wconf 91' lang='lat' dir='ltr'><strong>et</strong></span> <span class='ocrx_word' id='word_1_268' title='bbox 2910 944 3186 996; x_wconf 87' lang='lat' dir='ltr'><strong>innumera</strong></span> <span class='ocrx_word' id='word_1_269' title='bbox 3220 941 3516 1011; x_wconf 86' lang='lat' dir='ltr'><strong>protulerat</strong></span> 
     </span>
    </p>
   </div>
   <div class='ocr_carea' id='block_1_39' title="bbox 1945 1022 3517 1100">
    <p class='ocr_par' dir='ltr' id='par_1_39' title="bbox 1945 1022 3517 1100">
     <span class='ocr_line' id='line_1_39' title="bbox 1945 1022 3517 1100; baseline 0.006 -21"><span class='ocrx_word' id='word_1_270' title='bbox 1945 1026 2228 1081; x_wconf 84' lang='lat' dir='ltr'><strong>herbarum</strong></span> <span class='ocrx_word' id='word_1_271' title='bbox 2253 1046 2466 1100; x_wconf 89' lang='lat' dir='ltr'><strong>genera,</strong></span> <span class='ocrx_word' id='word_1_272' title='bbox 2495 1040 2544 1083; x_wconf 91' lang='lat' dir='ltr'><strong>et</strong></span> <span class='ocrx_word' id='word_1_273' title='bbox 2574 1022 2891 1085; x_wconf 85' lang='lat' dir='ltr'><strong>omnimodis</strong></span> <span class='ocrx_word' id='word_1_274' title='bbox 2914 1032 3218 1099; x_wconf 86' lang='lat' dir='ltr'><strong>plantarum</strong></span> <span class='ocrx_word' id='word_1_275' title='bbox 3250 1033 3517 1100; x_wconf 88' lang='lat' dir='ltr'><strong>speciebus</strong></span> 
     </span>
    </p>
   </div>
   <div class='ocr_carea' id='block_1_40' title="bbox 1942 1119 3517 1195">
    <p class='ocr_par' dir='ltr' id='par_1_40' title="bbox 1942 1119 3517 1195">
     <span class='ocr_line' id='line_1_40' title="bbox 1942 1119 3517 1195; baseline 0.004 -22"><span class='ocrx_word' id='word_1_276' title='bbox 1942 1119 2284 1175; x_wconf 78' lang='lat' dir='ltr'><strong>exuberabat.</strong></span> <span class='ocrx_word' id='word_1_277' title='bbox 2321 1119 2561 1176; x_wconf 86' lang='lat' dir='ltr'><strong>Necdum</strong></span> <span class='ocrx_word' id='word_1_278' title='bbox 2596 1132 2768 1177; x_wconf 86' lang='lat' dir='ltr'><strong>tamen</strong></span> <span class='ocrx_word' id='word_1_279' title='bbox 2795 1134 2909 1177; x_wconf 89' lang='lat' dir='ltr'><strong>erat</strong></span> <span class='ocrx_word' id='word_1_280' title='bbox 2938 1124 3040 1188; x_wconf 86' lang='lat' dir='ltr'><strong>sol,</strong></span> <span class='ocrx_word' id='word_1_281' title='bbox 3076 1141 3236 1195; x_wconf 88' lang='lat' dir='ltr'><strong>neque</strong></span> <span class='ocrx_word' id='word_1_282' title='bbox 3262 1125 3389 1179; x_wconf 88' lang='lat' dir='ltr'><strong>luna</strong></span> <span class='ocrx_word' id='word_1_283' title='bbox 3410 1142 3429 1178; x_wconf 93' lang='lat'><strong><em>:</em></strong></span> <span class='ocrx_word' id='word_1_284' title='bbox 3453 1141 3517 1180; x_wconf 88' lang='lat' dir='ltr'><strong>ne</strong></span> 
     </span>
    </p>
   </div>
   <div class='ocr_carea' id='block_1_41' title="bbox 1946 1205 3517 1279">
    <p class='ocr_par' dir='ltr' id='par_1_41' title="bbox 1946 1205 3517 1279">
     <span class='ocr_line' id='line_1_41' title="bbox 1946 1205 3517 1279; baseline 0.008 -22"><span class='ocrx_word' id='word_1_285' title='bbox 1946 1205 2076 1260; x_wconf 90' lang='lat' dir='ltr'><strong>lucis</strong></span> <span class='ocrx_word' id='word_1_286' title='bbox 2127 1218 2393 1262; x_wconf 85' lang='lat' dir='ltr'><strong>auctorem</strong></span> <span class='ocrx_word' id='word_1_287' title='bbox 2433 1219 2484 1263; x_wconf 90' lang='lat' dir='ltr'><strong>et</strong></span> <span class='ocrx_word' id='word_1_288' title='bbox 2529 1220 2732 1279; x_wconf 87' lang='lat' dir='ltr'><strong>patrem</strong></span> <span class='ocrx_word' id='word_1_289' title='bbox 2779 1213 3104 1277; x_wconf 86' lang='lat' dir='ltr'><strong>appellarent</strong></span> <span class='ocrx_word' id='word_1_290' title='bbox 3150 1214 3332 1279; x_wconf 87' lang='lat' dir='ltr'><strong>solem,</strong></span> <span class='ocrx_word' id='word_1_291' title='bbox 3394 1231 3517 1269; x_wconf 80' lang='lat' dir='ltr'><strong>nere</strong></span> 
     </span>
    </p>
   </div>
   <div class='ocr_carea' id='block_1_42' title="bbox 1943 1304 3517 1377">
    <p class='ocr_par' dir='ltr' id='par_1_42' title="bbox 1943 1304 3517 1377">
     <span class='ocr_line' id='line_1_42' title="bbox 1943 1304 3517 1377; baseline 0.006 -25"><span class='ocrx_word' id='word_1_292' title='bbox 1943 1316 2119 1353; x_wconf 85' lang='lat' dir='ltr'><strong>rerum</strong></span> <span class='ocrx_word' id='word_1_293' title='bbox 2149 1317 2177 1354; x_wconf 93' lang='lat' dir='ltr'><strong>e</strong></span> <span class='ocrx_word' id='word_1_294' title='bbox 2206 1311 2348 1355; x_wconf 89' lang='lat' dir='ltr'><strong>terra</strong></span> <span class='ocrx_word' id='word_1_295' title='bbox 2389 1304 2718 1357; x_wconf 88' lang='lat' dir='ltr'><strong>nascentium</strong></span> <span class='ocrx_word' id='word_1_296' title='bbox 2751 1305 2991 1374; x_wconf 79' lang='lat' dir='ltr'><strong>opiﬁcem</strong></span> <span class='ocrx_word' id='word_1_297' title='bbox 3021 1307 3111 1376; x_wconf 87' lang='lat' dir='ltr'><strong>qui</strong></span> <span class='ocrx_word' id='word_1_298' title='bbox 3148 1306 3316 1361; x_wconf 82' lang='lat' dir='ltr'><strong>Deum</strong></span> <span class='ocrx_word' id='word_1_299' title='bbox 3364 1307 3517 1377; x_wconf 87' lang='lat' dir='ltr'><strong>igno-</strong></span> 
     </span>
    </p>
   </div>
   <div class='ocr_carea' id='block_1_43' title="bbox 1943 1393 2473 1447">
    <p class='ocr_par' dir='ltr' id='par_1_43' title="bbox 1943 1393 2473 1447">
     <span class='ocr_line' id='line_1_43' title="bbox 1943 1393 2473 1447; baseline 0.004 -4"><span class='ocrx_word' id='word_1_300' title='bbox 1943 1400 2063 1443; x_wconf 84' lang='lat' dir='ltr'><strong>rant</strong></span> <span class='ocrx_word' id='word_1_301' title='bbox 2090 1393 2473 1447; x_wconf 66' lang='lat' dir='ltr'><strong>existimarent.</strong></span> 
     </span>
    </p>
   </div>
   <div class='ocr_carea' id='block_1_44' title="bbox 2012 1481 3515 1561">
    <p class='ocr_par' dir='ltr' id='par_1_44' title="bbox 2012 1481 3515 1561">
     <span class='ocr_line' id='line_1_44' title="bbox 2012 1481 3515 1561; baseline 0.006 -23"><span class='ocrx_word' id='word_1_302' title='bbox 2012 1483 2131 1539; x_wconf 85' lang='lat' dir='ltr'><strong>Jam</strong></span> <span class='ocrx_word' id='word_1_303' title='bbox 2170 1501 2298 1541; x_wconf 83' lang='lat' dir='ltr'><strong>vero</strong></span> <span class='ocrx_word' id='word_1_304' title='bbox 2334 1486 2593 1556; x_wconf 80' lang='lat' dir='ltr'><strong>perfacile</strong></span> <span class='ocrx_word' id='word_1_305' title='bbox 2639 1496 2721 1544; x_wconf 91' lang='lat' dir='ltr'><strong>est</strong></span> <span class='ocrx_word' id='word_1_306' title='bbox 2761 1500 3034 1559; x_wconf 67' lang='lat' dir='ltr'><strong>esponere</strong></span> <span class='ocrx_word' id='word_1_307' title='bbox 3068 1505 3179 1561; x_wconf 89' lang='lat' dir='ltr'><strong>quo</strong></span> <span class='ocrx_word' id='word_1_308' title='bbox 3210 1505 3375 1547; x_wconf 81' lang='lat' dir='ltr'><strong>sensu</strong></span> <span class='ocrx_word' id='word_1_309' title='bbox 3410 1481 3515 1547; x_wconf 78' lang='lat' dir='ltr'><strong>Ba-</strong></span> 
     </span>
    </p>
   </div>
   <div class='ocr_carea' id='block_1_45' title="bbox 1943 1574 3515 1650">
    <p class='ocr_par' dir='ltr' id='par_1_45' title="bbox 1943 1574 3515 1650">
     <span class='ocr_line' id='line_1_45' title="bbox 1943 1574 3515 1650; baseline 0.006 -20"><span class='ocrx_word' id='word_1_310' title='bbox 1943 1574 2100 1632; x_wconf 88' lang='lat' dir='ltr'><strong>silius</strong></span> <span class='ocrx_word' id='word_1_311' title='bbox 2122 1578 2382 1631; x_wconf 92' lang='lat' dir='ltr'><strong>mundum</strong></span> <span class='ocrx_word' id='word_1_312' title='bbox 2411 1579 2673 1644; x_wconf 87' lang='lat' dir='ltr'><strong>temporis</strong></span> <span class='ocrx_word' id='word_1_313' title='bbox 2699 1587 2973 1633; x_wconf 88' lang='lat' dir='ltr'><strong>momento</strong></span> <span class='ocrx_word' id='word_1_314' title='bbox 3003 1583 3328 1650; x_wconf 85' lang='lat' dir='ltr'><strong>productum</strong></span> <span class='ocrx_word' id='word_1_315' title='bbox 3360 1582 3515 1640; x_wconf 81' lang='lat' dir='ltr'><strong>dixe-</strong></span> 
     </span>
    </p>
   </div>
   <div class='ocr_carea' id='block_1_46' title="bbox 1946 1667 3514 1744">
    <p class='ocr_par' dir='ltr' id='par_1_46' title="bbox 1946 1667 3514 1744">
     <span class='ocr_line' id='line_1_46' title="bbox 1946 1667 3514 1744; baseline 0.006 -23"><span class='ocrx_word' id='word_1_316' title='bbox 1946 1667 2044 1721; x_wconf 91' lang='lat' dir='ltr'><strong>rit.</strong></span> <span class='ocrx_word' id='word_1_317' title='bbox 2070 1667 2482 1724; x_wconf 81' lang='lat' dir='ltr'><strong>‘Testimonium</strong></span> <span class='ocrx_word' id='word_1_318' title='bbox 2523 1670 2666 1740; x_wconf 91' lang='lat' dir='ltr'><strong>quod</strong></span> <span class='ocrx_word' id='word_1_319' title='bbox 2704 1671 2984 1739; x_wconf 88' lang='lat' dir='ltr'><strong>objicitur,</strong></span> <span class='ocrx_word' id='word_1_320' title='bbox 3018 1680 3197 1728; x_wconf 79' lang='lat' dir='ltr'><strong>exstat</strong></span> <span class='ocrx_word' id='word_1_321' title='bbox 3234 1673 3420 1729; x_wconf 82' lang='lat' dir='ltr'><strong>liomil.</strong></span> <span class='ocrx_word' id='word_1_322' title='bbox 3458 1676 3514 1744; x_wconf 74' lang='grc' dir='ltr'>Ι,</span> 
     </span>
    </p>
   </div>
   <div class='ocr_carea' id='block_1_47' title="bbox 1942 1757 3516 1836">
    <p class='ocr_par' dir='ltr' id='par_1_47' title="bbox 1942 1757 3516 1836">
     <span class='ocr_line' id='line_1_47' title="bbox 1942 1757 3516 1836; baseline 0.006 -24"><span class='ocrx_word' id='word_1_323' title='bbox 1942 1774 1997 1812; x_wconf 91' lang='lat' dir='ltr'><strong>n.</strong></span> <span class='ocrx_word' id='word_1_324' title='bbox 2023 1757 2075 1824; x_wconf 84' lang='lat'><strong>6,</strong></span> <span class='ocrx_word' id='word_1_325' title='bbox 2107 1759 2195 1813; x_wconf 90' lang='lat' dir='ltr'><strong>ubi</strong></span> <span class='ocrx_word' id='word_1_326' title='bbox 2219 1761 2300 1815; x_wconf 87' lang='lat' dir='ltr'><strong>sic</strong></span> <span class='ocrx_word' id='word_1_327' title='bbox 2327 1761 2568 1831; x_wconf 81' lang='lat' dir='ltr'><strong>loquitur</strong></span> <span class='ocrx_word' id='word_1_328' title='bbox 2601 1782 2612 1815; x_wconf 92' lang='lat'>:</span> <span class='ocrx_word' id='word_1_329' title='bbox 2650 1763 2722 1814; x_wconf 84' lang='lat' dir='ltr'><strong>&quot;H</strong></span> <span class='ocrx_word' id='word_1_330' title='bbox 2746 1763 2885 1834; x_wconf 82' lang='grc' dir='ltr'><strong>τάχα</strong></span> <span class='ocrx_word' id='word_1_331' title='bbox 2911 1762 2997 1817; x_wconf 76' lang='grc' dir='ltr'>διὰ</span> <span class='ocrx_word' id='word_1_332' title='bbox 3024 1763 3085 1817; x_wconf 79' lang='grc' dir='ltr'><strong>τὸ</strong></span> <span class='ocrx_word' id='word_1_333' title='bbox 3106 1765 3390 1836; x_wconf 78' lang='grc' dir='ltr'>ἀκαριαῖον</span> <span class='ocrx_word' id='word_1_334' title='bbox 3420 1768 3516 1822; x_wconf 78' lang='grc' dir='ltr'>καὶ</span> 
     </span>
    </p>
   </div>
   <div class='ocr_carea' id='block_1_48' title="bbox 1941 1846 3518 1927">
    <p class='ocr_par' dir='ltr' id='par_1_48' title="bbox 1941 1846 3518 1927">
     <span class='ocr_line' id='line_1_48' title="bbox 1941 1846 3518 1927; baseline 0.004 -27"><span class='ocrx_word' id='word_1_335' title='bbox 1941 1846 2167 1918; x_wconf 80' lang='grc' dir='ltr'><strong>ἄχρονον</strong></span> <span class='ocrx_word' id='word_1_336' title='bbox 2187 1847 2285 1919; x_wconf 80' lang='grc' dir='ltr'><strong>τῆς</strong></span> <span class='ocrx_word' id='word_1_337' title='bbox 2302 1849 2658 1921; x_wconf 80' lang='grc' dir='ltr'><strong>δημιουργίας</strong></span> <span class='ocrx_word' id='word_1_338' title='bbox 2678 1852 2891 1924; x_wconf 77' lang='grc' dir='ltr'>εἴρηται</span> <span class='ocrx_word' id='word_1_339' title='bbox 2909 1852 2990 1914; x_wconf 85' lang='grc' dir='ltr'><strong>τὸ,</strong></span> <span class='ocrx_word' id='word_1_340' title='bbox 3015 1870 3034 1903; x_wconf 77' lang='lat' dir='ltr'><strong>t</strong></span> <span class='ocrx_word' id='word_1_341' title='bbox 3057 1853 3145 1907; x_wconf 87' lang='grc' dir='ltr'>Ἐν</span> <span class='ocrx_word' id='word_1_342' title='bbox 3167 1855 3307 1927; x_wconf 80' lang='grc' dir='ltr'><strong>ἀρχῇ</strong></span> <span class='ocrx_word' id='word_1_343' title='bbox 3333 1855 3518 1925; x_wconf 78' lang='grc' dir='ltr'>ἐποίη-</span> 
     </span>
    </p>
   </div>
   <div class='ocr_carea' id='block_1_49' title="bbox 1943 1939 3518 2017">
    <p class='ocr_par' dir='ltr' id='par_1_49' title="bbox 1943 1939 3518 2017">
     <span class='ocr_line' id='line_1_49' title="bbox 1943 1939 3518 2017; baseline 0.005 -27"><span class='ocrx_word' id='word_1_344' title='bbox 1943 1954 2054 2003; x_wconf 86' lang='grc' dir='ltr'>σεν,</span> <span class='ocrx_word' id='word_1_345' title='bbox 2084 1957 2102 1990; x_wconf 73' lang='grc' dir='ltr'><strong>ι</strong></span> <span class='ocrx_word' id='word_1_346' title='bbox 2138 1939 2322 2011; x_wconf 76' lang='grc' dir='ltr'>ἐπειδὴ</span> <span class='ocrx_word' id='word_1_347' title='bbox 2354 1942 2560 2011; x_wconf 82' lang='grc' dir='ltr'>ἀμερές</span> <span class='ocrx_word' id='word_1_348' title='bbox 2591 1959 2644 1994; x_wconf 83' lang='grc' dir='ltr'><strong>τι</strong></span> <span class='ocrx_word' id='word_1_349' title='bbox 2677 1943 2770 1995; x_wconf 78' lang='grc' dir='ltr'><strong>καὶ</strong></span> <span class='ocrx_word' id='word_1_350' title='bbox 2791 1942 3111 1997; x_wconf 79' lang='grc' dir='ltr'><strong>ἀδιάστατον</strong></span> <span class='ocrx_word' id='word_1_351' title='bbox 3153 1946 3186 2016; x_wconf 83' lang='grc' dir='ltr'><strong>ἡ</strong></span> <span class='ocrx_word' id='word_1_352' title='bbox 3220 1946 3386 2017; x_wconf 86' lang='grc' dir='ltr'>ἀρχή.</span> <span class='ocrx_word' id='word_1_353' title='bbox 3426 1945 3518 2011; x_wconf 81' lang='grc' dir='ltr'><strong>Ὠς</strong></span> 
     </span>
    </p>
   </div>
   <div class='ocr_carea' id='block_1_50' title="bbox 1940 2029 3517 2109">
    <p class='ocr_par' dir='ltr' id='par_1_50' title="bbox 1940 2029 3517 2109">
     <span class='ocr_line' id='line_1_50' title="bbox 1940 2029 3517 2109; baseline 0.004 -26"><span class='ocrx_word' id='word_1_354' title='bbox 1940 2029 2049 2102; x_wconf 83' lang='grc' dir='ltr'><strong>γὰρ</strong></span> <span class='ocrx_word' id='word_1_355' title='bbox 2085 2033 2118 2102; x_wconf 80' lang='grc' dir='ltr'>ἡ</span> <span class='ocrx_word' id='word_1_356' title='bbox 2153 2032 2296 2103; x_wconf 82' lang='grc' dir='ltr'>ἀρχὴ</span> <span class='ocrx_word' id='word_1_357' title='bbox 2324 2034 2422 2104; x_wconf 80' lang='grc' dir='ltr'><strong>τῆς</strong></span> <span class='ocrx_word' id='word_1_358' title='bbox 2454 2034 2573 2087; x_wconf 77' lang='grc' dir='ltr'>ὁδοῦ</span> <span class='ocrx_word' id='word_1_359' title='bbox 2603 2032 2754 2087; x_wconf 72' lang='grc' dir='ltr'>οὔπω</span> <span class='ocrx_word' id='word_1_360' title='bbox 2774 2034 2912 2099; x_wconf 82' lang='grc' dir='ltr'>ὁδὸς,</span> <span class='ocrx_word' id='word_1_361' title='bbox 2944 2036 3038 2088; x_wconf 76' lang='grc' dir='ltr'><strong>καὶ</strong></span> <span class='ocrx_word' id='word_1_362' title='bbox 3066 2037 3100 2106; x_wconf 79' lang='grc' dir='ltr'>ἡ</span> <span class='ocrx_word' id='word_1_363' title='bbox 3132 2037 3272 2108; x_wconf 83' lang='grc' dir='ltr'>ἁρχὴ</span> <span class='ocrx_word' id='word_1_364' title='bbox 3304 2038 3403 2109; x_wconf 78' lang='grc' dir='ltr'><strong>τῆς</strong></span> <span class='ocrx_word' id='word_1_365' title='bbox 3435 2039 3517 2091; x_wconf 87' lang='lat' dir='ltr'><strong>ol-</strong></span> 
     </span>
    </p>
   </div>
   <div class='ocr_carea' id='block_1_51' title="bbox 1940 2123 3519 2201">
    <p class='ocr_par' dir='ltr' id='par_1_51' title="bbox 1940 2123 3519 2201">
     <span class='ocr_line' id='line_1_51' title="bbox 1940 2123 3519 2201; baseline 0.004 -25"><span class='ocrx_word' id='word_1_366' title='bbox 1940 2123 2066 2187; x_wconf 83' lang='grc' dir='ltr'>κίας</span> <span class='ocrx_word' id='word_1_367' title='bbox 2100 2123 2200 2178; x_wconf 77' lang='grc' dir='ltr'><strong>οὐκ</strong></span> <span class='ocrx_word' id='word_1_368' title='bbox 2236 2124 2403 2177; x_wconf 79' lang='grc' dir='ltr'>οἰκία’</span> <span class='ocrx_word' id='word_1_369' title='bbox 2450 2124 2591 2177; x_wconf 76' lang='grc' dir='ltr'>οὕτω</span> <span class='ocrx_word' id='word_1_370' title='bbox 2628 2126 2723 2179; x_wconf 73' lang='grc' dir='ltr'><strong>καὶ</strong></span> <span class='ocrx_word' id='word_1_371' title='bbox 2762 2128 2793 2197; x_wconf 82' lang='grc' dir='ltr'><strong>ἠ</strong></span> <span class='ocrx_word' id='word_1_372' title='bbox 2839 2126 2932 2179; x_wconf 81' lang='grc' dir='ltr'>τοῦ</span> <span class='ocrx_word' id='word_1_373' title='bbox 2961 2127 3152 2199; x_wconf 87' lang='grc' dir='ltr'>χρόνου</span> <span class='ocrx_word' id='word_1_374' title='bbox 3191 2128 3333 2201; x_wconf 78' lang='grc' dir='ltr'>ἀρχὴ</span> <span class='ocrx_word' id='word_1_375' title='bbox 3365 2126 3519 2182; x_wconf 69' lang='grc' dir='ltr'>οὔπω</span> 
     </span>
    </p>
   </div>
   <div class='ocr_carea' id='block_1_52' title="bbox 1940 2215 3519 2290">
    <p class='ocr_par' dir='ltr' id='par_1_52' title="bbox 1940 2215 3519 2290">
     <span class='ocr_line' id='line_1_52' title="bbox 1940 2215 3519 2290; baseline 0.007 -25"><span class='ocrx_word' id='word_1_376' title='bbox 1940 2215 2153 2286; x_wconf 84' lang='grc' dir='ltr'>χρόνος,</span> <span class='ocrx_word' id='word_1_377' title='bbox 2200 2215 2313 2269; x_wconf 82' lang='grc' dir='ltr'>ἁλλ’</span> <span class='ocrx_word' id='word_1_378' title='bbox 2357 2215 2478 2269; x_wconf 76' lang='grc' dir='ltr'>οὐδὲ</span> <span class='ocrx_word' id='word_1_379' title='bbox 2527 2216 2691 2288; x_wconf 80' lang='grc' dir='ltr'>μέρος</span> <span class='ocrx_word' id='word_1_380' title='bbox 2731 2217 2895 2271; x_wconf 78' lang='grc' dir='ltr'>αὑτοῦ</span> <span class='ocrx_word' id='word_1_381' title='bbox 2927 2218 2987 2271; x_wconf 82' lang='grc' dir='ltr'>τὸ</span> <span class='ocrx_word' id='word_1_382' title='bbox 3023 2219 3373 2290; x_wconf 77' lang='grc' dir='ltr'>ἐλάχιστον...</span> <span class='ocrx_word' id='word_1_383' title='bbox 3398 2222 3519 2276; x_wconf 78' lang='grc' dir='ltr'>Ἵνα</span> 
     </span>
    </p>
   </div>
   <div class='ocr_carea' id='block_1_53' title="bbox 1940 2305 3519 2385">
    <p class='ocr_par' dir='ltr' id='par_1_53' title="bbox 1940 2305 3519 2385">
     <span class='ocr_line' id='line_1_53' title="bbox 1940 2305 3519 2385; baseline 0.006 -27"><span class='ocrx_word' id='word_1_384' title='bbox 1940 2305 2119 2360; x_wconf 81' lang='grc' dir='ltr'>τοίνυν</span> <span class='ocrx_word' id='word_1_385' title='bbox 2145 2305 2479 2379; x_wconf 63' lang='grc' dir='ltr'>διὼχθῶμεν</span> <span class='ocrx_word' id='word_1_386' title='bbox 2518 2308 2655 2378; x_wconf 81' lang='grc' dir='ltr'>ὁμοῦ</span> <span class='ocrx_word' id='word_1_387' title='bbox 2679 2312 2745 2380; x_wconf 80' lang='grc' dir='ltr'>τῇ</span> <span class='ocrx_word' id='word_1_388' title='bbox 2776 2308 3029 2382; x_wconf 83' lang='grc' dir='ltr'><strong>βουλήσει</strong></span> <span class='ocrx_word' id='word_1_389' title='bbox 3063 2311 3157 2366; x_wconf 83' lang='grc' dir='ltr'>τοῦ</span> <span class='ocrx_word' id='word_1_390' title='bbox 3188 2311 3323 2365; x_wconf 84' lang='grc' dir='ltr'><strong>Θεοῦ</strong></span> <span class='ocrx_word' id='word_1_391' title='bbox 3353 2310 3519 2385; x_wconf 66' lang='grc' dir='ltr'>ἀχρόα</span> 
     </span>
    </p>
   </div>
   <div class='ocr_carea' id='block_1_54' title="bbox 1940 2399 3515 2479">
    <p class='ocr_par' dir='ltr' id='par_1_54' title="bbox 1940 2399 3515 2479">
     <span class='ocr_line' id='line_1_54' title="bbox 1940 2399 3515 2479; baseline 0.006 -29"><span class='ocrx_word' id='word_1_392' title='bbox 1940 2415 2048 2462; x_wconf 84' lang='grc' dir='ltr'>νως</span> <span class='ocrx_word' id='word_1_393' title='bbox 2077 2399 2470 2468; x_wconf 83' lang='grc' dir='ltr'>συνυφεστάναι</span> <span class='ocrx_word' id='word_1_394' title='bbox 2497 2401 2587 2453; x_wconf 80' lang='grc' dir='ltr'><strong>τὸν</strong></span> <span class='ocrx_word' id='word_1_395' title='bbox 2606 2402 2828 2472; x_wconf 82' lang='grc' dir='ltr'>κόσμον,</span> <span class='ocrx_word' id='word_1_396' title='bbox 2853 2401 3065 2474; x_wconf 72' lang='grc' dir='ltr'>εἴρηται</span> <span class='ocrx_word' id='word_1_397' title='bbox 3096 2403 3176 2469; x_wconf 84' lang='grc' dir='ltr'><strong>τὸ,</strong></span> <span class='ocrx_word' id='word_1_398' title='bbox 3212 2424 3229 2455; x_wconf 78' lang='grc' dir='ltr'><strong>ι</strong></span> <span class='ocrx_word' id='word_1_399' title='bbox 3252 2405 3341 2457; x_wconf 88' lang='grc' dir='ltr'>Ἐν</span> <span class='ocrx_word' id='word_1_400' title='bbox 3372 2407 3515 2479; x_wconf 75' lang='grc' dir='ltr'>ἀρχῇ</span> 
     </span>
    </p>
   </div>
   <div class='ocr_carea' id='block_1_55' title="bbox 1941 2485 3519 2567">
    <p class='ocr_par' dir='ltr' id='par_1_55' title="bbox 1941 2485 3519 2567">
     <span class='ocr_line' id='line_1_55' title="bbox 1941 2485 3519 2567; baseline 0.005 -27"><span class='ocrx_word' id='word_1_401' title='bbox 1941 2485 2214 2558; x_wconf 75' lang='grc' dir='ltr'>ἐποίησεν·</span> <span class='ocrx_word' id='word_1_402' title='bbox 2240 2508 2257 2540; x_wconf 77' lang='grc' dir='ltr'><strong>ι</strong></span> <span class='ocrx_word' id='word_1_403' title='bbox 2281 2490 2419 2560; x_wconf 83' lang='grc' dir='ltr'>ὅπερ</span> <span class='ocrx_word' id='word_1_404' title='bbox 2451 2489 2628 2561; x_wconf 74' lang='grc' dir='ltr'>ἕτεροι</span> <span class='ocrx_word' id='word_1_405' title='bbox 2655 2490 2764 2545; x_wconf 86' lang='grc' dir='ltr'><strong>τῶν</strong></span> <span class='ocrx_word' id='word_1_406' title='bbox 2791 2491 3159 2563; x_wconf 84' lang='grc' dir='ltr'>ὲρμηνευτῶν,</span> <span class='ocrx_word' id='word_1_407' title='bbox 3185 2492 3519 2567; x_wconf 82' lang='grc' dir='ltr'>σαφέστερον</span> 
     </span>
    </p>
   </div>
   <div class='ocr_carea' id='block_1_56' title="bbox 1940 2580 3520 2658">
    <p class='ocr_par' dir='ltr' id='par_1_56' title="bbox 1940 2580 3520 2658">
     <span class='ocr_line' id='line_1_56' title="bbox 1940 2580 3520 2658; baseline 0.004 -24"><span class='ocrx_word' id='word_1_408' title='bbox 1940 2580 2031 2634; x_wconf 75' lang='grc' dir='ltr'><strong>τὸν</strong></span> <span class='ocrx_word' id='word_1_409' title='bbox 2053 2580 2177 2634; x_wconf 82' lang='grc' dir='ltr'>νοῦν</span> <span class='ocrx_word' id='word_1_410' title='bbox 2200 2581 2518 2647; x_wconf 73' lang='grc' dir='ltr'><strong>ἐκδιδόντες,</strong></span> <span class='ocrx_word' id='word_1_411' title='bbox 2545 2582 2849 2654; x_wconf 75' lang='grc' dir='ltr'><strong>εἰρήκασιν.</strong></span> <span class='ocrx_word' id='word_1_412' title='bbox 2869 2601 2888 2633; x_wconf 73' lang='grc' dir='ltr'><strong>ι</strong></span> <span class='ocrx_word' id='word_1_413' title='bbox 2911 2583 2999 2636; x_wconf 84' lang='grc' dir='ltr'>Ἐν</span> <span class='ocrx_word' id='word_1_414' title='bbox 3029 2584 3305 2656; x_wconf 77' lang='grc' dir='ltr'>κεφαλαίῳ</span> <span class='ocrx_word' id='word_1_415' title='bbox 3332 2586 3520 2658; x_wconf 76' lang='grc' dir='ltr'>ἐποιη-</span> 
     </span>
    </p>
   </div>
   <div class='ocr_carea' id='block_1_57' title="bbox 1942 2670 3520 2746">
    <p class='ocr_par' dir='ltr' id='par_1_57' title="bbox 1942 2670 3520 2746">
     <span class='ocr_line' id='line_1_57' title="bbox 1942 2670 3520 2746; baseline 0.002 -20"><span class='ocrx_word' id='word_1_416' title='bbox 1942 2689 2034 2726; x_wconf 86' lang='grc' dir='ltr'><strong>σεν</strong></span> <span class='ocrx_word' id='word_1_417' title='bbox 2077 2674 2105 2725; x_wconf 86' lang='grc' dir='ltr'><strong>ὁ</strong></span> <span class='ocrx_word' id='word_1_418' title='bbox 2151 2670 2305 2736; x_wconf 77' lang='grc' dir='ltr'>Θεὸς,</span> <span class='ocrx_word' id='word_1_419' title='bbox 2339 2672 2658 2726; x_wconf 70' lang='grc' dir='ltr'>»τουτέστιν</span> <span class='ocrx_word' id='word_1_420' title='bbox 2697 2672 2909 2744; x_wconf 81' lang='grc' dir='ltr'>ἀθρόως</span> <span class='ocrx_word' id='word_1_421' title='bbox 2948 2674 3043 2725; x_wconf 76' lang='grc' dir='ltr'><strong>καὶ</strong></span> <span class='ocrx_word' id='word_1_422' title='bbox 3083 2674 3140 2727; x_wconf 83' lang='grc' dir='ltr'>ὲν</span> <span class='ocrx_word' id='word_1_423' title='bbox 3183 2673 3367 2746; x_wconf 84' lang='grc' dir='ltr'><strong>ὀλίγῳ·</strong></span> <span class='ocrx_word' id='word_1_424' title='bbox 3408 2674 3520 2730; x_wconf 82' lang='lat' dir='ltr'><strong>Aut</strong></span> 
     </span>
    </p>
   </div>
   <div class='ocr_carea' id='block_1_58' title="bbox 1942 2763 3520 2837">
    <p class='ocr_par' dir='ltr' id='par_1_58' title="bbox 1942 2763 3520 2837">
     <span class='ocr_line' id='line_1_58' title="bbox 1942 2763 3520 2837; baseline 0.004 -20"><span class='ocrx_word' id='word_1_425' title='bbox 1942 2764 2173 2833; x_wconf 77' lang='lat' dir='ltr'><strong>fortasse</strong></span> <span class='ocrx_word' id='word_1_426' title='bbox 2202 2763 2265 2817; x_wconf 90' lang='lat' dir='ltr'><strong>ob</strong></span> <span class='ocrx_word' id='word_1_427' title='bbox 2295 2763 2497 2833; x_wconf 88' lang='lat' dir='ltr'><strong>factam</strong></span> <span class='ocrx_word' id='word_1_428' title='bbox 2526 2764 2581 2817; x_wconf 88' lang='lat' dir='ltr'><strong>in</strong></span> <span class='ocrx_word' id='word_1_429' title='bbox 2610 2772 2870 2817; x_wconf 88' lang='lat' dir='ltr'><strong>momento</strong></span> <span class='ocrx_word' id='word_1_430' title='bbox 2894 2774 2945 2819; x_wconf 88' lang='lat' dir='ltr'><strong>et</strong></span> <span class='ocrx_word' id='word_1_431' title='bbox 2974 2769 3111 2818; x_wconf 87' lang='lat' dir='ltr'><strong>citra</strong></span> <span class='ocrx_word' id='word_1_432' title='bbox 3141 2775 3342 2837; x_wconf 87' lang='lat' dir='ltr'><strong>tempus</strong></span> <span class='ocrx_word' id='word_1_433' title='bbox 3371 2784 3520 2823; x_wconf 85' lang='lat' dir='ltr'><strong>crea-</strong></span> 
     </span>
    </p>
   </div>
   <div class='ocr_carea' id='block_1_59' title="bbox 1944 2853 3520 2928">
    <p class='ocr_par' dir='ltr' id='par_1_59' title="bbox 1944 2853 3520 2928">
     <span class='ocr_line' id='line_1_59' title="bbox 1944 2853 3520 2928; baseline 0.002 -19"><span class='ocrx_word' id='word_1_434' title='bbox 1944 2856 2135 2909; x_wconf 89' lang='lat' dir='ltr'><strong>tionem</strong></span> <span class='ocrx_word' id='word_1_435' title='bbox 2181 2855 2356 2909; x_wconf 86' lang='lat' dir='ltr'><strong>dictus</strong></span> <span class='ocrx_word' id='word_1_436' title='bbox 2412 2863 2513 2920; x_wconf 90' lang='lat' dir='ltr'><strong>est,</strong></span> <span class='ocrx_word' id='word_1_437' title='bbox 2555 2873 2574 2905; x_wconf 76' lang='grc' dir='ltr'><strong>ι</strong></span> <span class='ocrx_word' id='word_1_438' title='bbox 2620 2853 2685 2909; x_wconf 86' lang='lat' dir='ltr'><strong>In</strong></span> <span class='ocrx_word' id='word_1_439' title='bbox 2727 2855 2987 2925; x_wconf 87' lang='lat' dir='ltr'><strong>principio</strong></span> <span class='ocrx_word' id='word_1_440' title='bbox 3016 2856 3137 2924; x_wconf 89' lang='lat' dir='ltr'><strong>fecit</strong></span> <span class='ocrx_word' id='word_1_441' title='bbox 3163 2857 3206 2888; x_wconf 82' lang='grc'><strong>¹⁰</strong></span> <span class='ocrx_word' id='word_1_442' title='bbox 3241 2874 3255 2911; x_wconf 88' lang='lat'><strong>:</strong></span> <span class='ocrx_word' id='word_1_443' title='bbox 3290 2875 3308 2909; x_wconf 76' lang='grc' dir='ltr'><strong>ι</strong></span> <span class='ocrx_word' id='word_1_444' title='bbox 3353 2874 3520 2928; x_wconf 86' lang='lat' dir='ltr'><strong>quan-</strong></span> 
     </span>
    </p>
   </div>
   <div class='ocr_carea' id='block_1_60' title="bbox 1942 2940 3515 3015">
    <p class='ocr_par' dir='ltr' id='par_1_60' title="bbox 1942 2940 3515 3015">
     <span class='ocr_line' id='line_1_60' title="bbox 1942 2940 3515 3015; baseline 0.005 -22"><span class='ocrx_word' id='word_1_445' title='bbox 1942 2940 2222 3012; x_wconf 89' lang='lat' dir='ltr'><strong>doquidem</strong></span> <span class='ocrx_word' id='word_1_446' title='bbox 2267 2942 2502 3012; x_wconf 91' lang='lat' dir='ltr'><strong>partium</strong></span> <span class='ocrx_word' id='word_1_447' title='bbox 2548 2950 2598 2996; x_wconf 89' lang='lat' dir='ltr'><strong>et</strong></span> <span class='ocrx_word' id='word_1_448' title='bbox 2632 2943 2909 2997; x_wconf 85' lang='lat' dir='ltr'><strong>divisionis</strong></span> <span class='ocrx_word' id='word_1_449' title='bbox 2955 2960 3138 3012; x_wconf 66' lang='lat' dir='ltr'><strong>expers</strong></span> <span class='ocrx_word' id='word_1_450' title='bbox 3177 2947 3515 3015; x_wconf 84' lang='lat' dir='ltr'><strong>principium.</strong></span> 
     </span>
    </p>
   </div>
   <div class='ocr_carea' id='block_1_61' title="bbox 258 3032 3517 3139">
    <p class='ocr_par' dir='ltr' id='par_1_61' title="bbox 258 3032 3517 3139">
     <span class='ocr_line' id='line_1_61' title="bbox 258 3032 3517 3139; baseline 0.001 -33"><span class='ocrx_word' id='word_1_451' title='bbox 258 3054 452 3116; x_wconf 85' lang='lat' dir='ltr'><strong>rimus,</strong></span> <span class='ocrx_word' id='word_1_452' title='bbox 483 3055 716 3108; x_wconf 88' lang='lat' dir='ltr'><strong>nondum</strong></span> <span class='ocrx_word' id='word_1_453' title='bbox 748 3056 885 3108; x_wconf 89' lang='lat' dir='ltr'><strong>illud</strong></span> <span class='ocrx_word' id='word_1_454' title='bbox 926 3057 1187 3110; x_wconf 73' lang='lat' dir='ltr'><strong>excultum</strong></span> <span class='ocrx_word' id='word_1_455' title='bbox 1230 3056 1414 3124; x_wconf 86' lang='lat' dir='ltr'><strong>fuisse,</strong></span> <span class='ocrx_word' id='word_1_456' title='bbox 1453 3072 1545 3110; x_wconf 87' lang='lat' dir='ltr'><strong>nec</strong></span> <span class='ocrx_word' id='word_1_457' title='bbox 1570 3058 1839 3125; x_wconf 87' lang='lat' dir='ltr'><strong>proprium</strong></span> <span class='ocrx_word' id='word_1_458' title='bbox 1869 3080 1913 3139; x_wconf 65' lang='grc' dir='ltr'>α</span> <span class='ocrx_word' id='word_1_459' title='bbox 1945 3032 2567 3139; x_wconf 41' lang='grc' dir='ltr'><strong>οαξήαάηίοάίξπίξθίηί</strong></span> <span class='ocrx_word' id='word_1_460' title='bbox 2594 3036 2912 3106; x_wconf 65' lang='grc' dir='ltr'><strong>Ρνίησίρίυηδ</strong></span> <span class='ocrx_word' id='word_1_461' title='bbox 2935 3038 3032 3139; x_wconf 43' lang='lat' dir='ltr'><strong>vi?</strong></span> <span class='ocrx_word' id='word_1_462' title='bbox 3057 3037 3287 3091; x_wconf 67' lang='lat' dir='ltr'><strong>nondum</strong></span> <span class='ocrx_word' id='word_1_463' title='bbox 3308 3040 3517 3139; x_wconf 47' lang='grc' dir='ltr'><strong>εει-υἷα,</strong></span> 
     </span>
    </p>
   </div>
   <div class='ocr_carea' id='block_1_62' title="bbox 257 3121 1842 3219">
    <p class='ocr_par' dir='ltr' id='par_1_62' title="bbox 257 3149 1842 3219">
     <span class='ocr_line' id='line_1_62' title="bbox 257 3149 1842 3219; baseline 0.001 -18"><span class='ocrx_word' id='word_1_464' title='bbox 257 3150 514 3217; x_wconf 86' lang='lat' dir='ltr'><strong>recepisse</strong></span> <span class='ocrx_word' id='word_1_465' title='bbox 536 3161 786 3202; x_wconf 87' lang='lat' dir='ltr'><strong>ornatum</strong></span> <span class='ocrx_word' id='word_1_466' title='bbox 810 3165 828 3202; x_wconf 88' lang='lat'><strong><em>:</em></strong></span> <span class='ocrx_word' id='word_1_467' title='bbox 852 3160 1030 3217; x_wconf 86' lang='lat' dir='ltr'><strong>utpote</strong></span> <span class='ocrx_word' id='word_1_468' title='bbox 1052 3149 1188 3219; x_wconf 85' lang='lat' dir='ltr'><strong>quod</strong></span> <span class='ocrx_word' id='word_1_469' title='bbox 1217 3149 1446 3204; x_wconf 88' lang='lat' dir='ltr'><strong>nondum</strong></span> <span class='ocrx_word' id='word_1_470' title='bbox 1470 3149 1579 3203; x_wconf 89' lang='lat' dir='ltr'><strong>sole</strong></span> <span class='ocrx_word' id='word_1_471' title='bbox 1604 3165 1692 3203; x_wconf 89' lang='lat' dir='ltr'><strong>nec</strong></span> <span class='ocrx_word' id='word_1_472' title='bbox 1715 3152 1842 3203; x_wconf 86' lang='lat' dir='ltr'><strong>luna</strong></span> 
     </span>
    </p>
   </div>
   <div class='ocr_carea' id='block_1_63' title="bbox 1955 3121 3522 3219">
    <p class='ocr_par' dir='ltr' id='par_1_63' title="bbox 1955 3125 3522 3198">
     <span class='ocr_line' id='line_1_63' title="bbox 1955 3125 3522 3198; baseline 0.003 -19"><span class='ocrx_word' id='word_1_473' title='bbox 1955 3136 1992 3179; x_wconf 74' lang='lat' dir='ltr'><strong>et</strong></span> <span class='ocrx_word' id='word_1_474' title='bbox 2022 3125 2210 3180; x_wconf 89' lang='lat' dir='ltr'><strong>domus</strong></span> <span class='ocrx_word' id='word_1_475' title='bbox 2252 3128 2569 3196; x_wconf 83' lang='lat' dir='ltr'><strong>principium</strong></span> <span class='ocrx_word' id='word_1_476' title='bbox 2612 3143 2940 3198; x_wconf 86' lang='lat' dir='ltr'><strong>nequaquam</strong></span> <span class='ocrx_word' id='word_1_477' title='bbox 2976 3128 3164 3184; x_wconf 89' lang='lat' dir='ltr'><strong>domus</strong></span> <span class='ocrx_word' id='word_1_478' title='bbox 3196 3138 3273 3183; x_wconf 87' lang='lat' dir='ltr'><strong>est</strong></span> <span class='ocrx_word' id='word_1_479' title='bbox 3308 3145 3328 3182; x_wconf 88' lang='lat'><strong><em>:</em></strong></span> <span class='ocrx_word' id='word_1_480' title='bbox 3364 3130 3442 3183; x_wconf 90' lang='lat' dir='ltr'><strong>sic</strong></span> <span class='ocrx_word' id='word_1_481' title='bbox 3467 3139 3522 3184; x_wconf 88' lang='lat' dir='ltr'><strong>et</strong></span> 
     </span>
    </p>
   </div>
   <div class='ocr_carea' id='block_1_64' title="bbox 258 3241 1840 3310">
    <p class='ocr_par' dir='ltr' id='par_1_64' title="bbox 258 3241 1840 3310">
     <span class='ocr_line' id='line_1_64' title="bbox 258 3241 1840 3310; baseline 0 -17"><span class='ocrx_word' id='word_1_482' title='bbox 258 3241 661 3306; x_wconf 82' lang='lat' dir='ltr'><strong>splendesceret,</strong></span> <span class='ocrx_word' id='word_1_483' title='bbox 710 3257 876 3310; x_wconf 86' lang='lat' dir='ltr'><strong>neque</strong></span> <span class='ocrx_word' id='word_1_484' title='bbox 926 3252 1198 3296; x_wconf 88' lang='lat' dir='ltr'><strong>astrorum</strong></span> <span class='ocrx_word' id='word_1_485' title='bbox 1246 3241 1420 3296; x_wconf 89' lang='lat' dir='ltr'><strong>choris</strong></span> <span class='ocrx_word' id='word_1_486' title='bbox 1477 3252 1840 3295; x_wconf 86' lang='lat' dir='ltr'><strong>coronaretur.</strong></span> 
     </span>
    </p>
   </div>
   <div class='ocr_carea' id='block_1_65' title="bbox 261 3331 1845 3400">
    <p class='ocr_par' dir='ltr' id='par_1_65' title="bbox 261 3331 1845 3400">
     <span class='ocr_line' id='line_1_65' title="bbox 261 3331 1845 3400; baseline 0.001 -16"><span class='ocrx_word' id='word_1_487' title='bbox 261 3331 519 3386; x_wconf 83' lang='lat' dir='ltr'><strong>Nondum</strong></span> <span class='ocrx_word' id='word_1_488' title='bbox 558 3335 697 3386; x_wconf 89' lang='lat' dir='ltr'><strong>enim</strong></span> <span class='ocrx_word' id='word_1_489' title='bbox 726 3334 875 3387; x_wconf 67' lang='lat' dir='ltr'><strong>istac</strong></span> <span class='ocrx_word' id='word_1_490' title='bbox 902 3333 1117 3387; x_wconf 89' lang='lat' dir='ltr'><strong>condita</strong></span> <span class='ocrx_word' id='word_1_491' title='bbox 1144 3343 1318 3387; x_wconf 87' lang='lat' dir='ltr'><strong>erant.</strong></span> <span class='ocrx_word' id='word_1_492' title='bbox 1353 3333 1534 3400; x_wconf 81' lang='lat' dir='ltr'><strong>Quare</strong></span> <span class='ocrx_word' id='word_1_493' title='bbox 1562 3350 1593 3387; x_wconf 91' lang='lat' dir='ltr'><strong>a</strong></span> <span class='ocrx_word' id='word_1_494' title='bbox 1622 3334 1845 3387; x_wconf 76' lang='lat' dir='ltr'><strong>veritate</strong></span> 
     </span>
    </p>
   </div>
   <div class='ocr_carea' id='block_1_66' title="bbox 258 3419 1845 3488">
    <p class='ocr_par' dir='ltr' id='par_1_66' title="bbox 258 3419 1845 3488">
     <span class='ocr_line' id='line_1_66' title="bbox 258 3419 1845 3488; baseline -0.002 -12"><span class='ocrx_word' id='word_1_495' title='bbox 258 3437 365 3476; x_wconf 69' lang='lat' dir='ltr'><strong>non</strong></span> <span class='ocrx_word' id='word_1_496' title='bbox 396 3422 745 3483; x_wconf 82' lang='lat' dir='ltr'><strong>aberraveris.</strong></span> <span class='ocrx_word' id='word_1_497' title='bbox 776 3424 822 3477; x_wconf 90' lang='lat' dir='ltr'><strong>si</strong></span> <span class='ocrx_word' id='word_1_498' title='bbox 850 3424 1035 3476; x_wconf 71' lang='lat' dir='ltr'><strong>caelum</strong></span> <span class='ocrx_word' id='word_1_499' title='bbox 1063 3424 1472 3488; x_wconf 86' lang='lat' dir='ltr'><strong>incompositum</strong></span> <span class='ocrx_word' id='word_1_500' title='bbox 1501 3422 1669 3475; x_wconf 88' lang='lat' dir='ltr'><strong>dicas.</strong></span> <span class='ocrx_word' id='word_1_501' title='bbox 1702 3419 1845 3474; x_wconf 75' lang='lat' dir='ltr'><strong>Invi-</strong></span> 
     </span>
    </p>
   </div>
   <div class='ocr_carea' id='block_1_67' title="bbox 260 3514 1843 3584">
    <p class='ocr_par' dir='ltr' id='par_1_67' title="bbox 260 3514 1843 3584">
     <span class='ocr_line' id='line_1_67' title="bbox 260 3514 1843 3584; baseline -0.003 -14"><span class='ocrx_word' id='word_1_502' title='bbox 260 3515 468 3570; x_wconf 85' lang='lat' dir='ltr'><strong>sibilem</strong></span> <span class='ocrx_word' id='word_1_503' title='bbox 497 3527 674 3569; x_wconf 89' lang='lat' dir='ltr'><strong>autem</strong></span> <span class='ocrx_word' id='word_1_504' title='bbox 705 3526 904 3569; x_wconf 90' lang='lat' dir='ltr'><strong>terram</strong></span> <span class='ocrx_word' id='word_1_505' title='bbox 935 3515 1219 3584; x_wconf 82' lang='lat' dir='ltr'><strong>appellavit</strong></span> <span class='ocrx_word' id='word_1_506' title='bbox 1252 3515 1314 3568; x_wconf 90' lang='lat' dir='ltr'><strong>ob</strong></span> <span class='ocrx_word' id='word_1_507' title='bbox 1345 3516 1479 3568; x_wconf 91' lang='lat' dir='ltr'><strong>duas</strong></span> <span class='ocrx_word' id='word_1_508' title='bbox 1506 3529 1737 3577; x_wconf 87' lang='lat' dir='ltr'><strong>causas;</strong></span> <span class='ocrx_word' id='word_1_509' title='bbox 1767 3514 1843 3568; x_wconf 86' lang='lat' dir='ltr'><strong>vel</strong></span> 
     </span>
    </p>
   </div>
   <div class='ocr_carea' id='block_1_68' title="bbox 260 3603 1842 3676">
    <p class='ocr_par' dir='ltr' id='par_1_68' title="bbox 260 3603 1842 3676">
     <span class='ocr_line' id='line_1_68' title="bbox 260 3603 1842 3676; baseline -0.001 -18"><span class='ocrx_word' id='word_1_510' title='bbox 260 3605 401 3676; x_wconf 86' lang='lat' dir='ltr'><strong>quod</strong></span> <span class='ocrx_word' id='word_1_511' title='bbox 443 3607 676 3660; x_wconf 87' lang='lat' dir='ltr'><strong>nondum</strong></span> <span class='ocrx_word' id='word_1_512' title='bbox 720 3615 855 3660; x_wconf 87' lang='lat' dir='ltr'><strong>esset</strong></span> <span class='ocrx_word' id='word_1_513' title='bbox 897 3607 1041 3660; x_wconf 89' lang='lat' dir='ltr'><strong>illius</strong></span> <span class='ocrx_word' id='word_1_514' title='bbox 1079 3616 1343 3674; x_wconf 89' lang='lat' dir='ltr'><strong>spectator</strong></span> <span class='ocrx_word' id='word_1_515' title='bbox 1372 3605 1561 3671; x_wconf 87' lang='lat' dir='ltr'><strong>homo;</strong></span> <span class='ocrx_word' id='word_1_516' title='bbox 1600 3605 1679 3659; x_wconf 84' lang='lat' dir='ltr'><strong>vel</strong></span> <span class='ocrx_word' id='word_1_517' title='bbox 1704 3603 1842 3674; x_wconf 88' lang='lat' dir='ltr'><strong>quod</strong></span> 
     </span>
    </p>
   </div>
   <div class='ocr_carea' id='block_1_69' title="bbox 261 3697 1843 3768">
    <p class='ocr_par' dir='ltr' id='par_1_69' title="bbox 261 3697 1843 3768">
     <span class='ocr_line' id='line_1_69' title="bbox 261 3697 1843 3768; baseline -0.001 -19"><span class='ocrx_word' id='word_1_518' title='bbox 261 3697 502 3752; x_wconf 89' lang='lat' dir='ltr'><strong>demersa</strong></span> <span class='ocrx_word' id='word_1_519' title='bbox 533 3700 902 3753; x_wconf 86' lang='lat' dir='ltr'><strong>innatantibus</strong></span> <span class='ocrx_word' id='word_1_520' title='bbox 941 3716 1096 3768; x_wconf 88' lang='lat' dir='ltr'><strong>super</strong></span> <span class='ocrx_word' id='word_1_521' title='bbox 1134 3699 1300 3767; x_wconf 87' lang='lat' dir='ltr'><strong>ipsius</strong></span> <span class='ocrx_word' id='word_1_522' title='bbox 1333 3698 1659 3766; x_wconf 84' lang='lat' dir='ltr'><strong>superficiem</strong></span> <span class='ocrx_word' id='word_1_523' title='bbox 1692 3697 1843 3766; x_wconf 88' lang='lat' dir='ltr'><strong>aquis</strong></span> 
     </span>
    </p>
   </div>
   <div class='ocr_carea' id='block_1_70' title="bbox 262 3787 1843 3858">
    <p class='ocr_par' dir='ltr' id='par_1_70' title="bbox 262 3787 1843 3858">
     <span class='ocr_line' id='line_1_70' title="bbox 262 3787 1843 3858; baseline -0.001 -15"><span class='ocrx_word' id='word_1_524' title='bbox 262 3788 429 3843; x_wconf 76' lang='lat' dir='ltr'><strong>videri</strong></span> <span class='ocrx_word' id='word_1_525' title='bbox 461 3807 562 3842; x_wconf 86' lang='lat' dir='ltr'><strong>non</strong></span> <span class='ocrx_word' id='word_1_526' title='bbox 591 3800 786 3858; x_wconf 87' lang='lat' dir='ltr'><strong>posset.</strong></span> <span class='ocrx_word' id='word_1_527' title='bbox 822 3787 1069 3843; x_wconf 80' lang='lat' dir='ltr'><strong>Nondum</strong></span> <span class='ocrx_word' id='word_1_528' title='bbox 1105 3792 1244 3843; x_wconf 90' lang='lat' dir='ltr'><strong>enim</strong></span> <span class='ocrx_word' id='word_1_529' title='bbox 1276 3798 1427 3843; x_wconf 90' lang='lat' dir='ltr'><strong>erant</strong></span> <span class='ocrx_word' id='word_1_530' title='bbox 1454 3805 1603 3858; x_wconf 68' lang='lat' dir='ltr'><strong>aquis</strong></span> <span class='ocrx_word' id='word_1_531' title='bbox 1632 3789 1687 3841; x_wconf 89' lang='lat' dir='ltr'><strong>in</strong></span> <span class='ocrx_word' id='word_1_532' title='bbox 1716 3805 1843 3841; x_wconf 89' lang='lat' dir='ltr'><strong>suas</strong></span> 
     </span>
    </p>
   </div>
   <div class='ocr_carea' id='block_1_71' title="bbox 264 3880 1901 3953">
    <p class='ocr_par' dir='ltr' id='par_1_71' title="bbox 264 3880 1901 3953">
     <span class='ocr_line' id='line_1_71' title="bbox 264 3880 1901 3953; baseline 0 -18"><span class='ocrx_word' id='word_1_533' title='bbox 264 3882 519 3935; x_wconf 70' lang='lat' dir='ltr'><strong>stationes</strong></span> <span class='ocrx_word' id='word_1_534' title='bbox 562 3894 910 3952; x_wconf 68' lang='lat' dir='ltr'><strong>Congregata’,</strong></span> <span class='ocrx_word' id='word_1_535' title='bbox 960 3898 1091 3953; x_wconf 83' lang='lat' dir='ltr'><strong>quas</strong></span> <span class='ocrx_word' id='word_1_536' title='bbox 1126 3891 1308 3949; x_wconf 88' lang='lat' dir='ltr'><strong>postea</strong></span> <span class='ocrx_word' id='word_1_537' title='bbox 1348 3890 1659 3953; x_wconf 85' lang='lat' dir='ltr'><strong>aggregatas</strong></span> <span class='ocrx_word' id='word_1_538' title='bbox 1708 3880 1842 3935; x_wconf 84' lang='lat' dir='ltr'><strong>Deus</strong></span> <span class='ocrx_word' id='word_1_539' title='bbox 1891 3934 1901 3947; x_wconf 78' lang='grc'><strong>,</strong></span> 
     </span>
    </p>
   </div>
   <div class='ocr_carea' id='block_1_72' title="bbox 264 3969 777 4039">
    <p class='ocr_par' dir='ltr' id='par_1_72' title="bbox 264 3969 777 4039">
     <span class='ocr_line' id='line_1_72' title="bbox 264 3969 777 4039; baseline 0.004 -18"><span class='ocrx_word' id='word_1_540' title='bbox 264 3970 440 4022; x_wconf 82' lang='lat' dir='ltr'><strong>maria</strong></span> <span class='ocrx_word' id='word_1_541' title='bbox 471 3969 777 4039; x_wconf 85' lang='lat' dir='ltr'><strong>appellavit.</strong></span> 
     </span>
    </p>
   </div>
   <div class='ocr_carea' id='block_1_73' title="bbox 336 4059 1842 4129">
    <p class='ocr_par' dir='ltr' id='par_1_73' title="bbox 336 4059 1842 4129">
     <span class='ocr_line' id='line_1_73' title="bbox 336 4059 1842 4129; baseline 0.001 -17"><span class='ocrx_word' id='word_1_542' title='bbox 336 4059 463 4114; x_wconf 53' lang='lat' dir='ltr'><strong>Hac</strong></span> <span class='ocrx_word' id='word_1_543' title='bbox 495 4059 741 4129; x_wconf 89' lang='lat' dir='ltr'><strong>profecto</strong></span> <span class='ocrx_word' id='word_1_544' title='bbox 777 4059 915 4113; x_wconf 86' lang='lat' dir='ltr'><strong>nihil</strong></span> <span class='ocrx_word' id='word_1_545' title='bbox 951 4059 1197 4114; x_wconf 89' lang='lat' dir='ltr'><strong>redolent</strong></span> <span class='ocrx_word' id='word_1_546' title='bbox 1238 4074 1304 4113; x_wconf 83' lang='lat' dir='ltr'><strong>ex</strong></span> <span class='ocrx_word' id='word_1_547' title='bbox 1352 4059 1540 4114; x_wconf 88' lang='lat' dir='ltr'><strong>subtili</strong></span> <span class='ocrx_word' id='word_1_548' title='bbox 1587 4060 1677 4114; x_wconf 90' lang='lat' dir='ltr'><strong>illa</strong></span> <span class='ocrx_word' id='word_1_549' title='bbox 1724 4059 1842 4128; x_wconf 76' lang='lat' dir='ltr'><strong>opi—</strong></span> 
     </span>
    </p>
   </div>
   <div class='ocr_carea' id='block_1_74' title="bbox 264 4150 1842 4223">
    <p class='ocr_par' dir='ltr' id='par_1_74' title="bbox 264 4150 1842 4223">
     <span class='ocr_line' id='line_1_74' title="bbox 264 4150 1842 4223; baseline 0 -16"><span class='ocrx_word' id='word_1_550' title='bbox 264 4153 452 4213; x_wconf 87' lang='lat' dir='ltr'><strong>nione.</strong></span> <span class='ocrx_word' id='word_1_551' title='bbox 506 4167 629 4222; x_wconf 64' lang='lat' dir='ltr'><strong>quae</strong></span> <span class='ocrx_word' id='word_1_552' title='bbox 683 4150 945 4205; x_wconf 89' lang='lat' dir='ltr'><strong>mundum</strong></span> <span class='ocrx_word' id='word_1_553' title='bbox 1011 4167 1135 4205; x_wconf 89' lang='lat' dir='ltr'><strong>cum</strong></span> <span class='ocrx_word' id='word_1_554' title='bbox 1190 4167 1290 4207; x_wconf 91' lang='lat' dir='ltr'><strong>suo</strong></span> <span class='ocrx_word' id='word_1_555' title='bbox 1336 4162 1531 4206; x_wconf 88' lang='lat' dir='ltr'><strong>ornatu</strong></span> <span class='ocrx_word' id='word_1_556' title='bbox 1582 4154 1842 4223; x_wconf 88' lang='lat' dir='ltr'><strong>temporis</strong></span> 
     </span>
    </p>
   </div>
   <div class='ocr_carea' id='block_1_75' title="bbox 267 4240 1842 4314">
    <p class='ocr_par' dir='ltr' id='par_1_75' title="bbox 267 4240 1842 4314">
     <span class='ocr_line' id='line_1_75' title="bbox 267 4240 1842 4314; baseline 0.001 -17"><span class='ocrx_word' id='word_1_557' title='bbox 267 4253 472 4314; x_wconf 88' lang='lat' dir='ltr'><strong>puncto</strong></span> <span class='ocrx_word' id='word_1_558' title='bbox 499 4242 772 4313; x_wconf 87' lang='lat' dir='ltr'><strong>prodiisse</strong></span> <span class='ocrx_word' id='word_1_559' title='bbox 796 4249 1002 4297; x_wconf 85' lang='lat' dir='ltr'><strong>censet.</strong></span> <span class='ocrx_word' id='word_1_560' title='bbox 1025 4240 1170 4297; x_wconf 81' lang='lat' dir='ltr'><strong>idem</strong></span> <span class='ocrx_word' id='word_1_561' title='bbox 1195 4243 1526 4313; x_wconf 87' lang='lat' dir='ltr'><strong>perspicitur</strong></span> <span class='ocrx_word' id='word_1_562' title='bbox 1547 4259 1612 4298; x_wconf 75' lang='lat' dir='ltr'><strong>ex</strong></span> <span class='ocrx_word' id='word_1_563' title='bbox 1639 4260 1788 4298; x_wconf 91' lang='lat' dir='ltr'><strong>num.</strong></span> <span class='ocrx_word' id='word_1_564' title='bbox 1808 4244 1842 4298; x_wconf 81' lang='grc'><strong>5</strong></span> 
     </span>
    </p>
   </div>
   <div class='ocr_carea' id='block_1_76' title="bbox 264 4333 1839 4405">
    <p class='ocr_par' dir='ltr' id='par_1_76' title="bbox 264 4333 1839 4405">
     <span class='ocr_line' id='line_1_76' title="bbox 264 4333 1839 4405; baseline 0 -16"><span class='ocrx_word' id='word_1_565' title='bbox 264 4336 512 4404; x_wconf 70' lang='lat' dir='ltr'><strong>ejusdem</strong></span> <span class='ocrx_word' id='word_1_566' title='bbox 577 4334 847 4397; x_wconf 71' lang='lat' dir='ltr'><strong>homiliaa,</strong></span> <span class='ocrx_word' id='word_1_567' title='bbox 915 4350 971 4405; x_wconf 92' lang='lat' dir='ltr'><strong>p.</strong></span> <span class='ocrx_word' id='word_1_568' title='bbox 1030 4333 1122 4398; x_wconf 80' lang='lat' dir='ltr'><strong>l5,</strong></span> <span class='ocrx_word' id='word_1_569' title='bbox 1158 4341 1213 4389; x_wconf 90' lang='lat' dir='ltr'><strong>et</strong></span> <span class='ocrx_word' id='word_1_570' title='bbox 1258 4350 1324 4388; x_wconf 81' lang='lat' dir='ltr'><strong>ex</strong></span> <span class='ocrx_word' id='word_1_571' title='bbox 1373 4334 1563 4390; x_wconf 90' lang='lat' dir='ltr'><strong>homil.</strong></span> <span class='ocrx_word' id='word_1_572' title='bbox 1599 4335 1663 4401; x_wconf 83' lang='lat'><strong>5,</strong></span> <span class='ocrx_word' id='word_1_573' title='bbox 1696 4351 1751 4389; x_wconf 92' lang='lat' dir='ltr'><strong>n.</strong></span> <span class='ocrx_word' id='word_1_574' title='bbox 1786 4337 1839 4401; x_wconf 82' lang='lat'><strong>5,</strong></span> 
     </span>
    </p>
   </div>
   <div class='ocr_carea' id='block_1_77' title="bbox 1946 3218 3521 3290">
    <p class='ocr_par' dir='ltr' id='par_1_77' title="bbox 1946 3218 3521 3290">
     <span class='ocr_line' id='line_1_77' title="bbox 1946 3218 3521 3290; baseline 0.003 -20"><span class='ocrx_word' id='word_1_575' title='bbox 1946 3219 2195 3287; x_wconf 84' lang='lat' dir='ltr'><strong>temporis</strong></span> <span class='ocrx_word' id='word_1_576' title='bbox 2223 3219 2541 3288; x_wconf 87' lang='lat' dir='ltr'><strong>principium</strong></span> <span class='ocrx_word' id='word_1_577' title='bbox 2578 3218 2810 3272; x_wconf 89' lang='lat' dir='ltr'><strong>nondum</strong></span> <span class='ocrx_word' id='word_1_578' title='bbox 2851 3228 3051 3287; x_wconf 89' lang='lat' dir='ltr'><strong>tempus</strong></span> <span class='ocrx_word' id='word_1_579' title='bbox 3079 3230 3178 3285; x_wconf 91' lang='lat' dir='ltr'><strong>est,</strong></span> <span class='ocrx_word' id='word_1_580' title='bbox 3224 3220 3329 3273; x_wconf 87' lang='lat' dir='ltr'><strong>imo</strong></span> <span class='ocrx_word' id='word_1_581' title='bbox 3358 3235 3521 3290; x_wconf 83' lang='lat' dir='ltr'><strong>neque</strong></span> 
     </span>
    </p>
   </div>
   <div class='ocr_carea' id='block_1_78' title="bbox 1941 3309 3520 3385">
    <p class='ocr_par' dir='ltr' id='par_1_78' title="bbox 1941 3309 3520 3385">
     <span class='ocr_line' id='line_1_78' title="bbox 1941 3309 3520 3385; baseline 0.001 -20"><span class='ocrx_word' id='word_1_582' title='bbox 1941 3326 2067 3380; x_wconf 88' lang='lat' dir='ltr'><strong>pars</strong></span> <span class='ocrx_word' id='word_1_583' title='bbox 2096 3312 2259 3380; x_wconf 86' lang='lat' dir='ltr'><strong>ipsius</strong></span> <span class='ocrx_word' id='word_1_584' title='bbox 2285 3312 2578 3385; x_wconf 74' lang='lat' dir='ltr'><strong>minima...</strong></span> <span class='ocrx_word' id='word_1_585' title='bbox 2625 3309 2801 3382; x_wconf 80' lang='lat' dir='ltr'><strong>Igitur</strong></span> <span class='ocrx_word' id='word_1_586' title='bbox 2845 3322 2900 3365; x_wconf 91' lang='lat' dir='ltr'><strong>ut</strong></span> <span class='ocrx_word' id='word_1_587' title='bbox 2944 3313 3196 3365; x_wconf 88' lang='lat' dir='ltr'><strong>mundum</strong></span> <span class='ocrx_word' id='word_1_588' title='bbox 3248 3311 3520 3368; x_wconf 75' lang='lat' dir='ltr'><strong>voluntate</strong></span> 
     </span>
    </p>
   </div>
   <div class='ocr_carea' id='block_1_79' title="bbox 1944 3402 3521 3472">
    <p class='ocr_par' dir='ltr' id='par_1_79' title="bbox 1944 3402 3521 3472">
     <span class='ocr_line' id='line_1_79' title="bbox 1944 3402 3521 3472; baseline 0.001 -16"><span class='ocrx_word' id='word_1_589' title='bbox 1944 3402 2045 3458; x_wconf 87' lang='lat' dir='ltr'><strong>Dei</strong></span> <span class='ocrx_word' id='word_1_590' title='bbox 2084 3404 2220 3456; x_wconf 90' lang='lat' dir='ltr'><strong>citra</strong></span> <span class='ocrx_word' id='word_1_591' title='bbox 2266 3403 2435 3456; x_wconf 88' lang='lat' dir='ltr'><strong>ullam</strong></span> <span class='ocrx_word' id='word_1_592' title='bbox 2483 3404 2725 3472; x_wconf 88' lang='lat' dir='ltr'><strong>temporis</strong></span> <span class='ocrx_word' id='word_1_593' title='bbox 2770 3420 2971 3457; x_wconf 90' lang='lat' dir='ltr'><strong>moram</strong></span> <span class='ocrx_word' id='word_1_594' title='bbox 3017 3404 3180 3459; x_wconf 88' lang='lat' dir='ltr'><strong>simul</strong></span> <span class='ocrx_word' id='word_1_595' title='bbox 3223 3403 3521 3458; x_wconf 79' lang='lat' dir='ltr'><strong>substitisse</strong></span> 
     </span>
    </p>
   </div>
   <div class='ocr_carea' id='block_1_80' title="bbox 1943 3494 3518 3566">
    <p class='ocr_par' dir='ltr' id='par_1_80' title="bbox 1943 3494 3518 3566">
     <span class='ocr_line' id='line_1_80' title="bbox 1943 3494 3518 3566; baseline 0.001 -18"><span class='ocrx_word' id='word_1_596' title='bbox 1943 3495 2275 3558; x_wconf 90' lang='lat' dir='ltr'><strong>edoceamur,</strong></span> <span class='ocrx_word' id='word_1_597' title='bbox 2305 3496 2507 3548; x_wconf 86' lang='lat' dir='ltr'><strong>dictum</strong></span> <span class='ocrx_word' id='word_1_598' title='bbox 2535 3504 2612 3550; x_wconf 90' lang='lat' dir='ltr'><strong>est</strong></span> <span class='ocrx_word' id='word_1_599' title='bbox 2641 3511 2659 3550; x_wconf 91' lang='lat'><strong><em>:</em></strong></span> <span class='ocrx_word' id='word_1_600' title='bbox 2695 3514 2715 3546; x_wconf 68' lang='grc' dir='ltr'><strong><em>ε</em></strong></span> <span class='ocrx_word' id='word_1_601' title='bbox 2752 3494 2818 3549; x_wconf 84' lang='lat' dir='ltr'><strong>In</strong></span> <span class='ocrx_word' id='word_1_602' title='bbox 2844 3497 3105 3566; x_wconf 88' lang='lat' dir='ltr'><strong>principio</strong></span> <span class='ocrx_word' id='word_1_603' title='bbox 3140 3496 3284 3565; x_wconf 85' lang='lat' dir='ltr'><strong>fecit.</strong></span> <span class='ocrx_word' id='word_1_604' title='bbox 3310 3514 3328 3547; x_wconf 72' lang='grc' dir='ltr'><strong>ι</strong></span> <span class='ocrx_word' id='word_1_605' title='bbox 3362 3495 3518 3562; x_wconf 81' lang='lat' dir='ltr'><strong>Quod</strong></span> 
     </span>
    </p>
   </div>
   <div class='ocr_carea' id='block_1_81' title="bbox 1944 3585 3518 3656">
    <p class='ocr_par' dir='ltr' id='par_1_81' title="bbox 1944 3585 3518 3656">
     <span class='ocr_line' id='line_1_81' title="bbox 1944 3585 3518 3656; baseline 0.001 -17"><span class='ocrx_word' id='word_1_606' title='bbox 1944 3586 2117 3655; x_wconf 88' lang='lat' dir='ltr'><strong>ipsum</strong></span> <span class='ocrx_word' id='word_1_607' title='bbox 2147 3588 2458 3656; x_wconf 87' lang='lat' dir='ltr'><strong>interpretes</strong></span> <span class='ocrx_word' id='word_1_608' title='bbox 2483 3586 2600 3651; x_wconf 89' lang='lat' dir='ltr'><strong>alii,</strong></span> <span class='ocrx_word' id='word_1_609' title='bbox 2633 3588 2945 3641; x_wconf 87' lang='lat' dir='ltr'><strong>sententiam</strong></span> <span class='ocrx_word' id='word_1_610' title='bbox 2974 3586 3266 3641; x_wconf 88' lang='lat' dir='ltr'><strong>dilucidius</strong></span> <span class='ocrx_word' id='word_1_611' title='bbox 3291 3585 3518 3641; x_wconf 72' lang='lat' dir='ltr'><strong>reddat-</strong></span> 
     </span>
    </p>
   </div>
   <div class='ocr_carea' id='block_1_82' title="bbox 1947 3678 3516 3748">
    <p class='ocr_par' dir='ltr' id='par_1_82' title="bbox 1947 3678 3516 3748">
     <span class='ocr_line' id='line_1_82' title="bbox 1947 3678 3516 3748; baseline 0 -17"><span class='ocrx_word' id='word_1_612' title='bbox 1947 3687 2044 3743; x_wconf 88' lang='lat' dir='ltr'><strong>tes,</strong></span> <span class='ocrx_word' id='word_1_613' title='bbox 2092 3678 2389 3733; x_wconf 72' lang='lat' dir='ltr'><strong>dixerunt:</strong></span> <span class='ocrx_word' id='word_1_614' title='bbox 2422 3697 2441 3729; x_wconf 74' lang='grc' dir='ltr'><strong>ι</strong></span> <span class='ocrx_word' id='word_1_615' title='bbox 2485 3678 2550 3733; x_wconf 85' lang='lat' dir='ltr'><strong>In</strong></span> <span class='ocrx_word' id='word_1_616' title='bbox 2581 3678 2815 3748; x_wconf 87' lang='lat' dir='ltr'><strong>capitulo</strong></span> <span class='ocrx_word' id='word_1_617' title='bbox 2859 3678 2983 3747; x_wconf 87' lang='lat' dir='ltr'><strong>fecit</strong></span> <span class='ocrx_word' id='word_1_618' title='bbox 3035 3679 3194 3743; x_wconf 89' lang='lat' dir='ltr'><strong>Deus,</strong></span> <span class='ocrx_word' id='word_1_619' title='bbox 3234 3698 3251 3730; x_wconf 74' lang='grc' dir='ltr'><strong>ι</strong></span> <span class='ocrx_word' id='word_1_620' title='bbox 3288 3678 3387 3733; x_wconf 91' lang='lat' dir='ltr'><strong>hoc</strong></span> <span class='ocrx_word' id='word_1_621' title='bbox 3414 3687 3516 3742; x_wconf 88' lang='lat' dir='ltr'><strong>est,</strong></span> 
     </span>
    </p>
   </div>
   <div class='ocr_carea' id='block_1_83' title="bbox 1944 3767 3516 3838">
    <p class='ocr_par' dir='ltr' id='par_1_83' title="bbox 1944 3767 3516 3838">
     <span class='ocr_line' id='line_1_83' title="bbox 1944 3767 3516 3838; baseline 0 -15"><span class='ocrx_word' id='word_1_622' title='bbox 1944 3768 2119 3823; x_wconf 86' lang='lat' dir='ltr'><strong>subito</strong></span> <span class='ocrx_word' id='word_1_623' title='bbox 2146 3778 2195 3822; x_wconf 90' lang='lat' dir='ltr'><strong>et</strong></span> <span class='ocrx_word' id='word_1_624' title='bbox 2231 3770 2390 3823; x_wconf 84' lang='lat' dir='ltr'><strong>brevi.</strong></span> <span class='ocrx_word' id='word_1_625' title='bbox 2431 3768 2535 3823; x_wconf 85' lang='lat' dir='ltr'><strong>Sed</strong></span> <span class='ocrx_word' id='word_1_626' title='bbox 2568 3784 2633 3824; x_wconf 85' lang='lat' dir='ltr'><strong>ex</strong></span> <span class='ocrx_word' id='word_1_627' title='bbox 2669 3769 2755 3822; x_wconf 88' lang='lat' dir='ltr'><strong>his</strong></span> <span class='ocrx_word' id='word_1_628' title='bbox 2778 3769 2960 3823; x_wconf 88' lang='lat' dir='ltr'><strong>verbis</strong></span> <span class='ocrx_word' id='word_1_629' title='bbox 2992 3768 3127 3822; x_wconf 84' lang='lat' dir='ltr'><strong>nihil</strong></span> <span class='ocrx_word' id='word_1_630' title='bbox 3164 3767 3310 3822; x_wconf 87' lang='lat' dir='ltr'><strong>aliud</strong></span> <span class='ocrx_word' id='word_1_631' title='bbox 3334 3767 3516 3838; x_wconf 79' lang='lat' dir='ltr'><strong>colligi</strong></span> 
     </span>
    </p>
   </div>
   <div class='ocr_carea' id='block_1_84' title="bbox 1945 3859 3515 3933">
    <p class='ocr_par' dir='ltr' id='par_1_84' title="bbox 1945 3859 3515 3933">
     <span class='ocr_line' id='line_1_84' title="bbox 1945 3859 3515 3933; baseline -0.001 -16"><span class='ocrx_word' id='word_1_632' title='bbox 1945 3870 2144 3933; x_wconf 86' lang='lat' dir='ltr'><strong>potest,</strong></span> <span class='ocrx_word' id='word_1_633' title='bbox 2179 3862 2284 3917; x_wconf 89' lang='lat' dir='ltr'><strong>nisi</strong></span> <span class='ocrx_word' id='word_1_634' title='bbox 2319 3861 2371 3916; x_wconf 92' lang='lat' dir='ltr'><strong>id</strong></span> <span class='ocrx_word' id='word_1_635' title='bbox 2408 3861 2556 3933; x_wconf 87' lang='lat' dir='ltr'><strong>quod</strong></span> <span class='ocrx_word' id='word_1_636' title='bbox 2594 3859 2893 3917; x_wconf 84' lang='lat' dir='ltr'><strong>Christiani</strong></span> <span class='ocrx_word' id='word_1_637' title='bbox 2936 3875 3128 3916; x_wconf 85' lang='lat' dir='ltr'><strong>omnes</strong></span> <span class='ocrx_word' id='word_1_638' title='bbox 3176 3875 3391 3930; x_wconf 83' lang='lat' dir='ltr'><strong>semper</strong></span> <span class='ocrx_word' id='word_1_639' title='bbox 3430 3868 3515 3915; x_wconf 87' lang='lat' dir='ltr'><strong>te-</strong></span> 
     </span>
    </p>
   </div>
   <div class='ocr_carea' id='block_1_85' title="bbox 1944 3953 3513 4024">
    <p class='ocr_par' dir='ltr' id='par_1_85' title="bbox 1944 3953 3513 4024">
     <span class='ocr_line' id='line_1_85' title="bbox 1944 3953 3513 4024; baseline 0 -16"><span class='ocrx_word' id='word_1_640' title='bbox 1944 3963 2204 4018; x_wconf 84' lang='lat' dir='ltr'><strong>nuerunt,</strong></span> <span class='ocrx_word' id='word_1_641' title='bbox 2231 3954 2416 4009; x_wconf 91' lang='lat' dir='ltr'><strong>omnia</strong></span> <span class='ocrx_word' id='word_1_642' title='bbox 2449 3954 2715 4024; x_wconf 87' lang='lat' dir='ltr'><strong>temporis</strong></span> <span class='ocrx_word' id='word_1_643' title='bbox 2745 3960 3021 4008; x_wconf 87' lang='lat' dir='ltr'><strong>momento</strong></span> <span class='ocrx_word' id='word_1_644' title='bbox 3044 3969 3075 4008; x_wconf 89' lang='lat' dir='ltr'><strong>e</strong></span> <span class='ocrx_word' id='word_1_645' title='bbox 3098 3953 3265 4007; x_wconf 91' lang='lat' dir='ltr'><strong>nihilo</strong></span> <span class='ocrx_word' id='word_1_646' title='bbox 3293 3954 3513 4019; x_wconf 80' lang='lat' dir='ltr'><strong>educta,</strong></span> 
     </span>
    </p>
   </div>
   <div class='ocr_carea' id='block_1_86' title="bbox 1943 4042 3512 4116">
    <p class='ocr_par' dir='ltr' id='par_1_86' title="bbox 1943 4042 3512 4116">
     <span class='ocr_line' id='line_1_86' title="bbox 1943 4042 3512 4116; baseline -0.003 -15"><span class='ocrx_word' id='word_1_647' title='bbox 1943 4061 2044 4101; x_wconf 90' lang='lat' dir='ltr'><strong>nec</strong></span> <span class='ocrx_word' id='word_1_648' title='bbox 2079 4045 2375 4116; x_wconf 80' lang='lat' dir='ltr'><strong>quidquam</strong></span> <span class='ocrx_word' id='word_1_649' title='bbox 2417 4043 2509 4099; x_wconf 89' lang='lat' dir='ltr'><strong>Dei</strong></span> <span class='ocrx_word' id='word_1_650' title='bbox 2560 4044 2831 4099; x_wconf 78' lang='lat' dir='ltr'><strong>restitisse</strong></span> <span class='ocrx_word' id='word_1_651' title='bbox 2869 4043 3157 4097; x_wconf 82' lang='lat' dir='ltr'><strong>voluntati.</strong></span> <span class='ocrx_word' id='word_1_652' title='bbox 3196 4042 3337 4097; x_wconf 84' lang='lat' dir='ltr'><strong>[line</strong></span> <span class='ocrx_word' id='word_1_653' title='bbox 3370 4043 3512 4099; x_wconf 86' lang='lat' dir='ltr'><strong>idem</strong></span> 
     </span>
    </p>
   </div>
   <div class='ocr_carea' id='block_1_87' title="bbox 1943 4135 3517 4205">
    <p class='ocr_par' dir='ltr' id='par_1_87' title="bbox 1943 4135 3517 4205">
     <span class='ocr_line' id='line_1_87' title="bbox 1943 4135 3517 4205; baseline -0.001 -13"><span class='ocrx_word' id='word_1_654' title='bbox 1943 4138 2102 4192; x_wconf 86' lang='lat' dir='ltr'><strong>docet</strong></span> <span class='ocrx_word' id='word_1_655' title='bbox 2135 4136 2375 4191; x_wconf 87' lang='lat' dir='ltr'><strong>Basilius</strong></span> <span class='ocrx_word' id='word_1_656' title='bbox 2408 4136 2475 4191; x_wconf 87' lang='lat' dir='ltr'><strong>de</strong></span> <span class='ocrx_word' id='word_1_657' title='bbox 2510 4136 2578 4190; x_wconf 85' lang='lat' dir='ltr'><strong>iis</strong></span> <span class='ocrx_word' id='word_1_658' title='bbox 2599 4152 2720 4205; x_wconf 71' lang='lat' dir='ltr'><strong>quia</strong></span> <span class='ocrx_word' id='word_1_659' title='bbox 2743 4135 3020 4205; x_wconf 75' lang='lat' dir='ltr'><strong>sigillatim</strong></span> <span class='ocrx_word' id='word_1_660' title='bbox 3044 4136 3109 4188; x_wconf 86' lang='lat' dir='ltr'><strong>ad</strong></span> <span class='ocrx_word' id='word_1_661' title='bbox 3141 4135 3328 4189; x_wconf 91' lang='lat' dir='ltr'><strong>mundi</strong></span> <span class='ocrx_word' id='word_1_662' title='bbox 3353 4149 3517 4190; x_wconf 85' lang='lat' dir='ltr'><strong>orna-</strong></span> 
     </span>
    </p>
   </div>
   <div class='ocr_carea' id='block_1_88' title="bbox 1943 4226 3516 4300">
    <p class='ocr_par' dir='ltr' id='par_1_88' title="bbox 1943 4226 3516 4300">
     <span class='ocr_line' id='line_1_88' title="bbox 1943 4226 3516 4300; baseline -0.002 -17"><span class='ocrx_word' id='word_1_663' title='bbox 1943 4238 2059 4285; x_wconf 89' lang='lat' dir='ltr'><strong>tum</strong></span> <span class='ocrx_word' id='word_1_664' title='bbox 2093 4229 2363 4300; x_wconf 88' lang='lat' dir='ltr'><strong>prodiere.</strong></span> <span class='ocrx_word' id='word_1_665' title='bbox 2400 4226 2492 4283; x_wconf 87' lang='lat' dir='ltr'><strong>Sic</strong></span> <span class='ocrx_word' id='word_1_666' title='bbox 2524 4228 2668 4282; x_wconf 85' lang='lat' dir='ltr'><strong>enim</strong></span> <span class='ocrx_word' id='word_1_667' title='bbox 2697 4227 2764 4281; x_wconf 90' lang='lat' dir='ltr'><strong>de</strong></span> <span class='ocrx_word' id='word_1_668' title='bbox 2795 4237 2953 4281; x_wconf 66' lang='lat' dir='ltr'><strong>terra:</strong></span> <span class='ocrx_word' id='word_1_669' title='bbox 2976 4226 3313 4297; x_wconf 77' lang='lat' dir='ltr'><strong>germinibus</strong></span> <span class='ocrx_word' id='word_1_670' title='bbox 3340 4227 3516 4297; x_wconf 89' lang='lat' dir='ltr'><strong>loqui—</strong></span> 
     </span>
    </p>
   </div>
   <div class='ocr_carea' id='block_1_89' title="bbox 1944 4314 3516 4388">
    <p class='ocr_par' dir='ltr' id='par_1_89' title="bbox 1944 4314 3516 4388">
     <span class='ocr_line' id='line_1_89' title="bbox 1944 4314 3516 4388; baseline -0.004 -14"><span class='ocrx_word' id='word_1_671' title='bbox 1944 4328 2035 4374; x_wconf 89' lang='lat' dir='ltr'><strong>tur</strong></span> <span class='ocrx_word' id='word_1_672' title='bbox 2064 4320 2249 4373; x_wconf 89' lang='lat' dir='ltr'><strong>homil.</strong></span> <span class='ocrx_word' id='word_1_673' title='bbox 2284 4319 2336 4381; x_wconf 91' lang='grc'><strong>5,</strong></span> <span class='ocrx_word' id='word_1_674' title='bbox 2372 4334 2425 4372; x_wconf 91' lang='lat' dir='ltr'><strong>n.</strong></span> <span class='ocrx_word' id='word_1_675' title='bbox 2456 4318 2510 4382; x_wconf 83' lang='grc'><strong>5,</strong></span> <span class='ocrx_word' id='word_1_676' title='bbox 2548 4333 2670 4388; x_wconf 74' lang='lat' dir='ltr'><strong>pag.</strong></span> <span class='ocrx_word' id='word_1_677' title='bbox 2697 4316 2767 4371; x_wconf 69' lang='lat' dir='ltr'><strong>M</strong></span> <span class='ocrx_word' id='word_1_678' title='bbox 2799 4334 2813 4371; x_wconf 89' lang='lat'><strong>:</strong></span> <span class='ocrx_word' id='word_1_679' title='bbox 2848 4314 2915 4370; x_wconf 81' lang='lat' dir='ltr'><strong>In</strong></span> <span class='ocrx_word' id='word_1_680' title='bbox 2945 4316 3164 4369; x_wconf 84' lang='lat' dir='ltr'><strong>minimo</strong></span> <span class='ocrx_word' id='word_1_681' title='bbox 3198 4316 3359 4370; x_wconf 90' lang='lat' dir='ltr'><strong>etiam</strong></span> <span class='ocrx_word' id='word_1_682' title='bbox 3385 4326 3516 4370; x_wconf 84' lang='lat' dir='ltr'><strong>tem-</strong></span> 
     </span>
    </p>
   </div>
   <div class='ocr_carea' id='block_1_90' title="bbox 265 4407 3517 4498">
    <p class='ocr_par' dir='ltr' id='par_1_90' title="bbox 265 4407 3517 4498">
     <span class='ocr_line' id='line_1_90' title="bbox 265 4407 3517 4498; baseline -0.002 -32"><span class='ocrx_word' id='word_1_683' title='bbox 265 4443 322 4497; x_wconf 67' lang='grc' dir='ltr'><strong>ρ,</strong></span> <span class='ocrx_word' id='word_1_684' title='bbox 377 4426 466 4480; x_wconf 68' lang='grc'><strong>44,</strong></span> <span class='ocrx_word' id='word_1_685' title='bbox 524 4425 783 4480; x_wconf 61' lang='lat' dir='ltr'><strong>occurri;</strong></span> <span class='ocrx_word' id='word_1_686' title='bbox 837 4427 891 4480; x_wconf 74' lang='grc' dir='ltr'>ίη</span> <span class='ocrx_word' id='word_1_687' title='bbox 937 4426 1123 4480; x_wconf 62' lang='lat' dir='ltr'><strong>hom“,</strong></span> <span class='ocrx_word' id='word_1_688' title='bbox 1176 4426 1245 4489; x_wconf 65' lang='grc'>4,</span> <span class='ocrx_word' id='word_1_689' title='bbox 1286 4443 1342 4481; x_wconf 80' lang='grc' dir='ltr'><strong>η,</strong></span> <span class='ocrx_word' id='word_1_690' title='bbox 1387 4427 1457 4495; x_wconf 59' lang='grc'><strong>4,</strong></span> <span class='ocrx_word' id='word_1_691' title='bbox 1513 4429 1643 4483; x_wconf 70' lang='lat' dir='ltr'><strong>huic</strong></span> <span class='ocrx_word' id='word_1_692' title='bbox 1691 4422 1841 4498; x_wconf 53' lang='lat' dir='ltr'><strong>qua}-</strong></span> <span class='ocrx_word' id='word_1_693' title='bbox 1872 4413 2087 4489; x_wconf 76' lang='lat' dir='ltr'><strong>Dporis</strong></span> <span class='ocrx_word' id='word_1_694' title='bbox 2117 4422 2315 4480; x_wconf 88' lang='lat' dir='ltr'><strong>puncto</strong></span> <span class='ocrx_word' id='word_1_695' title='bbox 2361 4428 2393 4463; x_wconf 91' lang='lat' dir='ltr'><strong>a</strong></span> <span class='ocrx_word' id='word_1_696' title='bbox 2430 4411 2815 4481; x_wconf 87' lang='lat' dir='ltr'><strong>germinatione</strong></span> <span class='ocrx_word' id='word_1_697' title='bbox 2855 4425 3046 4463; x_wconf 76' lang='lat' dir='ltr'><strong>exorsa</strong></span> <span class='ocrx_word' id='word_1_698' title='bbox 3083 4419 3244 4468; x_wconf 88' lang='lat' dir='ltr'><strong>terra,</strong></span> <span class='ocrx_word' id='word_1_699' title='bbox 3287 4407 3517 4462; x_wconf 73' lang='grc' dir='ltr'>ιιι-ϐοη-</span> 
     </span>
    </p>
   </div>
   <div class='ocr_carea' id='block_1_91' title="bbox 267 4515 1842 4587">
    <p class='ocr_par' dir='ltr' id='par_1_91' title="bbox 267 4515 1842 4587">
     <span class='ocr_line' id='line_1_91' title="bbox 267 4515 1842 4587; baseline 0.001 -15"><span class='ocrx_word' id='word_1_700' title='bbox 267 4517 431 4573; x_wconf 86' lang='lat' dir='ltr'><strong>stioni</strong></span> <span class='ocrx_word' id='word_1_701' title='bbox 481 4536 496 4571; x_wconf 88' lang='lat'><strong>:</strong></span> <span class='ocrx_word' id='word_1_702' title='bbox 549 4515 610 4571; x_wconf 87' lang='lat' dir='ltr'><strong>Si</strong></span> <span class='ocrx_word' id='word_1_703' title='bbox 652 4534 789 4587; x_wconf 88' lang='lat' dir='ltr'><strong>aqua</strong></span> <span class='ocrx_word' id='word_1_704' title='bbox 834 4528 946 4570; x_wconf 86' lang='lat' dir='ltr'><strong>erat</strong></span> <span class='ocrx_word' id='word_1_705' title='bbox 991 4533 1145 4587; x_wconf 90' lang='lat' dir='ltr'><strong>super</strong></span> <span class='ocrx_word' id='word_1_706' title='bbox 1188 4528 1418 4579; x_wconf 88' lang='lat' dir='ltr'><strong>terram.</strong></span> <span class='ocrx_word' id='word_1_707' title='bbox 1484 4535 1614 4573; x_wconf 84' lang='lat' dir='ltr'><strong>cava</strong></span> <span class='ocrx_word' id='word_1_708' title='bbox 1662 4520 1842 4573; x_wconf 88' lang='lat' dir='ltr'><strong>omnia</strong></span> 
     </span>
    </p>
   </div>
   <div class='ocr_carea' id='block_1_92' title="bbox 268 4607 1842 4679">
    <p class='ocr_par' dir='ltr' id='par_1_92' title="bbox 268 4607 1842 4679">
     <span class='ocr_line' id='line_1_92' title="bbox 268 4607 1842 4679; baseline 0.003 -18"><span class='ocrx_word' id='word_1_709' title='bbox 268 4625 383 4677; x_wconf 64' lang='lat' dir='ltr'><strong>quae</strong></span> <span class='ocrx_word' id='word_1_710' title='bbox 426 4624 565 4660; x_wconf 88' lang='lat' dir='ltr'><strong>nunc</strong></span> <span class='ocrx_word' id='word_1_711' title='bbox 607 4607 823 4677; x_wconf 89' lang='lat' dir='ltr'><strong>pelagus</strong></span> <span class='ocrx_word' id='word_1_712' title='bbox 876 4611 1169 4675; x_wconf 83' lang='lat' dir='ltr'><strong>continent,</strong></span> <span class='ocrx_word' id='word_1_713' title='bbox 1227 4610 1422 4679; x_wconf 91' lang='lat' dir='ltr'><strong>referta</strong></span> <span class='ocrx_word' id='word_1_714' title='bbox 1480 4620 1656 4665; x_wconf 87' lang='lat' dir='ltr'><strong>erant.</strong></span> <span class='ocrx_word' id='word_1_715' title='bbox 1726 4611 1842 4676; x_wconf 83' lang='lat' dir='ltr'><strong>Quo</strong></span> 
     </span>
    </p>
   </div>
   <div class='ocr_carea' id='block_1_93' title="bbox 269 4701 1843 4773">
    <p class='ocr_par' dir='ltr' id='par_1_93' title="bbox 269 4701 1843 4773">
     <span class='ocr_line' id='line_1_93' title="bbox 269 4701 1843 4773; baseline 0 -17"><span class='ocrx_word' id='word_1_716' title='bbox 269 4705 430 4773; x_wconf 85' lang='lat' dir='ltr'><strong>igitur</strong></span> <span class='ocrx_word' id='word_1_717' title='bbox 482 4701 794 4772; x_wconf 66' lang='lat' dir='ltr'><strong>colligenda:</strong></span> <span class='ocrx_word' id='word_1_718' title='bbox 850 4711 1001 4755; x_wconf 87' lang='lat' dir='ltr'><strong>erant</strong></span> <span class='ocrx_word' id='word_1_719' title='bbox 1048 4718 1234 4771; x_wconf 65' lang='lat' dir='ltr'><strong>aquai,</strong></span> <span class='ocrx_word' id='word_1_720' title='bbox 1298 4705 1537 4756; x_wconf 84' lang='lat' dir='ltr'><strong>concavis</strong></span> <span class='ocrx_word' id='word_1_721' title='bbox 1581 4702 1701 4772; x_wconf 89' lang='lat' dir='ltr'><strong>jam</strong></span> <span class='ocrx_word' id='word_1_722' title='bbox 1754 4719 1843 4756; x_wconf 83' lang='lat' dir='ltr'><strong>oc-</strong></span> 
     </span>
    </p>
   </div>
   <div class='ocr_carea' id='block_1_94' title="bbox 270 4796 1838 4867">
    <p class='ocr_par' dir='ltr' id='par_1_94' title="bbox 270 4796 1838 4867">
     <span class='ocr_line' id='line_1_94' title="bbox 270 4796 1838 4867; baseline 0.002 -17"><span class='ocrx_word' id='word_1_723' title='bbox 270 4799 515 4865; x_wconf 78' lang='lat' dir='ltr'><strong>cupatis?</strong></span> <span class='ocrx_word' id='word_1_724' title='bbox 572 4796 664 4851; x_wconf 89' lang='lat' dir='ltr'><strong>Sic</strong></span> <span class='ocrx_word' id='word_1_725' title='bbox 716 4798 1057 4866; x_wconf 86' lang='lat' dir='ltr'><strong>respondet:</strong></span> <span class='ocrx_word' id='word_1_726' title='bbox 1099 4798 1181 4851; x_wconf 81' lang='lat' dir='ltr'><strong>Ad</strong></span> <span class='ocrx_word' id='word_1_727' title='bbox 1227 4797 1336 4851; x_wconf 77' lang='lat' dir='ltr'><strong>hwc</strong></span> <span class='ocrx_word' id='word_1_728' title='bbox 1379 4797 1838 4867; x_wconf 82' lang='lat' dir='ltr'><strong>respondebimus,</strong></span> 
     </span>
    </p>
   </div>
   <div class='ocr_carea' id='block_1_95' title="bbox 274 4888 1838 4959">
    <p class='ocr_par' dir='ltr' id='par_1_95' title="bbox 274 4888 1838 4959">
     <span class='ocr_line' id='line_1_95' title="bbox 274 4888 1838 4959; baseline 0 -17"><span class='ocrx_word' id='word_1_729' title='bbox 274 4900 393 4944; x_wconf 87' lang='lat' dir='ltr'><strong>tunc</strong></span> <span class='ocrx_word' id='word_1_730' title='bbox 418 4898 467 4943; x_wconf 87' lang='lat' dir='ltr'><strong>et</strong></span> <span class='ocrx_word' id='word_1_731' title='bbox 508 4892 839 4958; x_wconf 87' lang='lat' dir='ltr'><strong>receptacula</strong></span> <span class='ocrx_word' id='word_1_732' title='bbox 886 4888 1049 4958; x_wconf 78' lang='lat' dir='ltr'><strong>fuisse</strong></span> <span class='ocrx_word' id='word_1_733' title='bbox 1097 4898 1423 4958; x_wconf 76' lang='lat' dir='ltr'><strong>prteparata,</strong></span> <span class='ocrx_word' id='word_1_734' title='bbox 1474 4906 1593 4942; x_wconf 89' lang='lat' dir='ltr'><strong>cum</strong></span> <span class='ocrx_word' id='word_1_735' title='bbox 1644 4906 1838 4959; x_wconf 90' lang='lat' dir='ltr'><strong>aquam</strong></span> 
     </span>
    </p>
   </div>
   <div class='ocr_carea' id='block_1_96' title="bbox 274 4978 1835 5049">
    <p class='ocr_par' dir='ltr' id='par_1_96' title="bbox 274 4978 1835 5049">
     <span class='ocr_line' id='line_1_96' title="bbox 274 4978 1835 5049; baseline 0 -15"><span class='ocrx_word' id='word_1_736' title='bbox 274 4981 501 5049; x_wconf 85' lang='lat' dir='ltr'><strong>oportuit</strong></span> <span class='ocrx_word' id='word_1_737' title='bbox 554 4980 611 5032; x_wconf 91' lang='lat' dir='ltr'><strong>in</strong></span> <span class='ocrx_word' id='word_1_738' title='bbox 661 4995 821 5032; x_wconf 89' lang='lat' dir='ltr'><strong>unam</strong></span> <span class='ocrx_word' id='word_1_739' title='bbox 877 4980 1074 5033; x_wconf 88' lang='lat' dir='ltr'><strong>secerni</strong></span> <span class='ocrx_word' id='word_1_740' title='bbox 1123 4980 1593 5049; x_wconf 87' lang='lat' dir='ltr'><strong>congregationem.</strong></span> <span class='ocrx_word' id='word_1_741' title='bbox 1655 4978 1835 5045; x_wconf 85' lang='lat' dir='ltr'><strong>Neque</strong></span> 
     </span>
    </p>
   </div>
   <div class='ocr_carea' id='block_1_97' title="bbox 274 5070 1698 5141">
    <p class='ocr_par' dir='ltr' id='par_1_97' title="bbox 274 5070 1698 5141">
     <span class='ocr_line' id='line_1_97' title="bbox 274 5070 1698 5141; baseline -0.002 -14"><span class='ocrx_word' id='word_1_742' title='bbox 274 5075 409 5127; x_wconf 89' lang='lat' dir='ltr'><strong>enim</strong></span> <span class='ocrx_word' id='word_1_743' title='bbox 434 5081 548 5127; x_wconf 88' lang='lat' dir='ltr'><strong>erat</strong></span> <span class='ocrx_word' id='word_1_744' title='bbox 575 5072 710 5125; x_wconf 85' lang='lat' dir='ltr'><strong>illud</strong></span> <span class='ocrx_word' id='word_1_745' title='bbox 737 5070 875 5141; x_wconf 90' lang='lat' dir='ltr'><strong>quod</strong></span> <span class='ocrx_word' id='word_1_746' title='bbox 904 5083 979 5125; x_wconf 89' lang='lat' dir='ltr'><strong>est</strong></span> <span class='ocrx_word' id='word_1_747' title='bbox 1006 5079 1160 5125; x_wconf 77' lang='lat' dir='ltr'><strong>extra</strong></span> <span class='ocrx_word' id='word_1_748' title='bbox 1188 5070 1360 5125; x_wconf 77' lang='lat' dir='ltr'><strong>Gades</strong></span> <span class='ocrx_word' id='word_1_749' title='bbox 1388 5088 1557 5136; x_wconf 87' lang='lat' dir='ltr'><strong>mare,</strong></span> <span class='ocrx_word' id='word_1_750' title='bbox 1590 5079 1698 5127; x_wconf 90' lang='lat' dir='ltr'><strong>etc.</strong></span> 
     </span>
    </p>
   </div>
   <div class='ocr_carea' id='block_1_98' title="bbox 347 5163 1845 5235">
    <p class='ocr_par' dir='ltr' id='par_1_98' title="bbox 347 5163 1845 5235">
     <span class='ocr_line' id='line_1_98' title="bbox 347 5163 1845 5235; baseline 0.001 -18"><span class='ocrx_word' id='word_1_751' title='bbox 347 5164 440 5221; x_wconf 78' lang='lat' dir='ltr'><strong>llis</strong></span> <span class='ocrx_word' id='word_1_752' title='bbox 473 5166 671 5220; x_wconf 83' lang='lat' dir='ltr'><strong>addere</strong></span> <span class='ocrx_word' id='word_1_753' title='bbox 710 5181 821 5219; x_wconf 90' lang='lat' dir='ltr'><strong>non</strong></span> <span class='ocrx_word' id='word_1_754' title='bbox 867 5165 1093 5235; x_wconf 78' lang='lat' dir='ltr'><strong>pigebit,</strong></span> <span class='ocrx_word' id='word_1_755' title='bbox 1136 5180 1256 5234; x_wconf 66' lang='lat' dir='ltr'><strong>qua:</strong></span> <span class='ocrx_word' id='word_1_756' title='bbox 1293 5163 1532 5220; x_wconf 87' lang='lat' dir='ltr'><strong>Basilius</strong></span> <span class='ocrx_word' id='word_1_757' title='bbox 1577 5164 1644 5219; x_wconf 91' lang='lat' dir='ltr'><strong>de</strong></span> <span class='ocrx_word' id='word_1_758' title='bbox 1689 5179 1845 5220; x_wconf 89' lang='lat' dir='ltr'><strong>crea-</strong></span> 
     </span>
    </p>
   </div>
   <div class='ocr_carea' id='block_1_99' title="bbox 277 5254 1840 5326">
    <p class='ocr_par' dir='ltr' id='par_1_99' title="bbox 277 5254 1840 5326">
     <span class='ocr_line' id='line_1_99' title="bbox 277 5254 1840 5326; baseline 0.001 -16"><span class='ocrx_word' id='word_1_759' title='bbox 277 5257 424 5312; x_wconf 89' lang='lat' dir='ltr'><strong>tione</strong></span> <span class='ocrx_word' id='word_1_760' title='bbox 452 5258 584 5312; x_wconf 86' lang='lat' dir='ltr'><strong>solis</strong></span> <span class='ocrx_word' id='word_1_761' title='bbox 615 5264 872 5325; x_wconf 87' lang='lat' dir='ltr'><strong>peracute</strong></span> <span class='ocrx_word' id='word_1_762' title='bbox 896 5255 1170 5311; x_wconf 87' lang='lat' dir='ltr'><strong>observat.</strong></span> <span class='ocrx_word' id='word_1_763' title='bbox 1196 5254 1286 5309; x_wconf 89' lang='lat' dir='ltr'><strong>Sic</strong></span> <span class='ocrx_word' id='word_1_764' title='bbox 1307 5256 1549 5326; x_wconf 86' lang='lat' dir='ltr'><strong>loquitur</strong></span> <span class='ocrx_word' id='word_1_765' title='bbox 1568 5257 1756 5311; x_wconf 88' lang='lat' dir='ltr'><strong>homil.</strong></span> <span class='ocrx_word' id='word_1_766' title='bbox 1784 5257 1840 5323; x_wconf 78' lang='grc'>4,</span> 
     </span>
    </p>
   </div>
   <div class='ocr_carea' id='block_1_100' title="bbox 278 5348 1838 5420">
    <p class='ocr_par' dir='ltr' id='par_1_100' title="bbox 278 5348 1838 5420">
     <span class='ocr_line' id='line_1_100' title="bbox 278 5348 1838 5420; baseline 0.001 -17"><span class='ocrx_word' id='word_1_767' title='bbox 278 5365 335 5403; x_wconf 89' lang='lat' dir='ltr'><strong>n.</strong></span> <span class='ocrx_word' id='word_1_768' title='bbox 366 5349 420 5412; x_wconf 84' lang='lat'><strong>5,</strong></span> <span class='ocrx_word' id='word_1_769' title='bbox 448 5364 501 5418; x_wconf 92' lang='lat' dir='ltr'><strong>p.</strong></span> <span class='ocrx_word' id='word_1_770' title='bbox 530 5349 601 5403; x_wconf 80' lang='grc'>57</span> <span class='ocrx_word' id='word_1_771' title='bbox 629 5366 645 5402; x_wconf 89' lang='lat'><strong>:</strong></span> <span class='ocrx_word' id='word_1_772' title='bbox 670 5349 787 5403; x_wconf 83' lang='grc' dir='ltr'>ἰνα</span> <span class='ocrx_word' id='word_1_773' title='bbox 820 5349 894 5419; x_wconf 83' lang='grc' dir='ltr'>μὴ</span> <span class='ocrx_word' id='word_1_774' title='bbox 926 5348 1005 5419; x_wconf 82' lang='grc' dir='ltr'>τῷ</span> <span class='ocrx_word' id='word_1_775' title='bbox 1032 5349 1168 5420; x_wconf 74' lang='grc' dir='ltr'>ἡλίῳ</span> <span class='ocrx_word' id='word_1_776' title='bbox 1196 5349 1295 5416; x_wconf 83' lang='grc' dir='ltr'>τὴν</span> <span class='ocrx_word' id='word_1_777' title='bbox 1322 5349 1415 5402; x_wconf 84' lang='grc' dir='ltr'>τοῦ</span> <span class='ocrx_word' id='word_1_778' title='bbox 1455 5349 1838 5420; x_wconf 79' lang='grc' dir='ltr'>ἀναξηραίνειν</span> 
     </span>
    </p>
   </div>
   <div class='ocr_carea' id='block_1_101' title="bbox 275 5437 1838 5514">
    <p class='ocr_par' dir='ltr' id='par_1_101' title="bbox 275 5437 1838 5514">
     <span class='ocr_line' id='line_1_101' title="bbox 275 5437 1838 5514; baseline 0.002 -22"><span class='ocrx_word' id='word_1_779' title='bbox 275 5439 373 5512; x_wconf 80' lang='grc' dir='ltr'>τὴν</span> <span class='ocrx_word' id='word_1_780' title='bbox 417 5440 521 5510; x_wconf 74' lang='grc' dir='ltr'><strong>γῆν</strong></span> <span class='ocrx_word' id='word_1_781' title='bbox 562 5439 739 5494; x_wconf 80' lang='grc' dir='ltr'>αἰτίαν</span> <span class='ocrx_word' id='word_1_782' title='bbox 786 5437 1132 5511; x_wconf 80' lang='grc' dir='ltr'>προσθῶμεν,</span> <span class='ocrx_word' id='word_1_783' title='bbox 1182 5440 1562 5514; x_wconf 79' lang='grc' dir='ltr'>πρεσϐυτέραν</span> <span class='ocrx_word' id='word_1_784' title='bbox 1600 5442 1700 5513; x_wconf 81' lang='grc' dir='ltr'><strong>τῆς</strong></span> <span class='ocrx_word' id='word_1_785' title='bbox 1742 5443 1838 5495; x_wconf 83' lang='grc' dir='ltr'>τοῦ</span> 
     </span>
    </p>
   </div>
   <div class='ocr_carea' id='block_1_102' title="bbox 275 5530 1843 5606">
    <p class='ocr_par' dir='ltr' id='par_1_102' title="bbox 275 5530 1843 5606">
     <span class='ocr_line' id='line_1_102' title="bbox 275 5530 1843 5606; baseline 0.001 -20"><span class='ocrx_word' id='word_1_786' title='bbox 275 5530 427 5606; x_wconf 68' lang='grc' dir='ltr'>ἡλίου</span> <span class='ocrx_word' id='word_1_787' title='bbox 463 5531 727 5601; x_wconf 80' lang='grc' dir='ltr'>γενέσεως</span> <span class='ocrx_word' id='word_1_788' title='bbox 752 5532 852 5602; x_wconf 84' lang='grc' dir='ltr'>τὴν</span> <span class='ocrx_word' id='word_1_789' title='bbox 879 5530 1149 5603; x_wconf 83' lang='grc' dir='ltr'>ξηρότητα</span> <span class='ocrx_word' id='word_1_790' title='bbox 1185 5531 1286 5603; x_wconf 81' lang='grc' dir='ltr'><strong>τῆς</strong></span> <span class='ocrx_word' id='word_1_791' title='bbox 1317 5531 1422 5602; x_wconf 81' lang='grc' dir='ltr'><strong>γῆς</strong></span> <span class='ocrx_word' id='word_1_792' title='bbox 1447 5531 1475 5584; x_wconf 87' lang='grc' dir='ltr'>ὁ</span> <span class='ocrx_word' id='word_1_793' title='bbox 1501 5532 1843 5605; x_wconf 76' lang='grc' dir='ltr'>Δημιουργὺς</span> 
     </span>
    </p>
   </div>
   <div class='ocr_carea' id='block_1_103' title="bbox 349 5688 730 5751">
    <p class='ocr_par' dir='ltr' id='par_1_103' title="bbox 349 5688 730 5751">
     <span class='ocr_line' id='line_1_103' title="bbox 349 5688 730 5751; baseline -0.01 -7"><span class='ocrx_word' id='word_1_794' title='bbox 349 5689 393 5722; x_wconf 79' lang='grc'><strong>¹⁶</strong></span> <span class='ocrx_word' id='word_1_795' title='bbox 423 5688 562 5745; x_wconf 63' lang='lat' dir='ltr'><strong>Pen.</strong></span> <span class='ocrx_word' id='word_1_796' title='bbox 598 5703 639 5751; x_wconf 86' lang='lat' dir='ltr'><strong>i,</strong></span> <span class='ocrx_word' id='word_1_797' title='bbox 678 5688 730 5740; x_wconf 82' lang='lat' dir='ltr'><strong>l.</strong></span> 
     </span>
    </p>
   </div>
   <div class='ocr_carea' id='block_1_104' title="bbox 592 5777 1389 5842">
    <p class='ocr_par' dir='ltr' id='par_1_104' title="bbox 592 5777 1389 5842">
     <span class='ocr_line' id='line_1_104' title="bbox 592 5777 1389 5842; baseline 0.001 -2"><span class='ocrx_word' id='word_1_798' title='bbox 592 5781 860 5840; x_wconf 62' lang='lat' dir='ltr'><strong>Panos.</strong></span> <span class='ocrx_word' id='word_1_799' title='bbox 894 5780 1010 5842; x_wconf 81' lang='lat' dir='ltr'><strong>Gn.</strong></span> <span class='ocrx_word' id='word_1_800' title='bbox 1052 5777 1324 5841; x_wconf 80' lang='lat' dir='ltr'><strong>XXXII.</strong></span> <span class='ocrx_word' id='word_1_801' title='bbox 1386 5802 1389 5805; x_wconf 93' lang='grc'><strong>·</strong></span> 
     </span>
    </p>
   </div>
   <div class='ocr_carea' id='block_1_105' title="bbox 1944 4502 3515 4576">
    <p class='ocr_par' dir='ltr' id='par_1_105' title="bbox 1944 4502 3515 4576">
     <span class='ocr_line' id='line_1_105' title="bbox 1944 4502 3515 4576; baseline -0.004 -17"><span class='ocrx_word' id='word_1_802' title='bbox 1944 4506 2137 4561; x_wconf 88' lang='lat' dir='ltr'><strong>ditoris</strong></span> <span class='ocrx_word' id='word_1_803' title='bbox 2165 4508 2297 4576; x_wconf 80' lang='lat' dir='ltr'><strong>leges</strong></span> <span class='ocrx_word' id='word_1_804' title='bbox 2323 4514 2576 4567; x_wconf 86' lang='lat' dir='ltr'><strong>servaret,</strong></span> <span class='ocrx_word' id='word_1_805' title='bbox 2600 4519 2692 4572; x_wconf 91' lang='lat' dir='ltr'><strong>per</strong></span> <span class='ocrx_word' id='word_1_806' title='bbox 2721 4519 2925 4557; x_wconf 88' lang='lat' dir='ltr'><strong>omnem</strong></span> <span class='ocrx_word' id='word_1_807' title='bbox 2956 4502 3268 4557; x_wconf 83' lang='lat' dir='ltr'><strong>accretionis</strong></span> <span class='ocrx_word' id='word_1_808' title='bbox 3294 4502 3515 4569; x_wconf 87' lang='lat' dir='ltr'><strong>speciem</strong></span> 
     </span>
    </p>
   </div>
   <div class='ocr_carea' id='block_1_106' title="bbox 1942 4588 3583 4667">
    <p class='ocr_par' dir='ltr' id='par_1_106' title="bbox 1942 4588 3583 4667">
     <span class='ocr_line' id='line_1_106' title="bbox 1942 4588 3583 4667; baseline -0.005 -16"><span class='ocrx_word' id='word_1_809' title='bbox 1942 4597 2299 4667; x_wconf 80' lang='lat' dir='ltr'><strong>progrediens,</strong></span> <span class='ocrx_word' id='word_1_810' title='bbox 2330 4596 2607 4665; x_wconf 84' lang='lat' dir='ltr'><strong>confestim</strong></span> <span class='ocrx_word' id='word_1_811' title='bbox 2638 4594 2876 4665; x_wconf 88' lang='lat' dir='ltr'><strong>germina</strong></span> <span class='ocrx_word' id='word_1_812' title='bbox 2904 4593 3122 4648; x_wconf 67' lang='lat' dir='ltr'><strong>deduxit</strong></span> <span class='ocrx_word' id='word_1_813' title='bbox 3147 4593 3216 4646; x_wconf 91' lang='lat' dir='ltr'><strong>ad</strong></span> <span class='ocrx_word' id='word_1_814' title='bbox 3238 4588 3515 4661; x_wconf 83' lang='lat' dir='ltr'><strong>perfectio-</strong></span> <span class='ocrx_word' id='word_1_815' title='bbox 3580 4604 3583 4609; x_wconf 78' lang='lat'><em>‘</em></span> 
     </span>
    </p>
   </div>
   <div class='ocr_carea' id='block_1_107' title="bbox 1945 4707 2077 4745">
    <p class='ocr_par' dir='ltr' id='par_1_107' title="bbox 1945 4707 2077 4745">
     <span class='ocr_line' id='line_1_107' title="bbox 1945 4707 2077 4745; baseline 0.015 -2"><span class='ocrx_word' id='word_1_816' title='bbox 1945 4707 2077 4745; x_wconf 78' lang='lat' dir='ltr'><strong>item.</strong></span> 
     </span>
    </p>
   </div>
   <div class='ocr_carea' id='block_1_108' title="bbox 2644 4796 2783 4869">
    <p class='ocr_par' dir='ltr' id='par_1_108' title="bbox 2644 4796 2783 4869">
     <span class='ocr_line' id='line_1_108' title="bbox 2644 4796 2783 4869; baseline 0 -19"><span class='ocrx_word' id='word_1_817' title='bbox 2644 4796 2783 4869; x_wconf 80' lang='lat' dir='ltr'><strong>§VL</strong></span> 
     </span>
    </p>
   </div>
   <div class='ocr_carea' id='block_1_109' title="bbox 1947 4909 3515 4983">
    <p class='ocr_par' dir='ltr' id='par_1_109' title="bbox 1947 4909 3515 4983">
     <span class='ocr_line' id='line_1_109' title="bbox 1947 4909 3515 4983; baseline -0.008 -9"><span class='ocrx_word' id='word_1_818' title='bbox 1947 4920 1986 4974; x_wconf 87' lang='lat' dir='ltr'><strong>I.</strong></span> <span class='ocrx_word' id='word_1_819' title='bbox 2023 4917 2355 4972; x_wconf 86' lang='lat' dir='ltr'><strong>Traditionis</strong></span> <span class='ocrx_word' id='word_1_820' title='bbox 2405 4916 2705 4970; x_wconf 83' lang='lat' dir='ltr'><strong>auctoritas</strong></span> <span class='ocrx_word' id='word_1_821' title='bbox 2750 4914 2966 4983; x_wconf 87' lang='lat' dir='ltr'><strong>defensa</strong></span> <span class='ocrx_word' id='word_1_822' title='bbox 3011 4930 3042 4966; x_wconf 91' lang='lat' dir='ltr'><strong>a</strong></span> <span class='ocrx_word' id='word_1_823' title='bbox 3084 4909 3515 4983; x_wconf 41' lang='grc' dir='ltr'><strong>ασκεω-Βαιρριῷ</strong></span> 
     </span>
    </p>
   </div>
   <div class='ocr_carea' id='block_1_110' title="bbox 2006 4980 3517 5043">
    <p class='ocr_par' dir='ltr' id='par_1_110' title="bbox 2006 4980 3517 5043">
     <span class='ocr_line' id='line_1_110' title="bbox 2006 4980 3517 5043; baseline -0.007 -1"><span class='ocrx_word' id='word_1_824' title='bbox 2006 4986 2269 5043; x_wconf 56' lang='grc' dir='ltr'><strong>«κάτθανε</strong></span> <span class='ocrx_word' id='word_1_825' title='bbox 2304 4984 2624 5040; x_wconf 86' lang='lat' dir='ltr'><strong>Eunomium</strong></span> <span class='ocrx_word' id='word_1_826' title='bbox 2643 4995 2691 5040; x_wconf 91' lang='lat' dir='ltr'><strong>et</strong></span> <span class='ocrx_word' id='word_1_827' title='bbox 2718 4980 3252 5038; x_wconf 84' lang='lat' dir='ltr'><strong>Pneumatomachos.</strong></span> <span class='ocrx_word' id='word_1_828' title='bbox 3287 4980 3353 5036; x_wconf 91' lang='lat' dir='ltr'><strong>ll.</strong></span> <span class='ocrx_word' id='word_1_829' title='bbox 3385 4980 3517 5034; x_wconf 73' lang='lat' dir='ltr'><strong>Val-</strong></span> 
     </span>
    </p>
   </div>
   <div class='ocr_carea' id='block_1_111' title="bbox 2019 5051 3518 5113">
    <p class='ocr_par' dir='ltr' id='par_1_111' title="bbox 2019 5051 3518 5113">
     <span class='ocr_line' id='line_1_111' title="bbox 2019 5051 3518 5113; baseline -0.005 0"><span class='ocrx_word' id='word_1_830' title='bbox 2019 5060 2083 5113; x_wconf 88' lang='lat' dir='ltr'><strong>de</strong></span> <span class='ocrx_word' id='word_1_831' title='bbox 2121 5060 2284 5112; x_wconf 89' lang='lat' dir='ltr'><strong>etiam</strong></span> <span class='ocrx_word' id='word_1_832' title='bbox 2322 5058 2591 5112; x_wconf 89' lang='lat' dir='ltr'><strong>studiosus</strong></span> <span class='ocrx_word' id='word_1_833' title='bbox 2620 5056 2823 5109; x_wconf 70' lang='lat' dir='ltr'><strong>exstitit</strong></span> <span class='ocrx_word' id='word_1_834' title='bbox 2858 5052 3104 5106; x_wconf 87' lang='lat' dir='ltr'><strong>catholici</strong></span> <span class='ocrx_word' id='word_1_835' title='bbox 3136 5052 3391 5104; x_wconf 88' lang='lat' dir='ltr'><strong>sermonis</strong></span> <span class='ocrx_word' id='word_1_836' title='bbox 3424 5051 3518 5105; x_wconf 41' lang='lat' dir='ltr'><strong>deo</strong></span> 
     </span>
    </p>
   </div>
   <div class='ocr_carea' id='block_1_112' title="bbox 2019 5119 3518 5193">
    <p class='ocr_par' dir='ltr' id='par_1_112' title="bbox 2019 5119 3518 5193">
     <span class='ocr_line' id='line_1_112' title="bbox 2019 5119 3518 5193; baseline -0.007 -10"><span class='ocrx_word' id='word_1_837' title='bbox 2019 5128 2281 5192; x_wconf 88' lang='lat' dir='ltr'><strong>fendendi.</strong></span> <span class='ocrx_word' id='word_1_838' title='bbox 2315 5126 2454 5193; x_wconf 81' lang='lat' dir='ltr'><strong>Quid</strong></span> <span class='ocrx_word' id='word_1_839' title='bbox 2499 5126 2562 5179; x_wconf 90' lang='lat' dir='ltr'><strong>de</strong></span> <span class='ocrx_word' id='word_1_840' title='bbox 2603 5125 2840 5178; x_wconf 89' lang='lat' dir='ltr'><strong>conciliis</strong></span> <span class='ocrx_word' id='word_1_841' title='bbox 2879 5119 3369 5193; x_wconf 29' lang='lat' dir='ltr'><strong>sentiat.__l_l|.‘Cur</strong></span> <span class='ocrx_word' id='word_1_842' title='bbox 3417 5120 3518 5174; x_wconf 78' lang='lat' dir='ltr'><strong>ad-</strong></span> 
     </span>
    </p>
   </div>
   <div class='ocr_carea' id='block_1_113' title="bbox 2024 5189 3517 5265">
    <p class='ocr_par' dir='ltr' id='par_1_113' title="bbox 2024 5189 3517 5265">
     <span class='ocr_line' id='line_1_113' title="bbox 2024 5189 3517 5265; baseline -0.007 -11"><span class='ocrx_word' id='word_1_843' title='bbox 2024 5189 2286 5254; x_wconf 84' lang='lat' dir='ltr'><strong>versarios</strong></span> <span class='ocrx_word' id='word_1_844' title='bbox 2315 5189 2382 5251; x_wconf 73' lang='lat' dir='ltr'><strong>ad</strong></span> <span class='ocrx_word' id='word_1_845' title='bbox 2417 5197 2750 5265; x_wconf 88' lang='lat' dir='ltr'><strong>Scripturam</strong></span> <span class='ocrx_word' id='word_1_846' title='bbox 2778 5203 3042 5265; x_wconf 83' lang='lat' dir='ltr'><strong>provocat.</strong></span> <span class='ocrx_word' id='word_1_847' title='bbox 3091 5189 3185 5265; x_wconf 71' lang='lat' dir='ltr'><strong>iV.</strong></span> <span class='ocrx_word' id='word_1_848' title='bbox 3218 5190 3517 5265; x_wconf 76' lang='lat' dir='ltr'><strong>Quosensit</strong></span> 
     </span>
    </p>
   </div>
   <div class='ocr_carea' id='block_1_114' title="bbox 2022 5261 3519 5333">
    <p class='ocr_par' dir='ltr' id='par_1_114' title="bbox 2022 5261 3519 5333">
     <span class='ocr_line' id='line_1_114' title="bbox 2022 5261 3519 5333; baseline -0.007 -7"><span class='ocrx_word' id='word_1_849' title='bbox 2022 5272 2203 5326; x_wconf 85' lang='lat' dir='ltr'><strong>omnia</strong></span> <span class='ocrx_word' id='word_1_850' title='bbox 2258 5261 2554 5333; x_wconf 80' lang='lat' dir='ltr'><strong>Scripturis</strong></span> <span class='ocrx_word' id='word_1_851' title='bbox 2608 5263 2996 5332; x_wconf 87' lang='lat' dir='ltr'><strong>confirmanda,</strong></span> <span class='ocrx_word' id='word_1_852' title='bbox 3047 5263 3180 5315; x_wconf 87' lang='lat' dir='ltr'><strong>nihil</strong></span> <span class='ocrx_word' id='word_1_853' title='bbox 3228 5261 3519 5333; x_wconf 84' lang='lat' dir='ltr'><strong>Scripturis</strong></span> 
     </span>
    </p>
   </div>
   <div class='ocr_carea' id='block_1_115' title="bbox 2025 5332 3521 5402">
    <p class='ocr_par' dir='ltr' id='par_1_115' title="bbox 2025 5332 3521 5402">
     <span class='ocr_line' id='line_1_115' title="bbox 2025 5332 3521 5402; baseline -0.005 -8"><span class='ocrx_word' id='word_1_854' title='bbox 2025 5339 2324 5394; x_wconf 88' lang='lat' dir='ltr'><strong>addendum</strong></span> <span class='ocrx_word' id='word_1_855' title='bbox 2351 5332 2508 5391; x_wconf 76' lang='lat' dir='ltr'><strong>dixit.</strong></span> <span class='ocrx_word' id='word_1_856' title='bbox 2554 5334 2618 5390; x_wconf 82' lang='lat' dir='ltr'><strong>V.</strong></span> <span class='ocrx_word' id='word_1_857' title='bbox 2658 5335 2774 5400; x_wconf 81' lang='lat' dir='ltr'><strong>Quo</strong></span> <span class='ocrx_word' id='word_1_858' title='bbox 2808 5349 2963 5386; x_wconf 85' lang='lat' dir='ltr'><strong>sensu</strong></span> <span class='ocrx_word' id='word_1_859' title='bbox 2995 5332 3265 5388; x_wconf 91' lang='lat' dir='ltr'><strong>auditores</strong></span> <span class='ocrx_word' id='word_1_860' title='bbox 3294 5332 3521 5402; x_wconf 75' lang='lat' dir='ltr'><strong>probare</strong></span> 
     </span>
    </p>
   </div>
   <div class='ocr_carea' id='block_1_116' title="bbox 2020 5403 3007 5480">
    <p class='ocr_par' dir='ltr' id='par_1_116' title="bbox 2020 5403 3007 5480">
     <span class='ocr_line' id='line_1_116' title="bbox 2020 5403 3007 5480; baseline -0.012 -14"><span class='ocrx_word' id='word_1_861' title='bbox 2020 5410 2203 5465; x_wconf 88' lang='lat' dir='ltr'><strong>debere</strong></span> <span class='ocrx_word' id='word_1_862' title='bbox 2235 5425 2350 5480; x_wconf 75' lang='lat' dir='ltr'><strong>qua:</strong></span> <span class='ocrx_word' id='word_1_863' title='bbox 2381 5425 2413 5461; x_wconf 91' lang='lat' dir='ltr'><strong>a</strong></span> <span class='ocrx_word' id='word_1_864' title='bbox 2443 5405 2710 5477; x_wconf 88' lang='lat' dir='ltr'><strong>magistris</strong></span> <span class='ocrx_word' id='word_1_865' title='bbox 2738 5403 3007 5456; x_wconf 87' lang='lat' dir='ltr'><strong>dicuntur.</strong></span> 
     </span>
    </p>
   </div>
   <div class='ocr_carea' id='block_1_117' title="bbox 2020 5525 3522 5597">
    <p class='ocr_par' dir='ltr' id='par_1_117' title="bbox 2020 5525 3522 5597">
     <span class='ocr_line' id='line_1_117' title="bbox 2020 5525 3522 5597; baseline -0.008 -10"><span class='ocrx_word' id='word_1_866' title='bbox 2020 5532 2064 5587; x_wconf 88' lang='lat' dir='ltr'><strong>l.</strong></span> <span class='ocrx_word' id='word_1_867' title='bbox 2104 5528 2225 5587; x_wconf 88' lang='lat' dir='ltr'><strong>Non</strong></span> <span class='ocrx_word' id='word_1_868' title='bbox 2272 5530 2500 5585; x_wconf 87' lang='lat' dir='ltr'><strong>interest</strong></span> <span class='ocrx_word' id='word_1_869' title='bbox 2544 5540 2757 5591; x_wconf 90' lang='lat' dir='ltr'><strong>eorum,</strong></span> <span class='ocrx_word' id='word_1_870' title='bbox 2805 5525 2899 5597; x_wconf 83' lang='lat' dir='ltr'><strong>qui</strong></span> <span class='ocrx_word' id='word_1_871' title='bbox 2948 5535 3128 5582; x_wconf 87' lang='lat' dir='ltr'><strong>sectas</strong></span> <span class='ocrx_word' id='word_1_872' title='bbox 3170 5539 3239 5579; x_wconf 88' lang='lat' dir='ltr'><strong>au</strong></span> <span class='ocrx_word' id='word_1_873' title='bbox 3275 5532 3522 5579; x_wconf 70' lang='lat' dir='ltr'><strong>mexesxa</strong></span> 
     </span>
    </p>
   </div>
   <div class='ocr_carea' id='block_1_118' title="bbox 3238 5771 3279 5828">
    <p class='ocr_par' dir='ltr' id='par_1_118' title="bbox 3238 5771 3279 5828">
     <span class='ocr_line' id='line_1_118' title="bbox 3238 5771 3279 5828; baseline 0 0"><span class='ocrx_word' id='word_1_874' title='bbox 3238 5771 3279 5828; x_wconf 73' lang='grc'><strong>2</strong></span> 
     </span>
    </p>
   </div>
  </div>
