3972 6218
366 316 439 378 δε
1797 286 1974 349 ΡΒΑΕΙ

2076 283 2188 348 110.
3544 270 3614 327 ιι

369 440 709 501 dissidentes
748 411 1070 499 defendunt,
1111 430 1167 485 in
1211 420 1300 485 his
1330 421 1687 497 argumentis,
1718 434 1838 492 qua
1872 416 1938 472 ad
1967 419 2015 478 Δ
2044 435 2240 475 remus.
2277 415 2356 472 Ex
2408 414 2496 470 his
2526 408 2894 485 perspicimus
2923 401 3108 460 omnia
3139 390 3341 455 diaboli
3376 390 3611 449 artificia

371 533 636 594 Ecclesia
667 540 722 587 et
760 525 1072 584 traditionis
1125 522 1177 579 ei
1211 520 1521 577 commissa
1552 514 1937 570 auctoritatem

368 634 647 701 spectant,
679 636 803 680 sese
834 617 1133 674 venditare.
1178 613 1315 668 Cum
1347 610 1493 665 enim
1523 605 1740 663 eventui
1777 604 1940 658 unius

376 733 572 794 pugna
601 729 702 772 sua
733 711 916 768 omnia
948 706 1317 768 committunt,
1354 699 1631 769 semelque
1655 698 1759 752 hac
1793 696 1847 750 in
1884 708 1943 749 re

374 788 540 869 victis
568 808 709 865 nihil
737 807 989 874 superest
1038 796 1107 852 ad
1153 809 1335 851 causa
1373 788 1778 851 defensionem;
1826 795 1942 839 tum

288 947 301 958 ο
375 919 508 964 vero
539 916 605 958 eo
632 897 861 952 'l'acilius
889 894 943 947 in
974 891 1077 945 hoc
1104 887 1355 958 dogmate
1383 897 1547 954 quam
1586 880 1643 935 in
1675 879 1796 934 aliis
1825 879 1945 930 vin-

375 1001 605 1057 cuntur,
630 986 778 1061 quod
809 999 875 1041 ne
905 980 1111 1038 erroris
1135 976 1353 1048 quidem
1377 973 1618 1028 novitate
1641 970 1944 1025 molestiam

382 1086 686 1144 facessunt,
726 1075 823 1133 sed
850 1073 1094 1129 omnium
1132 1066 1540 1129 hareticorum,
1579 1062 1675 1134 qui
1708 1074 1946 1131 unquam

380 1174 662 1236 exstitere,
695 1167 938 1237 vestigiis
962 1162 1247 1218 insistunt.
1277 1157 1459 1212 Ausus
1480 1161 1564 1210 est
1590 1163 1771 1207 tamen
1793 1149 1951 1205 Scul-

380 1277 529 1327 tetus
568 1262 705 1336 (ω’)
742 1258 810 1317 ad
864 1255 1192 1313 acerrimum
1248 1248 1561 1305 traditionis
1609 1245 1948 1301 defensorem

380 1360 645 1418 Basilium
669 1365 991 1427 provocare,
1025 1362 1128 1402 nec.
1150 1343 1343 1398 timide
1374 1348 1467 1395 aut
1499 1337 1804 1394 verecunde
1832 1350 1952 1389 ver-

385 1460 540 1510 satur
567 1449 621 1504 in
659 1445 808 1500 illius
837 1437 1168 1499 testimoniis
1193 1431 1536 1504 colligendis.
1565 1428 1671 1485 Sed
1706 1436 1765 1482 ttt
1790 1426 1949 1480 Scul-

384 1545 481 1601 teti
515 1540 799 1598 temeritas
825 1536 880 1591 in
913 1539 1168 1607 promptu
1200 1526 1456 1583 omnibus
1496 1523 1603 1587 sit,
1642 1521 1832 1592 paucis
1858 1534 1955 1573 ex-

384 1634 638 1712 ponenda
661 1631 720 1687 S.
742 1627 984 1686 doctoris
1009 1623 1276 1680 sententia
1305 1639 1320 1675 :
1351 1630 1665 1688 quanquam
1699 1613 1956 1669 Ecclesia

386 1698 735 1786 traditionem
754 1736 863 1778 non
884 1718 1060 1790 magis
1080 1714 1316 1773 eruditis
1341 1712 1580 1784 scriptis,
1601 1723 1765 1780 quam
1788 1698 1953 1762 rebus

387 1820 605 1879 fortiter
644 1815 814 1888 gestis
857 1808 1124 1867 defendit.
1160 1803 1278 1859 Non
1311 1802 1495 1873 segnis
1524 1815 1656 1856 Sane
1684 1806 1738 1854 et
1768 1797 1954 1852 indili-

387 1929 524 1988 gens
562 1924 725 1981 opera
772 1905 920 1959 illius
971 1901 1027 1955 in
1075 1895 1412 1966 esplicandis
1468 1893 1817 1963 Scripturis:
1859 1888 1956 1945 sed

389 1981 533 2065 idem
560 2000 862 2058 acerrimus
888 1991 1099 2050 exstitit
1129 1986 1441 2043 traditionis
1473 1984 1747 2040 defensor.
1783 1981 1961 2037 Probe

389 2098 538 2155 enim
585 2091 794 2151 sciebat
838 2086 1063 2143 verbum
1112 2081 1209 2137 Dei
1248 2094 1358 2135 non
1408 2078 1586 2133 solum
1640 2074 1844 2145 scripto
1891 2072 1960 2127 ab

392 2182 677 2257 apostolis,
710 2177 807 2234 sed
841 2174 1005 2231 etiam
1058 2172 1179 2226 viva
1223 2184 1357 2225 voce
1400 2166 1659 2223 traditum
1704 2161 1962 2219 Ecclesia

392 2277 599 2340 fuisse;
648 2281 704 2326 et
743 2263 1178 2341 quod.Ecclesia
1208 2261 1261 2316 in
1294 2259 1550 2314 omnibus
1586 2257 1801 2313 saculis
1831 2272 1964 2311 con«

395 2376 605 2429 stanter
632 2362 838 2427 docuit,
874 2358 928 2416 id
977 2373 1084 2413 non
1124 2353 1342 2409 aliunde
1384 2367 1547 2422 quam
1591 2351 1661 2406 ab
1702 2349 1965 2417 apostolis

396 2468 679 2532 acceptum
729 2469 871 2516 esse,
924 2465 1023 2505 nec
1066 2448 1136 2502 ab
1165 2461 1254 2508 eo,
1284 2443 1428 2515 quod
1459 2443 1797 2512 scripserunt
1837 2454 1967 2510 apo-

396 2530 548 2620 stoli,
573 2546 755 2607 divelli
785 2557 966 2615 posse,
992 2539 1099 2594 nisi
1123 2536 1270 2591 aliud
1300 2536 1507 2605 scripto
1534 2533 1792 2604 apostoli,
1819 2530 1965 2586 aliud

397 2649 523 2705 viva
547 2656 681 2699 voce
710 2635 967 2694 docuisse
993 2631 1286 2700 ﬁngantur.
1317 2626 1493 2696 Hujus
1523 2625 1805 2680 sententia
1835 2638 1969 2693 pra-

400 2739 610 2794 clarum
648 2729 869 2800 reliquit
905 2722 1283 2782 testimonium
1324 2719 1379 2773 in
1411 2718 1551 2773 libro
1577 2716 1752 2787 primo
1784 2715 1970 2770 adver-

403 2845 496 2885 sus
544 2822 886 2883 Eunomium,
930 2816 1024 2888 qui
1058 2829 1180 2869 cum
1218 2814 1273 2866 in
1311 2810 1559 2865 doctrina
1598 2807 1860 2863 divinitus
1889 2822 1973 2862 re-

404 2919 584 2977 velata
620 2911 866 2970 eamdem
902 2924 966 2962 ac
995 2905 1049 2960 in
1082 2905 1245 2960 rebus
1276 2900 1671 2973 philosOpbicis
1697 2898 1972 2953 licentiam

409 3014 639 3085 peteret,
673 3018 738 3060 ac
767 3003 821 3057 in
848 2998 1162 3056 Catholicos
1188 2995 1489 3065 jocaretur,
1521 2992 1680 3063 quasi
1706 3008 1769 3046 ea:
1795 2992 1976 3045 multi-

2042 516 2097 570 in
2126 507 2461 568 suscitandis
2500 503 2804 560 haresibus
2844 513 2911 555 eo
2938 500 3244 566 spectasse,
3280 494 3340 542 ut
3388 492 3615 556 aposto-

2042 607 2202 661 licam
2230 599 2700 673 pradicationem,
2727 607 2889 664 quam
2919 585 3169 643 Ecclesia
3190 579 3362 639 veluti
3389 587 3614 633 sacrum

2044 668 2351 772 depositum
2379 693 2649 756 custodit,
2689 688 2912 761 penitus
2950 680 3319 741 convelleret;
3355 671 3448 729 sed
3489 668 3615 739 ejus

2043 799 2276 871 conatus
2327 786 2517 841 irritos
2566 781 2758 837 fuisse.
2800 775 2907 843 Qui
2956 785 3087 842 ergo
3137 764 3477 822 traditionem
3521 773 3616 828 per

2957 862 2968 871 .
3069 869 3077 871 Α
3241 865 3251 871 _
3358 850 3582 871 ΑΔΗ,-

2046 864 2371 951 praeteritum
2401 889 2552 929 omne
2593 881 2792 938 tempus
2831 862 2968 936 apud
3004 869 3079 915 tot
3103 865 3315 913 sanctos
3351 850 3615 924 praedica-

2050 982 2162 1026 tam
2214 969 2645 1039 impugnarunt,
2691 937 2747 1014 lii
2797 972 2908 1013 non
2961 951 3227 1023 Spiritum
3276 950 3523 1000 sanctum
3560 937 3617 990 in

2051 1025 2823 1131 Scriptor-isvinterpretandis
2880 1044 3071 1099 ducem
3121 1037 3470 1094 habuerunt,
3520 1025 3621 1082 sed

2051 1153 2253 1212 diaboli
2306 1152 2373 1205 ad
2409 1143 2759 1204 evertendam
2799 1135 3102 1193 Ecclesiam
3136 1123 3406 1185 emissarii
3443 1121 3621 1175 fuere.

2053 1245 2194 1300 Hinc
2226 1240 2494 1297 baresum
2543 1235 2809 1304 originem
2841 1243 2908 1283 ex
2951 1224 3263 1288 contemptu
3301 1221 3624 1270 sanctorum

2055 1338 2275 1393 Patrum
2305 1331 2500 1404 repetit
2527 1303 2765 1383 Basilius
2799 1322 2855 1376 in
2886 1309 3285 1373 commentario
3312 1309 3367 1360 in
3391 1303 3626 1358 Isaiam,

2057 1424 2316 1483 Nonnulli
2353 1395 2506 1485 sunt,
2545 1417 2724 1488 inquit
2770 1413 2844 1485 (p.
2875 1407 2998 1480 553)
3020 1449 3035 1474 ,
3072 1404 3159 1475 qui
3197 1415 3317 1455 cum
3353 1395 3541 1450 Patres
3571 1398 3626 1446 et

2056 1518 2259 1583 tradita
2293 1514 2357 1569 ab
2383 1515 2459 1568 eis
2485 1511 2738 1581 dogmata
2766 1501 3071 1577 fastidiant,
3096 1494 3198 1567 ipsi
3235 1491 3494 1546 hwresum
3526 1499 3626 1538 οι-

2055 1612 2205 1679 piunt
2236 1622 2348 1662 esse
2369 1612 2635 1659 auctores.

1984 1766 2027 1825 Β
2128 1726 2187 1800 Si
2218 1757 2327 1813 qua
2347 1753 2480 1797 sane
2503 1735 2759 1806 dogmata
2783 1730 2903 1786 sine
2930 1723 3224 1782 traditione
3244 1713 3462 1774 defendi
3494 1725 3627 1783 pos-

2065 1844 2186 1895 sent
2218 1799 2441 1907 propter
2470 1799 2820 1900 apertissima
2855 1818 3155 1886 Scriptura
3191 1802 3532 1867 testimonia,
3572 1799 3630 1854 id

2064 1896 2409 2000 potissimum
2436 1896 2645 1977 tle—Filii
2673 1929 2737 1970 ac
2762 1910 2999 1982 Spiritus
3022 1901 3197 1962 sancti
3218 1896 3499 1955 divinitate
3517 1899 3631 1947 sta-

2064 1984 2144 2075 iui
2176 2018 2417 2075 deberet.
2451 2012 2610 2067 Nullo
2637 2017 2820 2062 tamen
2849 2003 2905 2057 in
2929 2001 3180 2069 dogmate
3203 1991 3386 2048 acrius
3409 1984 3632 2041 defensa

2064 2109 2306 2167 traditio.
2335 2106 2508 2173 Quam
2532 2096 2904 2157 necessarium
2933 2092 3006 2148 sit
3037 2090 3142 2143 hoc
3164 2078 3418 2139 Ecclesia
3439 2071 3632 2147 prasi-

2065 2211 2239 2273 dium,
2271 2204 2523 2278 pluribus
2551 2197 2688 2254 locis
2719 2193 2959 2250 declarat
2995 2184 3254 2241 Basilius.
3286 2178 3356 2232 At
3392 2189 3453 2229 ne
3484 2183 3633 2278 s'ep'a-

2065 2259 2384 2369 Jig'iiauu
2422 2297 2477 2351 in
2515 2291 2706 2349 homil.
2735 2286 2810 2341 2t
2845 2284 2923 2355 (p.
2955 2278 3104 2346 194),
3131 2290 3166 2327 a
3201 2270 3367 2325 Patre
3395 2274 3445 2320 et
3488 2259 3633 2315 Filio

2066 2353 2323 2463 Spiritum
2343 2396 2606 2448 sanctum,
2631 2353 2925 2437 absterreat
2964 2382 3013 2427 te
3045 2365 3284 2423 traditio.
3323 2360 3412 2416 Sic
3450 2353 3636 2410 Domi-

2068 2502 2165 2540 nus
2180 2483 2379 2545 docuit,
2401 2477 2750 2550 praedicavere
2768 2464 3017 2539 apostoli,
3038 2460 3227 2518 Patres
3250 2460 3636 2512 commovere,

2068 2578 2435 2648 conﬁrmauere
2450 2578 2728 2638 martyres.

2144 2729 2252 2787 Sed
2293 2726 2565 2799 pracipue
2605 2722 2659 2778 in
2685 2720 2828 2775 libro
2857 2717 2933 2772 De
2977 2713 3179 2785 Spiritu
3225 2716 3409 2767 sancto
3446 2717 3642 2761 omnes

2071 2821 2277 2894 ingenii
2305 2820 2449 2875 vires
2477 2819 2534 2871 in
2565 2810 2902 2870 defendenda
2930 2805 3186 2864 catholici
3227 2799 3497 2872 dogmatis
3525 2805 3643 2851 tra-

2075 2890 2280 2970 ditione
2301 2908 2601 2983 profundit.
2634 2901 2700 2961 Id
2737 2901 2876 2975 quod
2906 2903 3246 2971 impugnatur
3271 2891 3402 2965 ﬁdes
3432 2898 3532 2949 est.
3552 2890 3640 2942 in-

2076 3005 2196 3077 quit
2227 2977 2368 3076 (ca—p.
2399 2999 2467 3054 10
2487 3036 2502 3063 ,
2547 3011 2672 3067 pag.
2710 2994 2826 3057 2H,
2858 2993 3003 3062 isque
3022 3002 3207 3055 scopus
3248 2993 3326 3039 est
3353 2977 3646 3035 communis

408 3102 590 3160 “dm:
622 3111 800 3153 verum
840 3109 875 3147 ⁰
914 3091 1051 3161 falso
1089 3094 1432 3151 "tamenn"
1474 3084 1668 3149 malo".
1707 3083 1848 3153 Ρανίί
1878 3082 1974 3135 m"
2005 3100 2047 3158 C
2082 3074 2319 3155 omnibus
2349 3085 2666 3148 adversariis
2685 3095 2734 3141 et
2754 3100 2899 3139 sana
2924 3081 3177 3137 doctrina:
3200 3074 3451 3136 inimicis,
3482 3080 3539 3124 ut
3559 3086 3647 3124 so-

409 3198 537 3252 buta
566 3192 764 3263 palma,
807 3203 870 3242 ac
905 3185 1146 3255 priorum
1190 3180 1392 3251 agmini
1435 3193 1682 3232 concessa
1731 3177 1975 3240 victoria,
2011 3179 2018 3185 ’

409 3303 566 3343 aures
592 3277 969 3352 posterioribus
1001 3273 1332 3335 obturarent,
1366 3269 1448 3325 sic
1480 3284 1511 3323 a
1536 3277 1729 3325 sancto
1757 3268 1981 3323 doctore

411 3379 678 3436 refellitur
722 3378 798 3445 (p.
838 3370 1007 3442 2l0):
1054 3364 1195 3433 Quid
1241 3363 1412 3420 dicis?
1460 3364 1761 3433 palmamne
1797 3361 1981 3415 demus

414 3466 844 3541 antiquioribus?
870 3478 932 3516 ne
956 3472 1287 3515 revereamur
1311 3453 1699 3510 multitudinem
1721 3451 1984 3508 Christia-

413 3575 625 3622 norum,
656 3570 821 3626 neque
848 3567 1027 3607 eorum
1054 3551 1145 3619 qui
1173 3563 1310 3602 nunc
1333 3552 1477 3610 sunt,
1506 3559 1667 3614 neque
1690 3558 1869 3597 eorum
1897 3541 1985 3611 qui

416 3651 653 3722 fuerunt,
682 3659 747 3698 ex
772 3659 873 3715 quo
902 3639 1251 3709 pra'dicatum
1278 3644 1354 3689 est
1389 3632 1773 3703 Evangelium?
1801 3628 1884 3683 Ne
1905 3644 1986 3682 re-

414 3718 654 3808 putemus
703 3730 1015 3802 dignitatth
1058 3742 1261 3787 eorum,
1306 3724 1395 3795 qui
1430 3722 1582 3776 donis
1619 3718 1984 3784 spiritualibus

417 3827 770 3899 cujuscunque
797 3819 1000 3892 generis
1028 3817 1378 3877 claruerunt;
1406 3811 1593 3884 quibus
1623 3809 1862 3866 omnibus
1893 3809 1989 3863 ini-

420 3920 611 3975 micam
646 3925 696 3970 et
728 3912 1003 3967 adversam
1034 3909 1171 3963 hanc
1202 3907 1339 3963 viam
1368 3905 1651 3975 impietatis
1683 3919 1854 3958 recens
1895 3916 1989 3956 ex-

420 4007 699 4081 cogitasti;
735 4004 825 4060 sed
852 4004 1051 4058 clausis
1077 4015 1293 4070 prorsus
1316 3999 1509 4052 anima:
1538 3997 1725 4059 oculis,
1743 4006 1790 4050 et
1818 3998 1990 4051 sancti

421 4100 701 4173 cujuslibet
722 4097 819 4152 uiri
842 4094 1095 4149 memoria
1116 4108 1143 4147 e
1172 4100 1340 4145 mente
1369 4087 1612 4158 depulsa,
1634 4088 1990 4157 unusquisque

423 4211 515 4250 cor
542 4201 778 4246 nostrum
805 4188 1031 4243 otiosum
1058 4201 1120 4239 ac
1149 4192 1428 4254 purgatum
1457 4179 1785 4251 captionibus
1814 4196 1877 4233 ac
1904 4196 1992 4234 so-

422 4283 700 4354 phismatis
727 4278 830 4332 tuis
857 4274 1143 4331 subdamus
1161 4275 1187 4328 ?
1215 4272 1428 4342 Ambigi
1461 4285 1566 4324 non
1605 4277 1783 4340 potest
1808 4276 1991 4323 utrum

424 4374 648 4431 imitata
693 4369 805 4426 sint
852 4374 1101 4423 recentes
1153 4371 1337 4427 secta,
1395 4359 1658 4416 Basilium
1701 4375 1772 4414 an
1811 4358 1994 4414 Euno-

2082 3191 2337 3246 liditatent
2369 3184 2493 3256 ﬁdei
2525 3185 2580 3238 in
2626 3175 2896 3236 Christum
2933 3171 3270 3232 concutiant,
3303 3162 3648 3232 apostolicam

2083 3255 2422 3342 traditionem
2444 3279 2556 3335 solo
2580 3282 2842 3346 aquatum
2865 3264 3140 3324 abolendo.
3160 3260 3488 3333 fEapropter,
3512 3255 3649 3310 sicut

2080 3385 2169 3455 qui
2191 3383 2337 3436 bona:
2360 3376 2485 3449 ﬁdei
2518 3362 2775 3430 debitores
2801 3377 2944 3432 sunt,
2966 3362 3300 3436 probationes
3328 3373 3356 3411 e
3374 3354 3652 3422 Scriptura

2082 3445 2310 3528 clamore
2325 3445 2559 3538 eaigunt,
2582 3463 2808 3517 Patrum
2831 3451 3208 3513 testimonium,
3237 3446 3374 3520 quod
3398 3445 3650 3514 scriptum

2084 3583 2184 3621 non
2208 3573 2306 3629 est,
2330 3529 2467 3617 velut
2492 3529 2692 3611 nullius
2723 3548 2972 3607 momenti
2994 3544 3307 3615 rejicientes.
3338 3537 3404 3592 Et
3432 3550 3553 3606 cap.
3581 3529 3651 3587 27

2086 3658 2163 3727 (p.
2191 3627 2320 3720 54).:
2350 3650 2432 3705 Ea:
2459 3643 2745 3702 asserculis
2772 3642 2828 3695 in
2856 3637 3097 3693 Ecclesia
3114 3627 3444 3701 dogmatibus
3459 3633 3654 3692 etprae-

2084 3716 2456 3813 dipatidnibus,
2490 3738 2601 3792 alia
2623 3733 2830 3806 quidem
2858 3729 3107 3785 habemus
3141 3741 3168 3779 e
3194 3719 3434 3775 doctrina
3461 3716 3653 3784 scripto

2085 3836 2315 3910 prodita,
2343 3834 2453 3887 alia
2477 3846 2593 3885 vero
2620 3826 2768 3882 nobis
2799 3824 2857 3878 in
2877 3818 3127 3891 mysterio
3151 3812 3349 3869 tradita
3369 3808 3654 3876 recepimus

2086 3943 2151 3983 ea:
2179 3924 2462 3980 traditione
2484 3917 2841 3989 apostolorum
2871 3926 2888 3964 :
2911 3923 3135 3982 quorum
3155 3913 3375 3974 utraque
3394 3898 3496 3953 vim
3514 3910 3657 3949 eam-

2088 4019 2206 4072 dem
2238 4013 2427 4069 habent
2448 3983 2529 4065 adu
2548 4010 2823 4078 pietatem;
2852 4018 2944 4057 nec
2984 4000 3051 4055 iis
3082 3996 3358 4068 quisquam
3390 3983 3661 4044 contradi-

2089 4120 2167 4164 cet
2188 4123 2206 4161 :
2229 4106 2404 4160 nullus
2428 4111 2587 4163 certe,
2609 4098 2697 4169 qui
2724 4096 2798 4151 uel
2823 4091 2965 4148 tenui
2987 4085 3307 4158 experientia
3328 4079 3522 4135 noverit
3542 4090 3659 4146 qua:

2090 4203 2198 4256 sint
2229 4195 2479 4252 Ecclesia
2510 4192 2778 4246 instituta.
2817 4185 2962 4239 Nam
2996 4184 3043 4238 si
3075 4174 3471 4235 consuetudines
3491 4210 3507 4235 ,
3542 4178 3659 4238 qua

2091 4293 2284 4360 scripto
2304 4285 2526 4359 prodita:
2553 4299 2655 4336 non
2684 4287 2825 4340 sunt,
2867 4288 3116 4344 tanquam
3148 4266 3288 4322 haud
3321 4262 3543 4318 multum
3566 4257 3664 4311 Ita-

2097 4387 2268 4442 bentes
2302 4378 2570 4440 momenti,
2617 4373 2991 4445 aggrediamur
3023 4363 3271 4433 rejicere,
3311 4351 3662 4424 imprudentes

425 4464 595 4520 mium
626 4479 641 4515 :
679 4470 863 4515 utrum
896 4473 1020 4513 cum
1058 4455 1259 4510 Basilio
1288 4463 1605 4510 sanctorum
1642 4452 1866 4508 Patrum
1896 4468 1974 4507 aut

2097 4476 2440 4547 Evangelium
2469 4473 2525 4525 in
2572 4468 2699 4537 ipsis
2727 4462 2881 4518 rebus
2928 4454 3205 4526 pracipuis
3243 4447 3525 4507 lademus,
3556 4445 3664 4495 imo

425 4553 756 4614 ctoritatem,
776 4565 840 4605 ac
857 4548 1257 4604 multitudinem
1272 4546 1707 4601 Christianorum
1724 4545 1992 4609 omnium,

426 4654 541 4702 tum
569 4658 759 4700 eorum
794 4641 890 4712 qui
928 4654 1075 4695 nunc
1103 4648 1256 4703 sunt,
1296 4645 1411 4691 tum
1442 4651 1632 4691 eorum
1664 4635 1758 4706 qui
1796 4635 1863 4690 ab
1892 4634 1995 4689 Ec-

427 4736 608 4793 clesia
629 4741 754 4790 ortu
784 4733 1137 4795 exstiterunt,
1169 4728 1415 4784 reverita
1444 4728 1589 4795 sint;
1626 4741 1695 4782 an
1729 4740 1855 4781 cum
1893 4724 1998 4780 Eu-

430 4829 618 4884 nomio
647 4834 853 4883 tantam
883 4825 1263 4879 auctoritatem
1292 4822 1446 4877 tricis
1467 4828 1522 4876 et
1550 4818 1996 4874 cavillationibus

433 4917 851 4989 esagitaverint.

505 5008 625 5063 Non
673 5005 904 5061 minoris
955 5001 1217 5059 momenti
1257 4999 1512 5056 videntur
1560 5014 1686 5055 esse
1735 5012 1856 5068 qua
1909 5011 1996 5053 se.

435 5104 696 5171 quuntur.
727 5095 925 5166 Magna
959 5092 1211 5163 profecto,
1241 5092 1419 5161 inquit
1449 5087 1572 5159 (ib.,
1595 5104 1649 5160 p.
1675 5086 1834 5157 2M),
1866 5087 2002 5157 foret

433 5202 527 5246 tua
550 5189 806 5259 potentia,
841 5188 888 5241 si
916 5202 1032 5256 qua:
1051 5182 1347 5253 multiplici
1376 5198 1471 5237 suo
1493 5181 1726 5250 artiﬁcio
1755 5178 2001 5234 diabolus

431 5288 739 5338 consecutus
767 5295 870 5332 non
889 5287 990 5340 est,
1017 5293 1081 5331 ea
1110 5275 1205 5329 tibi
1243 5274 1359 5330 solo
1387 5275 1606 5345 imperio
1636 5274 1848 5343 assequi
1877 5289 2004 5327 con-

433 5375 690 5443 lingeret;
727 5372 773 5425 si
797 5369 1035 5424 videlicet
1059 5384 1319 5438 persuasu
1343 5384 1406 5420 ac
1444 5366 1667 5421 inductu
1705 5376 1792 5421 tuo
1830 5365 2005 5419 tradi-

433 5466 648 5525 tionem,
673 5477 788 5532 quw
825 5477 916 5531 per
962 5461 1289 5528 prieteritum
1324 5475 1473 5514 omne
1508 5467 1711 5528 tempus
1751 5459 1892 5529 apud
1928 5464 2005 5510 tot

435 5566 643 5610 sanctos
687 5553 948 5619 obtinuit,
985 5553 1147 5622 impio
1187 5562 1358 5608 vestro
1390 5561 1684 5609 commento
1725 5560 1997 5624 postpone-

507 5709 644 5779 (lO')
684 5704 1090 5775 MedutheoL,
1122 5711 1266 5775 part.
1301 5720 1372 5759 tv.

2092 4573 2266 4644 potius
2288 4564 2714 4639 praedicationem
2736 4556 2804 4611 ad
2832 4552 3028 4609 nudum
3061 4562 3246 4603 nomen
3273 4539 3662 4597 contrahemus.

2095 4627 2205 4720 ilur
2233 4627 2300 4716 ad
2329 4657 2679 4714 traditionem
2709 4642 3131 4717 confugiendum
3166 4637 3272 4699 sit,
3319 4640 3380 4689 ut
3412 4627 3664 4686 doctrina

2098 4755 2353 4811 Ecclesia
2388 4747 2754 4821 percipiatur,
2801 4741 2944 4795 banc
2979 4734 3144 4792 etiam
3198 4727 3355 4785 aﬂ'ert
3400 4721 3667 4777 rationem

2099 4847 2327 4922 (p.55),
2370 4810 2516 4915 quod
2544 4810 2662 4895 non
2710 4835 2885 4892 solum
2927 4828 3110 4885 omnia
3150 4817 3449 4891 Scripturis
3483 4810 3669 4870 consi-

2099 4906 2262 5014 gnata
2292 4906 2407 4994 non
2436 4933 2662 4997 fuerint,
2692 4928 2786 4985 sed
2811 4925 2974 4981 etiam
3003 4920 3121 4989 ipsa
3145 4914 3428 4984 Scriptura
3467 4906 3670 4961 obscu-

2102 4989 2262 5086 :it:ite
2290 5025 2524 5098 quadam
2556 4989 2884 5077 involvatur.
2923 5009 3019 5065 Est
3048 5016 3224 5062 autem
3255 4995 3453 5055 silentii
3476 4989 3670 5061 species

2099 5123 2260 5177 etiam
2283 5082 2601 5178 dbscuritas,
2621 5126 2726 5182 qua
2747 5107 2916 5162 utitur
2933 5102 3231 5170 Scriptura,
3254 5089 3517 5148 intellectu
3539 5082 3674 5151 difﬁ-

2100 5216 2254 5271 cilem
2285 5210 2505 5267 reddens
2526 5178 2829 5276 dogmatum
2856 5194 3169 5254 sententiam
3204 5186 3359 5257 idque
3395 5178 3465 5235 ad
3502 5178 3674 5246 legen-

2104 5309 2236 5363 tium
2265 5304 2546 5360 utilitatem
2580 5298 2655 5369 (p.
2686 5294 2836 5365 206).

2177 5460 2428 5535 Speravit
2456 5457 2734 5514 Scultetus
2759 5454 2872 5509 hac
2902 5448 3049 5509 eludi
3080 5463 3265 5523 posse,
3302 5448 3351 5504 si
3384 5447 3526 5503 hanc
3554 5457 3679 5517 par-

2106 5564 2214 5614 tem
2244 5555 2373 5611 libri
2402 5551 2479 5608 De
2505 5549 2714 5621 Spiritu
2734 5553 2940 5613 sancto,
2977 5559 3040 5602 es
3082 5556 3193 5616 qua
3229 5548 3564 5614 postremum
3591 5544 3677 5594 te-
