3972 6218
328 310 412 366 45

1741 327 2128 386 ΡΒίἘΕΑἸἸΟ.
3511 355 3582 410 ΑΒ

325 423 654 480 stimonium
686 425 1148 499 deprompsimus,
1174 446 1282 486 non
1331 433 1518 490 Basilii
1561 436 1727 492 fetum
1767 456 1910 505 esse,
1943 457 1983 509 Α
2016 452 2124 498 tute
2150 444 2383 514 Spiritus
2407 449 2610 518 claras,
2655 452 2814 508 duces
2858 472 2920 510 ac
2960 464 3211 526 patronos
3245 463 3400 533 hujus
3447 474 3584 530 vocis

325 514 429 569 sed
450 529 650 572 manus
673 518 866 573 alienae
889 518 1134 590 facinus;
1168 534 1262 578 aut
1287 525 1480 581 saltem
1514 529 1770 585 Basilium
1803 532 1906 588 hoc

325 603 454 660 loco
485 622 595 661 non
624 609 693 663 de
715 611 1006 681 praecipuis
1033 611 1156 668 ﬁdei
1178 616 1475 685 capitibus,
1512 619 1606 674 sed
1636 621 1704 676 de
1736 621 1911 675 ritua-

321 699 477 755 libus
508 701 935 768 traditionibus,
982 722 1210 775 quarum
1251 709 1375 763 alia:
1407 711 1604 767 nullius
1639 717 1908 778 momenti,

320 789 453 843 aliis
472 806 540 844 ea:
566 791 840 846 hominum
871 797 1123 849 memoria
1151 798 1206 850 in
1248 799 1365 866 ipsa
1396 799 1635 856 Ecclesia
1674 802 1910 860 Romana

317 880 530 947 pridem
554 881 758 942 deletae.
789 884 1062 942 disserere
1089 889 1464 957 responderet.

396 969 648 1028 Primum
689 975 822 1031 illud
852 988 1245 1045 commentum,
1277 982 1424 1052 quod
1456 985 1672 1054 perﬁda:
1714 1002 1910 1044 manus

318 1103 677 1172 Suspiciones
729 1107 784 1160 in
828 1107 1028 1162 librum
1083 1108 1154 1164 De
1198 1110 1404 1179 Spiritu
1456 1125 1642 1169 sancto
1685 1117 1910 1188 injicere

316 1198 585 1258 donatur,
612 1197 695 1251 sic
719 1197 833 1267 jam
857 1201 927 1253 ab
954 1201 1210 1256 omnibus
1234 1204 1515 1272 explosum
1546 1215 1652 1270 cst,
1686 1217 1745 1262 ut
1770 1216 1907 1266 nova

315 1299 491 1353 opera
524 1302 637 1342 non
666 1288 741 1343 sit
769 1289 1144 1346 refellendum.
1177 1291 1334 1358 Quod
1376 1304 1556 1353 autem
1589 1311 1794 1370 spectat
1839 1304 1904 1357 ad

316 1376 554 1432 alteram
585 1379 813 1437 Sculteti
849 1386 1287 1454 respOnsionem,
1317 1395 1504 1443 'verum
1528 1392 1660 1446 illud
1686 1394 1904 1464 quidem

312 1478 402 1522 est
435 1469 703 1526 Basilium
735 1475 838 1529 hoc
863 1475 985 1531 loco
1017 1481 1281 1535 nonnulla
1327 1498 1756 1541 commemorare
1787 1494 1907 1558 quae

312 1558 387 1612 ad
429 1563 733 1617 essentiam
784 1573 1251 1625 sacramentorum
1297 1589 1405 1628 non
1438 1574 1708 1644 pertinent
1745 1596 1758 1632 :
1809 1580 1904 1634 sed

313 1665 427 1703 non
463 1651 676 1709 idcirco
714 1657 897 1712 minus
923 1660 1260 1728 exploratum
1286 1667 1370 1717 est
1405 1666 1523 1733 ejus
1557 1667 1901 1737 principium,

311 1747 518 1812 nempe
553 1749 786 1816 utraque
828 1749 1072 1804 eamdem
1115 1751 1225 1806 vim
1277 1753 1344 1806 ad
1391 1754 1644 1824 pietatem
1681 1757 1900 1824 habere,

311 1843 365 1884 et
398 1836 526 1901 quas
571 1835 872 1907 Scripturis
913 1841 1125 1909 prodita
1163 1843 1312 1908 sunt,
1347 1854 1402 1899 et
1445 1861 1566 1916 qua:
1598 1850 1900 1918 recepimus

308 1938 377 1976 ex
421 1926 721 1982 traditione
753 1932 1147 1999 apostolorum.
1184 1934 1318 1990 Nam
1343 1937 1432 1989 illa
1459 1940 1647 2006 etiam,
1679 1956 1801 2010 qua:
1830 1941 1897 1994 ad

309 2017 620 2071 essentiam
647 2031 1118 2077 sacramentorum
1161 2041 1270 2080 non
1314 2029 1624 2097 pertinent,
1670 2047 1767 2102 par
1803 2033 1900 2086 ba-

309 2106 445 2162 bent
491 2119 864 2178 momentum,
911 2116 1026 2170 sive
1071 2115 1401 2187 Scripturis,
1451 2122 1564 2176 sive
1606 2125 1896 2182 traditione

309 2202 697 2268 apostolorum
727 2207 1152 2275 contineantur;
1202 2212 1410 2278 pariter
1437 2215 1584 2268 enim
1615 2216 1894 2275 immutari

307 2303 570 2359 possent,
606 2297 1065 2364 quemadmodum
1095 2301 1233 2354 ritus
1268 2303 1542 2373 mergendi
1579 2305 1634 2359 in
1671 2321 1890 2377 aquam,

308 2381 402 2449 qui
433 2383 494 2436 in
524 2381 826 2454 Scripturis
858 2397 1192 2442 memoratur
1217 2404 1282 2446 ac
1308 2391 1428 2460 ipsa
1472 2392 1727 2462 baptismi
1759 2413 1892 2452 voce

305 2469 678 2539 signiﬁcatur,
708 2475 834 2544 quia
865 2485 1044 2532 tamen
1073 2479 1140 2534 ad
1171 2483 1464 2536 essentiam
1500 2485 1754 2554 baptismi
1782 2503 1890 2543 non

306 2563 587 2630 pertinet,
636 2566 954 2621 immutatus
981 2575 1067 2621 est
1101 2569 1168 2622 ab
1199 2569 1462 2628 Ecclesia.
1497 2572 1723 2631 Frustra
1759 2593 1890 2648 ergo

305 2652 365 2706 S.
392 2651 665 2708 Basiliam
697 2657 934 2726 exagitat
965 2655 1262 2724 Scultetus,
1293 2663 1450 2731 quasi
1482 2664 1539 2718 in
1565 2665 1670 2720 hoc
1698 2667 1886 2724 Basilii

302 2745 429 2799 loco
466 2747 658 2816 regula
697 2762 821 2800 cum
863 2750 1124 2818 exemplis
1168 2759 1222 2806 et
1257 2755 1502 2825 exempla
1538 2772 1662 2812 cum
1701 2761 1886 2831 regula

300 2847 574 2907 pugnent.
617 2836 736 2892 Non
758 2839 903 2893 enim
931 2839 984 2894 id
1007 2841 1141 2896 dicit
1168 2841 1423 2911 Basilius,
1455 2847 1804 2919 Evangelium
1829 2855 1883 2909 in

297 2931 600 2999 praecipuis
626 2932 874 3000 partibus
899 2933 1051 2995 latdi,
1085 2942 1138 2990 et
1186 2936 1624 3006 praedicationem
1665 2944 1734 2999 ad
1779 2962 1883 3000 nuo

299 3020 432 3074 dum
468 3036 670 3077 nomen
699 3022 891 3094 redigi,
923 3025 970 3081 si
998 3026 1134 3082 ritus
1164 3030 1411 3084 nonnulli
1439 3031 1796 3090 innnutentur
1815 3039 1882 3093 ab

2011 535 2323 593 exhibeam?
2368 538 2446 593 0b
2484 542 2595 596 hwc
2625 543 2836 600 hostilis
2880 549 2977 602 illa
3021 553 3160 607 acies
3196 555 3445 612 adversus
3487 579 3582 616 nos

2011 641 2270 708 commota
2298 636 2702 708 e_st,_omnisque
2728 639 2934 704 civitas,
2960 643 3102 698 vicus
3129 655 3183 700 et
3206 663 3382 703 omnes
3411 665 3582 708 extre-

2012 697 2085 749 mi
2117 699 2246 766 ﬁnes
2281 702 2420 768 pleni
2440 716 2558 758 sunt
2583 697 2678 762 nos
2709 697 3155 770 calumniantium
3191 719 3418 776 vocibus.
3461 723 3582 777 Mo-

2012 789 2143 843 lesta
2173 792 2382 861 quidem
2427 795 2539 851 haec
2581 815 2645 852 ac
2684 800 2910 870 lugenda
2943 806 3190 862 cordibus
3232 817 3579 881 quaerentium

2008 897 2185 950 pacem
2211 901 2231 938 .'
2257 902 2428 939 rerum
2461 892 2712 960 quoniam
2734 903 2812 946 est
2841 912 3032 966 magna
3061 901 3330 969 patientia:
3360 907 3576 971 merces,
3646 957 3655 965 .

2010 975 2260 1031 tole’ratas
2280 994 2374 1046 pro
2403 981 2508 1049 ﬁde
2536 984 2844 1054 aﬁiictiones
2867 1003 3135 1056 secutura,
3169 1006 3362 1064 prieter
3395 999 3506 1054 haec
3529 1009 3578 1054 et

2006 1065 2219 1133 gladius
2251 1069 2603 1138 splendescat,
2631 1085 2680 1128 et
2713 1080 2914 1133 securis
2947 1095 3202 1148 acuatur,
3244 1097 3294 1140 et
3325 1089 3458 1159 ignis
3488 1107 3575 1144 ar-

2006 1156 2128 1210 deat
2157 1158 2478 1230 Babylonico
2501 1165 2594 1220 illo
2623 1167 2990 1235 vehementius,
3019 1184 3069 1228 et
3092 1180 3270 1232 onmia
3297 1156 3576 1250 supplicio-

2006 1264 2124 1302 rum
2153 1251 2503 1308 instrumenta
2531 1257 2583 1310 in
2612 1275 2708 1313 nos
2736 1267 3072 1329 moveantur;
3093 1270 3231 1337 quod
3261 1275 3329 1325 ad
3355 1291 3435 1329 me
3457 1280 3575 1347 qui-

2005 1339 2121 1394 dem
2151 1343 2358 1423 attinet,
2379 1347 2524 1428 Iniliil
2550 1349 2784 1404 arbitror
2826 1353 3236 1422 formidabilius.
3274 1380 3434 1432 quam
3467 1339 3574 1423 non

2004 1419 2293 1499 formidare
2316 1420 2506 1500 minas,
2530 1441 2662 1508 quas
2685 1419 2941 1500 Dominus
2967 1448 3020 1501 in
3051 1419 3310 1518 Spiritum
3333 1419 3572 1525 blasplte;

2004 1524 2139 1576 mitts
2158 1523 2481 1591 jacientibus
2502 1530 2794 1587 intentavit.
2819 1534 2993 1606 Igitur
3013 1541 3152 1607 apud
3185 1523 3570 1601 cordata—Ito-

2003 1612 2165 1666 mines
2193 1611 2262 1667 ad
2287 1619 2650 1686 purgationem
2692 1626 2792 1677 mei
2833 1628 3094 1696 suﬁiciunt
3137 1633 3250 1687 Ita-c
3279 1653 3394 1705 qua
3426 1636 3570 1693 dicta

2001 1714 2142 1768 sunt,
2171 1707 2308 1775 quod
2338 1711 2615 1778 recipimus
2639 1730 2809 1768 vocem
2833 1719 2963 1773 adeo
2995 1733 3206 1791 gratam
3239 1743 3303 1780 ac
3331 1727 3569 1796 familia-

1933 1804 1975 1863 Β
2004 1811 2112 1848 rem
2132 1800 2352 1859 sanctis.
2381 1803 2596 1869 insuper
2617 1815 2666 1857 et
2689 1815 2798 1859 tam
2817 1807 3024 1866 diutino
3053 1830 3152 1868 usu
3174 1819 3559 1887 conﬁrmatam.

2002 1884 2146 1940 Nam
2182 1905 2248 1942 ea:
2287 1908 2387 1962 qua
2426 1903 2654 1962 tempore
2697 1911 2773 1953 est
2816 1905 3189 1960 annuntiatum
3229 1908 3566 1982 Evangelium'

1999 1993 2159 2047 usque
2195 1981 2265 2033 ad
2296 1999 2524 2051 praesens
2545 2027 2560 2050 ,
2594 1994 2891 2046 ostenditur
2932 1997 2987 2049 in
3020 1996 3272 2056 Ecclesiis
3311 1981 3565 2060 usitatam

1997 2069 2159 2137 fuisse
2185 2087 2203 2123 :
2227 2084 2275 2127 et
2306 2075 2443 2144 quod
2471 2090 2544 2130 est
2577 2083 2812 2136 omnium
2841 2089 3152 2155 maximum,
3195 2094 3339 2161 pium
3383 2112 3446 2150 ac
3484 2113 3564 2152 re-

1997 2161 2238 2232 ligiosum
2263 2182 2472 2221 sensum
2497 2168 2684 2226 habere
2712 2173 3126 2234 demonstratur.

2062 2273 2180 2329 Non
2211 2277 2388 2334 minus
2419 2283 2616 2337 enituit
2645 2284 2826 2342 Basilii
2857 2291 3096 2346 studium
3127 2305 3183 2350 et
3205 2297 3372 2351 animi
3398 2301 3562 2358 ardor

1992 2363 2050 2420 in
2071 2366 2409 2426 defendenda
2437 2377 2792 2433 conciliorum
2825 2381 3174 2442 auctaritate.
3209 2387 3346 2446 Hinc
3372 2392 3559 2448 decla-

1991 2462 2075 2508 rat
2096 2457 2275 2526 (epist.
2310 2460 2431 2530 114)
2457 2471 2712 2522 trecentos
2741 2470 2917 2526 decem
2957 2484 3007 2528 et
3052 2488 3169 2532 octo
3213 2480 3424 2549 Patres,
3455 2501 3559 2540 ncs

1988 2547 2101 2601 sine
2129 2547 2357 2615 Spiritus
2386 2559 2557 2609 sancti
2578 2559 2754 2628 afﬂatu
2773 2562 2973 2618 locutos
2998 2583 3128 2623 esse.
3154 2547 3558 2647 Quamvisergo

1987 2639 2057 2694 ab
2080 2656 2147 2696 eo
2177 2658 2283 2700 non
2328 2658 2622 2716 peteretur,
2654 2662 2706 2706 ut
2741 2670 2771 2709 a
2816 2661 3006 2729 synodi
3040 2664 3143 2720 tide
3191 2675 3246 2722 et
3287 2639 3556 2729 sententia

1985 2729 2306 2798 discederet,
2332 2739 2425 2793 sed
2458 2747 2669 2796 tantum
2696 2753 2754 2799 ut
2784 2763 2947 2802 unam
2978 2767 3164 2808 vocem
3197 2757 3343 2814 illius
3367 2769 3556 2817 aucto-

1983 2822 2144 2878 ritate
2187 2840 2562 2885 consecratam
2617 2834 2932 2906 imperatori
2992 2845 3208 2902 cederet
3259 2850 3410 2922 (ll);
3455 2869 3555 2908 nec

1983 2916 2188 2982 exsilii,
2234 2935 2335 2975 nec
2375 2930 2768 2981 tormentorum
2814 2932 3013 2995 minis,
3061 2952 3193 3000 nec,
3238 2916 3382 3010 quod
3426 2959 3553 2999 san-

1981 3015 2073 3063 cto
2103 3011 2362 3082 episcopo
2389 3017 2610 3085 gravius
2642 3035 2765 3076 esse
2803 3022 3065 3090 debebat,
3113 3030 3359 3099 luporum
3405 3038 3552 3107 gregi

302 3111 555 3168 Ecclesia
588 3133 602 3167 :
633 3114 730 3168 sed
756 3126 822 3170 ex
853 3127 1165 3188 contemptu
1196 3120 1508 3179 traditionis
1539 3124 1643 3179 hoc
1672 3129 1882 3196 gravis-
1907 3135 1948 3193 C
1984 3098 2382 3196 “mninenuum
2412 3117 2557 3164 metu
2589 3111 2784 3168 admei
2809 3118 3007 3186 pomi"
3045 3126 3101 3174 ut
3143 3121 3246 3177 hoc
3276 3124 3432 3183 nefas
3457 3129 3551 3183 δά·

299 3204 503 3258 simum
533 3205 937 3270 incommodum
973 3213 1233 3281 consequi
1264 3213 1442 3276 docet,
1467 3222 1527 3268 ut
1562 3216 1695 3270 nihil
1723 3234 1878 3288 pror-

297 3308 394 3348 sus
422 3295 483 3348 in
517 3295 778 3350 Ecclesia:
806 3299 954 3352 cultu
977 3308 1030 3354 et
1053 3300 1301 3356 doetrina
1325 3305 1560 3374 supersit
1582 3308 1874 3380 integrum,

297 3385 392 3439 sed
429 3385 554 3455 ipsa
577 3387 923 3445 eucharistiae
946 3395 1306 3458 consecratio,
1332 3398 1760 3458 conﬁrmationis
1798 3418 1879 3458 sa-

296 3486 671 3543 cramentum,
699 3480 816 3550 ipsa
845 3483 1008 3536 etiam
1038 3483 1161 3539 ﬁdei
1187 3486 1457 3556 professio
1484 3489 1541 3544 in
1571 3489 1787 3548 Patrem
1822 3504 1876 3549 et

295 3566 498 3622 Filium
534 3579 592 3626 et
636 3572 902 3642 Spiritum
945 3583 1193 3630 sanctum
1237 3590 1550 3634 cvertanlur
1587 3582 1732 3654 (pag.
1762 3584 1868 3651 57).

294 3657 476 3729 Hujus
524 3667 812 3718 sententiae
854 3666 1138 3720 veritatem
1193 3668 1573 3726 demonstrant
1627 3677 1873 3740 exemplo

293 3765 398 3805 suo
425 3765 678 3809 recentes
709 3768 900 3820 secta,
933 3773 1074 3826 quae,
1115 3760 1405 3816 traditione
1438 3764 1603 3818 semel
1637 3765 1868 3834 rejecta,

293 3855 402 3894 non
437 3843 617 3897 solum
643 3845 763 3914 pios
795 3846 1049 3903 Ecclesiae
1076 3849 1235 3912 ritus,
1278 3852 1370 3906 sed
1417 3853 1582 3906 etiam
1618 3856 1871 3910 euchari-

292 3931 409 3986 stia:
442 3936 954 4001 consecrationem,
995 3939 1173 4008 qualis
1205 3955 1234 3992 a
1265 3939 1466 3996 Basilio
1507 3944 1868 4012 describitur,

293 4032 355 4073 ac
382 4032 793 4077 sacramentum
819 4025 1249 4083 conﬁrmationis
1282 4032 1641 4096 sustulerunt,
1664 4045 1717 4089 et
1735 4048 1870 4105 pras-

292 4109 628 4168 dicationem
665 4113 938 4186 Evangelii
971 4119 1042 4170 ita
1075 4119 1140 4172 ad
1172 4111 1373 4174 nudum
1406 4137 1606 4178 nomen
1646 4125 1868 4196 redege-

293 4212 443 4267 runt,
486 4214 550 4260 ut
582 4214 699 4260 tota
745 4209 935 4278 religio
977 4211 1241 4280 cujusque
1281 4213 1511 4269 arbitrio
1554 4225 1608 4270 et
1655 4214 1862 4271 libidini

293 4295 560 4363 permissa
593 4295 688 4359 sit,
713 4312 776 4350 ac
805 4313 872 4352 ne
905 4299 1021 4368 ipsa
1052 4303 1268 4369 quidem
1293 4290 1579 4361 Trinitatis
1617 4306 1864 4362 doctrina

291 4386 558 4441 adversus
593 4372 872 4444 Unitarios
900 4390 1115 4446 defendi
1142 4393 1336 4459 possit.

354 4516 418 4571 ll.-
453 4517 637 4574 Testis
658 4531 744 4575 est
769 4522 930 4575 etiam
954 4523 1196 4594 locuples
1225 4525 1478 4594 Basilius,
1505 4538 1712 4597 quanto
1742 4530 1862 4584 ani-

287 4609 360 4662 mi
394 4611 599 4665 ardore
638 4610 855 4665 defendi
887 4613 1078 4668 debeat
1124 4617 1357 4673 usitatus
1404 4617 1457 4673 in
1504 4617 1745 4674 Ecclesia
1791 4620 1858 4675 ad

285 4699 482 4771 dogma
513 4705 923 4774 esprimendum
947 4724 1143 4764 sermo.
1163 4710 1317 4776 Nam,
1339 4728 1460 4766 eum
1480 4715 1589 4784 pati
1607 4730 1713 4768 non
1732 4731 1858 4785 pos—

286 4803 402 4847 sent
456 4792 939 4852 Pneumatomachi
987 4798 1245 4868 Spiritum
1284 4812 1532 4859 sanctutn
1576 4821 1681 4858 una
1731 4821 1856 4860 cum

285 4880 446 4940 Patre
466 4896 523 4940 et
552 4884 692 4940 Filio
724 4888 1022 4958 gloriﬁcari
1043 4933 1058 4957 ,
1102 4893 1440 4951 demonstrat
1479 4896 1622 4951 hanc
1654 4896 1850 4964 gloriﬁ-

287 4974 442 5027 candi
499 4975 766 5030 rationem
809 4986 866 5032 et
907 4983 1046 5048 apud
1081 4983 1335 5051 antiquos
1369 4983 1562 5038 Patres
1598 4985 1854 5038 usitatam

285 5075 425 5126 esse,
462 5071 522 5117 et
551 5064 606 5118 in
656 5073 774 5121 toto
829 5065 1123 5124 Occidente
1167 5079 1222 5125 et
1273 5072 1325 5126 in
1379 5071 1600 5128 Oriente
1650 5075 1851 5143 vigere.

285 5151 484 5211 Deinde
517 5156 600 5212 sic
625 5158 869 5229 loquitur
891 5161 1031 5230 (cap.
1059 5161 1147 5222 29,
1181 5178 1300 5234 pag.
1334 5163 1422 5234 65)
1459 5184 1472 5218 :
1505 5165 1610 5231 Qui
1641 5166 1702 5234 ﬁt
1750 5166 1852 5232 igi-

285 5252 387 5308 tur,
427 5258 484 5299 ut
513 5264 604 5317 ego
636 5251 738 5302 sim
768 5251 1064 5315 innovator,
1103 5261 1154 5306 et
1191 5255 1535 5308 recentiorum
1580 5254 1849 5308 verborum

283 5340 635 5396 architectus?
663 5358 783 5394 cum
812 5351 953 5396 totas
977 5345 1233 5406 nationes,
1263 5345 1518 5409 civitates,
1553 5356 1602 5398 et
1635 5361 1850 5400 consue-

284 5428 511 5482 tudinem
541 5432 682 5483 omni
707 5431 979 5484 hominum
1008 5435 1262 5487 memoria
1293 5436 1621 5488 vetustiorem
1643 5475 1657 5492 .
1704 5436 1850 5488 insu-

280 5530 366 5583 per
390 5528 440 5572 et
469 5521 607 5574 viros
649 5519 904 5574 Ecclesia:
927 5523 1218 5586 columnas,
1250 5526 1391 5576 omni
1413 5524 1631 5578 scientia
1654 5541 1717 5576 ac
1745 5525 1850 5578 vir-

351 5668 455 5744 (ll)
491 5671 677 5742 Nyss.,
730 5690 766 5738 l,
828 5671 1084 5740 Euneon,
1138 5690 1190 5745 p.
1239 5675 1372 5742 3M;
1419 5673 1769 5744 Theodoreti,
1813 5676 1908 5735 lib.

1981 3191 2235 3249 mitteret.

2049 3301 2134 3359 ΙΙΙ.
2167 3302 2366 3375 Objicit
2393 3307 2672 3368 Scultetus
2706 3315 2835 3370 illud
2870 3316 3054 3375 Basilii
3088 3338 3154 3376 ex
3185 3325 3344 3394 epist.
3391 3326 3492 3385 189
3529 3350 3544 3384 :

1977 3390 2363 3460 Criminantur,
2400 3398 2577 3469 inquit
2609 3402 2684 3473 (p.
2718 3404 2845 3470 ΞΠ,
2878 3424 2934 3463 n.
2974 3412 3053 3480 5),
3085 3390 3232 3482 quod-
3250 3431 3409 3470 unam
3451 3418 3546 3472 bo-

1975 3484 2211 3550 nitatem,
2236 3497 2285 3541 et
2306 3505 2463 3543 unam
2479 3497 2784 3560 potentiam,
2807 3507 2856 3551 et
2876 3516 3033 3555 unam
3054 3503 3381 3561 divinitatem
3404 3509 3546 3563 dica-

1975 3589 2112 3629 mus.
2145 3573 2326 3646 Neque
2356 3579 2410 3632 id
2438 3591 2591 3636 extra
2619 3588 2886 3642 veritatem
2930 3606 2948 3642 .'
2993 3591 3220 3649 dicimus
3249 3599 3406 3653 enim.
3439 3601 3544 3656 Sed

1973 3665 2300 3720 criminando
2329 3670 2610 3738 objiciunt,
2636 3692 2738 3729 non
2764 3679 2841 3730 sic
2864 3695 3017 3733 suam
3049 3681 3236 3738 habere
3267 3698 3544 3742 consuetu-

1971 3753 2166 3818 dinem,
2200 3775 2290 3811 nec
2320 3759 2652 3829 Scripturam
2688 3770 2958 3824 assentiri.
2993 3771 3136 3837 Quid
3164 3776 3329 3844 igitur
3359 3780 3429 3831 ad
3446 3779 3542 3834 Itoc'

1969 3863 2169 3917 quoque
2199 3867 2294 3905 nos
2318 3854 2342 3906 ?
2365 3851 2488 3906 Non
2517 3865 2764 3922 putamus
2791 3877 2997 3930 wquum
3027 3881 3158 3930 esse,
3188 3877 3246 3921 ut
3289 3870 3541 3940 vigentem

1970 3938 2107 4004 apud
2141 3939 2280 4008 ipsos
2310 3945 2760 4012 consuetudinem,
2798 3960 2953 4005 recta:
2987 3952 3242 4011 doctrina:
3289 3938 3450 4029 legem
3488 3970 3540 4015 et

1969 4043 2208 4082 normam
2234 4029 2507 4089 ducamus.
2527 4036 2754 4103 Etenim,
2779 4041 2825 4094 si
2854 4043 2988 4096 valet
3015 4045 3084 4098 ad
3112 4059 3264 4102 recta!
3283 4051 3540 4108 doctrina:

1966 4117 2462 4178 demonstrationem
2493 4131 2836 4195 consuetudo,
2870 4134 2989 4188 licet
3031 4147 3080 4189 et
3114 4139 3264 4194 nobis
3303 4143 3536 4211 profecta

1966 4210 2220 4263 usitatum
2249 4213 2390 4282 apud
2413 4232 2505 4269 nos
2534 4235 2729 4274 morem
2760 4239 3035 4292 opponere.
3071 4228 3223 4292 Quod
3249 4233 3295 4286 si
3323 4210 3459 4289 hunc
3479 4239 3537 4290 il-

1965 4297 2005 4350 li
2029 4299 2290 4368 rejiciunt,
2324 4320 2483 4374 neque
2521 4308 2668 4364 nobis
2698 4306 2916 4379 prorsus
2961 4316 3081 4370 illos
3119 4322 3265 4389 sequi
3309 4339 3532 4380 necesse.

1967 4387 2153 4459 Itaque
2179 4391 2455 4462 Scriptura
2475 4397 2726 4455 divinitus
2748 4403 3006 4472 inspirata
3022 4412 3169 4465 nobis
3187 4387 3266 4466 sit
3292 4416 3495 4472 arbitra
3515 4437 3534 4482 ,τ

1818 4530 1830 4567 ἰ
1893 4489 1940 4548 υ
1963 4490 2012 4534 et
2035 4483 2174 4550 apud
2201 4501 2329 4554 quos
2362 4487 2573 4544 inventa
2607 4493 2805 4558 fuerint
2843 4497 3094 4567 dogmata
3133 4503 3324 4559 divinis
3366 4509 3532 4562 verbis

1965 4589 2214 4641 consona,
2247 4577 2315 4631 ad
2338 4595 2424 4633 eos
2458 4586 2666 4637 accedet
2687 4588 2903 4642 omnino
2927 4591 3164 4647 veritatis
3192 4596 3528 4666 su/j'ragium.

1963 4663 2041 4719 Ex
2067 4666 2150 4720 bis
2179 4669 2454 4724 concludit
2476 4669 2750 4730 Scultetus
2781 4679 2882 4732 soli
2929 4678 3224 4751 Scriptura:
3261 4663 3530 4753 judicium

1963 4771 1992 4808 a
2023 4755 2224 4813 Basilio
2254 4775 2316 4814 ac
2351 4762 2632 4816 arbitrium
2667 4768 2890 4822 attribui
2917 4776 3436 4833 controversiarum.

2034 4888 2185 4960 Saepe
2218 4891 2352 4948 alias
2393 4893 2538 4950 hunc
2565 4896 2744 4950 locum
2790 4897 2975 4954 Basilii
3009 4902 3373 4960 decantavere
3402 4905 3526 4962 Pro-

1960 4985 2226 5035 testantes
2257 4999 2273 5046 ;
2329 4985 2423 5038 sed
2479 4995 2660 5041 tamen
2695 4988 2827 5057 quid
2879 4992 2960 5045 eis
3000 4995 3171 5062 prosit
3204 5011 3311 5050 non
3344 4998 3524 5056 video.-

1956 5068 2120 5135 Nam,
2150 5075 2202 5124 1ο
2233 5075 2447 5130 etiamsi
2486 5075 2723 5132 Basilius
2765 5079 3274 5142 Pueumatomacbis
3316 5104 3444 5144 vere
3473 5101 3525 5145 et

1955 5175 2023 5215 ex
2047 5163 2228 5217 animo
2258 5167 2622 5224 concessisset
2665 5174 3074 5239 controversiae,
3105 5191 3267 5245 quam
3297 5195 3420 5234 cum
3444 5183 3524 5237 eis

1953 5250 2208 5316 habebat,
2255 5257 2523 5324 judicium
2575 5275 2644 5314 ex
2695 5261 2810 5316 sola
2866 5260 3150 5335 Scriptura
3179 5271 3523 5341 petendum;

1953 5343 2083 5411 quid
2117 5345 2220 5400 hoc
2271 5346 2473 5403 faceret
2527 5365 2650 5404 cum
2693 5350 3184 5414 Protestantibus?
3225 5362 3503 5420 Consuctu

1953 5431 2067 5488 dini
2117 5435 2438 5506 Caesariensi
2470 5455 2634 5494 unam
2664 5441 2720 5495 in
2773 5446 3023 5512 personis
3054 5447 3256 5506 divinis
3306 5454 3521 5509 bonita-

1953 5533 2082 5592 tem,
2121 5544 2283 5582 unam
2308 5533 2603 5600 potentiam
2633 5534 2953 5603 pradicanti
2983 5542 3316 5608 contrariam
3341 5543 3520 5602 Eccle-

1950 5694 2021 5734 ιν.
2052 5693 2102 5734 c.
2144 5681 2225 5738 18,
