3972 6218
366 287 429 349 ὖῖ
1725 289 1920 346 PRM
1935 291 2120 347 ATIO.
3534 300 3607 354 48

364 410 459 466 sia:
474 423 584 463 sua:
597 404 1041 462 consuetudinem
1059 403 1929 477 opponebantPneumatomachi:
1962 412 2006 467 Α
2036 409 2156 459 bum
2204 421 2355 460 omne
2393 415 2485 460 aut
2510 423 2593 463 res
2625 409 2922 465 testimonio
2958 409 3151 465 divina
3185 409 3475 481 Scriptura:
3511 415 3607 468 ob-

365 518 420 556 m
446 500 549 555 hac
581 499 1038 555 consuetudinum
1072 499 1355 562 varietate,
1386 498 1517 569 quid
1548 498 1749 552 mirum
1780 498 1825 553 si
1860 497 1929 552 ad

366 592 703 662 Scripturam
758 601 1016 662 provocat
1058 590 1347 645 Basilius?
1402 590 1472 643 At
1517 588 1888 645 Protestantes
1914 627 1930 653 ,

362 698 496 736 cum
526 697 725 737 novum
766 682 1046 753 religionis
1074 696 1247 752 genus
1272 680 1654 743 condiderunt,
1687 695 1797 734 non
1833 680 1932 733 ha-

368 776 534 831 buere
584 773 1031 830 consuetudinem
1063 782 1155 827 aut
1203 773 1570 839 traditionem,
1614 786 1776 842 quam
1803 786 1936 824 con-

360 868 534 923 stanti
564 864 819 919 Ecclesia:
848 864 1127 918 traditioni
1152 869 1504 933 opponerent.
1536 860 1625 916 Uti
1653 876 1783 931 ergo
1825 876 1935 914 non

360 964 597 1026 possunt
649 956 973 1010 auctoritate
1001 953 1226 1017 Basilii,
1281 952 1375 1023 qui
1424 951 1770 1006 traditionem
1823 966 1933 1004 non

368 1047 577 1116 rejicit,
634 1046 728 1102 sed
781 1046 909 1116 quia
961 1045 1143 1101 inesse
1205 1044 1513 1115 ﬁngebatur
1572 1045 1628 1097 in
1670 1041 1937 1097 Ecclesia-

366 1156 489 1195 rum
521 1139 1005 1195 consuetudinibus
1034 1138 1292 1203 varietas,
1325 1136 1392 1191 ad
1428 1136 1766 1207 Scripturam
1802 1149 1934 1189 con-

362 1232 526 1304 fugit.

437 1345 494 1399 2°
531 1343 657 1399 Haec
686 1342 994 1399 traditionis
1018 1340 1255 1396 varietas
1305 1354 1513 1394 merum
1542 1345 1626 1394 est
1657 1351 1936 1392 commen-

366 1445 482 1490 tum
512 1434 1158 1490 Pneumatomacborum.
1193 1430 1450 1487 Solebant
1470 1430 1615 1485 enim
1648 1437 1704 1483 ut
1735 1442 1936 1482 novum

360 1527 678 1597 exagitare,
735 1523 1000 1597 quidquid
1053 1523 1268 1577 illorum
1325 1521 1601 1576 evertebat
1663 1517 1935 1573 haeresim.

363 1615 505 1671 Hinc
530 1616 975 1671 consuetudinem
1006 1612 1344 1686 glorilicandi
1374 1608 1509 1665 cum‘
1534 1608 1694 1665 Patre
1715 1616 1768 1663 et
1797 1607 1937 1662 Filio

368 1706 626 1776 Spiritus,
682 1722 846 1778 quam
885 1705 1121 1760 Basilius
1158 1705 1213 1759 in
1257 1704 1511 1758 omnibus
1546 1700 1807 1756 Ecclesiis
1856 1699 1937 1754 vi-

364 1814 493 1869 gere
545 1806 601 1854 et
640 1814 857 1869 semper
901 1798 1141 1869 viguisse
1183 1799 1540 1861 demonstrat,
1595 1794 1705 1866 (12)
1738 1809 1933 1848 novam
1966 1826 2007 1881 Β

365 1905 488 1945 esse
525 1898 578 1945 ct
609 1891 678 1943 ab
710 1888 948 1944 Ecclesia
1005 1888 1228 1945 minime
1278 1889 1560 1960 probatam
1589 1885 1930 1943 dictitabant.

366 1979 508 2044 Quin
537 1980 699 2034 etiam
728 1980 782 2034 in
814 1980 917 2036 hac
941 1982 1054 2052 ipsa
1088 1980 1316 2051 epistola
1351 1979 1474 2044 189,
1506 1985 1793 2049 postquam
1836 1975 1937 2030 Ec-

367 2071 546 2126 clesiae
571 2085 683 2127 suae
710 2072 1161 2127 consuetudinem
1197 2071 1467 2141 obiecere,
1514 2070 1695 2125 statim
1726 2068 1938 2123 vanita-

366 2173 475 2218 tem
501 2172 553 2217 et
592 2163 933 2218 mendacium
964 2163 1306 2229 conﬁtentur,
1334 2177 1397 2216 ac
1431 2177 1588 2216 unam
1640 2161 1694 2215 in
1747 2174 1936 2230 perso-

366 2253 454 2309 nis
484 2253 686 2309 divinis
710 2254 963 2309 deitatem
995 2270 1103 2309 non
1145 2254 1474 2325 improbant,
1517 2250 1680 2306 modo
1713 2250 1780 2305 ad
1812 2249 1936 2321 Spi-

365 2344 531 2399 ritum
585 2353 835 2401 sanctum
877 2361 986 2401 non
1033 2347 1379 2401 extendatur.
1428 2344 1532 2400 Sed
1566 2346 1823 2413 apertius,
1851 2344 1933 2397 in-

364 2438 484 2507 quit
511 2436 745 2493 Basilius
774 2435 854 2509 (n.
884 2438 963 2503 4),
998 2439 1252 2492 orationis
1302 2452 1412 2490 sua:
1447 2436 1649 2489 nudant
1691 2434 1934 2505 proposi-

367 2538 477 2582 tum
502 2545 521 2583 :
552 2528 705 2582 Patri
736 2529 946 2599 quidem
994 2529 1285 2592 convenire,
1325 2537 1384 2582 ut
1413 2527 1552 2581 Deus
1584 2528 1675 2589 sit,
1733 2542 1795 2580 ac
1846 2523 1937 2578 Fi-

366 2622 495 2676 lium
526 2621 770 2675 similiter
796 2620 1088 2675 divinitatis
1118 2621 1326 2674 nomine
1362 2619 1615 2674 honorari
1644 2620 1937 2673 assentien-

368 2723 443 2767 tes
467 2730 486 2778 ;
515 2712 775 2781 Spiritum
807 2729 944 2770 vero.
975 2715 1062 2781 qui
1101 2727 1209 2765 una
1232 2727 1351 2764 cum
1382 2710 1546 2764 Patre
1573 2720 1623 2765 et
1650 2709 1802 2765 Filio
1836 2726 1937 2763 nu-

365 2805 620 2859 meratur,
669 2796 963 2850 divinitatis
1012 2798 1220 2851 notione
1272 2797 1486 2850 minime
1526 2795 1933 2865 comprehendi,

365 2885 455 2941 sed
504 2902 537 2939 a
585 2884 747 2940 Patre
783 2889 852 2940 ad
890 2884 1093 2939 Filium
1143 2900 1306 2955 usque
1359 2886 1645 2938 terminata
1687 2884 1937 2939 divinita-

366 2982 437 3035 tis
493 2980 749 3049 potentia,
799 2989 1046 3033 naturam
1078 2976 1309 3047 Spiritus
1354 2992 1388 3029 a
1438 2977 1618 3032 divina
1644 2977 1816 3048 gloria
1853 2992 1936 3030 se-

364 3088 527 3126 οενηι.

2037 498 2305 568 ﬁrmanda
2342 509 2465 553 sunt
2510 504 2579 554 ad
2617 502 2877 573 integram
2905 504 3301 573 persuasionem
3350 505 3606 561 bonorum

2033 599 2085 643 et
2118 588 2187 643 ad
2228 589 2493 643 malorum
2530 595 2909 648 verecundiam.
2949 593 3015 647 Et
3059 608 3173 663 reg.
3208 593 3300 658 80,
3348 609 3469 664 cap.
3508 595 3605 660 22,

2036 680 2127 734 ubi
2173 680 2362 734 statuit
2392 682 2671 750 proprium
2723 699 2848 738 esse
2883 682 3057 740 ﬁdelis
3105 684 3241 737 nihil
3272 700 3341 740 ex
3370 685 3456 741 his
3484 701 3609 756 quae

2035 772 2240 842 scripta
2270 781 2400 828 sunt
2432 774 2657 843 rejicere
2699 775 2900 830 audere
2945 784 3038 829 aut
3064 776 3359 846 quidquam
3389 778 3473 832 bis
3500 778 3604 831 ad-

2035 862 2183 917 dere.
2220 862 2449 926 Etenim,
2475 864 2650 935 inquit
2682 866 2937 929 Basilius,
2966 868 3014 921 si
3045 883 3194 921 omne
3223 868 3363 935 quod
3396 884 3500 920 non
3527 874 3608 920 est

2034 970 2098 1009 ea:
2128 955 2232 1025 ﬁde
2256 967 2525 1030 peccatum
2563 968 2662 1018 est.
2695 967 2753 1012 ut
2783 960 2859 1012 ait
2888 957 3265 1028 Apostolus“,
3301 977 3319 1008 ι
3357 957 3487 1027 ﬁdes
3511 973 3609 1010 au-

2037 1059 2137 1102 tem
2177 1064 2241 1103 ex
2257 1048 2441 1102 auditu
2461 1058 2556 1112 est,
2583 1050 2794 1103 auditus
2812 1059 2984 1104 autem
3018 1065 3108 1118 per
3142 1049 3352 1103 verbum
3369 1049 3466 1103 Dei
3483 1050 3527 1080 ¹¹
3551 1066 3603 1114 ,›

2037 1156 2186 1194 omne
2239 1138 2377 1210 quod
2409 1150 2486 1194 est
2510 1151 2660 1195 extra
2709 1140 2941 1195 divinam
2976 1140 3328 1213 Scripturam,
3383 1158 3499 1193 cum
3543 1153 3610 1192 ea:

2035 1233 2140 1302 fide
2168 1248 2268 1286 non
2300 1233 2390 1293 sit,
2438 1241 2707 1299 peccatum
2730 1241 2827 1285 est.
2861 1231 3006 1286 idem
3042 1232 3319 1287 Scultetus
3346 1229 3607 1283 nonnulla

2039 1325 2143 1380 alia
2205 1325 2413 1394 colligit
2448 1324 2588 1388 loca,
2635 1325 2691 1379 in
2724 1324 2926 1394 quibus
2954 1325 3208 1379 similiter
3241 1323 3510 1385 sancitur,
3540 1336 3609 1377 ne

2037 1414 2169 1486 quid
2202 1415 2431 1470 addatur
2459 1422 2553 1469 aut
2581 1414 2899 1469 detrahatur
2926 1431 3099 1471 sacrae
3131 1414 3445 1484 Scriptura}.
3477 1410 3611 1478 Quae

2038 1514 2216 1561 autem
2272 1521 2381 1560 non
2412 1515 2541 1561 sunt
2592 1507 2833 1575 scripta,
2877 1522 2940 1561 ca
2971 1522 3069 1577 pro
3126 1506 3313 1560 liberis
3362 1501 3607 1557 habenda
3700 1492 3707 1499 ’

2037 1596 2316 1652 concludit
2338 1612 2403 1651 ex
2435 1597 2521 1652 bis
2558 1597 2744 1651 verbis
2789 1596 2900 1667 (15')
2937 1612 2950 1648 :
2979 1598 3242 1662 Quoniam
3269 1597 3380 1649 alia
3402 1597 3453 1649 in
3490 1612 3609 1648 san-

2038 1697 2124 1744 cta
2185 1688 2459 1756 Scriptura
2516 1702 2607 1757 per
2671 1686 2887 1740 Domini
2950 1687 3259 1740 mandatum
3334 1685 3609 1739 declarata

2037 1787 2179 1843 sunt,
2212 1777 2321 1831 alia
2353 1776 2558 1831 silentio
2600 1778 2994 1844 praetermissa;
3033 1776 3097 1831 de
3136 1779 3203 1830 iis
3235 1775 3440 1848 quidem
3492 1791 3608 1845 qua:

2036 1873 2231 1934 scripta
2267 1878 2408 1935 sunt,
2450 1869 2582 1923 nulli
2628 1869 2841 1922 omnino
2899 1870 3019 1923 licet
3074 1878 3166 1922 aut
3201 1867 3403 1939 aliquid
3436 1867 3609 1936 facere

2034 1978 2213 2016 eorum
2257 1978 2372 2032 qua:
2402 1963 2561 2016 vetita
2611 1971 2754 2025 sunt,
2784 1970 2876 2014 aut
2909 1959 3108 2030 aliquid
3164 1961 3399 2014 omittere
3426 1975 3607 2013 eorum

2034 2068 2150 2124 qua:
2178 2052 2336 2122 jussa
2380 2064 2569 2107 sunt...
2619 2052 2682 2107 de
2719 2053 2785 2106 iis
2820 2068 2937 2107 vero
2986 2068 3101 2122 qua:
3142 2051 3351 2105 silentio
3377 2062 3609 2120 prtetcr—

2035 2147 2198 2201 missa
2225 2154 2369 2210 sunt,
2396 2144 2631 2216 regulam
2659 2144 2807 2199 nobis
2837 2144 3060 2198 tradidit
3085 2143 3352 2212 apostolus
3382 2140 3609 2215 Paulus,

2036 2254 2155 2291 cum
2218 2237 2411 2291 dixit:
2467 2255 2485 2287 ‹
2517 2235 2711 2291 Omnia
2771 2234 2900 2289 mihi
2964 2234 3143 2298 licent,
3202 2233 3291 2287 sed
3337 2249 3441 2286 non
3495 2247 3604 2286 om-

2035 2325 2439 2393 niaexpediunt.
2482 2323 2652 2380 Nemo
2701 2324 2837 2395 quod
2877 2340 3031 2377 suum
3073 2331 3148 2377 est
3188 2332 3395 2392 qua’rat
3448 2337 3468 2375 :
3517 2320 3606 2374 sed

2034 2416 2171 2487 quod
2211 2417 2435 2471 alterius
2462 2417 2837 2487 unusquisque.
2877 2436 2895 2467 ι
2931 2414 3109 2482 Quare
3149 2408 3354 2469 necesse
3393 2414 3606 2467 omnino

2034 2519 2112 2564 est
2139 2520 2231 2564 aut
2275 2510 2384 2565 Deo
2418 2525 2482 2565 ea:
2507 2510 2620 2581 ejus
2659 2515 2907 2565 mandato
2958 2510 3175 2580 subjici,
3219 2519 3311 2564 au:
3334 2510 3459 2563 aliis
3486 2523 3609 2576 pro-

2038 2611 2153 2671 pter
2202 2602 2513 2656 mandatum
2554 2603 2722 2656 illius.

2106 2709 2319 2767 Inutilis
2360 2726 2493 2766 sane
2523 2709 2749 2766 Sculteti
2789 2712 2943 2767 labor
2965 2713 3020 2767 in
3046 2712 3316 2782 ejusmodi
3355 2712 3606 2768 testimo-

2036 2800 2143 2856 niis
2166 2802 2510 2874 colligendis.
2539 2802 2596 2856 ln
2626 2804 2800 2872 primo
2841 2802 3077 2858 Basilius
3121 2811 3314 2858 auctor
3334 2810 3437 2868 est,
3463 2810 3524 2856 ut
3549 2803 3608 2857 in

2036 2893 2377 2949 adhortando
2412 2904 2466 2950 et
2513 2894 2846 2964 increpando
2891 2895 3251 2951 adhibeantur
3312 2895 3610 2966 Scriptura:

2035 2984 2390 3051 testimonia;
2424 2984 2621 3041 deinde
2650 2986 2728 3039 ait
2761 2985 2816 3040 in
2842 2985 3091 3054 sequenti
3112 2986 3310 3055 capite,
3344 2986 3412 3039 iis
3445 2986 3607 3040 etiam

2034 3091 2151 3145 quae
2182 3076 2236 3129 in
2287 3087 2479 3131 natura
2538 3086 2629 3132 aut
2665 3077 3042 3132 consuetudine
3098 3078 3218 3131 vitta
3274 3088 3400 3130 nota
3439 3086 3606 3142 sunt,

435 3183 490 3236 3°
527 3180 647 3248 Quo
676 3189 920 3252 tempore
969 3180 1201 3237 Basilius
1233 3182 1302 3237 ad
1331 3180 1676 3238 Eustathium
1723 3178 1936 3235 arcbia-

2039 3166 2288 3221 utendum
2327 3184 2442 3222 esse
2481 3169 2550 3221 ad
2606 3169 3062 3238 conﬁrmationem
3111 3184 3293 3223 eorum
3320 3185 3437 3237 qua:
3474 3169 3607 3237 ﬁunt

366 3283 510 3329 trum
561 3275 704 3328 hanc
732 3273 954 3343 scripsit
1004 3272 1310 3342 epistolam,
1342 3273 1630 3328 consilium
1670 3270 1931 3341 suscepit,

366 3364 730 3435 Amphilochii
793 3372 1005 3434 rogatu,
1042 3363 1319 3419 scribendi
1353 3363 1618 3419 adversus
1659 3361 1934 3417 Pneuma-

365 3455 647 3510 tomachos
707 3454 828 3508 libri
881 3453 955 3507 De
984 3453 1183 3522 Spiritu
1209 3463 1392 3507 sancto
1441 3470 1460 3508 :
1507 3463 1562 3510 et
1590 3469 1715 3508 cum
1746 3454 1800 3507 in
1831 3453 1933 3507 hoc

365 3560 530 3615 opere
573 3545 914 3599 traditionem
971 3551 1080 3597 tam
1114 3546 1312 3600 acriter
1354 3543 1627 3609 defendat,
1679 3558 1840 3598 nemo
1867 3543 1933 3596 il-

367 3638 476 3690 lam
507 3637 563 3691 in
590 3637 823 3706 epistola
852 3635 1106 3704 reiectam
1136 3634 1408 3705 suspicari
1439 3635 1633 3705 possit.
1667 3634 1934 3688 Prteterea

365 3742 490 3783 cum
518 3735 779 3798 provocat
807 3727 873 3780 ad
905 3726 1215 3795 Scripturas
1260 3724 1515 3790 Basilius,
1549 3741 1680 3788 non,
1713 3733 1771 3779 ut
1802 3723 1928 3779 Pro-

366 3827 650 3883 testantes,
678 3832 865 3874 earum
894 3815 1392 3886 interpretationem
1420 3815 1684 3884 cujusque
1703 3814 1933 3868 arbitrio

366 3913 650 3983 permittit.
681 3908 758 3965 Ne
787 3910 888 3979 ipsi
919 3907 1136 3978 quidem
1165 3905 1648 3962 Pneumatomachi
1669 3904 1810 3959 hanc
1830 3903 1935 3958 sibi

369 4003 645 4058 licentiam
704 4001 1055 4071 arrogabant.
1107 3997 1369 4065 Quamvis
1397 3996 1539 4051 enim
1573 3996 1678 4051 sub
1707 3994 1933 4049 Valente

368 4095 664 4166 plurimum
700 4100 945 4162 possent,
999 4091 1126 4162 quia
1165 4100 1350 4146 tamen
1393 4089 1449 4143 in
1487 4088 1732 4143 Ecclesia
1763 4087 1938 4141 domi.

369 4187 491 4239 nari
540 4193 593 4239 et
624 4185 831 4253 plebem
865 4199 1018 4238 suam
1052 4182 1229 4238 facere
1264 4182 1553 4242 volebant,
1604 4180 1938 4249 cogebantur

295 4320 304 4329 .
369 4285 430 4331 nt
465 4274 755 4345 plurimum
787 4289 908 4328 sese
943 4274 1008 4326 ad
1051 4272 1282 4328 usitatas
1312 4272 1366 4325 in
1405 4270 1648 4326 Ecclesia
1674 4270 1944 4339 interpre-

370 4372 606 4421 tationes
645 4365 942 4434 Scriptura:
993 4364 1424 4418 accommodare.
1479 4361 1619 4417 Hinc
1666 4376 1809 4416 anno
1837 4360 1935 4414 571

371 4476 494 4515 cum
523 4459 780 4515 Basiliam
818 4460 961 4512 malo
981 4456 1165 4513 animo
1194 4456 1570 4522 observarent,
1596 4456 1662 4510 de
1694 4454 1939 4525 Spiritus

372 4551 549 4607 sancti
631 4549 917 4605 divinitate
990 4532 1350 4605 disserentem
1419 4548 1683 4617 patienter
1753 4545 1941 4600 audie-

372 4654 501 4700 runt
536 4644 683 4714 (l3);
727 4651 781 4697 et
820 4658 943 4696 cum
973 4632 1234 4712 Spiritum
1271 4641 1590 4695 nominatim
1635 4638 1801 4692 Deum
1829 4653 1936 4691 non

374 4736 737 4806 appellasset.
770 4731 894 4787 belli
915 4732 966 4786 ei
1010 4732 1278 4787 inferendi
1307 4745 1528 4787 causam
1566 4730 1807 4800 arripere
1826 4744 1937 4782 non

374 4826 677 4879 valuerunt.
728 4823 885 4877 Anno
932 4832 1113 4877 autem
1157 4822 1262 4877 574
1293 4821 1395 4876 hoc
1420 4828 1635 4876 tantum
1674 4823 1730 4876 in
1761 4836 1826 4875 eo
1857 4836 1944 4874 re-

376 4914 804 4984 prehenderunt,
830 4913 972 4983 quod
1034 4910 1295 4982 Spiritum
1339 4928 1463 4967 cum
1507 4911 1669 4966 Patre
1716 4921 1769 4965 et
1797 4908 1945 4965 Filio

376 5005 704 5073 gloriﬁcaret
727 5005 838 5077 (14)
870 5020 884 5057 :
917 5012 1111 5060 caetera
1140 5020 1248 5058 non
1277 5005 1395 5059 ausi
1424 5013 1552 5060 sunt
1574 5003 1897 5073 improbare.

449 5116 536 5172 IV.
582 5117 762 5172 Utitur
788 5117 949 5173 etiam
989 5114 1264 5202 Scultetus
1294 5117 1481 5187 regula
1527 5116 1719 5171 morali
1761 5116 1940 5172 sancti

380 5208 564 5263 Basilii
611 5207 703 5274 26,
756 5206 879 5280 cap.
932 5210 984 5270 1.
1033 5208 1126 5263 ubi
1182 5208 1264 5263 sic
1319 5208 1598 5264 habetur:
1632 5207 1786 5273 Quod
1820 5224 1941 5262 ver-

450 5385 493 5416 “
522 5382 682 5438 Rom.
719 5399 829 5447 xw,
862 5382 952 5438 25.
1030 5384 1073 5415 “
1111 5382 1266 5438 Rom.
1299 5399 1356 5449 x,
1397 5383 1489 5473 17.

449 5517 559 5588 (l2)
601 5516 719 5571 Lib.
759 5516 837 5570 De
881 5517 1020 5588 Spir,
1047 5533 1097 5573 c.
1142 5520 1193 5585 1,
1224 5535 1280 5574 ιι.
1312 5519 1366 5585 5,
1392 5529 1444 5575 et
1472 5534 1523 5574 c.
1553 5517 1646 5585 27,
1678 5535 1732 5575 n.
1762 5519 1854 5587 65,
1889 5530 1944 5577 et

381 5602 432 5644 c.
462 5587 552 5646 29.
583 5604 637 5641 n.
673 5588 759 5642 75.

453 5659 560 5728 iis)
602 5659 751 5723 Nam,
776 5672 856 5712 or.
887 5657 978 5720 20,
1008 5675 1055 5727 p.
1084 5657 1205 5711 36-1.

2037 3268 2130 3313 aut
2175 3260 2441 3314 dicuntur.
2494 3259 2631 3328 Quis
2693 3261 2820 3316 inde
2868 3262 3024 3332 sequi
3063 3262 3410 3331 suspicetur,
3441 3276 3609 3332 penes

2038 3349 2380 3421 Scripturam
2415 3351 2585 3406 solam
2633 3352 2921 3406 arbitrium
2963 3367 3086 3407 esse
3112 3363 3166 3407 et
3195 3367 3441 3408 normam
3471 3350 3607 3405 diri-

2036 3442 2361 3497 mendarum
2390 3444 2910 3509 controversiarum,
2942 3458 3045 3497 nec
3072 3443 3220 3498 verbi
3242 3441 3432 3504 divini,
3463 3441 3609 3512 quod

2036 3532 2105 3597 ab
2136 3533 2400 3603 apostolis
2462 3534 2584 3588 viva
2625 3549 2760 3589 voce
2806 3535 3160 3604 praedicatum
3210 3542 3324 3588 tota
3368 3532 3610 3589 Ecclesia

2036 3625 2294 3690 custodit,
2316 3625 2620 3681 habendam
2642 3641 2765 3681 esse
2781 3626 3086 3682 rationem?

2104 3757 2241 3814 Cum
2299 3767 2443 3814 vetat
2481 3759 2716 3816 Basilius
2760 3777 2828 3816 ne
2853 3759 2986 3830 quid
3034 3759 3264 3815 addatur
3313 3760 3611 3830 Scriptura:

2036 3856 2130 3904 aut
2174 3850 2498 3905 detrahatur
2524 3891 2539 3916 ,
2581 3867 2926 3921 nequaquam
2959 3852 3203 3907 excludit
3236 3851 3607 3910 traditionem.

2037 3940 2205 3996 Docet
2232 3943 2376 3996 enim
2410 3941 2520 4013 (16)
2554 3943 2861 3998 adhibenda
2887 3958 3011 3999 esse
3045 3944 3101 3998 in
3130 3944 3447 3999 rel‘ellendis
3502 3943 3611 3998 bte-

2037 4032 2225 4088 rcticis
2248 4048 2314 4088 ea
2345 4036 2566 4088 nomina
2596 4045 2650 4089 et
2700 4035 2887 4098 verba,
2930 4052 3046 4105 qua:
3075 4037 3203 4105 ipsis
3235 4036 3447 4106 quidem
3473 4037 3612 4090 litte-
3668 4076 3677 4085 .

2038 4123 2114 4176 ris
2138 4130 2186 4176 et
2210 4122 2429 4192 syllabis
2470 4125 2525 4179 in
2573 4124 2853 4194 Scriptura
2907 4124 3086 4179 divina
3126 4143 3231 4180 non
3259 4129 3610 4195 reperiuntur,

2039 4213 2130 4269 sed
2161 4222 2333 4268 tamen
2359 4231 2476 4269 eam
2519 4233 2679 4287 quant
2713 4216 2928 4286 pra'fert
2976 4217 3258 4286 Scriptura
3294 4220 3610 4271 sententiam

2039 4314 2267 4360 servant.
2310 4305 2442 4372 Quae
2492 4324 2609 4362 vero
2654 4317 2843 4377 prazter
2883 4308 3130 4362 dictionis
3180 4310 3464 4363 novitatem
3513 4325 3611 4362 no-

2043 4415 2162 4452 vum
2207 4399 2366 4453 etiam
2415 4415 2622 4454 sensum
2683 4411 2732 4454 et
2754 4403 3084 4471 peregrinum
3132 4401 3282 4455 nobis
3330 4401 3609 4464 exhibent,

1969 4501 2020 4560 ι)
2042 4504 2255 4558 qumque
2288 4505 2393 4543 non
2447 4491 2783 4546 inveniuntur
2807 4500 3065 4559 usurpata
3104 4508 3140 4546 a
3176 4494 3489 4554 sanctis.-ca
3535 4492 3614 4545 uti

2044 4579 2316 4649 peregrina
2351 4588 2402 4634 et
2451 4596 2485 4634 a
2524 4582 2611 4650 pia
2634 4581 2737 4650 ﬁde
2783 4582 2962 4638 aliena
2994 4583 3236 4640 aversari
3268 4598 3329 4638 se
3352 4583 3612 4638 declarat.

2044 4668 2408 4727 Traditionem
2433 4686 2563 4741 ergo
2590 4672 2822 4729 Basilius
2843 4691 2951 4730 non
2968 4674 3228 4736 dissociat
3256 4690 3286 4728 a
3311 4674 3618 4744 Scriptura,

2047 4760 2145 4817 sed
2177 4777 2301 4830 quae
2317 4760 2617 4828 traditione
2652 4765 2926 4830 nituntur,
2968 4775 3023 4821 et
3057 4780 3088 4819 a
3121 4765 3329 4820 sanctis
3358 4774 3616 4834 usurpata

2044 4859 2193 4914 sunt.
2227 4867 2290 4907 ea
2320 4863 2482 4923 negat
2523 4856 2808 4925 peregrina
2854 4866 2908 4911 et
2934 4872 2963 4911 a
3002 4857 3106 4912 ﬁde
3146 4857 3345 4919 aliena,
3403 4855 3618 4911 etiamsi

2044 4943 2369 4997 nominatim
2402 4959 2513 4998 non
2566 4945 2815 5015 legantur
2855 4947 2910 5002 in
2946 4946 3266 5017 Scripturis.
3294 4946 3433 5001 Hinc
3454 4949 3510 5004 in
3542 4958 3621 5002 te-

2046 5035 2326 5099 stimonio,
2380 5036 2525 5105 quod
2559 5036 2940 5110 depromptum
2992 5049 3079 5096 est
3107 5056 3175 5097 ex
3210 5056 3322 5110 reg.
3350 5056 3488 5096 mor.
3525 5040 3618 5108 80,

2046 5124 2271 5180 verbum
2304 5124 2571 5192 divinum,
2602 5128 2717 5185 sive
2748 5131 3013 5201 scriptum
3062 5133 3155 5197 sit,
3185 5132 3300 5188 sive
3326 5148 3461 5188 voce
3488 5147 3621 5201 pra:-

2047 5216 2306 5285 dicatum,
2336 5219 2486 5274 nullo
2508 5220 2672 5277 habet
2693 5222 3026 5279 discrimine.
3056 5222 3259 5282 Probat
3283 5225 3451 5293 enim,
3469 5223 3601 5296 quid

2118 5522 2229 5594 (14)
2258 5523 2377 5594 Eia.
2413 5522 2492 5578 De
2528 5522 2697 5593 Spir.,
2733 5540 2852 5594 cap.
2891 5528 2946 5591 1,
2978 5544 3032 5581 n.
3067 5528 3125 5584 '5.

2115 5593 2228 5734 £15)
2270 5593 2401 5666 Reg.
2434 5594 2583 5649 brev.
2614 5595 2666 5659 1,
2691 5611 2745 5665 p.
2766 5593 2891 5651 364.

2142 5663 2226 5734 16)
2266 5662 2419 5719 Tom.
2445 5663 2510 5732 ll,
2543 5679 2665 5734 pag.
2695 5665 2799 5719 224
2837 5675 2888 5722 et
2912 5667 3016 5721 2%

2142 5663 2226 5734 16)
2266 5662 2419 5719 Tom.
2445 5663 2510 5732 ll,
2543 5679 2665 5736 pag.
2691 5662 2799 5719 224
2837 5675 2888 5722 et
2912 5667 3038 5721 225.
