3972 6218
358 447 429 504 to
1791 419 2181 488 PBAEFATIO.‘
3537 417 3608 471 se

357 562 489 637 quid
550 573 710 615 extra
757 559 1095 630 Scripturam
1146 565 1232 613 est
1265 564 1548 626 peccatum
1597 569 1756 619 esse,
1814 547 1939 621 quia
1971 550 2014 605 Α
2044 543 2342 615 Gregorius
2398 535 2856 594 Neocasariensis
2899 544 3026 588 ante
3067 540 3311 588 exortam
3362 531 3609 587 haeresim

357 661 660 727 peceatum
699 662 784 707 est
814 649 1075 720 quidquid
1105 664 1212 701 non
1242 655 1414 701 estex
1448 645 1570 706 ﬁde,
1600 644 1732 698 ﬁdes
1761 651 1940 696 autem

356 763 418 802 ex
442 747 668 806 auditu,
699 744 854 798 verbi
882 743 1127 797 videlicet
1147 739 1336 804 divini,
1367 739 1480 793 sive
1501 736 1797 806 praedicati.
1829 735 1942 790 sive

360 837 586 906 scripti.
668 835 728 889 In
784 835 925 888 libro
993 831 1234 888 secundo
1311 831 1560 882 adversus
1625 827 1941 880 Eunomium

359 930 437 998 (p.
467 928 607 996 245)
626 915 784 980 idem
814 932 1142 995 praeceptum
1170 921 1431 981 inculcat,
1465 935 1534 973 ne
1558 917 1688 988 quid
1713 916 1942 970 addatur

365 1029 461 1074 aut
515 1019 844 1074 detrahatur
897 1017 964 1072 iis
1018 1032 1136 1086 quae
1184 1029 1212 1068 a
1273 1011 1479 1081 Spiritu
1523 1016 1711 1065 sancto
1743 1006 1939 1060 tradita

359 1120 486 1166 sunt
515 1129 532 1176 ;
566 1127 636 1166 ac
693 1110 1010 1164 nominatim
1051 1108 1346 1178 Scriptura:
1387 1113 1441 1161 et
1488 1104 1794 1160 traditionis
1830 1115 1942 1153 me-

360 1204 550 1258 minit.
599 1202 832 1258 Proinde
885 1211 1105 1271 oportet,
1161 1201 1540 1268 iuquit,eum,
1589 1198 1679 1266 qui
1737 1193 1940 1250 Christi

358 1294 628 1358 iudicium
681 1293 745 1345 ob
796 1292 974 1346 oculos
1021 1291 1194 1355 habet,
1228 1293 1466 1358 novitque
1493 1305 1650 1358 quam
1683 1285 1942 1348 periculo-

359 1401 477 1439 sum
513 1386 589 1437 sit
640 1384 908 1453 quidpiam
942 1384 1276 1446 subtrahere,
1310 1397 1401 1435 aut
1453 1382 1651 1434 addere
1709 1380 1795 1444 iis,
1826 1393 1941 1447 qua:

359 1494 393 1528 a
423 1476 636 1544 Spiritu
666 1476 869 1528 tradita
894 1484 1035 1537 sunt,
1060 1491 1162 1527 non
1195 1474 1378 1527 conari
1399 1471 1682 1542 quidquam
1711 1488 1741 1522 a
1773 1470 1940 1537 seipso

359 1570 639 1633 innovare,
688 1568 778 1619 sed
809 1567 862 1618 in
910 1565 974 1618 iis
1004 1575 1118 1635 qua:
1167 1569 1313 1632 prius
1359 1581 1390 1616 a
1451 1563 1649 1616 sanctis
1695 1560 1943 1613 nuntiata

359 1668 503 1721 sunt,
570 1659 919 1726 acquiescere.
978 1655 1132 1720 Quod
1162 1657 1325 1724 igitur
1371 1671 1460 1708 nec
1488 1652 1776 1706 communis
1815 1666 1939 1704 con-

359 1748 609 1811 suetudo,
647 1763 741 1800 nec
763 1744 1159 1812 Scripturarum
1198 1759 1326 1796 usus
1357 1741 1571 1794 admisit
1599 1738 1692 1792 :id
1727 1737 1938 1801 audere,

361 1855 532 1894 nonne
571 1854 798 1892 summa:
829 1836 1102 1889 dementia:
1127 1835 1244 1889 est?

430 1927 655 1997 Magna:
697 1926 1044 1995 indiligentia:
1096 1925 1342 1992 arguitur
1369 1921 1644 1978 Seultetus
1695 1936 1756 1974 ex
1786 1919 1937 1973 testi-

343 2022 568 2084 'monio,
627 2021 772 2089 quod
809 2036 837 2074 e
889 2035 1001 2086 reg.
1050 2018 1075 2070 1
1109 2018 1258 2071 brev.
1309 2017 1629 2085 desumpsit.
1667 2014 1762 2068 His
1793 2014 1938 2068 enim

359 2114 543 2168 verbis
572 2154 586 2173 ,
625 2128 745 2182 qua:
772 2112 987 2165 silentio
1013 2111 1368 2177 prwtermissa
1398 2117 1542 2170 sunt,
1593 2122 1700 2160 non
1746 2121 1808 2160 ea
1853 2105 1940 2159 in-

363 2202 559 2271 telligit
585 2201 849 2263 Basilius,
884 2200 950 2254 de
981 2200 1180 2268 quibus
1235 2198 1368 2250 nihil
1405 2197 1458 2249 in
1498 2195 1780 2265 Scriptura
1807 2196 1940 2264 legi-

364 2301 474 2356 tur,
523 2295 622 2348 sed
667 2294 736 2348 de
771 2294 970 2362 quibus
1023 2291 1158 2345 nihil
1202 2291 1517 2344 nominatim
1573 2289 1943 2360 praescribitur

364 2393 456 2438 aut
509 2393 774 2438 velatur:
828 2385 1018 2456 quales
1068 2390 1226 2438 erant
1269 2383 1377 2437 cibi
1409 2381 1717 2436 simulacris
1746 2381 1941 2435 immo-

365 2476 476 2528 lati.
526 2475 830 2546 Perspicua
874 2491 964 2530 res
1013 2483 1098 2530 est
1129 2489 1194 2530 ex
1223 2473 1405 2529 verbis
1434 2472 1621 2538 Pauli,
1657 2488 1778 2542 quae
1808 2471 1942 2525 citat

362 2565 619 2622 Basilius.

429 2675 497 2730 V.
536 2675 662 2730 Non
726 2675 1081 2730 omittendum
1137 2684 1221 2730 est
1268 2674 1410 2728 aliud
1447 2673 1818 2728 testimonium
1873 2672 1942 2727 ab

362 2767 553 2822 eodem
602 2767 852 2822 Sculteto
900 2769 1170 2835 objectum
1200 2809 1214 2832 ,
1273 2782 1338 2821 ex
1385 2767 1570 2836 regula
1614 2766 1805 2819 morali
1852 2764 1940 2831 72,

363 2872 480 2924 cap.
515 2857 570 2919 1,
604 2858 698 2910 ubi
735 2857 847 2911 haec
875 2858 1170 2926 leguntur:
1215 2856 1366 2922 Quod
1414 2856 1634 2910 debeant
1672 2855 1940 2908 auditores

363 2947 448 3016 qui
475 2947 533 2998 in
569 2946 863 3011 Scripturis
910 2945 1105 2999 eruditi
1148 2956 1292 3009 sunt,
1326 2946 1604 3013 explorare
1633 2962 1696 2998 ac
1720 2944 1942 3015 probare

364 3052 426 3089 ea
449 3053 567 3104 qua:
610 3055 644 3089 a
673 3038 941 3106 magistris
969 3038 1246 3090 dicuntur:
1269 3047 1317 3092 et
1344 3055 1459 3106 qua:
1475 3036 1682 3107 quidem
1713 3053 1942 3090 consona

368 3138 489 3182 sunt
525 3128 819 3194 Scripturis
863 3130 1155 3195 suscipere;
1184 3146 1300 3198 qua?
1345 3146 1461 3182 vero
1491 3129 1684 3193 aliena,
1706 3129 1938 3197 rejicere,

365 3236 551 3289 eosque
586 3223 681 3288 qui
721 3221 774 3272 in
802 3221 1061 3288 ejusmodi
1105 3221 1366 3275 doctrinis
1409 3235 1761 3290 perseverant,
1795 3222 1942 3276 vehe-
1968 3201 2010 3259 (ἶ

367 3309 592 3360 mentius
618 3309 878 3361 aversari.

434 3419 554 3472 Non
578 3419 899 3488 imprudens
935 3419 1208 3474 Scoltetus
1242 3419 1358 3474 haec
1386 3423 1550 3476 verba
1572 3423 1828 3487 resecuit,
1854 3425 1944 3494 qui

368 3507 420 3560 in
448 3506 745 3576 Scripturis
792 3507 987 3560 eruditi
1032 3518 1175 3571 sunt,
1201 3511 1324 3573 τοὺς
1356 3511 1819 3582 πεπαιδευμένους
1843 3512 1942 3576 τὰς

370 3599 608 3670 Γραφάς.
663 3600 741 3653 Ex
773 3601 856 3654 his
885 3599 1031 3652 enim
1071 3602 1353 3656 manifesta
1379 3605 1660 3658 conclusio
1681 3613 1761 3659 est
1790 3604 1944 3659 Scri-

371 3698 584 3759 pturam
619 3707 730 3746 non
761 3695 1016 3747 omnibus
1070 3692 1319 3763 proponi,
1367 3702 1424 3748 ut
1453 3695 1674 3749 unicam
1699 3696 1819 3751 ﬁdei
1852 3712 1942 3751 re-

372 3783 569 3850 gulam,
609 3798 712 3838 nec
733 3786 990 3839 omnibus
1020 3787 1224 3839 claram
1255 3795 1308 3840 et
1343 3788 1684 3855 perspicuam
1715 3803 1836 3843 esse
1886 3789 1942 3843 in

372 3873 437 3927 iis
484 3891 607 3944 quae
649 3877 715 3929 ad
751 3877 911 3931 ﬁdem
957 3878 1249 3946 pertinent.
1302 3877 1438 3932 Hinc
1489 3879 1721 3934 Basilius
1758 3881 1812 3933 in
1845 3895 1940 3933 ca-

374 3963 478 4031 pite
499 3968 751 4035 sequenti
784 3968 870 4032 iis,
901 3969 989 4037 qui
1012 3985 1112 4021 non
1148 3969 1373 4021 multum
1412 3967 1468 4022 in
1507 3969 1797 4038 Scripturis
1827 3989 1942 4025 ver--

373 4055 475 4106 sati
503 4065 654 4119 sunt,
693 4058 936 4126 praecipit
968 4067 1024 4110 ut
1067 4059 1235 4114 bonos
1290 4073 1353 4112 ac
1401 4059 1573 4114 malos
1619 4069 1865 4128 pastores
1912 4077 1942 4115 a

376 4143 641 4201 fructibus
676 4163 864 4202 eorum
891 4150 1230 4219 dignoseant.
1272 4153 1411 4218 Quin
1447 4154 1610 4207 etiam
1639 4171 1705 4209 ne
1753 4153 1943 4224 primis

376 4236 591 4303 quidem
620 4241 892 4302 concedit,
921 4250 981 4294 ut
1007 4241 1347 4312 Scripturam
1385 4246 1614 4299 arbitrio
1642 4260 1742 4300 suo
1774 4247 1944 4300 inter-

376 4334 677 4394 pretentur,
701 4336 754 4381 et
780 4338 940 4397 prout
960 4334 1190 4402 quisque
1226 4335 1331 4388 sibi
1361 4336 1631 4390 videbitur
1670 4353 1698 4389 a
1731 4335 1941 4406 Spiritu

378 4425 564 4470 sancto
592 4418 843 4475 edoctus.
893 4421 996 4477 Sed
1035 4440 1152 4478 eam
1196 4425 1496 4494 Scriptura:
1537 4429 1942 4498 interpretatio-

376 4522 495 4561 nem
533 4511 811 4581 intelligit,
862 4529 980 4582 quae
1035 4517 1296 4571 Ecclesia:
1339 4519 1662 4576 auctoritate
1705 4531 1757 4575 et
1809 4537 1941 4576 con-

377 4602 536 4656 stanti
569 4605 874 4661 traditionis
917 4622 1188 4663 conscnsu
1233 4611 1444 4664 nititur.
1499 4613 1619 4681 Ipse
1646 4614 1788 4666 enim
1832 4614 1941 4684 (ep.

377 4692 497 4755 204,
530 4712 586 4748 ιι.
620 4696 675 4766 6)
717 4697 818 4751 hac
846 4701 1189 4766 potissimum
1250 4701 1334 4754 via
1382 4703 1610 4758 Arianas
1677 4706 1942 4761 novitates

380 4786 688 4842 evitaverat.
725 4788 884 4853 Nam,
913 4806 1037 4843 cum
1070 4792 1298 4847 edoctus
1340 4792 1532 4858 fuisset
1558 4795 1624 4848 ab
1651 4796 1772 4848 avia
1827 4796 1934 4850 Ma-

381 4878 546 4939 crina,
589 4896 709 4948 quae
758 4883 804 4935 ei
837 4883 1084 4936 tradebat
1131 4885 1431 4939 beatissimi
1463 4885 1705 4956 Gregorii
1757 4888 1939 4953 verba,

383 4981 715 5038 quascunque
753 4971 818 5025 ad
853 4973 1024 5041 ipsam
1074 4975 1349 5029 memoriae
1383 4976 1792 5031 continuatione
1827 4993 1944 5032 ser-

383 5064 497 5110 vata
555 5069 947 5128 pervenerant;
993 5071 1278 5131 postquam
1337 5079 1368 5116 e
1404 5065 1580 5133 patria
1625 5066 1678 5118 in
1731 5077 1946 5120 exteras

386 5147 681 5212 provincias
712 5147 988 5216 prolectus
1022 5157 1145 5216 est,
1177 5151 1223 5204 si
1255 5167 1394 5219 quos
1423 5153 1728 5207 inveniebat
1749 5170 1944 5208 secun-

386 5237 504 5289 dum
536 5238 789 5292 traditam
825 5241 1044 5308 pictatis
1082 5241 1324 5311 regulam
1370 5244 1733 5311 ambulantes,
1763 5261 1856 5301 eos
1889 5258 1944 5301 ct

389 5336 588 5396 patrum
637 5331 756 5386 loco
805 5331 1059 5398 habebat,
1100 5343 1154 5387 et
1181 5334 1374 5390 animae
1412 5351 1524 5390 sua:
1549 5337 1720 5392 duces
1750 5353 1943 5408 seque-

386 5415 558 5472 batur.
607 5417 697 5475 Sic
749 5422 1028 5476 veritatem
1078 5422 1147 5477 ab
1179 5423 1394 5486 haeresi,
1445 5433 1694 5493 pastores
1740 5442 1770 5480 a
1799 5428 1941 5497 lupis

385 5508 748 5580 dignoscebat,
807 5529 918 5568 non
981 5516 1216 5585 pr0priis
1255 5519 1372 5572 suis
1418 5515 1713 5588 Scriptura:
1745 5521 1941 5576 studiis

385 5599 677 5667 innitendo,
734 5603 829 5658 sed
883 5619 947 5659 ea
993 5615 1310 5663 constanter
1360 5610 1663 5674 retinendo,
1712 5627 1831 5681 quae
1880 5610 1936 5665 S.

457 5783 497 5814 ¹³
520 5781 706 5842 Matth.
745 5803 888 5854 xxvi,
924 5789 1015 5857 Sb;
1049 5788 1212 5847 Marc.
1256 5809 1366 5858 χεν,
1404 5791 1492 5861 2‘2;
1524 5792 1653 5849 Luc.
1697 5811 1825 5860 χιιι,
1873 5797 1934 5850 19

2055 5796 2168 5850 Sor.
2203 5811 2276 5853 si.
2307 5790 2395 5845 9.4.

2041 637 2298 691 Arianam
2327 641 2439 688 tota
2459 629 2701 686 Ecclesia
2727 628 2988 698 probante
3018 633 3070 682 et
3102 624 3457 696 applaudente
3478 639 3611 694 pne-

2041 726 2338 780 dicaverat.

2109 835 2433 906 Suppeditat
2488 831 2646 886 nobis
2673 828 2916 884 Ecclesia
2962 822 3421 880 Neocaesariensis
3449 838 3612 894 argu-

2039 936 2218 982 menta
2246 925 2492 995 quaedam
2515 964 2529 987 ,
2567 935 2688 990 qua:
2723 919 2818 972 hic
2850 917 3103 972 videntur
3148 930 3256 970 non
3288 914 3608 967 omittenda.

2045 1019 2360 1080 Musonius,
2417 1016 2509 1084 qui
2568 1013 2707 1066 hanc
2745 1011 3040 1064 Ecclesiam
3095 1008 3236 1062 rexit
3280 1005 3612 1061 diﬁicillimis

2048 1090 2408 1179 temporibus,
2447 1106 2527 1160 sic
2558 1103 2768 1158 solebat
2807 1101 3120 1159 admonere,
3151 1113 3274 1152 cum
3314 1096 3614 1150 conciona-

2040 1209 2220 1254 retur:
2253 1199 2442 1252 Cavete
2470 1209 2624 1248 canes
2669 1196 2777 1261 (ep.
2821 1190 2912 1254 28,
2948 1206 3002 1260 p.
3046 1189 3196 1253 108),
3228 1197 3398 1241 cavete
3429 1202 3614 1254 opera-

2041 1292 2146 1344 rios
2201 1289 2389 1342 malos.
2440 1282 2724 1350 Quomodo
2757 1292 2936 1335 autem
2987 1280 3087 1334 hos
3134 1293 3298 1332 canes
3330 1278 3548 1331 arcebat
3582 1292 3613 1330 a

2041 1380 2240 1452 grege?
2274 1377 2405 1430 Erat
2458 1375 2549 1429 ille
2591 1375 2670 1429 vir
2702 1373 2950 1428 novitatis
3001 1371 3245 1424 inimicus
3271 1408 3285 1432 ,
3340 1369 3613 1423 ostendens

2043 1473 2121 1543 (p.
2161 1471 2284 1541 106)
2326 1471 2377 1523 in
2403 1470 2572 1538 seipso
2602 1467 2828 1535 priscam
2856 1463 3106 1517 Ecclesia:
3136 1462 3353 1530 speciem
3379 1500 3394 1525 ,
3427 1459 3497 1513 ad
3530 1476 3614 1513 ve-

2043 1573 2200 1615 terem
2227 1571 2448 1621 statum,
2469 1557 2630 1611 veluti
2653 1555 2720 1609 ad
2759 1570 2970 1609 sacram
2999 1551 3282 1622 quamdam
3310 1551 3612 1620 imaginem,

2043 1652 2296 1706 Ecclesia:
2324 1651 2425 1704 sibi
2455 1648 2750 1703 commissa:
2775 1645 3000 1715 formam
3023 1645 3257 1713 effingens
3283 1681 3297 1704 ,
3338 1642 3413 1694 ita
3441 1651 3497 1692 ut
3523 1641 3614 1710 qui

2042 1761 2157 1798 cum
2188 1761 2246 1798 eo
2277 1745 2536 1804 vixerunt,
2577 1757 2684 1794 una
2714 1755 2831 1792 cum
2867 1739 2933 1790 iis
2967 1737 3054 1806 qui
3088 1744 3206 1788 ante
3231 1733 3478 1786 ducentos
3513 1749 3614 1784 an-

2041 1853 2136 1890 nos
2177 1844 2226 1890 et
2274 1835 2501 1903 amplius
2555 1831 2898 1886 luminarium
2947 1831 3116 1881 instar
3165 1824 3612 1894 resplenduerant,

2043 1924 2236 1978 vixisse
2262 1923 2364 1977 sibi
2396 1921 2693 1976 videantur.
2745 1919 2886 1971 Adeo
2917 1917 3048 1970 nihil
3077 1916 3139 1969 de
3167 1931 3261 1969 suo
3281 1957 3296 1981 ,
3327 1930 3417 1967 nec
3446 1914 3615 1966 ullum

2042 2015 2347 2068 recentioris
2397 2012 2589 2066 mentis
2635 2013 2898 2062 inventum
2939 2009 3016 2061 vir
3045 2006 3136 2060 ille
3179 2004 3496 2072 promebat:
3525 2004 3615 2058 sed

2042 2109 2332 2164 secundum
2359 2107 2559 2178 Moysis
2603 2105 3009 2159 benedictionem
3037 2101 3268 2169 proferre
3302 2107 3511 2153 noverat
3551 2113 3616 2151 ex

2042 2201 2217 2255 cordis
2270 2202 2352 2254 sui
2401 2199 2612 2253 arcanis
2636 2236 2652 2262 ,
2687 2195 2834 2248 bonis
2881 2193 3080 2246 scilicet
3112 2192 3370 2244 thesauris
3393 2230 3408 2254 ,
3445 2201 3617 2244 vetera

2041 2303 2270 2348 veterum
2291 2333 2305 2357 ,
2343 2301 2392 2346 et
2430 2299 2602 2345 vetera
2634 2299 2754 2342 ante
2782 2285 2972 2356 faciem
2993 2299 3262 2337 novorum.

2112 2404 2330 2470 Quanta
2357 2401 2521 2456 fuerit
2545 2399 2671 2454 talis
2702 2395 3060 2452 institutionis
3091 2392 3320 2454 utilitas,
3359 2389 3483 2443 inde
3517 2388 3614 2443 de-

2042 2504 2314 2552 monstrat
2335 2494 2572 2549 Basilius
2603 2491 2680 2562 (p.
2711 2488 2834 2558 £07)
2860 2529 2874 2554 ,
2905 2485 3051 2557 quod
3082 2485 3184 2540 soli
3211 2481 3616 2537 Neocaesarien-

2042 2605 2130 2645 ses
2163 2629 2178 2653 ,
2241 2588 2322 2642 vel
2375 2595 2524 2642 certe
2573 2599 2700 2639 cum
2755 2581 2945 2652 paucis
3001 2578 3291 2633 admodum
3352 2575 3407 2629 in
3462 2581 3615 2627 tanta

2039 2693 2221 2732 rerum
2259 2682 2588 2745 tempestate
2649 2686 2712 2726 ac
2761 2669 2997 2741 procella
3045 2666 3396 2736 tranquillam
3446 2664 3613 2717 vitam

2041 2768 2294 2823 Musonio
2323 2766 2666 2837 gubernante
2697 2762 2930 2832 egerint.
2966 2758 3085 2814 Non
3126 2759 3270 2812 enint
3307 2771 3404 2811 eos
3438 2754 3618 2825 attigit

2045 2867 2326 2914 ventorum
2374 2856 2755 2911 haereticorum
2807 2858 3011 2914 aestus,
3059 2848 3467 2905 submersioncs
3513 2846 3618 2898 im-

2041 2959 2267 3019 portans
2299 2954 2355 3001 et
2387 2943 2673 3014 naufragia
2702 2941 2989 2995 animabus
3027 2938 3184 2993 facile
3211 2935 3586 2992 mutabilibus.

2113 3061 2348 3118 Musonii
2385 3058 2502 3116 sedi
2531 3056 2792 3110 Atarbius
2813 3095 2827 3119 ,
2865 3067 2971 3107 non
3017 3051 3141 3106 ﬁdei
3171 3066 3234 3104 ac
3266 3049 3452 3102 virtuti
3486 3062 3618 3103 suc-

2043 3153 2245 3218 cessit;
2295 3164 2530 3219 cumque
2594 3147 2847 3201 haeresim
2881 3144 3096 3197 Arianae
3142 3143 3471 3196 contrariam
3519 3155 3616 3193 eo-

2043 3252 2268 3300 naretur
2318 3241 2579 3296 inducere
2614 3281 2629 3303 ,
2707 3238 2936 3292 Basilius
2990 3236 3044 3289 in
3103 3242 3252 3287 tanta
3307 3234 3616 3285 animarum

2041 3336 2283 3408 pernicie
2319 3334 2485 3389 silere
2515 3347 2623 3386 non
2659 3331 2873 3401 potuit,
2903 3345 2966 3383 ac
2993 3325 3465 3382 Neocmsarienses
3497 3324 3618 3393 plu-

2039 3427 2195 3481 ribus
2225 3424 2421 3480 litteris
2453 3421 2758 3482 admonuit,
2794 3428 2853 3472 ut
2875 3418 2945 3472 ab
2969 3417 3074 3470 hoc
3104 3416 3208 3470 sibi
3237 3414 3499 3482 magistro
3521 3427 3616 3466 ca—

2039 3524 2248 3572 verent.
2277 3515 2367 3568 Sic
2387 3529 2482 3568 eos
2501 3511 2792 3582 compellat
2810 3511 2862 3564 in
2883 3509 3044 3578 epist.
3063 3506 3197 3560 210:
3226 3501 3380 3557 Fidei
3398 3503 3616 3566 eversio,

2040 3609 2219 3678 inquit
2251 3607 2326 3678 (n.
2359 3607 2425 3671 3,
2468 3621 2519 3674 p.
2551 3604 2675 3669 5H)
2701 3644 2716 3668 ,
2753 3599 2890 3668 apud
2923 3616 3006 3652 vos
3046 3597 3374 3665 excogitatur
3403 3594 3618 3646 inimica

2041 3698 2346 3767 apostolicis
2398 3704 2447 3749 et
2494 3692 2805 3762 euangelicis
2843 3688 3101 3742 doctrinis
3130 3725 3143 3747 ,
3176 3686 3395 3739 inimica
3444 3681 3617 3736 tradi-

2042 3791 2172 3843 tioni
2204 3787 2439 3858 Gregorii
2475 3801 2588 3839 vere
2629 3783 2843 3853 magni,
2874 3787 2924 3834 et
2969 3795 3148 3833 eorum
3171 3820 3187 3844 ,
3216 3777 3304 3847 qui
3331 3777 3379 3829 ei
3411 3790 3621 3829 succes—

2041 3889 2219 3934 serunt
2264 3895 2424 3948 usque
2453 3877 2521 3930 ad
2566 3876 2772 3929 beatum
2806 3872 3108 3926 Musonium
3133 3908 3148 3931 ,
3203 3868 3353 3935 cujus
3383 3867 3618 3936 profecto

2040 3974 2355 4029 documenta
2400 3971 2685 4022 etiamnum
2736 3966 2789 4019 in
2843 3964 3027 4017 vestris
3080 3959 3296 4014 auribus
3345 3966 3614 4013 resonant.

2045 4062 2190 4116 Nam
2249 4061 2472 4117 Sabellii
2502 4060 2724 4119 malum,
2779 4056 2905 4109 olim
2958 4053 3166 4125 quidem
3214 4061 3494 4112 exortum,
3529 4050 3618 4102 sed

2044 4153 2324 4207 traditione
2349 4153 2525 4223 magni
2552 4151 2698 4204 illius
2723 4149 2820 4201 viri
2847 4147 3184 4204 exstinctum,
3204 4152 3462 4196 conantur
3483 4157 3620 4194 nunc

2041 4243 2131 4296 isti
2157 4258 2423 4306 renovare,
2450 4241 2540 4311 qui
2566 4241 2692 4291 dum
2721 4238 2900 4289 timent
2925 4249 2984 4286 ne
3007 4243 3315 4302 arguantur,
3337 4231 3542 4285 somnia
3565 4230 3618 4283 in

2043 4351 2139 4388 nos
2166 4334 2392 4403 ﬁngunt.

2735 4435 2762 4508 θ
2799 4434 2914 4492 vu.

1970 4536 2017 4592 Ῐ)
2043 4552 2085 4608 l.
2110 4551 2169 4606 S.
2201 4550 2430 4604 Basilius
2463 4547 2720 4615 conceptis
2748 4545 2916 4600 verbis
2949 4543 3396 4615 docet_Christum
3432 4539 3618 4615 adesse

2115 4631 2421 4692 praesentem
2476 4621 2527 4671 in
2569 4613 2911 4692 eucharistia.
2978 4616 3041 4668 ll.
3090 4613 3320 4692 Requirit
3359 4624 3414 4664 ut
3458 4613 3615 4675 illud,

2123 4685 2271 4744 illoc
2297 4700 2374 4744 est
2404 4704 2592 4755 corpus
2629 4703 2800 4740 meum
2824 4686 2867 4716 ¹³
2893 4726 2906 4748 ,
2940 4704 2959 4736 ι
3004 4701 3106 4737 non
3136 4685 3306 4755 minus
3337 4690 3615 4755 cendere-

2113 4763 2301 4814 damus
2331 4750 2662 4821 quatnyillud,
2699 4775 2717 4806 ι
2760 4755 2980 4808 Verbum
3007 4770 3129 4806 caro
3159 4754 3357 4821 factum
3391 4750 3549 4821 est
3589 4770 3607 4801 ι

2116 4830 2200 4884 Ill.
2231 4819 2462 4898 Insignis
2496 4827 2639 4898 locus
2677 4843 2707 4877 a
2739 4825 2971 4898 Sculteto
3024 4819 3337 4898 depravatus
3381 4819 3614 4898 explica-

2117 4912 2224 4954 tur.
2275 4887 2371 4951 Ινῖ
2399 4897 2590 4951 Basilii
2620 4896 2878 4949 sententia
2913 4887 3260 4962 conﬁrmatur
3289 4904 3353 4944 ea:
3377 4887 3616 4957 precibus

2117 4970 2368 5038 liturgiaz.

2114 5061 2153 5114 I.
2208 5060 2336 5114 Sive
2382 5056 2586 5112 Basilio
2638 5055 2987 5110 ascribantur
3040 5051 3168 5106 libri
3205 5049 3283 5104 De
3328 5049 3611 5118 baptismo,

2043 5155 2157 5208 sive
2185 5167 2330 5214 non,
2368 5158 2518 5203 certe
2560 5148 2665 5202 sub
2693 5148 2812 5216 ejus
2845 5142 3255 5204 nomine_citari
3295 5158 3360 5196 ac
3403 5143 3617 5196 laudari
3683 5206 3686 5210 ,

2043 5252 2294 5317 possunt,
2321 5258 2444 5296 cum
2478 5242 2577 5295 toti
2609 5256 2673 5294 ex
2707 5239 2827 5307 ejus
2861 5237 3144 5292 sententiis
3170 5252 3234 5290 ac
3256 5236 3438 5290 verbis
3466 5250 3618 5288 com-

2043 5337 2208 5406 positi
2240 5335 2370 5390 sint.
2406 5332 2463 5385 In
2505 5333 2645 5386 libro
2681 5328 2924 5385 secundo
2958 5329 3242 5398 quaeritur,
3275 5343 3397 5397 cap.
3428 5326 3494 5380 2:
3530 5327 3615 5378 An

2043 5431 2088 5482 is
2115 5428 2203 5498 qui
2247 5425 2309 5479 ob
2353 5441 2570 5494 pravam
2601 5421 2974 5475 conscientiam
3005 5459 3021 5479 ,
3061 5431 3152 5473 aut
3195 5418 3611 5478 immunditiam,

2045 5527 2136 5571 aut
2165 5516 2616 5585 inquinamentum
2643 5527 2804 5579 purus
2837 5510 2994 5565 corde
3023 5528 3125 5564 non
3168 5519 3243 5564 est
3263 5549 3276 5574 ,
3316 5511 3450 5562 citra
3477 5508 3614 5575 peri-

2045 5608 2218 5662 culum
2256 5605 2419 5673 possit
2475 5603 2798 5670 sacri/icore.
2849 5601 3143 5669 Qumslioni
3184 5602 3476 5672 apponitur
3529 5617 3614 5654 re-

2477 5790 2518 5820 ”
2552 5787 2708 5844 Joan.
2749 5805 2785 5853 ι,
2831 5788 2910 5841 Ib.
