3972 6218
348 413 410 468 81
1732 407 2122 468 ΡΒᾹΞΡΑΤΙΟ.
3522 420 3593 475 5‘!

347 546 611 601 sponsum
633 570 647 596 ,
683 530 848 586 ducta
880 530 1291 601 comparatione
1324 544 1387 585 ex
1438 528 1525 585 his
1576 544 1697 601 quae
1730 530 1785 584 in
1826 544 1904 586 sa-

2022 527 2545 602 πεπληροφορησθαι
2580 528 2688 587 πᾶν
2726 528 2878 599 ρῆμᾳ
2920 526 3057 583 Θεοῦ
3096 526 3293 598 ἀληθὲς
3325 523 3462 585 εἴναι
3495 534 3595 586 καὶ

343 621 663 679 cerdotibus
716 623 917 679 veteris
979 622 1114 693 legis
1167 621 1605 692 requirebantur.
1662 621 1799 676 Tum
1845 622 1915 678 de

344 713 728 771 sacerdotibus
773 729 926 770 nova
957 715 1092 786 legis
1141 713 1223 770 sic
1263 716 1554 770 statuitur:
1612 715 1670 768 Ὁ
1712 713 1770 767 δὲ
1801 714 1914 768 Κύ-

346 823 463 878 ριος
512 806 707 875 λέγων,
731 804 940 868 Μεῖζον
968 806 1075 862 τοῦ
1106 804 1267 875 ἱεροῦ
1298 799 1416 860 ὧδε
1437 844 1453 876 ,
1490 805 1733 861 παιδεύει
1764 807 1914 877 ἡμᾶς

341 898 425 951 ὅτι
451 892 704 955 τοσοῦτον
731 898 1090 969 ἀσεϐέστερός
1119 899 1267 952 ἐστιν
1300 897 1330 951 ὁ
1359 897 1573 969 τολμῶν
1613 897 1913 970 ἱερατεύειν

339 988 407 1043 τὸ
433 988 591 1060 σῶμα
623 987 718 1041 τοῦ
769 987 973 1060 Κυρίου
1000 987 1096 1045 τοῦ
1130 987 1309 1052 δόντος
1349 988 1538 1054 δαυτὸν
1576 987 1718 1059 ὑπὲρ
1756 988 1913 1065 ἡμῶν

339 1075 660 1149 προσφορὰν
693 1079 787 1131 καὶ
825 1075 1014 1130 Θυσίαν
1054 1075 1132 1148 τῷ
1172 1075 1292 1146 Θεῴ
1322 1077 1402 1142 είς
1446 1075 1624 1148 ὀσμὴν
1661 1075 1907 1141 εύωδίᾳς,

341 1169 466 1223 ὅσον
500 1169 561 1223 τὸ
592 1168 751 1238 σῶμα
790 1168 885 1224 τοῦ
925 1167 1243 1238 μονογενοῦς
1286 1167 1418 1221 Υίοῦ
1452 1167 1547 1221 τοῦ
1581 1167 1716 1221 Θεοῦ
1752 1168 1912 1240 ύτεεερ⁸

339 1256 453 1325 έχει
475 1254 643 1327 κριῶν
688 1253 781 1308 καὶ
806 1252 1051 1323 ταύρων·
1100 1254 1198 1306 οὐκ
1232 1253 1298 1306 ἐκ
1330 1252 1697 1324 συγκρίσεως,
1737 1251 1908 1320 ἀσύγ-

339 1362 524 1417 κριτος
557 1345 666 1417 γὰρ
714 1347 747 1417 ἠ
801 1345 1063 1416 ὑπεροχή·
1106 1344 1360 1399 Dominus
1388 1353 1561 1399 autem
1589 1361 1706 1397 cum
1745 1345 1908 1399 dicit:

345 1456 363 1486 ι
379 1436 591 1504 Templo
620 1436 796 1506 majus
819 1435 903 1489 hic
937 1446 1014 1489 est
1039 1435 1137 1498 ",s
1162 1452 1255 1491 nos
1278 1435 1424 1489 docet
1456 1444 1602 1489 tanto
1621 1435 1786 1504 magis
1810 1435 1911 1488 im-

337 1529 483 1597 pium
507 1543 619 1583 esse
645 1544 795 1591 eum,
827 1528 917 1598 qui
949 1526 1105 1582 audet
1138 1528 1442 1596 sacriﬁcare
1478 1542 1666 1596 corpus
1693 1525 1909 1580 Domini

334 1618 427 1688 qui
452 1617 596 1673 dedit
642 1632 736 1686 pro
779 1617 929 1671 nobis
976 1618 1207 1686 seipsum
1242 1618 1351 1671 Deo
1380 1617 1697 1672 oblationem
1724 1625 1773 1670 et
1810 1616 1907 1670 ho-

335 1710 497 1780 stiam
534 1709 589 1763 in
623 1709 834 1763 odorem
864 1709 1143 1762 suavitatis
1179 1708 1244 1772 ",
1274 1717 1471 1778 quanto
1501 1723 1689 1777 corpus
1720 1707 1906 1778 unige-

336 1801 435 1867 niti
465 1798 600 1857 Filii
629 1800 724 1855 Dei
762 1800 1096 1866 excellentius
1149 1808 1227 1855 est
1286 1799 1539 1853 arietibus
1589 1816 1652 1852 ac
1694 1799 1904 1852 tauris:

2020 621 2246 676 δυνατὸν
2265 661 2280 685 ,
2309 620 2416 675 κᾶν
2448 621 2481 690 ὴ
2513 618 2673 690 φύσις
2705 620 2980 690 μάχηται·
3011 618 3243 673 ἐνταῦθα
3273 620 3382 692 γὰρ
3421 622 3516 675 καὶ
3560 623 3594 677 6

2020 711 2168 782 ἁγὼν
2218 712 2318 782 τῆς
2370 710 2626 774 πίστεως·
2680 709 2833 777 Quod
2872 725 2976 764 non
3007 719 3207 779 oportet
3237 710 3496 782 ambigere
3537 720 3591 768 et

2018 805 2268 865 dubitare
2305 804 2369 860 de
2391 805 2459 860 iis
2488 821 2605 876 qui:
2626 822 2660 859 a
2688 803 2913 863 Domino
2935 802 3183 865 dicuntur
3205 821 3225 858 :
3251 804 3341 860 sed
3368 821 3590 874 persua-

2016 898 2131 951 deri
2159 913 2310 951 omne
2342 896 2436 951 Dei
2481 895 2689 951 verbum
2734 911 2909 949 verum
2937 911 3050 960 esse
3077 911 3140 949 ac
3169 895 3417 965 possibile
3439 935 3456 962 ,
3485 897 3589 950 etsi

2018 998 2222 1048 natura
2250 997 2501 1058 repugnat
2525 1003 2545 1052 ;
2578 987 2661 1042 hic
2683 988 2821 1041 enim
2852 988 3013 1053 situm
3039 997 3118 1048 est
3149 987 3274 1057 fidei
3299 995 3583 1042 certamen.

2015 1077 2101 1133 Ad
2148 1078 2290 1132 hanc
2320 1078 2565 1149 regulam
2602 1077 3063 1148 comprobandam
3111 1077 3251 1133 inter
3280 1078 3386 1132 alia
3417 1078 3589 1134 refert

2015 1170 2183 1232 illud:
2219 1168 2524 1239 Litigabant
2559 1186 2681 1241 ergo
2712 1167 2892 1223 Judwi
2931 1168 2996 1235 ad
3030 1171 3248 1237 invicem
3273 1211 3291 1238 ,
3318 1169 3587 1231 dicentes:

2019 1259 2299 1328 Quomodo
2335 1260 2418 1314 hic
2473 1269 2641 1330 potest
2678 1261 2827 1316 nobis
2863 1259 2992 1321 dare
3021 1278 3231 1326 carnem
3263 1261 3333 1325 ad
3358 1262 3586 1323 mandu-

2015 1351 2245 1418 cundum
2271 1354 2297 1407 .’
2342 1350 2494 1404 Dixit
2546 1367 2666 1421 ergo
2707 1351 2817 1406 eis:
2851 1351 3016 1407 Amen
3071 1370 3222 1408 amen
3253 1354 3371 1415 dico
3408 1355 3583 1419 vobis:

2018 1441 2144 1497 Nisi
2165 1442 2604 1504 manducaveritis
2622 1458 2834 1495 carnem
2857 1440 2988 1496 Filii
3012 1443 3262 1507 hominis,
3279 1454 3328 1498 et
3350 1443 3584 1510 biberitis

2014 1534 2130 1603 ejus
2160 1533 2467 1604 sanguinem
2487 1571 2504 1596 ,
2539 1548 2643 1587 non
2674 1531 2876 1586 habetis
2905 1534 3067 1599 vitam
3100 1535 3155 1595 in
3180 1535 3323 1589 vobis
3345 1535 3408 1591 ¹⁹.

2088 1624 2343 1681 Pluribus
2390 1626 2443 1687 in
2487 1625 2624 1682 locis
2665 1633 2960 1696 pertractat
2991 1624 3226 1684 Basilius
3259 1626 3328 1682 de
3379 1628 3583 1699 optima

2014 1718 2457 1773 communicandi
2494 1720 2738 1784 ratione,
2770 1731 2934 1787 quam
2980 1718 3039 1772 in
3082 1732 3150 1774 eo
3190 1718 3426 1789 positam
3459 1735 3583 1776 esse

2015 1808 2176 1865 docet
2195 1848 2210 1873 ,
2236 1817 2296 1864 ut
2321 1824 2444 1863 cum
2480 1816 2633 1865 certo
2662 1809 2951 1874 credamus
2982 1809 3264 1872 Christum
3297 1825 3397 1881 pro
3423 1810 3582 1866 nobis

333 1890 475 1962 quod
507 1892 706 1953 dictum
735 1893 804 1953 sit
835 1893 950 1957 sine
994 1893 1388 1961 comparatione
1412 1929 1429 1954 .
1470 1889 1906 1960 incomparabilis
1939 1888 1981 1945 B
2012 1898 2334 1953 cruciﬁxum
2383 1913 2507 1955 esse
2543 1937 2558 1961 ,
2600 1898 2830 1970 ejusque
2881 1914 3100 1955 carnem
3149 1909 3204 1954 et
3261 1899 3581 1969 sanguinem

333 1985 473 2044 enim
504 1993 583 2039 est
625 1984 953 2049 excellentia.
998 1983 1089 2047 Sic
1134 1985 1297 2041 etiam
1332 1985 1386 2046 in
1432 1984 1607 2054 capite
1644 1982 1809 2037 tertio
1836 1997 1902 2038 ex

335 2090 497 2146 poena
531 2076 600 2135 iis
644 2076 700 2131 in
758 2077 876 2147 lege
926 2075 1178 2146 imposita
1206 2115 1223 2145 ,
1268 2075 1361 2147 qui
1410 2083 1601 2133 sancta
1638 2072 1905 2129 immundi

335 2177 558 2241 tangere
577 2169 871 2235 audebant,
905 2168 1340 2232 demonstratur,
1372 2175 1636 2238 quantum
1669 2166 1742 2223 sit
1781 2181 1903 2222 scc-

331 2258 420 2314 lus
472 2273 705 2328 corpore
761 2256 976 2312 Domini
1049 2257 1271 2327 indigne
1322 2256 1520 2322 vesci:
1586 2253 1738 2327 Ὀσῳ
1795 2253 1905 2335 γὰρ

331 2346 514 2418 τελεῖον
556 2347 650 2401 τοῦ
686 2346 833 2419 ίεροῦ
877 2340 1003 2413 ὧδε,
1040 2345 1182 2401 κατὰ
1210 2345 1311 2417 τὴν
1339 2346 1433 2400 τοῦ
1458 2345 1664 2420 Κυρίου
1698 2345 1903 2416 φωνὴν,

329 2438 569 2511 τοσούτῳ
595 2440 897 2511 δεινότερον
922 2439 1017 2493 καὶ
1040 2437 1411 2510 φοϐερώτερον
1447 2437 1507 2491 τὸ
1552 2438 1610 2491 ὲν
1645 2436 1904 2508 μολυσμῷ

328 2533 509 2605 ψυχῆς
535 2534 806 2606 τολμῆσαι
838 2533 1080 2604 ᾆψοισθαι
1106 2522 1199 2603 τοῦ
1230 2534 1483 2603 σώματος
1514 2530 1609 2584 τοῦ
1642 2516 1901 2602 Χριστοῦ,

330 2623 483 2695 παρὰ
514 2623 576 2677 τὸ
605 2623 846 2695 ἆψασθσι
888 2624 1057 2696 κριῶν
1093 2623 1126 2692 ἢ
1155 2621 1404 2699 ταύρων,
1432 2621 1524 2689 τοῦ
1580 2620 1903 2690 Ἀποστόλου

329 2716 608 2783 εἰπόντος·
645 2717 821 2787 ᾮστε
851 2716 920 2784 ὃς
951 2715 1029 2770 ἂν
1051 2715 1247 2785 ἐσθίῃ,
1305 2723 1411 2770 etc.
1452 2732 1465 2767 :
1508 2713 1717 2781 Quanto
1763 2715 1902 2769 enim

327 2806 447 2878 plus
497 2807 689 2876 templo
736 2808 849 2861 illic
889 2817 997 2871 est,
1036 2806 1201 2877 juxta
1233 2806 1450 2860 Domini
1494 2822 1700 2868 vocem,
1752 2815 1901 2860 tanto

327 2900 541 2974 grauius
561 2909 639 2954 est
672 2908 722 2969 et
750 2899 1143 2970 [ormidabilius
1182 2898 1237 2952 in
1283 2899 1476 2952 anima:
1507 2897 1901 2968 inquinamento

329 2988 524 3061 pudere
574 2998 784 3060 tangere
833 3004 1021 3057 corpus
1078 2987 1317 3054 Christi,
1375 3004 1529 3060 quam
1574 2988 1762 3041 arietes
1809 2995 1901 3040 aut

331 3093 511 3155 tauros
569 3090 833 3150 tangere;
891 3096 1008 3133 cum
1064 3080 1349 3147 Apostolus
1406 3078 1590 3140 dicat,
1656 3095 1675 3128 ι
1713 3076 1901 3147 Itaque

327 3175 619 3245 quicunque
650 3171 1047 3225 manducauerit
1077 3172 1143 3234 ⁸⁷,
1171 3190 1190 3223 ι
1242 3178 1350 3227 etc.
1391 3169 1538 3224 Nihil
1568 3184 1701 3225 sane
1736 3170 1790 3224 in
1815 3170 1900 3226 his

326 3216 508 3319 ἔπεισι
521 3216 877 3324 ἶεειίιηοιιὶἰε,
907 3262 1054 3332 quod
1085 3261 1233 3317 eludi
1254 3263 1340 3317 vel
1364 3259 1675 3331 detorqueri
1706 3261 1897 3330 possit.

2012 3216 2193 3269 πίνειο
2236 3216 2336 3290 τὴν
2382 3216 2439 3270 δὲ
2491 3217 2863 3291 πληροφορίαν
2897 3222 3115 3290 ἐμποιεῖ

329 3351 691 3425 βσοτίίίοειιυν
738 3360 793 3408 et
839 3363 1198 3408 consecratur
1227 3368 1427 3422 corpus
1451 3351 1655 3407 Christi
1687 3370 1703 3402 :
1745 3351 1904 3406 Chri-

326 3451 448 3500 stus
488 3458 729 3519 praesens
773 3443 929 3514 adest
957 3443 1013 3497 in
1059 3442 1253 3509 altari,
1295 3460 1314 3494 ι
1346 3441 1560 3512 Templa
1607 3441 1782 3511 major
1819 3441 1904 3494 hic

325 3542 427 3606 est.
460 3552 479 3586 ι
530 3533 666 3603 lllud
703 3533 1001 3588 discrimen
1052 3535 1312 3589 statuitur
1356 3535 1503 3589 inter
1554 3535 1795 3601 antiqua:
1848 3540 1904 3587 et

326 3640 482 3696 novae
517 3624 652 3707 legis
687 3623 980 3691 sacrificia.
1010 3622 1157 3707 quod
1188 3624 1245 3693 in
1268 3623 1462 3707 primis
1491 3623 1648 3694 vituli
1673 3631 1730 3678 et
1760 3623 1903 3679 tauri

327 3716 498 3787 occisi
535 3714 769 3787 fuerint,
793 3714 848 3785 in
885 3716 1101 3769 nostris.
1118 3730 1322 3782 corpus
1350 3712 1554 3769 Christi
1593 3715 1898 3770 oll‘eratur:

327 3808 630 3883 discrimen
653 3823 787 3864 sane
819 3805 1281 3875 coxnmentitium,
1310 3807 1356 3862 si
1390 3806 1719 3876 sacriﬁcium
1751 3821 1904 3862 novre

325 3897 462 3969 legis
507 3913 709 3968 corpus
741 3896 987 3953 absentis
1016 3896 1224 3965 Christi
1259 3903 1649 3974 repraesentet;
1701 3896 1903 3966 quippe

326 4004 454 4059 eum
506 3990 649 4045 idem
709 3989 1064 4060 praestiterint
1140 3989 1412 4058 sacriﬁcia
1471 3990 1673 4060 veteris
1728 3989 1898 4059 legis;

328 4082 494 4152 idque
519 4096 585 4137 eo
616 4065 799 4151 aptius
842 4088 898 4136 et
947 4080 1346 4152 signiﬁcantius
1374 4120 1389 4146 ,
1440 4095 1551 4151 quo
1583 4079 1761 4152 caedes
1800 4081 1903 4134 ali-

325 4172 488 4245 cujus
519 4173 774 4245 animalis
799 4173 979 4257 aptior
1007 4162 1078 4228 ad
1103 4179 1339 4235 mortem
1361 4164 1567 4227 Christi
1600 4187 1903 4242 repraesen-

324 4260 571 4330 tandam,
606 4278 771 4332 quam
802 4278 890 4318 res
924 4263 1201 4326 inanima.
1234 4263 1393 4334 panis
1427 4272 1483 4318 et
1510 4265 1724 4336 vinum.

396 4393 596 4448 Eadem
630 4394 902 4449 sententia
951 4395 1307 4464 paucioribus
1332 4396 1517 4453 verbis
1545 4398 1804 4453 statuitur
1842 4398 1900 4453 in

326 4483 539 4560 [legalis
573 4484 919 4556 brevioribus.
957 4484 1018 4541 Si
1048 4488 1165 4559 quis
1210 4498 1386 4543 autem
1409 4531 1425 4555 ,
1457 4491 1634 4560 inquit
1666 4489 1904 4546 Basilius

326 4578 587 4648 interrog.
614 4578 752 4655 509‘,
790 4595 911 4633 cum
958 4580 1013 4633 in
1051 4579 1390 4649 immunditia
1431 4582 1500 4640 sit
1524 4621 1540 4644 ,
1589 4582 1802 4636 accedat
1831 4582 1900 4635 ad
1933 4588 1977 4643 D

321 4678 544 4734 sancta;
577 4670 738 4725 etiam
778 4685 843 4725 ex
881 4670 1056 4726 Veteri
1096 4670 1429 4728 Testamento
1480 4674 1712 4729 terribile
1756 4674 1902 4729 illius

322 4760 577 4824 discimus
605 4760 891 4830 judicium.
924 4759 1078 4826 Quod
1123 4763 1169 4817 si
1215 4764 1443 4832 amplius
1474 4764 1660 4833 templo
1689 4764 1772 4818 hic
1801 4774 1900 4830 est,

321 4864 418 4937 nos
453 4849 630 4921 utique
665 4850 820 4905 modo
855 4854 1022 4922 magis
1050 4852 1397 4937 [ormidando
1444 4854 1649 4924 docebit
1673 4856 1902 4926 Aposto—

321 4936 429 5002 lus,
459 4942 549 5011 qui
573 4942 755 4998 dixit:
801 4962 819 4994 ι
843 4943 948 5009 Qui
975 4944 1269 4998 manducat
1300 4956 1349 5000 et
1388 4945 1518 5000 bibit
1544 4948 1785 5020 indigne,
1809 4949 1904 5019 ju-

321 5029 517 5096 dicium
543 5033 648 5096 sibi
673 5036 960 5091 manducet
986 5045 1037 5090 et
1063 5036 1191 5090 bibit
1225 5038 1287 5091 ⁸⁸.
1314 5056 1334 5090 ι

397 5169 462 5222 ll.
493 5168 730 5237 Basilius
758 5180 904 5243 inter
931 5188 1017 5237 ea,
1042 5188 1165 5252 quin
1187 5182 1340 5245 certo
1364 5174 1587 5247 credere
1608 5177 1896 5245 debemus,

320 5262 538 5362 etiamsi
584 5272 852 5362 repugnet
901 5275 1099 5337 natura
1127 5307 1143 5333 ,
1190 5270 1586 5339 eucharistiam
1625 5283 1898 5331 numerat.

323 5352 477 5422 lianc
528 5354 673 5409 enim
732 5352 815 5411 in'
835 5357 1123 5424 Moralium
1173 5361 1316 5417 libro
1358 5362 1625 5421 habemus
1654 5366 1899 5438 regulam

322 5447 460 5520 (reg.
491 5447 546 5518 8,
578 5463 631 5519 p.
664 5448 957 5519 240);Ὅτι
986 5453 1045 5505 ού
1076 5452 1158 5507 δεῖ
1184 5453 1578 5526 διακρίνεσθαι,
1600 5456 1695 5510 καὶ
1721 5458 1902 5512 διστά-

2012 1986 2174 2041 nobis
2209 1986 2407 2057 apponi
2433 2028 2449 2053 ,
2492 1986 2595 2041 hac
2628 1988 2776 2043 illius
2804 1988 3080 2061 passionis
3108 1989 3489 2044 recordatione
3511 1988 3582 2051 ad

2010 2092 2135 2132 eum
2187 2079 2477 2132 amandum
2532 2078 2916 2142 accendamur,
2970 2077 3063 2139 Sic
3103 2079 3160 2133 in
3215 2080 3401 2150 regula
3458 2080 3580 2143 bre-

2012 2174 2164 2225 viore
2198 2169 2301 2223 172
2334 2170 2450 2225 haec
2490 2170 2801 2225 instituitur
2833 2171 3064 2241 quaestio
3087 2212 3103 2237 ,
3140 2171 3375 2242 Ποταπῷ
3408 2172 3579 2243 φόϐῳ,

2011 2264 2044 2336 ἢ
2079 2265 2210 2338 ποίᾳ
2252 2265 2626 2339 πληροφορίᾳ,
2664 2267 2698 2339 ἢ
2742 2266 2873 2339 ποίᾳ
2909 2267 3147 2331 διαθέσει
3189 2270 3581 2342 μεταλάϐωμεν

2007 2356 2104 2411 τοῦ
2150 2357 2400 2428 σώματος
2439 2358 2535 2412 καὶ
2564 2358 2658 2412 τοῦ
2702 2360 2934 2432 αἵματος
2970 2359 3063 2413 τοῦ
3110 2360 3349 2431 Χριστοῦ
3378 2376 3393 2427 ;
3419 2359 3582 2427 Quali

2008 2464 2129 2501 cum
2179 2449 2402 2513 timore,
2454 2457 2551 2504 aut
2595 2466 2700 2521 qua
2736 2452 2905 2506 animi
2942 2453 3313 2521 persuasione,
3357 2462 3581 2524 antqua

2010 2538 2206 2606 a/fectu
2232 2539 2515 2609 participes
2557 2541 2726 2595 simus
2759 2543 2994 2610 corporis
3026 2549 3075 2596 et
3113 2542 3388 2613 sanguinis
3418 2541 3580 2600 Chriv

2008 2628 2120 2695 sti?
2149 2628 2487 2699 Argumento
2513 2639 2598 2686 est
2631 2631 2899 2701 ejusmodi
2930 2633 3288 2704 interrogatio
3322 2648 3580 2704 magnum

2007 2719 2226 2789 aliquod
2272 2721 2357 2791 agi
2398 2722 2723 2792 mysterium
2751 2762 2768 2787 ,
2803 2724 2950 2794 quod
3002 2733 3293 2779 tremorem
3337 2724 3582 2780 incutere

2007 2808 2221 2881 debeat,
2256 2825 2619 2882 magnamque
2652 2811 2812 2868 ﬁdem
2845 2828 2911 2868 ac
2937 2813 3282 2869 sanctitatem
3311 2814 3576 2884 postulet.

2075 2941 2490 3014 Interrogationi
2555 2945 2671 2999 haec
2724 2944 3016 3015 subjicitur
3068 2946 3414 3015 responsio:
3476 2947 3581 3001 Τὸν

2008 3033 2106 3105 μὲν
2150 3033 2313 3103 φόϐον
2343 3036 2581 3090 διδάσκει
2626 3037 2773 3107 ἡμᾶς
2818 3038 2847 3090 ὁ
2878 3035 3196 3100 Ἀπόστολος
3219 3076 3236 3099 ,
3276 3035 3474 3104 λέγων·
3514 3036 3579 3093 '0

2003 3123 2222 3179 ἐσθίων
2248 3125 2347 3182 καί
2365 3127 2556 3181 πίνων
2575 3127 2836 3194 ἀναξίως
2854 3128 3033 3198 κρῖμα
3051 3127 3242 3194 ἑαυτῷ
3266 3128 3452 3183 ἐσθίει
3480 3128 3580 3182 καί

3157 3221 3190 3290 ἡ
3241 3220 3425 3284 πίστις
3469 3219 3580 3273 τῶν

2004 3307 2263 3377 ῥημάτων
2292 3307 2386 3362 τοῦ
2414 3309 2618 3380 Κυρίου
2646 3310 2910 3375 εἰπόντος’
2952 3311 3132 3365 Τοῦτο
3158 3312 3289 3365 ἐστι
3317 3310 3386 3364 τὸ
3409 3309 3580 3380 σῶμὰ

1998 3418 2140 3468 μου,
2182 3400 2249 3468 τὸ
2286 3401 2441 3470 ὑπὲρ
2469 3401 2637 3471 ὑμῶν
2669 3401 3001 3472 διδόμενον-ο
3034 3403 3212 3457 τοῦτο
3244 3403 3461 3457 ποιεῖτε
3491 3404 3579 3469 είς

2003 3491 2118 3560 τὴν
2134 3492 2289 3561 ἐμὴν
2312 3493 2677 3564 ἀνάμνησιν,
2710 3504 2816 3552 etc.
2845 3515 2858 3565 :_
2891 3496 3154 3551 Timorem
3189 3496 3395 3566 quidem
3431 3495 3581 3550 docet

2005 3598 2100 3639 nos
2148 3584 2434 3653 Apostolus
2460 3624 2476 3649 ,
2512 3602 2631 3640 cum
2683 3587 2797 3642 ait:
2848 3605 2868 3638 ι
2895 3588 3001 3655 Qui
3038 3588 3325 3645 manducat
3365 3597 3415 3643 et
3449 3588 3577 3642 bibit

2002 3674 2244 3745 indigne,
2276 3674 2541 3744 judicium
2573 3679 2674 3732 sibi
2704 3678 2990 3745 manducat
3019 3689 3069 3734 et
3111 3681 3239 3733 bibit
3265 3680 3311 3712 ²⁰
3338 3695 3357 3734 :
3390 3699 3411 3732 ι
3459 3697 3576 3746 per-

2002 3767 2301 3828 suasionem
2334 3777 2509 3822 autem
2539 3769 2690 3839 eﬂicit
2733 3769 2864 3840 ﬁdes
2910 3770 3184 3834 verborum
3216 3771 3462 3837 Domini,
3488 3773 3580 3842 qui

2003 3857 2182 3925 dixit:
2218 3859 2376 3918 (Hoc
2425 3870 2502 3925 est
2544 3878 2733 3932 corpus
2783 3880 2955 3921 meum
2985 3866 3123 3935 quod
3155 3881 3252 3936 pro
3295 3866 3435 3920 vobis
3466 3875 3579 3920 tra-

2001 3947 2185 4003 ditur:
2229 3950 2326 4016 hoc
2359 3950 2520 4020 facite
2564 3953 2620 4004 in
2660 3968 2831 4006 meam
2872 3955 3422 4019 commemorationem
3454 3955 3521 4008 ".
3549 3974 3572 4008 ι

2002 4038 2141 4097 Item
2168 4056 2233 4097 ex
2257 4041 2363 4111 ﬁde
2400 4043 2695 4100 testimonii
2716 4042 2966 4111 Joannis,
2996 4047 3087 4114 qui
3111 4055 3402 4103 memorata
3427 4047 3577 4117 prius

2016 4132 2166 4188 Verbi
2187 4134 2389 4203 gloria,
2420 4134 2640 4204 posthac
2664 4133 3072 4209 .Incarnationis
3103 4137 3316 4199 modum
3342 4138 3576 4203 induxit,

2000 4224 2082 4279 his
2121 4226 2323 4281 verbis:
2370 4245 2395 4280 ι
2431 4225 2654 4281 Verbum
2687 4244 2813 4282 caro
2837 4227 3041 4297 factum
3069 4239 3148 4283 est
3180 4231 3250 4296 “,
3283 4249 3303 4289 ι
3337 4239 3443 4285 etc.
3476 4227 3576 4282 lti-

2000 4316 2119 4381 dem
2144 4318 2396 4387 quoniam
2415 4318 2703 4386 Apostolus
2730 4319 2978 4388 scripsit;
3008 4338 3027 4372 ι
3052 4317 3300 4386 Quicum
3328 4316 3576 4387 informa

2001 4408 2103 4464 Dei
2131 4419 2267 4478 esset
2283 4410 2351 4476 8',
2384 4429 2403 4463 ι
2433 4419 2543 4476 etc.

2078 4548 2247 4604 Nemo
2271 4557 2354 4605 est
2378 4589 2394 4614 ,
2431 4547 2527 4618 qui
2573 4547 2691 4617 haec
2724 4561 2907 4617 legens
2936 4560 3044 4600 non
3075 4544 3235 4601 facile
3258 4542 3575 4631 perspiciat,

2006 4640 2062 4694 l9
2087 4639 2295 4705 Christi
2323 4641 2486 4709 verba
2507 4679 2522 4705 ,
2556 4638 2671 4693 Hoc
2705 4649 2780 4692 est
2810 4653 2999 4707 corpus
3034 4653 3240 4707 meum,
3270 4644 3334 4697 ut
3374 4637 3576 4704 tinnis-

2006 4733 2143 4801 sima
2199 4730 2305 4801 tide
2352 4730 2624 4786 credenda
2653 4769 2669 4793 ,
2728 4746 2757 4783 a
2801 4729 3005 4785 Basilio
3057 4730 3320 4814 proponi;
3372 4729 3431 4782 εει
3465 4744 3574 4795 non

2004 4823 2191 4877 minus
2219 4827 2370 4876 certo
2399 4820 2671 4875 credenda
2711 4834 2857 4883 esse,
2898 4834 3063 4888 quam
3088 4820 3372 4889 sequentia
3395 4859 3410 4882 ,
3449 4817 3575 4887 Ver-

2006 4913 2127 4974 bum
2155 4928 2281 4979 cura
2318 4894 2526 4980 'factum
2573 4921 2686 4974 est,
2727 4917 2835 4965 etc.
2880 4909 3138 4981 Quicum
3180 4911 3236 4980 in
3276 4910 3451 4980 forma
3485 4909 3578 4965 Dei

2003 5012 2169 5067 esset,
2208 5011 2318 5057 etc.
2346 5001 2592 5075 Utraque
2636 5001 2783 5057 enim
2818 4990 3136 5057 testimonia
3156 5040 3172 5066 ,
3208 5009 3325 5057 tum
3353 5015 3476 5070 quae
3506 5000 3576 5061 ad

2001 5081 2418 5158 eucharistiam,
2444 5101 2707 5163 tum'qua:
2738 5091 2807 5147 ad
2840 5092 3269 5159 incarnationem
3304 5098 3574 5161 spectant,

2007 5189 2196 5243 eodem
2232 5201 2462 5260 prorsus
2500 5173 2663 5241 modo
2697 5191 3113 5255 proponuntur,
3154 5189 3216 5238 ut
3242 5180 3424 5245 verbis
3454 5183 3577 5252 qui-

2004 5280 2127 5335 dem
2154 5261 2304 5343 clara
2324 5286 2381 5339 et
2405 5285 2591 5349 aperta
2610 5317 2628 5346 ,
2656 5276 2752 5334 sed
2787 5276 3034 5347 mysterii
3065 5275 3444 5354 magnitudine
3464 5274 3574 5330 dif-

2004 5370 2209 5433 ﬁcilia:
2243 5370 2319 5439 ita
2358 5378 2418 5426 ut
2446 5369 2812 5440 explicatione
2842 5383 2951 5422 non
2983 5366 3262 5449 indigeant
3293 5366 3363 5421 ad
3395 5371 3573 5422 lucem

2003 5465 2188 5519 verbis
2248 5462 2576 5530 all'erendam
2610 5502 2626 5527 ,
2681 5463 2777 5519 sed
2833 5460 2936 5517 lide
2987 5461 3054 5516 ad
3108 5476 3199 5517 res
3248 5459 3572 5516 credendas.

322 5539 440 5621 ςειν
485 5538 579 5592 ἐπὶ
629 5541 745 5619 τοῖς
796 5540 903 5594 ὑπὸ
956 5542 1052 5596 τοῦ
1112 5531 1327 5616 Κυρίου
1365 5544 1714 5618 λεγομένοις,
1766 5548 1903 5603 ἀλλὰ

2012 5550 2120 5607 Nec
2156 5546 2447 5618 ouisouam
2500 5560 2587 5609 est
2630 5550 2879 5623 profecto
2910 5593 2925 5617 ,
2973 5551 3112 5621 qui,
3166 5549 3213 5605 si
3261 5548 3435 5621 prima
3480 5563 3576 5602 co-

394 5696 439 5770 _u
475 5695 663 5770 Matth.
690 5713 790 5761 xu,
819 5696 874 5754 6.
906 5724 909 5729 -
954 5699 997 5770 ξε
1029 5698 1227 5770 Ephes.
1254 5719 1307 5765 ν,
1342 5703 1396 5756 2.
1476 5704 1517 5736 ιτ
1549 5703 1570 5757 ι
1602 5703 1731 5759 Cor.
1765 5721 1841 5770 χι,
1871 5705 1904 5759 2

2045 5705 2089 5737 "
2114 5705 2254 5762 ibid.
2291 5705 2383 5763 29.

324 5764 416 5839 2'1.
493 5769 532 5800 ’ί
568 5766 702 5837 Luc.
742 5785 876 5837 mg,
920 5768 1007 5838 l9.
1076 5764 1311 5835 "’loan.
1353 5790 1390 5841 ι,
1426 5774 1512 5830 ιι,
1590 5764 1900 5857 ἓ³.Ριή1ἰρρ.
1931 5791 1992 5849 ιι,
2029 5776 2082 5841 6.,

2464 5708 2507 5743 η
2537 5705 2696 5771 Joan.
2737 5722 2812 5774 vr,
2848 5705 2938 5773 53,
2972 5658 3061 5771 ελ.
3172 5705 3218 5736 ¹⁰
3252 5702 3274 5770 l
3326 5701 3456 5771 Cor.
3490 5714 3574 5767 ιι.
