3972 6218
306 409 380 471 55
1688 423 2073 482 ruasrmo.
3516 415 3588 473 st

305 542 472 587 netur
519 532 786 599 eludere,
836 535 1081 593 secunda
1115 537 1238 594 'non
1280 540 1472 598 eodem
1515 543 1680 599 modo
1717 546 1909 616 prodat
1938 557 1984 612 Α
2012 562 2137 600 caro
2189 545 2392 615 factum
2443 551 2522 597 est
2561 542 2644 606 ⁸ο,
2692 547 2746 595 et
2787 537 2984 603 Pauli,
3030 536 3136 604 Qui
3175 553 3293 591 cum
3331 535 3588 604 informa

303 620 610 678 eludenda.

376 754 689 829 Postquam
733 760 973 818 Basilius
1028 764 1280 834 exposuit
1326 781 1434 836 quo
1461 767 1660 822 timore
1714 776 1767 823 et
1797 784 1905 839 qua

312 849 484 905 animi
551 855 918 923 persuasione
970 858 1494 912 communicandum
1553 859 1672 922 sit,
1731 863 1907 916 tertiae

309 943 774 1014 interrogationis
805 949 989 1018 parti,
1017 964 1126 1020 quo
1173 949 1370 1004 affectu
1420 950 1792 1005 accedendum
1835 957 1908 1008 sit

311 1037 379 1089 ad
411 1035 521 1092 hoc
549 1039 874 1108 mysterium
899 1079 913 1106 ,
965 1042 1045 1096 sic
1089 1042 1358 1098 satisfacit
1384 1061 1396 1096 :
1438 1042 1569 1097 Cum
1600 1044 1766 1115 igitur
1792 1047 1908 1099 ani-

313 1142 430 1178 ntus
480 1126 566 1181 his
621 1138 672 1182 et
726 1130 926 1185 talibus
965 1131 1135 1186 verbis
1188 1133 1347 1202 ﬁdem
1393 1134 1684 1201 adhibens,
1723 1135 1911 1204 gloriae

315 1217 659 1286 majestatem
691 1219 975 1289 didicerit,
1027 1223 1448 1296 humilitatisque
1501 1235 1550 1280 et
1598 1226 1909 1280 obedientia’

315 1310 746 1378 magnitudinem
783 1313 1082 1368 admiratus
1117 1316 1318 1385 fuerit,
1354 1317 1494 1386 quod
1533 1318 1657 1371 talis
1691 1334 1754 1371 ac
1794 1326 1912 1370 tan-

318 1407 401 1455 ius
431 1403 503 1454 ad
531 1414 762 1458 mortem
790 1423 953 1473 usque
971 1406 1127 1461 Patri
1159 1407 1529 1478 obtemperavit
1561 1412 1681 1464 vita:
1711 1421 1910 1464 nostra:

316 1511 517 1559 causa,
569 1514 693 1551 eum
733 1500 969 1552 arbitror
1014 1501 1093 1554 ita
1142 1501 1314 1570 afﬁci,
1360 1511 1418 1555 ut
1459 1502 1620 1556 simul
1663 1500 1833 1556 Deum
1862 1512 1910 1556 et

321 1585 538 1642 Patrem
583 1589 817 1658 diligat,
853 1592 943 1661 qui
968 1596 1182 1661 proprio
1218 1592 1362 1648 Filio
1385 1611 1490 1648 non
1525 1596 1786 1664 pepercit,
1822 1597 1913 1649 sed

317 1694 410 1747 pro
438 1679 601 1733 nobis
641 1681 887 1736 omnibus
917 1682 1142 1736 tradidit
1167 1684 1340 1747 illum,
1389 1684 1550 1738 simul
1577 1685 1910 1755 unigenitum

318 1771 430 1840 ejus
466 1769 677 1824 Filium
706 1814 720 1836 ,
749 1776 837 1842 qui
869 1775 1095 1828 obedivit
1135 1793 1298 1846 usque
1330 1775 1400 1830 ad
1440 1785 1659 1830 mortem
1691 1793 1786 1846 pro
1818 1794 1910 1830 no-

319 1871 433 1914 stra
461 1861 824 1929 redemptione
845 1873 894 1917 et
921 1864 1113 1918 salute.
1152 1865 1313 1920 Addit
1359 1881 1484 1919 eum
1512 1907 1526 1930 ,
1563 1866 1657 1935 qui
1709 1868 1790 1921 sic
1829 1863 1910 1918 af-

321 1947 496 2007 fectus
532 1960 593 2007 et
646 1961 986 2024 praeparatus
1029 1961 1112 2010 est
1140 1993 1155 2019 ,
1209 1955 1509 2024 adimplere
1541 1955 1677 2009 illud
1708 1954 1861 2010 Pauli
1895 1974 1908 2010 :

321 2039 572 2098 Charitas
607 2046 752 2098 enim
781 2044 981 2100 Christi
1018 2056 1164 2117 urget
1197 2063 1290 2102 nos
1329 2047 1398 2114 “,
1441 2056 1551 2103 etc.
1594 2046 1686 2102 Sic
1733 2059 1912 2103 autem

323 2133 458 2188 allici
493 2144 552 2191 et
593 2137 892 2206 praeparari
941 2137 1142 2194 debere
1179 2138 1495 2204 concludit,
1531 2138 1787 2210 quisquis
1817 2153 1915 2209 pa-

323 2228 409 2284 nis
447 2235 503 2282 et
535 2229 727 2298 poculi
765 2230 822 2283 lit
846 2231 1138 2301 particeps.

393 2358 602 2417 Eadem
643 2362 900 2418 doctrina
941 2365 1204 2420 statuitur
1248 2364 1305 2420 in
1350 2364 1566 2435 Regulis
1601 2363 1913 2428 moralibus,

329 2460 382 2504 et
424 2452 478 2506 in
512 2453 660 2508 libro
692 2470 709 2508 1
745 2453 818 2509 De
851 2454 1134 2523 baptismo.
1185 2457 1279 2510 Sic
1315 2457 1461 2512 enim
1506 2457 1561 2510 in
1599 2455 1784 2525 regula
1821 2453 1912 2515 2-1,

327 2557 442 2612 cap.
472 2544 508 2598 2
549 2547 707 2616 (tom.
746 2545 810 2612 ll,
849 2563 903 2618 p.
936 2548 1087 2617 255),
1117 2548 1377 2619 legimus:
1410 2547 1564 2615 Quod
1596 2548 1686 2617 qui
1716 2544 1914 2599 accedit

329 2636 394 2688 ad
443 2641 872 2693 communionem
925 2657 1030 2694 non
1080 2640 1415 2695 considerata
1454 2643 1554 2694 hac
1592 2641 1801 2693 ratione
1838 2655 1917 2692 se-

328 2727 557 2782 cundum
600 2746 764 2798 quam
797 2733 1032 2800 corporis
1067 2741 1118 2786 et
1163 2733 1437 2801 sanguinis
1470 2731 1670 2786 Christi
1697 2731 1916 2798 partici-

328 2819 471 2885 patio
502 2820 673 2872 datur
698 2861 714 2883 ,
756 2822 803 2874 is
839 2822 1043 2875 nullam
1069 2837 1135 2876 ex
1183 2839 1247 2876 ea
1291 2821 1576 2875 utilitatem
1607 2823 1826 2890 capiat:
1867 2829 1916 2874 et

330 2909 464 2976 quod
495 2911 586 2980 qui
611 2911 825 2980 indigne
847 2914 1090 2977 assumit,
1110 2914 1484 2966 condemnatus
1507 2916 1594 2967 sit.
1621 2912 1687 2968 Et
1709 2929 1829 2982 cap.
1848 2913 1880 2966 '5
1901 2933 1913 2967 :

333 2999 450 3064 Qua
504 3003 721 3056 ratione
773 3003 1203 3058 manducandum
1250 3006 1320 3059 sit
1361 3022 1549 3074 corpus
1604 3005 1818 3059 Domini
1868 3015 1917 3060 et

333 3094 548 3162 sanguis
599 3093 856 3149 bibendus
907 3097 962 3149 in
1008 3098 1562 3150 commemorationem
1615 3095 1919 3150 obedientite

334 3185 552 3242 Domini
594 3205 760 3259 usque
791 3189 860 3242 ad
902 3200 1158 3254 mortem,
1207 3191 1383 3259 utqui
1426 3191 1638 3252 vivunt,
1675 3206 1775 3242 non
1797 3189 1918 3258 jam

334 3279 434 3332 sibi
459 3281 664 3342 vivant,
695 3281 784 3334 sed
807 3281 854 3335 ei
893 3283 981 3351 qui
1003 3297 1096 3350 pro
1119 3281 1248 3349 ipsis
1288 3291 1528 3335 mortuus
1559 3290 1637 3335 est
1663 3291 1712 3335 et
1745 3297 1921 3334 resur-

336 3370 468 3423 rexit
493 3371 562 3426 ’5.
627 3369 894 3426 Similiter
933 3373 989 3426 in
1023 3373 1163 3426 libro
1199 3388 1214 3426 ι
1256 3371 1332 3426 De
1367 3373 1664 3442 baptismo,
1703 3387 1825 3442 cap.
1867 3372 1921 3435 3,

339 3469 628 3531 postquam
682 3462 868 3517 eadem
903 3462 1204 3532 Scriptura:
1240 3463 1552 3518 testimonia
1582 3463 1768 3517 retulit
1793 3502 1807 3523 .
1861 3477 1926 3517 ac

341 3550 394 3605 in
442 3552 584 3606 libro
641 3551 954 3616 Moralium,
1020 3569 1214 3624 nempe
1263 3571 1330 3608 ex
1379 3570 1500 3624 cap.
1546 3571 1594 3607 νι
1632 3557 1797 3625 (vers.
1834 3553 1924 3627 54)

340 3638 566 3696 Joannis
600 3661 616 3697 :
647 3642 810 3696 Amen
839 3684 853 3707 ,
894 3659 1047 3697 amen
1087 3644 1208 3698 dico
1255 3644 1397 3698 vobis
1419 3683 1434 3708 ,
1468 3642 1592 3697 Nisi
1641 3644 1926 3696 manduca-

343 3732 516 3785 veritis
552 3749 770 3784 carnem
795 3732 923 3784 Filii
945 3733 1171 3786 hominis
1196 3773 1211 3798 ,
1241 3741 1348 3787 etc.
1377 3771 1392 3795 ,
1427 3740 1482 3787 et
1513 3749 1576 3787 ex
1614 3732 1864 3786 Mattha-o
1881 3733 1926 3764 "

344 3830 394 3875 et
419 3821 593 3877 Paulo
619 3825 665 3855 ⁸⁷
701 3825 1102 3880 institutionem
1134 3825 1484 3880 eucharistiaa
1526 3826 1924 3888 referentibus;

345 3920 457 3967 tum
491 3931 627 3970 vero
659 3917 739 3970 sic
763 3917 1073 3970 concludit:
1105 3915 1246 3982 Quid
1271 3917 1433 3985 igitur
1460 3914 1709 3968 utilitatis
1738 3915 1928 3969 habent

347 4003 455 4057 haec
492 4005 697 4060 verba?
729 4005 796 4060 Ut
826 4006 1035 4062 edentes
1073 4017 1121 4061 et
1155 4007 1384 4060 bibentes
1405 4047 1419 4071 ,
1454 4021 1652 4074 semper
1679 4023 1928 4061 memores

350 4097 682 4167 simus'ejus,
714 4100 802 4168 qui
837 4116 932 4168 pro
957 4099 1106 4152 nobis
1140 4109 1380 4152 mortuus
1412 4108 1488 4152 est
1519 4108 1567 4151 et
1606 4099 1929 4163 resurrexit;

349 4189 523 4256 sicque
573 4188 844 4242 discamus
898 4189 1195 4242 necessario
1247 4204 1454 4242 servare
1501 4203 1680 4243 coram
1730 4186 1836 4241 Deo
1881 4196 1931 4242 et

350 4277 562 4332 Christo
612 4279 780 4348 ipsius
834 4280 1089 4332 traditum
1140 4281 1204 4332 ab
1260 4279 1512 4347 Apostolo
1568 4278 1801 4349 dogma,
1841 4281 1932 4349 qui

350 4369 512 4422 dicit:
552 4389 571 4422 ι
604 4369 857 4424 Charitas
898 4370 1100 4425 Christi
1128 4382 1272 4442 urget
1315 4388 1409 4426 nos
1433 4411 1446 4432 ,
1478 4371 1777 4440 iudicantes
1812 4371 1929 4433 hoc,

351 4461 510 4530 quod,
542 4462 591 4515 si
624 4478 759 4516 unus
787 4478 882 4530 pro
921 4463 1162 4517 omnibus
1190 4472 1428 4519 mortuus
1457 4471 1569 4525 est,
1601 4479 1721 4531 ergo
1754 4479 1931 4516 omnes

355 4554 549 4608 mortui
585 4564 747 4618 sunt,
795 4566 846 4610 et
893 4572 988 4625 pro
1021 4555 1264 4610 omnibus
1311 4566 1550 4609 mortuus
1591 4565 1698 4619 est;
1745 4564 1802 4609 ut
1844 4557 1934 4626 qui

357 4647 529 4700 vivunt
552 4689 568 4712 ,
603 4664 707 4702 non
737 4649 964 4717 amplius
998 4649 1101 4703 sibi
1133 4650 1326 4710 vivant,
1364 4647 1453 4702 sed
1480 4649 1528 4701 ei
1563 4649 1653 4717 qui
1687 4663 1783 4715 pro
1809 4648 1934 4714 ipsis

360 4747 594 4792 mortuus
622 4747 699 4792 est
728 4748 778 4793 et
808 4741 1100 4794 resurrexit
1128 4740 1194 4794 ³⁸.
1221 4759 1240 4794 ι
1283 4738 1431 4794 Nihil
1457 4739 1640 4794 verbis
1668 4754 1807 4808 opus
1830 4748 1934 4802 est,

360 4836 418 4880 ut
447 4827 504 4881 in
545 4827 632 4883 bis
662 4828 798 4884 locis
827 4829 1077 4883 eamdem
1127 4843 1356 4897 prorsus
1394 4827 1722 4883 sententiam
1758 4841 1822 4880 ac
1879 4826 1934 4880 in

362 4915 568 4988 Regalis
624 4919 945 4975 brevioribus
1006 4921 1266 4975 constitui
1307 4927 1512 4991 pateat.
1565 4921 1674 4977 Res
1725 4934 1822 4989 per
1875 4934 1936 4974 se

363 5009 507 5062 clara
540 5017 595 5065 et
641 5010 952 5065 manifesta.
985 5008 1457 5075 Quemadmodum
1496 5011 1642 5064 enim
1678 5010 1732 5063 in
1765 5009 1936 5078 Regu-

368 5099 429 5153 lis
459 5101 780 5156 brevioribus
808 5102 898 5156 hic
938 5101 1106 5155 animi
1127 5101 1354 5156 aﬂ'ectus
1385 5101 1450 5156 ad
1490 5100 1931 5156 communionem

368 5193 696 5262 requiritur,
729 5202 789 5247 ut
832 5209 900 5248 ex
945 5193 1304 5264 persuasione
1337 5235 1353 5260 ,
1398 5208 1563 5266 quam
1601 5193 1802 5248 animis
1837 5206 1937 5247 no-

368 5285 497 5340 stris
531 5287 692 5342 verba
725 5285 929 5340 Christi
957 5325 971 5348 ,
1022 5285 1137 5340 Hoc
1177 5295 1254 5340 est
1295 5301 1487 5355 corpus
1523 5301 1695 5339 meum
1722 5283 1803 5350 ",
1837 5283 1938 5337 im-

372 5373 601 5444 primere
647 5375 886 5440 debent,
927 5373 1058 5430 item
1085 5389 1150 5430 ex
1187 5375 1370 5431 verbis
1409 5373 1673 5438 Joannis,
1713 5373 1938 5427 Verbum

469 5556 515 5586 "
540 5554 581 5609 ll
608 5556 736 5611 Cor.
781 5574 835 5621 ν,
869 5557 959 5611 14.

379 5623 419 5656 ³⁹
447 5623 633 5680 Matth.
655 5643 804 5691 xxvn,
827 5627 920 5683 26.

1063 5557 1110 5589 "
1132 5556 1266 5611 ibid.
1310 5556 1396 5612 15.

997 5627 1043 5658 ³⁸
1069 5625 1226 5682 Joan.
1261 5643 1299 5690 ι,
1340 5627 1426 5681 14.
1505 5627 1543 5657 ³¹
1579 5625 1810 5698 Philipp.
1843 5643 1879 5691 ι,
1907 5625 1959 5679 6.

446 5784 582 5857 (16⁸)
613 5785 814 5844 Πεάιιῑ.
850 5788 1029 5854 theol.,
1062 5797 1202 5860 part.
1240 5805 1312 5854 Iv,
1337 5805 1392 5860 p.
1432 5787 1554 5845 229.

1509 5555 1557 5588 "
1591 5554 1782 5610 Matth.
1825 5568 1971 5620 xxvi,
2004 5552 2078 5606 ‘26
2105 5566 2226 5620 sqq.

2010 638 2107 693 Dei
2139 647 2272 693 esset
2297 637 2365 700 ’1,
2396 644 2504 690 etc.
2529 673 2545 698 ,
2571 633 2640 688 ad
2667 647 2795 688 eum
2829 629 3148 695 amandum,
3175 629 3266 698 qui
3300 641 3400 698 pro
3431 627 3590 684 nobis

2009 739 2264 785 mortuus
2315 735 2435 792 est,
2473 725 2874 788 accendamur;
2909 723 2982 777 ita
3026 722 3082 776 in
3115 721 3269 776 libris
3298 717 3589 774 Moralium

2006 827 2062 875 et
2119 819 2195 873 De
2245 817 2505 886 baptismo
2562 812 2810 870 eamdem
2865 825 3095 882 prorsus
3147 808 3590 866 communicandi

2009 911 2150 966 ratio
2181 911 2237 965 in
2280 907 2864 966 commemorationem
2900 902 3174 961 passionis
3206 901 3419 958 Domini
3455 915 3592 972 prte-

2011 1004 2232 1075 cipitur.

2082 1135 2426 1193 Perabsurde
2449 1148 2579 1205 ergo
2599 1131 2879 1186 Scultetus
2898 1129 3027 1200 (l6‘)
3042 1143 3228 1186 secum
3249 1125 3428 1182 facere
3439 1132 3594 1196 putat

2012 1229 2146 1285 illud
2179 1228 2362 1284 Basilii
2391 1247 2404 1281 :
2435 1226 2576 1292 Quid
2592 1227 2754 1295 igitur
2779 1223 3028 1277 utilitatis
3059 1219 3250 1274 habent
3268 1219 3377 1273 hac
3396 1217 3549 1272 'verba
3567 1218 3596 1274 2

2019 1322 2088 1377 Ut
2117 1307 2322 1378 edentes
2366 1329 2413 1374 et
2456 1317 2684 1372 bibentes
2710 1355 2725 1378 ,
2757 1331 2958 1384 semper
2990 1328 3245 1367 memores
3269 1310 3380 1380 ejus
3403 1311 3593 1373 simus,

2013 1417 2123 1488 qui,
2153 1421 2260 1470 etc.
2286 1412 2445 1478 Nam,
2474 1410 2739 1466 l°Modus
2769 1410 2860 1464 ille
2887 1405 3331 1461 communicandi
3364 1405 3418 1457 in
3444 1417 3596 1458 com-

2017 1506 2472 1562 memorationem
2513 1502 2725 1556 Domini
2761 1499 3026 1570 repetitur
3052 1538 3067 1561 ,
3104 1505 3162 1551 ut
3187 1495 3296 1566 jam
3330 1493 3593 1558 diximus,

2014 1614 2082 1652 ex
2132 1596 2235 1652 [ide
2277 1604 2331 1652 et
2376 1594 2775 1665 persuasione,
2829 1605 2992 1662 quam
3039 1589 3094 1642 in
3141 1587 3340 1642 animis
3391 1586 3597 1641 nostris

2014 1687 2228 1742 elﬁcere
2289 1687 2492 1742 debent
2550 1684 2716 1740 verba
2768 1681 3027 1747 Christi,
3095 1677 3212 1733 Hoc
3273 1686 3348 1734 est
3409 1691 3597 1745 corpus

2015 1797 2222 1845 meum,
2252 1789 2306 1836 et
2334 1780 2440 1834 alia
2468 1777 2781 1834 testimonia
2801 1817 2817 1843 ,
2846 1774 3047 1846 quibus
3075 1773 3197 1844 ejus
3232 1770 3492 1826 divinitas
3543 1775 3598 1824 et

2017 1872 2326 1928 incarnatio
2379 1886 2442 1924 ac
2493 1870 2679 1940 passio
2734 1868 3110 1922 continentur.
3175 1862 3232 1916 2°
3286 1861 3406 1916 Non
3465 1859 3599 1915 dicit

2017 1947 2494 2020 manducationem
2547 1961 2802 2033 corporis
2854 1957 3072 2014 Domini
3131 1963 3184 2011 et
3237 1961 3424 2024 putum
3476 1951 3598 2022 ejus

2015 2057 2302 2128 sanguinis
2375 2055 2432 2110 in
2494 2050 3020 2110 commemoratione
3083 2047 3258 2118 ipsius
3323 2044 3598 2116 passionis

2015 2151 2250 2221 positam
2287 2162 2448 2212 esse;
2489 2145 2583 2200 sed
2617 2143 2751 2200 illud
2795 2155 3001 2212 corpus
3041 2139 3123 2193 sic
3153 2134 3472 2192 manducari
3499 2176 3514 2201 ,
3544 2143 3600 2188 et

2017 2242 2341 2312 sanguinem
2374 2238 2453 2292 sic
2487 2237 2598 2291 bibi
2632 2235 2831 2290 debere
2859 2273 2874 2298 ,
2923 2240 2984 2286 ut
3019 2227 3598 2287 commemorationem

2017 2331 2168 2385 illius
2209 2328 2487 2400 passionis
2519 2325 2888 2380 celebremus.
2948 2322 3004 2375 5°
3047 2319 3156 2374 Eos
3193 2317 3355 2372 etiam
3389 2315 3484 2386 qui
3515 2315 3602 2369 in-

2017 2423 2179 2493 digne
2208 2419 2656 2480 communicant,
2690 2430 2892 2486 corpus
2922 2422 2976 2468 et
3015 2409 3341 2480 sanguinem
3381 2405 3598 2461 Domini

2018 2527 2235 2569 sumere
2264 2512 2319 2565 in
2353 2508 2930 2564 commemorationem
2969 2500 3244 2573 passionis
3283 2499 3431 2554 illius
3454 2536 3471 2560 ,
3504 2494 3601 2552 sed

2017 2619 2128 2659 non
2179 2603 2232 2656 in
2276 2601 2474 2671 seipsis
2516 2600 2656 2653 hanc
2692 2596 3009 2654 memoriam
3057 2591 3364 2662 exprimere
3396 2588 3599 2643 docet:

2019 2696 2125 2762 Qui
2161 2696 2300 2749 enim
2331 2693 2437 2748 edit
2468 2702 2516 2746 et
2545 2691 2708 2756 bibit,
2739 2690 2916 2760 inquit
2943 2728 2958 2746 .
2991 2686 3232 2742 uidelicet
3256 2681 3324 2737 ad
3353 2679 3606 2736 indelebi-

2020 2789 2118 2842 lem
2145 2789 2456 2842 memoriam
2491 2783 2620 2838 Jesu
2653 2781 2851 2838 Christi
2884 2781 3097 2835 Domini
3131 2777 3334 2841 nostri,
3376 2775 3464 2844 qui
3507 2789 3604 2843 pro

2019 2881 2166 2934 nobis
2197 2891 2435 2934 mortuus
2467 2886 2544 2931 est
2580 2885 2627 2930 et
2658 2876 2986 2937 resurrexit,
3027 2872 3289 2925 rationem
3340 2883 3458 2922 vero
3497 2882 3605 2920 me-

2021 2973 2203 3026 morite
2237 2969 2546 3024 obedientiw
2584 2965 2797 3020 Domini
2841 2979 3004 3034 usque
3045 2961 3114 3014 ad
3153 2967 3410 3022 mortem,
3439 2955 3605 3025 juxta

2020 3066 2317 3118 doctrinam
2369 3059 2611 3130 Apostoli
2658 3075 2762 3113 non
2811 3056 3097 3124 adimplet,
3147 3054 3266 3123 qui,
3299 3061 3357 3104 ut
3404 3050 3604 3103 dictum

2021 3167 2120 3219 est,
2149 3159 2258 3219 ait,
2294 3174 2311 3206 ι
2337 3153 2586 3209 Charitas
2617 3150 2816 3206 Christi
2846 3157 2994 3203 uraet
3027 3163 3144 3212 nos,
3171 3166 3190 3198 ι
3224 3151 3357 3212 etc.,
3395 3143 3440 3197 is
3473 3139 3606 3196 nihil

1950 3255 1991 3310 C
2025 3250 2166 3318 capit
2212 3247 2485 3302 utilitatis.

2098 3383 2230 3449 Qua:
2266 3387 2574 3452 sequuntur
2596 3418 2611 3442 ,
2657 3393 2688 3432 a
2718 3374 3051 3432 Combelisio
3089 3381 3147 3426 ut
3176 3371 3399 3426 duriora
3434 3375 3489 3423 et
3517 3381 3607 3422 se-

2026 3476 2238 3528 veriora
2289 3470 2784 3543 reprehenduntur.
2855 3467 3120 3521 Pra'terea
3193 3462 3294 3518 sibi
3351 3461 3454 3530 ipsi
3518 3475 3610 3514 ac-

2028 3568 2185 3621 cersit
2237 3567 2325 3636 qui
2375 3562 2636 3634 ejusmodi
2674 3571 2754 3615 est
2799 3559 3062 3630 judicium
3120 3571 3323 3626 quoque
3370 3551 3614 3622 Apostoli

2029 3660 2248 3714 dicentis
2271 3675 2289 3712 :
2331 3676 2348 3708 t
2385 3656 2484 3723 Qui
2513 3653 2802 3709 manducet
2839 3661 2888 3706 et
2923 3651 3050 3703 bibit
3080 3647 3288 3718 indigne
3309 3687 3322 3709 ,
3345 3644 3609 3715 judicium

2029 3752 2128 3803 sibi
2156 3747 2443 3802 manducat
2471 3754 2520 3799 et
2564 3742 2694 3796 bibit
2723 3782 2738 3806 ,
2791 3756 2896 3794 non
2933 3735 3237 3806 dijudicans
3269 3747 3456 3800 corpus
3503 3729 3614 3783 Do-

2032 3843 2160 3896 mini
2192 3842 2259 3894 ".
2289 3859 2307 3890 ι
2349 3839 2556 3892 Etenim
2578 3837 2896 3890 horrendum
2919 3829 3188 3900 judicium
3215 3835 3295 3881 est
3325 3841 3430 3878 non
3457 3820 3612 3876 modo

2031 3934 2113 3993 ei.
2165 3931 2254 4000 qui
2285 3931 2338 3983 in
2382 3928 2560 3982 carnis
2592 3942 2655 3980 ac
2699 3926 2918 3991 spiritus
2966 3920 3361 3989 inquinamento
3402 3913 3616 3982 indigne

2033 4022 2231 4077 accedit
2263 4021 2330 4074 ad
2364 4029 2582 4083 sancta,
2627 4034 2747 4071 cum
2784 4017 2924 4070 enim
2959 4010 3163 4066 accedit
3192 4048 3207 4072 ,
3252 4025 3371 4063 reus
3403 4008 3466 4076 ﬁt
3495 4022 3617 4059 cor-

2031 4114 2175 4182 poris
2207 4120 2256 4165 et
2286 4110 2558 4180 sanguinis
2613 4107 2872 4169 Domini;
2907 4101 2996 4158 sed
3027 4101 3189 4155 etiam
3229 4099 3277 4152 ei
3320 4099 3411 4166 qui
3451 4096 3617 4149 otiose

2033 4205 2394 4273 inutiliterque
2440 4201 2551 4256 edit
2602 4217 2663 4254 ac
2714 4199 2864 4252 bibit.
2917 4195 3044 4250 Haec
3079 4205 3310 4264 prorsus
3342 4187 3617 4242 immerito

2033 4299 2431 4368 vituperantur.
2482 4295 2531 4350 Is
2588 4294 2735 4348 enim
2787 4289 2967 4345 otiose
3020 4285 3405 4353 inutiliter-que
3453 4280 3618 4335 edere

2035 4389 2273 4452 dicitur,
2306 4387 2398 4458 qui
2449 4386 2570 4442 sine
2616 4384 2887 4439 cbaritate
2927 4380 3078 4445 edit;
3115 4378 3279 4447 idque
3318 4381 3464 4446 patet
3492 4386 3618 4425 cum

2034 4498 2102 4536 ex
2123 4480 2507 4551 superioribus
2535 4478 2741 4539 verbis,
2774 4484 2888 4530 tum
2915 4490 2979 4528 ex
3008 4472 3244 4534 ratione,
3278 4482 3441 4538 quam
3466 4461 3620 4519 addit

1971 4593 2008 4644 υ
2043 4573 2276 4628 Basilius
2301 4612 2316 4637 ,
2350 4588 2451 4626 cur
2499 4569 2770 4639 ejusmodi
2804 4566 3081 4622 hominem
3116 4559 3447 4617 horrendum
3473 4553 3622 4625 judi-

2034 4665 2179 4716 cium
2228 4669 2488 4717 maneat:
2528 4660 2682 4727 Quod
2709 4700 2723 4725 ,
2761 4659 2980 4728 inquit,
3031 4671 3137 4708 non
3178 4668 3270 4721 per
3313 4647 3624 4703 memoriam

2033 4752 2164 4806 Jesu
2202 4752 2403 4807 Christi
2430 4752 2646 4806 Domini
2674 4750 2874 4812 nostri,
2923 4747 3013 4819 qui
3042 4761 3137 4814 pro
3181 4741 3329 4797 nobis
3379 4747 3621 4792 mortuus

2034 4853 2111 4898 est
2160 4855 2208 4898 et
2248 4845 2580 4905 resurrexit,
2609 4837 2804 4896 servat
2847 4837 2985 4909 quod
3030 4836 3229 4891 dictum
3271 4840 3390 4886 est:
3437 4848 3456 4881 ε
3482 4827 3626 4884 Cha-

2037 4937 2170 4992 ritas
2200 4934 2400 4991 Christi
2424 4946 2573 5006 urgct
2608 4951 2702 4988 nos
2723 4973 2738 4999 ,
2771 4951 2789 4983 ι
2841 4941 2947 4986 etc.

2116 5093 2204 5147 lll.
2232 5092 2355 5146 Alio
2382 5092 2555 5145 utitur
2585 5083 2772 5143 Basilii
2805 5083 3123 5140 testimonio
3149 5079 3449 5139 Scultetus,
3476 5075 3625 5147 quod

2047 5187 2128 5241 sic
2157 5185 2362 5240 refert:
2398 5183 2626 5238 Carnem
2671 5193 2721 5235 et
2753 5177 3065 5248 sanguinem
3114 5181 3280 5227 totam
3331 5185 3484 5224 suam
3517 5184 3630 5237 myv

2046 5281 2234 5334 sticam
2258 5277 2704 5333 conversationem
2734 5273 2792 5326 in
2822 5283 2982 5322 carne
3033 5274 3082 5320 et
3119 5263 3424 5319 doctrinam
3453 5259 3633 5315 Evan-

2049 5373 2176 5444 gelii
2224 5370 2426 5425 vocavit
2477 5365 2743 5422 Christus.
2798 5358 2958 5416 Unde
3015 5355 3314 5414 concludit.
3354 5351 3634 5407 Scultetus

2341 5550 2383 5581 ³⁷
2421 5547 2438 5600 I
2471 5547 2598 5600 Cor.
2630 5559 2706 5609 XI,
2729 5541 2802 5598 23
2825 5557 2946 5613 sqq.
3062 5535 3148 5591 ’⁸1
3179 5534 3305 5591 Cor.
3340 5548 3392 5596 ν,
3422 5528 3508 5595 14,
3540 5525 3632 5585 15.

2041 5623 2095 5663 ³³-
2123 5615 2298 5677 ΙὈοῐ.
2341 5635 2416 5685 ιι,
2453 5615 2543 5672 29.
