3972 6218
302 335 374 392 85
1703 339 2091 398 PREFATIO.
3477 346 3545 402 56

302 451 382 526 (p.
407 452 533 524 230)
559 455 814 509 neminem
863 455 1027 510 alium
1075 456 1209 511 hanc
1248 474 1458 514 carnem
1496 459 1646 515 edere
1677 500 1693 527 ,
1744 464 1878 516 hunc
1906 488 1952 544 Α
1986 463 2227 518 inanima
2270 462 2373 526 sit,
2413 470 2508 515 aut
2552 475 2584 516 a
2615 461 2899 517 divinitate
2929 461 3221 531 separata?
3259 460 3350 515 Sic
3377 463 3546 516 etiam

299 547 607 615 sanguinem
639 546 842 612 bibere,
869 564 1024 618 quam
1058 550 1147 620 qui
1177 549 1324 619 ﬁdeli
1357 550 1513 606 corde
1558 554 1663 607 ista
1693 553 1873 608 omnia

302 634 405 699 sibi
431 634 733 707 applicarit.

376 769 481 823 Sed
520 769 749 823 Sculteti
801 768 855 823 in
903 768 1005 825 hoc
1065 771 1380 826 testimonio
1436 770 1724 829 referendo
1764 788 1871 828 non

301 858 630 915 laudabilior
661 862 817 927 ﬁdes,
858 879 1019 933 quam
1061 863 1117 917 in
1154 864 1480 933 explicando
1520 865 1734 934 peritia.
1779 863 1871 919 Sic

300 948 449 1003 enini
510 950 655 1005 hunc
724 953 901 1007 locum
965 952 1195 1022 legimus
1256 951 1312 1005 in
1366 952 1525 1021 epist.
1585 950 1641 1016 8,
1699 967 1757 1007 n.
1812 951 1867 1015 4,

303 1038 397 1094 ubi
434 1039 671 1097 Basilius
714 1042 916 1113 objecti
974 1044 1042 1099 ab
1080 1042 1303 1099 Arianis
1348 1042 1511 1112 hujus
1554 1042 1867 1106 testimonii,

301 1127 416 1199 Ego
470 1132 582 1186 vivo
630 1144 840 1203 propter
888 1133 1104 1189 Patrem
1149 1135 1195 1167 ³³
1226 1175 1241 1199 ,
1305 1135 1631 1191 solutionem
1673 1133 1866 1189 aﬂ‘ert:

299 1221 532 1281 Δύναται
562 1224 621 1285 δὲ
659 1226 752 1278 καὶ
781 1224 926 1297 ζωὴν
952 1225 1134 1295 λέγειν
1156 1265 1171 1290 ,
1212 1226 1280 1298 ἢν
1312 1225 1379 1297 ζῇ
1412 1227 1441 1285 ὁ
1473 1225 1740 1297 Χριστὸς,
1778 1225 1869 1278 τὸν

299 1313 456 1382 λόγον
495 1314 588 1368 τοῦ
628 1315 761 1370 Θεοῦ
802 1317 940 1388 ἔχων
978 1319 1038 1371 ἐν
1078 1317 1256 1388 ἐαυτῷ
1280 1336 1294 1349 ο
1330 1317 1424 1372 καὶ
1460 1318 1541 1371 ὅτι
1569 1316 1728 1370 τοῦτὸ
1754 1317 1868 1369 ἐστι

299 1402 361 1454 τὸ
389 1402 714 1474 δηλούμενον
737 1443 751 1469 ,
787 1406 852 1458 ἐκ
881 1404 977 1457 τοῦ
1010 1405 1408 1477 ἐπιφερομένου
1438 1404 1715 1475 εἰσόμεθα.
1755 1404 1867 1457 Καὶ

298 1492 533 1564 τρώγων
546 1512 625 1564 με
643 1535 658 1560 ,
684 1497 818 1567 φησι
841 1539 855 1561 ,
886 1495 1125 1575 {Viderat
1154 1496 1229 1550 δι’
1258 1497 1383 1566 ἐμέ.
1432 1496 1731 1569 Τρώγομεν
1758 1495 1868 1566 γάρ

300 1585 465 1639 αὑτοῦ
498 1586 597 1658 τὴν
629 1588 806 1659 σάρκα
828 1629 843 1652 ,
875 1588 970 1644 καὶ
1004 1590 1230 1660 πίνομεν
1269 1588 1432 1643 αὐτοῦ
1460 1589 1520 1642 τὸ
1551 1583 1690 1659 αἷμα
1712 1629 1728 1653 ,
1761 1604 1870 1640 κοί-ρ

298 1678 456 1730 νωνοὶ
498 1679 797 1749 γινόμενοι,
844 1678 932 1733 διὰ
987 1681 1087 1751 τῆς
1125 1678 1589 1751 ἐνανθρωπήσεως
1630 1679 1726 1733 καὶ
1771 1678 1870 1748 τῆς

298 1769 561 1841 αἰσθητῆς
602 1769 782 1842 ζωῆς,
822 1771 914 1824 τοῦ
957 1771 1116 1840 λόγου
1155 1773 1249 1826 καὶ
1288 1773 1390 1842 τῆς
1432 1773 1654 1842 σοφίας·
1692 1771 1868 1840 σάρκα

296 1862 409 1933 γὰρ
441 1830 921 1933 καίῗαίμανπᾶσαν
957 1830 1121 1917 αὑτοῦ
1151 1862 1248 1934 τὴν
1284 1830 1553 1935 μῦστικῆν
1580 1830 1872 1932 ἐπιδημίαν
1904 1856 1946 1910 Β
1975 1830 2316 1935 ὲξτικλήσεξυς

297 1953 586 2024 ὠνόμασε,
635 1956 730 2008 καὶ
775 1956 873 2027 τὴν
920 1958 985 2009 ἐκ
1032 1956 1343 2026 πρακτικῆς
1380 1956 1475 2008 καὶ
1508 1955 1744 2025 φυσικῆς
1782 1955 1876 2009 καὶ

300 2041 619 2115 θεολογικῆς
672 2045 1016 2099 συνεστῶσαν
1069 2046 1417 2100 διδασκαλίαν
1477 2045 1712 2117 ἐδήλωσε
1740 2087 1755 2109 ,
1807 2045 1875 2098 δι’

298 2133 368 2210 ἧς
402 2138 662 2210 τρέφεται
709 2139 890 2211 ψυχὴ,
935 2142 1029 2194 καὶ
1062 2141 1200 2211 πρὸς
1243 2142 1341 2212 τὴν
1378 2139 1488 2193 τῶν
1527 2140 1694 2194 ὄντων
1738 2140 1877 2202 τέως

301 2227 532 2300 Θεωρίαν
588 2215 1094 2302 παρασκευάζεται·
1151 2232 1333 2287 Potest
1386 2241 1560 2287 autem
1612 2242 1663 2286 et
1714 2232 1875 2285 vitam

297 2319 510 2384 dicere,
550 2338 708 2392 quam
758 2324 880 2377 vivit
933 2322 1176 2378 Christus
1202 2362 1218 2390 ,
1266 2323 1490 2379 Verbum
1546 2323 1640 2378 Dei
1681 2323 1874 2378 habens

298 2414 357 2468 in
415 2416 605 2485 seipso.
679 2417 849 2487 Atque
908 2418 962 2472 id
1023 2420 1194 2488 ipsum
1253 2436 1366 2474 esse
1400 2461 1416 2484 ,
1471 2419 1608 2491 quod
1670 2420 1876 2489 signiﬁ-

296 2520 486 2570 catur.
538 2525 603 2563 επ
648 2510 730 2565 Itis
778 2527 895 2581 qua:
935 2521 1222 2582 sequuntur
1267 2512 1569 2567 videbimus.
1621 2530 1639 2562 1
1672 2511 1735 2564 Et
1786 2512 1876 2581 qui

299 2598 589 2654 manducat
618 2618 718 2663 me,
749 2602 941 2672 inquit,
975 2603 1096 2656 vivit
1130 2612 1343 2672 propter
1372 2619 1452 2657 me
1479 2602 1543 2656 “.
1577 2623 1595 2654 1
1651 2601 1874 2656 Edimas

298 2691 438 2751 enim
470 2692 637 2760 ipsius
669 2708 878 2754 carnem
902 2733 918 2755 ,
961 2703 1011 2748 et
1058 2693 1288 2748 bibimus
1340 2695 1507 2762 ipsius
1539 2695 1872 2763 sanguinem,

299 2781 579 2851 participes
637 2783 800 2851 facti,
851 2800 943 2853 per
989 2786 1413 2843 incarnationem
1470 2794 1519 2839 et
1577 2786 1875 2840 sensibilem

300 2871 465 2925 vitam
487 2910 503 2933 ,
545 2870 699 2925 Verbi
728 2880 778 2926 et
817 2874 1109 2942 sapientiaz.
1155 2872 1379 2928 Carnem
1413 2874 1550 2928 enim
1578 2883 1625 2927 et
1661 2873 1876 2942 sangui-

300 2977 438 3024 nem,
474 2972 640 3016 totam
661 2981 814 3017 suam
846 2966 1121 3034 mysticam
1153 2966 1209 3019 in
1239 2982 1396 3019 carne
1426 2967 1872 3019 conversationem

301 3056 541 3119 vocavit,
586 3066 634 3110 et
678 3055 979 3112 doctrinam
1028 3072 1092 3111 ea:
1141 3058 1380 3126 practica
1432 3067 1483 3112 et
1536 3056 1771 3112 naturali
1823 3066 1875 3111 et

301 3143 594 3214 theologica
632 3147 843 3201 notione
883 3156 1205 3205 constantem
1239 3146 1567 3201 declaravit:
1595 3162 1687 3215 per
1717 3164 1873 3217 quam

300 3242 353 3290 et
381 3238 617 3289 nutritur
645 3237 847 3299 anima,
875 3248 925 3291 et
945 3237 1015 3290 ad
1053 3254 1233 3291 eorum
1253 3252 1369 3311 qua:
1398 3245 1522 3290 sunt
1552 3237 1876 3306 contempla-

303 3328 499 3394 tionem
531 3330 747 3383 interim
774 3340 1132 3400 pra’paratur.

373 3469 667 3542 Comparat
703 3486 833 3537 ergo
883 3469 1120 3525 Basilius
1146 3471 1311 3523 vitam
1343 3511 1357 3536 ,
1395 3484 1559 3539 quam
1588 3484 1743 3524 sacra
1774 3469 1877 3523 hu-

301 3562 541 3618 manitas
579 3579 702 3618 cum
759 3561 940 3617 Verbo
990 3564 1327 3635 hypostatice
1375 3561 1671 3631 conjuncta
1720 3561 1873 3623 vivit,

303 3672 429 3712 cum
492 3657 653 3722 vita,
707 3673 871 3728 quam
926 3673 991 3713 ex
1060 3657 1388 3711 eucharistia
1477 3655 1753 3710 ducimus.
1818 3654 1874 3708 ln

304 3757 545 3817 utroque
593 3759 770 3803 autem
820 3750 1151 3804 catholicum
1199 3748 1393 3817 dogma
1441 3747 1672 3801 miriﬁce
1724 3762 1877 3801 com-

305 3838 529 3893 mendat
552 3879 566 3902 ,
608 3848 662 3895 et
695 3826 824 3894 dum
861 3855 962 3895 nos
1011 3838 1220 3894 Christi
1269 3853 1495 3892 carnem
1529 3838 1692 3893 edere
1722 3845 1777 3893 et
1816 3838 1880 3892 il-

300 3928 414 3991 lius
461 3933 781 4002 sanguinem
825 3932 1012 3986 bibere
1048 3930 1216 3994 dicit,
1261 3939 1316 3986 et
1353 3930 1480 3985 dum
1523 3930 1647 3984 vita;
1683 3946 1876 4000 genus.

304 4037 471 4092 quam
525 4039 591 4077 ex
645 4023 795 4079 illius
851 4039 1020 4078 carne
1077 4032 1131 4077 et
1193 4024 1459 4092 sanguine
1519 4022 1877 4091 percipimus,

304 4112 549 4180 exponit.
584 4112 719 4166 Illud
768 4125 917 4168 certe
954 4112 1234 4183 conceptis
1279 4111 1460 4166 verbis
1498 4111 1741 4165 declarat
1778 4127 1879 4167 nos

304 4204 384 4259 ita
426 4221 645 4261 carnem
685 4207 893 4261 Christi
929 4205 1131 4269 edere,
1171 4186 1400 4274 ejusque
1441 4205 1762 4274 sanguinem
1799 4205 1881 4259 bi-

303 4295 475 4357 bere,
517 4307 578 4351 ut
622 4296 783 4352 simul
823 4297 1117 4367 participes
1147 4296 1340 4350 ﬁamus
1380 4294 1543 4350 Verbi
1583 4306 1638 4349 et
1664 4294 1879 4363 sapien-

303 4389 418 4453 tiae,
445 4387 575 4457 quia
608 4387 792 4441 carnis
824 4394 878 4441 et
908 4386 1194 4456 sanguinis
1225 4386 1539 4439 nominibus
1579 4392 1693 4439 tota
1721 4384 1882 4438 Chri-

305 4480 379 4535 sti
419 4493 653 4550 persona
679 4519 693 4544 ,
730 4484 843 4531 tota
886 4478 1033 4531 illius
1073 4476 1128 4530 in
1178 4490 1344 4530 carne
1383 4476 1613 4545 mystica
1657 4490 1881 4529 conver-

303 4573 449 4627 satio
471 4608 486 4632 ,
528 4568 644 4624 sive
680 4568 943 4638 mysticus
980 4567 1283 4628 adventus,
1318 4566 1659 4636 designatur.
1695 4565 1802 4620 Sed
1831 4566 1879 4619 si

305 4673 529 4714 carnem
552 4667 616 4713 ‘et
645 4656 967 4728 sanguinem
990 4655 1194 4709 Christi
1228 4669 1335 4708 non
1376 4670 1436 4709 re
1457 4693 1473 4718 ,
1507 4654 1601 4709 sed
1629 4654 1744 4708 sola
1777 4652 1880 4708 ﬁde

305 4766 646 4806 sumeremus
670 4790 684 4813 ,
737 4749 1037 4805 absurdum
1088 4747 1237 4801 dictu
1284 4753 1430 4801 esset
1464 4760 1564 4799 nos
1604 4748 1700 4815 per
1738 4744 1880 4798 hanc

305 4858 529 4895 carnem
562 4848 616 4896 et
653 4841 972 4911 sanguinem
1015 4839 1310 4909 participes
1351 4836 1464 4890 ﬁeri
1499 4834 1660 4890 Verbi
1703 4842 1757 4889 et
1788 4850 1879 4890 sa-

307 4932 547 5002 pientiae.
587 4932 741 4987 Tunc
788 4933 935 4988 enim
987 4940 1041 4985 et
1097 4948 1226 4986 caro
1284 4938 1339 4985 et
1389 4927 1630 4982 Verbum
1686 4927 1878 4982 eodem

306 5024 471 5077 modo
511 5034 863 5079 sumerentur
887 5064 903 5089 ,
954 5039 1149 5094 nempe
1196 5022 1319 5076 ﬁdei
1357 5019 1640 5074 beneﬁcio.
1679 5018 1880 5073 Deinde

305 5133 439 5171 vero
473 5132 576 5170 cur
613 5126 796 5171 monet
824 5116 1031 5172 Christi
1081 5130 1251 5170 carne
1297 5124 1350 5169 et
1390 5111 1656 5182 sanguine
1703 5120 1879 5163 totum

304 5205 517 5261 Christi
560 5205 852 5272 mysticum
894 5206 947 5259 in
980 5198 1146 5259 carne
1177 5205 1469 5258 adventum
1498 5240 1514 5265 ,
1569 5201 1683 5255 sive
1712 5207 1880 5253 totam

305 5295 458 5350 illius
500 5309 789 5364 personam
817 5296 1125 5366 designari;
1151 5310 1272 5356 cur,
1304 5296 1550 5363 inquam,
1591 5291 1645 5345 id
1675 5299 1881 5353 monet,

306 5387 416 5443 nisi
457 5393 517 5440 ut
555 5386 714 5440 nobis
746 5401 856 5440 non
909 5388 1204 5441 inanimam
1235 5400 1458 5440 carnem
1483 5424 1498 5448 ,
1531 5399 1639 5437 non
1669 5398 1699 5435 a
1744 5382 1883 5436 divi-

306 5477 480 5544 nitate
525 5484 835 5547 separatam
871 5479 1070 5548 apponi
1113 5476 1488 5532 demonstret?
1526 5474 1630 5528 Sed
1670 5473 1717 5528 si
1766 5473 1883 5527 haec

306 5583 438 5631 caro
479 5569 594 5623 sola
628 5567 731 5623 ﬁde
780 5568 1118 5639 percipitur,
1152 5568 1276 5639 quis
1309 5567 1585 5625 metuendi
1618 5566 1773 5620 locus
1804 5579 1884 5634 ne

387 5746 606 5801 "Joan.
644 5764 717 5812 γι,
758 5748 841 5803 58.
922 5747 967 5779 ³⁸
999 5747 1131 5803 Ibid.

1984 554 2218 610 Basilius
2242 592 2258 618 ,
2296 560 2356 608 ut
2413 552 2823 609 similitudinem
2861 553 3199 608 demonstret
3244 554 3385 607 inter
3421 568 3545 608 eam

1980 648 2175 709 vitam,
2224 660 2385 715 quam
2446 660 2512 700 ex
2565 644 2898 700 eucharistia
2946 644 3240 709 ducimus,
3292 653 3347 701 et
3395 661 3543 709 eam,

1975 751 2139 807 quam
2190 750 2349 790 sacra
2415 733 2727 788 humanitas
2795 749 2921 789 cum
2971 730 3151 786 Verbo
3204 730 3545 803 hypostatice

1976 829 2281 898 conjuncta
2313 828 2445 881 vivit
2473 867 2487 892 ,
2531 827 2673 882 hanc
2704 826 2870 880 vitam
2901 825 2969 880 ad
2999 826 3231 878 animam
3273 824 3547 894 pertinere

1973 920 2256 975 admonet.
2286 920 2356 973 At
2386 918 2596 975 inutilis
2628 933 2856 989 prorsus
2888 916 3206 979 admonitio,
3237 917 3284 970 si
3319 930 3544 973 carnem

1969 1018 2025 1066 et
2060 1010 2382 1080 sanguinem
2410 1024 2518 1063 non
2548 1024 2667 1072 ore,
2693 1007 2788 1063 sed
2820 1008 2934 1061 sola
2961 1016 3141 1061 mente
3171 1006 3542 1076 percipimus:

1977 1098 2313 1169 perabsurda
2350 1098 2516 1152 etiam
2556 1106 2667 1152 tota
2693 1097 3026 1167 comparatio
3051 1135 3067 1160 ,
3099 1098 3146 1152 si
3195 1112 3318 1151 cum
3351 1095 3547 1150 huma~

1974 1192 2117 1247 nitas
2145 1190 2350 1247 Christi
2377 1206 2501 1245 cum
2547 1190 2727 1246 Verho
2756 1190 3094 1262 hypostatice
3122 1188 3412 1259 conjuncta
3448 1187 3545 1256 sit,

1972 1299 2076 1340 nos
2101 1285 2215 1341 sola
2245 1293 2429 1341 mente
2469 1299 2594 1340 cum
2646 1283 2797 1343 illius
2825 1298 2993 1338 carne
3029 1291 3082 1338 et
3114 1282 3379 1353 sanguine
3407 1295 3545 1335 conv

1967 1375 2272 1447 jungimur.

2043 1553 2136 1610 IV.
2172 1552 2270 1610 His
2320 1554 2446 1609 addi
2500 1553 2700 1609 debent
2751 1567 2874 1623 quae
2927 1550 2982 1605 in
3031 1550 3174 1607 libro
3216 1550 3291 1607 De
3338 1550 3545 1620 Spiritu

1972 1657 2158 1702 sancto
2211 1648 2506 1717 leguntur,
2558 1661 2670 1701 non
2724 1643 2909 1701 Basilii
2960 1645 3180 1708 solum,
3239 1643 3334 1699 sed
3377 1643 3545 1698 etiam

1970 1738 2216 1793 omnium
2267 1736 2707 1793 Christianorum
2744 1736 2901 1792 ﬁdem
2941 1736 3294 1791 exhibentia:
3328 1735 3408 1789 Τὰ
3442 1736 3544 1807 τῆς

2351 1830 2570 1899 ῥήματα
2603 1828 2696 1881 ἐπὶ
2734 1831 2801 1900 τῇ
2830 1828 3094 1894 ἀναδείξει
3118 1827 3212 1880 τοῦ
3247 1828 3409 1900 ἄρτου
3442 1826 3546 1895 τῆς

1976 1921 2327 1995 εὐχαριστίας
2359 1921 2455 1974 καὶ
2482 1919 2576 1974 τοῦ
2603 1920 2860 1991 ποτηρίου
2889 1919 2989 1989 τῆς
3018 1919 3266 1987 εὐλογίας
3286 1957 3300 1981 ,
3329 1918 3413 1981 τίς
3435 1916 3545 1970 τῶν

1975 2014 2145 2082 ἁγίων
2195 2012 2488 2084 ἐγγράφως
2537 2013 2670 2082 ἡμῖν
2724 2011 3157 2075 καταλέλοιπε-,ις
3205 2011 3280 2063 Οὐ
3331 2008 3439 2080 γὰρ
3478 2007 3545 2080 δὴ

1974 2106 2183 2169 τούτοις
2210 2103 2527 2175 ἀρκούμεθα
2551 2144 2565 2167 ,
2597 2095 2671 2157 ὧν
2697 2103 2725 2155 ὁ
2773 2102 3096 2166 Ἀπόστολος
3130 2101 3163 2173 ἢ
3207 2103 3269 2155 τὸ
3302 2101 3546 2169 Εὐαγγέ-

1973 2196 2087 2250 λιον
2118 2195 2436 2267 ἐπεμνήσθη
2457 2236 2471 2260 ,
2508 2194 2643 2248 ἀλλὰ
2676 2193 2768 2247 καὶ
2802 2193 3139 2264 προλέγομεν
3165 2192 3259 2245 καὶ
3304 2191 3549 2259 ἐπιλέγο-

1978 2307 2077 2361 μεν
2122 2289 2284 2360 ἕτερα
2325 2286 2401 2350 ὡς
2447 2286 2690 2359 μεγάλην
2735 2286 2926 2357 ἔχοντα
2953 2286 3090 2356 πρὸς
3137 2285 3199 2338 τὸ
3251 2285 3549 2355 μυστήριον

1972 2382 2073 2452 τὴν
2128 2381 2317 2451 ἰσχὺν,
2351 2382 2416 2433 ἐκ
2470 2380 2569 2450 τῆς
2618 2381 2865 2451 ἀγράφου
2908 2378 3259 2442 διδασκαλίας
3304 2376 3550 2448 παραλα-

1975 2471 2161 2535 ϐόντες
2185 2485 2198 2498 ·
2240 2469 2593 2525 lnvocationis
2623 2471 2797 2534 verba,
2844 2470 3019 2540 inquit
3052 2470 3191 2539 (cap.
3228 2468 3319 2533 Ἦ,
3350 2486 3403 2522 11.
3432 2467 3544 2539 66),

1974 2579 2093 2616 cum
2143 2564 2420 2629 conﬁcitur
2462 2564 2615 2633 panis
2657 2564 2995 2617 eucharistiw
3046 2571 3095 2615 et
3142 2561 3395 2637 poculum
3455 2560 3546 2613 be-

1975 2653 2285 2709 nedictionis
2312 2696 2328 2718 ,
2378 2656 2493 2726 quis
2538 2664 2845 2709 sanctorum
2887 2656 2941 2709 in
2984 2655 3182 2722 scripto
3227 2655 3374 2708 nobis
3425 2652 3547 2706 reli-n

1973 2746 2126 2816 quit?
2163 2744 2270 2799 Nec
2295 2746 2435 2800 enim
2466 2744 2546 2800 his
2577 2747 2806 2799 contenti
2832 2762 3012 2799 sumus
3040 2786 3054 2809 ,
3097 2763 3212 2817 quae
3243 2762 3552 2800 commemo-

1975 2848 2060 2891 rat
2098 2837 2382 2907 Apostolus
2428 2848 2519 2891 aut
2570 2836 2915 2908 Evangelium
2942 2878 2957 2901 ,
2988 2855 3167 2893 verum
3212 2839 3322 2892 alia
3350 2854 3553 2910 quoque

1975 2941 2098 2986 ante
2143 2940 2191 2985 et
2241 2940 2359 2999 post
2409 2930 2636 2984 dicimus
2674 2970 2689 2993 ,
2728 2940 2977 3001 tanquam
3033 2934 3257 2986 multum
3306 2933 3552 2989 habentia

1975 3023 2223 3077 momenti
2274 3021 2343 3074 ad
2398 3024 2755 3090 mysterium,
2810 3039 2926 3092 qua:
2978 3039 3041 3076 ea:
3105 3024 3391 3077 traditione
3447 3040 3552 3077 non

1975 3115 2174 3182 scripta
2208 3115 2521 3182 accepimus.
2571 3113 2742 3169 Nemo
2786 3116 3064 3185 negaverit
3115 3115 3343 3169 indicari
3389 3130 3419 3168 a
3457 3114 3555 3167 Ba-

1902 3192 1943 3250 C
1980 3206 2105 3260 sitio
2151 3205 2248 3261 has
2298 3222 2530 3276 preces,
2589 3223 2712 3277 quae
2768 3207 2822 3259 in
2875 3207 3092 3278 liturgia
3140 3207 3244 3278 ipsi
3291 3207 3554 3261 attributa

1983 3296 2236 3366 leguntur
2265 3298 2281 3365 (
2308 3304 2438 3351 tom.
2475 3297 2537 3362 11,
2570 3314 2623 3367 p.
2656 3297 2829 3367 679):
2858 3296 3061 3350 Ἐλθεῖν
3106 3298 3168 3351 τὸ
3200 3297 3426 3368 Πνεῦμά
3459 3314 3553 3351 σου

1979 3386 2040 3439 τὸ
2070 3387 2222 3455 ἅγιον
2255 3389 2337 3455 ἐφ’
2369 3389 2517 3458 ἡμᾶς
2560 3389 2688 3451 τοὺς
2728 3388 2946 3451 δούλους
2982 3405 3075 3441 σου
3106 3388 3198 3441 ἐπὶ
3235 3388 3302 3442 τὰ
3336 3392 3555 3460 προκεί-

1984 3477 2121 3546 μενά
2160 3494 2254 3532 σου
2302 3479 2451 3551 δῶρα
2492 3480 2667 3533 ταῦτα
2691 3521 2706 3547 ,
2742 3481 2838 3533 καὶ
2881 3479 3104 3547 ἁγιάσαι
3141 3481 3234 3534 καὶ
3278 3481 3553 3544 ἀναδεῖξαι

1982 3569 2113 3639 ἅγια
2143 3571 2310 3640 ἁγίων
2332 3588 2347 3602 ο
2396 3574 2490 3626 καὶ
2525 3575 2723 3645 ποιήσῃ
2763 3572 2855 3626 τὸν
2885 3573 2981 3642 μὲν
3010 3572 3194 3643 ἄρτον,
3228 3573 3411 3626 τοῦτον
3464 3573 3551 3642 γί-

1981 3662 2167 3716 νεσθαι
2196 3665 2275 3726 εἰς
2297 3664 2359 3716 τὸ
2392 3664 2545 3732 ἅγιον
2592 3664 2751 3734 σῶμα
2782 3662 2945 3716 αὐτοῦ
2985 3662 3079 3717 τοῦ
3124 3663 3328 3735 Κυρίου
3366 3663 3421 3717 δέ
3462 3664 3555 3716 καὶ

1982 3753 2117 3806 Θεοῦ
2147 3755 2241 3807 xui.
2264 3755 2516 3825 Σωτῆρος
2550 3755 2705 3826 ἡμῶν
2748 3755 2920 3827 Ἰησοῦ
2948 3755 3184 3827 Χριστοῦ
3206 3796 3220 3818 ,
3259 3758 3338 3818 εἰς
3362 3756 3555 3822 ἄφεσιν

1983 3846 2301 3917 ἁμαρτιῶν,
2333 3847 2428 3899 καὶ
2472 3849 2550 3910 είς
2592 3847 2737 3918 ζωὴν
2772 3849 2872 3919 τὴν
2906 3847 3127 3901 αἰώνιον
3150 3849 3262 3909 τοῖς
3297 3846 3356 3910 ἐξ
3391 3845 3552 3900 αὐτοῦ

1956 3936 2498 4008 ’μεταλαμϐάνουσιο
2554 3939 2617 3991 τὸ
2654 3940 2711 3992 δὲ
2743 3941 3000 4011 ποτήριον
3044 3938 3236 4001 τοῦτο,
3278 3939 3338 3991 τὸ
3376 3939 3555 4008 τίμιον

1984 4020 2125 4096 αἷμα
2154 4027 2216 4078 τὸ
2250 4027 2351 4096 τῆς
2386 4027 2594 4097 Καινῆς
2628 4028 2901 4099 Διαθήκης
2933 4026 3098 4080 αὐτοῦ
3135 4027 3230 4080 τοῦ
3262 4026 3467 4099 Κυρίου
3499 4026 3556 4085 δὲ

1986 4118 2077 4170 καὶ
2122 4117 2259 4171 Θεοῦ
2308 4118 2402 4171 καὶ
2449 4119 2702 4191 Σωτῆρος
2724 4119 2881 4190 ήμῶν
2915 4118 3088 4189 Ἰησοῦ
3116 4118 3376 4190 Χριστοῦ,
3411 4128 3553 4173 etc.:

1990 4209 2059 4264 Ut
2102 4212 2276 4267 veniat
2310 4211 2537 4281 Spiritus
2580 4222 2795 4266 sanctus
2850 4227 2970 4265 tuus
3012 4228 3167 4281 super
3210 4228 3336 4275 nos,
3382 4227 3556 4265 servos

1987 4312 2125 4366 tuos,
2148 4312 2197 4356 et
2227 4320 2383 4371 super
2405 4305 2679 4373 proposita
2709 4305 2819 4359 lucc
2847 4286 2986 4358 dona
3011 4313 3101 4356 tua
3125 4344 3141 4368 ,
3168 4304 3558 4373 sancti/iretque

1985 4405 2033 4449 et
2068 4394 2269 4464 efﬁciat
2323 4412 2387 4449 ea
2438 4398 2625 4451 sancta
2671 4404 3001 4450 sanctorum.
3061 4392 3128 4448 Et
3170 4395 3337 4464 faciat
3369 4411 3557 4464 panem

1987 4485 2195 4553 quidem
2231 4486 2393 4539 istum
2449 4487 2569 4556 ﬁeri
2620 4503 2809 4552 corpus
2868 4494 3111 4539 sanctum
3153 4486 3319 4554 ipsius
3345 4485 3559 4538 Domini

1917 4547 1959 4601 Β
1986 4575 2084 4630 Dei
2112 4587 2160 4630 et
2184 4575 2481 4632 Saluatoris
2515 4580 2684 4632 nostri
2706 4576 2833 4632 Iesu
2867 4578 3086 4643 Christi,
3118 4579 3173 4631 in
3196 4578 3557 4632 remissionem

1984 4676 2315 4735 peccatorum
2364 4678 2415 4722 et
2465 4670 2628 4723 vitam
2659 4679 2909 4722 wternam
2934 4708 2948 4729 ,
2979 4683 3044 4720 ea:
3089 4666 3185 4721 illo
3226 4668 3555 4737 participan-

1988 4761 2156 4823 tibus;
2189 4770 2241 4814 et
2297 4762 2514 4818 calicem
2540 4762 2709 4823 hunc,
2757 4761 3043 4830 pretiosum
3083 4761 3391 4830 sanguinem
3437 4761 3556 4812 novi

1989 4854 2287 4906 testamenti
2321 4854 2490 4921 ipsius
2538 4852 2754 4905 Domini
2803 4851 2901 4905 Dei
2949 4860 2998 4905 et
3047 4851 3342 4906 Saluatoris
3389 4851 3559 4904 nostri

1985 4942 2113 5001 Jesu
2151 4943 2387 5008 Christi,
2424 4950 2532 4997 etc.
2568 4941 2722 4996 Unde
2761 4950 2942 4994 autem
2985 4941 3253 5011 ejusmodi
3286 4956 3474 5009 preces
3501 4940 3557 4994 in

1985 5035 2240 5089 omnibus
2281 5033 2541 5090 Ecclesiis
2568 5075 2583 5097 ,
2627 5035 2734 5089 nisi
2791 5050 2855 5088 ex
2899 5034 3209 5089 certissima
3250 5032 3353 5088 [ide
3379 5072 3393 5095 ,
3448 5047 3556 5102 qua

1984 5127 2285 5181 Christiani
2333 5142 2524 5183 omnes
2552 5142 2745 5197 panem
2797 5136 2850 5181 et
2888 5126 3071 5181 vinum
3100 5125 3294 5181 mutari
3341 5125 3396 5178 in
3435 5139 3558 5179 coro

1988 5235 2090 5289 pus
2143 5226 2199 5273 et
2237 5220 2558 5290 sanguinem
2606 5218 2812 5273 Christi
2867 5216 3205 5273 credebant?
3259 5213 3360 5269 Cui
3410 5214 3555 5268 enim

1987 5312 2041 5365 id
2077 5311 2289 5381 precari
2347 5312 2403 5365 in
2445 5318 2678 5366 mentem
2725 5310 3001 5365 venisset?
3036 5310 3161 5379 quis
3202 5309 3300 5362 has
3342 5321 3557 5376 preces,

1990 5410 2240 5472 tanquam
2287 5402 2513 5456 multum
2555 5402 2802 5457 habentes
2847 5401 3097 5456 momenti
3136 5400 3205 5453 ad
3251 5399 3558 5469 mysterium

1991 5493 2292 5549 addidisset
2325 5495 2508 5550 verbis
2545 5493 2905 5563 evangelicis,
2951 5493 2996 5546 si
3024 5488 3282 5547 Ecclesia:
3310 5489 3560 5565 proposi-

1989 5593 2106 5641 tum
2138 5601 2246 5641 non
2277 5593 2397 5643 erat
2429 5586 2782 5642 mutationem
2820 5583 3147 5655 impetrare?
