3972 6218
301 382 367 444 57
1731 393 2122 452 ΡΒᾸΞΕΑΤΙΟ.
3464 394 3532 450 58

985 526 1012 597 ς
1048 524 1182 582 vm.

303 660 341 721 I.
377 664 434 719 δ.
483 661 678 731 Basilii
709 660 1026 731 testimonia
1053 661 1115 715 de
1146 671 1481 728 peccatorum
1519 661 1862 731 confessione.

255 783 271 790 -
370 731 427 786 Il.
476 730 690 803 Invidia
736 739 786 786 et
827 731 938 803 alia
977 730 1240 803 ejusmodi
1273 742 1487 801 peccata
1521 730 1863 803 confessionis

368 803 465 873 legi
526 802 782 873 subjecta.
839 798 929 854 ΙΙΙ.
965 798 1042 854 De
1082 798 1293 869 peccato
1337 798 1741 873 originali.'lV.
1788 802 1866 857 De

368 818 465 924 tezt
526 818 782 871 subjecta.

367 873 406 928 C
446 874 565 927 risti
593 872 792 943 gratia.

365 1007 404 1064 l.
441 1006 684 1079 Longius
710 1047 725 1072 ,
759 1022 922 1077 quam
959 1005 1092 1061 mihi
1122 1007 1466 1077 propositum
1497 1016 1615 1071 est,
1650 1018 1863 1078 tempus

305 1099 654 1161 extraherent,
687 1099 732 1152 si
769 1099 824 1150 in
860 1098 1115 1152 omnibus
1145 1096 1470 1167 colligendis
1518 1102 1860 1164 immorarer,

304 1204 630 1258 quaecunque
655 1205 723 1243 ex
751 1187 810 1242 S.
854 1187 1037 1243 Basilii
1065 1188 1323 1258 Operibus
1349 1189 1417 1243 ad
1443 1189 1692 1260 dogmata
1731 1206 1865 1245 con-

304 1281 556 1335 ﬁrmanda
581 1280 704 1335 erui
726 1289 975 1349 possunt.
1001 1278 1181 1350 Quare
1206 1280 1346 1334 hanc
1374 1280 1624 1337 finiemus
1653 1289 1864 1352 pertra-

303 1373 581 1428 ctationem
614 1371 881 1441 appositis
916 1370 982 1424 de
1007 1380 1351 1438 peccatorum
1373 1371 1750 1438 confessione,
1796 1371 1864 1428 de

302 1471 511 1534 peccato
536 1462 793 1533 originali
820 1470 875 1516 et
908 1460 974 1515 de
1003 1458 1205 1515 Christi
1242 1461 1419 1532 gratia
1454 1462 1804 1518 testimoniis.

364 1572 777 1630 Confessionem
817 1580 1166 1642 peccatorum
1213 1571 1586 1626 necessariam
1621 1585 1744 1628 esse
1792 1571 1862 1627 ad

304 1666 499 1722 veniam
527 1681 558 1718 a
597 1663 713 1719 Deo
736 1662 1181 1733 consequendam
1212 1663 1373 1716 docet
1404 1661 1645 1719 Basilius
1676 1664 1729 1717 in
1761 1663 1862 1718 bo-

302 1750 403 1804 mil.
446 1751 498 1802 in
530 1749 674 1817 psat.
707 1765 893 1804 xxxu:
938 1748 1061 1803 Vult
1095 1750 1173 1802 tui
1200 1749 1440 1803 misereri
1458 1748 1657 1818 judex,
1688 1751 1864 1821 inquit

303 1846 373 1911 (ιι.
403 1840 547 1911 154),
580 1850 733 1909 teque
773 1840 1169 1895 miserationum
1197 1856 1417 1894 suarum
1443 1840 1616 1910 facere
1643 1844 1863 1910 partici—

193 1956 205 1972 -
302 1946 430 1998 pem;
467 1934 515 1986 si
558 1933 717 1986 modo
751 1943 869 2002 post
896 1941 1167 2003 peccatum
1211 1934 1461 2003 repererit
1502 1942 1548 1988 te
1587 1934 1861 2004 humilem,

303 2025 566 2077 contritum
586 2065 602 2088 ,
631 2041 800 2094 prava
838 2040 995 2095 opera
1027 2025 1251 2079 multum
1286 2025 1646 2095 deplorantem
1664 2067 1680 2093 ,
1708 2044 1772 2082 ac
1799 2045 1863 2082 ea

304 2128 403 2182 quae
436 2111 575 2165 clam
605 2113 758 2180 facta
786 2120 906 2166 sunt
943 2113 1268 2183 evulgantem
1299 2115 1437 2169 citra
1464 2115 1741 2183 pudorem,
1774 2133 1863 2171 ro-

303 2210 492 2273 gantem
514 2204 715 2271 fratres
738 2201 831 2256 tibi
853 2212 911 2255 ut
939 2204 1044 2257 sint
1075 2204 1380 2272 adjnmento
1404 2204 1474 2259 ad
1504 2207 1864 2276 accipiendam

304 2293 560 2348 medelam.
614 2294 677 2349 In
745 2293 954 2365 Regalis
1009 2293 1331 2350 brevioribus
1386 2296 1504 2351 hac
1556 2297 1865 2353 instituitur

303 2385 510 2455 quaestio
534 2384 759 2457 (quaest.
789 2384 915 2457 229)
941 2404 955 2440 :
987 2384 1174 2439 Utrum
1208 2395 1449 2456 oporteat
1478 2390 1664 2443 vetitas
1695 2391 1867 2445 actio-

304 2494 377 2531 nes
396 2477 530 2531 citra
558 2472 925 2531 verecundiam
949 2477 1189 2531 omnibus
1219 2484 1473 2548 detegere,
1507 2495 1576 2532 an
1599 2477 1863 2549 aliquibus

301 2568 547 2623 duntaxat
576 2584 596 2623 :
626 2578 680 2623 et
716 2570 934 2639 quinam
961 2569 1014 2622 hi
1039 2570 1144 2622 sint
1171 2586 1189 2622 :
1226 2569 1308 2623 sic
1337 2569 1633 2639 respondet
1664 2568 1722 2623 S.
1759 2569 1864 2623 Ba-

302 2662 441 2714 silius
465 2681 478 2714 :
509 2659 792 2715 Servanda
818 2669 894 2714 est
926 2660 1062 2713 ratio
1087 2659 1268 2715 eadem
1298 2661 1352 2714 in
1373 2670 1709 2730 peccatorum
1737 2676 1863 2715 con-

302 2748 527 2815 fessione,
561 2769 684 2824 qua:
717 2753 771 2806 in
804 2751 1099 2822 detegendis
1143 2752 1377 2821 corporis
1418 2751 1617 2807 morbis
1645 2752 1861 2806 adhibe-

303 2851 393 2896 tur.
451 2841 913 2909 Quemadmodum
967 2841 1129 2911 igitur
1187 2844 1421 2909 corporis
1498 2841 1708 2897 morbos
1759 2859 1864 2897 non

302 2934 522 2989 amnibus
564 2933 899 3004 patefaciunt
938 2932 1208 2997 homines,
1242 2950 1402 3004 neque
1427 2935 1691 3004 quibusvis
1718 2988 1731 3003 ,
1771 2932 1864 2988 sed

302 3026 357 3083 lis
390 3028 476 3097 qui
499 3028 694 3080 horum
725 3025 1079 3079 curandorum
1103 3024 1261 3085 periti
1287 3033 1407 3078 sunt
1434 3039 1451 3076 :
1476 3026 1554 3079 ita
1585 3026 1701 3095 ﬁeri
1730 3041 1861 3096 quo-

302 3133 383 3189 que
403 3117 544 3174 debet
575 3129 915 3188 peccatorum
946 3116 1200 3185 confessio
1230 3133 1406 3169 coram
1444 3118 1511 3170 iis
1549 3118 1638 3187 qui
1676 3133 1864 3171 curare

304 3209 396 3265 iac
416 3211 641 3280 possint,
661 3220 817 3280 prout
836 3210 1087 3278 scriptum
1111 3218 1188 3261 est
1212 3225 1228 3261 :
1251 3226 1269 3259 ι
1292 3206 1392 3262 Vos
1416 3209 1505 3278 qui
1526 3208 1687 3278 fortes
1712 3209 1859 3273 estis,

302 3304 622 3373 .nﬁrmitates
670 3302 923 3356 debilium
971 3309 1173 3371 portate
1200 3301 1266 3366 ³⁸,
1295 3319 1313 3350 ι
1353 3300 1448 3355 Ιιοε
1479 3315 1588 3361 est,
1632 3317 1761 3353 cura
1800 3316 1862 3354 ac
1894 3282 1934 3340 (ἶ

304 3394 557 3465 liligentia
598 3404 776 3450 vestra
822 3394 1011 3448 tollite.
1054 3393 1262 3449 Similis
1305 3401 1388 3448 cst
1433 3391 1665 3460 quaestio
1697 3391 1803 3446 ’288
1844 3410 1857 3446 :

303 3485 395 3552 Qui
436 3489 545 3542 rult
597 3486 843 3555 conﬁteri
902 3493 1116 3554 peccata
1169 3501 1304 3544 sua,
1357 3482 1571 3537 debetne
1625 3483 1863 3551 conﬁteri

304 3579 526 3633 mnibus
566 3589 619 3632 et
658 3577 1014 3647 quibuslibet,
1056 3593 1127 3630 an
1174 3576 1331 3629 certis
1371 3573 1731 3645 quibusdam?
1771 3572 1864 3629 Sic

304 3669 581 3738 respondet
622 3668 906 3723 Basilius:
951 3666 1245 3722 Consilium
1295 3665 1635 3736 benignitatis
1677 3664 1769 3718 Dei
1806 3666 1862 3719 in

306 3761 623 3815 Jercantibus
657 3759 997 3828 manifestum
1033 3767 1134 3819 est,
1154 3757 1318 3827 juazta
1345 3757 1399 3810 id
1432 3755 1571 3826 quod
1611 3757 1865 3823 scriptum

306 3863 403 3906 est:
420 3871 439 3903 ε
465 3851 590 3907 Non
603 3851 722 3906 volo
746 3861 967 3906 mortem
987 3850 1298 3917 peccatoris,
1326 3847 1417 3902 sed
1446 3856 1502 3901 ut
1532 3855 1866 3902 convertatur

304 3961 421 4014 με.
446 3955 496 3999 et
526 3946 669 3997 vivat
691 3944 751 3995 ³⁸.
787 3963 806 3994 ι
843 3941 1107 4007 Quoniam
1134 3942 1297 4011 igitur
1325 3940 1645 4027 pcegitentiae
1673 3938 1865 3992 modus

306 4030 434 4085 lebet
463 4041 683 4100 peccato
720 4046 1031 4098 congruere,
1063 4046 1124 4083 ac
1145 4030 1305 4083 etiam
1339 4044 1474 4096 opus
1498 4037 1575 4109 est
1606 4027 1865 4097 fructibus

308 4124 462 4192 tignis
482 4124 826 4193 paenitentiae,
871 4123 1034 4192 juxta
1058 4123 1194 4176 hanc
1222 4122 1539 4175 sententiam
1562 4160 1578 4183 ,
1615 4138 1635 4171 ι
1679 4119 1867 4174 Facite

307 4215 496 4269 fructus
525 4215 718 4286 dignos
751 4214 1078 4283 pwnitentiaz
1094 4214 1162 4277 ³⁷,
1195 4232 1212 4263 ι
1244 4222 1301 4265 ιιι
1334 4229 1397 4265 ne
1420 4211 1689 4280 fructuum
1705 4227 1866 4280 penu-

308 4308 376 4361 ria
430 4307 605 4365 locum
666 4306 894 4360 habeant
946 4323 1021 4359 ea:
1087 4321 1204 4375 qua:
1252 4303 1641 4371 subsequuntur
1689 4303 1865 4357 minui.

308 4416 327 4450 ι
355 4399 512 4463 Nam,
567 4401 738 4470 inquit
777 4439 792 4461 ,
838 4399 1008 4454 omnis
1039 4398 1199 4452 arbor
1243 4414 1346 4451 non
1382 4398 1581 4465 faciens
1637 4397 1869 4465 fructum

308 4489 504 4555 bonum,
528 4489 882 4556 eascinditur,
899 4499 948 4543 et
979 4490 1033 4543 in
1055 4490 1225 4559 ignem
1247 4488 1479 4541 mittitur
1499 4488 1576 4554 ‘3;
1598 4484 1635 4539 ἴ
1651 4497 1870 4557 peccata

308 4580 366 4633 iis
405 4580 650 4648 conﬁteri
692 4595 899 4633 necesse
943 4588 1057 4642 est,
1109 4576 1299 4649 quibus
1348 4578 1725 4648 mysteriorum
1773 4576 1870 4631 Dei

309 4672 601 4725 concredita
638 4670 963 4739 dispensatio
1001 4678 1079 4723 est
1116 4670 1181 4723 '9.
1224 4667 1314 4723 Sic
1355 4669 1494 4722 enim
1524 4676 1574 4721 et
1620 4668 1709 4738 qui
1739 4667 1868 4721 olim

310 4764 656 4815 uertitentiam
686 4771 905 4831 egerunt
930 4804 944 4824 ,
980 4777 1161 4816 coram
1197 4763 1401 4815 sanctis
1446 4761 1631 4825 fecisse
1658 4774 1868 4826 compe-

311 4852 528 4907 riantur.
552 4852 825 4921 Scriptum
859 4861 938 4906 est
973 4852 1135 4913 enim,
1169 4852 1223 4905 in
1254 4850 1535 4921 Evangelia
1558 4848 1769 4919 quidem
1798 4847 1866 4914 ⁸ο,

312 4942 435 5010 quod
455 4952 673 5011 peccata
700 4959 799 4996 sua
827 4940 1030 4995 Joanni
1066 4941 1321 5010 Baptistae
1359 4940 1783 5009 conﬁtebantur;
1813 4939 1868 4992 in

312 5033 443 5087 Actis
470 5051 591 5088 vero
614 5034 685 5097 δι,
713 5034 969 5102 apostolis
1000 5034 1155 5102 ipsis,
1181 5050 1213 5086 a
1234 5032 1423 5102 quibus
1445 5033 1605 5086 etiam
1632 5032 1870 5100 baptiza-

312 5124 492 5178 bantur
532 5126 733 5178 cuncti.
779 5123 921 5179 Vide
957 5124 1411 5179 commentarium
1451 5124 1506 5175 in
1556 5120 1762 5175 Isaiam
1811 5135 1866 5191 p.

372 5324 540 5394 Negat
582 5323 862 5380 Scultetus
892 5324 939 5395 (1
952 5324 1004 5392 7)
1036 5336 1106 5379 ex
1138 5322 1227 5378 his
1260 5322 1397 5378 locis
1431 5322 1721 5392 specialem
1748 5336 1874 5392 pec.

310 5426 551 5473 satorum
586 5415 1057 5472 enumerationem
1096 5424 1192 5469 aut
1228 5411 1596 5470 confessionis
1630 5412 1875 5469 necessi-

373 5551 417 5585 ³³
451 5552 612 5606 Ιὶοιιι.
648 5567 734 5618 xv,
768 5550 820 5616 1;
846 5549 964 5606 Gal.
987 5566 1065 5617 vt,
1095 5549 1153 5605 2.
1226 5549 1273 5581 “
1295 5547 1493 5607 Ezech.
1532 5564 1726 5617 xum,
1749 5549 1832 5604 il.

312 5634 389 5690 u:,
421 5623 474 5678 6.
552 5622 599 5652 "‘
639 5622 764 5676 Act.
799 5636 915 5683 xu,
933 5620 987 5674 8.

379 5759 486 5820 (Π)
520 5756 725 5812 Medati.
753 5757 930 5821 theol.,
967 5764 1105 5822 part.
1141 5772 1213 5819 tv,
1247 5770 1297 5829 p.
1323 5753 1447 5809 9.36.

1912 5548 1957 5584 ³⁷
1992 5549 2126 5608 Luc.
2148 5566 2229 5606 ιιι.
2257 5550 2311 5605 8.
2387 5548 2432 5581 ³⁸
2463 5547 2593 5604 ibid.
2629 5546 2683 5605 9.

1894 524 1939 577 Α
1979 525 2143 570 tatem
2168 531 2286 569 erui
2310 528 2493 586 posse.
2523 513 2629 569 Sed
2658 513 2910 570 eludendi
2941 515 3115 567 locum
3144 529 3252 567 non
3281 514 3536 585 relinquit

1973 609 2200 680 petitum
2236 624 2297 661 ex
2332 607 2614 677 corporeis
2643 608 2847 662 morbis
2873 607 3199 676 exemplum,
3227 614 3338 659 tum
3368 608 3535 661 etiam

1971 701 2115 773 quod
2149 702 2225 754 ait
2278 700 2513 755 Basilius
2550 700 2885 770 paenitentiae
2928 699 3268 768 imponendae
3314 702 3532 754 modum

1974 797 2200 860 peccato
2229 805 2531 860 congruere
2558 790 2775 846 debere.
2813 789 3094 856 Quomodo
3128 791 3271 845 enim
3310 792 3534 846 morbus

1967 880 2136 934 animi
2163 882 2465 945 curabitur,
2500 882 2545 936 si
2576 888 2923 950 peccatorum
2959 895 3221 934 numerus
3260 886 3312 934 et
3339 895 3532 948 graves

1966 970 2397 1025 circumstantiae
2422 968 2703 1025 celentur?
2731 977 2823 1023 aut
2851 971 3122 1039 quomodo
3154 984 3309 1038 ptena
3343 985 3533 1039 pecca-

1967 1049 2149 1094 torum
2183 1055 2412 1095 numero
2444 1050 2497 1095 et
2539 1040 2895 1109 magnitudini
2941 1049 3204 1109 congruet
3228 1079 3242 1103 ,
3275 1040 3380 1095 nisi
3420 1040 3535 1091 sin~

1969 1131 2095 1201 gula
2144 1140 2367 1201 peccata
2417 1141 2470 1185 et
2514 1130 2942 1185 circumstantiae
3001 1129 3351 1200 aperiantur?
3399 1128 3534 1183 Illud

1969 1231 2174 1287 autem,
2209 1223 2308 1293 τῆς
2344 1224 2680 1293 ἐπιστροφῆς
2709 1225 2738 1275 ὁ
2769 1223 2989 1293 τρόπος,
3035 1221 3183 1276 reddi
3216 1222 3396 1285 debet,
3426 1237 3534 1290 pa:-

1965 1314 2203 1369 nitentite
2235 1311 2560 1382 imponenda:
2591 1313 2812 1379 modus,
2844 1317 2921 1368 vel
2964 1328 3127 1382 paenae
3162 1315 3344 1367 modus
3374 1327 3393 1365 :
3431 1314 3535 1366 mi-

1962 1403 2108 1458 nime
2139 1418 2290 1467 vero,
2334 1405 2685 1459 conversionis
2716 1406 2919 1459 modus.
2953 1403 3107 1458 Hanc
3132 1405 3286 1475 enim
3319 1404 3372 1457 in
3406 1418 3532 1458 sen-

1964 1495 2188 1548 tentiam
2222 1495 2477 1565 usurpari
2523 1496 2662 1551 solet
2699 1511 2762 1551 ea
2799 1510 2902 1566 v_ox
2939 1496 2995 1549 in
3030 1494 3299 1564 ejusmodi
3347 1495 3481 1550 locis
3513 1512 3529 1550 :

1966 1585 2126 1655 cujus
2160 1586 2237 1641 rei
2271 1587 2442 1640 multa
2472 1594 2766 1658 suppetunt
2800 1587 2939 1658 apud
2982 1586 3239 1642 Basilium
3266 1589 3531 1656 exempla,

1966 1685 2026 1733 ut
2053 1678 2110 1732 in
2147 1678 2311 1749 epist.
2356 1679 2442 1734 75.
2482 1678 2710 1734 Frustra
2743 1694 2873 1749 ergo
2918 1679 3191 1733 Scultetus
3240 1678 3535 1733 conﬁtendi

1963 1772 2386 1835 necessitatem,
2415 1770 2483 1825 de
2519 1785 2626 1840 qua
2668 1770 2722 1824 in
2757 1778 2953 1840 quaest.
2993 1770 3099 1824 288
3137 1771 3338 1840 agitur,
3376 1770 3430 1823 in
3467 1778 3534 1825 eo

1968 1860 2200 1928 positam
2239 1875 2362 1917 esse
2404 1861 2725 1924 contendit,
2783 1861 2965 1930 quod,
3009 1861 3057 1915 si
3104 1862 3229 1930 quis
3279 1860 3533 1915 conﬁteri

1966 1951 2098 2007 velit
2131 1963 2385 2024 peccata,
2421 1953 2674 2023 quamvis
2712 1969 2937 2009 necesse
2968 1953 3021 2007 id
3051 1970 3162 2008 non
3205 1954 3299 2017 sit,
3347 1955 3391 2008 is
3422 1970 3533 2007 non

1963 2043 2087 2098 aliis
2118 2042 2365 2098 conﬁteri
2402 2043 2628 2107 debeat,
2671 2059 2831 2114 quam
2864 2044 2932 2098 iis
2965 2045 3167 2114 quibus
3198 2045 3406 2099 credita
3449 2053 3535 2098 est

1962 2134 2298 2205 dispensatio
2322 2136 2706 2206 mysteriorum
2735 2134 2850 2191 Dei.
2884 2136 2942 2189 Si
2968 2135 3243 2190 confessio
3269 2136 3534 2206 cujusque

1963 2225 2194 2280 arbitrio
2233 2226 2498 2295 permissa
2544 2233 2725 2288 esset,
2762 2240 2864 2280 nec
2896 2226 3005 2278 ulla
3043 2233 3193 2281 esset
3235 2226 3533 2280 conﬁtendi

1963 2308 2302 2373 necessitas;
2335 2308 2508 2363 satius
2543 2310 2713 2362 multo
2747 2324 2812 2362 ac
2856 2308 3028 2363 tutius
3059 2307 3197 2364 foret
3227 2310 3369 2379 apud
3400 2325 3534 2378 pru-

1962 2390 2152 2448 dentes
2185 2408 2249 2446 ac
2284 2392 2484 2463 pietate
2519 2393 2762 2463 insignes
2812 2393 2958 2447 viros
2991 2400 3212 2461 peccata
3248 2390 3531 2456 conﬁteri,

1964 2499 2131 2554 quam
2156 2484 2299 2553 apud
2330 2485 2703 2555 presbyteros,
2734 2485 2827 2555 qui
2856 2500 2963 2538 non
2999 2499 3213 2553 semper
3245 2484 3530 2554 prudentia

1963 2589 2029 2628 ac
2062 2574 2263 2644 pietate
2295 2575 2586 2629 excellunt.
2622 2574 2802 2641 Quare
2834 2573 3073 2642 Basilius
3094 2613 3110 2636 ,
3160 2589 3283 2628 cum
3316 2574 3390 2626 ait
3435 2589 3531 2628 ne-

1962 2681 2117 2722 cesse
2150 2682 2274 2721 esse
2313 2675 2536 2737 peccata
2575 2666 2644 2722 iis
2674 2665 2953 2731 conﬁteri,
2983 2666 3183 2735 quibus
3211 2666 3416 2719 credita
3448 2673 3533 2719 est

1962 2756 2295 2827 dispensatio
2318 2756 2699 2828 mysteriorum
2724 2755 2841 2820 Dei,
2870 2757 3034 2810 simul
3055 2764 3109 2811 et
3129 2755 3531 2810 confessionem

1962 2849 2170 2917 peccati
2227 2848 2595 2903 necessariam
2648 2863 2806 2912 esse,
2854 2847 3336 2917 et»pmnitentiam
3391 2848 3536 2901 inter

1962 2950 2305 2996 sacramenta
2337 2945 2731 2996 numerandum
2761 2956 2883 2995 esse
2907 2940 3264 2994 demonstrat.

2031 3067 2187 3123 Mitto
2213 3070 2376 3123 aliam
2410 3069 2809 3124 cavillationem
2846 3068 3108 3131 Sculteti,
3135 3066 3227 3137 qui
3260 3079 3531 3121 memora-

1964 3165 2048 3215 tas
2101 3174 2131 3213 a
2187 3159 2246 3214 S.
2306 3158 2507 3215 Basilio
2567 3167 2917 3229 peccatorum
2978 3156 3356 3213 confessiones
3409 3166 3536 3210 ante

1967 3251 2329 3320 baptismum,
2382 3266 2485 3305 nec
2530 3251 2875 3320 praescriptas
2900 3249 3103 3313 fuisse,
3139 3263 3240 3304 nec
3290 3247 3536 3317 singulo-

1946 3335 2083 3392 ‘rum
2119 3348 2471 3408 peccatorum
2519 3340 2986 3395 enumerationem
3029 3338 3286 3394 habuisse
3318 3337 3532 3408 objicit.

1962 3431 2033 3488 At
2080 3434 2305 3490 minime
2348 3434 2542 3505 probat
2588 3435 2674 3490 his
2706 3434 2971 3504 exemplis
3006 3434 3085 3487 uti
3120 3449 3229 3488 non
3278 3432 3538 3488 debuisse

1963 3526 2261 3591 Basilium,
2309 3537 2367 3581 ut
2414 3528 2482 3583 ad
2524 3528 2900 3598 praescriptam
2952 3542 2983 3581 a
3025 3527 3245 3583 Christo
3290 3525 3535 3581 omnium

1963 3628 2312 3687 peccatorum
2365 3618 2766 3675 confessionem
2828 3618 3164 3683 hortaretur,
3195 3626 3248 3673 et
3292 3630 3325 3670 a
3369 3630 3537 3686 pravo

1964 3710 2170 3780 pudore
2198 3717 2474 3765 avocaret.

2035 3845 2222 3901 Utitur
2258 3847 2422 3901 etiam
2460 3844 2735 3901 Scultetus
2784 3844 2971 3916 regula
3005 3844 3252 3899 brevmre
3292 3842 3431 3907 “0,
3480 3842 3537 3896 in

1966 3952 2073 4007 qua
2114 3938 2450 4008 praecipitur,
2502 3946 2564 3992 ut
2604 3938 2845 4009 virgines
2887 3952 2984 4007 per
3028 3935 3371 4006 praefectam,
3422 3933 3540 3989 sive

1967 4031 2237 4083 seniorem
2279 4043 2435 4085 suam
2482 4028 2801 4100 presbytero
2847 4027 3229 4083 conﬁteantur.
3279 4026 3386 4081 Sed
3434 4026 3540 4081 hoc

1964 4119 2161 4173 vitium
2221 4120 2566 4189 superiorum
2619 4118 2923 4173 editionum
2971 4120 3027 4171 in
3087 4118 3188 4171 bac
3241 4117 3542 4172 novissima

1967 4208 2315 4264 emendatum
2349 4218 2454 4274 est,
2485 4224 2588 4264 nec
2611 4209 2911 4279 quidquam
2938 4207 3084 4262 aliud
3117 4208 3360 4277 praecipit
3389 4206 3544 4262 Basi-

1969 4304 2097 4366 lius,
2132 4302 2240 4358 nisi
2272 4312 2331 4356 ut
2360 4302 2504 4357 adsit
2534 4302 2720 4356 decori
2754 4316 2924 4356 causa
2952 4300 3209 4370 pracfeua
3240 4300 3540 4371 virginum,

1970 4394 2101 4450 dum
2151 4408 2374 4449 sorores
2423 4393 2753 4446 conﬁtentur
2807 4392 3149 4462 presbytero.
3193 4389 3335 4445 Idem
3382 4398 3543 4444 antea

1972 4486 2388 4556 praescripserat
2425 4484 2480 4538 in
2525 4499 2638 4554 reg.
2673 4482 2810 4547 108,
2864 4490 2924 4538 ut
2970 4482 3282 4552 praefectus,
3317 4481 3542 4535 absente

1900 4613 1947 4670 ο
1974 4577 2256 4651 praelecta,
2288 4592 2413 4634 cum
2449 4577 2740 4670 sororibus
2769 4576 2838 4670 de
2870 4577 3033 4631 rebus
3060 4575 3128 4670 ad
3157 4574 3280 4670 fidei
3306 4572 3542 4628 aedifica-

1974 4672 2177 4726 tionem
2206 4666 2607 4740 pertinentibus
2640 4683 2747 4722 non
2788 4668 3061 4736 loquatur.
3096 4665 3201 4719 Sed
3249 4681 3318 4719 ne
3348 4678 3541 4734 pecea-

1974 4772 2155 4818 torum
2200 4755 2477 4816 confessio
2507 4759 2685 4829 excipi
2718 4760 2917 4815 debere
2966 4758 3260 4821 videretur,
3306 4756 3434 4810 huic
3461 4754 3542 4810 rei

1974 4853 2373 4911 occurrendum
2405 4866 2529 4907 esse
2557 4850 2735 4906 duxit.

2045 4982 2198 5037 Hane
2222 4980 2412 5037 Basilii
2440 4981 2745 5037 doctrinam
2770 4979 3094 5034 conﬁrmant
3122 4985 3233 5031 tres
3260 4976 3406 5032 illius
3430 4975 3546 5046 epi-

1976 5074 2130 5131 stolae
2146 5071 2440 5137 canonicae,
2467 5086 2588 5140 quae
2613 5070 2739 5124 dum
2767 5071 2950 5125 varias
2967 5077 3312 5139 peccatorum
3332 5069 3545 5139 species

1980 5174 2035 5219 et
2066 5162 2269 5235 gradus
2300 5171 2558 5217 accurate
2589 5169 3011 5232 persequuntur,
3046 5175 3205 5230 quam
3246 5171 3396 5216 arcte
3424 5177 3544 5216 ser-

1978 5262 2162 5307 vatum
2204 5250 2371 5306 fuerit
2416 5251 2709 5306 conﬁtendi
2757 5258 3083 5320 praeceptum
3132 5249 3544 5316 demonstrant;

1980 5354 2295 5415 quantaque
2337 5342 2614 5399 exstiterit
2649 5341 3030 5412 episcoporum
3074 5339 3130 5393 in
3164 5341 3403 5408 peccatis
3447 5355 3546 5409 pro

1978 5437 2179 5492 merito
2212 5434 2502 5506 puniendis
2531 5432 2828 5501 diligentia.
2863 5429 3115 5488 Mulieres
3146 5431 3406 5487 adulterae
3435 5430 3548 5501 (ep.

2767 5548 2810 5582 ³³
2838 5546 2857 5601 l
2890 5546 3017 5604 Cor.
3046 5562 3120 5612 ιν,
3151 5548 3202 5601 1.
3277 5548 3322 5579 ⁸ο
3354 5546 3547 5605 Matth.
