3972 6218
388 443 452 499 59
1824 425 1973 483 ΡΙΗΈ

2079 423 2212 478 ΤΙΟ.
3554 405 3622 461 60

387 560 513 622 200,
541 572 662 612 can.
697 555 787 627 ’54)
808 598 822 622 ,
858 556 941 610 vel
973 562 1170 626 Sponte
1200 553 1497 615 confessae,
1531 563 1614 604 vei
1659 546 1922 602 convicta:
1942 584 1957 607 ,

2077 540 2231 592 ιόπου
2285 537 2342 591 τὸ
2377 533 2614 588 τοιοῦτον
2665 525 3012 598 ἐξιλάσασθαι
3059 524 3248 588 πάθος·
3302 521 3405 588 Qui
3451 533 3622 576 autem

388 667 499 706 non
547 652 944 722 percurrebaut
987 649 1167 704 varios
1209 645 1543 718 poenitentiae
1586 641 1825 714 gradus,
1862 639 1956 695 sed

389 745 535 801 inter
577 743 945 798 consistentes
993 749 1210 810 tempus
1237 737 1548 808 explebant.
1581 733 1780 789 Cautio
1813 732 1956 786 enim

389 844 507 890 erat
535 851 601 889 ne
630 835 684 887 in
717 834 1020 903 periculum
1054 832 1250 884 mortis
1288 829 1719 897 conjicerentur,
1753 823 1799 877 si
1835 837 1956 891 pec-

390 935 571 980 catum
612 926 948 994 vulgaretur.
981 921 1107 986 Sed,
1129 922 1175 974 si
1194 921 1401 974 nullum
1431 915 1876 974 eratoconlitendi
1905 922 1960 968 et

394 1017 655 1086 puniendi
699 1015 908 1084 peccati
952 1022 1320 1086 praeceptum,
1368 1026 1468 1065 cur
1508 1024 1616 1086 non
1665 1008 1754 1086 illa
1794 1007 1957 1060 etiam

393 1079 768 1141 remittebatur
831 1079 970 1138 inter
1021 1079 1387 1137 consistentes
1437 1079 1788 1150 pmnitentia,
1839 1090 1960 1144 qua:

394 1180 636 1249 periculo
669 1192 899 1248 prorsus
934 1191 1044 1230 non
1088 1173 1352 1229 carebat?
1383 1187 1481 1227 cur
1512 1170 1642 1224 furti
1677 1171 1800 1238 (ep.
1831 1166 1957 1230 ΞΠ,

393 1289 517 1326 can.
563 1270 665 1342 6-1)
726 1271 1006 1324 convictus
1034 1267 1199 1336 duplo
1231 1265 1532 1336 graviorem
1572 1276 1785 1332 poenam
1837 1275 1962 1314 sus-

393 1359 618 1422 tinebat,
675 1372 838 1426 quain
869 1364 1062 1425 sponte
1089 1353 1413 1409 confessus?
1444 1351 1613 1406 Nemo
1635 1363 1863 1420 prorsus
1893 1347 1963 1402 ab

398 1451 500 1504 hac
571 1451 688 1519 lege
753 1447 1186 1503 confuendorum
1264 1453 1614 1514 peccatorum
1682 1440 1959 1494 immunis.

395 1538 704 1609 Presbyteri
735 1546 790 1592 et
830 1535 1045 1591 diaconi
1075 1535 1222 1604 (can.
1254 1534 1342 1605 70)
1363 1574 1376 1596 ,
1408 1533 1500 1602 qui
1529 1548 1587 1586 se
1617 1531 1775 1584 labiis
1805 1537 1963 1582 tenus

395 1645 652 1702 peccasse
678 1629 1100 1694 confitebantur,
1132 1626 1455 1681 excidebant
1495 1623 1667 1693 gradu
1711 1637 1812 1677 suo
1845 1639 1858 1675 :
1900 1635 1964 1675 ac

396 1737 466 1777 ne
497 1722 603 1776 illis
634 1721 853 1790 quidem
882 1720 1194 1776 communio
1224 1733 1347 1773 cum
1377 1717 1711 1787 presbyteris
1733 1721 1825 1768 aut
1849 1713 1966 1766 dia-

397 1813 551 1868 conis
584 1812 1010 1882 relinquebatur,
1053 1811 1098 1865 si
1132 1809 1262 1881 quid
1317 1808 1552 1879 amplius
1585 1819 1840 1867 peccasse
1868 1803 1964 1858 de-

398 1904 888 1976 prehenderentur.

468 2039 531 2096 ll.
587 2039 642 2092 ln
687 2040 771 2094 his
811 2041 1112 2092 canombus
1159 2037 1436 2101 avaritiae,
1479 2023 1695 2098 invidia:
1739 2041 1794 2088 et
1843 2031 1965 2087 aliis

396 2133 666 2201 ejusmodi
727 2134 874 2188 vitiis
926 2133 1087 2186 nullm
1161 2131 1482 2185 nominatim
1554 2129 1967 2183 constituuntur

398 2242 591 2296 pmnae.
627 2224 730 2280 Sed
762 2242 869 2279 non
908 2225 1119 2279 idcirco
1154 2224 1453 2293 putandum
1483 2229 1566 2275 est
1604 2219 1965 2274 confessionis

399 2321 503 2389 legi
551 2320 794 2388 subjecta
836 2335 943 2372 non
982 2317 1171 2372 fuisse.
1200 2316 1334 2370 Nam
1381 2315 1616 2370 Basilius
1662 2317 1714 2366 in
1760 2312 1966 2382 Regalis

400 2411 759 2474 brevioribus,
816 2420 1103 2480 postquam
1137 2408 1285 2480 (reg.
1330 2408 1453 2477 288)
1515 2407 1704 2466 statuit
1746 2412 1967 2474 peccata

403 2503 470 2556 iis
500 2503 633 2557 solis
670 2501 979 2556 confitenda
1009 2516 1130 2554 esse
1155 2539 1168 2563 ,
1196 2501 1394 2568 quibus
1420 2497 1623 2558 credita
1652 2505 1735 2550 est
1755 2498 1970 2566 dispen-

399 2595 540 2648 satio
564 2594 947 2663 mystcriorum
983 2591 1095 2655 Dei,
1126 2592 1267 2644 hanc
1300 2592 1656 2659 qumstionem
1686 2589 1924 2643 instituit
1953 2609 1964 2642 :

411 2685 470 2737 ’0
507 2685 840 2754 μετανοήσας
875 2684 967 2734 ἐπὶ
1006 2683 1404 2752 ἁμαρτήματι,
1438 2682 1532 2734 καὶ
1570 2680 1730 2742 πάλιν
1779 2683 1860 2743 εἰς
1908 2681 1968 2732 τὸ

397 2768 531 2822 αὐτὸ
581 2767 836 2837 ἐμπεσὼν
888 2767 1225 2844 ἁμάρτημα,
1265 2767 1318 2818 τί
1374 2768 1586 2835 ποιήσει
1632 2771 1766 2834 (reg.
1809 2765 1968 2835 “289);

403 2857 509 2924 Qui
537 2859 892 2926 paznitentiam
932 2859 1032 2926 egit
1062 2857 1289 2925 peccati,
1333 2874 1394 2909 ac
1423 2873 1604 2909 rursus
1640 2857 1692 2908 in
1720 2855 1853 2908 idem
1887 2857 1970 2907 la-

403 2952 546 3004 bitur
572 2959 861 3017 peccatum,
901 2950 1025 3020 quid
1057 2949 1258 3018 faciet?
1289 2947 1537 3001 Declarat
1565 2946 1798 3001 Basilius
1824 2947 1972 3014 ejus-

401 3042 549 3096 modi
591 3043 838 3096 homines
879 3042 1085 3095 idcirco
1119 3041 1309 3101 relabi,
1343 3047 1469 3107 quia
1495 3039 1732 3092 radicem
1761 3038 1968 3108 peccati

402 3149 512 3188 non
541 3133 783 3187 tollunt:
828 3148 890 3186 ac
933 3133 1138 3201 profert
1186 3132 1418 3200 exempli
1455 3133 1575 3184 loco
1619 3131 1876 3184 invidiam
1915 3138 1967 3185 et

2064 629 2250 684 latenti
2273 626 2539 681 ablatione
2567 623 2668 678 sibi
2695 639 2801 676 rem
2829 620 3062 674 alienam
3089 621 3329 682 usurpat,
3359 629 3419 666 ac
3439 609 3624 665 deinde

2063 738 2154 792 per
2199 720 2583 789 confessionem
2615 725 2883 786 peccatum
2920 727 3073 766 suum
3116 705 3373 762 sacerdoti
3423 705 3624 772 aperit,

2060 831 2150 886 per
2179 812 2506 867 contrarium
2547 810 2671 862 vitio
2711 805 2944 861 studium
2985 800 3345 873 argritudinem
3377 797 3581 850 curabit
3605 810 3624 848 .-

2059 907 2175 960 dico
2217 913 2390 958 autem
2413 942 2427 965 ,
2462 898 2760 971 largiendo,
2795 912 2912 967 qua:
2955 894 3143 957 habet,
3184 889 3498 961 pauperibus
3523 927 3538 952 ,
3566 896 3626 940 ut

2060 1001 2185 1054 dum
2215 1014 2332 1069 quae
2369 997 2521 1050 habet
2546 993 2848 1065 profundit,
2889 1007 2942 1045 se
2971 989 3035 1043 ab
3067 987 3305 1042 avaritia:
3339 982 3520 1038 morbo
3559 981 3628 1034 li-

2064 1093 2242 1147 berum
2270 1101 2444 1162 aperte
2481 1086 2726 1142 ostendat
2760 1098 2778 1134 :
2813 1084 2894 1138 sin
2928 1091 3100 1136 autem
3134 1077 3264 1133 nihil
3297 1074 3442 1129 aliud
3482 1089 3626 1142 pra:-

2063 1193 2299 1253 terquam
2352 1181 2525 1236 solum
2573 1193 2759 1248 corpus
2802 1174 3011 1238 habeat,
3047 1171 3189 1242 jubet
3224 1166 3502 1237 Apostolus
3537 1179 3630 1232 per

2062 1274 2292 1329 laborem
2322 1271 2651 1340 corporalem
2685 1270 2732 1322 ei
2769 1267 2950 1322 morbo
2982 1263 3173 1318 mederi
3198 1261 3263 1313 δ’.
3295 1256 3500 1312 Similia
3529 1255 3629 1308 ba-

2061 1366 2150 1420 bet
2172 1364 2408 1418 Basilius
2437 1363 2504 1417 de
2546 1360 2731 1416 usuris
2758 1359 2901 1428 (can.
2936 1356 3024 1419 ﬂ,
3053 1369 3138 1424 ep.
3172 1351 3316 1422 188),
3357 1363 3494 1418 quas
3533 1346 3628 1415 qui

2033 1455 2294 1524 ‘accepit,
2326 1469 2450 1508 eum
2497 1467 2526 1505 a
2558 1449 2866 1506 sacerdotio
2897 1463 3004 1502 non
3037 1445 3306 1508 excludit,
3344 1441 3504 1496 modo
3539 1440 3630 1492 in-

2057 1547 2264 1618 justum
2298 1545 2511 1599 lucrum
2553 1544 2608 1597 in
2645 1555 2909 1613 pauperes
2939 1541 3176 1594 insumat
3203 1543 3258 1588 et
3290 1535 3358 1589 ab
3386 1531 3630 1587 avaritia:

2064 1637 2258 1692 morbo
2285 1635 2517 1690 liberum
2545 1647 2606 1689 se
2633 1632 2904 1688 exhibeat.

2135 1770 2222 1828 Ill.
2281 1767 2595 1831 Peccatum,
2645 1762 2790 1834 quod
2846 1777 2911 1816 ex
2945 1760 3124 1830 primo
3178 1770 3367 1810 omnes
3402 1758 3630 1823 parente

1992 1883 2035 1938 Β
2066 1863 2356 1926 traximus,
2393 1861 2472 1915 sic
2499 1855 2761 1926 praedicat
2782 1851 3036 1915 Basilius,
3065 1858 3125 1902 ut
3151 1847 3311 1900 facile
3342 1849 3517 1914 pateat
3543 1840 3631 1893 ni-

2069 1955 2142 2008 hil
2173 1953 2318 2007 aliud
2354 1951 2411 2006 S.
2446 1946 2813 2017 Augustinum
2856 1950 3048 1998 contra
3091 1937 3411 2007 Pelagianos
3439 1932 3630 1986 defen-

2065 2048 2250 2120 disse,
2280 2045 2381 2099 nisi
2433 2040 2576 2111 quod
2633 2042 2892 2110 perpetua
2939 2031 3198 2087 Ecclesiae
3249 2024 3633 2098 prtedicatione

2073 2114 2376 2196 constabat.
2427 2131 2671 2194 Exsolve,
2711 2127 2887 2198 inquit
2916 2124 3149 2178 Basilius
3195 2118 3382 2174 homil.
3437 2116 3492 2168 in
3542 2114 3632 2181 fa-

2067 2249 2199 2288 mem
2254 2247 2307 2300 p.
2369 2229 2469 2291 70,
2527 2231 2798 2295 peccatum
2855 2215 3252 2287 primigenium,
3313 2209 3632 2262 cibariorum

2069 2323 2365 2391 largitione.
2405 2311 2857 2382 Quemadmodum
2893 2307 3030 2361 enim
3072 2302 3245 2357 Adam
3280 2297 3511 2367 improbo
3541 2311 3633 2349 esu

2066 2420 2333 2482 percolunt
2384 2404 2676 2461 transmisit
2724 2415 2744 2454 :
2783 2400 2858 2453 sic
2909 2413 3002 2450 nos
3056 2393 3395 2448 insidiantem
3460 2402 3632 2441 escam

2070 2504 2361 2563 abolemus,
2403 2500 2449 2552 si
2489 2496 2675 2566 fratris
2723 2491 3082 2546 necessitatem
3139 2485 3428 2553 famemque
3477 2491 3635 2530 cura-

2070 2613 2208 2649 mus.
2242 2592 2301 2646 Et
2337 2593 2391 2644 in
2429 2587 2566 2657 psal.
2603 2601 2730 2640 xxtx
2794 2582 2883 2650 lp.
2928 2577 3063 2648 199)
3100 2595 3114 2632 :
3159 2573 3384 2628 Pulcher
3427 2566 3636 2639 quidem

2070 2702 2237 2746 eram,
2289 2683 2486 2751 inquit,
2543 2675 2826 2732 secundum
2873 2681 3142 2731 naturam,
3183 2665 3272 2720 sed
3318 2661 3634 2732 languidus,

2070 2785 2344 2847 propterea
2371 2769 2508 2842 quod
2539 2785 2604 2823 ea:
2633 2764 2883 2834 serpentis
2923 2759 3132 2814 insidiis
3161 2763 3370 2824 peccato
3396 2761 3637 2805 mortuus

2071 2886 2237 2924 eram.
2263 2866 2401 2920 Alibi
2447 2865 2523 2926 (in
2553 2860 2690 2928 psal.
2741 2872 2914 2921 xxx",
2953 2871 3008 2925 p.
3064 2848 3186 2921 £39)
3225 2853 3380 2901 vocat
3414 2856 3639 2912 serpen-

2073 2970 2180 3015 tem
2234 2957 2442 3030 peccati
2485 2960 2788 3007 auctorem.
2852 2947 3054 3001 Ibidem
3091 2942 3164 3010 (p.
3215 2937 3336 3002 1⁵55)
3367 2955 3380 2988 :
3415 2933 3640 3001 Propter

2076 3048 2559 3110 condemnationem
2591 3045 2642 3096 in
2676 3057 2770 3094 nos
2797 3038 2858 3092 ob
2894 3044 3164 3106 peccatum
3204 3029 3469 3098 prolatam
3498 3033 3641 3076 terra

2077 3143 2323 3200 dicimur,
2373 3153 2467 3190 nos
2495 3133 2584 3204 qui
2626 3148 2657 3183 a
2695 3129 2798 3183 Deo
2847 3125 3196 3180 audivimus:
3239 3137 3256 3168 ι
3299 3116 3462 3170 Terra
3493 3123 3639 3174 es,et

397 3225 673 3296 jurgium,
702 3240 822 3294 qua-
862 3240 928 3278 ex
973 3225 1154 3278 radice
1195 3225 1399 3278 amoris
1443 3224 1630 3292 gloriae
1668 3224 1954 3292 pullulant.
2002 3214 2045 3272 C
2079 3235 2132 3287 in
2163 3242 2353 3284 εει-ταηι
2384 3203 2513 3280 ibis.
2540 3244 2558 3275 ι
2595 3221 2656 3274 Ει
2687 3221 2740 3274 in
2772 3217 2909 3287 psal.
2950 3229 3119 3268 sum
3154 3213 3228 3280 (p.
3268 3206 3391 3276 158)
3419 3224 3433 3259 :
3459 3203 3644 3270 Quan-

409 3317 562 3372 Unde
606 3319 685 3372 sic
723 3317 1039 3371 concludit:
1102 3315 1161 3370 Si
1211 3317 1326 3384 quis
1353 3357 1366 3379 ,
1418 3317 1601 3386 igitur,
1633 3318 1722 3369 ubi
1757 3333 1810 3370 se
1858 3317 2003 3394 ipse‘

405 3409 564 3463 semel
606 3409 1020 3462 condemnaverit
1064 3408 1273 3462 invidiae
1323 3417 1416 3461 aut
1447 3407 1647 3476 jurgii,
1682 3408 1736 3461 in
1791 3407 1969 3461 eadem

409 3517 592 3554 rursus
638 3501 870 3563 incidat;
906 3501 1102 3554 noverit
1143 3517 1196 3552 se
1235 3515 1298 3553 eat
1338 3500 1596 3569 primaria
1644 3501 1854 3554 invidia:
1883 3508 1973 3553 aut

399 3593 570 3664 jurgii
599 3611 783 3657 causa,
810 3595 991 3663 gloria:
1029 3595 1204 3648 studio
1231 3596 1285 3648 in
1309 3594 1505 3647 intimis
1533 3591 1797 3646 laborare.

482 3731 763 3798 Ejusmodi
821 3746 954 3799 ergo
1004 3740 1223 3798 peccata
1276 3739 1620 3784 sacerdotum
1676 3727 1978 3797 prudentia:

408 3825 649 3878 curanda
693 3824 1186 3893 permittebantur:
1237 3821 1330 3876 sed
1373 3837 1478 3875 non
1522 3821 1728 3876 idcirco
1763 3819 1978 3875 confes-

408 3915 584 3970 sionis
628 3915 729 3985 legi
780 3915 1262 3969 subtrahebantur.
1314 3915 1491 3983 Atque
1549 3914 1603 3968 id
1653 3912 1980 3967 confirmare

409 4019 704 4075 possumus
735 4005 1050 4060 testimonio
1081 4004 1329 4074 Gregorii
1363 4003 1613 4075 Nysseni,
1646 4004 1738 4072 qui
1771 4019 1892 4056 cum
1924 4003 1978 4056 in

411 4096 642 4165 epistola
674 4097 937 4151 canonica
961 4105 1242 4166 queratur,
1271 4096 1415 4166 quod
1452 4095 1519 4150 de
1549 4095 1827 4150 nonnullis
1855 4109 1983 4165 pec-

413 4187 590 4248 catis,
643 4189 822 4256 qualia
873 4195 1001 4241 sunt
1065 4188 1311 4241 convicia
1362 4187 1438 4258 (p.
1489 4187 1648 4258 119),
1695 4189 1982 4243 maledicta

414 4279 493 4346 (p.
543 4277 706 4348 1°21),
742 4294 907 4333 usura
952 4288 1006 4334 et
1051 4280 1355 4334 alienarum
1405 4295 1586 4333 rerum
1635 4278 1737 4334 sub
1779 4277 1980 4348 negotii

414 4376 678 4438 praetextu
710 4379 934 4438 raptus,
967 4369 1173 4424 conditi
1219 4386 1248 4422 a
1288 4370 1541 4425 Patribus
1585 4385 1825 4426 canones
1873 4385 1983 4423 non

419 4461 642 4523 fuerint,
689 4476 789 4514 nec
832 4470 1042 4514 tantum
1075 4462 1176 4516 sibi
1214 4463 1561 4517 auctoritatis
1610 4470 1893 4527 assumat,
1924 4469 1985 4515 ut

2077 3323 2355 3396 doquidem
2386 3322 2444 3383 ii,
2477 3319 2564 3388 qui
2595 3315 2709 3370 ideo
2742 3310 2907 3366 creati
2935 3315 3086 3362 erant
3121 3312 3179 3356 ut
3212 3299 3430 3354 Domino
3480 3293 3643 3349 serui-

2077 3383 2228 3476 r-en't,
2283 3411 2377 3467 sub
2427 3383 2627 3465 inimici
2674 3401 2920 3463 servitute
2976 3390 3374 3451 detinebantur,
3425 3383 3643 3437 illorum

2087 3511 2292 3565 animas
2314 3505 2539 3574 pretioso
2565 3515 2660 3556 suo
2691 3495 2947 3566 sanguine
2968 3489 3210 3543 redimet.

2150 3639 2302 3707 Sarpe
2329 3635 2464 3687 alias
2493 3630 2728 3685 Basilius
2756 3626 2823 3680 de
2860 3628 3082 3693 peccato
3118 3614 3427 3707 primorum.
3449 3619 3648 3707 paren-

2080 3744 2191 3786 tum
2240 3695 2503 3797 loquitur,
2539 3730 2598 3775 ut
2640 3721 2707 3774 de
2742 3712 2926 3785 culpa'
2956 3718 3300 3779 nequaquam
3349 3695 3544 3753 Adami
3592 3702 3648 3749 et

2079 3823 2203 3876 Eva:
2233 3791 2472 3889 prdpria,
2521 3813 2615 3868 sed
2668 3811 2735 3865 ad
2783 3821 2972 3863 eorum
3025 3810 3270 3872 posteros
3319 3791 3646 3864 pertinente.

2080 3886 2348 3974 Adamus,
2376 3909 2549 3978 inquit
2588 3907 2643 3959 in
2670 3901 2861 3957 homil.
2903 3899 2972 3954 de
3029 3908 3118 3953 eo.
3171 3888 3324 3955 Quod
3369 3886 3649 3978 Deus-nou

2080 4015 2158 4060 est
2214 3973 2400 4058 auctor
2432 3973 2698 4062 malorum
2745 3995 2899 4052 ltom.
2931 3987 2999 4049 ll,
3037 4002 3093 4055 p.
3127 3983 3239 4052 79),
3285 3973 3564 4035 secedendo
3613 3987 3650 4025 α

2082 4097 2190 4151 Deo
2225 4104 2443 4148 mortem
2481 4087 2728 4144 conscivit
2759 4083 2862 4138 sibi
2897 4080 3020 4151 ipsi,
3040 4077 3201 4146 juxta
3243 4071 3298 4126 id
3339 4066 3478 4137 quod
3517 4063 3651 4118 scri-

2081 4199 2227 4259 ptum
2255 4194 2332 4240 est
2367 4200 2386 4239 :
2424 4202 2441 4234 ι
2477 4181 2606 4236 Ecce
2632 4179 2718 4249 qui
2742 4177 2986 4244 elongant
3018 4185 3072 4222 se
3101 4184 3132 4220 a
3164 4174 3230 4227 te,
3263 4159 3503 4230 peribunt
3523 4155 3589 4208 ".
3625 4172 3644 4206 ι

2084 4279 2174 4334 Sic
2203 4293 2306 4331 non
2333 4274 2526 4329 creavit
2558 4271 2698 4324 Deus
2732 4274 2975 4326 mortem,
3003 4259 3092 4314 sed
3115 4272 3209 4311 nos
3243 4253 3397 4308 nobis
3423 4248 3551 4317 ipsis
3585 4259 3653 4299 ea:

2085 4388 2249 4437 prava
2273 4377 2440 4422 mente
2472 4381 2589 4420 eam
2614 4358 3005 4416 accersivimus.
3047 4351 3162 4404 Non
3189 4341 3545 4402 omittendum
3569 4344 3654 4392 est

2087 4465 2300 4534 insigne
2345 4457 2718 4514 testimonium
2762 4467 2827 4507 ex
2877 4449 3036 4518 epist.
3079 4442 3206 4505 261,
3244 4455 3300 4492 n.
3349 4433 3406 4498 2,
3452 4432 3542 4487 ubi
3573 4429 3654 4485 sic

417 4549 686 4617 eiusmOdi
733 4551 1032 4605 constituat
1081 4567 1353 4617 canones;
1395 4553 1508 4607 haec
1539 4561 1718 4608 tamen
1763 4562 1982 4622 peccata
2013 4521 2324 4625 Dloquitur
2347 4550 2620 4605 Basilius:
2667 4544 2867 4612 Itaque,
2903 4539 2950 4594 si
3001 4533 3212 4590 Domini
3251 4531 3311 4582 in
3362 4541 3518 4580 carne
3557 4521 3656 4575 ad-

416 4640 751 4697 confessioni
823 4642 1068 4711 subjecta
1122 4659 1245 4699 esse
1296 4644 1584 4699 manifeste
1631 4645 1868 4707 indicat,
1918 4660 1982 4700 ac

417 4749 635 4790 summo
679 4734 862 4790 studio
906 4751 935 4788 a
985 4735 1364 4791 sacerdotibus
1405 4738 1672 4792 curanda.
1713 4736 1803 4792 Sic
1841 4738 1985 4792 enim

417 4821 661 4892 loquitur
681 4823 747 4877 de
773 4823 866 4877 illo
895 4823 1036 4877 inter
1063 4825 1456 4893 negotiandum
1483 4828 1672 4882 aliena:
1691 4828 1767 4882 rei
1795 4837 1986 4898 raptu:

429 4912 490 4966 '0
517 4914 574 4967 δὲ
598 4914 664 4966 δι’
692 4913 1032 4985 ὑφαιρέσεως
1056 4915 1422 4988 λανθανούσης
1452 4916 1902 4989 σφετεριζόμενος
1928 4918 1989 4971 τὸ

419 5003 715 5076 ἀλλότριον,
764 5000 880 5058 εἶτα
941 5006 1007 5058 δι’
1057 5006 1460 5078 ὲξαγορεύσεως
1499 5009 1561 5061 τὸ
1611 5008 1991 5080 πλημμέλημα

422 5093 585 5146 αὑτοῦ
617 5095 694 5164 τῷ
721 5097 857 5166 ἱερεῖ
884 5095 1225 5166 φανερώσας,
1255 5096 1355 5166 τῆς
1382 5097 1508 5167 περὶ
1535 5097 1596 5150 τὸ
1627 5097 1870 5151 ἐναντίον
1895 5099 1990 5151 τοῦ

427 5181 630 5246 πάθους
660 5185 860 5256 σπουδῇ
896 5185 1225 5258 Θεραπεύσει
1253 5185 1352 5256 τὴν
1384 5187 1696 5258 ἀρρωστίαν
1718 5203 1730 5214 ·
1764 5187 1908 5256 λέγω
1935 5188 1992 5240 δὲ

422 5272 512 5326 διὰ
542 5272 634 5325 τοῦ
667 5273 736 5326 τὰ
767 5277 1038 5346 προσόντα
1068 5276 1325 5348 παρέχειν
1357 5280 1470 5340 τοῖς
1509 5276 1755 5346 πένησιν.
1791 5278 1876 5330 ἵνα

424 5357 688 5430 προέσθαι
719 5357 756 5411 ἃ
787 5359 899 5429 ἔχει
921 5401 935 5422 ,
968 5363 1198 5434 φανερὸς
1254 5363 1480 5433 γένηται
1527 5364 1846 5435 καθαρεύων
1893 5363 1991 5434 τῆς

423 5443 570 5497 κατὰ
598 5443 908 5512 πλεονεξίαν
934 5447 1088 5501 νόσου
1113 5467 1126 5479 ·
1148 5451 1197 5501 εἱ
1221 5449 1279 5503 δὲ
1304 5449 1469 5520 μηδὲν
1499 5448 1632 5520 ἔχοι,
1667 5452 1824 5521 μόνον
1849 5451 1904 5505 δὲ
1932 5453 1994 5505 τὸ

427 5539 586 5608 σῶμα
620 5537 752 5607 ἔχοι,
788 5537 998 5591 κελεύει
1027 5543 1056 5594 ὁ
1084 5541 1416 5607 Ἀπόστολος,
1451 5541 1538 5594 διὰ
1562 5541 1653 5596 τοῦ
1685 5545 1994 5615 σωματικοῦ

502 5805 545 5837 ⁸³
584 5803 781 5874 Lphcs.
819 5821 890 5870 Iv,
925 5803 1017 5858 28.
1092 5801 1137 5833 ⁸⁸
1167 5801 1498 5870 Psal.uxn,
1526 5799 1614 5854 27.

2087 4617 2270 4704 ventus
2295 4660 2398 4699 non
2439 4641 2560 4711 fuit,
2589 4654 2693 4692 non
2721 4633 2865 4688 dedit
2893 4629 3204 4694 Redemptor
3232 4638 3326 4691 pro
3361 4617 3508 4672 nobis
3537 4631 3656 4685 pre-

2090 4742 2222 4794 tium
2252 4735 2433 4797 morti,
2456 4749 2547 4787 nec
2569 4747 2660 4800 per
2690 4728 2915 4794 seipsum
2948 4720 3134 4775 mortis
3167 4728 3380 4784 regnum
3409 4707 3650 4763 resecuit.

2096 4827 2154 4884 Si
2190 4827 2326 4881 enim
2355 4820 2503 4876 aliud
2526 4798 2681 4880 esset,
2720 4813 2860 4886 quod
2893 4808 3080 4864 mortis
3112 4803 3328 4872 imperio
3365 4798 3656 4868 subjectum

2094 4930 2229 4982 erat,
2260 4916 2408 4971 aliud
2439 4911 2574 4984 quod
2596 4915 2927 4974 assumptum
2965 4919 2998 4954 a
3037 4898 3257 4952 Domino
3281 4909 3299 4958 ;
3339 4908 3440 4946 non
3470 4888 3658 4942 desiis-

2094 5022 2170 5067 set
2202 5025 2340 5064 mors
2372 5024 2432 5060 ea
2453 5020 2568 5076 qua:
2607 5017 2708 5055 sua
2741 5007 2884 5060 sunt,
2926 4991 3154 5062 operari,
3187 5003 3277 5042 nec
3309 4985 3514 5038 lucrum
3564 4996 3659 5034 no-

2097 5116 2267 5160 strum
2301 5103 2457 5170 factm
2493 5098 2713 5167 fuissent
2754 5090 2965 5158 deiferaz
2995 5083 3169 5139 carnis
3194 5077 3463 5147 passiones
3501 5089 3520 5126 :
3555 5087 3661 5126 non

2095 5194 2441 5250 interemisset
2477 5194 2748 5258 peccatum
2789 5184 2842 5236 in
2893 5194 3047 5233 carne
3084 5191 3101 5229 :
3145 5190 3245 5227 non
3288 5168 3499 5222 Christo
3529 5165 3659 5219 viri-

2097 5286 2245 5354 ﬁcati
2271 5282 2575 5352 fuissemus,
2609 5274 2698 5345 qui
2727 5286 2938 5326 eramus
2971 5267 3027 5320 in
3065 5265 3270 5318 Adamo
3299 5257 3529 5320 mortui;
3560 5270 3662 5307 non

2107 5348 2372 5430 resartum
2407 5370 2616 5440 fuisset,
2642 5361 2780 5434 quod
2818 5360 3106 5427 collapsum
3135 5360 3285 5415 erat;
3327 5365 3429 5403 non
3462 5348 3666 5400 instau-

2104 5477 2304 5532 ratum,
2369 5435 2507 5534 quod
2552 5457 2919 5527 confractum;
2982 5465 3084 5503 non
3143 5443 3476 5512 conjunctum
3531 5435 3664 5499 Deo,

2109 5557 2246 5632 quod
2278 5527 2529 5623 serpentis
2555 5546 2743 5620 fraude
2779 5545 2949 5616 fuerat
2981 5536 3358 5593 abalienatum.
3389 5530 3444 5585 In
3485 5527 3667 5583 libros
