3972 6218
267 405 324 464 61
1655 409 2042 468 ΡΒᾹΞΡΑΤΙΟ.
3386 433 3402 445 ·
3431 412 3496 469 69

269 519 340 573 De
387 518 643 585 baptismo
703 517 819 572 haec
864 518 1119 588 leguntur
1169 520 1311 588 (cap.
1344 517 1397 584 2,
1429 517 1574 588 ιι.;7)
1617 537 1631 572 :
1679 517 1824 572 Illud
1856 528 1900 582 Α
1929 537 2032 574 non
2076 521 2362 589 accepisti?
2402 520 2540 589 quod
2582 521 2630 574 si
2669 520 2829 573 etiam
2883 521 3146 588 accepisti,
3205 537 3328 591 quia
3386 526 3492 592 glo.

268 612 438 681 igitur,
457 627 476 660 ι
495 609 692 670 denuo,
707 629 724 660 ι
745 609 980 662 arbitror
1004 611 1196 678 prioris
1224 611 1595 680 generationis,
1628 627 1751 681 qua!
1774 612 1830 665 in

267 712 584 771 peccatorum
616 701 863 755 sordibus
893 702 1038 770 facta
1079 711 1178 770 est,
1207 701 1623 755 emendationem
1650 715 1827 756 osten-

266 798 394 854 dere.
423 812 542 849 cum
569 795 673 850 Job
701 795 844 848 dicat
877 811 896 849 ι
934 815 952 846 ι
987 795 1157 849 Nemo
1195 811 1358 863 purus
1396 807 1474 850 est
1497 813 1529 848 a
1555 795 1828 863 sordibus,

267 905 323 941 ne
343 889 388 940 si
421 905 558 941 unus
589 887 798 956 quidem
849 887 960 941 dies
989 888 1056 939 sit
1087 888 1197 940 vita
1239 888 1351 956 ejus
1380 887 1458 950 "i;
1507 907 1527 937 ι
1562 895 1612 940 et
1656 886 1828 939 David

270 979 451 1047 lugeat,
477 993 538 1029 ac
571 976 764 1029 dicat:
801 993 821 1026 ι
864 974 930 1028 In
970 975 1336 1045 iniquitatibus
1377 985 1653 1046 conceptus
1689 993 1828 1037 sum,

266 1081 312 1127 et
333 1072 381 1124 in
400 1071 623 1138 peccatis
656 1068 889 1135 concepit
912 1083 989 1120 me
1020 1075 1186 1119 mater
1214 1083 1328 1120 mea
1353 1067 1428 1131 ¹⁴⁵;
1453 1087 1469 1118 ι
1487 1067 1830 1135 etApostolus

270 1161 340 1214 ita
358 1171 674 1214 contestetur
699 1174 718 1211 :
755 1177 774 1209 s
826 1157 1018 1213 Omnes
1049 1159 1186 1210 enim
1207 1167 1570 1227 peccaverunt,
1607 1170 1654 1212 et
1684 1166 1832 1228 egent

270 1253 427 1323 gloria
459 1251 578 1316 Dei,
605 1252 892 1322 justi/ictui
931 1251 1098 1320 gratis
1141 1267 1232 1318 per
1275 1249 1504 1318 gratiam
1539 1249 1704 1316 ipsius
1740 1263 1832 1316 per

271 1345 657 1412 redemptionem
687 1361 804 1416 quia
828 1353 906 1398 est
939 1346 994 1398 in
1016 1342 1236 1398 Christo
1276 1339 1426 1406 Iesu,
1463 1356 1614 1408 quem
1643 1356 1832 1410 propo-

270 1439 365 1490 suit
424 1437 561 1490 Deus
627 1437 1053 1506 propitiationem
1105 1452 1198 1505 per
1253 1434 1411 1504 [idem
1471 1436 1525 1488 in
1579 1436 1830 1503 sanguine

272 1529 425 1596 ipsius
455 1528 523 1582 “.
559 1547 578 1579 ι
613 1528 948 1595 Quapropter
965 1528 1124 1581 etiam
1151 1537 1482 1596 peccatorum
1503 1527 1650 1580 venia
1672 1525 1832 1578 datur

272 1619 604 1684 credentibus,
639 1619 866 1672 Domino
897 1620 1011 1688 ipso
1031 1619 1233 1672 dicente
1261 1635 1280 1671 :
1317 1636 1335 1668 t
1374 1617 1478 1671 Hic
1497 1625 1574 1672 est
1610 1617 1830 1687 sanguis

273 1729 404 1766 meus
451 1713 567 1766 novi
607 1713 940 1774 testamenti,
980 1713 1069 1781 qui
1103 1727 1199 1779 pro
1243 1710 1423 1764 multis
1461 1711 1749 1778 effunditur
1776 1710 1829 1763 in

273 1804 614 1857 remissionem
647 1812 979 1871 peccatorum
992 1803 1034 1833 ⁸⁷
1055 1821 1068 1855 :
1092 1821 1110 1852 ι
1130 1801 1572 1872 quemadmodum
1604 1801 1830 1868 Aposto-

1933 616 2094 670 riaris
2143 619 2299 688 quasi
2355 634 2456 671 non
2507 619 2776 686 acceperis
2816 618 2902 672 ὀἳ
2957 638 2975 668 ι
3042 617 3163 671 Non
3219 629 3274 673 tu
3328 618 3495 676 Deum

1931 711 2216 778 cognovisti
2252 724 2342 778 per
2379 719 2523 762 tuam
2556 709 2966 778 justitiam;sed
3005 709 3146 765 Deus
3186 714 3421 786 cognouit
3451 721 3494 770 tt

1930 809 2143 866 propter
2170 817 2321 853 suam
2351 799 2654 854 bonitatem.
2685 819 2704 852 ι
2743 801 2875 855 Cum
2922 804 3264 872 cognoveritis
3309 803 3495 870 Deum,

1930 888 2122 958 inquit,
2170 891 2259 954 qui
2289 891 2464 956 potius
2505 891 2699 960 cogniti
2749 891 2866 944 sitis
2901 908 2933 943 a
2966 890 3074 945 Deo
3103 893 3169 944 ³¹.
3215 911 3232 943 ι
3275 891 3400 948 Non
3443 903 3496 948 ts

1930 981 2319 1048 apprehendisti
2342 982 2613 1036 Christum
2637 1000 2728 1052 per
2759 986 3022 1048 virtutem,
3055 984 3145 1038 sed
3178 984 3422 1041 Christus
3450 995 3496 1043 le

1936 1093 2029 1146 per
2056 1094 2208 1130 suum
2235 1076 2509 1132 adventum
2541 1079 2900 1146 apprehendit.
2936 1097 2954 1130 ι
2994 1078 3271 1149 Insequar.
3305 1081 3496 1149 inquit,

1929 1169 1976 1221 si
2000 1169 2158 1220 etiam
2188 1168 2595 1237 apprehendam,
2627 1169 2682 1221 in
2717 1185 2818 1238 quo
2846 1177 2895 1221 et
2917 1169 3269 1236 apprehensus
3317 1186 3433 1223 sum
3465 1187 3497 1224 a

1931 1256 2140 1311 Christo
2165 1259 2230 1310 ³².
2261 1257 2383 1310 Νοη
2414 1274 2500 1312 vos
2530 1274 2609 1312 me
2653 1258 2906 1327 elegistis,
2945 1259 3111 1328 inquit
3151 1257 3409 1313 Dominus
3429 1261 3498 1327 ⁸³,

1930 1346 2020 1400 sed
2047 1363 2138 1416 ego
2168 1347 2296 1416 elegi
2329 1365 2436 1402 vos.
2479 1367 2496 1400 ι
2527 1348 2609 1401 An
2643 1349 2892 1417 quoniam
2933 1349 3126 1402 honore
3173 1350 3393 1417 affectus
3421 1365 3498 1417 es,

1929 1437 2177 1508 gloriaris
2204 1449 2251 1492 et
2276 1439 2689 1493 misericordiam
2723 1440 3046 1494 occasionem
3076 1442 3269 1509 arripis
3321 1457 3498 1509 super-

1932 1525 2142 1581 biendi?
2175 1525 2240 1579 Et
2271 1537 2392 1582 tunc
2447 1545 2732 1598 cognoscas
2783 1531 3036 1597 teipsum,
3072 1531 3188 1598 quis
3239 1529 3336 1593 sis,
3364 1530 3499 1585 velut

1929 1614 2101 1668 Adam
2133 1619 2326 1679 eiectus
2355 1633 2382 1670 e
2413 1617 2686 1684 paradiso,
2714 1617 2851 1671 velut
2878 1617 3010 1672 Saul
3035 1617 3272 1672 desertus
3301 1636 3333 1672 a
3366 1617 3491 1688 Spi-

1930 1706 2037 1759 ritu
2064 1705 2176 1769 Dei,
2200 1707 2334 1760 velut
2355 1706 2523 1762 Israel
2547 1726 2579 1762 a
2601 1707 2780 1762 radice
2805 1719 2991 1762 sancta
3019 1719 3268 1763 resectus.
3299 1729 3316 1760 ι
3344 1708 3498 1772 Fide,

1930 1798 2118 1866 inquit,
2146 1806 2258 1851 stas
2292 1815 2309 1851 :
2339 1800 2445 1853 noli
2477 1799 2646 1852 altum
2684 1817 2886 1869 sapere,
2933 1801 3022 1854 sed
3069 1802 3194 1855 time
3243 1801 3311 1855 ⁵⁸.
3349 1821 3369 1849 ι
3400 1801 3500 1854 Ju-

275 1893 347 1944 lus
376 1908 556 1945 rursus
589 1902 838 1955 testatur,
873 1891 1049 1945 dicens
1089 1907 1108 1945 :
1144 1910 1163 1942 ι
1208 1890 1506 1945 Secundum
1547 1889 1831 1958 beneplaci-
1865 1873 1904 1927 Β
1930 1886 2126 1940 dicium
2177 1888 2412 1957 sequitur
2460 1891 2729 1958 gratiam;
2775 1899 2822 1943 et
2864 1890 3124 1960 quomodo
3181 1889 3323 1944 datis
3368 1908 3496 1947 usus

195 1971 203 1981 ’
274 1990 372 2034 tum
403 1981 689 2035 voluntatis
731 1997 865 2044 suae,
907 1981 958 2033 in
1007 1979 1215 2034 laudem
1243 1981 1429 2050 gloria:
1461 1980 1651 2048 gratia:
1691 1995 1824 2042 suae,

274 2070 322 2121 in
346 2086 442 2138 qua
478 2071 802 2138 gratiﬁcavit
834 2086 926 2123 nos
953 2069 1008 2122 in
1031 2068 1243 2130 dilecto,
1265 2069 1316 2120 in
1349 2085 1450 2138 quo
1476 2067 1724 2121 habemus
1753 2083 1830 2120 re-

273 2160 606 2229 demptionem
630 2176 726 2225 per
759 2160 1067 2229 sanguinem
1105 2159 1240 2228 ejus,
1270 2161 1622 2213 remissionem
1644 2174 1829 2227 pecca-

275 2256 450 2306 torum,
487 2248 781 2300 secundum
822 2247 1034 2301 diuitias
1067 2249 1254 2317 gratite
1283 2246 1396 2314 ejus
1432 2247 1495 2300 de
1533 2263 1635 2316 qua
1665 2248 1820 2300 nobis

275 2334 540 2402 impertiuit
585 2335 817 2389 ubertim
862 2337 943 2400 ‘9;
998 2355 1016 2388 ι
1063 2345 1120 2390 ut
1152 2337 1594 2405 quemadmodum
1649 2346 1830 2390 statua

273 2429 481 2482 contrita
511 2444 575 2480 ac
623 2428 925 2496 confracta,
975 2430 1174 2482 amissa
1224 2430 1358 2499 regis
1395 2429 1570 2499 forma
1609 2431 1827 2491 eximia,

275 2513 425 2568 denuo
452 2516 824 2585 conformatur
856 2535 888 2570 a
920 2519 1156 2584 sapiente
1187 2518 1394 2586 artiﬁce
1426 2535 1490 2572 ac
1530 2518 1665 2572 bono
1715 2518 1831 2585 opi-

273 2608 375 2671 ﬁce,
402 2606 628 2675 gloriam
665 2609 834 2674 operis
887 2607 970 2660 sui
1023 2607 1369 2671 resarciente,
1408 2618 1565 2678 atque
1600 2609 1828 2675 pristino

271 2696 518 2762 splendori
584 2699 889 2752 restituitur
933 2713 952 2751 :
998 2699 1074 2752 sic
1125 2700 1284 2752 etiam
1326 2715 1420 2752 nos
1461 2699 1522 2751 ob
1581 2701 1828 2767 prlecepti

274 2791 729 2858 transgressionem
768 2789 907 2843 male
958 2791 1163 2858 a/Tecti,
1211 2791 1348 2843 velut
1396 2793 1650 2858 scriptum
1711 2801 1825 2856 est,

280 2897 297 2933 I
331 2877 490 2933 Homo
524 2897 646 2934 cum
676 2882 730 2933 in
760 2883 952 2934 honore
1006 2891 1161 2944 esset,
1215 2899 1318 2935 non
1356 2883 1635 2948 intellexit,
1688 2901 1830 2938 com-

271 2981 470 3036 paratus
491 2973 844 3041 estjumentis
888 2973 1276 3041 insipientibus,
1314 2983 1364 3027 et
1412 2976 1602 3028 similis
1654 2977 1827 3044 factus

271 3073 340 3120 est
362 3066 463 3118 illis
486 3066 554 3129 δ’,
597 3087 615 3120 ι
653 3069 722 3120 ad
751 3068 1032 3135 pristinam
1067 3068 1312 3138 imaginis
1353 3067 1446 3121 Dei
1479 3068 1705 3139 gloriam
1740 3085 1825 3122 re-

272 3173 512 3212 011681ηαῖ.

334 3333 414 3390 IV.
454 3333 545 3390 Sic
583 3335 838 3390 aliectum
875 3335 1150 3390 hominem
1183 3335 1446 3405 indigere,
1481 3345 1538 3390 ut
1568 3351 1692 3390 eum
1730 3333 1826 3389 Dei

273 3429 431 3494 gratia
459 3429 782 3496 praeveniat,
817 3434 871 3481 et
909 3443 1106 3481 novam
1153 3429 1204 3481 ei
1248 3429 1580 3482 creationem
1630 3427 1834 3496 imper-

273 3517 382 3582 tiat,
418 3520 651 3573 miriﬁce
694 3519 941 3588 pluribus
995 3519 1133 3573 locis
1178 3518 1521 3573 demonstrat
1565 3518 1823 3581 Basilius,

275 3609 418 3676 cujus
451 3609 772 3664 testimonia
815 3609 1074 3664 nonnulla
1129 3609 1219 3662 hic
1273 3624 1632 3678 apponemus.
1685 3607 1832 3661 Unde

275 3712 381 3750 tero
405 3698 636 3766 facultas
685 3698 833 3760 mihi,
873 3698 1052 3766 inquit
1089 3699 1146 3750 in
1197 3697 1337 3766 psal.
1383 3714 1510 3752 χχιιι
1556 3697 1630 3767 (p.
1680 3699 1827 3767 125),

277 3796 320 3838 te
342 3787 607 3840 exoltandi
640 3802 660 3840 :
697 3785 959 3852 Quoniam
994 3795 1048 3840 tu
1070 3803 1151 3840 me
1175 3787 1501 3854 praeveniens
1537 3783 1832 3854 suscepisti.

283 3875 542 3947 Perspicue
564 3878 728 3942 dixit,
765 3897 784 3929 ι
826 3877 1120 3947 Suscepisti
1153 3896 1253 3942 me,
1301 3898 1320 3931 ι
1355 3895 1451 3946 pro
1497 3897 1517 3928 ι
1553 3878 1836 3932 sublevasti

279 3987 366 4031 me,
407 3992 426 4025 ›
461 3983 510 4027 et
549 3973 876 4043 superiorem
927 3970 1318 4040 insurgentibus
1363 3971 1417 4024 in
1475 3987 1555 4024 me
1592 3969 1829 4037 eiecisti.

287 4060 442 4114 Veluti
474 4065 522 4116 si
549 4065 668 4132 quis
692 4077 909 4130 puerum
938 4062 1234 4131 quempiam
1263 4059 1489 4114 natandi
1531 4061 1832 4127 imperitum

279 4168 424 4204 manu
451 4154 762 4220 suscipiens,
789 4167 910 4205 eum
936 4151 1086 4220 aquis
1119 4151 1364 4204 altiorem
1408 4151 1689 4204 sustineat.
1731 4149 1836 4215 Qui

279 4240 443 4309 igitur,
474 4243 772 4312 opitulante
803 4242 932 4304 Deo,
961 4258 994 4295 a
1031 4257 1157 4296 casu
1177 4242 1436 4310 exsurgit,
1469 4242 1516 4294 is
1547 4241 1688 4310 gr-ati
1719 4243 1836 4292 ani-

281 4333 347 4384 mi
376 4334 764 4402 signiﬁcatione
802 4348 892 4401 per
930 4332 1066 4386 bona
1107 4348 1266 4400 opera
1311 4333 1688 4387 exultationem
1729 4334 1836 4386 Deo

279 4423 558 4491 pollicetur.
589 4426 697 4476 Aut
733 4425 869 4476 velut
899 4424 945 4476 si
972 4407 1087 4491 quis
1127 4423 1347 4478 debilem
1390 4426 1686 4493 quempiam
1759 4423 1839 4477 lu-

282 4519 521 4566 ctatorem
549 4511 878 4580 suﬁ‘ulciens,
910 4509 973 4562 ab
1001 4511 1301 4566 imminente
1343 4512 1496 4581 lapsu
1531 4513 1732 4574 liberet,
1774 4529 1836 4566 ac

283 4602 587 4657 colluctante
614 4602 802 4657 reddat
837 4604 1151 4672 superiorem
1184 4621 1202 4658 :
1237 4605 1318 4658 illi
1356 4607 1565 4675 quidem
1609 4607 1840 4661 uictoria:

283 4694 460 4762 prabet
486 4696 835 4751 occasionem.
866 4695 984 4749 huic
1016 4713 1134 4751 vero
1161 4707 1459 4766 conceptam
1487 4698 1552 4752 de
1571 4699 1724 4768 lapsu
1754 4700 1836 4754 al-

289 4789 436 4841 terius
468 4789 708 4843 la'titiam
731 4788 939 4842 adimit.
973 4788 1109 4844 Vide
1131 4790 1376 4858 ejusdem
1407 4791 1531 4845 hom
1544 4792 1649 4846 ilise
1678 4810 1735 4845 n.
1782 4794 1837 4856 5,

285 4894 335 4947 p.
375 4879 508 4945 426;
542 4888 598 4935 et
645 4896 702 4935 ιι.
751 4881 805 4943 5,
854 4896 910 4951 p.
957 4881 1080 4945 129,
1133 4891 1186 4936 et
1237 4883 1398 4936 aliam
1458 4884 1736 4938 homiliam
1785 4886 1840 4939 in

287 4968 534 5036 psalmum
557 4985 703 5032 XLIV,
731 4985 787 5024 ιι.
818 4969 872 5034 4,
897 4978 951 5024 et
977 4986 1089 5040 reg.
1114 4972 1306 5026 moral.
1333 4972 1422 5036 55,
1447 4981 1502 5028 et
1529 4974 1585 5026 in
1608 4971 1834 5039 Isaiam,

290 5074 341 5129 p.
379 5061 495 5115 610.
544 5061 611 5115 Et
652 5063 707 5116 in
761 5062 983 5115 homilia
1039 5063 1116 5117 De
1170 5065 1468 5119 humilitate
1521 5065 1598 5136 (p.
1651 5066 1778 5138 159)
1820 5085 1835 5122 :

294 5147 436 5202 Nihil
479 5150 616 5205 unde
661 5152 885 5222 gloriari
939 5169 1133 5222 queas,
1196 5155 1437 5208 relictum
1501 5166 1578 5210 est
1636 5157 1759 5220 tibi,
1809 5174 1839 5212 ο

290 5238 496 5296 homo...
529 5242 667 5307 Quid
695 5245 877 5312 igitur,
903 5244 1007 5308 dic,
1031 5261 1230 5314 quwso,
1262 5255 1310 5298 te
1334 5247 1445 5315 ipse
1471 5249 1624 5316 quasi
1641 5248 1704 5302 de
1735 5250 1838 5302 tuis

291 5330 446 5395 ipsius
473 5331 617 5384 bonis
637 5331 810 5400 effers,
860 5348 979 5386 cum
1029 5332 1239 5387 deberes
1286 5350 1382 5402 pro
1426 5339 1653 5404 acceptis
1687 5338 1838 5393 donis

291 5423 513 5490 gratiam
543 5424 783 5494 largitori
811 5424 1037 5481 habere?
1080 5445 1100 5479 ι
1146 5426 1290 5493 Quid
1323 5428 1460 5480 enim
1504 5431 1662 5483 habes
1704 5434 1839 5500 quod

380 5599 424 5632 “
451 5599 576 5672 Joh_
594 5618 697 5667 inv,
720 5603 773 5667 ὁ,
800 5603 954 5672 juxta
979 5604 1140 5660 LXX.
1243 5605 1288 5639 “
1321 5605 1465 5661 Psal.
1504 5624 1557 5662 ι..
1619 5609 1673 5662 ’7.

295 5668 414 5741 5-8,
469 5669 686 5741 "Psal.
725 5668 914 5738 ιιέιιι,
949 5677 1034 5730 15.
1109 5677 1202 5732 “l
1235 5677 1362 5730 Cor.
1393 5695 1464 5741 ιγ,
1498 5679 1544 5730 7.

296 5755 366 5806 ιι,
395 5740 483 5806 20,
521 5740 607 5794 17.
681 5743 725 5774 ⁸³
758 5743 944 5800 Matth.
978 5763 1126 5813 xx",
1159 5750 1245 5802 35.
1323 5749 1367 5780 “
1403 5740 1508 5804 13a.
1547 5764 1669 5814 XLV,
1707 5749 1758 5804 3.

1775 5608 1818 5640 ιιι
1857 5608 1990 5640 Dnm
2054 5625 2110 5640 η.
2161 5609 2229 5640 0'2
2262 5608 2331 5640 οξ

1621 5609 1673 5662 7.
1775 5608 1818 5640 ⁸⁸
1857 5607 2012 5662 Rom.
2054 5625 2132 5670 III,
2161 5607 2350 5662 23-25.
2426 5607 2468 5639 "
2534 5607 2721 5662 Matth.
2785 5622 2936 5674 χχιιι,
2989 5607 3078 5663 ἳ8.
3154 5607 3190 5638 ⁸⁸

1621 5679 1662 5710 ⁵¹
1701 5677 1818 5740 Gal.
1859 5696 1930 5742 Iv,
1962 5679 2015 5735 9.
2089 5681 2135 5710 "
2169 5679 2400 5746 Philipp.
2432 5693 2512 5746 III,
2549 5678 2632 5737 12,
2710 5677 2754 5711 ⁵⁸
2788 5677 2946 5738 «Ιοειιι.
2985 5695 3072 5744 xv,
3111 5676 3190 5732 16.

1849 5696 1930 5781 sip,
1962 5693 2015 5735 υ.
2089 5693 2135 5710 "
2169 5693 2394 5800 rtuupp.

1915 5749 2100 5804 Matth.
2141 5765 2272 5814 xxu,
2312 5749 2332 5802 1
2382 5789 2394 5802 .

1931 1978 2116 2045 fueris,
2147 1979 2386 2046 expendit
2423 1979 2613 2048 judex.
2660 1981 2718 2034 In
2756 1981 2839 2035 his
2882 1996 3002 2051 qua:
3034 1988 3340 2050 sequuntur
3372 1997 3498 2052 per-

1931 2070 2251 2123 severantia:
2279 2069 2481 2122 donum
2514 2070 2930 2124 commendatur
2961 2089 2974 2124 :
3020 2071 3172 2137 Quod
3202 2073 3249 2126 si
3305 2089 3366 2128 ne
3397 2073 3498 2127 hoc

1929 2157 2136 2228 quidem
2158 2159 2428 2230 intelligis,
2466 2161 2626 2228 fuisse
2661 2170 2709 2214 te
2738 2163 2968 2231 gratiam
2997 2174 3356 2227 consecutum,
3400 2175 3493 2218 aut

1928 2251 1976 2303 si
1996 2266 2105 2319 pra:
2139 2252 2305 2304 nimia
2343 2251 2648 2320 stupiditote
2671 2262 2816 2306 tuam
2845 2255 3010 2322 ipsius
3041 2254 3494 2310 virtutem.existi--

1929 2353 2044 2390 mas
2077 2341 2311 2407 gratiam
2339 2357 2471 2402 esse,
2505 2357 2610 2394 non
2631 2358 2684 2394 es
2716 2341 2866 2396 beato
2903 2341 3062 2396 Petro
3088 2345 3324 2412 apostolo
3362 2360 3501 2412 pra:-

1929 2429 2176 2480 stcntior.
2221 2425 2332 2482 Nec
2357 2429 2496 2482 enim
2537 2427 2822 2482 Dominum
2868 2445 3049 2482 amore
3089 2430 3282 2496 majori
3326 2445 3505 2498 prose-

1927 2518 2016 2586 qui
2063 2521 2288 2584 poteris,
2341 2535 2499 2588 quam
2541 2519 2632 2587 qui
2693 2519 2773 2572 ita
2823 2518 3144 2573 vehementer
3200 2519 3387 2573 dilexit
3446 2531 3504 2574 ut

1927 2608 2088 2660 e‘iam
2127 2608 2347 2661 voluerit
2383 2624 2477 2675 pro
2509 2607 2622 2676 ipso
2669 2607 2824 2660 mori.
2862 2605 2988 2670 Sed,
3021 2606 3270 2676 quoniam
3326 2606 3504 2660 animo

1927 2695 2144 2751 elatiore
2175 2697 2380 2751 locutus
2410 2706 2486 2750 est
2550 2713 2669 2749 cum
2693 2697 2828 2748 dixit
2864 2711 2882 2748 :
2921 2715 2939 2747 ι
2986 2693 3104 2748 Etsi
3138 2711 3314 2750 omnes
3353 2711 3505 2750 scan-

1928 2788 2152 2842 dz'izati
2175 2788 2370 2858 fuerint
2396 2788 2450 2839 in
2478 2796 2547 2848 te,
2593 2803 2686 2856 ego
2720 2796 2894 2840 tamen
2931 2803 3194 2851 nunquam
3239 2785 3507 2839 scandali-

1931 2883 2094 2934 zabor
2114 2881 2181 2940 ⁸⁵,
2217 2899 2236 2931 ι
2269 2879 2546 2931 timiditati
2570 2877 3066 2931 humanmtraditus
3098 2887 3196 2941 est,
3223 2877 3508 2947 ceciditque

1929 2973 1984 3026 in
2013 2972 2408 3041 inﬁciationem,
2443 2970 2598 3038 lapsu
2640 2969 2958 3024 erudiendas
2994 2969 3062 3023 ad
3108 2981 3303 3023 metum
3354 2979 3507 3038 atque

1931 3062 2000 3116 ad
2040 3065 2352 3125 cautionem,
2394 3060 2787 3131 edocendusque
2831 3062 3057 3130 inﬁrmis
3096 3076 3309 3130 parcere
3337 3070 3386 3114 et
3414 3061 3507 3114 de-

1933 3153 2142 3216 bilibus,
2189 3153 2327 3223 quod
2379 3163 2428 3214 et
2483 3169 2634 3205 suam
2693 3153 2934 3221 cognovit
2991 3151 3390 3220 inﬁrmitatem,
3453 3161 3504 3204 et

1862 3228 1905 3286 (ἶ
1936 3247 2200 3313 perspicue
2226 3243 2483 3296 intellexit
2516 3243 2652 3320 quod
2695 3241 3132 3312 quemadmodum
3167 3258 3282 3294 cum
3326 3241 3379 3294 in
3415 3257 3505 3310 pe-

1933 3335 2049 3405 lago
2077 3345 2412 3405 mergeretur,
2463 3352 2555 3404 per
2605 3333 2807 3394 Christi
2857 3333 3128 3394 dexteram
3166 3342 3347 3387 erutus
3402 3341 3502 3398 est,

1934 3427 2009 3480 ita
2034 3429 2088 3480 in
2111 3427 2352 3480 scandali
2381 3426 2615 3496 procella
2638 3427 2699 3479 ob
2727 3425 3152 3488 incredulitatem
3178 3425 3228 3477 in
3253 3423 3504 3494 pereundi

1932 3518 2222 3586 periculum
2277 3519 2502 3582 veniens,
2551 3516 2746 3571 Christi
2784 3517 2973 3570 virtute
3017 3525 3252 3571 servatus
3297 3516 3385 3569 sit.
3438 3514 3505 3568 In

1932 3609 2067 3676 psal.
2102 3624 2295 3673 XXXIII,
2327 3626 2382 3662 ιι.
2404 3608 2438 3662 2
2465 3629 2476 3662 :
2518 3607 2698 3678 Neque
2729 3609 2866 3661 enim
2903 3609 2957 3662 in
2990 3609 3224 3682 potentia
3255 3607 3502 3674 hominis,

1934 3716 2093 3770 neque
2125 3700 2179 3752 in
2213 3700 2496 3767 sapientia,
2519 3683 2620 3752 sed,
2640 3700 2691 3752 in
2730 3697 2824 3751 Dei
2850 3700 3028 3775 gratia
3057 3698 3204 3751 salus
3235 3707 3333 3754 est.
3368 3696 3507 3753 Vide

1936 3788 2210 3844 homiliam
2246 3791 2298 3842 in
2331 3789 2467 3857 psal.
2519 3804 2627 3842 VII.
2670 3789 2736 3841 ad
2776 3789 2888 3842 haec
2929 3787 3095 3840 verba
3139 3806 3152 3840 :
3189 3785 3255 3839 Et
3308 3784 3502 3856 diriges

1925 3879 2152 3948 justum.
2181 3880 2271 3932 Sic
2303 3879 2544 3947 loquitur
2581 3878 2634 3930 in
2675 3877 2896 3929 homilia
2920 3877 2975 3932 in
3012 3876 3147 3945 psal.
3173 3891 3344 3937 xxx",
3385 3891 3418 3928 n
3469 3873 3506 3928 5

1936 3969 2012 4039 (p.
2052 3969 2174 4038 157)
2225 3992 2235 4024 ;
2279 3970 2448 4038 Atque
2487 3970 2650 4022 etiam
2695 3968 2920 4020 multum
2967 3976 3044 4019 est
3090 3965 3410 4032 discriminis
3451 3965 3506 4020 in

1933 4061 2157 4130 peccatis
2182 4077 2242 4113 ac
2263 4070 2396 4114 recte
2429 4060 2583 4129 factis
2611 4060 2758 4112 :htcc
2782 4060 2916 4112 enim
2951 4058 3080 4111 lena:
3112 4056 3338 4118 vendita,
3377 4057 3426 4110 ui
3453 4057 3508 4109 in

1933 4161 2141 4221 peccato
2168 4161 2264 4217 est,
2292 4152 2390 4205 illa
2415 4167 2532 4205 vero
2554 4149 2618 4202 ab
2640 4151 2792 4204 initio
2809 4150 2991 4203 heram
3028 4149 3219 4202 bonam
3245 4159 3422 4206 nacta.
3447 4149 3505 4202 in

1935 4245 2234 4314 virginitate
2274 4244 2500 4296 educata
2541 4250 2642 4296 est.
2685 4239 2796 4296 Cur
2849 4239 2959 4293 hwc
3012 4240 3203 4321 affecta
3257 4239 3506 4308 bene/icio

1935 4335 2038 4401 sit,
2066 4335 2162 4387 illa
2199 4350 2316 4387 vero
2350 4337 2699 4386 condemnata
2723 4347 2741 4385 :
2764 4341 2814 4386 et
2842 4331 2968 4402 quid
2995 4332 3064 4385 sit
3100 4330 3376 4399 unicuique
3416 4329 3510 4381 ho-

1935 4443 2053 4480 rum
2083 4444 2114 4480 a
2135 4426 2316 4496 judice
2357 4424 2786 4488 retribuendum;
2817 4423 3003 4493 quibus
3051 4421 3292 4476 omnibus
3333 4420 3426 4474 tibi
3453 4421 3508 4473 in

1870 4556 1916 4615 D
1941 4527 2162 4572 mentem
2193 4519 2531 4584 venientibus,
2557 4519 2729 4588 cogita
2765 4516 2856 4570 Dei
2877 4514 3086 4584 judicia
3114 4514 3331 4594 abgssos
3363 4527 3497 4573 esse,

1941 4627 2032 4663 nec
2058 4610 2335 4678 aquolibet
2356 4609 2514 4680 facile
2546 4607 2912 4678 comprehendi
2948 4622 3122 4675 posse,
3168 4603 3305 4673 quod
3336 4605 3391 4655 in
3423 4603 3508 4655 di-

1938 4701 2070 4754 vinis
2102 4701 2362 4755 thesauris
2392 4699 2645 4754 conclusa
2673 4707 2816 4752 sunt.
2856 4695 2962 4752 Sed
3003 4706 3053 4750 et
3097 4694 3342 4749 credendi
3375 4691 3507 4745 data

1936 4792 2215 4860 promissio
2242 4801 2316 4845 est
2350 4808 2384 4844 a
2414 4790 2544 4852 Deo,
2573 4790 2836 4851 videlicet,
2872 4807 2890 4838 ι
2922 4787 3068 4842 Dabo
3103 4787 3195 4839 tibi
3238 4785 3508 4836 thesauros

1938 4881 2269 4936 absconditos
2307 4891 2356 4934 et
2403 4881 2696 4934 invisibiles
2739 4879 2806 4933 ⁵⁸.
2855 4899 2873 4931 ι
2912 4878 3200 4950 Postquam
3248 4877 3408 4945 igitur
3447 4891 3511 4929 ea

1943 4975 2255 5044 cognitione,
2299 4989 2416 5042 quae
2451 4981 2529 5028 est
2573 4973 2709 5042 facie
2760 4973 2828 5025 ad
2872 4971 3078 5040 faciem,
3144 4969 3287 5038 digni
3343 4967 3512 5022 habiti

1945 5065 2218 5131 fuerimus,
2240 5066 2398 5118 etiam
2427 5081 2516 5119 eos
2542 5081 2656 5134 quae
2681 5066 2736 5117 in
2763 5063 2856 5117 Dei
2895 5060 3155 5115 thesauris
3193 5068 3315 5112 sunt
3342 5058 3506 5129 abys-

1943 5174 2028 5212 sos
2075 5158 2410 5211 intuebimur.
2471 5156 2624 5222 Quod
2665 5156 2710 5209 si
2753 5171 2816 5208 ea
2866 5168 2982 5223 quis
3025 5153 3078 5204 in
3128 5149 3408 5220 Scriptura
3447 5153 3512 5204 de

1943 5248 2152 5301 utribus
2193 5247 2336 5300 dicta
2374 5256 2518 5310 sunt,
2552 5246 2846 5316 collegeris,
2886 5242 3204 5312 propheticis
3233 5244 3506 5296 sententia:

1945 5339 2346 5409 intelligentiam
2394 5338 2561 5407 magis
2599 5335 2912 5406 assequeris.
2951 5333 3013 5387 Et
3051 5351 3104 5388 n.
3141 5333 3173 5386 7
3213 5347 3230 5387 ε
3275 5333 3340 5387 Et
3381 5351 3510 5404 quov

1948 5431 2093 5485 niam
2132 5429 2285 5482 multi
2317 5437 2438 5482 sunt
2462 5426 2652 5491 vocati,
2685 5426 2842 5496 pauci
2877 5441 2995 5480 vero
3023 5424 3174 5479 electi
3201 5424 3270 5490 ",
3304 5423 3511 5478 beatum

2426 5607 2468 5639 "
2534 5606 2721 5662 Matth.
2785 5622 2936 5674 χχιιι,
2989 5607 3078 5663 ἳ8.
3154 5605 3200 5638 ⁸⁸
3235 5602 3428 5706 Ephes.
3468 5617 3506 5663 ι,

2432 5693 2512 5727 ιιι.
2549 5678 2632 5727 12.
2710 5677 2754 5711 ⁵⁸
2788 5677 2946 5727 .Ionn.
2985 5695 3072 5727 xv.
3111 5676 3190 5727 ιδ.
3296 5675 3312 5704 δ
3346 5670 3506 5727 Rom.
