3972 6218
428 434 498 490 63
1807 437 2200 499 rimarum.
3595 427 3676 480 es

428 548 554 600 “im
603 565 706 603 ηοη
749 560 1023 619 “cummi
1074 564 1171 607 εεα
1210 552 1451 608 electum.
1509 553 1708 608 Βεαιιιδ
1755 571 1997 625 nant-que,
2029 561 2072 614 Α
2102 556 2356 622 immittit,
2397 575 2429 611 a
2479 564 2646 610 morte
2682 555 2880 625 peccati
2918 566 3172 607 renovans
3217 547 3422 602 animas
3452 552 3678 597 nostras

427 655 579 708 quem
607 640 781 711 elegit.
827 642 958 708 Qui:
1001 657 1179 698 autem
1228 643 1571 699 beatitudinis
1609 648 1815 699 causa?
1889 645 1999 698 Ex-

429 740 669 798 spectata
732 732 987 787 bonorum
1032 744 1347 789 aeternorum
1404 735 1752 790 Iuereditas...
1785 734 1997 799 {Salvus

434 829 611 875 autem
649 824 709 891 ﬁt
747 841 848 878 non
882 827 1073 893 quivis,
1097 826 1187 880 sed
1226 827 1467 897 reliquiae
1511 828 1682 882 solum
1715 829 1999 882 secundum

430 912 733 1057 elec5tionem
783 917 973 986 gratia:
1018 916 1085 972 ⁸⁸.
1126 915 1264 973 Vide
1310 917 1501 973 ltomil.
1559 918 1614 971 in
1664 918 1804 987 psal.
1850 931 1998 982 cur,

433 1019 490 1057 ιι.
564 1046 576 1059 .
604 1020 654 1059 D.
681 1004 807 1059 209..

433 1019 490 1057 ιι.
524 1006 576 1067 5,
603 1020 654 1073 p.
681 1006 807 1060 209..

507 1111 654 1167 Satis
681 1120 827 1183 patet
855 1128 923 1168 ex
952 1114 1038 1170 his
1067 1130 1188 1185 quae
1235 1116 1539 1181 attulimus,
1580 1123 1844 1186 quantum
1886 1116 2003 1170 eni-

431 1207 543 1258 teat
585 1204 770 1259 divina
806 1208 1047 1276 potentia
1067 1208 1123 1262 in
1158 1209 1381 1262 humani
1410 1208 1593 1265 cordis
1626 1209 1999 1263 conversione.

436 1293 543 1349 Sed
574 1306 835 1364 praeterea
870 1299 924 1351 in
959 1299 1204 1353 eamdem
1235 1301 1564 1355 sententiam
1613 1299 1878 1352 nonnulla
1913 1314 2003 1352 re-

436 1385 680 1441 ferenda.
710 1388 1077 1459 Subjiciamur
1103 1408 1224 1459 ergo
1252 1390 1384 1454 Deo,
1412 1390 1586 1460 inquit
1621 1390 1695 1459 (in
1722 1390 1858 1459 psal.
1888 1406 2001 1453 ιχι,

438 1492 493 1531 n.
524 1476 604 1546 2).
640 1480 776 1547 quod
830 1482 1068 1536 salutare
1117 1482 1183 1535 ab
1234 1485 1348 1551 ipso
1389 1491 1487 1537 est.
1546 1480 1682 1546 Quid
1728 1494 1901 1534 autem
1934 1482 2003 1534 sit

435 1568 694 1634 salutare,
731 1572 978 1639 explicat.
1026 1571 1149 1629 Non
1182 1573 1327 1626 nuda
1357 1577 1599 1642 qua'dam
1641 1580 1720 1626 est
1745 1574 2000 1641 operatio,

436 1659 670 1730 aliquam
709 1662 859 1717 nobis
913 1663 1310 1733 beneﬁcentiam
1364 1664 1611 1733 a/ferens,
1652 1679 1757 1732 qua
1803 1662 1868 1714 ab
1916 1662 2004 1713 in-

435 1750 692 1818 ﬁrmitate
743 1753 1061 1817 liberemur,
1122 1755 1359 1826 bonaque
1409 1755 1645 1824 corporis
1696 1752 2006 1807 habitudine

436 1848 669 1895 utamur.
704 1841 807 1896 Sed
841 1844 965 1912 quid
1004 1854 1084 1899 est
1110 1846 1388 1901 salutare?
1418 1865 1437 1897 ι
1483 1844 1693 1899 Etenim
1727 1845 1835 1913 ipse
1863 1843 2003 1898 Deus

437 1947 603 1994 meus,
632 1943 682 1986 et
708 1933 959 1987 Salvator
991 1951 1158 1999 meus,
1205 1946 1478 2004 susceptor
1521 1952 1690 2002 meus,
1736 1951 1841 1989 non
1891 1951 2006 1988 mo-

435 2022 590 2076 oebor
631 2026 854 2078 multum
884 2026 951 2079 η.
1002 2046 1020 2077 ι
1068 2026 1243 2080 Filius
1296 2028 1387 2097 qui
1429 2042 1496 2081 ex
1539 2025 1650 2081 Deo
1709 2035 1806 2091 est,
1867 2024 2005 2080 Deus

436 2122 613 2166 noster
638 2124 736 2168 est.
761 2114 910 2169 Idem
937 2118 1097 2171 etiam
1130 2115 1381 2172 Salvator
1403 2126 1481 2172 est
1511 2118 1715 2188 generis
1757 2117 2000 2182 humani,

434 2201 756 2259 debilitatem
800 2217 1037 2260 nostram
1087 2207 1332 2276 fulciens.
1386 2224 1450 2261 ac
1493 2210 1896 2263 commotionem
1942 2223 2010 2263 ex

443 2298 819 2352 tentationibus
852 2300 1045 2352 animis
1085 2300 1279 2353 nostris
1330 2301 1685 2354 advenientem
1719 2301 2004 2370 corrigens.

443 2385 578 2442 Vide
627 2387 816 2442 homil.
862 2391 917 2443 in
959 2389 1097 2458 psal.
1153 2405 1324 2455 χχχιι,
1371 2406 1429 2445 ιι.
1469 2392 1532 2453 3,
1569 2406 1622 2459 p.
1675 2391 1811 2453 155,
1851 2399 1908 2445 et
1952 2391 2010 2443 in

435 2480 575 2550 psal.
604 2496 801 2546 χχχιιι,
840 2496 896 2533 ιι.
921 2481 974 2538 4.
1009 2496 1061 2549 p.
1087 2479 1208 2545 146,
1228 2488 1284 2535 et
1311 2478 1515 2534 Homil.
1546 2480 1612 2535 de
1640 2480 1764 2551 ﬁde,
1799 2480 2007 2551 p.155,

437 2584 553 2641 reg.
582 2571 776 2625 moral.
805 2569 893 2634 55,
924 2584 1044 2638 cap.
1074 2570 1126 2622 1.
1410 2561 1427 2575 ⁸

509 2703 856 2759 Diviuitatem
880 2699 1001 2754 Filii
1022 2699 1359 2755 demonstrat
1392 2699 1630 2755 Basilius
1676 2714 1743 2755 ex
1791 2713 2010 2753 summo

437 2796 586 2852 illius
617 2796 672 2848 in
708 2794 976 2848 humanas
1020 2799 1233 2845 mentes
1272 2791 1523 2861 imperio.
1581 2790 1747 2843 Petra
1791 2789 2009 2858 dicitur,

438 2885 617 2954 inquit
647 2884 701 2937 in
722 2882 862 2936 libro
889 2880 967 2934 De
1004 2879 1207 2949 Spiritu
1241 2891 1448 2944 sancta,
1500 2895 1552 2935 c.
1596 2881 1651 2942 8,
1702 2897 1756 2950 p.
1809 2880 1898 2945 15,
1950 2896 2010 2934 eo

439 2973 577 3045 quod
606 2971 839 3027 validum
869 2973 937 3026 sit
968 2980 1017 3025 et
1046 2972 1440 3034 inconcussum,
1473 2982 1523 3026 et
1552 2973 1736 3042 quavis
1759 2988 1879 3026 arce
1911 2973 2010 3041 ﬁr-

442 3063 579 3117 mius
611 3061 1058 3132 propugnaculum
1090 3057 1352 3128 ﬁdelibus.
1394 3059 1458 3113 Et
1486 3075 1609 3130 pag.
1665 3060 1731 3114 i6
1770 3081 1783 3115 :
1818 3059 2014 3115 Omnia

442 3165 618 3210 autem
638 3154 769 3225 facit
802 3162 1051 3206 contactu
1090 3152 1303 3207 virtutis
1322 3192 1337 3218 ,
1376 3169 1439 3206 ac
1468 3153 1734 3207 voluntate
1764 3151 2009 3206 bonitatis

443 3263 687 3317 operaus.
722 3246 926 3309 Pascit,
972 3244 1263 3307 illuminat,
1310 3243 1430 3308 alit,
1474 3243 1705 3306 deducit,
1753 3242 2008 3307 medetur,
2038 3233 2081 3289 C

440 3338 614 3407 erigit.
650 3335 782 3401 Quae
812 3350 915 3387 non
937 3342 1081 3396 sunt,
1124 3331 1251 3401 facit
1284 3341 1340 3385 ut
1388 3333 1513 3397 sint,
1552 3330 1764 3385 condita
1802 3348 2014 3386 conser-

443 3437 553 3483 vat.
585 3425 699 3480 Hoc
729 3425 882 3478 modo
904 3423 1038 3477 bona
1062 3438 1126 3478 ex
1152 3423 1260 3477 Deo
1292 3438 1381 3492 per
1418 3421 1619 3476 Filium
1655 3423 1723 3476 ad
1764 3440 1859 3477 nos
1896 3438 2015 3491 per-

444 3523 675 3584 veniunt,
731 3519 933 3589 majore
978 3518 1244 3573 celeritate
1298 3516 1353 3570 in
1408 3515 1629 3587 singulis
1691 3525 2012 3584 operantem,

443 3630 602 3684 quam
640 3612 781 3665 ullus
815 3626 984 3665 sermo
1008 3610 1294 3676 exprimere
1321 3608 1513 3662 valeat.
1542 3606 1723 3677 Neque
1743 3608 1879 3661 enim
1911 3606 2019 3675 ful-

446 3700 603 3772 gura,
648 3716 809 3771 neque
861 3700 991 3753 lucis
1042 3715 1135 3769 per
1185 3715 1358 3752 aerem
1399 3708 1507 3751 tam
1562 3698 1711 3752 velox
1745 3697 2016 3752 discursus

446 3802 547 3859 est,
590 3809 695 3846 non
727 3790 999 3845 oculorum
1038 3789 1228 3844 celeres
1264 3790 1421 3855 ictus,
1466 3805 1571 3842 non
1609 3789 1774 3857 ipsius
1818 3789 2021 3842 intelle-

447 3892 562 3939 ctus
592 3882 760 3936 nostri
787 3891 957 3935 motus
985 3897 1004 3935 :
1033 3879 1122 3935 sed
1160 3879 1348 3934 horum
1374 3878 1612 3950 quodque
1654 3880 1822 3949 magis
1854 3880 2019 3932 vinci-

450 3983 539 4029 tur
583 3974 774 4028 divina:
809 3972 1128 4043 operationis
1172 3971 1456 4032 celeritate,
1511 3987 1669 4041 quam
1726 3970 2021 4024 animantia

449 4083 569 4139 qua:
600 4076 722 4120 sunt
763 4064 903 4135 apud
942 4081 1035 4119 nos
1072 4064 1300 4118 maxime
1352 4063 1550 4133 segnia,
1586 4078 1690 4116 non
1737 4062 1911 4116 dicam
1933 4076 2022 4115 vo-

451 4159 703 4221 latitium,
734 4174 894 4229 neque
936 4167 1232 4218 ventorum,
1283 4171 1446 4226 neque
1494 4154 1781 4208 caelestium
1812 4154 2021 4207 orbium

451 4253 669 4317 impetu,
699 4248 787 4303 sed
816 4250 981 4317 ipsius
1021 4249 1209 4303 mentis
1257 4258 1456 4301 nostra:
1498 4256 1641 4300 motu
1677 4258 2019 4316 superantur.

453 4338 602 4394 Nam
621 4355 721 4409 quo
754 4339 968 4392 tandem
1008 4337 1255 4407 temporis
1295 4337 1467 4406 spatio
1498 4348 1665 4407 egeat,
1709 4337 1799 4406 qui
1843 4345 2024 4405 portat

454 4433 636 4487 omnia
686 4429 839 4484 verbo
878 4430 1085 4483 virtutis
1133 4446 1264 4493 suw,
1309 4430 1499 4498 quique
1538 4444 1629 4481 nec
1675 4412 2024 4498 corporaliter

454 4534 722 4596 operatur,
756 4539 915 4592 neque
959 4538 1212 4575 manuum
1254 4536 1412 4590 opera
1459 4519 1527 4573 ad
1574 4520 1857 4573 creandum
1894 4535 2020 4589 opus

454 4616 631 4683 habet,
660 4613 748 4670 sed
778 4630 959 4669 eorum
990 4629 1107 4683 qua:
1137 4613 1271 4682 ﬁunt
1300 4623 1550 4666 naturam
1572 4610 1727 4665 habet
1756 4611 2022 4667 voluntate

455 4726 562 4766 non
582 4718 768 4763 coacta
798 4705 1175 4777 obsequentem.

522 4820 685 4875 Nullo
723 4820 831 4874 alio
869 4824 1191 4887 argumento
1218 4815 1479 4870 libentius
1519 4814 1695 4869 utitur
1726 4815 1792 4870 ad
1824 4815 2027 4879 divini-

456 4921 621 4969 tatem
657 4912 832 4968 sancti
865 4909 1101 4981 Spiritus
1129 4907 1630 4963 demonstrandam.
1666 4905 1846 4977 Neque
1884 4911 2026 4962 enim

458 5006 575 5077 ﬁeri
594 5014 784 5074 potest,
834 5001 1012 5071 inquit
1058 5008 1201 5068 (cap.
1232 4998 1317 5059 12,
1347 5013 1401 5068 p.
1447 4996 1561 5068 25).
1589 5006 1647 5049 ut
1678 4993 1876 5050 Filium
1908 4999 2024 5067 quis

459 5096 642 5150 adoret
667 5097 771 5151 nisi
796 5096 850 5148 in
879 5103 1063 5148 sancto
1090 5091 1317 5160 Spiritu,
1359 5102 1451 5142 aut
1488 5099 1546 5143 ut
1580 5088 1798 5143 Patrem
1827 5089 2027 5142 invocet

460 5189 565 5243 nisi
597 5188 651 5241 in
695 5186 993 5255 adoptionis
1030 5183 1262 5261 Spiritu.
1302 5180 1437 5236 Vide
1476 5195 1594 5249 cap.
1638 5180 1726 5242 15,
1770 5186 1826 5234 et
1862 5178 2024 5248 epist.

460 5281 552 5338 58.
602 5296 657 5333 ιι.
709 5279 763 5335 4.
816 5278 1162 5333 Demonstrat
1208 5276 1262 5329 in
1308 5289 1432 5343 cap.
1476 5273 1545 5327 15
1584 5271 1829 5342 ejusdem
1875 5271 2024 5335 libri,

464 5369 725 5440 Spiritum
780 5378 1027 5423 sanctum
1079 5383 1110 5421 a
1152 5365 1315 5421 Patre
1348 5376 1402 5421 et
1447 5363 1585 5419 Filio
1629 5363 1867 5433 disjungi
1918 5378 2026 5419 non

460 5476 624 5535 posse
657 5461 732 5531 (p.
759 5459 873 5531 29),
914 5460 959 5516 si
985 5459 1201 5530 quidem
1237 5459 1290 5513 in
1321 5457 1592 5528 baptismo
1623 5457 1727 5510 vim
1764 5454 2025 5523 viviﬁcan:

536 5742 586 5774 ⁵⁸
613 5739 771 5797 Rom.
810 5756 884 5805 χι,
920 5741 972 5795 5.
1051 5740 1096 5772 ⁵⁸
1124 5739 1268 5796 Psal.
1305 5757 1413 5807 ιχι,
1450 5741 1500 5794 6.

2102 651 2156 703 in
2205 651 2489 720 pristinam
2528 651 2690 704 vitam
2737 663 2850 702 .‘ce
2900 647 3057 701 vitam
3112 649 3348 696 nostram
3397 646 3672 706 operatur.

2102 742 2169 796 Et
2196 759 2317 813 cap.
2361 743 2448 806 19,
2483 758 2605 813 pag.
2636 742 2698 795 41
2730 761 2743 795 :
2778 740 2897 794 Sive
2923 738 3041 809 quis
3081 734 3397 790 creationem
3440 724 3678 793 accipiat

2102 835 2165 888 de
2194 834 2572 888 cxstinctorum
2604 830 2996 891 reviviscentia;
3029 844 3098 880 an
3137 842 3239 879 non
3274 836 3465 891 magna
3495 816 3678 881 Spiri-

2102 934 2186 979 tus
2217 927 2472 994 operatio,
2501 926 2590 995 qui
2624 922 2771 977 nobis
2806 920 3101 989 suppeditat
3138 918 3298 972 vitam
3325 929 3390 969 ex
3432 922 3676 964 resurre-

2100 1019 2291 1077 ctione,
2342 1024 2393 1069 et
2442 1014 2509 1068 ad
2561 1011 2889 1082 spiritualem
2919 1009 3070 1063 illam
3119 1007 3279 1060 vitam
3323 1002 3531 1055 animas
3573 1013 3676 1050 no-

2101 1118 2244 1161 stras
2282 1107 2502 1175 adaptat
2523 1107 2548 1159 ?
2572 1104 2691 1159 Sive
2729 1103 2924 1157 creatio
2954 1101 3163 1154 dicatur
3198 1112 3309 1152 esse
3338 1107 3537 1153 eorum,
3579 1087 3673 1156 qui

2101 1199 2186 1251 hic
2230 1213 2322 1266 per
2368 1206 2637 1265 peccatum
2675 1195 2814 1263 lapsi
2867 1202 3013 1257 sunt,
3056 1192 3111 1244 in
3157 1188 3423 1243 meliorem
3467 1188 3671 1238 statum

2103 1292 2328 1345 mutatio
2379 1292 2525 1360 (nam
2571 1290 2650 1342 ita
2705 1301 2908 1357 quoque
2956 1294 3328 1360 nonnunquam
3382 1279 3676 1360 usurpatur

2096 1380 2259 1450 juxta
2304 1376 2591 1446 Scriptura:
2638 1356 3088 1433 consuetudinem,
3119 1368 3255 1422 velut
3287 1379 3405 1419 cum
3456 1357 3667 1414 Paulus

2102 1473 2254 1535 dicit,
2292 1490 2311 1521 ι
2345 1469 2406 1525 Si
2440 1486 2545 1539 qua
2580 1470 2633 1522 in
2658 1467 2869 1523 Christo
2910 1480 3043 1518 nova
3072 1469 3316 1516 creatura
3337 1456 3428 1519 ⁸ο),
3458 1471 3476 1504 ι
3513 1465 3676 1504 reno-

2104 1566 2242 1620 vatio
2282 1580 2398 1625 qua:
2435 1563 2518 1615 hic
2542 1562 2624 1632 ﬁt.
2669 1570 2718 1614 et
2762 1577 2794 1614 a
2834 1558 2942 1612 vita
2974 1553 3206 1609 terrestri
3256 1565 3318 1603 ac
3361 1540 3676 1600 turbulentis

2108 1655 2382 1726 affectibus
2409 1654 2637 1708 obnoxia
2661 1652 2729 1705 ad
2759 1652 3014 1705 caelestem
3033 1642 3474 1701 conversationem
3498 1646 3681 1688 trans-

2105 1747 2352 1807 mutatio,
2386 1762 2502 1815 qua:
2529 1745 2589 1814 ﬁt
2619 1745 2675 1797 in
2704 1742 2855 1796 nobis
2881 1756 2972 1808 per
3008 1737 3286 1806 Spiritum,
3318 1729 3385 1785 ad
3410 1738 3676 1815 summam

2109 1813 2756 1890 admirationemdeducit
2803 1832 3008 1883 animos
3039 1834 3270 1881 nostros.
3322 1817 3585 1873 Similiter
3620 1813 3677 1866 in

2110 1928 2274 1995 epist.
2304 1924 2360 1987 8,
2396 1940 2452 1977 ιι.
2479 1922 2542 1976 ll
2573 1941 2586 1977 :
2620 1921 2750 1976 Tria
2780 1917 3060 1974 creationis
3090 1928 3278 1985 genera
3312 1911 3367 1963 in
3398 1906 3677 1973 Scriptura

2107 2017 2380 2070 nominata
2408 2014 2717 2068 invenimus.
2768 2009 2941 2063 Unum
2982 2004 3188 2076 quidem
3231 2018 3293 2055 ac
3328 1999 3578 2068 primum,
3610 2007 3678 2047 ex

2106 2106 2269 2162 nihilo
2310 2104 2706 2174 productionem
2748 2098 3080 2156 :secundum
3120 2111 3260 2157 vero,
3306 2106 3370 2146 ex
3404 2086 3579 2157 pejore
3622 2086 3678 2137 in

2107 2199 2294 2254 melius
2323 2196 2775 2256 immutationem;
2807 2191 3038 2251 tertium,
3077 2182 3507 2241 resurrectionem
3535 2188 3679 2228 mor-

2110 2299 2339 2343 tuorum.
2374 2286 2441 2340 In
2475 2286 2557 2340 his
2590 2283 2811 2353 reperies
2859 2279 3119 2349 Spiritum
3153 2284 3393 2329 sanctum
3419 2285 3527 2322 una
3560 2280 3680 2319 cum

2113 2381 2274 2436 Patre
2320 2390 2370 2434 et
2410 2377 2553 2433 Filio
2596 2384 2914 2445 operantem.
2951 2370 3104 2439 Saepe
3139 2369 3276 2422 alias
3325 2361 3506 2419 cordis
3549 2373 3682 2413 con-

2110 2475 2291 2529 versio
2343 2478 2570 2526 vocatur
2622 2482 2760 2522 nova
2813 2464 3054 2523 crcatio,
3109 2467 3168 2514 ut
3215 2460 3268 2512 in
3304 2454 3441 2525 psal.
3491 2464 3682 2513 χχχιι,

2110 2581 2232 2636 pag.
2267 2563 2401 2628 1‘58;
2435 2570 2488 2616 et
2514 2562 2568 2614 in
2614 2557 2859 2615 homilia.
2891 2553 3044 2621 Quod
3094 2551 3230 2605 Deus
3260 2564 3364 2602 non
3394 2554 3472 2599 est
3496 2553 3684 2636 auctor

2111 2657 2471 2724 malorum,p.
2519 2653 2624 2717 75,
2674 2660 2727 2706 et
2776 2650 2870 2704 lib.
2931 2663 2964 2702 ν
3027 2645 3276 2699 adversus
3323 2634 3681 2696 Eunomium,

2111 2765 2168 2821 p.
2193 2748 2320 2813 303,
2347 2756 2402 2802 et
2429 2746 2732 2800 Comment.
2768 2742 2824 2795 in
2857 2738 3082 2803 Isaiam,
3112 2753 3165 2808 p.
3197 2733 3325 2789 423.

2181 2893 2453 2961 Quantum
2488 2890 2701 2944 ﬁduciae
2748 2887 2803 2941 in
2833 2885 3018 2941 divina
3059 2883 3232 2955 gratia
3267 2883 3489 2952 poneret
3525 2873 3683 2930 Basi-

2113 2987 2220 3042 lius
2249 3000 2317 3040 εχ
2346 2984 2431 3038 his
2456 2981 2689 3053 perspici
2724 2987 2923 3050 potest,
2952 2992 3074 3046 qua:
3096 2973 3164 3029 de
3188 2968 3546 3026 conciliandis
3569 2966 3684 3018 An-

2114 3077 2381 3131 tiochenae
2410 3072 2665 3128 Ecclesiae
2693 3066 3130 3123 dissensionibus
3159 3062 3399 3132 loquitur
3430 3058 3485 3112 in
3518 3056 3683 3125 epist.

2115 3170 2204 3234 66,
2235 3186 2288 3239 p.
2321 3166 2422 3221 160
2452 3187 2464 3220 :
2506 3165 2631 3219 Ha’c
2655 3179 2771 3217 vero
2798 3158 3106 3218 conciliare,
3137 3155 3333 3225 inquit,
3360 3163 3409 3207 et
3432 3151 3500 3205 ad
3527 3150 3686 3203 unius

2114 3264 2350 3331 corporis
2376 3259 2709 3312 harmoniam
2746 3254 2998 3323 redigere,
3021 3248 3170 3302 illius
3197 3255 3274 3301 est
3312 3244 3497 3306 solius,
3523 3241 3612 3311 qui
3633 3248 3686 3294 et

2113 3353 2264 3407 siccis
2295 3348 2523 3412 ossibus,
2552 3356 2609 3400 ut
2633 3345 2701 3399 ad
2731 3359 2911 3398 nervos
2933 3349 2982 3394 et
3014 3354 3226 3393 carnem
3253 3336 3421 3389 denuo
3445 3332 3685 3391 redeant,

2115 3460 2220 3498 non
2263 3439 2553 3497 enarrabili
2584 3454 2682 3492 sua
2708 3442 2965 3506 potestate
3002 3430 3252 3501 largitur.
3291 3426 3550 3481 Dominus
3585 3438 3690 3475 au-

2117 3544 2219 3589 tem
2242 3533 2454 3587 omnino
2488 3546 2679 3600 magna
2710 3542 2800 3595 per
2827 3541 2935 3586 eos,
2965 3522 3054 3593 qui
3076 3536 3130 3575 se
3158 3517 3302 3590 digni
3334 3523 3479 3577 sunt,
3511 3512 3687 3582 eﬁicit.

2117 3627 2184 3680 Et
2215 3627 2269 3680 in
2317 3624 2478 3694 epist.
2507 3622 2614 3676 203
2642 3620 2716 3690 (p.
2748 3616 2874 3688 500)
2901 3635 2914 3671 :
2947 3614 3071 3669 Non
3101 3612 3239 3668 enim
3278 3608 3560 3679 ignoratis,
3591 3619 3689 3669 nos

2116 3723 2297 3786 palam
2343 3712 2583 3768 omnibus
2616 3710 2933 3781 propositos,
2977 3703 3136 3760 veluti
3183 3699 3420 3770 scopulos
3449 3698 3507 3752 in
3549 3696 3692 3750 mari

2117 3809 2503 3878 prominentes,
2551 3806 2783 3874 furorem
2828 3801 3084 3870 ﬂuctuum
3146 3794 3509 3849 hwreticorum
3552 3787 3694 3842 exci-

2118 3916 2238 3970 pere
2261 3914 2279 3962 ;
2310 3912 2498 3967 eosque
2515 3895 2641 3948 dum
2668 3894 2809 3947 circa
2835 3907 2929 3945 nos
2953 3889 3286 3959 franguntur,
3313 3899 3374 3937 ea
3407 3896 3522 3951 qua:
3548 3887 3691 3932 retro

2120 3967 2215 4045 nos
2235 3997 2377 4050 sunt,
2398 4003 2501 4042 non
2535 3985 2752 4039 alluere.
2779 3979 2926 4035 Illud
2954 3987 3150 4040 autem,
3169 3994 3188 4028 ι
3215 3990 3331 4036 nos,
3355 3991 3372 4023 ι
3397 3986 3517 4024 cum
3548 3967 3691 4032 dics,

2122 4098 2229 4135 non
2264 4080 2335 4133 ad
2377 4078 2635 4131 humanas
2664 4076 2831 4142 relero
2858 4070 3012 4132 vires,
3052 4066 3141 4123 sed
3197 4065 3263 4118 ad
3305 4063 3399 4116 Dei
3437 4060 3691 4132 gratiam,

2124 4172 2214 4241 qui
2246 4171 2303 4223 in
2326 4169 2596 4223 hominum
2627 4162 2990 4218 imbecillitate
3019 4158 3307 4228 potentiam
3338 4170 3490 4210 suam
3513 4150 3693 4204 decla-

2124 4270 2232 4327 rat,
2269 4256 2710 4333 quemadmodum
2739 4256 2816 4309 ait
2853 4254 3103 4323 propheta
3139 4265 3205 4305 ex
3231 4264 3454 4318 persona
3480 4244 3695 4299 Domini

2125 4355 2344 4409 dicens:
2376 4371 2394 4405 ι
2425 4351 2512 4406 An
2558 4365 2639 4404 me
2684 4365 2789 4402 non
2826 4343 3095 4409 timebitis,
3146 4343 3236 4411 qui
3287 4354 3505 4394 arenam
3554 4336 3697 4389 mari

2126 4449 2411 4502 terminum
2455 4445 2606 4512 posui
2627 4441 2709 4495 ““l
2743 4460 2762 4493 ι
2791 4436 2936 4492 Nam
2969 4435 3202 4490 omnium
3234 4431 3601 4501 inﬁrmissima
3632 4445 3697 4483 ac

2129 4538 2390 4594 vilissima
2436 4551 2514 4599 re,
2561 4548 2744 4596 arena,
2792 4532 2968 4601 ingens
3007 4545 3068 4581 ac
3114 4541 3270 4597 grave
3309 4523 3522 4593 pelagus
3570 4536 3699 4575 con-

2125 4629 2340 4684 strinxit
2393 4625 2755 4694 Omnipotens.
2808 4620 3017 4675 Similia
3062 4618 3229 4671 habes
3268 4615 3323 4668 in
3373 4611 3594 4666 homilia
3641 4612 3698 4666 in

2126 4719 2265 4790 psal.
2298 4732 2447 4772 χχχιι
2471 4718 2547 4786 (p.
2582 4716 2702 4783 158)
2730 4733 2744 4768 :
2774 4711 2908 4769 Cum
2932 4711 3094 4780 igitur
3137 4706 3368 4760 audieris
3402 4705 3700 4775 quempiam

2127 4828 2320 4883 magna
2347 4810 2697 4869 minitantem,
2733 4805 3123 4875 jactantemque
3166 4815 3220 4853 se
3262 4796 3357 4850 tibi
3399 4796 3570 4850 omnis
3607 4811 3699 4865 ge—

2129 4906 2269 4961 neris
2302 4918 2588 4964 wrumnas,
2620 4898 2837 4959 damna,
2870 4904 2961 4947 aut
3000 4892 3208 4961 plagas,
3240 4899 3331 4943 aut
3375 4896 3595 4941 mortem
3630 4887 3700 4939 il-

2131 4999 2388 5058 laturum,
2418 4994 2613 5060 respice
2657 4989 2724 5044 ad
2758 4988 3036 5042 Dominum
3067 4985 3298 5054 gentium
3332 4980 3556 5035 consilia
3587 4980 3699 5032 dis-

2131 5091 2408 5158 sipantem,
2440 5095 2489 5140 et
2512 5082 2827 5154 populorum
2852 5078 3191 5149 cogitationes
3222 5073 3602 5143 reprobantem.
3632 5070 3699 5124 Et

2130 5189 2336 5254 postea,
2378 5196 2434 5232 ιι.
2468 5178 2501 5232 9
2531 5178 2609 5247 (p.
2659 5175 2783 5243 MO)
2815 5192 2827 5227 :
2858 5171 3035 5242 Neque
3076 5170 3238 5240 igitur
3285 5182 3378 5221 rex
3431 5181 3496 5220 ex
3533 5165 3696 5218 armis

2130 5270 2388 5340 sufﬁciens
2418 5267 2485 5320 ad
2508 5266 2731 5320 salutent
2759 5262 3020 5316 auxilium
3048 5261 3221 5324 habet,
3258 5272 3419 5326 neque
3445 5257 3597 5325 fortis
3620 5256 3699 5308 vir

2132 5362 2235 5417 sibi
2264 5361 2332 5415 ad
2368 5360 2547 5415 omnia
2584 5358 2811 5427 sufﬁcere
2851 5362 3040 5425 potest.
3076 5350 3422 5407 Imbecillitas
3473 5349 3610 5401 enim
3649 5355 3698 5400 et

2138 5452 2431 5519 inﬁrmitas
2462 5458 2585 5504 sunt
2630 5447 2808 5504 omnia
2849 5444 3008 5500 simul
3038 5443 3291 5505 humana,
3334 5439 3382 5494 si
3425 5454 3546 5493 cum
3578 5453 3699 5492 vera

1581 5740 1622 5771 ⁶⁰
1661 5737 1702 5793 il
1735 5738 1860 5793 Cor.
1900 5755 1931 5791 ν
1982 5738 2064 5794 l'l.
2140 5739 2177 5768 ⁶¹
2211 5735 2405 5792 Jcrem.
2439 5752 2490 5801 ι’,
2528 5733 2616 5788 22.
