3972 6218
300 308 372 364 65
1360 302 1722 359 ELENCUUS
1751 299 2086 359 VETERUM
2122 299 2494 356 LIBRORUM.

3486 300 3556 358 66

305 425 524 495 potenti.
591 433 987 493 comparentur.
1034 423 1322 491 Propterea
1376 443 1395 476 ‹
1425 423 1652 494 lnﬁrma
1692 424 1880 477 .mundi
1912 432 1956 489 Α
2055 424 2257 493 Agmen
2303 422 2518 477 claudet
2558 422 2769 492 insigne
2798 421 3192 485 testimonium,
3233 415 3380 489 quod
3414 433 3446 474 θ
3485 418 3547 473 S.

301 514 454 582 elegit
487 512 653 575 Deus,
686 525 743 566 ut
782 514 1073 582 confundat
1095 514 1260 583 fortia
1282 515 1348 569 ⁶¹.
1376 513 1467 580 Et,
1495 530 1561 570 ea:
1589 530 1677 569 ore
1700 515 1879 584 infan-

303 604 435 654 tium
465 611 518 655 et
550 602 861 656 lactentium
889 603 1105 672 perfecit
1140 602 1372 669 laudem,
1410 613 1467 656 ut
1508 603 1746 656 destruat
1780 603 1884 655 ini-

302 696 501 747 micam
530 704 583 748 et
627 694 851 748 ultorem
875 695 955 762 ‘3;
986 714 1006 746 ι
1044 712 1166 775 nam
1197 696 1584 766 divinagratia
1610 696 1664 748 in
1702 694 1880 763 infan-

303 785 442 838 tibus
478 803 546 838 ac
569 786 791 840 rudibus
822 804 1069 857 operans,
1105 790 1333 843 maxime
1368 787 1711 858 resplenduit.
1737 785 1882 841 Prte-

309 877 687 931 clarissimum
733 889 816 933 est
849 879 1062 933 initium
1112 880 1273 949 epist.
1330 880 1452 945 161,
1504 878 1569 934 ad
1610 879 1884 948 Amphilo-

302 969 491 1022 chium
525 986 540 1022 :
571 969 888 1025 Benedictus
928 971 1090 1035 Deus,
1133 973 1222 1042 qui
1248 971 1353 1026 sibi
1387 972 1648 1040 placentes
1679 971 1733 1023 in
1773 972 1885 1024 sin-

303 1059 443 1130 gulis
476 1062 730 1116 ietatibus
774 1064 942 1134 eligit,
982 1064 1348 1135 electionisque
1394 1065 1612 1117 secernit
1647 1079 1795 1123 vasa,
1832 1070 1881 1115 et

303 1153 384 1205 Itis
410 1154 587 1206 utitur
614 1154 683 1206 ad
708 1156 1055 1223 ministerium
1090 1167 1393 1210 sanctorum
1413 1173 1430 1209 :
1448 1157 1536 1226 qui
1566 1172 1702 1209 nunc
1720 1167 1879 1209 etiam

306 1252 373 1306 te,
407 1260 530 1296 cum
565 1246 796 1316 fugeres,
829 1257 886 1300 ut
924 1256 1085 1302 tumet
1126 1248 1335 1309 dixisti,
1369 1265 1472 1301 non
1516 1265 1630 1308 nos,
1667 1247 1847 1302 sed-os

303 1335 568 1388 cntionem
602 1353 759 1407 quam
799 1354 892 1407 per
922 1356 1016 1393 nos
1045 1340 1280 1409 futuram
1308 1338 1686 1407 suspicabaris,
1723 1339 1883 1392 inevi-

307 1425 559 1479 tabilibus
589 1429 779 1497 gratia:
807 1430 1003 1485 retibus
1034 1432 1274 1501 illigavit,
1311 1447 1374 1483 ac
1397 1431 1451 1482 in
1481 1429 1706 1482 mediam
1736 1430 1878 1484 Pisi-

303 1513 445 1567 diam
476 1515 700 1570 deduxit
736 1520 1063 1574 ut‘homines
1099 1522 1317 1574 Domino
1347 1522 1547 1589 capias,
1587 1530 1636 1574 et
1673 1535 1736 1573 ex
1766 1537 1881 1590 pro-

1984 516 2171 570 Basilii
2203 515 2445 586 Liturgia
2483 514 2862 584 depromptum
2893 512 3090 568 Petrus
3132 510 3405 565 Diaconus
3438 511 3550 582 (18)

1982 604 2115 658 citat
2138 609 2192 658 in
2224 604 2363 658 libro
2398 601 2477 657 De
2504 603 2868 655 incarnatione
2901 611 2950 655 et
2978 603 3154 671 gratia
3175 616 3295 670 cap.
3320 600 3387 656 8:
3412 599 3552 653 Hinc

1982 695 2167 760 etiam,
2213 694 2409 763 inquit,
2449 692 2631 769 beatus
2680 692 2917 746 Basilius
2953 692 3299 747 Cwsariensis
3348 691 3554 759 episco-

1982 800 2079 853 pus
2122 786 2175 837 in
2207 786 2445 838 oratione
2493 783 2638 836 sacri
2670 782 2881 846 altaris,
2911 798 3069 852 quam
3119 795 3244 849 pene
3276 781 3550 833 universus

1984 877 2285 947 frequentat
2334 874 2542 937 Oriens,
2573 874 2709 927 inter
2745 883 2935 927 cwtera
2968 887 2986 924 :
3021 873 3191 936 Dona,
3219 873 3409 942 inquit,
3446 871 3552 926 Do-

1987 952 2154 1033 mine,
2192 970 2445 1021 virtutem
2476 974 2529 1021 et
2555 972 2937 1029 tutamentum,
2970 965 3162 1026 malos,
3205 978 3546 1034 quaesumus,

1984 1057 2160 1112 bonos
2190 1056 2375 1123 facito,
2412 1056 2584 1109 bonos
2633 1056 2688 1109 in
2732 1056 2981 1109 bonitate
3014 1070 3320 1120 conserva;
3367 1055 3553 1108 omnia

1985 1147 2128 1202 enim
2159 1154 2334 1221 potes,
2367 1154 2420 1199 et
2462 1159 2569 1198 non
2614 1151 2699 1197 est
2727 1144 2821 1213 qui
2864 1142 3205 1196 contradicat
3243 1141 3345 1194 tibi
3378 1157 3391 1193 :
3427 1155 3553 1194 cum

1982 1239 2129 1299 enim
2178 1237 2438 1301 volueris,
2480 1236 2679 1299 salvas,
2721 1242 2776 1290 et
2821 1233 3003 1288 nullus
3024 1224 3232 1287 resistit
3293 1230 3554 1286 Voluntati

1985 1342 2106 1389 tum.
2158 1328 2295 1386 Ecce
2350 1343 2506 1398 quam
2559 1326 2808 1389 breviter,
2858 1340 3115 1396 quamque
3162 1322 3313 1376 docte
3370 1324 3554 1375 doctor

1982 1427 2214 1497 egregius
2243 1424 2370 1480 olim
2399 1418 2521 1473 huic
2559 1418 2925 1473 controrersia:
2950 1416 3106 1486 ﬁnem
3140 1424 3334 1484 posuit,
3361 1412 3552 1468 docens

1982 1535 2074 1588 per
2104 1518 2235 1570 hanc
2266 1531 2469 1585 precem
2501 1526 2608 1569 non
2640 1527 2673 1563 a
2702 1510 2907 1580 seipsis,
2941 1507 3031 1563 sed
3055 1525 3087 1562 a
3118 1507 3228 1562 Deo
3266 1504 3436 1559 malos
3460 1503 3555 1557 ho-

1984 1610 2147 1663 mines
2180 1606 2338 1678 bonos
2373 1606 2510 1675 ﬁeri,
2538 1623 2630 1660 nec
2663 1618 2766 1661 sua
2789 1604 3001 1667 rirtute,
3041 1600 3130 1654 sed
3160 1598 3351 1652 divina:
3368 1595 3555 1667 gratiis

1985 1700 2249 1769 adjutorio
2277 1698 2330 1750 in
2358 1698 2476 1765 ipsa
2507 1698 2737 1752 bonitate
2771 1707 3124 1771 perseverare.

305 1609 469 1679 tundo
516 1610 801 1678 pertrahas
844 1611 914 1663 ad
953 1612 1136 1675 lucem,
1176 1628 1305 1681 quos
1350 1612 1482 1679 cepit
1516 1608 1783 1674 diabolus,
1822 1621 1880 1664 ut

303 1714 453 1752 suam
481 1699 654 1753 iusius
686 1699 887 1751 faciant
920 1699 1259 1752 voluntatem.

372 1877 415 1908 "
445 1877 463 1931 Ι
498 1875 633 1933 Cor.
667 1891 708 1941 ι,
742 1875 836 1930 27.
913 1874 961 1906 ⁸³
987 1873 1132 1931 Psal.
1163 1890 1282 1940 vm,
1310 1876 1363 1942 5;
1400 1874 1589 1929 Matth.
1621 1889 1737 1942 ιιι,
1774 1874 1860 1931 16.

371 2030 483 2102 (18)
527 2030 785 2085 Biblioth.
811 2027 992 2093 Patr.,
1025 2037 1158 2084 tom.
1198 2027 1293 2095 XI,
1324 2044 1379 2102 p.
1407 2027 1530 2086 198.

337 2184 3540 2214 ._____._______.____._._...__.—__________...__________

1516 2459 2137 2589 ELENCH
2155 2458 2343 2589 US

335 2787 637 2854 Veterum
683 2788 988 2852 librorum
1019 2792 1095 2854 ad
1126 2809 1287 2855 auos
1334 2793 1545 2852 exacta
1592 2794 1645 2848 et
1683 2789 2010 2851 emendata
2051 2795 2191 2850 sunt
2242 2785 2451 2849 Basilii
2507 2804 2721 2867 Opera,
2769 2806 2909 2868 quae
2936 2788 3012 2866 in,
3050 2788 3171 2854 hoc
3197 2787 3517 2854 volumine

1727 2891 2147 2952 continentur.

370 3296 536 3359 Liber
571 3301 656 3357 De
686 3300 876 3369 spiritu
910 3308 1092 3355 sancto
1122 3299 1354 3356 collatus
1385 3314 1509 3354 cum
1541 3300 1782 3370 quinque
1813 3299 1999 3371 Regiis
2030 3299 2316 3355 codicibus
2346 3305 2403 3353 et
2436 3313 2545 3353 uno
2573 3296 2907 3353 Colbertino.

372 3417 449 3471 Ad
506 3416 785 3485 Epistolas
815 3414 873 3470 S.
917 3415 1095 3471 Basilii
1135 3429 1333 3485 magno
1359 3415 1620 3469 exstitere
1653 3414 1909 3485 praesidio
1959 3423 2071 3470 tres
2110 3412 2452 3483 potissimum
2496 3409 2715 3465 codices
2758 3408 3147 3480 antiquissimi,
3188 3407 3558 3468 Coislinlanus

309 3526 361 3566 n.
386 3512 515 3575 257,
546 3513 757 3568 saeculo
785 3513 1007 3566 circiter
1036 3511 1325 3567 undecimo
1356 3510 1597 3580 scriptus
1624 3529 1638 3576 ;
1672 3509 2013 3571 llarlananus,
2054 3509 2268 3563 decimo
2302 3517 2395 3562 aut
2437 3505 2750 3569 undecimo,
2775 3512 2829 3559 et
2857 3503 3168 3567 Medicaeus,
3196 3521 3356 3574 quem
3393 3520 3559 3559 manu

309 3623 403 3663 sua
442 3605 869 3661 accuratissime
916 3621 1040 3659 cum
1080 3606 1238 3661 editis
1289 3606 1521 3660 contulit
1557 3605 1642 3659 vir
1681 3606 1823 3660 inter
1860 3605 2130 3659 litteratos
2170 3604 2561 3657 celeberrimus
2602 3600 2873 3656 Antonius
2916 3600 3083 3654 Maria
3120 3599 3414 3657 Salvinius.
3461 3599 3560 3657 His

311 3699 479 3754 tribus
502 3697 816 3761 codicibus,
847 3698 1037 3752 saltem
1062 3714 1185 3752 cum
1210 3699 1350 3753 inter
1373 3713 1432 3753 se
1449 3697 1821 3759 consentiunt,
1844 3696 1964 3767 plus
1989 3696 2163 3750 visum
2192 3703 2277 3751 est
2299 3695 2668 3760 tribuendum,
2700 3710 2862 3764 quam
2889 3694 3013 3750 aliis
3046 3695 3319 3751 oninibus.
3341 3693 3561 3751 Primus

311 3790 697 3860 complectitur
724 3788 988 3858 epistolas
1016 3788 1141 3853 551,
1170 3787 1490 3845 Harlzranus
1524 3787 1650 3854 249,
1681 3787 1878 3843 Medica

1992 3788 2116 3842 525.

373 3899 487 3957 Huc
514 3916 810 3958 accessere
852 3901 1025 3958 codex
1062 3902 1198 3974 Reg.
1235 3903 1398 3969 2295,
1431 3905 1561 3959 olim
1593 3904 1891 3960 cardinalis
1918 3902 2198 3968 Mazarini,
2226 3902 2595 3973 complectens
2623 3901 2881 3972 epistolas
2904 3898 3030 3955 2⁸72.
3063 3898 3162 3954 llic
3194 3899 3366 3955 codex
3389 3913 3555 3953 anno-

311 4008 423 4046 rum
446 4002 531 4049 est
559 3993 698 4057 500,
726 4002 782 4049 et
809 3995 1022 4065 primus
1052 3996 1255 4068 Regius
1285 4014 1314 4050 a
1346 3999 1506 4052 nobis
1536 4006 1783 4051 vocatur.
1809 3997 1989 4052 Codex
2015 3997 2146 4065 Reg.
2176 3995 2340 4058 2897,
2369 4012 2527 4067 quem
2556 3997 2855 4051 secundum
2876 4009 3158 4059 vocamus,
3186 3991 3561 4062 complectitur

312 4087 563 4153 epistolas
597 4085 734 4141 534.
765 4085 947 4142 Codex
982 4088 1114 4159 Reg.
1147 4086 1311 4153 2896,
1352 4091 1644 4145 continens
1684 4090 1947 4159 epistolas
1976 4089 2067 4143 55.
2100 4090 2283 4143 Codex
2310 4089 2441 4159 Reg.
2466 4088 2628 4155 2502,
2654 4092 2939 4143 continens
2968 4086 3226 4158 epistolas
3262 4086 3353 4140 29.
3378 4085 3558 4140 Codex

316 4182 441 4251 Reg.
481 4183 654 4249 1824,
687 4184 741 4238 in
773 4199 883 4254 quo
916 4191 1030 4239 tres
1068 4185 1331 4255 epistolas,
1366 4201 1558 4255 nempe
1587 4186 1677 4248 45,
1708 4185 1814 4239 245
1839 4193 1892 4239 et
1918 4185 2043 4241 260.
2071 4183 2249 4239 Codex
2280 4183 2414 4255 Reg.
2461 4185 2619 4249 1906,
2648 4185 2703 4239 in
2735 4200 2842 4255 quo
2873 4182 3113 4253 epistolae
3140 4182 3279 4245 dum,
3309 4195 3501 4250 nempe
3525 4179 3561 4233 2

314 4283 362 4326 et
383 4272 470 4328 46.
510 4273 706 4330 Codex
740 4273 874 4347 Reg.
909 4275 1068 4343 1908,
1099 4277 1155 4331 in
1191 4292 1302 4347 quo
1330 4277 1600 4346 reperitur
1628 4276 1860 4346 epistola
1895 4274 1963 4330 ad
1996 4275 2298 4329 Chilonem.

380 4394 693 4455 Habuimus
733 4398 897 4453 etiam
936 4401 1118 4454 varias
1150 4399 1414 4455 lectiones
1444 4415 1510 4454 ex
1545 4400 1830 4454 codicibus
1857 4396 2293 4460 Combeﬁsianis,
2330 4395 2625 4463 Bigotianis
2657 4395 2891 4458 duobus,
2921 4392 3345 4448 Claromontano
3373 4389 3561 4460 Angli-

316 4505 488 4556 cano,
543 4494 606 4549 in
663 4507 775 4562 quo
820 4493 1065 4564 epistolas
1118 4493 1224 4557 28,
1282 4493 1579 4558 Vaticano,
1638 4495 1695 4548 in
1745 4509 1855 4562 quo
1911 4492 2151 4563 epistolae
2199 4492 2326 4557 ⁸527,
2386 4506 2486 4545 nec
2530 4505 2639 4545 non
2669 4489 2899 4559 insignis
2934 4486 3188 4543 Ecclesia:
3234 4483 3560 4540 Parisiensis

319 4588 523 4653 codice,
574 4589 676 4658 qui
728 4589 870 4644 idem
923 4588 1140 4655 videtur
1185 4604 1309 4644 esse
1355 4604 1421 4642 ac
1463 4588 1873 4658 Bigotianoruin
1914 4589 2070 4642 alter.
2124 4586 2506 4657 Suppeditavit
2553 4584 2885 4639 bibliotheca
2939 4581 3272 4638 Coisliniana
3317 4578 3560 4633 codicem

318 4675 437 4742 288,
465 4680 519 4734 in
550 4696 665 4751 quo
700 4680 948 4750 epistola:
985 4680 1109 4743 528,
1138 4696 1300 4750 quem
1332 4680 1727 4735 Coislinianum
1762 4679 2062 4733 secundum
2098 4692 2359 4732 vocamus
2388 4693 2404 4743 ;
2434 4682 2488 4729 et
2520 4676 2656 4729 alios
2686 4673 3001 4734 nonnullos,
3036 4671 3090 4724 in
3124 4669 3323 4739 quibus
3356 4666 3559 4733 aliquot

322 4767 497 4825 Basilii
538 4773 805 4842 epistolae.
850 4770 1101 4826 Canoncs
1139 4768 1328 4825 Basilii
1370 4769 1550 4825 collati
1597 4769 1818 4824 fuerunt
1865 4783 1991 4823 cum
2036 4768 2284 4837 pluribus
2328 4764 2610 4820 codicibus
2650 4763 2894 4834 ejusdem
2939 4762 3298 4822 bibliothecae,
3330 4771 3396 4812 ex
3435 4756 3560 4824 qui-

324 4857 420 4911 bus
446 4860 613 4915 codex
636 4860 747 4916 209
773 4861 907 4916 noni
936 4875 1057 4918 esse
1086 4860 1271 4918 saeculi
1300 4861 1668 4927 existimatur,
1694 4866 1750 4914 et
1776 4874 1878 4913 cun

1983 4859 2115 4930 egiis
2146 4858 2425 4913 codicibus
2448 4855 2610 4923 2058,
2638 4855 2801 4921 2059,
2823 4854 2987 4921 2015,
3011 4851 3175 4917 2044,
3203 4848 3369 4916 2502,
3394 4847 3559 4914 2503,

325 4950 475 5019 2508,
507 4953 670 5021 2500,
702 4952 868 5011 5027.
