3972 6218
322 283 394 340 69
1506 270 1706 333 LIBER
1744 271 1828 332 DE
1867 277 1905 333 S

2014 271 2140 336 lITU
2185 276 2473 334 SANCTO.
3513 281 3584 338 ‘70

319 397 417 449 καὶ
454 393 592 466 πρὸς
618 393 842 460 ἀγνοίας
881 393 1026 447 ἴασιν
1063 393 1161 462 τὴν
1194 391 1449 463 ἀλήθειαν
1481 392 1781 463 ἐκζητούσῃ
1809 409 1906 462 χα-

2014 392 2337 462 [ιιιιεειίοηεε
2381 392 2540 446 nobis
2595 391 2893 462 objiciant,
2952 392 3147 448 horum
3194 393 3299 448 hoc
3342 401 3584 465 tempore

317 486 638 540 ksuinarov
674 486 938 554 ἐντυχεῖν.
989 486 1078 548 Ὦς
1123 485 1232 556 γάρ
1281 485 1446 554 παγὶς
1488 485 1770 556 θηρατῶν,
1816 487 1908 538 καὶ

317 577 713 648 πολεμούντων
756 577 981 647 ἐνέδρα,
1039 579 1420 649 κεκρυμμένον
1470 578 1562 630 τὸν
1601 577 1748 630 δόλον
1796 577 1908 649 (22)

317 669 415 719 καὶ
447 667 860 734 ἐγκατάσκευον
906 667 1115 737 ἔχειτὰ
1157 667 1265 720 τῶν
1312 668 1522 721 πολλῶν
1557 669 1906 739 ἐρωτήματα,

316 760 367 811 οἳ
409 759 781 830 προϐάλλουσι
829 759 1055 827 λόγους,
1086 759 1184 829 οὐχ
1214 759 1302 812 ἵνα
1345 776 1398 812 τι
1432 761 1701 830 χρήσιμον
1734 759 1911 813 λάϐω⁶

319 867 405 902 σιν
452 850 518 913 ἐξ
558 850 760 913 αὐτῶν,
801 849 916 903 ἀλλ’
946 851 1130 916 ὅπως,
1174 850 1268 903 ἐὰν
1304 851 1377 922 μὴ
1409 851 1812 921 συμϐαινούσας
1843 853 1909 922 τῇ

320 941 541 994 ἑαυτῶν
600 942 868 1014 ἐπιθυμίᾳ
909 943 1008 1006 τὰς
1059 943 1380 1013 ἀποκρίσεις
1427 943 1652 1015 εὕρωσι,
1708 942 1911 1014 ταύτην

320 1034 587 1106 ἀφορμὴν
609 1035 822 1089 δικαίαν
853 1035 998 1106 ἔχειν
1025 1033 1216 1100 δόξωσι
1246 1035 1341 1088 τοῦ
1372 1037 1628 1107 πολέμου.

2015 499 2210 553 magna
2244 491 2327 537 est
2371 483 2548 552 capia.
2590 481 2660 534 At
2696 481 2750 534 in
2785 484 3028 536 animum
3069 482 3316 537 discendi
3341 483 3584 548 avidum,

2013 575 2216 645 quique
2257 575 2322 628 ad
2354 574 2714 644 ignorationis
2764 573 3029 629 medelam
3086 590 3272 629 verum
3322 575 3583 644 inquirat,

2014 665 2392 720 dilﬁcillimum
2434 674 2519 719 est
2564 664 2826 721 incidere.
2885 665 3100 721 Etenim
3150 673 3210 720 ut
3256 675 3582 721 venatorum

2015 757 2245 826 laqueus
2273 763 2327 809 et
2359 755 2599 810 hostium
2639 756 2871 821 insidiae,
2915 757 2985 811 ita
3021 756 3267 812 fraudem
3315 758 3586 813 occultam

2014 858 2068 904 et
2110 856 2228 902 arte
2276 847 2601 902 instructam
2643 848 2848 903 habent
2878 849 3173 903 multorum
3207 849 3588 920 interrogatio-

2014 956 2131 1003 nes,
2168 939 2261 1010 qui
2306 938 2593 1009 proferunt
2620 940 2675 993 in
2719 941 2958 994 medium
2989 943 3342 1010 qliacsliones,
3385 957 3494 996 non
3527 950 3586 995 ut

2027 1050 2095 1088 ex
2139 1034 2224 1088 his
2271 1032 2476 1100 aliquid
2506 1033 2725 1102 capiant
2754 1033 3026 1097 utilitatis,
3067 1034 3163 1087 scd
3201 1042 3283 1098 ut,
3315 1033 3362 1087 si
3400 1035 3587 1086 minus

321 1128 771 1182 accommodatas
836 1143 948 1182 suae
995 1128 1277 1197 cupiditati
1318 1130 1707 1199 responsiones
1751 1126 2062 1193 inveniant,
2125 1125 2266 1179 hanc
2314 1126 2440 1180 belli
2494 1139 2716 1178 causam
2775 1125 2975 1178 habere
3018 1125 3220 1194 justam
3275 1127 3584 1180 vidcantur.

391 1219 449 1272 2.
497 1220 561 1270 Εἰ
591 1220 648 1271 δὲ
690 1218 766 1289 τῷ
817 1218 1068 1288 Ἅνοήτῳ
1098 1219 1542 1287 ἐπερωτήσαντι
1581 1220 1692 1290 (25)
1730 1220 1914 1288 σοφία

319 1308 762 1378 λογισθήσεται
783 1321 797 1338 ⁸
835 1311 928 1363 τὸν
961 1310 1178 1363 συνετὸν
1207 1311 1513 1382 ἀκροατὴν,
1546 1312 1634 1364 τὸν
1677 1313 1780 1364 ὑπὸ
1818 1311 1912 1364 τοῦ

322 1403 614 1470 προφήτου
647 1400 727 1470 τῷ
777 1400 1076 1472 θαυμαστῷ
1111 1402 1399 1473 συμϐούλῳ
1445 1403 1910 1474 παραζευχθέντα,

321 1491 496 1543 πόσου
529 1491 683 1557 ἀξιον
727 1490 1088 1562 λογισόμεθα;
1132 1488 1210 1544 Ἦ
1237 1510 1339 1546 που
1366 1493 1572 1547 δίκαιον
1599 1494 1776 1564 πάσης
1813 1494 1910 1564 μὲν

325 1583 601 1654 ἀποδοχῆς
644 1582 852 1647 ἀξιοῦν,
902 1584 1164 1655 προάγειν
1191 1586 1248 1638 δὲ
1281 1587 1362 1648 είς
1391 1585 1450 1638 τὸ
1473 1586 1680 1657 πρόσω,
1719 1603 1910 1655 συνεφ-
1942 1632 1984 1686 Β

323 1672 672 1742 απτομένους
706 1670 856 1741 αὐτῷ
883 1673 982 1741 τῆς
1014 1672 1248 1742 σπουδῆς
1269 1713 1283 1736 ,
1318 1673 1413 1726 καὶ
1438 1674 1614 1726 πάντα
1651 1691 1910 1728 συνεκπο-

325 1760 579 1824 νοῦντας,
611 1762 952 1832 ἐπειγομένῳ
982 1763 1117 1832 πρὸς
1146 1763 1244 1832 τὴν
1269 1761 1565 1815 τελείωσιν.
1591 1763 1662 1814 Τὸ
1691 1765 1800 1834 γὰρ
1836 1761 1910 1836 μὴ

323 1854 624 1923 παρέργως
674 1852 891 1904 ἀκούειν
935 1850 1042 1904 τῶν
1103 1851 1424 1919 θεολογικῶν
1499 1853 1721 1920 φωνῶν,
1776 1853 1912 1908 ἀλλὰ

325 1942 629 2011 πειρᾶσθαι
658 1942 749 1993 τὸν
792 1943 850 1994 ἐν
890 1943 1097 2012 ἑκάστῃ
1128 1941 1270 2008 λέξει
1305 1942 1398 1995 καὶ
1446 1945 1503 1994 ἐν
1550 1944 1754 2016 ἑκάστῃ
1797 1945 1909 2015 (24)

328 2031 574 2103 συλλαϐῇ
603 2033 988 2104 κεκρυμμένον
1009 2032 1130 2085 νοῦν
1157 2033 1469 2102 ἐξιχνεύειν,
1495 2035 1594 2086 οὐκ
1624 2034 1806 2103 ἀργῶν
1831 2037 1910 2099 είς

324 2125 634 2186 εὐσέϐειαν,
673 2125 818 2178 ’ἀλλὰ
851 2124 1226 2196 γνωριζόντων
1271 2125 1361 2176 τὸν
1393 2126 1592 2179 σκοπὸν
1637 2126 1737 2197 τῆς
1778 2127 1910 2199 κλή-

329 2234 464 2280 σεως
503 2215 706 2286 ἡμῶν·
753 2217 833 2268 ὅτι
882 2215 1165 2287 πρόκειται
1203 2216 1334 2285 ἡμῖν
1383 2217 1712 2286 ὁμοιωθῆναι
1767 2217 1906 2288 Θεῷ,

326 2308 468 2361 κατὰ
500 2309 568 2361 τὸ
596 2309 818 2361 δυνατὸν
847 2306 1133 2378 ἀνθρώπου
1167 2307 1345 2376 φύσει.
1381 2307 1671 2377 Ὀμοίωσις
1702 2308 1778 2373 δὲ,
1813 2310 1911 2362 οὐκ

326 2402 451 2455 ἀνευ
493 2398 784 2468 γνώσεως·
809 2402 842 2470 ὴ
875 2399 931 2451 δὲ
966 2399 1182 2467 γνῶσις,
1217 2401 1317 2453 οὐκ
1340 2400 1496 2462 ἐκτὸς
1521 2400 1630 2470 (25)
1655 2401 1910 2471 διδαγμά-

325 2509 452 2545 των.
484 2491 666 2559 Λόγος
697 2490 754 2543 δὲ
778 2490 1125 2553 διδασκαλίας
1147 2491 1310 2562 ἀρχή⁴
1344 2490 1501 2558 λόγου
1529 2490 1585 2543 δὲ
1615 2491 1754 2562 μέρη
1789 2492 1911 2544 συλ-

326 2583 487 2638 λαϐαὶ
523 2585 622 2636 καὶ
651 2580 840 2646 λέξεις.
872 2582 1032 2634 Ὥστε
1069 2582 1169 2634 οὐκ
1195 2580 1300 2642 ἔξω
1329 2581 1530 2634 σκοποῦ
1573 2583 1761 2650 γέγονε
1802 2582 1909 2637 τῶν

327 2674 614 2728 συλλαϐῶν
644 2677 678 2744 ἡ
710 2672 974 2739 ἐξέτασις.
1007 2673 1080 2726 Οὐ
1122 2672 1228 2742 μὴν
1272 2673 1352 2725 ὅτι
1396 2672 1590 2743 μικρὰ,
1633 2674 1707 2736 ὡς
1736 2675 1800 2727 ἄν
1832 2691 1910 2745 τῳ

324 2764 510 2830 δόξαι,
564 2763 637 2816 τὰ
689 2765 1048 2834 ἐρωτήματα,
1097 2763 1185 2816 διὰ
1224 2763 1378 2816 τοῦτο
1421 2765 1514 2816 καὶ
1565 2764 1909 2836 παροφθῆναι

325 2856 451 2920 ἄξια
470 2873 485 2886 ⁸
516 2856 639 2910 ἀλλ’
667 2855 854 2926 ἐπειδὴ
884 2854 1217 2927 δυσθήρατός
1241 2857 1272 2924 ἡ
1303 2854 1548 2925 ἀλήθεια,
1579 2855 1909 2926 πανταχόθεν

325 2950 456 3017 ἡμῖν
485 2945 824 3016 ἐξιχνευτέα.
860 2947 922 2998 Εἰ
956 2946 1064 3016 γὰρ
1098 2944 1286 3016 ὥσπερ
1319 2946 1375 2998 αἱ
1407 2946 1614 3016 τέχναι,
1648 2945 1791 3000 οὕτω
1817 2947 1910 2999 καὶ

325 3041 357 3108 ή
409 3040 512 3108 τῆς
570 3037 849 3100 εὐσεϐείας
897 3036 1007 3107 (26)
1055 3036 1318 3107 ἀνάληψις
1366 3040 1486 3100 ταῖς
1527 3037 1668 3091 κατά
1716 3039 1908 3108 μικρὸν

326 3128 676 3198 προσθήκαις
718 3126 975 3192 αὒξεται,
1027 3126 1236 3189 οὐδενὸς
1285 3127 1620 3197 ὑπεροπτέον
1669 3131 1782 3191 τοῖς
1829 3130 1908 3193 είς

326 3222 422 3291 τὴν
477 3220 690 3288 γνῶσιν
735 3218 1134 3289 εἰσαγομένοις·
1181 3219 1256 3283 ὡς
1310 3219 1476 3282 εἴτις
1519 3220 1628 3273 τῶν
1674 3220 1905 3292 πρώτων

328 3310 616 3380 στοιχείων
663 3309 737 3372 ὡς
783 3309 1030 3380 σμικρῶν
1074 3311 1345 3379 ὑπερίδοι,
1380 3311 1634 3364 οὐδέποτε
1681 3312 1789 3364 τῶν
1821 3329 1910 3365 “cz-

327 3402 486 3453 λείων
523 3402 626 3471 τῆς
660 3401 852 3468 σοφίας
881 3400 1168 3469 ἐφάψεται.
1196 3402 1269 3454 Τὸ
1297 3403 1385 3456 ναὶ
1419 3404 1513 3456 καὶ
1539 3403 1599 3469 τὸ
1623 3402 1683 3456 οὓ
1716 3405 1910 3456 συλλα-

329 3495 420 3548 ϐαὶ
449 3494 586 3548 δύοο
644 3493 761 3546 ἀλλ’
802 3494 950 3564 ὅμως
995 3493 1056 3545 τὸ
1098 3492 1388 3564 κράτιστον
1416 3495 1525 3546 τῶν
1568 3495 1823 3562 ἀγαθῶν,
1875 3499 1908 3568 ὴ

329 3587 582 3658 ἀλήθεια,
607 3587 705 3639 και⁹
722 3586 750 3638 ό
773 3585 996 3655 ἔσχατος
1019 3586 1145 3656 ὄρος
1170 3586 1269 3656 τῆς
1300 3587 1581 3658 πονηρίας,
1610 3589 1670 3641 τὸ
1693 3588 1908 3658 ψεῦδος,

328 3682 438 3742 τοῖς
464 3681 690 3750 μικροῖς
718 3676 930 3740 τούτοις
966 3678 1173 3747 ῥήμασι
1207 3677 1465 3742 πολλάκις
1500 3681 1906 3750 ἐμπεριέχεται.

332 3772 437 3823 Καὶ
462 3771 521 3823 τί
548 3768 723 3823 ταῦτα
753 3767 934 3836 λέγω;
971 3768 1106 3836 Ἤδη
1132 3785 1214 3832 τις
1253 3769 1347 3822 καὶ
1389 3769 1547 3840 μόνον
1575 3773 1911 3836 κατανεύσας

331 3864 394 3931 τῇ
428 3860 645 3931 κεφαλῇ
673 3860 732 3913 ἐν
761 3861 874 3922 τοῖς
905 3859 1046 3929 ὑπὲρ
1085 3859 1321 3931 Χριστοῦ
1360 3861 1696 3933 μαρτυρίοις,
1729 3864 1909 3934 πάσης

331 3950 627 4022 πληρωτὴς
655 3949 938 4012 εὐσεϐείας
968 3949 1158 4020 ἐκρίθη
1194 3949 1328 4021 (27).
1366 3953 1429 4004 Εἰ
1453 3951 1508 4004 δὲ
1540 3952 1709 4007 ταῦτα
1737 3953 1909 4018 οὕτως

333 4041 465 4110 ἔχει,
505 4041 565 4093 τί
597 4040 707 4093 τῶν
747 4040 1074 4108 Θεολογικῶν
1114 4041 1372 4112 ῥημάτων
1411 4042 1553 4096 οὓτω
1587 4044 1798 4115 μικρὸν,
1835 4044 1910 4108 ὡς

332 4129 365 4199 ἢ
394 4129 580 4191 καλῶς
611 4128 645 4198 ἦ
676 4129 935 4192 ἐναντίως
973 4129 1112 4199 ἔχον,
1154 4129 1227 4202 μὴ
1257 4131 1496 4201 μεγάλην
1525 4133 1784 4203 παρέχειν
1811 4135 1908 4205 τὴν

336 4221 506 4291 ῥοπὴν
539 4220 624 4288 ἐφ’
654 4219 924 4289 ἑκάτερα;
955 4219 1016 4272 El
1045 4221 1152 4291 γὰρ
1190 4223 1254 4274 ἐκ
1287 4220 1380 4274 τοῦ
1420 4223 1582 4294 νόμου
1618 4223 1750 4277 ίῶτα
1781 4224 1838 4277 ἓν
1867 4227 1898 4296 ἢ

2089 1215 2144 1271 2.
2182 1215 2336 1281 Quod
2371 1217 2416 1271 si
2455 1214 2628 1269 Stulto
2666 1216 3009 1285 interroganti
3044 1218 3305 1285 sapientia
3351 1220 3586 1287 imputa-

2015 1307 2158 1361 bitur
2210 1308 2255 1339 ⁸⁸
2307 1327 2318 1362 :
2375 1308 2801 1363 auscultatorem
2853 1306 3196 1376 prudentem,
3247 1324 3407 1378 quem
3459 1323 3588 1379 pro-

2013 1399 2176 1469 pheta
2202 1414 2324 1454 cum
2351 1398 2652 1453 admirabili
2681 1398 2998 1452 consiliario
3023 1399 3377 1468 copulavit“,
3398 1399 3588 1470 quanti

2014 1492 2449 1548 testimabimus?
2489 1492 2724 1562 Equum
2772 1500 2856 1546 est
2900 1490 3168 1562 profecto,
3208 1501 3268 1548 ut
3319 1510 3444 1548 eum
3492 1510 3589 1564 ap-

2013 1583 2334 1653 probatione
2364 1584 2514 1637 omni
2552 1584 3008 1653 complectamur,
3048 1599 3111 1638 ac
3146 1586 3362 1656 longius
3391 1601 3588 1656 prove-

2014 1677 2232 1742 hamus,
2270 1693 2492 1730 manum
2528 1677 2676 1732 illius
2709 1677 2893 1732 studio
2925 1679 3090 1733 simul
3121 1681 3499 1746 admoventes,
3533 1689 3590 1736 et

2013 1768 2068 1822 in
2119 1769 2373 1824 omnibus
2416 1784 2540 1822 cum
2584 1783 2649 1822 eo
2691 1769 2758 1822 ad
2792 1770 3180 1838 perfectionem
3223 1773 3588 1828 cantendcnte

2012 1860 2351 1915 laborantes.
2404 1859 2536 1913 Nam
2595 1859 2738 1914 haud
2782 1860 3155 1931 perfunctorie
3205 1877 3369 1917 voces
3432 1863 3588 1917 theo-

2012 1956 2218 2026 logicas
2243 1955 2452 2016 audire,
2483 1956 2578 2010 sed
2607 1957 2816 2018 conari,
2843 1957 2972 2026 quid
2999 1957 3054 2010 in
3081 1973 3297 2028 quaque
3319 1959 3584 2023 dictione,

2011 2047 2142 2117 quid
2200 2047 2256 2101 in
2308 2061 2526 2116 quaque
2577 2046 2786 2116 syllaba
2839 2047 3104 2102 reconditi
3165 2064 3364 2104 sensus
3417 2049 3586 2103 lateat

2011 2141 2367 2210 perscrutari,
2406 2154 2512 2193 non
2546 2146 2841 2192 esteorum
2873 2139 2967 2208 qui
2994 2156 3188 2209 segnes
3217 2150 3345 2194 sunt
3375 2141 3439 2194 ad
3471 2141 3588 2210 pie-

2013 2240 2200 2296 tatem,
2255 2231 2348 2286 sed
2395 2230 2485 2298 qui
2525 2229 2830 2308 vocationis
2876 2240 3079 2287 nostra;
3127 2248 3352 2301 scopum
3387 2233 3588 2287 intelli-

2010 2330 2145 2393 gunt
2202 2342 2214 2378 :
2263 2321 2707 2392 quandoquidem
2749 2321 2910 2376 nobis
2961 2324 3298 2393 propositum
3350 2333 3469 2391 est,
3525 2333 3588 2378 ut

2011 2414 2216 2468 similes
2259 2413 2555 2468 eﬂiciamur
2592 2411 2723 2476 Deo,
2753 2425 3026 2482 quatenus
3082 2415 3334 2468 humanae
3375 2425 3587 2470 natum

2013 2504 2093 2558 fas
2131 2513 2234 2559 est.
2287 2505 2458 2559 Porro
2514 2503 2818 2559 similitudo
2859 2521 2968 2560 non
3014 2513 3098 2561 est
3141 2507 3348 2576 absque
3395 2509 3588 2578 cogni-

2012 2599 2156 2652 tione
2189 2614 2202 2650 ε
2237 2599 2474 2668 cognitio
2515 2614 2644 2656 vero
2675 2601 2795 2656 sine
2823 2600 3168 2655 documentis
3195 2618 3304 2656 non
3335 2614 3583 2672 paratur.

2010 2687 2284 2744 Doctrina!
2337 2699 2518 2744 autem
2579 2691 2839 2753 initium,
2902 2698 2986 2745 est
3055 2692 3268 2756 oratio,
3322 2694 3589 2750 orationis

2011 2788 2194 2850 partes
2225 2782 2447 2852 syllabae
2477 2797 2541 2835 ac
2568 2783 2856 2836 dictiones.
2893 2781 3130 2837 Proinde
3159 2783 3396 2854 syllabas
3421 2801 3589 2839 excu-

2012 2881 2146 2935 tere,
2179 2889 2286 2927 non
2313 2882 2396 2928 est
2436 2874 2690 2928 aberrare
2727 2889 2758 2926 a
2795 2888 2980 2942 scopo.
3014 2872 3124 2928 Nec
3167 2889 3297 2930 vero
3326 2877 3584 2944 quoniam

1937 2974 1980 3031 ς,
2014 2963 2253 3028 minutae,
2315 2971 2372 3017 ut
2415 2965 2576 3018 alicui
2629 2964 2767 3019 forte
2817 2965 3168 3030 videbuntur,
3202 2969 3582 3035 quastioncs;

2011 3055 2217 3108 idcirco
2267 3061 2322 3109 et
2370 3057 2705 3125 negligenda:
2755 3066 2884 3110 sunt
2939 3078 2952 3112 :
2997 3059 3106 3112 imo
3151 3060 3410 3128 quoniam
3455 3059 3588 3113 dilli-

2011 3145 2133 3199 cilis
2168 3152 2252 3199 est
2295 3146 2517 3199 inventu
2560 3148 2786 3210 veritas,
2823 3147 3064 3216 undique
3111 3149 3269 3203 nobis
3302 3157 3386 3203 est
3415 3151 3584 3203 vesti-

2010 3236 2207 3306 ganda.
2234 3235 2446 3291 Etenim
2477 3238 2544 3304 si,
2575 3247 2634 3290 ut
2665 3245 2833 3301 artes,
2870 3239 2942 3292 ita
2971 3250 3023 3294 et
3045 3240 3262 3310 pietatis
3293 3241 3586 3310 acquisitio

2012 3327 2271 3396 paulatim
2302 3328 2528 3382 minutis
2554 3311 2966 3384 accessionibus
2999 3332 3282 3400 augescit;
3325 3332 3460 3384 nihil
3498 3339 3584 3387 est

2009 3419 2464 3471 contemnendum
2514 3419 2582 3474 iis
2633 3421 2725 3488 qui
2758 3419 2826 3473 ad
2872 3423 3238 3491 cognitionem
3283 3422 3584 3477 instituun-

2010 3515 2098 3562 tur
2150 3527 2163 3562 :
2213 3511 2669 3578 quemadmodum
2719 3512 2765 3565 si
2807 3514 2932 3581 quis
2982 3515 3167 3582 prima
3213 3515 3478 3570 elementa
3524 3525 3584 3571 ut

2010 3601 2218 3653 minuta
2264 3607 2600 3666 contemnat,
2633 3619 2911 3673 nunquam
2953 3605 3314 3674 perfectorum
3363 3609 3584 3678 sapien-

2009 3690 2140 3743 tiam
2181 3701 2523 3760 assequetur.
2572 3691 2662 3748 Nae
2697 3703 2751 3749 et
2797 3695 2936 3755 Non.
2975 3697 3198 3767 syllabae
3227 3699 3349 3753 dua:
3397 3709 3526 3755 sunt
3563 3720 3578 3756 :

2009 3788 2250 3835 attamen
2303 3783 2570 3837 honorum
2619 3786 2885 3855 optimum
2919 3790 3143 3852 veritas,
3195 3799 3248 3844 et
3297 3800 3581 3849 extremus

2013 3872 2298 3942 pravitatis
2356 3876 2625 3931 terminus
2683 3878 3068 3944 mendacium,
3125 3881 3440 3951 frequenter
3495 3886 3582 3940 his

2007 3961 2233 4016 minutis
2272 3965 2454 4019 verbis
2498 3969 3063 4037 comprehenduntur.
3121 3970 3226 4026 Sed
3278 3975 3408 4038 quid
3463 3976 3581 4032 ham

2006 4068 2400 4118 commemoro,
2432 4072 2556 4112 cum
2601 4058 2715 4126 jam
2752 4061 2797 4114 si
2843 4064 2967 4129 quis
3002 4064 3082 4117 vel
3123 4065 3305 4134 capite
3345 4076 3578 4130 annuat,

2005 4151 2122 4198 tum
2158 4160 2282 4200 cum
2326 4149 2588 4219 martyrio
2617 4165 2714 4218 pro
2750 4152 2968 4208 Christo
3000 4154 3431 4226 perfungendum
3469 4169 3576 4222 est,

2008 4241 2179 4287 totam
2211 4236 2464 4304 pietatem
2512 4240 2819 4308 explevisse
2843 4242 3161 4311 judicetnr?
3191 4245 3348 4312 Quod
3383 4249 3428 4304 si
3464 4249 3580 4303 ha:c

337 4311 430 4380 μία
457 4311 662 4382 κεραία
698 4312 760 4364 οὐ
803 4310 1214 4381 παρελεύσεται,
1247 4314 1366 4376 πῶς
1407 4314 1471 4368 ἂν
1510 4317 1640 4386 ἡμῖν
1669 4317 1906 4385 ἀσφαλὲς

2014 4323 2077 4377 ad
2112 4323 2257 4379 hunc
2305 4327 2507 4382 habent
2544 4328 2788 4395 modum,
2824 4310 2952 4402 quid
2988 4352 3112 4392 esse
3140 4310 3312 4408 possit
3354 4340 3405 4393 in
3456 4355 3580 4394 ver-

337 4404 684 4478 ὑπερϐαίνειν
733 4404 826 4456 καὶ
871 4403 940 4457 τὰ
977 4406 1346 4475 σμικρότατα;
1389 4406 1459 4460 ’Ἀ
1488 4423 1551 4475 γε
1602 4407 1707 4480 μὴν
1741 4409 1904 4473 αὐτὸς

335 4493 774 4568 δευκρινηθῆναι
807 4497 938 4567 παρ’
964 4494 1123 4566 ἡμῶν
1161 4497 1526 4568 ἐπεζήτησας,
1562 4500 1656 4552 καὶ
1702 4499 1907 4572 βραχέα

404 4717 448 4748 ⁸³
497 4715 662 4770 Prov.
691 4731 823 4780 xv“,
857 4714 950 4772 28.
1023 4714 1069 4747 ⁸⁸
1115 4715 1217 4770 lsa.
1255 4729 1336 4781 ιιι,
1374 4717 1429 4770 5.

407 4935 521 5008 (22)
556 4938 668 5008 Τὸν
694 4935 900 5008 δόλον.
929 4933 1108 4989 Editio
1138 4934 1476 5008 Basileensis
1497 4935 1589 5008 τὸν
1616 4935 1794 5008 λόγον.

408 5003 522 5078 (25)
580 5005 1073 5078 Ἐπερωτήσαντι.
1123 5003 1345 5078 Addunt
1394 5005 1533 5078 editi
1557 5006 1902 5078 coepiat/tin-

344 5074 623 5147 ιεττοςάιιιὶ
667 5076 986 5147 sapientiam
1029 5074 1290 5147 sapientia
1327 5076 1680 5147 reputabitur,
1714 5075 1807 5130 sed
1838 5091 1900 5132 ea

347 5162 440 5200 vox
465 5143 646 5200 addita
672 5145 888 5199 videtur
917 5159 945 5197 a
979 5143 1372 5199 recentioribus
1398 5145 1661 5211 librariis,
1694 5157 1746 5200 et
1776 5161 1900 5199 cum

346 5231 458 5269 eam
487 5215 775 5271 deleverim
826 5215 985 5267 initio
1036 5211 1294 5282 Epistolae
1345 5215 1532 5282 primae
1581 5214 1896 5280 Canonicae,

346 5285 640 5407 qqialdecs:
657 5287 712 5365 in
732 5284 1129 5354 antiquissimis
1152 5283 1454 5348 codicibus,
1490 5284 1718 5340 delenda
1739 5287 1899 5339 etiam

347 5365 443 5407 noc
493 5370 590 5407 oco
639 5364 736 5407 uit.

347 5353 443 5408 no’e
473 5356 590 5409 loco
617 5354 736 5408 fuit.

411 5423 517 5494 (24)
559 5425 653 5477 Ἐν
687 5421 944 5494 ἑκάστῃ.
986 5419 1181 5494 Addita
1212 5420 1625 5494 praepositiole
1657 5429 1892 5492 quatuor

347 5491 613 5548 codicibus
659 5507 795 5547 mss.
843 5491 964 5544 Mox
1008 5491 1116 5560 duo
1148 5492 1365 5547 codices
1403 5491 1576 5560 Regii,
1611 5491 1816 5560 primus
1836 5503 1889 5549 et

348 5564 552 5626 tertius,
587 5562 785 5615 σκοπὸν
819 5560 919 5630 τῆς
947 5559 1218 5630 γνώσεως,
1251 5576 1463 5629 scopum
1489 5559 1684 5616 nostra;
1715 5566 1886 5616 scien-

349 5633 447 5686 ιίιε.
489 5633 608 5688 Haec
651 5634 926 5702 scriptura
975 5629 1320 5686 manifestum
1369 5642 1454 5686 est
1501 5641 1766 5697 erratum,
1823 5647 1886 5688 ac

2009 4414 2129 4480 bis,
2169 4433 2290 4486 qua:
2323 4418 2391 4475 de
2440 4419 2546 4476 Deo
2585 4421 2860 4489 dicuntur,
2901 4427 2953 4497 3
3000 4428 3137 4483 adeo
3189 4432 3469 4500 pusillum,
3519 4442 3581 4486 ut

2008 4507 2094 4563 vel
2143 4517 2288 4565 recte
2333 4512 2418 4566 vel
2461 4527 2621 4570 secus
2665 4516 2894 4579 dictum,
2933 4535 3042 4574 non
3091 4535 3349 4592 magnum
3385 4523 3581 4578 habeat

2000 4941 2287 5018 sententia:
2309 4943 2503 5018 seriem
2525 4945 2742 5016 penitus
2762 4948 3076 5018 denormat;
3097 4951 3189 5008 sed
3213 4959 3394 5009 tamen
3411 4953 3576 5014 Com-

1998 5009 2192 5090 bona)
2225 5013 2507 5090 grabatum

2070 5081 2182 5163 (ἳξὶ)
2215 5084 2336 5163 0px
2367 5084 2561 5163 ἐκτός.
2589 5089 2682 5163 Sig
2701 5091 2810 5163 duo
2839 5092 2990 5163 degii
3014 5098 3070 5163 et
3101 5091 3256 5163 (ξομ).
3289 5101 3342 5147 ει
3366 5093 3570 5163 Regius

1998 5157 2223 5233 quintus
2252 5157 2308 5206 in
2341 5160 2608 5233 margine.
2643 5159 2787 5233 Editj
2809 5157 3010 5233 pain;
3031 5162 3095 5213 ἐκ
3119 5161 3416 5233 διδαγμῶν.
3449 5157 3571 5219 Duo

1997 5221 2215 5302 codices
2257 5238 2391 5277 mss.
2434 5221 2635 5294 γνῶσις
2665 5232 2728 5282 ὲκ
2756 5221 3122 5300 διδαγμάτων,
3162 5221 3390 5302 cognitio
3423 5251 3450 5289 ε
3474 5237 3572 5290 do-

1996 5299 2168 5342 ctrina
2187 5303 2430 5358 paratur.

2071 5359 2180 5442 (26)
2211 5365 2572 5442 βραϐείας.
2621 5366 3020 5442 ng._quartus
3071 5372 3346 5442 ἀληθείας.
3395 5374 3570 5436 Paulo

2000 5432 2290 5508 [)0ngde
2325 5437 2477 5508 ποτέ,
2513 5432 2621 5508 [res
2651 5432 3054 5508 négii'codices
3078 5432 3353 5499 οὐδέποτε.

2069 5499 2483 5625 ἓξὲκέξιξξίθη.
2519 5504 2651 5579 Reg.
2683 5499 2892 5577 pﬁmus
2918 5509 3154 5584 ἐδείχθη,
3185 5523 3238 5570 ει
3270 5513 3336 5568 ad
3373 5515 3570 5590 margi-

1995 5585 2116 5625 nem
2146 5585 2358 5642 εκριυη.
