  <div class='ocr_page' id='page_1' title='image "/cluster/home/n/w/nwhite01/storage/ocr_20150623/32/mdp.39015011915462/043.png"; bbox 0 0 3972 6218; ppageno 0'>
   <div class='ocr_carea' id='block_1_1' title="bbox 404 216 1971 318">
    <p class='ocr_par' dir='ltr' id='par_1_1' title="bbox 404 252 1969 318">
     <span class='ocr_line' id='line_1_1' title="bbox 404 252 1969 318; baseline -0.006 0"><span class='ocrx_word' id='word_1_1' title='bbox 404 262 465 318; x_wconf 76' lang='grc' dir='ltr'>Ἠ</span> <span class='ocrx_word' id='word_1_2' title='bbox 1742 253 1800 310; x_wconf 90' lang='lat' dir='ltr'><strong>S.</strong></span> <span class='ocrx_word' id='word_1_3' title='bbox 1841 252 1969 309; x_wconf 80' lang='lat' dir='ltr'><strong>BAS</strong></span> 
     </span>
    </p>
   </div>
   <div class='ocr_carea' id='block_1_2' title="bbox 2079 216 3674 318">
    <p class='ocr_par' dir='ltr' id='par_1_2' title="bbox 2079 216 3674 318">
     <span class='ocr_line' id='line_1_2' title="bbox 2079 216 3674 318; baseline 0.006 -9"><span class='ocrx_word' id='word_1_4' title='bbox 2079 253 2085 307; x_wconf 88' lang='lat' dir='ltr'><strong>l</strong></span> <span class='ocrx_word' id='word_1_5' title='bbox 2125 254 2342 314; x_wconf 69' lang='lat' dir='ltr'><strong>MAGNI</strong></span> <span class='ocrx_word' id='word_1_6' title='bbox 3026 216 3031 219; x_wconf 12' lang='grc' dir='ltr'><strong>Α</strong></span> <span class='ocrx_word' id='word_1_7' title='bbox 3588 262 3674 318; x_wconf 76' lang='lat' dir='ltr'><strong>7s</strong></span> 
     </span>
    </p>
   </div>
   <div class='ocr_carea' id='block_1_3' title="bbox 401 361 1971 447">
    <p class='ocr_par' dir='ltr' id='par_1_3' title="bbox 401 361 1971 437">
     <span class='ocr_line' id='line_1_3' title="bbox 401 361 1971 437; baseline -0.006 -9"><span class='ocrx_word' id='word_1_8' title='bbox 401 375 738 429; x_wconf 74' lang='lat' dir='ltr'><strong>momentum</strong></span> <span class='ocrx_word' id='word_1_9' title='bbox 778 368 832 422; x_wconf 91' lang='lat' dir='ltr'><strong>in</strong></span> <span class='ocrx_word' id='word_1_10' title='bbox 882 376 1173 437; x_wconf 85' lang='lat' dir='ltr'><strong>utramque</strong></span> <span class='ocrx_word' id='word_1_11' title='bbox 1214 363 1463 435; x_wconf 84' lang='lat' dir='ltr'><strong>partem?</strong></span> <span class='ocrx_word' id='word_1_12' title='bbox 1488 361 1623 417; x_wconf 88' lang='lat' dir='ltr'><strong>Nam</strong></span> <span class='ocrx_word' id='word_1_13' title='bbox 1659 362 1705 417; x_wconf 88' lang='lat' dir='ltr'><strong>si</strong></span> <span class='ocrx_word' id='word_1_14' title='bbox 1740 378 1808 417; x_wconf 78' lang='lat' dir='ltr'><strong>ex</strong></span> <span class='ocrx_word' id='word_1_15' title='bbox 1858 362 1971 432; x_wconf 86' lang='lat' dir='ltr'><strong>lege</strong></span> 
     </span>
    </p>
   </div>
   <div class='ocr_carea' id='block_1_4' title="bbox 2079 361 3676 447">
    <p class='ocr_par' dir='ltr' id='par_1_4' title="bbox 2079 364 3676 447">
     <span class='ocr_line' id='line_1_4' title="bbox 2079 364 3676 447; baseline 0.008 -30"><span class='ocrx_word' id='word_1_16' title='bbox 2079 374 2191 418; x_wconf 64' lang='lat' dir='ltr'><strong>ma</strong></span> <span class='ocrx_word' id='word_1_17' title='bbox 2217 382 2286 420; x_wconf 91' lang='grc' dir='ltr'>τα</span> <span class='ocrx_word' id='word_1_18' title='bbox 2312 364 2453 421; x_wconf 81' lang='grc' dir='ltr'><strong>αὑτά</strong></span> <span class='ocrx_word' id='word_1_19' title='bbox 2480 367 2574 422; x_wconf 74' lang='grc' dir='ltr'>καὶ</span> <span class='ocrx_word' id='word_1_20' title='bbox 2601 367 2813 439; x_wconf 82' lang='grc' dir='ltr'>μεγάλα</span> <span class='ocrx_word' id='word_1_21' title='bbox 2835 386 2847 398; x_wconf 90' lang='grc'><strong>·</strong></span> <span class='ocrx_word' id='word_1_22' title='bbox 2885 368 2965 441; x_wconf 83' lang='grc' dir='ltr'>τῷ</span> <span class='ocrx_word' id='word_1_23' title='bbox 2996 370 3095 441; x_wconf 81' lang='grc' dir='ltr'>μὲν</span> <span class='ocrx_word' id='word_1_24' title='bbox 3126 373 3381 445; x_wconf 77' lang='grc' dir='ltr'><strong>συντόμῳ</strong></span> <span class='ocrx_word' id='word_1_25' title='bbox 3402 374 3502 444; x_wconf 84' lang='grc' dir='ltr'>τῆς</span> <span class='ocrx_word' id='word_1_26' title='bbox 3527 394 3676 447; x_wconf 85' lang='grc' dir='ltr'>προ-</span> 
     </span>
    </p>
   </div>
   <div class='ocr_carea' id='block_1_5' title="bbox 399 453 1974 526">
    <p class='ocr_par' dir='ltr' id='par_1_5' title="bbox 399 453 1974 526">
     <span class='ocr_line' id='line_1_5' title="bbox 399 453 1974 526; baseline -0.006 -11"><span class='ocrx_word' id='word_1_27' title='bbox 399 476 504 515; x_wconf 88' lang='lat' dir='ltr'><strong>nec</strong></span> <span class='ocrx_word' id='word_1_28' title='bbox 530 473 698 514; x_wconf 92' lang='lat' dir='ltr'><strong>unum</strong></span> <span class='ocrx_word' id='word_1_29' title='bbox 746 458 860 512; x_wconf 86' lang='lat' dir='ltr'><strong>iota</strong></span> <span class='ocrx_word' id='word_1_30' title='bbox 898 471 1002 511; x_wconf 93' lang='lat' dir='ltr'><strong>nee</strong></span> <span class='ocrx_word' id='word_1_31' title='bbox 1029 470 1165 526; x_wconf 77' lang='lat' dir='ltr'><strong>apex</strong></span> <span class='ocrx_word' id='word_1_32' title='bbox 1209 469 1350 509; x_wconf 87' lang='lat' dir='ltr'><strong>unus</strong></span> <span class='ocrx_word' id='word_1_33' title='bbox 1392 453 1692 523; x_wconf 67' lang='lat' dir='ltr'><strong>praeteribit</strong></span> <span class='ocrx_word' id='word_1_34' title='bbox 1731 454 1798 517; x_wconf 80' lang='grc'><strong>⁸⁷,</strong></span> <span class='ocrx_word' id='word_1_35' title='bbox 1835 468 1974 522; x_wconf 89' lang='lat' dir='ltr'><strong>quo-</strong></span> 
     </span>
    </p>
   </div>
   <div class='ocr_carea' id='block_1_6' title="bbox 398 544 1974 608">
    <p class='ocr_par' dir='ltr' id='par_1_6' title="bbox 398 544 1974 608">
     <span class='ocr_line' id='line_1_6' title="bbox 398 544 1974 608; baseline -0.006 -1"><span class='ocrx_word' id='word_1_36' title='bbox 398 551 562 608; x_wconf 92' lang='lat' dir='ltr'><strong>modo</strong></span> <span class='ocrx_word' id='word_1_37' title='bbox 598 550 759 606; x_wconf 84' lang='lat' dir='ltr'><strong>nobis</strong></span> <span class='ocrx_word' id='word_1_38' title='bbox 805 557 986 603; x_wconf 91' lang='lat' dir='ltr'><strong>tutum</strong></span> <span class='ocrx_word' id='word_1_39' title='bbox 1032 547 1195 602; x_wconf 88' lang='lat' dir='ltr'><strong>fuerit</strong></span> <span class='ocrx_word' id='word_1_40' title='bbox 1242 546 1326 599; x_wconf 85' lang='lat' dir='ltr'><strong>vel</strong></span> <span class='ocrx_word' id='word_1_41' title='bbox 1366 544 1734 599; x_wconf 90' lang='lat' dir='ltr'><strong>minutissima</strong></span> <span class='ocrx_word' id='word_1_42' title='bbox 1774 545 1974 598; x_wconf 87' lang='lat' dir='ltr'><strong>transi-</strong></span> 
     </span>
    </p>
   </div>
   <div class='ocr_carea' id='block_1_7' title="bbox 399 637 1972 712">
    <p class='ocr_par' dir='ltr' id='par_1_7' title="bbox 399 637 1972 712">
     <span class='ocr_line' id='line_1_7' title="bbox 399 637 1972 712; baseline -0.004 -13"><span class='ocrx_word' id='word_1_43' title='bbox 399 646 539 700; x_wconf 85' lang='lat' dir='ltr'><strong>lire?</strong></span> <span class='ocrx_word' id='word_1_44' title='bbox 584 647 654 697; x_wconf 80' lang='lat' dir='ltr'><strong>At</strong></span> <span class='ocrx_word' id='word_1_45' title='bbox 700 657 823 712; x_wconf 67' lang='lat' dir='ltr'><strong>quae</strong></span> <span class='ocrx_word' id='word_1_46' title='bbox 871 649 988 696; x_wconf 90' lang='lat' dir='ltr'><strong>tute</strong></span> <span class='ocrx_word' id='word_1_47' title='bbox 1039 655 1070 695; x_wconf 90' lang='lat' dir='ltr'><strong>a</strong></span> <span class='ocrx_word' id='word_1_48' title='bbox 1127 640 1286 694; x_wconf 87' lang='lat' dir='ltr'><strong>nobis</strong></span> <span class='ocrx_word' id='word_1_49' title='bbox 1336 637 1613 694; x_wconf 90' lang='lat' dir='ltr'><strong>enucleari</strong></span> <span class='ocrx_word' id='word_1_50' title='bbox 1661 638 1972 707; x_wconf 76' lang='lat' dir='ltr'><strong>postulasti,</strong></span> 
     </span>
    </p>
   </div>
   <div class='ocr_carea' id='block_1_8' title="bbox 399 731 1973 805">
    <p class='ocr_par' dir='ltr' id='par_1_8' title="bbox 399 731 1973 805">
     <span class='ocr_line' id='line_1_8' title="bbox 399 731 1973 805; baseline -0.004 -14"><span class='ocrx_word' id='word_1_51' title='bbox 399 737 589 792; x_wconf 81' lang='lat' dir='ltr'><strong>eadem</strong></span> <span class='ocrx_word' id='word_1_52' title='bbox 630 735 830 805; x_wconf 82' lang='lat' dir='ltr'><strong>exigua</strong></span> <span class='ocrx_word' id='word_1_53' title='bbox 872 740 1003 789; x_wconf 92' lang='lat' dir='ltr'><strong>sunt</strong></span> <span class='ocrx_word' id='word_1_54' title='bbox 1030 739 1084 788; x_wconf 91' lang='lat' dir='ltr'><strong>et</strong></span> <span class='ocrx_word' id='word_1_55' title='bbox 1110 746 1309 803; x_wconf 88' lang='lat' dir='ltr'><strong>magna</strong></span> <span class='ocrx_word' id='word_1_56' title='bbox 1346 746 1358 780; x_wconf 89' lang='lat'>:</span> <span class='ocrx_word' id='word_1_57' title='bbox 1393 731 1725 800; x_wconf 77' lang='lat' dir='ltr'><strong>prolationis</strong></span> <span class='ocrx_word' id='word_1_58' title='bbox 1754 732 1973 801; x_wconf 87' lang='lat' dir='ltr'><strong>quidem</strong></span> 
     </span>
    </p>
   </div>
   <div class='ocr_carea' id='block_1_9' title="bbox 399 822 1972 900">
    <p class='ocr_par' dir='ltr' id='par_1_9' title="bbox 399 822 1972 900">
     <span class='ocr_line' id='line_1_9' title="bbox 399 822 1972 900; baseline -0.006 -16"><span class='ocrx_word' id='word_1_59' title='bbox 399 828 727 900; x_wconf 88' lang='lat' dir='ltr'><strong>compendio</strong></span> <span class='ocrx_word' id='word_1_60' title='bbox 756 827 971 896; x_wconf 78' lang='lat' dir='ltr'><strong>exigua,</strong></span> <span class='ocrx_word' id='word_1_61' title='bbox 1006 833 1169 894; x_wconf 90' lang='lat' dir='ltr'><strong>atque</strong></span> <span class='ocrx_word' id='word_1_62' title='bbox 1199 824 1269 878; x_wconf 90' lang='lat' dir='ltr'><strong>ob</strong></span> <span class='ocrx_word' id='word_1_63' title='bbox 1294 823 1347 877; x_wconf 97' lang='lat' dir='ltr'><strong>id</strong></span> <span class='ocrx_word' id='word_1_64' title='bbox 1376 823 1609 878; x_wconf 90' lang='lat' dir='ltr'><strong>fortasse</strong></span> <span class='ocrx_word' id='word_1_65' title='bbox 1635 822 1972 892; x_wconf 89' lang='lat' dir='ltr'><strong>contemptui</strong></span> 
     </span>
    </p>
   </div>
   <div class='ocr_carea' id='block_1_10' title="bbox 397 914 1970 986">
    <p class='ocr_par' dir='ltr' id='par_1_10' title="bbox 397 914 1970 986">
     <span class='ocr_line' id='line_1_10' title="bbox 397 914 1970 986; baseline -0.004 -11"><span class='ocrx_word' id='word_1_66' title='bbox 397 921 659 983; x_wconf 77' lang='lat' dir='ltr'><strong>obnoxia,</strong></span> <span class='ocrx_word' id='word_1_67' title='bbox 709 919 802 973; x_wconf 90' lang='lat' dir='ltr'><strong>sed</strong></span> <span class='ocrx_word' id='word_1_68' title='bbox 854 932 1039 972; x_wconf 88' lang='lat' dir='ltr'><strong>rerum</strong></span> <span class='ocrx_word' id='word_1_69' title='bbox 1083 915 1513 986; x_wconf 85' lang='lat' dir='ltr'><strong>significatarum</strong></span> <span class='ocrx_word' id='word_1_70' title='bbox 1546 916 1597 970; x_wconf 95' lang='lat' dir='ltr'><strong>vi</strong></span> <span class='ocrx_word' id='word_1_71' title='bbox 1631 930 1828 985; x_wconf 88' lang='lat' dir='ltr'><strong>magna</strong></span> <span class='ocrx_word' id='word_1_72' title='bbox 1859 934 1872 969; x_wconf 95' lang='lat'>:</span> <span class='ocrx_word' id='word_1_73' title='bbox 1902 914 1970 968; x_wconf 90' lang='lat' dir='ltr'><strong>ad</strong></span> 
     </span>
    </p>
   </div>
   <div class='ocr_carea' id='block_1_11' title="bbox 399 1006 1973 1078">
    <p class='ocr_par' dir='ltr' id='par_1_11' title="bbox 399 1006 1973 1078">
     <span class='ocr_line' id='line_1_11' title="bbox 399 1006 1973 1078; baseline -0.006 -10"><span class='ocrx_word' id='word_1_74' title='bbox 399 1011 817 1068; x_wconf 84' lang='lat' dir='ltr'><strong>similitudinem</strong></span> <span class='ocrx_word' id='word_1_75' title='bbox 847 1009 1077 1078; x_wconf 86' lang='lat' dir='ltr'><strong>sinapis,</strong></span> <span class='ocrx_word' id='word_1_76' title='bbox 1111 1006 1257 1077; x_wconf 86' lang='lat' dir='ltr'><strong>quod</strong></span> <span class='ocrx_word' id='word_1_77' title='bbox 1292 1022 1417 1062; x_wconf 90' lang='lat' dir='ltr'><strong>cum</strong></span> <span class='ocrx_word' id='word_1_78' title='bbox 1446 1007 1518 1061; x_wconf 88' lang='lat' dir='ltr'><strong>sit</strong></span> <span class='ocrx_word' id='word_1_79' title='bbox 1547 1007 1973 1061; x_wconf 78' lang='lat' dir='ltr'><strong>minutissimum</strong></span> 
     </span>
    </p>
   </div>
   <div class='ocr_carea' id='block_1_12' title="bbox 399 1097 1972 1162">
    <p class='ocr_par' dir='ltr' id='par_1_12' title="bbox 399 1097 1972 1162">
     <span class='ocr_line' id='line_1_12' title="bbox 399 1097 1972 1162; baseline -0.004 -5"><span class='ocrx_word' id='word_1_80' title='bbox 399 1105 543 1159; x_wconf 87' lang='lat' dir='ltr'><strong>inter</strong></span> <span class='ocrx_word' id='word_1_81' title='bbox 584 1100 735 1155; x_wconf 89' lang='lat' dir='ltr'><strong>arida</strong></span> <span class='ocrx_word' id='word_1_82' title='bbox 769 1101 1001 1162; x_wconf 87' lang='lat' dir='ltr'><strong>semina,</strong></span> <span class='ocrx_word' id='word_1_83' title='bbox 1048 1099 1094 1153; x_wconf 90' lang='lat' dir='ltr'><strong>si</strong></span> <span class='ocrx_word' id='word_1_84' title='bbox 1144 1114 1276 1153; x_wconf 88' lang='lat' dir='ltr'><strong>cura</strong></span> <span class='ocrx_word' id='word_1_85' title='bbox 1321 1098 1505 1153; x_wconf 90' lang='lat' dir='ltr'><strong>debita</strong></span> <span class='ocrx_word' id='word_1_86' title='bbox 1535 1097 1877 1162; x_wconf 81' lang='lat' dir='ltr'><strong>adhibeatur,</strong></span> <span class='ocrx_word' id='word_1_87' title='bbox 1917 1098 1972 1151; x_wconf 92' lang='lat' dir='ltr'><strong>in</strong></span> 
     </span>
    </p>
   </div>
   <div class='ocr_carea' id='block_1_13' title="bbox 397 1190 1975 1262">
    <p class='ocr_par' dir='ltr' id='par_1_13' title="bbox 397 1190 1975 1262">
     <span class='ocr_line' id='line_1_13' title="bbox 397 1190 1975 1262; baseline -0.004 -13"><span class='ocrx_word' id='word_1_88' title='bbox 397 1195 741 1250; x_wconf 87' lang='lat' dir='ltr'><strong>altitudinem</strong></span> <span class='ocrx_word' id='word_1_89' title='bbox 785 1194 921 1249; x_wconf 83' lang='lat' dir='ltr'><strong>satis</strong></span> <span class='ocrx_word' id='word_1_90' title='bbox 948 1207 1199 1261; x_wconf 79' lang='lat' dir='ltr'><strong>magnam</strong></span> <span class='ocrx_word' id='word_1_91' title='bbox 1248 1190 1516 1262; x_wconf 88' lang='lat' dir='ltr'><strong>exsurgit,</strong></span> <span class='ocrx_word' id='word_1_92' title='bbox 1561 1191 1651 1245; x_wconf 92' lang='lat' dir='ltr'><strong>ubi</strong></span> <span class='ocrx_word' id='word_1_93' title='bbox 1701 1191 1784 1246; x_wconf 90' lang='lat' dir='ltr'><strong>vis</strong></span> <span class='ocrx_word' id='word_1_94' title='bbox 1825 1192 1878 1244; x_wconf 92' lang='lat' dir='ltr'><strong>in</strong></span> <span class='ocrx_word' id='word_1_95' title='bbox 1908 1204 1975 1244; x_wconf 93' lang='lat' dir='ltr'><strong>eo</strong></span> 
     </span>
    </p>
   </div>
   <div class='ocr_carea' id='block_1_14' title="bbox 396 1281 1975 1354">
    <p class='ocr_par' dir='ltr' id='par_1_14' title="bbox 396 1281 1975 1354">
     <span class='ocr_line' id='line_1_14' title="bbox 396 1281 1975 1354; baseline -0.005 -12"><span class='ocrx_word' id='word_1_96' title='bbox 396 1287 579 1342; x_wconf 90' lang='lat' dir='ltr'><strong>latens</strong></span> <span class='ocrx_word' id='word_1_97' title='bbox 617 1302 740 1342; x_wconf 90' lang='lat' dir='ltr'><strong>sese</strong></span> <span class='ocrx_word' id='word_1_98' title='bbox 787 1285 1116 1354; x_wconf 76' lang='lat' dir='ltr'><strong>explicuerit</strong></span> <span class='ocrx_word' id='word_1_99' title='bbox 1154 1284 1220 1338; x_wconf 72' lang='grc'><strong>⁸⁸.</strong></span> <span class='ocrx_word' id='word_1_100' title='bbox 1251 1281 1407 1349; x_wconf 89' lang='lat' dir='ltr'><strong>Quod</strong></span> <span class='ocrx_word' id='word_1_101' title='bbox 1433 1282 1479 1337; x_wconf 90' lang='lat' dir='ltr'><strong>si</strong></span> <span class='ocrx_word' id='word_1_102' title='bbox 1510 1282 1636 1352; x_wconf 89' lang='lat' dir='ltr'><strong>quis</strong></span> <span class='ocrx_word' id='word_1_103' title='bbox 1667 1281 1829 1347; x_wconf 89' lang='lat' dir='ltr'><strong>ridet,</strong></span> <span class='ocrx_word' id='word_1_104' title='bbox 1875 1295 1975 1335; x_wconf 90' lang='lat' dir='ltr'><strong>no-</strong></span> 
     </span>
    </p>
   </div>
   <div class='ocr_carea' id='block_1_15' title="bbox 397 1375 1971 1450">
    <p class='ocr_par' dir='ltr' id='par_1_15' title="bbox 397 1375 1971 1450">
     <span class='ocr_line' id='line_1_15' title="bbox 397 1375 1971 1450; baseline -0.004 -15"><span class='ocrx_word' id='word_1_105' title='bbox 397 1390 568 1435; x_wconf 88' lang='lat' dir='ltr'><strong>stram</strong></span> <span class='ocrx_word' id='word_1_106' title='bbox 601 1379 791 1434; x_wconf 85' lang='lat' dir='ltr'><strong>videns</strong></span> <span class='ocrx_word' id='word_1_107' title='bbox 827 1380 977 1434; x_wconf 90' lang='lat' dir='ltr'><strong>circa</strong></span> <span class='ocrx_word' id='word_1_108' title='bbox 1012 1378 1272 1450; x_wconf 80' lang='lat' dir='ltr'><strong>syllabas,</strong></span> <span class='ocrx_word' id='word_1_109' title='bbox 1299 1383 1358 1430; x_wconf 92' lang='lat' dir='ltr'><strong>ut</strong></span> <span class='ocrx_word' id='word_1_110' title='bbox 1383 1376 1576 1446; x_wconf 87' lang='lat' dir='ltr'><strong>psalmi</strong></span> <span class='ocrx_word' id='word_1_111' title='bbox 1612 1375 1793 1430; x_wconf 82' lang='lat' dir='ltr'><strong>verbis</strong></span> <span class='ocrx_word' id='word_1_112' title='bbox 1826 1383 1971 1439; x_wconf 88' lang='lat' dir='ltr'><strong>utar,</strong></span> 
     </span>
    </p>
   </div>
   <div class='ocr_carea' id='block_1_16' title="bbox 395 1466 1976 1539">
    <p class='ocr_par' dir='ltr' id='par_1_16' title="bbox 395 1466 1976 1539">
     <span class='ocr_line' id='line_1_16' title="bbox 395 1466 1976 1539; baseline -0.003 -14"><span class='ocrx_word' id='word_1_113' title='bbox 395 1470 790 1525; x_wconf 81' lang='lat' dir='ltr'><strong>fabulationem</strong></span> <span class='ocrx_word' id='word_1_114' title='bbox 843 1470 935 1537; x_wconf 72' lang='lat'><strong>‘9;</strong></span> <span class='ocrx_word' id='word_1_115' title='bbox 988 1469 1104 1539; x_wconf 89' lang='lat' dir='ltr'><strong>ipse</strong></span> <span class='ocrx_word' id='word_1_116' title='bbox 1148 1468 1370 1539; x_wconf 89' lang='lat' dir='ltr'><strong>quidem</strong></span> <span class='ocrx_word' id='word_1_117' title='bbox 1425 1467 1667 1521; x_wconf 91' lang='lat' dir='ltr'><strong>futurum</strong></span> <span class='ocrx_word' id='word_1_118' title='bbox 1713 1466 1871 1534; x_wconf 88' lang='lat' dir='ltr'><strong>sciat,</strong></span> <span class='ocrx_word' id='word_1_119' title='bbox 1918 1475 1976 1520; x_wconf 91' lang='lat' dir='ltr'><strong>ut</strong></span> 
     </span>
    </p>
   </div>
   <div class='ocr_carea' id='block_1_17' title="bbox 395 1560 1974 1633">
    <p class='ocr_par' dir='ltr' id='par_1_17' title="bbox 395 1560 1974 1633">
     <span class='ocr_line' id='line_1_17' title="bbox 395 1560 1974 1633; baseline -0.001 -17"><span class='ocrx_word' id='word_1_120' title='bbox 395 1561 780 1633; x_wconf 84' lang='lat' dir='ltr'><strong>inlrugiferum</strong></span> <span class='ocrx_word' id='word_1_121' title='bbox 830 1563 917 1618; x_wconf 88' lang='lat' dir='ltr'><strong>sui</strong></span> <span class='ocrx_word' id='word_1_122' title='bbox 973 1563 1120 1617; x_wconf 87' lang='lat' dir='ltr'><strong>risus</strong></span> <span class='ocrx_word' id='word_1_123' title='bbox 1169 1560 1405 1614; x_wconf 89' lang='lat' dir='ltr'><strong>fructum</strong></span> <span class='ocrx_word' id='word_1_124' title='bbox 1451 1567 1619 1613; x_wconf 91' lang='lat' dir='ltr'><strong>metat</strong></span> <span class='ocrx_word' id='word_1_125' title='bbox 1661 1578 1675 1617; x_wconf 88' lang='lat'><strong>:</strong></span> <span class='ocrx_word' id='word_1_126' title='bbox 1711 1576 1812 1615; x_wconf 89' lang='lat' dir='ltr'><strong>nos</strong></span> <span class='ocrx_word' id='word_1_127' title='bbox 1845 1574 1974 1614; x_wconf 89' lang='lat' dir='ltr'><strong>vero</strong></span> 
     </span>
    </p>
   </div>
   <div class='ocr_carea' id='block_1_18' title="bbox 396 1650 1974 1722">
    <p class='ocr_par' dir='ltr' id='par_1_18' title="bbox 396 1650 1974 1722">
     <span class='ocr_line' id='line_1_18' title="bbox 396 1650 1974 1722; baseline -0.003 -14"><span class='ocrx_word' id='word_1_128' title='bbox 396 1653 823 1722; x_wconf 79' lang='lat' dir='ltr'><strong>haudquaquam</strong></span> <span class='ocrx_word' id='word_1_129' title='bbox 872 1652 1131 1707; x_wconf 91' lang='lat' dir='ltr'><strong>cedentes</strong></span> <span class='ocrx_word' id='word_1_130' title='bbox 1183 1650 1465 1705; x_wconf 86' lang='lat' dir='ltr'><strong>hominum</strong></span> <span class='ocrx_word' id='word_1_131' title='bbox 1517 1650 1807 1715; x_wconf 86' lang='lat' dir='ltr'><strong>conviciis,</strong></span> <span class='ocrx_word' id='word_1_132' title='bbox 1872 1665 1974 1704; x_wconf 86' lang='lat' dir='ltr'><strong>nec</strong></span> 
     </span>
    </p>
   </div>
   <div class='ocr_carea' id='block_1_19' title="bbox 396 1740 1976 1813">
    <p class='ocr_par' dir='ltr' id='par_1_19' title="bbox 396 1740 1976 1813">
     <span class='ocr_line' id='line_1_19' title="bbox 396 1740 1976 1813; baseline -0.003 -13"><span class='ocrx_word' id='word_1_133' title='bbox 396 1746 616 1801; x_wconf 90' lang='lat' dir='ltr'><strong>illorum</strong></span> <span class='ocrx_word' id='word_1_134' title='bbox 667 1745 1071 1813; x_wconf 83' lang='lat' dir='ltr'><strong>vituperatione</strong></span> <span class='ocrx_word' id='word_1_135' title='bbox 1124 1742 1254 1798; x_wconf 86' lang='lat' dir='ltr'><strong>victi</strong></span> <span class='ocrx_word' id='word_1_136' title='bbox 1310 1740 1553 1796; x_wconf 90' lang='lat' dir='ltr'><strong>studium</strong></span> <span class='ocrx_word' id='word_1_137' title='bbox 1610 1741 1976 1813; x_wconf 79' lang='lat' dir='ltr'><strong>investigandi</strong></span> 
     </span>
    </p>
   </div>
   <div class='ocr_carea' id='block_1_20' title="bbox 396 1833 1976 1896">
    <p class='ocr_par' dir='ltr' id='par_1_20' title="bbox 396 1833 1976 1896">
     <span class='ocr_line' id='line_1_20' title="bbox 396 1833 1976 1896; baseline -0.004 -2"><span class='ocrx_word' id='word_1_138' title='bbox 396 1839 744 1894; x_wconf 85' lang='lat' dir='ltr'><strong>deseramus.</strong></span> <span class='ocrx_word' id='word_1_139' title='bbox 782 1836 1019 1892; x_wconf 88' lang='lat' dir='ltr'><strong>Tantum</strong></span> <span class='ocrx_word' id='word_1_140' title='bbox 1049 1836 1195 1891; x_wconf 91' lang='lat' dir='ltr'><strong>enim</strong></span> <span class='ocrx_word' id='word_1_141' title='bbox 1227 1833 1404 1896; x_wconf 90' lang='lat' dir='ltr'><strong>abest,</strong></span> <span class='ocrx_word' id='word_1_142' title='bbox 1443 1843 1503 1888; x_wconf 92' lang='lat' dir='ltr'><strong>ut</strong></span> <span class='ocrx_word' id='word_1_143' title='bbox 1539 1849 1624 1889; x_wconf 92' lang='lat' dir='ltr'><strong>me</strong></span> <span class='ocrx_word' id='word_1_144' title='bbox 1666 1833 1858 1887; x_wconf 87' lang='lat' dir='ltr'><strong>harum</strong></span> <span class='ocrx_word' id='word_1_145' title='bbox 1892 1846 1976 1887; x_wconf 86' lang='lat' dir='ltr'><strong>re-</strong></span> 
     </span>
    </p>
   </div>
   <div class='ocr_carea' id='block_1_21' title="bbox 394 1922 1975 1998">
    <p class='ocr_par' dir='ltr' id='par_1_21' title="bbox 394 1922 1975 1998">
     <span class='ocr_line' id='line_1_21' title="bbox 394 1922 1975 1998; baseline -0.005 -14"><span class='ocrx_word' id='word_1_146' title='bbox 394 1945 519 1984; x_wconf 89' lang='lat' dir='ltr'><strong>rum</strong></span> <span class='ocrx_word' id='word_1_147' title='bbox 565 1938 825 1998; x_wconf 90' lang='lat' dir='ltr'><strong>tanquam</strong></span> <span class='ocrx_word' id='word_1_148' title='bbox 873 1928 1208 1981; x_wconf 88' lang='lat' dir='ltr'><strong>minutarum</strong></span> <span class='ocrx_word' id='word_1_149' title='bbox 1256 1926 1475 1997; x_wconf 87' lang='lat' dir='ltr'><strong>pudeat,</strong></span> <span class='ocrx_word' id='word_1_150' title='bbox 1516 1924 1649 1980; x_wconf 86' lang='lat' dir='ltr'><strong>utsi</strong></span> <span class='ocrx_word' id='word_1_151' title='bbox 1691 1924 1775 1979; x_wconf 91' lang='lat' dir='ltr'><strong>vel</strong></span> <span class='ocrx_word' id='word_1_152' title='bbox 1810 1922 1975 1976; x_wconf 88' lang='lat' dir='ltr'><strong>mini-</strong></span> 
     </span>
    </p>
   </div>
   <div class='ocr_carea' id='block_1_22' title="bbox 395 2012 1977 2090">
    <p class='ocr_par' dir='ltr' id='par_1_22' title="bbox 395 2012 1977 2090">
     <span class='ocr_line' id='line_1_22' title="bbox 395 2012 1977 2090; baseline -0.004 -17"><span class='ocrx_word' id='word_1_153' title='bbox 395 2035 542 2074; x_wconf 87' lang='lat' dir='ltr'><strong>mam</strong></span> <span class='ocrx_word' id='word_1_154' title='bbox 573 2020 856 2090; x_wconf 81' lang='lat' dir='ltr'><strong>dignitatis</strong></span> <span class='ocrx_word' id='word_1_155' title='bbox 883 2034 1074 2073; x_wconf 90' lang='lat' dir='ltr'><strong>carum</strong></span> <span class='ocrx_word' id='word_1_156' title='bbox 1123 2026 1331 2087; x_wconf 85' lang='lat' dir='ltr'><strong>partem</strong></span> <span class='ocrx_word' id='word_1_157' title='bbox 1362 2016 1650 2086; x_wconf 89' lang='lat' dir='ltr'><strong>attingam,</strong></span> <span class='ocrx_word' id='word_1_158' title='bbox 1680 2021 1796 2067; x_wconf 91' lang='lat' dir='ltr'><strong>tum</strong></span> <span class='ocrx_word' id='word_1_159' title='bbox 1841 2012 1977 2067; x_wconf 87' lang='lat' dir='ltr'><strong>mihi</strong></span> 
     </span>
    </p>
   </div>
   <div class='ocr_carea' id='block_1_23' title="bbox 393 2108 1976 2186">
    <p class='ocr_par' dir='ltr' id='par_1_23' title="bbox 393 2108 1976 2186">
     <span class='ocr_line' id='line_1_23' title="bbox 393 2108 1976 2186; baseline -0.006 -17"><span class='ocrx_word' id='word_1_160' title='bbox 393 2115 767 2186; x_wconf 87' lang='lat' dir='ltr'><strong>gratulaturus</strong></span> <span class='ocrx_word' id='word_1_161' title='bbox 815 2114 956 2175; x_wconf 86' lang='lat' dir='ltr'><strong>sim,</strong></span> <span class='ocrx_word' id='word_1_162' title='bbox 1023 2118 1083 2165; x_wconf 91' lang='lat' dir='ltr'><strong>ut</strong></span> <span class='ocrx_word' id='word_1_163' title='bbox 1128 2125 1326 2180; x_wconf 87' lang='lat' dir='ltr'><strong>magna</strong></span> <span class='ocrx_word' id='word_1_164' title='bbox 1372 2108 1620 2180; x_wconf 72' lang='lat' dir='ltr'><strong>quaedam</strong></span> <span class='ocrx_word' id='word_1_165' title='bbox 1678 2114 1976 2171; x_wconf 82' lang='lat' dir='ltr'><strong>assecuto,</strong></span> 
     </span>
    </p>
   </div>
   <div class='ocr_carea' id='block_1_24' title="bbox 393 2201 1977 2274">
    <p class='ocr_par' dir='ltr' id='par_1_24' title="bbox 393 2201 1977 2274">
     <span class='ocr_line' id='line_1_24' title="bbox 393 2201 1977 2274; baseline -0.005 -13"><span class='ocrx_word' id='word_1_166' title='bbox 393 2216 509 2262; x_wconf 88' lang='lat' dir='ltr'><strong>tum</strong></span> <span class='ocrx_word' id='word_1_167' title='bbox 540 2206 692 2261; x_wconf 80' lang='lat' dir='ltr'><strong>fratri</strong></span> <span class='ocrx_word' id='word_1_168' title='bbox 716 2206 1002 2262; x_wconf 90' lang='lat' dir='ltr'><strong>nobiscum</strong></span> <span class='ocrx_word' id='word_1_169' title='bbox 1032 2205 1146 2260; x_wconf 67' lang='lat' dir='ltr'><strong>haec</strong></span> <span class='ocrx_word' id='word_1_170' title='bbox 1170 2202 1535 2274; x_wconf 87' lang='lat' dir='ltr'><strong>perscrutanti</strong></span> <span class='ocrx_word' id='word_1_171' title='bbox 1565 2216 1675 2256; x_wconf 90' lang='lat' dir='ltr'><strong>non</strong></span> <span class='ocrx_word' id='word_1_172' title='bbox 1700 2201 1977 2255; x_wconf 88' lang='lat' dir='ltr'><strong>mediocre</strong></span> 
     </span>
    </p>
   </div>
   <div class='ocr_carea' id='block_1_25' title="bbox 393 2293 1976 2365">
    <p class='ocr_par' dir='ltr' id='par_1_25' title="bbox 393 2293 1976 2365">
     <span class='ocr_line' id='line_1_25' title="bbox 393 2293 1976 2365; baseline -0.004 -12"><span class='ocrx_word' id='word_1_173' title='bbox 393 2302 608 2354; x_wconf 87' lang='lat' dir='ltr'><strong>lucrum</strong></span> <span class='ocrx_word' id='word_1_174' title='bbox 653 2299 784 2353; x_wconf 89' lang='lat' dir='ltr'><strong>hinc</strong></span> <span class='ocrx_word' id='word_1_175' title='bbox 834 2297 1084 2353; x_wconf 88' lang='lat' dir='ltr'><strong>dicturus</strong></span> <span class='ocrx_word' id='word_1_176' title='bbox 1128 2297 1439 2352; x_wconf 88' lang='lat' dir='ltr'><strong>obvenisse.</strong></span> <span class='ocrx_word' id='word_1_177' title='bbox 1491 2293 1698 2365; x_wconf 88' lang='lat' dir='ltr'><strong>Itaque,</strong></span> <span class='ocrx_word' id='word_1_178' title='bbox 1745 2308 1869 2349; x_wconf 90' lang='lat' dir='ltr'><strong>cum</strong></span> <span class='ocrx_word' id='word_1_179' title='bbox 1920 2293 1976 2346; x_wconf 86' lang='lat' dir='ltr'><strong>in</strong></span> 
     </span>
    </p>
   </div>
   <div class='ocr_carea' id='block_1_26' title="bbox 394 2385 1975 2460">
    <p class='ocr_par' dir='ltr' id='par_1_26' title="bbox 394 2385 1975 2460">
     <span class='ocr_line' id='line_1_26' title="bbox 394 2385 1975 2460; baseline -0.006 -13"><span class='ocrx_word' id='word_1_180' title='bbox 394 2391 641 2447; x_wconf 87' lang='lat' dir='ltr'><strong>minimis</strong></span> <span class='ocrx_word' id='word_1_181' title='bbox 686 2391 870 2447; x_wconf 86' lang='lat' dir='ltr'><strong>verbis</strong></span> <span class='ocrx_word' id='word_1_182' title='bbox 911 2389 1250 2460; x_wconf 87' lang='lat' dir='ltr'><strong>eonspiciam</strong></span> <span class='ocrx_word' id='word_1_183' title='bbox 1303 2394 1581 2443; x_wconf 88' lang='lat' dir='ltr'><strong>certamen</strong></span> <span class='ocrx_word' id='word_1_184' title='bbox 1641 2385 1975 2449; x_wconf 76' lang='lat' dir='ltr'><strong>maximum,</strong></span> 
     </span>
    </p>
   </div>
   <div class='ocr_carea' id='block_1_27' title="bbox 392 2480 1980 2555">
    <p class='ocr_par' dir='ltr' id='par_1_27' title="bbox 392 2480 1980 2555">
     <span class='ocr_line' id='line_1_27' title="bbox 392 2480 1980 2555; baseline -0.007 -14"><span class='ocrx_word' id='word_1_185' title='bbox 392 2500 489 2555; x_wconf 85' lang='lat' dir='ltr'><strong>spe</strong></span> <span class='ocrx_word' id='word_1_186' title='bbox 538 2485 745 2555; x_wconf 70' lang='lat' dir='ltr'><strong>przcmii</strong></span> <span class='ocrx_word' id='word_1_187' title='bbox 794 2500 904 2539; x_wconf 92' lang='lat' dir='ltr'><strong>non</strong></span> <span class='ocrx_word' id='word_1_188' title='bbox 949 2483 1194 2537; x_wconf 88' lang='lat' dir='ltr'><strong>detrecto</strong></span> <span class='ocrx_word' id='word_1_189' title='bbox 1234 2480 1475 2535; x_wconf 89' lang='lat' dir='ltr'><strong>laborem</strong></span> <span class='ocrx_word' id='word_1_190' title='bbox 1516 2497 1528 2532; x_wconf 92' lang='lat'><strong>:</strong></span> <span class='ocrx_word' id='word_1_191' title='bbox 1567 2484 1720 2531; x_wconf 91' lang='lat' dir='ltr'><strong>ratus</strong></span> <span class='ocrx_word' id='word_1_192' title='bbox 1770 2490 1980 2531; x_wconf 89' lang='lat' dir='ltr'><strong>sermo-</strong></span> 
     </span>
    </p>
   </div>
   <div class='ocr_carea' id='block_1_28' title="bbox 393 2568 1980 2637">
    <p class='ocr_par' dir='ltr' id='par_1_28' title="bbox 393 2568 1980 2637">
     <span class='ocr_line' id='line_1_28' title="bbox 393 2568 1980 2637; baseline -0.006 -3"><span class='ocrx_word' id='word_1_193' title='bbox 393 2595 519 2636; x_wconf 91' lang='lat' dir='ltr'><strong>nem</strong></span> <span class='ocrx_word' id='word_1_194' title='bbox 547 2587 663 2632; x_wconf 88' lang='lat' dir='ltr'><strong>tum</strong></span> <span class='ocrx_word' id='word_1_195' title='bbox 700 2577 835 2631; x_wconf 88' lang='lat' dir='ltr'><strong>mihi</strong></span> <span class='ocrx_word' id='word_1_196' title='bbox 867 2576 985 2631; x_wconf 87' lang='lat' dir='ltr'><strong>fore</strong></span> <span class='ocrx_word' id='word_1_197' title='bbox 1033 2575 1246 2637; x_wconf 88' lang='lat' dir='ltr'><strong>utilem,</strong></span> <span class='ocrx_word' id='word_1_198' title='bbox 1291 2580 1409 2627; x_wconf 92' lang='lat' dir='ltr'><strong>tum</strong></span> <span class='ocrx_word' id='word_1_199' title='bbox 1456 2570 1807 2625; x_wconf 87' lang='lat' dir='ltr'><strong>audientibus</strong></span> <span class='ocrx_word' id='word_1_200' title='bbox 1842 2568 1980 2625; x_wconf 88' lang='lat' dir='ltr'><strong>satis</strong></span> 
     </span>
    </p>
   </div>
   <div class='ocr_carea' id='block_1_29' title="bbox 2079 456 3671 536">
    <p class='ocr_par' dir='ltr' id='par_1_29' title="bbox 2079 456 3671 536">
     <span class='ocr_line' id='line_1_29' title="bbox 2079 456 3671 536; baseline 0.006 -26"><span class='ocrx_word' id='word_1_201' title='bbox 2079 458 2254 527; x_wconf 78' lang='grc' dir='ltr'>φορᾶς</span> <span class='ocrx_word' id='word_1_202' title='bbox 2289 456 2494 528; x_wconf 82' lang='grc' dir='ltr'><strong>βραχέα</strong></span> <span class='ocrx_word' id='word_1_203' title='bbox 2513 498 2527 523; x_wconf 94' lang='grc'>,</span> <span class='ocrx_word' id='word_1_204' title='bbox 2562 461 2658 512; x_wconf 83' lang='grc' dir='ltr'>καὶ</span> <span class='ocrx_word' id='word_1_205' title='bbox 2692 460 2781 514; x_wconf 86' lang='grc' dir='ltr'><strong>διά</strong></span> <span class='ocrx_word' id='word_1_206' title='bbox 2821 461 2978 514; x_wconf 76' lang='grc' dir='ltr'>τοῦτο</span> <span class='ocrx_word' id='word_1_207' title='bbox 3008 463 3138 526; x_wconf 87' lang='grc' dir='ltr'>ίσως</span> <span class='ocrx_word' id='word_1_208' title='bbox 3167 464 3630 536; x_wconf 68' lang='grc' dir='ltr'><strong>εὐκαταφρόνητα</strong></span> <span class='ocrx_word' id='word_1_209' title='bbox 3650 480 3671 496; x_wconf 75' lang='grc' dir='ltr'><strong><em>ο</em></strong></span> 
     </span>
    </p>
   </div>
   <div class='ocr_carea' id='block_1_30' title="bbox 2075 550 3679 631">
    <p class='ocr_par' dir='ltr' id='par_1_30' title="bbox 2075 550 3679 631">
     <span class='ocr_line' id='line_1_30' title="bbox 2075 550 3679 631; baseline 0.005 -28"><span class='ocrx_word' id='word_1_210' title='bbox 2075 553 2143 618; x_wconf 83' lang='grc' dir='ltr'>τῇ</span> <span class='ocrx_word' id='word_1_211' title='bbox 2173 550 2230 631; x_wconf 77' lang='grc' dir='ltr'>δὲ</span> <span class='ocrx_word' id='word_1_212' title='bbox 2262 552 2488 620; x_wconf 78' lang='grc' dir='ltr'><strong>δυνάμει</strong></span> <span class='ocrx_word' id='word_1_213' title='bbox 2516 551 2624 605; x_wconf 84' lang='grc' dir='ltr'>τῶν</span> <span class='ocrx_word' id='word_1_214' title='bbox 2665 552 3082 623; x_wconf 77' lang='grc' dir='ltr'><strong>σημαινομένων</strong></span> <span class='ocrx_word' id='word_1_215' title='bbox 3118 554 3352 624; x_wconf 80' lang='grc' dir='ltr'>μεγάλα,</span> <span class='ocrx_word' id='word_1_216' title='bbox 3388 556 3530 610; x_wconf 86' lang='grc' dir='ltr'><strong>κατά</strong></span> <span class='ocrx_word' id='word_1_217' title='bbox 3563 556 3679 628; x_wconf 75' lang='grc' dir='ltr'><strong>τὴν</strong></span> 
     </span>
    </p>
   </div>
   <div class='ocr_carea' id='block_1_31' title="bbox 2076 641 3678 720">
    <p class='ocr_par' dir='ltr' id='par_1_31' title="bbox 2076 641 3678 720">
     <span class='ocr_line' id='line_1_31' title="bbox 2076 641 3678 720; baseline 0.004 -25"><span class='ocrx_word' id='word_1_218' title='bbox 2076 644 2260 695; x_wconf 83' lang='grc' dir='ltr'>είκονα</span> <span class='ocrx_word' id='word_1_219' title='bbox 2288 641 2381 695; x_wconf 83' lang='grc' dir='ltr'>τοῦ</span> <span class='ocrx_word' id='word_1_220' title='bbox 2425 642 2715 708; x_wconf 81' lang='grc' dir='ltr'><strong>σινάπεως,</strong></span> <span class='ocrx_word' id='word_1_221' title='bbox 2747 643 2775 697; x_wconf 86' lang='grc' dir='ltr'><strong>ὃ</strong></span> <span class='ocrx_word' id='word_1_222' title='bbox 2806 645 3135 716; x_wconf 85' lang='grc' dir='ltr'><strong>μικρότατον</strong></span> <span class='ocrx_word' id='word_1_223' title='bbox 3164 645 3223 699; x_wconf 81' lang='grc' dir='ltr'>ὃν</span> <span class='ocrx_word' id='word_1_224' title='bbox 3246 647 3353 700; x_wconf 84' lang='grc' dir='ltr'><strong>τῶν</strong></span> <span class='ocrx_word' id='word_1_225' title='bbox 3396 665 3678 720; x_wconf 77' lang='grc' dir='ltr'>φρυγανι-</span> 
     </span>
    </p>
   </div>
   <div class='ocr_carea' id='block_1_32' title="bbox 2078 732 3675 810">
    <p class='ocr_par' dir='ltr' id='par_1_32' title="bbox 2078 732 3675 810">
     <span class='ocr_line' id='line_1_32' title="bbox 2078 732 3675 810; baseline 0.003 -21"><span class='ocrx_word' id='word_1_226' title='bbox 2078 735 2188 789; x_wconf 84' lang='grc' dir='ltr'>κῶν</span> <span class='ocrx_word' id='word_1_227' title='bbox 2216 732 2568 806; x_wconf 81' lang='grc' dir='ltr'><strong>σπερμάτων,</strong></span> <span class='ocrx_word' id='word_1_228' title='bbox 2601 739 2700 807; x_wconf 82' lang='grc' dir='ltr'>τῆς</span> <span class='ocrx_word' id='word_1_229' title='bbox 2731 737 3121 808; x_wconf 70' lang='grc' dir='ltr'><strong>προσηκούσης</strong></span> <span class='ocrx_word' id='word_1_230' title='bbox 3148 739 3464 810; x_wconf 77' lang='grc' dir='ltr'><strong>ἐπιμελείας</strong></span> <span class='ocrx_word' id='word_1_231' title='bbox 3499 740 3675 806; x_wconf 67' lang='grc' dir='ltr'><strong>ἀξιω-⁸</strong></span> 
     </span>
    </p>
   </div>
   <div class='ocr_carea' id='block_1_33' title="bbox 2076 825 3676 905">
    <p class='ocr_par' dir='ltr' id='par_1_33' title="bbox 2076 825 3676 905">
     <span class='ocr_line' id='line_1_33' title="bbox 2076 825 3676 905; baseline 0.006 -26"><span class='ocrx_word' id='word_1_232' title='bbox 2076 826 2188 892; x_wconf 85' lang='grc' dir='ltr'>θὲν,</span> <span class='ocrx_word' id='word_1_233' title='bbox 2239 827 2319 889; x_wconf 84' lang='grc' dir='ltr'><strong>είς</strong></span> <span class='ocrx_word' id='word_1_234' title='bbox 2354 826 2487 896; x_wconf 68' lang='grc' dir='ltr'>ὕψος</span> <span class='ocrx_word' id='word_1_235' title='bbox 2524 825 2800 899; x_wconf 72' lang='grc' dir='ltr'>αὔταρκες</span> <span class='ocrx_word' id='word_1_236' title='bbox 2839 828 3200 894; x_wconf 78' lang='grc' dir='ltr'><strong>διανίσταται,</strong></span> <span class='ocrx_word' id='word_1_237' title='bbox 3236 831 3334 902; x_wconf 83' lang='grc' dir='ltr'>τῆς</span> <span class='ocrx_word' id='word_1_238' title='bbox 3363 850 3676 905; x_wconf 66' lang='grc' dir='ltr'>συνεσπαρι</span> 
     </span>
    </p>
   </div>
   <div class='ocr_carea' id='block_1_34' title="bbox 2080 918 3671 998">
    <p class='ocr_par' dir='ltr' id='par_1_34' title="bbox 2080 918 3671 998">
     <span class='ocr_line' id='line_1_34' title="bbox 2080 918 3671 998; baseline 0.004 -27"><span class='ocrx_word' id='word_1_239' title='bbox 2080 918 2246 989; x_wconf 79' lang='grc' dir='ltr'>μένης</span> <span class='ocrx_word' id='word_1_240' title='bbox 2272 919 2331 971; x_wconf 82' lang='grc' dir='ltr'>ἐν</span> <span class='ocrx_word' id='word_1_241' title='bbox 2359 918 2505 987; x_wconf 84' lang='grc' dir='ltr'>αύτῷ</span> <span class='ocrx_word' id='word_1_242' title='bbox 2528 918 2811 989; x_wconf 80' lang='grc' dir='ltr'>δυνάμεως</span> <span class='ocrx_word' id='word_1_243' title='bbox 2841 920 3206 992; x_wconf 84' lang='grc' dir='ltr'>ἁπλωθείσης.</span> <span class='ocrx_word' id='word_1_244' title='bbox 3233 923 3296 975; x_wconf 80' lang='lat' dir='ltr'><strong>Ei</strong></span> <span class='ocrx_word' id='word_1_245' title='bbox 3316 924 3375 977; x_wconf 85' lang='grc' dir='ltr'>δέ</span> <span class='ocrx_word' id='word_1_246' title='bbox 3401 941 3482 987; x_wconf 92' lang='grc' dir='ltr'>τις</span> <span class='ocrx_word' id='word_1_247' title='bbox 3502 925 3671 998; x_wconf 78' lang='grc' dir='ltr'>γελᾷ,</span> 
     </span>
    </p>
   </div>
   <div class='ocr_carea' id='block_1_35' title="bbox 2078 1007 3673 1083">
    <p class='ocr_par' dir='ltr' id='par_1_35' title="bbox 2078 1007 3673 1083">
     <span class='ocr_line' id='line_1_35' title="bbox 2078 1007 3673 1083; baseline 0.005 -24"><span class='ocrx_word' id='word_1_248' title='bbox 2078 1007 2290 1077; x_wconf 76' lang='grc' dir='ltr'>βλέπων</span> <span class='ocrx_word' id='word_1_249' title='bbox 2320 1007 2419 1077; x_wconf 88' lang='grc' dir='ltr'>τὴν</span> <span class='ocrx_word' id='word_1_250' title='bbox 2449 1008 2578 1079; x_wconf 73' lang='grc' dir='ltr'>περὶ</span> <span class='ocrx_word' id='word_1_251' title='bbox 2614 1009 2710 1072; x_wconf 87' lang='grc' dir='ltr'>τάς</span> <span class='ocrx_word' id='word_1_252' title='bbox 2745 1008 3014 1074; x_wconf 78' lang='grc' dir='ltr'>συλλαϐὰς</span> <span class='ocrx_word' id='word_1_253' title='bbox 3052 1010 3230 1081; x_wconf 76' lang='grc' dir='ltr'>ἡμῶν,</span> <span class='ocrx_word' id='word_1_254' title='bbox 3261 1012 3551 1083; x_wconf 69' lang='grc' dir='ltr'>ψαλμικῶς</span> <span class='ocrx_word' id='word_1_255' title='bbox 3580 1015 3673 1067; x_wconf 79' lang='grc' dir='ltr'>εί·-</span> 
     </span>
    </p>
   </div>
   <div class='ocr_carea' id='block_1_36' title="bbox 2076 1100 3673 1176">
    <p class='ocr_par' dir='ltr' id='par_1_36' title="bbox 2076 1100 3673 1176">
     <span class='ocr_line' id='line_1_36' title="bbox 2076 1100 3673 1176; baseline 0.004 -25"><span class='ocrx_word' id='word_1_256' title='bbox 2076 1103 2231 1162; x_wconf 85' lang='grc' dir='ltr'>πεῖν,</span> <span class='ocrx_word' id='word_1_257' title='bbox 2285 1100 2620 1171; x_wconf 79' lang='grc' dir='ltr'><strong>ἀδολεσχίαν,</strong></span> <span class='ocrx_word' id='word_1_258' title='bbox 2684 1100 2847 1166; x_wconf 81' lang='grc' dir='ltr'>αὐτὸς</span> <span class='ocrx_word' id='word_1_259' title='bbox 2896 1103 2993 1173; x_wconf 82' lang='grc' dir='ltr'><strong>μὲν</strong></span> <span class='ocrx_word' id='word_1_260' title='bbox 3049 1103 3162 1174; x_wconf 77' lang='grc'><strong>(28)</strong></span> <span class='ocrx_word' id='word_1_261' title='bbox 3223 1104 3353 1157; x_wconf 82' lang='grc' dir='ltr'>ἵστω</span> <span class='ocrx_word' id='word_1_262' title='bbox 3406 1105 3673 1176; x_wconf 82' lang='grc' dir='ltr'>ἀνωφελῆ</span> 
     </span>
    </p>
   </div>
   <div class='ocr_carea' id='block_1_37' title="bbox 2076 1190 3674 1266">
    <p class='ocr_par' dir='ltr' id='par_1_37' title="bbox 2076 1190 3674 1266">
     <span class='ocr_line' id='line_1_37' title="bbox 2076 1190 3674 1266; baseline 0.002 -22"><span class='ocrx_word' id='word_1_263' title='bbox 2076 1190 2288 1262; x_wconf 78' lang='grc' dir='ltr'>καρπὸν</span> <span class='ocrx_word' id='word_1_264' title='bbox 2318 1190 2413 1243; x_wconf 79' lang='grc' dir='ltr'>τοῦ</span> <span class='ocrx_word' id='word_1_265' title='bbox 2455 1192 2691 1261; x_wconf 84' lang='grc' dir='ltr'><strong>γέλωτος</strong></span> <span class='ocrx_word' id='word_1_266' title='bbox 2736 1192 3096 1266; x_wconf 75' lang='grc' dir='ltr'>δρεπόμενος’</span> <span class='ocrx_word' id='word_1_267' title='bbox 3145 1197 3305 1266; x_wconf 74' lang='grc' dir='ltr'>ἡμεῖς</span> <span class='ocrx_word' id='word_1_268' title='bbox 3350 1195 3408 1248; x_wconf 88' lang='grc' dir='ltr'><strong>δὲ</strong></span> <span class='ocrx_word' id='word_1_269' title='bbox 3444 1195 3519 1265; x_wconf 84' lang='grc' dir='ltr'><strong>μὴ</strong></span> <span class='ocrx_word' id='word_1_270' title='bbox 3548 1197 3674 1259; x_wconf 85' lang='grc' dir='ltr'>τοῖς</span> 
     </span>
    </p>
   </div>
   <div class='ocr_carea' id='block_1_38' title="bbox 2075 1283 3670 1359">
    <p class='ocr_par' dir='ltr' id='par_1_38' title="bbox 2075 1283 3670 1359">
     <span class='ocr_line' id='line_1_38' title="bbox 2075 1283 3670 1359; baseline 0.004 -24"><span class='ocrx_word' id='word_1_271' title='bbox 2075 1283 2301 1336; x_wconf 83' lang='grc' dir='ltr'>ὀνείδεσι</span> <span class='ocrx_word' id='word_1_272' title='bbox 2320 1283 2429 1336; x_wconf 87' lang='grc' dir='ltr'><strong>τῶν</strong></span> <span class='ocrx_word' id='word_1_273' title='bbox 2458 1283 2761 1356; x_wconf 79' lang='grc' dir='ltr'>ἀνθρώπων</span> <span class='ocrx_word' id='word_1_274' title='bbox 2788 1286 3029 1350; x_wconf 69' lang='grc' dir='ltr'>ἐνδόντες</span> <span class='ocrx_word' id='word_1_275' title='bbox 3050 1327 3062 1349; x_wconf 91' lang='grc'>,</span> <span class='ocrx_word' id='word_1_276' title='bbox 3095 1289 3232 1358; x_wconf 78' lang='grc' dir='ltr'>μήτε</span> <span class='ocrx_word' id='word_1_277' title='bbox 3263 1287 3340 1357; x_wconf 83' lang='grc' dir='ltr'>τῷ</span> <span class='ocrx_word' id='word_1_278' title='bbox 3365 1287 3670 1359; x_wconf 82' lang='grc' dir='ltr'>φαυλισμῷ</span> 
     </span>
    </p>
   </div>
   <div class='ocr_carea' id='block_1_39' title="bbox 2077 1376 3669 1451">
    <p class='ocr_par' dir='ltr' id='par_1_39' title="bbox 2077 1376 3669 1451">
     <span class='ocr_line' id='line_1_39' title="bbox 2077 1376 3669 1451; baseline 0.004 -23"><span class='ocrx_word' id='word_1_279' title='bbox 2077 1377 2258 1429; x_wconf 82' lang='grc' dir='ltr'>αὐτῶν</span> <span class='ocrx_word' id='word_1_280' title='bbox 2309 1376 2668 1447; x_wconf 78' lang='grc' dir='ltr'>ἡττηθέντες,</span> <span class='ocrx_word' id='word_1_281' title='bbox 2707 1379 2807 1451; x_wconf 79' lang='grc' dir='ltr'><strong>τὴν</strong></span> <span class='ocrx_word' id='word_1_282' title='bbox 2844 1379 3071 1450; x_wconf 77' lang='grc' dir='ltr'>ἔρευναν</span> <span class='ocrx_word' id='word_1_283' title='bbox 3101 1380 3516 1451; x_wconf 83' lang='grc' dir='ltr'>καταλίπωμεν.</span> <span class='ocrx_word' id='word_1_284' title='bbox 3552 1381 3669 1434; x_wconf 83' lang='grc' dir='ltr'><strong>Το-</strong></span> 
     </span>
    </p>
   </div>
   <div class='ocr_carea' id='block_1_40' title="bbox 2078 1465 3663 1541">
    <p class='ocr_par' dir='ltr' id='par_1_40' title="bbox 2078 1465 3663 1541">
     <span class='ocr_line' id='line_1_40' title="bbox 2078 1465 3663 1541; baseline 0.003 -22"><span class='ocrx_word' id='word_1_285' title='bbox 2078 1465 2265 1519; x_wconf 78' lang='grc' dir='ltr'>σοῦτον</span> <span class='ocrx_word' id='word_1_286' title='bbox 2286 1466 2395 1538; x_wconf 80' lang='grc' dir='ltr'>γὰρ</span> <span class='ocrx_word' id='word_1_287' title='bbox 2416 1467 2605 1537; x_wconf 82' lang='grc' dir='ltr'><strong>ἀπέχω</strong></span> <span class='ocrx_word' id='word_1_288' title='bbox 2630 1467 2839 1531; x_wconf 82' lang='grc' dir='ltr'>τούτοις</span> <span class='ocrx_word' id='word_1_289' title='bbox 2864 1468 2939 1532; x_wconf 84' lang='grc' dir='ltr'><strong>ὡς</strong></span> <span class='ocrx_word' id='word_1_290' title='bbox 2967 1474 3182 1540; x_wconf 83' lang='grc' dir='ltr'>μικροῖς</span> <span class='ocrx_word' id='word_1_291' title='bbox 3205 1470 3663 1541; x_wconf 78' lang='grc' dir='ltr'>ἐπαισχύνεσθαι,</span> 
     </span>
    </p>
   </div>
   <div class='ocr_carea' id='block_1_41' title="bbox 2076 1556 3671 1632">
    <p class='ocr_par' dir='ltr' id='par_1_41' title="bbox 2076 1556 3671 1632">
     <span class='ocr_line' id='line_1_41' title="bbox 2076 1556 3671 1632; baseline 0.004 -23"><span class='ocrx_word' id='word_1_292' title='bbox 2076 1556 2239 1622; x_wconf 84' lang='grc' dir='ltr'>ὥστε,</span> <span class='ocrx_word' id='word_1_293' title='bbox 2272 1560 2321 1611; x_wconf 87' lang='grc' dir='ltr'><strong>εί</strong></span> <span class='ocrx_word' id='word_1_294' title='bbox 2350 1557 2445 1611; x_wconf 74' lang='grc' dir='ltr'>καὶ</span> <span class='ocrx_word' id='word_1_295' title='bbox 2470 1557 2763 1612; x_wconf 76' lang='grc' dir='ltr'>πολλοστοῦ</span> <span class='ocrx_word' id='word_1_296' title='bbox 2797 1558 2997 1630; x_wconf 81' lang='grc' dir='ltr'>μέρους</span> <span class='ocrx_word' id='word_1_297' title='bbox 3023 1560 3120 1631; x_wconf 80' lang='grc' dir='ltr'><strong>τῆς</strong></span> <span class='ocrx_word' id='word_1_298' title='bbox 3152 1561 3311 1627; x_wconf 77' lang='grc' dir='ltr'>ἀξίας</span> <span class='ocrx_word' id='word_1_299' title='bbox 3350 1561 3529 1615; x_wconf 83' lang='grc' dir='ltr'>αὐτῶν</span> <span class='ocrx_word' id='word_1_300' title='bbox 3562 1564 3671 1632; x_wconf 74' lang='grc' dir='ltr'><strong>ἐφ-</strong></span> 
     </span>
    </p>
   </div>
   <div class='ocr_carea' id='block_1_42' title="bbox 2078 1649 3668 1724">
    <p class='ocr_par' dir='ltr' id='par_1_42' title="bbox 2078 1649 3668 1724">
     <span class='ocr_line' id='line_1_42' title="bbox 2078 1649 3668 1724; baseline 0.003 -21"><span class='ocrx_word' id='word_1_301' title='bbox 2078 1649 2317 1721; x_wconf 83' lang='grc' dir='ltr'>ικοίμην,</span> <span class='ocrx_word' id='word_1_302' title='bbox 2346 1649 2568 1721; x_wconf 76' lang='grc' dir='ltr'>ἐμαυτῷ</span> <span class='ocrx_word' id='word_1_303' title='bbox 2596 1667 2656 1703; x_wconf 91' lang='grc' dir='ltr'><strong>τε</strong></span> <span class='ocrx_word' id='word_1_304' title='bbox 2684 1650 2750 1704; x_wconf 85' lang='grc' dir='ltr'>ἂν</span> <span class='ocrx_word' id='word_1_305' title='bbox 2788 1652 3111 1724; x_wconf 82' lang='grc' dir='ltr'>συνησθείην</span> <span class='ocrx_word' id='word_1_306' title='bbox 3144 1652 3220 1716; x_wconf 81' lang='grc' dir='ltr'>ὡς</span> <span class='ocrx_word' id='word_1_307' title='bbox 3255 1653 3506 1723; x_wconf 84' lang='grc' dir='ltr'>μεγάλων</span> <span class='ocrx_word' id='word_1_308' title='bbox 3535 1654 3668 1721; x_wconf 82' lang='grc' dir='ltr'>ἀξι-</span> 
     </span>
    </p>
   </div>
   <div class='ocr_carea' id='block_1_43' title="bbox 2010 1724 3662 1814">
    <p class='ocr_par' dir='ltr' id='par_1_43' title="bbox 2010 1724 3662 1814">
     <span class='ocr_line' id='line_1_43' title="bbox 2010 1724 3662 1814; baseline 0.004 -23"><span class='ocrx_word' id='word_1_309' title='bbox 2010 1724 2049 1778; x_wconf 77' lang='grc' dir='ltr'><strong>Β</strong></span> <span class='ocrx_word' id='word_1_310' title='bbox 2077 1738 2301 1805; x_wconf 83' lang='grc' dir='ltr'>ωθέντι,</span> <span class='ocrx_word' id='word_1_311' title='bbox 2331 1738 2408 1810; x_wconf 81' lang='grc' dir='ltr'>τῷ</span> <span class='ocrx_word' id='word_1_312' title='bbox 2445 1757 2506 1793; x_wconf 89' lang='grc' dir='ltr'><strong>τε</strong></span> <span class='ocrx_word' id='word_1_313' title='bbox 2546 1740 2988 1810; x_wconf 85' lang='grc' dir='ltr'>συνδιερευνῶντι</span> <span class='ocrx_word' id='word_1_314' title='bbox 3019 1742 3132 1813; x_wconf 71' lang='grc'><strong>(29)</strong></span> <span class='ocrx_word' id='word_1_315' title='bbox 3169 1744 3298 1814; x_wconf 74' lang='grc' dir='ltr'><strong>ἡμῖν</strong></span> <span class='ocrx_word' id='word_1_316' title='bbox 3339 1742 3550 1814; x_wconf 81' lang='grc' dir='ltr'>ἀδελφῷ</span> <span class='ocrx_word' id='word_1_317' title='bbox 3593 1744 3662 1797; x_wconf 74' lang='grc' dir='ltr'>οὐ</span> 
     </span>
    </p>
   </div>
   <div class='ocr_carea' id='block_1_44' title="bbox 2083 1830 3668 1906">
    <p class='ocr_par' dir='ltr' id='par_1_44' title="bbox 2083 1830 3668 1906">
     <span class='ocr_line' id='line_1_44' title="bbox 2083 1830 3668 1906; baseline 0.004 -23"><span class='ocrx_word' id='word_1_318' title='bbox 2083 1830 2275 1902; x_wconf 77' lang='grc' dir='ltr'>μικρὸν</span> <span class='ocrx_word' id='word_1_319' title='bbox 2298 1832 2364 1886; x_wconf 83' lang='grc' dir='ltr'><strong>ἂν</strong></span> <span class='ocrx_word' id='word_1_320' title='bbox 2391 1831 2558 1904; x_wconf 92' lang='grc' dir='ltr'>φαίην</span> <span class='ocrx_word' id='word_1_321' title='bbox 2578 1834 2828 1887; x_wconf 67' lang='grc' dir='ltr'><strong>ἐντεῦθεν</strong></span> <span class='ocrx_word' id='word_1_322' title='bbox 2850 1835 3222 1905; x_wconf 82' lang='grc' dir='ltr'><strong>ἀπηντηκέναι</strong></span> <span class='ocrx_word' id='word_1_323' title='bbox 3244 1835 3304 1887; x_wconf 86' lang='grc' dir='ltr'><strong>τὸ</strong></span> <span class='ocrx_word' id='word_1_324' title='bbox 3326 1835 3533 1906; x_wconf 79' lang='grc' dir='ltr'>κέρδος.</span> <span class='ocrx_word' id='word_1_325' title='bbox 3552 1835 3668 1889; x_wconf 71' lang='grc' dir='ltr'><strong>Μά-</strong></span> 
     </span>
    </p>
   </div>
   <div class='ocr_carea' id='block_1_45' title="bbox 2078 1918 3666 1997">
    <p class='ocr_par' dir='ltr' id='par_1_45' title="bbox 2078 1918 3666 1997">
     <span class='ocr_line' id='line_1_45' title="bbox 2078 1918 3666 1997; baseline 0.001 -23"><span class='ocrx_word' id='word_1_326' title='bbox 2078 1937 2263 1990; x_wconf 88' lang='grc' dir='ltr'>γιστον</span> <span class='ocrx_word' id='word_1_327' title='bbox 2291 1918 2383 1976; x_wconf 83' lang='grc' dir='ltr'>οὖν</span> <span class='ocrx_word' id='word_1_328' title='bbox 2406 1922 2547 1994; x_wconf 86' lang='grc' dir='ltr'>ὁρῶν</span> <span class='ocrx_word' id='word_1_329' title='bbox 2575 1924 2633 1976; x_wconf 83' lang='grc' dir='ltr'><strong>ὲν</strong></span> <span class='ocrx_word' id='word_1_330' title='bbox 2663 1926 2880 1995; x_wconf 84' lang='grc' dir='ltr'>μικροῖς</span> <span class='ocrx_word' id='word_1_331' title='bbox 2913 1924 3121 1997; x_wconf 76' lang='grc' dir='ltr'>ῥήμασι</span> <span class='ocrx_word' id='word_1_332' title='bbox 3145 1924 3205 1976; x_wconf 84' lang='grc' dir='ltr'>τὸ</span> <span class='ocrx_word' id='word_1_333' title='bbox 3228 1923 3535 1995; x_wconf 80' lang='grc' dir='ltr'>ἀγώνισμα,</span> <span class='ocrx_word' id='word_1_334' title='bbox 3570 1924 3666 1977; x_wconf 82' lang='grc' dir='ltr'><strong>ὲλ-</strong></span> 
     </span>
    </p>
   </div>
   <div class='ocr_carea' id='block_1_46' title="bbox 2080 2015 3664 2087">
    <p class='ocr_par' dir='ltr' id='par_1_46' title="bbox 2080 2015 3664 2087">
     <span class='ocr_line' id='line_1_46' title="bbox 2080 2015 3664 2087; baseline 0 -18"><span class='ocrx_word' id='word_1_335' title='bbox 2080 2015 2194 2069; x_wconf 89' lang='grc' dir='ltr'>πίδι</span> <span class='ocrx_word' id='word_1_336' title='bbox 2226 2015 2337 2069; x_wconf 85' lang='grc' dir='ltr'><strong>τῶν</strong></span> <span class='ocrx_word' id='word_1_337' title='bbox 2365 2015 2572 2087; x_wconf 81' lang='grc' dir='ltr'>μισθῶν</span> <span class='ocrx_word' id='word_1_338' title='bbox 2613 2015 2705 2069; x_wconf 85' lang='grc' dir='ltr'>τὸν</span> <span class='ocrx_word' id='word_1_339' title='bbox 2737 2015 2898 2070; x_wconf 82' lang='grc' dir='ltr'>πόνον</span> <span class='ocrx_word' id='word_1_340' title='bbox 2941 2016 3041 2069; x_wconf 77' lang='grc' dir='ltr'>οὐκ</span> <span class='ocrx_word' id='word_1_341' title='bbox 3072 2015 3402 2087; x_wconf 83' lang='grc' dir='ltr'>ἀναδύομαι,</span> <span class='ocrx_word' id='word_1_342' title='bbox 3435 2016 3664 2087; x_wconf 76' lang='grc' dir='ltr'>ἐμαυτῷ</span> 
     </span>
    </p>
   </div>
   <div class='ocr_carea' id='block_1_47' title="bbox 2079 2107 3665 2179">
    <p class='ocr_par' dir='ltr' id='par_1_47' title="bbox 2079 2107 3665 2179">
     <span class='ocr_line' id='line_1_47' title="bbox 2079 2107 3665 2179; baseline 0.001 -18"><span class='ocrx_word' id='word_1_343' title='bbox 2079 2124 2138 2161; x_wconf 92' lang='grc' dir='ltr'>τε</span> <span class='ocrx_word' id='word_1_344' title='bbox 2178 2107 2483 2179; x_wconf 81' lang='grc' dir='ltr'>ἡγούμενος</span> <span class='ocrx_word' id='word_1_345' title='bbox 2527 2108 2807 2179; x_wconf 80' lang='grc' dir='ltr'>ἔγκαρπον</span> <span class='ocrx_word' id='word_1_346' title='bbox 2842 2108 2933 2162; x_wconf 82' lang='grc' dir='ltr'>τὸν</span> <span class='ocrx_word' id='word_1_347' title='bbox 2967 2108 3123 2175; x_wconf 87' lang='grc' dir='ltr'>λόγον</span> <span class='ocrx_word' id='word_1_348' title='bbox 3167 2107 3407 2172; x_wconf 78' lang='grc' dir='ltr'>ἔσεσθαι,</span> <span class='ocrx_word' id='word_1_349' title='bbox 3441 2111 3553 2172; x_wconf 87' lang='grc' dir='ltr'>τοῖς</span> <span class='ocrx_word' id='word_1_350' title='bbox 3597 2125 3665 2163; x_wconf 73' lang='grc' dir='ltr'><strong>τε</strong></span> 
     </span>
    </p>
   </div>
   <div class='ocr_carea' id='block_1_48' title="bbox 2079 2199 3662 2272">
    <p class='ocr_par' dir='ltr' id='par_1_48' title="bbox 2079 2199 3662 2272">
     <span class='ocr_line' id='line_1_48' title="bbox 2079 2199 3662 2272; baseline -0.001 -18"><span class='ocrx_word' id='word_1_351' title='bbox 2079 2200 2338 2254; x_wconf 84' lang='grc' dir='ltr'>ἀκούουσι</span> <span class='ocrx_word' id='word_1_352' title='bbox 2363 2200 2562 2272; x_wconf 85' lang='grc' dir='ltr'>διαρκῆ</span> <span class='ocrx_word' id='word_1_353' title='bbox 2590 2201 2690 2271; x_wconf 85' lang='grc' dir='ltr'><strong>τὴν</strong></span> <span class='ocrx_word' id='word_1_354' title='bbox 2718 2200 2983 2269; x_wconf 80' lang='grc' dir='ltr'>ὠφέλειαν</span> <span class='ocrx_word' id='word_1_355' title='bbox 3011 2199 3293 2271; x_wconf 81' lang='grc' dir='ltr'>ὑπάρξειν.</span> <span class='ocrx_word' id='word_1_356' title='bbox 3327 2199 3528 2271; x_wconf 85' lang='grc' dir='ltr'>Διόπερ</span> <span class='ocrx_word' id='word_1_357' title='bbox 3553 2200 3662 2272; x_wconf 72' lang='grc' dir='ltr'><strong>ἥδη</strong></span> 
     </span>
    </p>
   </div>
   <div class='ocr_carea' id='block_1_49' title="bbox 2082 2289 3664 2362">
    <p class='ocr_par' dir='ltr' id='par_1_49' title="bbox 2082 2289 3664 2362">
     <span class='ocr_line' id='line_1_49' title="bbox 2082 2289 3664 2362; baseline -0.001 -19"><span class='ocrx_word' id='word_1_358' title='bbox 2082 2293 2179 2346; x_wconf 83' lang='grc' dir='ltr'>σὺν</span> <span class='ocrx_word' id='word_1_359' title='bbox 2204 2290 2353 2362; x_wconf 84' lang='grc' dir='ltr'>αὐτῷ</span> <span class='ocrx_word' id='word_1_360' title='bbox 2382 2307 2468 2360; x_wconf 87' lang='grc' dir='ltr'>γε,</span> <span class='ocrx_word' id='word_1_361' title='bbox 2496 2291 2660 2360; x_wconf 85' lang='grc' dir='ltr'>φάναι</span> <span class='ocrx_word' id='word_1_362' title='bbox 2690 2290 2827 2362; x_wconf 78' lang='grc'><strong>(50),</strong></span> <span class='ocrx_word' id='word_1_363' title='bbox 2859 2289 2937 2361; x_wconf 82' lang='grc' dir='ltr'>τῷ</span> <span class='ocrx_word' id='word_1_364' title='bbox 2968 2290 3107 2360; x_wconf 83' lang='grc' dir='ltr'>ἁγίῳ</span> <span class='ocrx_word' id='word_1_365' title='bbox 3132 2290 3411 2361; x_wconf 89' lang='grc' dir='ltr'>Πνεύματι</span> <span class='ocrx_word' id='word_1_366' title='bbox 3443 2289 3664 2359; x_wconf 76' lang='grc' dir='ltr'><strong>βαδιοῦο</strong></span> 
     </span>
    </p>
   </div>
   <div class='ocr_carea' id='block_1_50' title="bbox 2084 2381 3666 2454">
    <p class='ocr_par' dir='ltr' id='par_1_50' title="bbox 2084 2381 3666 2454">
     <span class='ocr_line' id='line_1_50' title="bbox 2084 2381 3666 2454; baseline -0.001 -18"><span class='ocrx_word' id='word_1_367' title='bbox 2084 2400 2182 2453; x_wconf 89' lang='grc' dir='ltr'>μαι</span> <span class='ocrx_word' id='word_1_368' title='bbox 2223 2382 2359 2453; x_wconf 82' lang='grc' dir='ltr'>πρὸς</span> <span class='ocrx_word' id='word_1_369' title='bbox 2388 2383 2487 2453; x_wconf 80' lang='grc' dir='ltr'><strong>τὴν</strong></span> <span class='ocrx_word' id='word_1_370' title='bbox 2524 2381 2803 2454; x_wconf 77' lang='grc' dir='ltr'>ἐξήγησιν.</span> <span class='ocrx_word' id='word_1_371' title='bbox 2848 2383 2957 2437; x_wconf 78' lang='grc' dir='ltr'><strong>Καὶ</strong></span> <span class='ocrx_word' id='word_1_372' title='bbox 2995 2384 3045 2436; x_wconf 88' lang='grc' dir='ltr'><strong>εί</strong></span> <span class='ocrx_word' id='word_1_373' title='bbox 3086 2381 3265 2452; x_wconf 77' lang='grc' dir='ltr'>βούλει</span> <span class='ocrx_word' id='word_1_374' title='bbox 3295 2381 3436 2435; x_wconf 77' lang='grc' dir='ltr'>ὥστε</span> <span class='ocrx_word' id='word_1_375' title='bbox 3472 2399 3539 2453; x_wconf 90' lang='grc' dir='ltr'>με</span> <span class='ocrx_word' id='word_1_376' title='bbox 3579 2384 3666 2446; x_wconf 82' lang='grc' dir='ltr'>εἰς</span> 
     </span>
    </p>
   </div>
   <div class='ocr_carea' id='block_1_51' title="bbox 2079 2470 3667 2543">
    <p class='ocr_par' dir='ltr' id='par_1_51' title="bbox 2079 2470 3667 2543">
     <span class='ocr_line' id='line_1_51' title="bbox 2079 2470 3667 2543; baseline -0.002 -16"><span class='ocrx_word' id='word_1_377' title='bbox 2079 2475 2197 2528; x_wconf 82' lang='grc' dir='ltr'>ὁδὸν</span> <span class='ocrx_word' id='word_1_378' title='bbox 2250 2473 2585 2543; x_wconf 83' lang='grc' dir='ltr'>καταστῆναι</span> <span class='ocrx_word' id='word_1_379' title='bbox 2624 2472 2720 2526; x_wconf 83' lang='grc' dir='ltr'>τοῦ</span> <span class='ocrx_word' id='word_1_380' title='bbox 2758 2471 2939 2541; x_wconf 86' lang='grc' dir='ltr'>λόγου,</span> <span class='ocrx_word' id='word_1_381' title='bbox 2990 2472 3186 2543; x_wconf 80' lang='grc' dir='ltr'>μικρὸν</span> <span class='ocrx_word' id='word_1_382' title='bbox 3219 2471 3313 2524; x_wconf 77' lang='grc' dir='ltr'>ἐπὶ</span> <span class='ocrx_word' id='word_1_383' title='bbox 3352 2471 3451 2542; x_wconf 85' lang='grc' dir='ltr'>τὴν</span> <span class='ocrx_word' id='word_1_384' title='bbox 3486 2470 3667 2542; x_wconf 84' lang='grc' dir='ltr'>ἀρχὴν</span> 
     </span>
    </p>
   </div>
   <div class='ocr_carea' id='block_1_52' title="bbox 2080 2563 3124 2636">
    <p class='ocr_par' dir='ltr' id='par_1_52' title="bbox 2080 2563 3124 2636">
     <span class='ocr_line' id='line_1_52' title="bbox 2080 2563 3124 2636; baseline -0.003 -16"><span class='ocrx_word' id='word_1_385' title='bbox 2080 2565 2175 2620; x_wconf 80' lang='grc' dir='ltr'>τοῦ</span> <span class='ocrx_word' id='word_1_386' title='bbox 2211 2564 2596 2636; x_wconf 78' lang='grc' dir='ltr'>προδλήματος</span> <span class='ocrx_word' id='word_1_387' title='bbox 2631 2563 2957 2635; x_wconf 79' lang='grc' dir='ltr'>ὑποστρέψω</span> <span class='ocrx_word' id='word_1_388' title='bbox 2991 2564 3124 2635; x_wconf 77' lang='grc'><strong>(51).</strong></span> 
     </span>
    </p>
   </div>
   <div class='ocr_carea' id='block_1_53' title="bbox 391 2656 3668 2745">
    <p class='ocr_par' dir='ltr' id='par_1_53' title="bbox 391 2656 3668 2745">
     <span class='ocr_line' id='line_1_53' title="bbox 391 2656 3668 2745; baseline -0.007 -14"><span class='ocrx_word' id='word_1_389' title='bbox 391 2690 649 2745; x_wconf 88' lang='lat' dir='ltr'><strong>magnum</strong></span> <span class='ocrx_word' id='word_1_390' title='bbox 697 2672 935 2728; x_wconf 88' lang='lat' dir='ltr'><strong>fructum</strong></span> <span class='ocrx_word' id='word_1_391' title='bbox 980 2671 1294 2726; x_wconf 84' lang='lat' dir='ltr'><strong>allaturum.</strong></span> <span class='ocrx_word' id='word_1_392' title='bbox 1325 2666 1671 2737; x_wconf 82' lang='lat' dir='ltr'><strong>Quapropter</strong></span> <span class='ocrx_word' id='word_1_393' title='bbox 1706 2679 1833 2718; x_wconf 89' lang='lat' dir='ltr'><strong>cum</strong></span> <span class='ocrx_word' id='word_1_394' title='bbox 1863 2665 1985 2733; x_wconf 91' lang='lat' dir='ltr'><strong>ipso</strong></span> <span class='ocrx_word' id='word_1_395' title='bbox 2017 2662 2128 2734; x_wconf 86' lang='lat' dir='ltr'><strong>jam</strong></span> <span class='ocrx_word' id='word_1_396' title='bbox 2159 2660 2475 2731; x_wconf 87' lang='lat' dir='ltr'><strong>(dicendum</strong></span> <span class='ocrx_word' id='word_1_397' title='bbox 2503 2661 2645 2714; x_wconf 92' lang='lat' dir='ltr'><strong>enim</strong></span> <span class='ocrx_word' id='word_1_398' title='bbox 2693 2660 2798 2729; x_wconf 87' lang='lat' dir='ltr'><strong>est)</strong></span> <span class='ocrx_word' id='word_1_399' title='bbox 2863 2667 3055 2713; x_wconf 87' lang='lat' dir='ltr'><strong>sancto</strong></span> <span class='ocrx_word' id='word_1_400' title='bbox 3090 2658 3296 2730; x_wconf 86' lang='lat' dir='ltr'><strong>Spiritu</strong></span> <span class='ocrx_word' id='word_1_401' title='bbox 3337 2658 3405 2713; x_wconf 90' lang='lat' dir='ltr'><strong>ad</strong></span> <span class='ocrx_word' id='word_1_402' title='bbox 3476 2656 3668 2729; x_wconf 79' lang='lat' dir='ltr'><strong>expla-</strong></span> 
     </span>
    </p>
   </div>
   <div class='ocr_carea' id='block_1_54' title="bbox 394 2751 3667 2829">
    <p class='ocr_par' dir='ltr' id='par_1_54' title="bbox 394 2751 3667 2829">
     <span class='ocr_line' id='line_1_54' title="bbox 394 2751 3667 2829; baseline -0.006 -7"><span class='ocrx_word' id='word_1_403' title='bbox 394 2769 677 2822; x_wconf 87' lang='lat' dir='ltr'><strong>nationem</strong></span> <span class='ocrx_word' id='word_1_404' title='bbox 710 2765 988 2821; x_wconf 88' lang='lat' dir='ltr'><strong>accedam.</strong></span> <span class='ocrx_word' id='word_1_405' title='bbox 1017 2762 1085 2817; x_wconf 88' lang='lat' dir='ltr'><strong>Et</strong></span> <span class='ocrx_word' id='word_1_406' title='bbox 1114 2762 1164 2820; x_wconf 90' lang='lat' dir='ltr'><strong>si</strong></span> <span class='ocrx_word' id='word_1_407' title='bbox 1196 2761 1278 2817; x_wconf 89' lang='lat' dir='ltr'><strong>vis</strong></span> <span class='ocrx_word' id='word_1_408' title='bbox 1306 2767 1364 2816; x_wconf 89' lang='lat' dir='ltr'><strong>ut</strong></span> <span class='ocrx_word' id='word_1_409' title='bbox 1389 2776 1474 2815; x_wconf 90' lang='lat' dir='ltr'><strong>me</strong></span> <span class='ocrx_word' id='word_1_410' title='bbox 1498 2760 1553 2814; x_wconf 92' lang='lat' dir='ltr'><strong>in</strong></span> <span class='ocrx_word' id='word_1_411' title='bbox 1581 2756 1979 2829; x_wconf 86' lang='lat' dir='ltr'><strong>disputationis</strong></span> <span class='ocrx_word' id='word_1_412' title='bbox 2013 2757 2157 2812; x_wconf 91' lang='lat' dir='ltr'><strong>viam</strong></span> <span class='ocrx_word' id='word_1_413' title='bbox 2192 2753 2474 2820; x_wconf 77' lang='lat' dir='ltr'><strong>inducam,</strong></span> <span class='ocrx_word' id='word_1_414' title='bbox 2533 2752 2602 2807; x_wconf 88' lang='lat' dir='ltr'><strong>ad</strong></span> <span class='ocrx_word' id='word_1_415' title='bbox 2631 2751 2799 2821; x_wconf 88' lang='lat' dir='ltr'><strong>hujus</strong></span> <span class='ocrx_word' id='word_1_416' title='bbox 2840 2751 3160 2822; x_wconf 64' lang='lat' dir='ltr'><strong>quaestionis</strong></span> <span class='ocrx_word' id='word_1_417' title='bbox 3199 2751 3463 2821; x_wconf 79' lang='lat' dir='ltr'><strong>originem</strong></span> <span class='ocrx_word' id='word_1_418' title='bbox 3525 2763 3667 2818; x_wconf 85' lang='lat' dir='ltr'><strong>pau-</strong></span> 
     </span>
    </p>
   </div>
   <div class='ocr_carea' id='block_1_55' title="bbox 393 2860 877 2933">
    <p class='ocr_par' dir='ltr' id='par_1_55' title="bbox 393 2860 877 2933">
     <span class='ocr_line' id='line_1_55' title="bbox 393 2860 877 2933; baseline -0.008 -17"><span class='ocrx_word' id='word_1_419' title='bbox 393 2861 564 2933; x_wconf 81' lang='lat' dir='ltr'><strong>lisper</strong></span> <span class='ocrx_word' id='word_1_420' title='bbox 591 2860 877 2915; x_wconf 88' lang='lat' dir='ltr'><strong>divertam.</strong></span> 
     </span>
    </p>
   </div>
   <div class='ocr_carea' id='block_1_56' title="bbox 464 2946 1981 3022">
    <p class='ocr_par' dir='ltr' id='par_1_56' title="bbox 464 2946 1981 3022">
     <span class='ocr_line' id='line_1_56' title="bbox 464 2946 1981 3022; baseline -0.008 -11"><span class='ocrx_word' id='word_1_421' title='bbox 464 2957 518 3011; x_wconf 81' lang='grc'><strong>5.</strong></span> <span class='ocrx_word' id='word_1_422' title='bbox 554 2953 739 3022; x_wconf 84' lang='lat' dir='ltr'><strong>Nuper</strong></span> <span class='ocrx_word' id='word_1_423' title='bbox 780 2950 1025 3022; x_wconf 88' lang='lat' dir='ltr'><strong>precanti</strong></span> <span class='ocrx_word' id='word_1_424' title='bbox 1077 2950 1213 3004; x_wconf 90' lang='lat' dir='ltr'><strong>mihi</strong></span> <span class='ocrx_word' id='word_1_425' title='bbox 1248 2964 1373 3004; x_wconf 90' lang='lat' dir='ltr'><strong>cum</strong></span> <span class='ocrx_word' id='word_1_426' title='bbox 1405 2946 1630 3019; x_wconf 91' lang='lat' dir='ltr'><strong>populo,</strong></span> <span class='ocrx_word' id='word_1_427' title='bbox 1669 2953 1724 3002; x_wconf 90' lang='lat' dir='ltr'><strong>et</strong></span> <span class='ocrx_word' id='word_1_428' title='bbox 1750 2954 1981 3016; x_wconf 86' lang='lat' dir='ltr'><strong>utroque</strong></span> 
     </span>
    </p>
   </div>
   <div class='ocr_carea' id='block_1_57' title="bbox 2157 2935 3664 3012">
    <p class='ocr_par' dir='ltr' id='par_1_57' title="bbox 2157 2935 3664 3012">
     <span class='ocr_line' id='line_1_57' title="bbox 2157 2935 3664 3012; baseline -0.003 -16"><span class='ocrx_word' id='word_1_429' title='bbox 2157 2942 2210 2996; x_wconf 74' lang='grc' dir='ltr'><strong>ὃ.</strong></span> <span class='ocrx_word' id='word_1_430' title='bbox 2254 2937 2682 3012; x_wconf 82' lang='grc' dir='ltr'>Προσευχομένῳ</span> <span class='ocrx_word' id='word_1_431' title='bbox 2726 2954 2816 3009; x_wconf 92' lang='grc' dir='ltr'>μοι</span> <span class='ocrx_word' id='word_1_432' title='bbox 2842 2936 3034 3008; x_wconf 84' lang='grc' dir='ltr'>πρώην</span> <span class='ocrx_word' id='word_1_433' title='bbox 3070 2935 3209 3007; x_wconf 82' lang='grc' dir='ltr'>μετὰ</span> <span class='ocrx_word' id='word_1_434' title='bbox 3236 2935 3330 2989; x_wconf 83' lang='grc' dir='ltr'>τοῦ</span> <span class='ocrx_word' id='word_1_435' title='bbox 3372 2936 3524 3002; x_wconf 77' lang='grc' dir='ltr'>λαοῦ,</span> <span class='ocrx_word' id='word_1_436' title='bbox 3564 2940 3664 2992; x_wconf 71' lang='grc' dir='ltr'>καὶ</span> 
     </span>
    </p>
   </div>
   <div class='ocr_carea' id='block_1_58' title="bbox 393 3030 1971 3117">
    <p class='ocr_par' dir='ltr' id='par_1_58' title="bbox 393 3039 1971 3117">
     <span class='ocr_line' id='line_1_58' title="bbox 393 3039 1971 3117; baseline -0.005 -15"><span class='ocrx_word' id='word_1_437' title='bbox 393 3047 559 3102; x_wconf 90' lang='lat' dir='ltr'><strong>modo</strong></span> <span class='ocrx_word' id='word_1_438' title='bbox 596 3043 1048 3117; x_wconf 84' lang='lat' dir='ltr'><strong>glorificationem</strong></span> <span class='ocrx_word' id='word_1_439' title='bbox 1098 3042 1403 3098; x_wconf 88' lang='lat' dir='ltr'><strong>absolventi</strong></span> <span class='ocrx_word' id='word_1_440' title='bbox 1446 3040 1557 3097; x_wconf 89' lang='lat' dir='ltr'><strong>Deo</strong></span> <span class='ocrx_word' id='word_1_441' title='bbox 1595 3055 1660 3095; x_wconf 91' lang='lat' dir='ltr'><strong>ac</strong></span> <span class='ocrx_word' id='word_1_442' title='bbox 1687 3039 1859 3106; x_wconf 89' lang='lat' dir='ltr'><strong>Patri,</strong></span> <span class='ocrx_word' id='word_1_443' title='bbox 1890 3040 1971 3094; x_wconf 91' lang='lat' dir='ltr'><strong>in-</strong></span> 
     </span>
    </p>
   </div>
   <div class='ocr_carea' id='block_1_59' title="bbox 2079 3030 3663 3117">
    <p class='ocr_par' dir='ltr' id='par_1_59' title="bbox 2082 3030 3663 3106">
     <span class='ocr_line' id='line_1_59' title="bbox 2082 3030 3663 3106; baseline -0.002 -19"><span class='ocrx_word' id='word_1_444' title='bbox 2082 3033 2407 3106; x_wconf 85' lang='grc' dir='ltr'>ἀμφοτέρως</span> <span class='ocrx_word' id='word_1_445' title='bbox 2456 3033 2556 3103; x_wconf 81' lang='grc' dir='ltr'>τὴν</span> <span class='ocrx_word' id='word_1_446' title='bbox 2606 3030 2916 3099; x_wconf 79' lang='grc' dir='ltr'>δοξολογίαν</span> <span class='ocrx_word' id='word_1_447' title='bbox 2963 3030 3370 3102; x_wconf 80' lang='grc' dir='ltr'>ἀποπληροῦντι</span> <span class='ocrx_word' id='word_1_448' title='bbox 3411 3031 3490 3104; x_wconf 83' lang='grc' dir='ltr'>τῷ</span> <span class='ocrx_word' id='word_1_449' title='bbox 3538 3032 3663 3103; x_wconf 85' lang='grc' dir='ltr'><strong>Θεῷ</strong></span> 
     </span>
    </p>
   </div>
   <div class='ocr_carea' id='block_1_60' title="bbox 393 3130 1970 3202">
    <p class='ocr_par' dir='ltr' id='par_1_60' title="bbox 393 3130 1970 3202">
     <span class='ocr_line' id='line_1_60' title="bbox 393 3130 1970 3202; baseline -0.006 -9"><span class='ocrx_word' id='word_1_450' title='bbox 393 3138 609 3194; x_wconf 90' lang='lat' dir='ltr'><strong>terdum</strong></span> <span class='ocrx_word' id='word_1_451' title='bbox 659 3151 785 3190; x_wconf 90' lang='lat' dir='ltr'><strong>cum</strong></span> <span class='ocrx_word' id='word_1_452' title='bbox 834 3133 971 3188; x_wconf 86' lang='lat' dir='ltr'><strong>Filio</strong></span> <span class='ocrx_word' id='word_1_453' title='bbox 997 3148 1104 3188; x_wconf 91' lang='lat' dir='ltr'><strong>una</strong></span> <span class='ocrx_word' id='word_1_454' title='bbox 1134 3148 1260 3187; x_wconf 91' lang='lat' dir='ltr'><strong>eum</strong></span> <span class='ocrx_word' id='word_1_455' title='bbox 1292 3138 1486 3187; x_wconf 89' lang='lat' dir='ltr'><strong>sancto</strong></span> <span class='ocrx_word' id='word_1_456' title='bbox 1526 3130 1757 3202; x_wconf 85' lang='lat' dir='ltr'><strong>Spiritu,</strong></span> <span class='ocrx_word' id='word_1_457' title='bbox 1804 3131 1970 3185; x_wconf 83' lang='lat' dir='ltr'><strong>inter-</strong></span> 
     </span>
    </p>
   </div>
   <div class='ocr_carea' id='block_1_61' title="bbox 392 3224 1973 3300">
    <p class='ocr_par' dir='ltr' id='par_1_61' title="bbox 392 3224 1973 3300">
     <span class='ocr_line' id='line_1_61' title="bbox 392 3224 1973 3300; baseline -0.004 -14"><span class='ocrx_word' id='word_1_458' title='bbox 392 3232 523 3288; x_wconf 89' lang='lat' dir='ltr'><strong>dum</strong></span> <span class='ocrx_word' id='word_1_459' title='bbox 559 3244 652 3300; x_wconf 88' lang='lat' dir='ltr'><strong>per</strong></span> <span class='ocrx_word' id='word_1_460' title='bbox 689 3227 888 3282; x_wconf 87' lang='lat' dir='ltr'><strong>Filium</strong></span> <span class='ocrx_word' id='word_1_461' title='bbox 928 3228 984 3281; x_wconf 90' lang='lat' dir='ltr'><strong>in</strong></span> <span class='ocrx_word' id='word_1_462' title='bbox 1028 3234 1221 3282; x_wconf 88' lang='lat' dir='ltr'><strong>sancto</strong></span> <span class='ocrx_word' id='word_1_463' title='bbox 1265 3224 1514 3296; x_wconf 85' lang='lat' dir='ltr'><strong>Spiritu;</strong></span> <span class='ocrx_word' id='word_1_464' title='bbox 1545 3225 1766 3295; x_wconf 88' lang='lat' dir='ltr'><strong>quidam</strong></span> <span class='ocrx_word' id='word_1_465' title='bbox 1803 3239 1870 3279; x_wconf 75' lang='lat' dir='ltr'><strong>ex</strong></span> <span class='ocrx_word' id='word_1_466' title='bbox 1903 3224 1973 3280; x_wconf 89' lang='lat' dir='ltr'><strong>iis</strong></span> 
     </span>
    </p>
   </div>
   <div class='ocr_carea' id='block_1_62' title="bbox 391 3318 1972 3394">
    <p class='ocr_par' dir='ltr' id='par_1_62' title="bbox 391 3318 1972 3394">
     <span class='ocr_line' id='line_1_62' title="bbox 391 3318 1972 3394; baseline -0.004 -16"><span class='ocrx_word' id='word_1_467' title='bbox 391 3323 488 3394; x_wconf 88' lang='lat' dir='ltr'><strong>qui</strong></span> <span class='ocrx_word' id='word_1_468' title='bbox 518 3323 767 3386; x_wconf 89' lang='lat' dir='ltr'><strong>aderant,</strong></span> <span class='ocrx_word' id='word_1_469' title='bbox 801 3320 1011 3374; x_wconf 86' lang='lat' dir='ltr'><strong>crimen</strong></span> <span class='ocrx_word' id='word_1_470' title='bbox 1043 3318 1419 3384; x_wconf 89' lang='lat' dir='ltr'><strong>intenderunt,</strong></span> <span class='ocrx_word' id='word_1_471' title='bbox 1448 3318 1695 3373; x_wconf 86' lang='lat' dir='ltr'><strong>dicentes</strong></span> <span class='ocrx_word' id='word_1_472' title='bbox 1724 3332 1826 3373; x_wconf 92' lang='lat' dir='ltr'><strong>nos</strong></span> <span class='ocrx_word' id='word_1_473' title='bbox 1858 3332 1972 3373; x_wconf 90' lang='lat' dir='ltr'><strong>non</strong></span> 
     </span>
    </p>
   </div>
   <div class='ocr_carea' id='block_1_63' title="bbox 392 3416 1968 3489">
    <p class='ocr_par' dir='ltr' id='par_1_63' title="bbox 392 3416 1968 3489">
     <span class='ocr_line' id='line_1_63' title="bbox 392 3416 1968 3489; baseline -0.003 -15"><span class='ocrx_word' id='word_1_474' title='bbox 392 3420 558 3474; x_wconf 89' lang='lat' dir='ltr'><strong>modo</strong></span> <span class='ocrx_word' id='word_1_475' title='bbox 580 3417 881 3489; x_wconf 79' lang='lat' dir='ltr'><strong>peregrinis</strong></span> <span class='ocrx_word' id='word_1_476' title='bbox 911 3430 974 3471; x_wconf 89' lang='lat' dir='ltr'><strong>ac</strong></span> <span class='ocrx_word' id='word_1_477' title='bbox 1017 3419 1174 3472; x_wconf 92' lang='lat' dir='ltr'><strong>novis</strong></span> <span class='ocrx_word' id='word_1_478' title='bbox 1207 3416 1286 3470; x_wconf 79' lang='lat' dir='ltr'><strong>uti</strong></span> <span class='ocrx_word' id='word_1_479' title='bbox 1313 3416 1557 3478; x_wconf 90' lang='lat' dir='ltr'><strong>vocibus,</strong></span> <span class='ocrx_word' id='word_1_480' title='bbox 1585 3431 1777 3471; x_wconf 88' lang='lat' dir='ltr'><strong>verum</strong></span> <span class='ocrx_word' id='word_1_481' title='bbox 1801 3416 1968 3470; x_wconf 88' lang='lat' dir='ltr'><strong>etiam</strong></span> 
     </span>
    </p>
   </div>
   <div class='ocr_carea' id='block_1_64' title="bbox 393 3507 1970 3580">
    <p class='ocr_par' dir='ltr' id='par_1_64' title="bbox 393 3507 1970 3580">
     <span class='ocr_line' id='line_1_64' title="bbox 393 3507 1970 3580; baseline -0.003 -15"><span class='ocrx_word' id='word_1_482' title='bbox 393 3511 542 3565; x_wconf 89' lang='lat' dir='ltr'><strong>inter</strong></span> <span class='ocrx_word' id='word_1_483' title='bbox 582 3525 643 3566; x_wconf 91' lang='lat' dir='ltr'><strong>se</strong></span> <span class='ocrx_word' id='word_1_484' title='bbox 682 3508 1075 3580; x_wconf 78' lang='lat' dir='ltr'><strong>pugnantibus.</strong></span> <span class='ocrx_word' id='word_1_485' title='bbox 1124 3507 1206 3562; x_wconf 87' lang='lat' dir='ltr'><strong>Tu</strong></span> <span class='ocrx_word' id='word_1_486' title='bbox 1255 3523 1417 3577; x_wconf 91' lang='lat' dir='ltr'><strong>porro</strong></span> <span class='ocrx_word' id='word_1_487' title='bbox 1461 3509 1698 3561; x_wconf 85' lang='lat' dir='ltr'><strong>maxime</strong></span> <span class='ocrx_word' id='word_1_488' title='bbox 1750 3507 1970 3561; x_wconf 91' lang='lat' dir='ltr'><strong>illorum</strong></span> 
     </span>
    </p>
   </div>
   <div class='ocr_carea' id='block_1_65' title="bbox 393 3597 1970 3669">
    <p class='ocr_par' dir='ltr' id='par_1_65' title="bbox 393 3597 1970 3669">
     <span class='ocr_line' id='line_1_65' title="bbox 393 3597 1970 3669; baseline -0.003 -12"><span class='ocrx_word' id='word_1_489' title='bbox 393 3602 619 3657; x_wconf 84' lang='lat' dir='ltr'><strong>utilitati</strong></span> <span class='ocrx_word' id='word_1_490' title='bbox 659 3601 974 3665; x_wconf 87' lang='lat' dir='ltr'><strong>consulens,</strong></span> <span class='ocrx_word' id='word_1_491' title='bbox 1010 3607 1105 3653; x_wconf 91' lang='lat' dir='ltr'><strong>aut</strong></span> <span class='ocrx_word' id='word_1_492' title='bbox 1148 3600 1193 3654; x_wconf 92' lang='lat' dir='ltr'><strong>si</strong></span> <span class='ocrx_word' id='word_1_493' title='bbox 1223 3613 1450 3669; x_wconf 89' lang='lat' dir='ltr'><strong>prorsus</strong></span> <span class='ocrx_word' id='word_1_494' title='bbox 1489 3598 1592 3667; x_wconf 90' lang='lat' dir='ltr'><strong>ipsi</strong></span> <span class='ocrx_word' id='word_1_495' title='bbox 1634 3597 1970 3652; x_wconf 85' lang='lat' dir='ltr'><strong>insanabiles</strong></span> 
     </span>
    </p>
   </div>
   <div class='ocr_carea' id='block_1_66' title="bbox 391 3689 1975 3775">
    <p class='ocr_par' dir='ltr' id='par_1_66' title="bbox 391 3689 1975 3775">
     <span class='ocr_line' id='line_1_66' title="bbox 391 3689 1975 3775; baseline -0.006 -24"><span class='ocrx_word' id='word_1_496' title='bbox 391 3696 527 3760; x_wconf 87' lang='lat' dir='ltr'><strong>sint,</strong></span> <span class='ocrx_word' id='word_1_497' title='bbox 558 3702 738 3775; x_wconf 79' lang='lat' dir='ltr'><strong>tamen</strong></span> <span class='ocrx_word' id='word_1_498' title='bbox 772 3700 995 3763; x_wconf 80' lang='lat' dir='ltr'><strong>propter</strong></span> <span class='ocrx_word' id='word_1_499' title='bbox 1032 3706 1245 3755; x_wconf 90' lang='lat' dir='ltr'><strong>eorum,</strong></span> <span class='ocrx_word' id='word_1_500' title='bbox 1273 3691 1366 3760; x_wconf 90' lang='lat' dir='ltr'><strong>qui</strong></span> <span class='ocrx_word' id='word_1_501' title='bbox 1398 3690 1452 3743; x_wconf 91' lang='lat' dir='ltr'><strong>in</strong></span> <span class='ocrx_word' id='word_1_502' title='bbox 1490 3689 1759 3758; x_wconf 84' lang='lat' dir='ltr'><strong>ejusmodi</strong></span> <span class='ocrx_word' id='word_1_503' title='bbox 1798 3689 1975 3743; x_wconf 86' lang='lat' dir='ltr'><strong>homi-</strong></span> 
     </span>
    </p>
   </div>
   <div class='ocr_carea' id='block_1_67' title="bbox 392 3786 1969 3858">
    <p class='ocr_par' dir='ltr' id='par_1_67' title="bbox 392 3786 1969 3858">
     <span class='ocr_line' id='line_1_67' title="bbox 392 3786 1969 3858; baseline -0.004 -10"><span class='ocrx_word' id='word_1_504' title='bbox 392 3808 493 3848; x_wconf 89' lang='lat' dir='ltr'><strong>nes</strong></span> <span class='ocrx_word' id='word_1_505' title='bbox 553 3789 825 3855; x_wconf 92' lang='lat' dir='ltr'><strong>incidunt,</strong></span> <span class='ocrx_word' id='word_1_506' title='bbox 878 3790 1252 3853; x_wconf 87' lang='lat' dir='ltr'><strong>securitatem,</strong></span> <span class='ocrx_word' id='word_1_507' title='bbox 1307 3787 1596 3858; x_wconf 92' lang='lat' dir='ltr'><strong>postulasti</strong></span> <span class='ocrx_word' id='word_1_508' title='bbox 1654 3786 1969 3858; x_wconf 88' lang='lat' dir='ltr'><strong>quampiam</strong></span> 
     </span>
    </p>
   </div>
   <div class='ocr_carea' id='block_1_68' title="bbox 391 3878 1972 3950">
    <p class='ocr_par' dir='ltr' id='par_1_68' title="bbox 391 3878 1972 3950">
     <span class='ocr_line' id='line_1_68' title="bbox 391 3878 1972 3950; baseline -0.005 -11"><span class='ocrx_word' id='word_1_509' title='bbox 391 3882 691 3939; x_wconf 90' lang='lat' dir='ltr'><strong>dilucidam</strong></span> <span class='ocrx_word' id='word_1_510' title='bbox 718 3881 1025 3937; x_wconf 86' lang='lat' dir='ltr'><strong>doctrinam</strong></span> <span class='ocrx_word' id='word_1_511' title='bbox 1046 3880 1115 3934; x_wconf 74' lang='lat' dir='ltr'><strong>ile</strong></span> <span class='ocrx_word' id='word_1_512' title='bbox 1144 3880 1196 3934; x_wconf 91' lang='lat' dir='ltr'><strong>vi</strong></span> <span class='ocrx_word' id='word_1_513' title='bbox 1226 3878 1423 3933; x_wconf 85' lang='lat' dir='ltr'><strong>harum</strong></span> <span class='ocrx_word' id='word_1_514' title='bbox 1455 3878 1787 3950; x_wconf 80' lang='lat' dir='ltr'><strong>syllabarum</strong></span> <span class='ocrx_word' id='word_1_515' title='bbox 1819 3878 1972 3933; x_wconf 91' lang='lat' dir='ltr'><strong>evul-</strong></span> 
     </span>
    </p>
   </div>
   <div class='ocr_carea' id='block_1_69' title="bbox 392 3966 1973 4046">
    <p class='ocr_par' dir='ltr' id='par_1_69' title="bbox 392 3966 1973 4046">
     <span class='ocr_line' id='line_1_69' title="bbox 392 3966 1973 4046; baseline -0.004 -19"><span class='ocrx_word' id='word_1_516' title='bbox 392 3974 529 4046; x_wconf 86' lang='lat' dir='ltr'><strong>gari.</strong></span> <span class='ocrx_word' id='word_1_517' title='bbox 557 3972 676 4027; x_wconf 82' lang='lat' dir='ltr'><strong>Jam</strong></span> <span class='ocrx_word' id='word_1_518' title='bbox 707 3972 871 4042; x_wconf 82' lang='lat' dir='ltr'><strong>igitur</strong></span> <span class='ocrx_word' id='word_1_519' title='bbox 897 3971 1055 4026; x_wconf 87' lang='lat' dir='ltr'><strong>nobis</strong></span> <span class='ocrx_word' id='word_1_520' title='bbox 1077 3970 1313 4025; x_wconf 82' lang='lat' dir='ltr'><strong>breviter</strong></span> <span class='ocrx_word' id='word_1_521' title='bbox 1332 3966 1625 4022; x_wconf 89' lang='lat' dir='ltr'><strong>dicendum</strong></span> <span class='ocrx_word' id='word_1_522' title='bbox 1650 3975 1756 4034; x_wconf 89' lang='lat' dir='ltr'><strong>est,</strong></span> <span class='ocrx_word' id='word_1_523' title='bbox 1792 3983 1973 4038; x_wconf 80' lang='lat' dir='ltr'><strong>quan-</strong></span> 
     </span>
    </p>
   </div>
   <div class='ocr_carea' id='block_1_70' title="bbox 393 4059 1972 4131">
    <p class='ocr_par' dir='ltr' id='par_1_70' title="bbox 393 4059 1972 4131">
     <span class='ocr_line' id='line_1_70' title="bbox 393 4059 1972 4131; baseline -0.003 -12"><span class='ocrx_word' id='word_1_524' title='bbox 393 4075 509 4119; x_wconf 90' lang='lat' dir='ltr'><strong>tum</strong></span> <span class='ocrx_word' id='word_1_525' title='bbox 534 4065 770 4120; x_wconf 89' lang='lat' dir='ltr'><strong>orationi</strong></span> <span class='ocrx_word' id='word_1_526' title='bbox 821 4073 1002 4117; x_wconf 89' lang='lat' dir='ltr'><strong>ratum</strong></span> <span class='ocrx_word' id='word_1_527' title='bbox 1045 4060 1324 4131; x_wconf 87' lang='lat' dir='ltr'><strong>quoddam</strong></span> <span class='ocrx_word' id='word_1_528' title='bbox 1354 4067 1410 4115; x_wconf 93' lang='lat' dir='ltr'><strong>et</strong></span> <span class='ocrx_word' id='word_1_529' title='bbox 1437 4060 1776 4131; x_wconf 81' lang='lat' dir='ltr'><strong>exploratum</strong></span> <span class='ocrx_word' id='word_1_530' title='bbox 1814 4059 1972 4131; x_wconf 85' lang='lat' dir='ltr'><strong>prin-</strong></span> 
     </span>
    </p>
   </div>
   <div class='ocr_carea' id='block_1_71' title="bbox 393 4153 1332 4227">
    <p class='ocr_par' dir='ltr' id='par_1_71' title="bbox 393 4153 1332 4227">
     <span class='ocr_line' id='line_1_71' title="bbox 393 4153 1332 4227; baseline -0.005 -15"><span class='ocrx_word' id='word_1_531' title='bbox 393 4157 597 4227; x_wconf 91' lang='lat' dir='ltr'><strong>cipium</strong></span> <span class='ocrx_word' id='word_1_532' title='bbox 630 4155 959 4226; x_wconf 87' lang='lat' dir='ltr'><strong>ponentibus</strong></span> <span class='ocrx_word' id='word_1_533' title='bbox 986 4153 1099 4208; x_wconf 82' lang='lat' dir='ltr'><strong>ﬁeri</strong></span> <span class='ocrx_word' id='word_1_534' title='bbox 1132 4160 1332 4223; x_wconf 85' lang='lat' dir='ltr'><strong>potest.</strong></span> 
     </span>
    </p>
   </div>
   <div class='ocr_carea' id='block_1_72' title="bbox 464 4270 2031 4339">
    <p class='ocr_par' dir='ltr' id='par_1_72' title="bbox 464 4270 2031 4339">
     <span class='ocr_line' id='line_1_72' title="bbox 464 4270 2031 4339; baseline 0.001 -14"><span class='ocrx_word' id='word_1_535' title='bbox 464 4272 508 4304; x_wconf 83' lang='lat'><strong>°&quot;</strong></span> <span class='ocrx_word' id='word_1_536' title='bbox 558 4270 748 4325; x_wconf 84' lang='lat' dir='ltr'><strong>Matth.</strong></span> <span class='ocrx_word' id='word_1_537' title='bbox 780 4289 832 4336; x_wconf 90' lang='lat' dir='ltr'><strong>v,</strong></span> <span class='ocrx_word' id='word_1_538' title='bbox 866 4271 954 4327; x_wconf 81' lang='grc'><strong>18.</strong></span> <span class='ocrx_word' id='word_1_539' title='bbox 1029 4271 1075 4304; x_wconf 79' lang='grc'>⁸⁸</span> <span class='ocrx_word' id='word_1_540' title='bbox 1129 4271 1316 4326; x_wconf 82' lang='lat' dir='ltr'><strong>Matth.</strong></span> <span class='ocrx_word' id='word_1_541' title='bbox 1351 4286 1475 4339; x_wconf 77' lang='lat' dir='ltr'><strong>xm,</strong></span> <span class='ocrx_word' id='word_1_542' title='bbox 1502 4271 1590 4337; x_wconf 76' lang='grc'><strong>51,</strong></span> <span class='ocrx_word' id='word_1_543' title='bbox 1625 4270 1714 4327; x_wconf 76' lang='lat'><strong>&#39;52.</strong></span> <span class='ocrx_word' id='word_1_544' title='bbox 1795 4272 1840 4304; x_wconf 84' lang='grc'><strong>⁶⁹</strong></span> <span class='ocrx_word' id='word_1_545' title='bbox 1886 4270 2031 4327; x_wconf 88' lang='lat' dir='ltr'><strong>Psal.</strong></span> 
     </span>
    </p>
   </div>
   <div class='ocr_carea' id='block_1_73' title="bbox 2078 3120 3663 3195">
    <p class='ocr_par' dir='ltr' id='par_1_73' title="bbox 2078 3120 3663 3195">
     <span class='ocr_line' id='line_1_73' title="bbox 2078 3120 3663 3195; baseline -0.003 -16"><span class='ocrx_word' id='word_1_546' title='bbox 2078 3127 2174 3179; x_wconf 76' lang='grc' dir='ltr'>καὶ</span> <span class='ocrx_word' id='word_1_547' title='bbox 2199 3124 2395 3195; x_wconf 78' lang='grc' dir='ltr'>Πατρὶ,</span> <span class='ocrx_word' id='word_1_548' title='bbox 2423 3123 2517 3176; x_wconf 83' lang='grc' dir='ltr'>νῦν</span> <span class='ocrx_word' id='word_1_549' title='bbox 2555 3122 2654 3191; x_wconf 82' lang='grc' dir='ltr'>μὲν</span> <span class='ocrx_word' id='word_1_550' title='bbox 2698 3120 2834 3191; x_wconf 85' lang='grc' dir='ltr'>μετὰ</span> <span class='ocrx_word' id='word_1_551' title='bbox 2860 3120 2954 3173; x_wconf 84' lang='grc' dir='ltr'><strong>τοῦ</strong></span> <span class='ocrx_word' id='word_1_552' title='bbox 2986 3120 3116 3173; x_wconf 84' lang='grc' dir='ltr'><strong>Υἱοῦ</strong></span> <span class='ocrx_word' id='word_1_553' title='bbox 3147 3122 3242 3173; x_wconf 85' lang='grc' dir='ltr'>σὺν</span> <span class='ocrx_word' id='word_1_554' title='bbox 3276 3120 3354 3191; x_wconf 81' lang='grc' dir='ltr'>τῷ</span> <span class='ocrx_word' id='word_1_555' title='bbox 3380 3121 3663 3192; x_wconf 73' lang='grc' dir='ltr'>Πνεύματι</span> 
     </span>
    </p>
   </div>
   <div class='ocr_carea' id='block_1_74' title="bbox 2045 3211 3667 3288">
    <p class='ocr_par' dir='ltr' id='par_1_74' title="bbox 2045 3211 3667 3288">
     <span class='ocr_line' id='line_1_74' title="bbox 2045 3211 3667 3288; baseline -0.001 -18"><span class='ocrx_word' id='word_1_556' title='bbox 2045 3221 2051 3226; x_wconf 81' lang='grc'><strong>’</strong></span> <span class='ocrx_word' id='word_1_557' title='bbox 2077 3217 2156 3288; x_wconf 78' lang='grc' dir='ltr'><strong>τῷ</strong></span> <span class='ocrx_word' id='word_1_558' title='bbox 2183 3216 2342 3287; x_wconf 85' lang='grc' dir='ltr'>ἁγίῳ,</span> <span class='ocrx_word' id='word_1_559' title='bbox 2376 3215 2471 3269; x_wconf 77' lang='grc' dir='ltr'>νῦν</span> <span class='ocrx_word' id='word_1_560' title='bbox 2505 3214 2562 3267; x_wconf 82' lang='grc' dir='ltr'>δὲ</span> <span class='ocrx_word' id='word_1_561' title='bbox 2600 3214 2689 3267; x_wconf 82' lang='grc' dir='ltr'><strong>διὰ</strong></span> <span class='ocrx_word' id='word_1_562' title='bbox 2717 3212 2809 3267; x_wconf 78' lang='grc' dir='ltr'><strong>τοῦ</strong></span> <span class='ocrx_word' id='word_1_563' title='bbox 2833 3212 2965 3265; x_wconf 81' lang='grc' dir='ltr'>Υίοῦ</span> <span class='ocrx_word' id='word_1_564' title='bbox 2995 3214 3051 3265; x_wconf 86' lang='grc' dir='ltr'><strong>ὲν</strong></span> <span class='ocrx_word' id='word_1_565' title='bbox 3075 3213 3155 3283; x_wconf 80' lang='grc' dir='ltr'>τῷ</span> <span class='ocrx_word' id='word_1_566' title='bbox 3181 3213 3292 3284; x_wconf 68' lang='lat'><strong>(3:2)</strong></span> <span class='ocrx_word' id='word_1_567' title='bbox 3318 3213 3459 3288; x_wconf 81' lang='grc' dir='ltr'>ἁγίῳ</span> <span class='ocrx_word' id='word_1_568' title='bbox 3488 3211 3667 3268; x_wconf 84' lang='grc' dir='ltr'>Πνεύ-</span> 
     </span>
    </p>
   </div>
   <div class='ocr_carea' id='block_1_75' title="bbox 2081 3286 3666 3379">
    <p class='ocr_par' dir='ltr' id='par_1_75' title="bbox 2081 3286 3666 3379">
     <span class='ocr_line' id='line_1_75' title="bbox 2081 3286 3666 3379; baseline -0.003 -19"><span class='ocrx_word' id='word_1_569' title='bbox 2081 3286 2243 3379; x_wconf 84' lang='grc' dir='ltr'>ματι,</span> <span class='ocrx_word' id='word_1_570' title='bbox 2285 3286 2603 3377; x_wconf 67' lang='grc' dir='ltr'>ἐπέσκηψαν</span> <span class='ocrx_word' id='word_1_571' title='bbox 2640 3320 2785 3367; x_wconf 90' lang='grc' dir='ltr'>τινες</span> <span class='ocrx_word' id='word_1_572' title='bbox 2822 3301 2932 3356; x_wconf 82' lang='grc' dir='ltr'><strong>τῶν</strong></span> <span class='ocrx_word' id='word_1_573' title='bbox 2967 3303 3270 3374; x_wconf 87' lang='grc' dir='ltr'>παρόντων,</span> <span class='ocrx_word' id='word_1_574' title='bbox 3322 3286 3666 3369; x_wconf 77' lang='grc' dir='ltr'>ξενιζούσαις</span> 
     </span>
    </p>
   </div>
   <div class='ocr_carea' id='block_1_76' title="bbox 2079 3394 3664 3472">
    <p class='ocr_par' dir='ltr' id='par_1_76' title="bbox 2079 3394 3664 3472">
     <span class='ocr_line' id='line_1_76' title="bbox 2079 3394 3664 3472; baseline -0.001 -20"><span class='ocrx_word' id='word_1_575' title='bbox 2079 3402 2226 3472; x_wconf 78' lang='grc' dir='ltr'>ἡμᾶς</span> <span class='ocrx_word' id='word_1_576' title='bbox 2256 3402 2458 3468; x_wconf 83' lang='grc' dir='ltr'>φωναῖς</span> <span class='ocrx_word' id='word_1_577' title='bbox 2499 3396 2797 3470; x_wconf 80' lang='grc' dir='ltr'>κεχρῆσθαι</span> <span class='ocrx_word' id='word_1_578' title='bbox 2820 3397 3090 3465; x_wconf 82' lang='grc' dir='ltr'>λέγοντες,</span> <span class='ocrx_word' id='word_1_579' title='bbox 3122 3396 3218 3449; x_wconf 60' lang='grc' dir='ltr'><strong>καὶ⁹</strong></span> <span class='ocrx_word' id='word_1_580' title='bbox 3246 3396 3363 3465; x_wconf 74' lang='grc' dir='ltr'><strong>ἅμα</strong></span> <span class='ocrx_word' id='word_1_581' title='bbox 3389 3397 3526 3467; x_wconf 86' lang='grc' dir='ltr'>πρὸς</span> <span class='ocrx_word' id='word_1_582' title='bbox 3565 3394 3664 3450; x_wconf 87' lang='grc' dir='ltr'>ἀλ-</span> 
     </span>
    </p>
   </div>
   <div class='ocr_carea' id='block_1_77' title="bbox 2078 3487 3662 3565">
    <p class='ocr_par' dir='ltr' id='par_1_77' title="bbox 2078 3487 3662 3565">
     <span class='ocr_line' id='line_1_77' title="bbox 2078 3487 3662 3565; baseline -0.003 -20"><span class='ocrx_word' id='word_1_583' title='bbox 2078 3492 2245 3565; x_wconf 78' lang='grc' dir='ltr'>λήλας</span> <span class='ocrx_word' id='word_1_584' title='bbox 2271 3492 2611 3555; x_wconf 82' lang='grc' dir='ltr'>ὑπεναντίως</span> <span class='ocrx_word' id='word_1_585' title='bbox 2644 3491 2918 3562; x_wconf 78' lang='grc' dir='ltr'>ἐχούσαις.</span> <span class='ocrx_word' id='word_1_586' title='bbox 2963 3490 3035 3544; x_wconf 84' lang='grc' dir='ltr'><strong>Σὺ</strong></span> <span class='ocrx_word' id='word_1_587' title='bbox 3072 3489 3127 3543; x_wconf 84' lang='grc' dir='ltr'><strong>δὲ</strong></span> <span class='ocrx_word' id='word_1_588' title='bbox 3160 3488 3395 3560; x_wconf 81' lang='grc' dir='ltr'>μάλιστα</span> <span class='ocrx_word' id='word_1_589' title='bbox 3428 3487 3526 3559; x_wconf 75' lang='grc' dir='ltr'>μὲν</span> <span class='ocrx_word' id='word_1_590' title='bbox 3554 3487 3662 3556; x_wconf 69' lang='grc' dir='ltr'>τῆς</span> 
     </span>
    </p>
   </div>
   <div class='ocr_carea' id='block_1_78' title="bbox 2077 3580 3660 3651">
    <p class='ocr_par' dir='ltr' id='par_1_78' title="bbox 2077 3580 3660 3651">
     <span class='ocr_line' id='line_1_78' title="bbox 2077 3580 3660 3651; baseline -0.004 -13"><span class='ocrx_word' id='word_1_591' title='bbox 2077 3584 2258 3640; x_wconf 76' lang='grc' dir='ltr'>αὐτῶν</span> <span class='ocrx_word' id='word_1_592' title='bbox 2327 3584 2552 3637; x_wconf 77' lang='grc' dir='ltr'>ἐκείνων</span> <span class='ocrx_word' id='word_1_593' title='bbox 2615 3582 2801 3637; x_wconf 71' lang='grc' dir='ltr'>ἕνεκεν</span> <span class='ocrx_word' id='word_1_594' title='bbox 2867 3581 3156 3651; x_wconf 84' lang='grc' dir='ltr'>ὠφελείας,</span> <span class='ocrx_word' id='word_1_595' title='bbox 3211 3583 3261 3633; x_wconf 90' lang='grc' dir='ltr'>εί</span> <span class='ocrx_word' id='word_1_596' title='bbox 3311 3580 3369 3633; x_wconf 87' lang='grc' dir='ltr'>δὲ</span> <span class='ocrx_word' id='word_1_597' title='bbox 3420 3580 3660 3644; x_wconf 82' lang='grc' dir='ltr'>ἀνιάτως</span> 
     </span>
    </p>
   </div>
   <div class='ocr_carea' id='block_1_79' title="bbox 2078 3673 3658 3748">
    <p class='ocr_par' dir='ltr' id='par_1_79' title="bbox 2078 3673 3658 3748">
     <span class='ocr_line' id='line_1_79' title="bbox 2078 3673 3658 3748; baseline -0.004 -17"><span class='ocrx_word' id='word_1_598' title='bbox 2078 3677 2262 3748; x_wconf 76' lang='grc' dir='ltr'>ἔχουσι</span> <span class='ocrx_word' id='word_1_599' title='bbox 2291 3676 2593 3743; x_wconf 83' lang='grc' dir='ltr'>παντελῶς,</span> <span class='ocrx_word' id='word_1_600' title='bbox 2633 3676 2722 3730; x_wconf 89' lang='grc' dir='ltr'><strong>διά</strong></span> <span class='ocrx_word' id='word_1_601' title='bbox 2750 3675 2811 3728; x_wconf 85' lang='grc' dir='ltr'><strong>τὸ</strong></span> <span class='ocrx_word' id='word_1_602' title='bbox 2839 3675 2951 3729; x_wconf 85' lang='grc' dir='ltr'><strong>τῶν</strong></span> <span class='ocrx_word' id='word_1_603' title='bbox 2992 3673 3427 3745; x_wconf 74' lang='grc' dir='ltr'>ἐντυγχανόντων</span> <span class='ocrx_word' id='word_1_604' title='bbox 3469 3674 3658 3737; x_wconf 81' lang='grc' dir='ltr'>αὐτοῖς</span> 
     </span>
    </p>
   </div>
   <div class='ocr_carea' id='block_1_80' title="bbox 2073 3765 3660 3840">
    <p class='ocr_par' dir='ltr' id='par_1_80' title="bbox 2073 3765 3660 3840">
     <span class='ocr_line' id='line_1_80' title="bbox 2073 3765 3660 3840; baseline -0.003 -17"><span class='ocrx_word' id='word_1_605' title='bbox 2073 3770 2312 3840; x_wconf 77' lang='grc' dir='ltr'>ἀσφαλὲς</span> <span class='ocrx_word' id='word_1_606' title='bbox 2354 3769 2596 3840; x_wconf 75' lang='grc' dir='ltr'>ἠξίωσας</span> <span class='ocrx_word' id='word_1_607' title='bbox 2650 3785 2775 3821; x_wconf 91' lang='grc' dir='ltr'>τινα</span> <span class='ocrx_word' id='word_1_608' title='bbox 2831 3768 3059 3839; x_wconf 84' lang='grc' dir='ltr'>εὐκρινῆ</span> <span class='ocrx_word' id='word_1_609' title='bbox 3105 3766 3235 3837; x_wconf 73' lang='grc' dir='ltr'>περὶ</span> <span class='ocrx_word' id='word_1_610' title='bbox 3275 3766 3372 3836; x_wconf 76' lang='grc' dir='ltr'>τῆς</span> <span class='ocrx_word' id='word_1_611' title='bbox 3422 3765 3481 3817; x_wconf 79' lang='grc' dir='ltr'><strong>ὲν</strong></span> <span class='ocrx_word' id='word_1_612' title='bbox 3534 3766 3660 3830; x_wconf 77' lang='grc' dir='ltr'>ταῖς</span> 
     </span>
    </p>
   </div>
   <div class='ocr_carea' id='block_1_81' title="bbox 2074 3850 3657 3923">
    <p class='ocr_par' dir='ltr' id='par_1_81' title="bbox 2074 3850 3657 3923">
     <span class='ocr_line' id='line_1_81' title="bbox 2074 3850 3657 3923; baseline -0.003 -15"><span class='ocrx_word' id='word_1_613' title='bbox 2074 3855 2365 3918; x_wconf 77' lang='grc' dir='ltr'>συλλαϐαῖς</span> <span class='ocrx_word' id='word_1_614' title='bbox 2415 3853 2641 3916; x_wconf 85' lang='grc' dir='ltr'>ταύταις</span> <span class='ocrx_word' id='word_1_615' title='bbox 2677 3852 2962 3923; x_wconf 82' lang='grc' dir='ltr'>δυνάμεως</span> <span class='ocrx_word' id='word_1_616' title='bbox 3011 3850 3361 3905; x_wconf 89' lang='grc' dir='ltr'>διδασκαλίαν</span> <span class='ocrx_word' id='word_1_617' title='bbox 3399 3851 3657 3921; x_wconf 79' lang='grc' dir='ltr'>ἐκφωνη-</span> 
     </span>
    </p>
   </div>
   <div class='ocr_carea' id='block_1_82' title="bbox 2072 3936 3656 4019">
    <p class='ocr_par' dir='ltr' id='par_1_82' title="bbox 2072 3936 3656 4019">
     <span class='ocr_line' id='line_1_82' title="bbox 2072 3936 3656 4019; baseline -0.004 -18"><span class='ocrx_word' id='word_1_618' title='bbox 2072 3947 2249 4019; x_wconf 80' lang='grc' dir='ltr'>Θῆναι.</span> <span class='ocrx_word' id='word_1_619' title='bbox 2278 3947 2510 4001; x_wconf 82' lang='grc' dir='ltr'>Λεκτέον</span> <span class='ocrx_word' id='word_1_620' title='bbox 2533 3946 2597 4017; x_wconf 82' lang='grc' dir='ltr'><strong>δὴ</strong></span> <span class='ocrx_word' id='word_1_621' title='bbox 2623 3940 2716 3999; x_wconf 81' lang='grc' dir='ltr'><strong>οὖν</strong></span> <span class='ocrx_word' id='word_1_622' title='bbox 2744 3947 2878 4016; x_wconf 77' lang='grc' dir='ltr'><strong>ἡμῖν</strong></span> <span class='ocrx_word' id='word_1_623' title='bbox 2906 3944 2993 3997; x_wconf 73' lang='grc' dir='ltr'>διὰ</span> <span class='ocrx_word' id='word_1_624' title='bbox 3033 3943 3303 4014; x_wconf 79' lang='grc' dir='ltr'>βραχέων,</span> <span class='ocrx_word' id='word_1_625' title='bbox 3330 3944 3407 4006; x_wconf 86' lang='grc' dir='ltr'><strong>ὡς</strong></span> <span class='ocrx_word' id='word_1_626' title='bbox 3440 3936 3552 3996; x_wconf 78' lang='grc' dir='ltr'>οἷόν</span> <span class='ocrx_word' id='word_1_627' title='bbox 3590 3958 3656 3995; x_wconf 66' lang='grc' dir='ltr'><strong>τε</strong></span> 
     </span>
    </p>
   </div>
   <div class='ocr_carea' id='block_1_83' title="bbox 2070 4035 3582 4115">
    <p class='ocr_par' dir='ltr' id='par_1_83' title="bbox 2070 4035 3582 4115">
     <span class='ocr_line' id='line_1_83' title="bbox 2070 4035 3582 4115; baseline -0.003 -19"><span class='ocrx_word' id='word_1_628' title='bbox 2070 4043 2245 4115; x_wconf 84' lang='grc' dir='ltr'>ἀρχήν</span> <span class='ocrx_word' id='word_1_629' title='bbox 2265 4057 2386 4097; x_wconf 80' lang='grc' dir='ltr'>τινα</span> <span class='ocrx_word' id='word_1_630' title='bbox 2412 4039 2852 4112; x_wconf 82' lang='grc' dir='ltr'>ὁμολογουμένην</span> <span class='ocrx_word' id='word_1_631' title='bbox 2883 4036 2961 4109; x_wconf 81' lang='grc' dir='ltr'>τῷ</span> <span class='ocrx_word' id='word_1_632' title='bbox 2986 4038 3131 4109; x_wconf 83' lang='grc' dir='ltr'>λόγῳ</span> <span class='ocrx_word' id='word_1_633' title='bbox 3170 4037 3418 4101; x_wconf 89' lang='grc' dir='ltr'>διδόντας</span> <span class='ocrx_word' id='word_1_634' title='bbox 3446 4035 3582 4108; x_wconf 74' lang='grc'><strong>(55).</strong></span> 
     </span>
    </p>
   </div>
   <div class='ocr_carea' id='block_1_84' title="bbox 2072 4270 2380 4333">
    <p class='ocr_par' dir='ltr' id='par_1_84' title="bbox 2072 4270 2380 4333">
     <span class='ocr_line' id='line_1_84' title="bbox 2072 4270 2380 4333; baseline -0.006 -8"><span class='ocrx_word' id='word_1_635' title='bbox 2072 4286 2260 4333; x_wconf 75' lang='lat' dir='ltr'><strong>cxvut,</strong></span> <span class='ocrx_word' id='word_1_636' title='bbox 2291 4270 2380 4325; x_wconf 76' lang='lat'><strong>83.</strong></span> 
     </span>
    </p>
   </div>
   <div class='ocr_carea' id='block_1_85' title="bbox 464 4422 1971 4509">
    <p class='ocr_par' dir='ltr' id='par_1_85' title="bbox 464 4425 1967 4509">
     <span class='ocr_line' id='line_1_85' title="bbox 464 4425 1967 4509; baseline -0.033 36"><span class='ocrx_word' id='word_1_637' title='bbox 464 4426 788 4509; x_wconf 47' lang='lat' dir='ltr'><strong>(as-WE“</strong></span> <span class='ocrx_word' id='word_1_638' title='bbox 820 4425 955 4509; x_wconf 65' lang='grc' dir='ltr'><strong>μέν·</strong></span> <span class='ocrx_word' id='word_1_639' title='bbox 988 4426 1124 4509; x_wconf 72' lang='grc' dir='ltr'>¹Ξθεο</span> <span class='ocrx_word' id='word_1_640' title='bbox 1153 4425 1552 4509; x_wconf 37' lang='lat' dir='ltr'><strong>Pariusve?“</strong></span> <span class='ocrx_word' id='word_1_641' title='bbox 1591 4425 1689 4509; x_wconf 67' lang='lat' dir='ltr'><strong>ev</strong></span> <span class='ocrx_word' id='word_1_642' title='bbox 1717 4425 1967 4509; x_wconf 58' lang='grc' dir='ltr'><strong>ἀνωφελῆ</strong></span> 
     </span>
    </p>
   </div>
   <div class='ocr_carea' id='block_1_86' title="bbox 2079 4422 3649 4509">
    <p class='ocr_par' dir='ltr' id='par_1_86' title="bbox 2079 4422 3649 4509">
     <span class='ocr_line' id='line_1_86' title="bbox 2079 4422 3649 4509; baseline -0.001 -31"><span class='ocrx_word' id='word_1_643' title='bbox 2079 4426 2386 4509; x_wconf 59' lang='lat' dir='ltr'><strong>interponit,</strong></span> <span class='ocrx_word' id='word_1_644' title='bbox 2420 4425 2517 4509; x_wconf 62' lang='grc' dir='ltr'><strong>σὺν</strong></span> <span class='ocrx_word' id='word_1_645' title='bbox 2550 4425 2689 4509; x_wconf 49' lang='grc' dir='ltr'><strong>θεῷ.</strong></span> <span class='ocrx_word' id='word_1_646' title='bbox 2716 4425 2760 4478; x_wconf 81' lang='grc' dir='ltr'>δ’</span> <span class='ocrx_word' id='word_1_647' title='bbox 2792 4425 3074 4509; x_wconf 31' lang='grc' dir='ltr'><strong>εἰρήισιθωη</strong></span> <span class='ocrx_word' id='word_1_648' title='bbox 3098 4424 3236 4509; x_wconf 57' lang='lat' dir='ltr'><strong>quod</strong></span> <span class='ocrx_word' id='word_1_649' title='bbox 3266 4422 3473 4509; x_wconf 68' lang='lat' dir='ltr'><strong>quidem</strong></span> <span class='ocrx_word' id='word_1_650' title='bbox 3528 4440 3649 4509; x_wconf 71' lang='lat' dir='ltr'><strong>cunt</strong></span> 
     </span>
    </p>
   </div>
   <div class='ocr_carea' id='block_1_87' title="bbox 391 4495 1967 4570">
    <p class='ocr_par' dir='ltr' id='par_1_87' title="bbox 391 4495 1967 4570">
     <span class='ocr_line' id='line_1_87' title="bbox 391 4495 1967 4570; baseline -0.001 -21"><span class='ocrx_word' id='word_1_651' title='bbox 391 4495 606 4570; x_wconf 73' lang='grc' dir='ltr'>καρπὸν</span> <span class='ocrx_word' id='word_1_652' title='bbox 629 4495 723 4570; x_wconf 72' lang='grc' dir='ltr'><strong>τού</strong></span> <span class='ocrx_word' id='word_1_653' title='bbox 761 4495 978 4570; x_wconf 25' lang='grc' dir='ltr'>γελοίου.</span> <span class='ocrx_word' id='word_1_654' title='bbox 1003 4495 1305 4567; x_wconf 85' lang='grc' dir='ltr'>δρεπέσθω.</span> <span class='ocrx_word' id='word_1_655' title='bbox 1340 4495 1565 4570; x_wconf 78' lang='lat' dir='ltr'><strong>Videtur</strong></span> <span class='ocrx_word' id='word_1_656' title='bbox 1611 4495 1967 4570; x_wconf 33' lang='lat' dir='ltr'><strong>Erasmtts‘ita&#39;</strong></span> 
     </span>
    </p>
   </div>
   <div class='ocr_carea' id='block_1_88' title="bbox 394 4564 1968 4638">
    <p class='ocr_par' dir='ltr' id='par_1_88' title="bbox 394 4564 1968 4638">
     <span class='ocr_line' id='line_1_88' title="bbox 394 4564 1968 4638; baseline -0.003 -16"><span class='ocrx_word' id='word_1_657' title='bbox 394 4564 593 4638; x_wconf 65' lang='lat' dir='ltr'><strong>legisse</strong></span> <span class='ocrx_word' id='word_1_658' title='bbox 618 4583 631 4631; x_wconf 89' lang='lat'>;</span> <span class='ocrx_word' id='word_1_659' title='bbox 674 4567 755 4621; x_wconf 89' lang='lat' dir='ltr'><strong>sie</strong></span> <span class='ocrx_word' id='word_1_660' title='bbox 776 4564 948 4638; x_wconf 19' lang='lat' dir='ltr'><strong>enim;</strong></span> <span class='ocrx_word' id='word_1_661' title='bbox 968 4564 1359 4635; x_wconf 81' lang='lat' dir='ltr'><strong>interpretatur</strong></span> <span class='ocrx_word' id='word_1_662' title='bbox 1384 4584 1397 4619; x_wconf 91' lang='lat'><strong>:</strong></span> <span class='ocrx_word' id='word_1_663' title='bbox 1423 4565 1541 4634; x_wconf 76' lang='lat' dir='ltr'><strong>Ipse</strong></span> <span class='ocrx_word' id='word_1_664' title='bbox 1569 4564 1776 4636; x_wconf 80' lang='lat' dir='ltr'><strong>quidem</strong></span> <span class='ocrx_word' id='word_1_665' title='bbox 1795 4565 1968 4634; x_wconf 77' lang='lat' dir='ltr'><strong>infru-</strong></span> 
     </span>
    </p>
   </div>
   <div class='ocr_carea' id='block_1_89' title="bbox 391 4636 1363 4711">
    <p class='ocr_par' dir='ltr' id='par_1_89' title="bbox 391 4636 1363 4711">
     <span class='ocr_line' id='line_1_89' title="bbox 391 4636 1363 4711; baseline -0.003 -19"><span class='ocrx_word' id='word_1_666' title='bbox 391 4636 620 4711; x_wconf 72' lang='lat' dir='ltr'><strong>gt&#39;ferum</strong></span> <span class='ocrx_word' id='word_1_667' title='bbox 650 4638 787 4711; x_wconf 61' lang='lat' dir='ltr'><strong>risit;</strong></span> <span class='ocrx_word' id='word_1_668' title='bbox 816 4638 899 4691; x_wconf 76' lang='lat' dir='ltr'><strong>sui</strong></span> <span class='ocrx_word' id='word_1_669' title='bbox 922 4636 1363 4711; x_wconf 51' lang='lat' dir='ltr'><strong>{rqctumgtetah</strong></span> 
     </span>
    </p>
   </div>
   <div class='ocr_carea' id='block_1_90' title="bbox 463 4705 1965 4779">
    <p class='ocr_par' dir='ltr' id='par_1_90' title="bbox 463 4705 1965 4779">
     <span class='ocr_line' id='line_1_90' title="bbox 463 4705 1965 4779; baseline -0.001 -17"><span class='ocrx_word' id='word_1_670' title='bbox 463 4709 575 4779; x_wconf 77' lang='lat'><strong>(29)</strong></span> <span class='ocrx_word' id='word_1_671' title='bbox 607 4705 1130 4779; x_wconf 24' lang='lat' dir='ltr'><strong>Eur6t8pAWVdiﬂt.</strong></span> <span class='ocrx_word' id='word_1_672' title='bbox 1167 4705 1277 4759; x_wconf 87' lang='lat' dir='ltr'><strong>Hac</strong></span> <span class='ocrx_word' id='word_1_673' title='bbox 1311 4720 1445 4779; x_wconf 89' lang='lat' dir='ltr'><strong>voce</strong></span> <span class='ocrx_word' id='word_1_674' title='bbox 1477 4705 1713 4779; x_wconf 64' lang='lat' dir='ltr'><strong>Basilius</strong></span> <span class='ocrx_word' id='word_1_675' title='bbox 1739 4721 1846 4759; x_wconf 93' lang='lat' dir='ltr'><strong>non</strong></span> <span class='ocrx_word' id='word_1_676' title='bbox 1870 4705 1965 4760; x_wconf 89' lang='lat' dir='ltr'><strong>ad-</strong></span> 
     </span>
    </p>
   </div>
   <div class='ocr_carea' id='block_1_91' title="bbox 390 4775 1962 4848">
    <p class='ocr_par' dir='ltr' id='par_1_91' title="bbox 390 4775 1962 4848">
     <span class='ocr_line' id='line_1_91' title="bbox 390 4775 1962 4848; baseline -0.003 -15"><span class='ocrx_word' id='word_1_677' title='bbox 390 4775 626 4848; x_wconf 73' lang='lat' dir='ltr'><strong>iutorem</strong></span> <span class='ocrx_word' id='word_1_678' title='bbox 665 4786 719 4848; x_wconf 85' lang='lat' dir='ltr'><strong>e_t</strong></span> <span class='ocrx_word' id='word_1_679' title='bbox 750 4776 979 4848; x_wconf 78' lang='lat' dir='ltr'><strong>socium</strong></span> <span class='ocrx_word' id='word_1_680' title='bbox 1008 4777 1240 4848; x_wconf 76' lang='lat' dir='ltr'><strong>aliquem</strong></span> <span class='ocrx_word' id='word_1_681' title='bbox 1273 4778 1456 4845; x_wconf 88' lang='lat' dir='ltr'><strong>operis</strong></span> <span class='ocrx_word' id='word_1_682' title='bbox 1486 4775 1757 4845; x_wconf 89' lang='lat' dir='ltr'><strong>designat,</strong></span> <span class='ocrx_word' id='word_1_683' title='bbox 1785 4785 1841 4830; x_wconf 92' lang='lat' dir='ltr'><strong>ut</strong></span> <span class='ocrx_word' id='word_1_684' title='bbox 1867 4792 1962 4848; x_wconf 87' lang='lat' dir='ltr'><strong>su-</strong></span> 
     </span>
    </p>
   </div>
   <div class='ocr_carea' id='block_1_92' title="bbox 395 4846 1960 4919">
    <p class='ocr_par' dir='ltr' id='par_1_92' title="bbox 395 4846 1960 4919">
     <span class='ocr_line' id='line_1_92' title="bbox 395 4846 1960 4919; baseline -0.001 -17"><span class='ocrx_word' id='word_1_685' title='bbox 395 4846 638 4919; x_wconf 81' lang='lat' dir='ltr'><strong>spicatur</strong></span> <span class='ocrx_word' id='word_1_686' title='bbox 672 4846 1074 4919; x_wconf 81' lang='lat' dir='ltr'><strong>Tillemontius,</strong></span> <span class='ocrx_word' id='word_1_687' title='bbox 1101 4846 1195 4899; x_wconf 90' lang='lat' dir='ltr'><strong>sed</strong></span> <span class='ocrx_word' id='word_1_688' title='bbox 1224 4846 1479 4919; x_wconf 82' lang='lat' dir='ltr'><strong>lectorem</strong></span> <span class='ocrx_word' id='word_1_689' title='bbox 1513 4848 1841 4912; x_wconf 75' lang='lat' dir='ltr'><strong>studiosum,</strong></span> <span class='ocrx_word' id='word_1_690' title='bbox 1873 4847 1960 4900; x_wconf 73' lang='lat' dir='ltr'><strong>id~</strong></span> 
     </span>
    </p>
   </div>
   <div class='ocr_carea' id='block_1_93' title="bbox 394 4915 1397 4989">
    <p class='ocr_par' dir='ltr' id='par_1_93' title="bbox 394 4915 1397 4989">
     <span class='ocr_line' id='line_1_93' title="bbox 394 4915 1397 4989; baseline -0.002 -17"><span class='ocrx_word' id='word_1_691' title='bbox 394 4915 501 4989; x_wconf 47' lang='lat' dir='ltr'><strong>q&#39;ue</strong></span> <span class='ocrx_word' id='word_1_692' title='bbox 531 4919 691 4989; x_wconf 87' lang='lat' dir='ltr'><strong>paulo</strong></span> <span class='ocrx_word' id='word_1_693' title='bbox 716 4915 1104 4989; x_wconf 12' lang='lat' dir='ltr'><strong>postideelarat</strong></span> <span class='ocrx_word' id='word_1_694' title='bbox 1134 4917 1397 4989; x_wconf 79' lang='lat' dir='ltr'><strong>apertius.</strong></span> 
     </span>
    </p>
   </div>
   <div class='ocr_carea' id='block_1_94' title="bbox 466 4984 1958 5070">
    <p class='ocr_par' dir='ltr' id='par_1_94' title="bbox 466 4984 1958 5070">
     <span class='ocr_line' id='line_1_94' title="bbox 466 4984 1958 5070; baseline 0.001 -28"><span class='ocrx_word' id='word_1_695' title='bbox 466 4984 577 5070; x_wconf 75' lang='lat'><strong>(&#39;50)</strong></span> <span class='ocrx_word' id='word_1_696' title='bbox 614 4984 737 5041; x_wconf 70' lang='grc' dir='ltr'><strong>Σὺιῖ-</strong></span> <span class='ocrx_word' id='word_1_697' title='bbox 766 4985 1050 5070; x_wconf 16' lang='grc' dir='ltr'><strong>ναὺτῷχε,</strong></span> <span class='ocrx_word' id='word_1_698' title='bbox 1083 4984 1298 5070; x_wconf 39' lang='grc' dir='ltr'>φέναι,</span> <span class='ocrx_word' id='word_1_699' title='bbox 1325 4986 1415 5040; x_wconf 87' lang='lat' dir='ltr'><strong>Sic</strong></span> <span class='ocrx_word' id='word_1_700' title='bbox 1453 4985 1633 5067; x_wconf 80' lang='lat' dir='ltr'><strong>reddit</strong></span> <span class='ocrx_word' id='word_1_701' title='bbox 1663 4984 1958 5070; x_wconf 59' lang='lat' dir='ltr'><strong>Erasmus,</strong></span> 
     </span>
    </p>
   </div>
   <div class='ocr_carea' id='block_1_95' title="bbox 395 5055 1962 5127">
    <p class='ocr_par' dir='ltr' id='par_1_95' title="bbox 395 5055 1962 5127">
     <span class='ocr_line' id='line_1_95' title="bbox 395 5055 1962 5127; baseline -0.001 -15"><span class='ocrx_word' id='word_1_702' title='bbox 395 5055 514 5112; x_wconf 74' lang='lat' dir='ltr'><strong>cum</strong></span> <span class='ocrx_word' id='word_1_703' title='bbox 548 5055 683 5127; x_wconf 69' lang='lat' dir='ltr'><strong>ipso,</strong></span> <span class='ocrx_word' id='word_1_704' title='bbox 720 5068 778 5111; x_wconf 78' lang='lat' dir='ltr'><strong>ut</strong></span> <span class='ocrx_word' id='word_1_705' title='bbox 805 5060 881 5110; x_wconf 85' lang='lat' dir='ltr'><strong>ita</strong></span> <span class='ocrx_word' id='word_1_706' title='bbox 899 5055 1101 5122; x_wconf 68' lang='lat' dir='ltr'><strong>dicam,</strong></span> <span class='ocrx_word' id='word_1_707' title='bbox 1134 5055 1367 5123; x_wconf 78' lang='lat' dir='ltr'><strong>Spiritu;</strong></span> <span class='ocrx_word' id='word_1_708' title='bbox 1393 5057 1547 5125; x_wconf 89' lang='lat' dir='ltr'><strong>quasi</strong></span> <span class='ocrx_word' id='word_1_709' title='bbox 1573 5058 1962 5127; x_wconf 65' lang='lat' dir='ltr'><strong>tnetueretlia-</strong></span> 
     </span>
    </p>
   </div>
   <div class='ocr_carea' id='block_1_96' title="bbox 396 5126 1959 5196">
    <p class='ocr_par' dir='ltr' id='par_1_96' title="bbox 396 5126 1959 5196">
     <span class='ocr_line' id='line_1_96' title="bbox 396 5126 1959 5196; baseline -0.002 -12"><span class='ocrx_word' id='word_1_710' title='bbox 396 5126 653 5184; x_wconf 29' lang='lat' dir='ltr'><strong>silius’ne</strong></span> <span class='ocrx_word' id='word_1_711' title='bbox 687 5129 847 5196; x_wconf 90' lang='lat' dir='ltr'><strong>paulo</strong></span> <span class='ocrx_word' id='word_1_712' title='bbox 885 5127 1146 5181; x_wconf 84' lang='lat' dir='ltr'><strong>audacior</strong></span> <span class='ocrx_word' id='word_1_713' title='bbox 1190 5127 1303 5180; x_wconf 68' lang='lat' dir='ltr'><strong>haec</strong></span> <span class='ocrx_word' id='word_1_714' title='bbox 1349 5127 1605 5196; x_wconf 78' lang='lat' dir='ltr'><strong>loquendi</strong></span> <span class='ocrx_word' id='word_1_715' title='bbox 1637 5128 1775 5180; x_wconf 89' lang='lat' dir='ltr'><strong>ratio</strong></span> <span class='ocrx_word' id='word_1_716' title='bbox 1806 5126 1959 5181; x_wconf 87' lang='lat' dir='ltr'><strong>vide-</strong></span> 
     </span>
    </p>
   </div>
   <div class='ocr_carea' id='block_1_97' title="bbox 398 5195 1959 5264">
    <p class='ocr_par' dir='ltr' id='par_1_97' title="bbox 398 5195 1959 5264">
     <span class='ocr_line' id='line_1_97' title="bbox 398 5195 1959 5264; baseline -0.001 -13"><span class='ocrx_word' id='word_1_717' title='bbox 398 5206 565 5253; x_wconf 86' lang='lat' dir='ltr'><strong>retur.</strong></span> <span class='ocrx_word' id='word_1_718' title='bbox 600 5195 727 5251; x_wconf 77' lang='lat' dir='ltr'><strong>Visa</strong></span> <span class='ocrx_word' id='word_1_719' title='bbox 770 5206 856 5254; x_wconf 89' lang='lat' dir='ltr'><strong>est</strong></span> <span class='ocrx_word' id='word_1_720' title='bbox 883 5196 1212 5258; x_wconf 79' lang='lat' dir='ltr'><strong>Combelisio</strong></span> <span class='ocrx_word' id='word_1_721' title='bbox 1241 5196 1387 5251; x_wconf 80' lang='lat' dir='ltr'><strong>rudis</strong></span> <span class='ocrx_word' id='word_1_722' title='bbox 1423 5195 1645 5249; x_wconf 77' lang='lat' dir='ltr'><strong>Erasmi</strong></span> <span class='ocrx_word' id='word_1_723' title='bbox 1670 5198 1959 5264; x_wconf 74' lang='lat' dir='ltr'><strong>expressio,</strong></span> 
     </span>
    </p>
   </div>
   <div class='ocr_carea' id='block_1_98' title="bbox 396 5266 1958 5337">
    <p class='ocr_par' dir='ltr' id='par_1_98' title="bbox 396 5266 1958 5337">
     <span class='ocr_line' id='line_1_98' title="bbox 396 5266 1958 5337; baseline 0.002 -16"><span class='ocrx_word' id='word_1_724' title='bbox 396 5283 460 5337; x_wconf 79' lang='lat' dir='ltr'><strong>ac</strong></span> <span class='ocrx_word' id='word_1_725' title='bbox 496 5268 628 5321; x_wconf 89' lang='lat' dir='ltr'><strong>illud</strong></span> <span class='ocrx_word' id='word_1_726' title='bbox 659 5266 821 5336; x_wconf 83' lang='grc' dir='ltr'>φάναι</span> <span class='ocrx_word' id='word_1_727' title='bbox 853 5268 907 5321; x_wconf 94' lang='lat' dir='ltr'><strong>in</strong></span> <span class='ocrx_word' id='word_1_728' title='bbox 945 5266 1211 5337; x_wconf 89' lang='lat' dir='ltr'><strong>ejusmodi</strong></span> <span class='ocrx_word' id='word_1_729' title='bbox 1246 5267 1380 5321; x_wconf 90' lang='lat' dir='ltr'><strong>locis</strong></span> <span class='ocrx_word' id='word_1_730' title='bbox 1405 5281 1596 5337; x_wconf 77' lang='lat' dir='ltr'><strong>vacare</strong></span> <span class='ocrx_word' id='word_1_731' title='bbox 1624 5268 1958 5337; x_wconf 86' lang='lat' dir='ltr'><strong>pronuntiat.</strong></span> 
     </span>
    </p>
   </div>
   <div class='ocr_carea' id='block_1_99' title="bbox 396 5335 1962 5407">
    <p class='ocr_par' dir='ltr' id='par_1_99' title="bbox 396 5335 1962 5407">
     <span class='ocr_line' id='line_1_99' title="bbox 396 5335 1962 5407; baseline -0.003 -14"><span class='ocrx_word' id='word_1_732' title='bbox 396 5335 503 5393; x_wconf 88' lang='lat' dir='ltr'><strong>Sed</strong></span> <span class='ocrx_word' id='word_1_733' title='bbox 528 5335 698 5392; x_wconf 87' lang='lat' dir='ltr'><strong>multo</strong></span> <span class='ocrx_word' id='word_1_734' title='bbox 741 5338 921 5392; x_wconf 90' lang='lat' dir='ltr'><strong>minus</strong></span> <span class='ocrx_word' id='word_1_735' title='bbox 953 5335 1083 5391; x_wconf 84' lang='lat' dir='ltr'><strong>mihi</strong></span> <span class='ocrx_word' id='word_1_736' title='bbox 1128 5336 1734 5407; x_wconf 46' lang='lat' dir='ltr'><strong>probatutﬁCombelisii</strong></span> <span class='ocrx_word' id='word_1_737' title='bbox 1776 5339 1962 5390; x_wconf 88' lang='lat' dir='ltr'><strong>obser-</strong></span> 
     </span>
    </p>
   </div>
   <div class='ocr_carea' id='block_1_100' title="bbox 288 5405 1959 5477">
    <p class='ocr_par' dir='ltr' id='par_1_100' title="bbox 288 5405 1959 5477">
     <span class='ocr_line' id='line_1_100' title="bbox 288 5405 1959 5477; baseline -0.001 -16"><span class='ocrx_word' id='word_1_738' title='bbox 288 5423 305 5430; x_wconf 82' lang='lat'><strong><em>&#39;</em></strong></span> <span class='ocrx_word' id='word_1_739' title='bbox 396 5410 562 5472; x_wconf 87' lang='lat' dir='ltr'><strong>vatio,</strong></span> <span class='ocrx_word' id='word_1_740' title='bbox 586 5422 748 5477; x_wconf 91' lang='lat' dir='ltr'><strong>quam</strong></span> <span class='ocrx_word' id='word_1_741' title='bbox 781 5407 952 5475; x_wconf 88' lang='lat' dir='ltr'><strong>ipsius</strong></span> <span class='ocrx_word' id='word_1_742' title='bbox 985 5405 1359 5476; x_wconf 77' lang='lat' dir='ltr'><strong>interpretatio</strong></span> <span class='ocrx_word' id='word_1_743' title='bbox 1398 5406 1630 5477; x_wconf 77' lang='lat' dir='ltr'><strong>Erasnti.</strong></span> <span class='ocrx_word' id='word_1_744' title='bbox 1666 5405 1786 5461; x_wconf 88' lang='lat' dir='ltr'><strong>Non</strong></span> <span class='ocrx_word' id='word_1_745' title='bbox 1814 5407 1959 5461; x_wconf 90' lang='lat' dir='ltr'><strong>enim</strong></span> 
     </span>
    </p>
   </div>
   <div class='ocr_carea' id='block_1_101' title="bbox 393 5476 1958 5546">
    <p class='ocr_par' dir='ltr' id='par_1_101' title="bbox 393 5476 1958 5546">
     <span class='ocr_line' id='line_1_101' title="bbox 393 5476 1958 5546; baseline -0.001 -13"><span class='ocrx_word' id='word_1_746' title='bbox 393 5481 569 5533; x_wconf 85' lang='lat' dir='ltr'><strong>otiose</strong></span> <span class='ocrx_word' id='word_1_747' title='bbox 596 5476 835 5546; x_wconf 85' lang='lat' dir='ltr'><strong>positum</strong></span> <span class='ocrx_word' id='word_1_748' title='bbox 861 5492 1004 5539; x_wconf 90' lang='lat' dir='ltr'><strong>esse,</strong></span> <span class='ocrx_word' id='word_1_749' title='bbox 1048 5489 1100 5532; x_wconf 91' lang='lat' dir='ltr'><strong>et</strong></span> <span class='ocrx_word' id='word_1_750' title='bbox 1143 5493 1252 5546; x_wconf 87' lang='lat' dir='ltr'><strong>quo</strong></span> <span class='ocrx_word' id='word_1_751' title='bbox 1278 5493 1442 5533; x_wconf 75' lang='lat' dir='ltr'><strong>sensu</strong></span> <span class='ocrx_word' id='word_1_752' title='bbox 1478 5476 1855 5546; x_wconf 88' lang='lat' dir='ltr'><strong>accipiendum</strong></span> <span class='ocrx_word' id='word_1_753' title='bbox 1886 5477 1958 5531; x_wconf 90' lang='lat' dir='ltr'><strong>sit</strong></span> 
     </span>
    </p>
   </div>
   <div class='ocr_carea' id='block_1_102' title="bbox 394 5545 1956 5616">
    <p class='ocr_par' dir='ltr' id='par_1_102' title="bbox 394 5545 1956 5616">
     <span class='ocr_line' id='line_1_102' title="bbox 394 5545 1956 5616; baseline -0.003 -14"><span class='ocrx_word' id='word_1_754' title='bbox 394 5548 525 5603; x_wconf 89' lang='lat' dir='ltr'><strong>illud</strong></span> <span class='ocrx_word' id='word_1_755' title='bbox 561 5545 724 5616; x_wconf 74' lang='grc' dir='ltr'>φάναι</span> <span class='ocrx_word' id='word_1_756' title='bbox 755 5547 988 5616; x_wconf 86' lang='lat' dir='ltr'><strong>perspici</strong></span> <span class='ocrx_word' id='word_1_757' title='bbox 1023 5545 1199 5616; x_wconf 83' lang='lat' dir='ltr'><strong>potest</strong></span> <span class='ocrx_word' id='word_1_758' title='bbox 1227 5563 1291 5601; x_wconf 83' lang='lat' dir='ltr'><strong>ex</strong></span> <span class='ocrx_word' id='word_1_759' title='bbox 1327 5549 1461 5601; x_wconf 87' lang='lat' dir='ltr'><strong>libro</strong></span> <span class='ocrx_word' id='word_1_760' title='bbox 1485 5548 1728 5602; x_wconf 89' lang='lat' dir='ltr'><strong>secundo</strong></span> <span class='ocrx_word' id='word_1_761' title='bbox 1769 5545 1956 5600; x_wconf 84' lang='lat' dir='ltr'><strong>adver-</strong></span> 
     </span>
    </p>
   </div>
   <div class='ocr_carea' id='block_1_103' title="bbox 393 5616 1956 5697">
    <p class='ocr_par' dir='ltr' id='par_1_103' title="bbox 393 5616 1956 5697">
     <span class='ocr_line' id='line_1_103' title="bbox 393 5616 1956 5697; baseline -0.001 -25"><span class='ocrx_word' id='word_1_762' title='bbox 393 5636 484 5673; x_wconf 78' lang='lat' dir='ltr'><strong>sus</strong></span> <span class='ocrx_word' id='word_1_763' title='bbox 520 5618 951 5697; x_wconf 25' lang='lat' dir='ltr'><strong>Eunomiumtp.</strong></span> <span class='ocrx_word' id='word_1_764' title='bbox 981 5616 1109 5697; x_wconf 59' lang='lat' dir='ltr'><strong>ﬂeti,</strong></span> <span class='ocrx_word' id='word_1_765' title='bbox 1147 5618 1238 5697; x_wconf 83' lang='lat' dir='ltr'><strong>ubi</strong></span> <span class='ocrx_word' id='word_1_766' title='bbox 1283 5616 1516 5672; x_wconf 82' lang='lat' dir='ltr'><strong>Basilius</strong></span> <span class='ocrx_word' id='word_1_767' title='bbox 1543 5617 1776 5697; x_wconf 71' lang='lat' dir='ltr'><strong>difﬁcilis</strong></span> <span class='ocrx_word' id='word_1_768' title='bbox 1807 5619 1956 5697; x_wconf 73' lang='lat' dir='ltr'><strong>Scri-</strong></span> 
     </span>
    </p>
   </div>
   <div class='ocr_carea' id='block_1_104' title="bbox 394 5687 1953 5760">
    <p class='ocr_par' dir='ltr' id='par_1_104' title="bbox 394 5687 1953 5760">
     <span class='ocr_line' id='line_1_104' title="bbox 394 5687 1953 5760; baseline -0.001 -16"><span class='ocrx_word' id='word_1_769' title='bbox 394 5699 565 5760; x_wconf 75' lang='lat' dir='ltr'><strong>ptura:</strong></span> <span class='ocrx_word' id='word_1_770' title='bbox 614 5687 912 5744; x_wconf 86' lang='lat' dir='ltr'><strong>testimonii</strong></span> <span class='ocrx_word' id='word_1_771' title='bbox 961 5687 1375 5757; x_wconf 81' lang='lat' dir='ltr'><strong>explicationem</strong></span> <span class='ocrx_word' id='word_1_772' title='bbox 1439 5690 1787 5759; x_wconf 89' lang='lat' dir='ltr'><strong>promittens,</strong></span> <span class='ocrx_word' id='word_1_773' title='bbox 1839 5689 1953 5743; x_wconf 79' lang='lat' dir='ltr'><strong>haec</strong></span> 
     </span>
    </p>
   </div>
   <div class='ocr_carea' id='block_1_105' title="bbox 2076 4494 3650 4566">
    <p class='ocr_par' dir='ltr' id='par_1_105' title="bbox 2076 4494 3650 4566">
     <span class='ocr_line' id='line_1_105' title="bbox 2076 4494 3650 4566; baseline 0.002 -19"><span class='ocrx_word' id='word_1_774' title='bbox 2076 4494 2182 4550; x_wconf 85' lang='lat' dir='ltr'><strong>Deo</strong></span> <span class='ocrx_word' id='word_1_775' title='bbox 2215 4494 2415 4549; x_wconf 84' lang='lat' dir='ltr'><strong>dictum</strong></span> <span class='ocrx_word' id='word_1_776' title='bbox 2443 4497 2532 4549; x_wconf 75' lang='lat' dir='ltr'><strong>sit.</strong></span> <span class='ocrx_word' id='word_1_777' title='bbox 2567 4494 2779 4561; x_wconf 79' lang='lat' dir='ltr'><strong>Quibus</strong></span> <span class='ocrx_word' id='word_1_778' title='bbox 2811 4494 2995 4566; x_wconf 78' lang='lat' dir='ltr'><strong>verbis</strong></span> <span class='ocrx_word' id='word_1_779' title='bbox 3031 4494 3434 4566; x_wconf 77' lang='lat' dir='ltr'><strong>signiﬁcantius</strong></span> <span class='ocrx_word' id='word_1_780' title='bbox 3465 4506 3650 4549; x_wconf 73' lang='lat' dir='ltr'><strong>monet</strong></span> 
     </span>
    </p>
   </div>
   <div class='ocr_carea' id='block_1_106' title="bbox 2074 4565 3646 4628">
    <p class='ocr_par' dir='ltr' id='par_1_106' title="bbox 2074 4565 3646 4628">
     <span class='ocr_line' id='line_1_106' title="bbox 2074 4565 3646 4628; baseline -0.001 -7"><span class='ocrx_word' id='word_1_781' title='bbox 2074 4581 2134 4621; x_wconf 87' lang='lat' dir='ltr'><strong>se</strong></span> <span class='ocrx_word' id='word_1_782' title='bbox 2166 4581 2273 4620; x_wconf 93' lang='lat' dir='ltr'><strong>non</strong></span> <span class='ocrx_word' id='word_1_783' title='bbox 2308 4567 2424 4621; x_wconf 89' lang='lat' dir='ltr'><strong>suis</strong></span> <span class='ocrx_word' id='word_1_784' title='bbox 2452 4566 2682 4628; x_wconf 90' lang='lat' dir='ltr'><strong>viribus,</strong></span> <span class='ocrx_word' id='word_1_785' title='bbox 2725 4568 2820 4621; x_wconf 85' lang='lat' dir='ltr'><strong>sed</strong></span> <span class='ocrx_word' id='word_1_786' title='bbox 2864 4565 2955 4620; x_wconf 90' lang='lat' dir='ltr'><strong>Dei</strong></span> <span class='ocrx_word' id='word_1_787' title='bbox 3003 4565 3209 4620; x_wconf 68' lang='lat' dir='ltr'><strong>auitilio</strong></span> <span class='ocrx_word' id='word_1_788' title='bbox 3259 4565 3552 4619; x_wconf 88' lang='lat' dir='ltr'><strong>conlidere.</strong></span> <span class='ocrx_word' id='word_1_789' title='bbox 3588 4567 3646 4619; x_wconf 71' lang='lat' dir='ltr'><strong>Si</strong></span> 
     </span>
    </p>
   </div>
   <div class='ocr_carea' id='block_1_107' title="bbox 2072 4634 3642 4705">
    <p class='ocr_par' dir='ltr' id='par_1_107' title="bbox 2072 4634 3642 4705">
     <span class='ocr_line' id='line_1_107' title="bbox 2072 4634 3642 4705; baseline 0.001 -17"><span class='ocrx_word' id='word_1_790' title='bbox 2072 4636 2198 4705; x_wconf 92' lang='lat' dir='ltr'><strong>quis</strong></span> <span class='ocrx_word' id='word_1_791' title='bbox 2237 4645 2415 4690; x_wconf 89' lang='lat' dir='ltr'><strong>autem</strong></span> <span class='ocrx_word' id='word_1_792' title='bbox 2463 4638 2717 4691; x_wconf 86' lang='lat' dir='ltr'><strong>observet</strong></span> <span class='ocrx_word' id='word_1_793' title='bbox 2770 4636 2896 4691; x_wconf 92' lang='lat' dir='ltr'><strong>inde</strong></span> <span class='ocrx_word' id='word_1_794' title='bbox 2940 4644 3122 4690; x_wconf 90' lang='lat' dir='ltr'><strong>natam</strong></span> <span class='ocrx_word' id='word_1_795' title='bbox 3156 4635 3281 4690; x_wconf 86' lang='lat' dir='ltr'><strong>libri</strong></span> <span class='ocrx_word' id='word_1_796' title='bbox 3316 4634 3395 4705; x_wconf 70' lang='lat' dir='ltr'><strong>De</strong></span> <span class='ocrx_word' id='word_1_797' title='bbox 3437 4635 3642 4701; x_wconf 80' lang='lat' dir='ltr'><strong>Spiritu</strong></span> 
     </span>
    </p>
   </div>
   <div class='ocr_carea' id='block_1_108' title="bbox 2072 4704 3644 4775">
    <p class='ocr_par' dir='ltr' id='par_1_108' title="bbox 2072 4704 3644 4775">
     <span class='ocr_line' id='line_1_108' title="bbox 2072 4704 3644 4775; baseline 0 -16"><span class='ocrx_word' id='word_1_798' title='bbox 2072 4704 2254 4760; x_wconf 64' lang='lat' dir='ltr'><strong>sancto</strong></span> <span class='ocrx_word' id='word_1_799' title='bbox 2286 4706 2561 4760; x_wconf 85' lang='lat' dir='ltr'><strong>scribendi</strong></span> <span class='ocrx_word' id='word_1_800' title='bbox 2591 4706 2936 4761; x_wconf 86' lang='lat' dir='ltr'><strong>occasionem</strong></span> <span class='ocrx_word' id='word_1_801' title='bbox 2969 4707 3159 4766; x_wconf 88' lang='lat' dir='ltr'><strong>fuisse,</strong></span> <span class='ocrx_word' id='word_1_802' title='bbox 3199 4705 3343 4775; x_wconf 91' lang='lat' dir='ltr'><strong>quod</strong></span> <span class='ocrx_word' id='word_1_803' title='bbox 3373 4704 3644 4775; x_wconf 72' lang='lat' dir='ltr'><strong>Ppcuma-</strong></span> 
     </span>
    </p>
   </div>
   <div class='ocr_carea' id='block_1_109' title="bbox 2072 4773 3644 4834">
    <p class='ocr_par' dir='ltr' id='par_1_109' title="bbox 2072 4773 3644 4834">
     <span class='ocr_line' id='line_1_109' title="bbox 2072 4773 3644 4834; baseline 0.001 -6"><span class='ocrx_word' id='word_1_804' title='bbox 2072 4777 2312 4830; x_wconf 86' lang='lat' dir='ltr'><strong>tnmachi</strong></span> <span class='ocrx_word' id='word_1_805' title='bbox 2356 4777 2513 4830; x_wconf 88' lang='lat' dir='ltr'><strong>luriis</strong></span> <span class='ocrx_word' id='word_1_806' title='bbox 2562 4777 2924 4834; x_wconf 73' lang='lat' dir='ltr'><strong>cxarsissent.</strong></span> <span class='ocrx_word' id='word_1_807' title='bbox 2961 4791 3085 4830; x_wconf 88' lang='lat' dir='ltr'><strong>eum</strong></span> <span class='ocrx_word' id='word_1_808' title='bbox 3132 4773 3367 4831; x_wconf 78' lang='lat' dir='ltr'><strong>Basilius</strong></span> <span class='ocrx_word' id='word_1_809' title='bbox 3410 4773 3559 4827; x_wconf 90' lang='lat' dir='ltr'><strong>Patri</strong></span> <span class='ocrx_word' id='word_1_810' title='bbox 3590 4784 3644 4829; x_wconf 90' lang='lat' dir='ltr'><strong>et</strong></span> 
     </span>
    </p>
   </div>
   <div class='ocr_carea' id='block_1_110' title="bbox 2067 4843 3647 4916">
    <p class='ocr_par' dir='ltr' id='par_1_110' title="bbox 2067 4843 3647 4916">
     <span class='ocr_line' id='line_1_110' title="bbox 2067 4843 3647 4916; baseline 0.001 -17"><span class='ocrx_word' id='word_1_811' title='bbox 2067 4843 2207 4900; x_wconf 87' lang='lat' dir='ltr'><strong>Filio</strong></span> <span class='ocrx_word' id='word_1_812' title='bbox 2234 4861 2356 4899; x_wconf 89' lang='lat' dir='ltr'><strong>cum</strong></span> <span class='ocrx_word' id='word_1_813' title='bbox 2387 4843 2595 4915; x_wconf 87' lang='lat' dir='ltr'><strong>Spiritu</strong></span> <span class='ocrx_word' id='word_1_814' title='bbox 2625 4856 2817 4900; x_wconf 75' lang='lat' dir='ltr'><strong>sancto</strong></span> <span class='ocrx_word' id='word_1_815' title='bbox 2839 4846 3072 4916; x_wconf 89' lang='lat' dir='ltr'><strong>gloriam</strong></span> <span class='ocrx_word' id='word_1_816' title='bbox 3105 4847 3386 4910; x_wconf 79' lang='lat' dir='ltr'><strong>redderet;</strong></span> <span class='ocrx_word' id='word_1_817' title='bbox 3422 4845 3467 4899; x_wconf 95' lang='lat' dir='ltr'><strong>is</strong></span> <span class='ocrx_word' id='word_1_818' title='bbox 3489 4846 3647 4916; x_wconf 84' lang='lat' dir='ltr'><strong>facile</strong></span> 
     </span>
    </p>
   </div>
   <div class='ocr_carea' id='block_1_111' title="bbox 2067 4915 3640 4987">
    <p class='ocr_par' dir='ltr' id='par_1_111' title="bbox 2067 4915 3640 4987">
     <span class='ocr_line' id='line_1_111' title="bbox 2067 4915 3640 4987; baseline 0.001 -18"><span class='ocrx_word' id='word_1_819' title='bbox 2067 4916 2363 4987; x_wconf 83' lang='lat' dir='ltr'><strong>perspiciet</strong></span> <span class='ocrx_word' id='word_1_820' title='bbox 2391 4932 2499 4970; x_wconf 87' lang='lat' dir='ltr'><strong>non</strong></span> <span class='ocrx_word' id='word_1_821' title='bbox 2532 4918 2651 4970; x_wconf 84' lang='lat' dir='ltr'><strong>sine</strong></span> <span class='ocrx_word' id='word_1_822' title='bbox 2678 4915 3131 4987; x_wconf 32' lang='lat' dir='ltr'><strong>causa’Basilium</strong></span> <span class='ocrx_word' id='word_1_823' title='bbox 3169 4916 3303 4970; x_wconf 92' lang='lat' dir='ltr'><strong>illud</strong></span> <span class='ocrx_word' id='word_1_824' title='bbox 3344 4915 3507 4985; x_wconf 82' lang='grc' dir='ltr'>φάναι</span> <span class='ocrx_word' id='word_1_825' title='bbox 3537 4915 3640 4987; x_wconf 53' lang='grc' dir='ltr'><strong>δάε</strong></span> 
     </span>
    </p>
   </div>
   <div class='ocr_carea' id='block_1_112' title="bbox 2066 4985 3643 5049">
    <p class='ocr_par' dir='ltr' id='par_1_112' title="bbox 2066 4985 3643 5049">
     <span class='ocr_line' id='line_1_112' title="bbox 2066 4985 3643 5049; baseline -0.001 -9"><span class='ocrx_word' id='word_1_826' title='bbox 2066 4985 2217 5049; x_wconf 74' lang='lat' dir='ltr'><strong>dere,</strong></span> <span class='ocrx_word' id='word_1_827' title='bbox 2252 4986 2344 5040; x_wconf 90' lang='lat' dir='ltr'><strong>sed</strong></span> <span class='ocrx_word' id='word_1_828' title='bbox 2375 4996 2433 5040; x_wconf 91' lang='lat' dir='ltr'><strong>ut</strong></span> <span class='ocrx_word' id='word_1_829' title='bbox 2466 4986 2666 5040; x_wconf 89' lang='lat' dir='ltr'><strong>indicet</strong></span> <span class='ocrx_word' id='word_1_830' title='bbox 2689 4985 2795 5040; x_wconf 90' lang='lat' dir='ltr'><strong>sibi</strong></span> <span class='ocrx_word' id='word_1_831' title='bbox 2825 4988 3266 5043; x_wconf 82' lang='lat' dir='ltr'><strong>adversariorum</strong></span> <span class='ocrx_word' id='word_1_832' title='bbox 3297 4987 3475 5040; x_wconf 90' lang='lat' dir='ltr'><strong>minas</strong></span> <span class='ocrx_word' id='word_1_833' title='bbox 3505 4986 3643 5039; x_wconf 90' lang='lat' dir='ltr'><strong>tanti</strong></span> 
     </span>
    </p>
   </div>
   <div class='ocr_carea' id='block_1_113' title="bbox 2067 5056 3642 5125">
    <p class='ocr_par' dir='ltr' id='par_1_113' title="bbox 2067 5056 3642 5125">
     <span class='ocr_line' id='line_1_113' title="bbox 2067 5056 3642 5125; baseline -0.001 -16"><span class='ocrx_word' id='word_1_834' title='bbox 2067 5072 2177 5110; x_wconf 88' lang='lat' dir='ltr'><strong>non</strong></span> <span class='ocrx_word' id='word_1_835' title='bbox 2222 5072 2364 5121; x_wconf 89' lang='lat' dir='ltr'><strong>esse,</strong></span> <span class='ocrx_word' id='word_1_836' title='bbox 2403 5064 2459 5110; x_wconf 85' lang='lat' dir='ltr'><strong>ut</strong></span> <span class='ocrx_word' id='word_1_837' title='bbox 2493 5057 2634 5111; x_wconf 90' lang='lat' dir='ltr'><strong>hanc</strong></span> <span class='ocrx_word' id='word_1_838' title='bbox 2677 5056 2927 5125; x_wconf 88' lang='lat' dir='ltr'><strong>loquendi</strong></span> <span class='ocrx_word' id='word_1_839' title='bbox 2970 5059 3259 5119; x_wconf 89' lang='lat' dir='ltr'><strong>rationem,</strong></span> <span class='ocrx_word' id='word_1_840' title='bbox 3296 5072 3415 5108; x_wconf 86' lang='lat' dir='ltr'><strong>cum</strong></span> <span class='ocrx_word' id='word_1_841' title='bbox 3458 5065 3642 5108; x_wconf 77' lang='lat' dir='ltr'><strong>sancto</strong></span> 
     </span>
    </p>
   </div>
   <div class='ocr_carea' id='block_1_114' title="bbox 2069 5126 3642 5195">
    <p class='ocr_par' dir='ltr' id='par_1_114' title="bbox 2069 5126 3642 5195">
     <span class='ocr_line' id='line_1_114' title="bbox 2069 5126 3642 5195; baseline -0.001 -14"><span class='ocrx_word' id='word_1_842' title='bbox 2069 5126 2296 5195; x_wconf 83' lang='lat' dir='ltr'><strong>Spiritu,</strong></span> <span class='ocrx_word' id='word_1_843' title='bbox 2337 5141 2499 5195; x_wconf 87' lang='lat' dir='ltr'><strong>quant</strong></span> <span class='ocrx_word' id='word_1_844' title='bbox 2537 5127 2590 5179; x_wconf 87' lang='lat' dir='ltr'><strong>in</strong></span> <span class='ocrx_word' id='word_1_845' title='bbox 2619 5133 2735 5180; x_wconf 93' lang='lat' dir='ltr'><strong>toto</strong></span> <span class='ocrx_word' id='word_1_846' title='bbox 2769 5128 2872 5181; x_wconf 88' lang='lat' dir='ltr'><strong>hoc</strong></span> <span class='ocrx_word' id='word_1_847' title='bbox 2904 5127 3043 5181; x_wconf 91' lang='lat' dir='ltr'><strong>libro</strong></span> <span class='ocrx_word' id='word_1_848' title='bbox 3074 5126 3338 5191; x_wconf 86' lang='lat' dir='ltr'><strong>defendit,</strong></span> <span class='ocrx_word' id='word_1_849' title='bbox 3374 5139 3642 5194; x_wconf 86' lang='lat' dir='ltr'><strong>usurpare</strong></span> 
     </span>
    </p>
   </div>
   <div class='ocr_carea' id='block_1_115' title="bbox 2069 5196 3641 5265">
    <p class='ocr_par' dir='ltr' id='par_1_115' title="bbox 2069 5196 3641 5265">
     <span class='ocr_line' id='line_1_115' title="bbox 2069 5196 3641 5265; baseline -0.001 -14"><span class='ocrx_word' id='word_1_850' title='bbox 2069 5198 2307 5252; x_wconf 90' lang='lat' dir='ltr'><strong>desinat.</strong></span> <span class='ocrx_word' id='word_1_851' title='bbox 2362 5197 2651 5251; x_wconf 62' lang='lat' dir='ltr'><strong>Basilianis</strong></span> <span class='ocrx_word' id='word_1_852' title='bbox 2703 5212 2833 5265; x_wconf 88' lang='lat' dir='ltr'><strong>ergo</strong></span> <span class='ocrx_word' id='word_1_853' title='bbox 2888 5199 3173 5252; x_wconf 69' lang='lat' dir='ltr'><strong>sententia:</strong></span> <span class='ocrx_word' id='word_1_854' title='bbox 3227 5212 3428 5252; x_wconf 88' lang='lat' dir='ltr'><strong>nervos</strong></span> <span class='ocrx_word' id='word_1_855' title='bbox 3488 5196 3641 5250; x_wconf 86' lang='lat' dir='ltr'><strong>elidit</strong></span> 
     </span>
    </p>
   </div>
   <div class='ocr_carea' id='block_1_116' title="bbox 2066 5266 3638 5337">
    <p class='ocr_par' dir='ltr' id='par_1_116' title="bbox 2066 5266 3638 5337">
     <span class='ocr_line' id='line_1_116' title="bbox 2066 5266 3638 5337; baseline 0 -18"><span class='ocrx_word' id='word_1_856' title='bbox 2066 5268 2448 5337; x_wconf 73' lang='lat' dir='ltr'><strong>Combelisius,</strong></span> <span class='ocrx_word' id='word_1_857' title='bbox 2481 5283 2605 5320; x_wconf 86' lang='lat' dir='ltr'><strong>cum</strong></span> <span class='ocrx_word' id='word_1_858' title='bbox 2644 5267 2718 5319; x_wconf 92' lang='lat' dir='ltr'><strong>ita</strong></span> <span class='ocrx_word' id='word_1_859' title='bbox 2763 5266 3257 5327; x_wconf 61' lang='lat' dir='ltr'><strong>reddendumeesse</strong></span> <span class='ocrx_word' id='word_1_860' title='bbox 3297 5267 3638 5337; x_wconf 87' lang='lat' dir='ltr'><strong>pronuntiat,</strong></span> 
     </span>
    </p>
   </div>
   <div class='ocr_carea' id='block_1_117' title="bbox 2067 5336 3182 5407">
    <p class='ocr_par' dir='ltr' id='par_1_117' title="bbox 2067 5336 3182 5407">
     <span class='ocr_line' id='line_1_117' title="bbox 2067 5336 3182 5407; baseline 0.001 -18"><span class='ocrx_word' id='word_1_861' title='bbox 2067 5338 2181 5406; x_wconf 82' lang='lat' dir='ltr'><strong>ipso</strong></span> <span class='ocrx_word' id='word_1_862' title='bbox 2218 5336 2422 5406; x_wconf 85' lang='lat' dir='ltr'><strong>Spiritu</strong></span> <span class='ocrx_word' id='word_1_863' title='bbox 2447 5339 2649 5407; x_wconf 72' lang='lat' dir='ltr'><strong>favente</strong></span> <span class='ocrx_word' id='word_1_864' title='bbox 2680 5337 2900 5407; x_wconf 78' lang='lat' dir='ltr'><strong>beneque</strong></span> <span class='ocrx_word' id='word_1_865' title='bbox 2936 5339 3182 5407; x_wconf 82' lang='lat' dir='ltr'><strong>propitio.</strong></span> 
     </span>
    </p>
   </div>
   <div class='ocr_carea' id='block_1_118' title="bbox 2138 5404 3639 5478">
    <p class='ocr_par' dir='ltr' id='par_1_118' title="bbox 2138 5404 3639 5478">
     <span class='ocr_line' id='line_1_118' title="bbox 2138 5404 3639 5478; baseline -0.003 -17"><span class='ocrx_word' id='word_1_866' title='bbox 2138 5404 2265 5478; x_wconf 72' lang='lat'><strong>(51)</strong></span> <span class='ocrx_word' id='word_1_867' title='bbox 2304 5404 2716 5478; x_wconf 55' lang='lat' dir='ltr'><strong>&#39;Iadarped-w.</strong></span> <span class='ocrx_word' id='word_1_868' title='bbox 2745 5404 2835 5461; x_wconf 80' lang='lat' dir='ltr'><strong>Sic</strong></span> <span class='ocrx_word' id='word_1_869' title='bbox 2866 5404 2990 5462; x_wconf 81' lang='lat' dir='ltr'><strong>libri</strong></span> <span class='ocrx_word' id='word_1_870' title='bbox 3033 5404 3276 5463; x_wconf 77' lang='lat' dir='ltr'><strong>veteres.</strong></span> <span class='ocrx_word' id='word_1_871' title='bbox 3322 5404 3466 5461; x_wconf 86' lang='lat' dir='ltr'><strong>Editi</strong></span> <span class='ocrx_word' id='word_1_872' title='bbox 3519 5406 3639 5478; x_wconf 73' lang='grc' dir='ltr'>ἐπι-</span> 
     </span>
    </p>
   </div>
   <div class='ocr_carea' id='block_1_119' title="bbox 2066 5477 3638 5550">
    <p class='ocr_par' dir='ltr' id='par_1_119' title="bbox 2066 5477 3638 5550">
     <span class='ocr_line' id='line_1_119' title="bbox 2066 5477 3638 5550; baseline 0.001 -20"><span class='ocrx_word' id='word_1_873' title='bbox 2066 5477 2301 5550; x_wconf 76' lang='grc' dir='ltr'>στρέψω,</span> <span class='ocrx_word' id='word_1_874' title='bbox 2325 5477 2528 5550; x_wconf 89' lang='lat' dir='ltr'><strong>Ibidem</strong></span> <span class='ocrx_word' id='word_1_875' title='bbox 2558 5477 2691 5547; x_wconf 78' lang='lat' dir='ltr'><strong>Reg.</strong></span> <span class='ocrx_word' id='word_1_876' title='bbox 2723 5488 2952 5547; x_wconf 90' lang='lat' dir='ltr'><strong>quartus</strong></span> <span class='ocrx_word' id='word_1_877' title='bbox 2980 5478 3400 5550; x_wconf 81' lang='grc' dir='ltr'>προσευχομένῳ</span> <span class='ocrx_word' id='word_1_878' title='bbox 3421 5495 3509 5549; x_wconf 86' lang='grc' dir='ltr'>μοι</span> <span class='ocrx_word' id='word_1_879' title='bbox 3530 5477 3638 5531; x_wconf 79' lang='grc' dir='ltr'><strong>πά·</strong></span> 
     </span>
    </p>
   </div>
   <div class='ocr_carea' id='block_1_120' title="bbox 2064 5547 2859 5619">
    <p class='ocr_par' dir='ltr' id='par_1_120' title="bbox 2064 5547 2859 5619">
     <span class='ocr_line' id='line_1_120' title="bbox 2064 5547 2859 5619; baseline 0.003 -19"><span class='ocrx_word' id='word_1_880' title='bbox 2064 5547 2174 5611; x_wconf 83' lang='grc' dir='ltr'>λαι,</span> <span class='ocrx_word' id='word_1_881' title='bbox 2198 5547 2277 5602; x_wconf 78' lang='lat' dir='ltr'><strong>me</strong></span> <span class='ocrx_word' id='word_1_882' title='bbox 2308 5548 2575 5619; x_wconf 82' lang='lat' dir='ltr'><strong>quondam</strong></span> <span class='ocrx_word' id='word_1_883' title='bbox 2597 5558 2859 5616; x_wconf 81' lang='lat' dir='ltr'><strong>precante.</strong></span> 
     </span>
    </p>
   </div>
   <div class='ocr_carea' id='block_1_121' title="bbox 2135 5617 3637 5689">
    <p class='ocr_par' dir='ltr' id='par_1_121' title="bbox 2135 5617 3637 5689">
     <span class='ocr_line' id='line_1_121' title="bbox 2135 5617 3637 5689; baseline 0.001 -18"><span class='ocrx_word' id='word_1_884' title='bbox 2135 5620 2247 5689; x_wconf 74' lang='lat'><strong>(52)</strong></span> <span class='ocrx_word' id='word_1_885' title='bbox 2285 5617 2387 5673; x_wconf 75' lang='grc' dir='ltr'>Ἐν</span> <span class='ocrx_word' id='word_1_886' title='bbox 2414 5618 2511 5684; x_wconf 84' lang='grc' dir='ltr'><strong>τῷ.</strong></span> <span class='ocrx_word' id='word_1_887' title='bbox 2532 5619 2812 5689; x_wconf 84' lang='lat' dir='ltr'><strong>Articulus</strong></span> <span class='ocrx_word' id='word_1_888' title='bbox 2833 5617 3139 5689; x_wconf 86' lang='lat' dir='ltr'><strong>additus_ex</strong></span> <span class='ocrx_word' id='word_1_889' title='bbox 3169 5618 3637 5689; x_wconf 68' lang='lat' dir='ltr'><strong>mss._eodicibus,</strong></span> 
     </span>
    </p>
   </div>
   <div class='ocr_carea' id='block_1_122' title="bbox 2135 5685 3638 5762">
    <p class='ocr_par' dir='ltr' id='par_1_122' title="bbox 2135 5685 3638 5762">
     <span class='ocr_line' id='line_1_122' title="bbox 2135 5685 3638 5762; baseline 0.001 -19"><span class='ocrx_word' id='word_1_890' title='bbox 2135 5685 2246 5762; x_wconf 75' lang='lat'><strong>(35)</strong></span> <span class='ocrx_word' id='word_1_891' title='bbox 2276 5689 2580 5756; x_wconf 79' lang='grc' dir='ltr'>Διδόντας.</span> <span class='ocrx_word' id='word_1_892' title='bbox 2624 5688 2739 5744; x_wconf 90' lang='lat' dir='ltr'><strong>Duo</strong></span> <span class='ocrx_word' id='word_1_893' title='bbox 2786 5689 3004 5746; x_wconf 88' lang='lat' dir='ltr'><strong>codices</strong></span> <span class='ocrx_word' id='word_1_894' title='bbox 3046 5686 3198 5757; x_wconf 77' lang='lat' dir='ltr'><strong>Regii</strong></span> <span class='ocrx_word' id='word_1_895' title='bbox 3241 5687 3441 5751; x_wconf 79' lang='grc' dir='ltr'>δοῦσιν,</span> <span class='ocrx_word' id='word_1_896' title='bbox 3488 5685 3638 5747; x_wconf 78' lang='lat' dir='ltr'><strong>quod</strong></span> 
     </span>
    </p>
   </div>
  </div>
