3972 6218
461 371 538 430 Ἶῦ
1829 371 1893 426 S.
1930 369 2018 425 BA

2129 372 2178 426 ll
2219 373 2434 430 MAGNI
3632 377 3706 432 76

1059 481 1285 544 CAPUT
1331 481 1417 541 Ill.

468 601 516 656 E
540 601 806 655 mundana
846 600 1175 670 philosophia
1206 611 1386 655 natam
1422 617 1533 656 esse
1583 600 1646 655 de
1694 601 1916 672 syllabis
1942 621 2031 658 so-

885 672 1161 738 phisticam
1191 672 1618 741 disputationem.

539 763 594 816 5.
625 761 842 823 lnduxit
889 779 1054 834 porro
1103 764 1252 833 ipsos
1287 763 1344 816 in
1386 763 1529 819 hunc
1567 778 1808 820 errorem
1848 774 2029 822 exter-

466 869 663 907 norum
709 868 927 923 quoque
972 852 1301 923 scriptorum
1349 854 1679 921 observatio,
1709 857 1798 926 qui
1844 872 2027 921 voces,

463 961 527 1000 ex
569 962 670 1015 quo
715 953 768 1001 et
797 962 887 1014 per
927 962 1096 1015 quem,
1134 945 1296 1000 rebus
1341 956 1536 1001 natura
1565 948 1831 1016 separatis
1875 949 2031 1002 attri-

465 1038 719 1092 buerunt.
750 1036 1026 1106 Siquidem
1065 1037 1139 1090 illi
1177 1046 1369 1106 putant
1410 1038 1493 1093 his
1533 1039 1776 1103 vocibus,
1817 1055 1880 1093 ex
1907 1057 2028 1109 quo,

465 1129 760 1200 signiﬁcari
806 1129 1128 1195 materiam;
1183 1131 1268 1183 his
1302 1145 1448 1193 vero,
1493 1145 1582 1198 per
1622 1147 1794 1200 quem,
1828 1115 2031 1186 instru-

464 1213 705 1276 mentum
748 1220 1045 1290 designari,
1100 1222 1150 1292 5
1216 1232 1308 1276 aut
1369 1239 1596 1293 prorsus
1642 1224 2026 1280 ministerium.

464 1311 562 1367 Vel
602 1314 784 1383 potius
817 1311 968 1382 (quid
997 1314 1141 1368 enim
1170 1321 1336 1375 vetat,
1381 1324 1492 1368 tota
1526 1314 1741 1368 illorum
1784 1314 2029 1369 doctrina

464 1405 714 1473 repetita,
753 1404 940 1472 paucis
987 1420 1236 1474 arguere,
1278 1413 1331 1460 ct
1369 1419 1528 1474 quam
1556 1405 1643 1459 isti
1675 1405 1922 1461 homines
1947 1405 2030 1459 di-

461 1502 590 1548 cant
623 1510 650 1547 a
686 1510 812 1549 vero
840 1495 1167 1550 dissidentia
1197 1504 1249 1550 et
1281 1510 1442 1565 quam
1483 1496 1585 1566 ipsi
1629 1512 1738 1551 non
1774 1505 2030 1552 constent

464 1586 660 1657 sibi?)
709 1587 801 1656 qui
856 1587 1004 1641 inaui
1059 1587 1415 1656 philosogihiaa
1468 1586 1738 1641 dederunt
1773 1602 2024 1658 operam,

461 1676 589 1731 dum
614 1677 964 1732 multifariam
997 1687 1275 1748 exponunt
1298 1692 1476 1732 causa}
1503 1687 1769 1741 naturam,
1802 1695 2028 1749 eamque

461 1773 515 1825 in
567 1771 788 1842 propria
827 1771 1132 1842 signiﬁcata
1178 1769 1451 1834 dividunt,
1509 1771 1642 1824 alias
1699 1772 1848 1826 aiunt
1905 1788 2027 1828 esse

2057 496 2104 549 Α

2653 489 3044 543 ΚΕΦΑΛΑῘΟΝ
3096 490 3165 542 l".

2134 603 2261 655 Ὀτι
2303 602 2372 655 ἐκ
2401 601 2512 670 τῆς
2532 602 2760 672 ἕξωθενγ
2787 601 2896 671 (59)
2923 603 3144 671 σοφίας
3168 603 3206 670 ἡ
3232 603 3363 672 περὶ
3397 602 3514 657 τῶν
3540 604 3702 659 συλ-

2615 671 2815 724 λαϐῶν
2835 674 3204 742 τεχνολογία.

2201 760 2252 814 5.
2305 761 2646 833 Ὑπηγάγετο
2695 763 2877 834 μέντοι
2915 764 3111 827 αὐτοὺς
3156 763 3291 834 πρὸς
3332 763 3430 834 τὴν
3477 764 3703 834 ἀπάτην

2129 851 2330 922 ταύτην
2359 853 2452 906 καὶ
2480 856 2512 924 ἡ
2541 854 2647 908 τῶν
2677 853 2873 920 ἔξωθεν
2901 856 3300 926 παρατήρησις,
3325 855 3374 908 οἳ
3398 856 3478 919 τὸ,
3500 855 3571 920 ἐξ
3595 851 3698 920 οὗ,

2130 944 2222 996 καὶ
2249 943 2327 1007 τὸ,
2361 943 2436 996 δι’
2471 940 2565 1012 οὗ,
2601 945 3023 1016 κεχωρισμένοις
3053 945 3196 998 κατά
3232 945 3328 1018 τὴν
3363 945 3524 1016 φύσιν
3555 948 3706 1017 πρά-

2129 1051 2300 1104 γμασι
2352 1035 2788 1107 προσδιένειμαν.
2852 1037 3076 1090 Ἐκεῖνοι
3120 1035 3228 1106 γὰρ
3270 1035 3470 1090 οἴονται
3501 1037 3562 1089 τὸ
3599 1036 3704 1107 μὲν

2127 1128 2195 1190 ἐξ
2212 1123 2282 1181 οὗ
2308 1126 2404 1197 τὴν
2421 1125 2552 1198 ὓλην
2583 1126 2795 1198 δηλοῦν,
2823 1127 2884 1180 τὸ
2911 1127 2968 1180 δέ
2999 1127 3072 1181 δι’
3099 1123 3170 1183 οὗ
3201 1128 3262 1180 rb
3293 1128 3522 1199 ὄργανον
3551 1145 3700 1200 παρ-

2131 1217 2301 1286 ιστᾷν,
2335 1216 2368 1287 ἢ
2407 1216 2542 1280 ὅλως
2581 1218 2680 1286 τὴν
2718 1217 3037 1287 ὑπουργίαν.
3073 1217 3288 1272 Μᾶλλον
3335 1217 3392 1271 δὲ
3444 1217 3537 1290 (τί
3587 1219 3701 1290 γάρ

2127 1306 2343 1371 κωλύει,
2376 1308 2554 1360 πάντα
2575 1307 2668 1361 τὸν
2700 1307 2921 1360 ἐκείνων
2949 1307 3102 1376 λόγον
3129 1306 3516 1371 ἀναλαϐόντας,
3549 1309 3613 1360 τό
3636 1325 3701 1362 τε

2126 1397 2262 1469 πρὸς
2284 1397 2383 1468 τὴν
2410 1397 2667 1469 ἀλήθειαν
2693 1398 3062 1470 ἀσυνάρτητον
3088 1398 3182 1451 καὶ
3208 1397 3269 1450 τὸ
3289 1397 3425 1468 πρὸς
3454 1397 3700 1460 ἐκείνους

2126 1489 2320 1553 αὐτοὺς
2349 1490 2458 1561 (40)
2492 1490 2819 1562 ἀσύμφωνον
2853 1490 2958 1544 τῶν
3003 1490 3211 1561 ἀνδρῶν
3240 1489 3444 1542 τούτων
3474 1489 3534 1541 ἐν
3565 1487 3701 1559 βρα-

2125 1584 2211 1651 χεῖ
2235 1581 2499 1650 διελέγξαι
2521 1581 2574 1654 ;)
2602 1584 2650 1636 οἳ
2673 1582 2798 1654 περὶ
2827 1582 2925 1652 τὴν
2952 1581 3184 1659 ματαίαν
3207 1579 3517 1651 φιλοσοφίαν
3535 1581 3698 1650 ἐσχο-

2124 1673 2367 1741 λακότες,
2393 1675 2484 1728 τοῦ
2513 1675 2686 1728 αἰτίου
2710 1674 2808 1746 τὴν
2834 1674 2993 1742 φύσιν
3017 1672 3298 1743 πολλαχῶς
3318 1669 3697 1743 ἐξηγούμενοι,

2126 1766 2216 1820 καὶ
2243 1765 2401 1818 τοῦτο
2433 1768 2512 1829 είς
2536 1765 2604 1820 τά
2636 1768 2810 1820 οἰκεῖα
2841 1765 3211 1836 σημαινόμενα
3239 1763 3592 1835 διαιροῦντες,
3626 1763 3700 1816 τὰ

459 1879 658 1920 causas
689 1863 1036 1948 principales,
1073 1864 1207 1918 alias
1237 1873 1614 1933 c00perantes,
1654 1875 1746 1917 aut.
1781 1879 2020 1920 concau.

2129 1857 2225 1935 μὲν
2282 1859 2726 1929 προκαταρκτικά
2769 1856 2985 1925 λέγουσι
3018 1855 3126 1910 τῶν
3185 1856 3374 1909 αἰτίων
3430 1851 3590 1919 εἶναι,
3625 1855 3697 1908 τά

459 1955 623 2018 sales,
670 1954 806 2008 alias
860 1960 1039 2007 autem
1088 1953 1230 2007 hanc
1280 1955 1548 2007 rationem
1577 1953 1776 2010 habere
1817 1965 1877 2009 ut
1907 1958 2025 2014 sine

449 2045 525 2099 iis
562 2043 698 2098 nihil
731 2041 1012 2098 efﬁciatur.
1053 2044 1227 2112 Atque
1251 2043 1443 2096 harum
1472 2042 1670 2112 cuique
1695 2045 2021 2114 peculiarem

453 2136 616 2189 etiam
647 2135 949 2189 attribuunt
971 2134 1384 2205 appellationem
1403 2174 1416 2196 ,
1443 2135 1518 2188 ita
1545 2144 1603 2189 ut
1636 2136 1790 2190 aliter
1820 2137 2020 2206 opifex,

446 2227 614 2282 aliter
688 2226 1109 2281 instrumentum
1179 2224 1537 2296 signiﬁcetur.
1627 2226 1762 2281 Nam
1843 2228 2022 2298 Opilici

453 2331 758 2389 congruere
804 2315 1122 2371 existimant
1183 2315 1339 2380 illud,
1405 2333 1438 2370 a
1487 2333 1638 2386 quo;
1686 2316 1841 2372 aiunt
1876 2319 2020 2372 enim

449 2409 677 2482 proprie
721 2408 852 2472 dici,
893 2423 924 2462 a
975 2407 1130 2463 fabro
1166 2407 1367 2463 factum
1402 2407 1570 2463 fuisse
1603 2423 1884 2464 scamnum
1921 2428 1934 2464 :
1967 2419 2022 2464 at

454 2504 823 2558 instrumento
869 2500 1165 2556 convenire
1214 2500 1380 2564 illud,
1430 2517 1523 2570 per
1567 2518 1772 2572 quem;
1831 2503 2023 2558 dicunt

445 2594 625 2654 enim,
656 2607 754 2663 per
785 2592 1020 2648 securim
1063 2597 1118 2645 et
1151 2591 1468 2647 terebellum
1504 2601 1558 2647 et
1596 2593 1822 2664 reliqua.
1855 2591 2021 2648 Simi-

445 2685 576 2739 1iter
609 2683 750 2738 hanc
779 2683 1123 2754 particulam,
1148 2697 1214 2736 ea:
1243 2699 1365 2753 quo,
1395 2681 1474 2737 illi
1507 2681 1710 2738 faciunt
1745 2685 2019 2756 propriam

451 2775 736 2841 materiae;
789 2774 1057 2845 siquidem
1102 2789 1133 2828 e
1179 2775 1407 2829 materia
1439 2775 1819 2846 ﬁtOpiﬁeium.
1847 2775 2019 2835 Porro

447 2863 801 2935 particulam,
845 2863 1008 2932 juxta
1060 2862 1220 2933 quod,
1265 2872 1460 2934 putant
1489 2866 1800 2936 signiﬁcare
1823 2883 2021 2925 conce-

452 2963 608 3023 ptum
673 2954 896 3020 a-nimo,
951 2953 1035 3008 vel
1088 2955 1430 3011 extrinsecus
1490 2956 1766 3027 objectum
1822 2958 2018 3014 artiﬁci

456 3044 753 3114 (:xernplar.
793 3042 891 3100 Vel
923 3045 1067 3098 enim
1096 3045 1247 3114 prius
1275 3046 1600 3116 cogitatione
1639 3048 1747 3103 sibi
1776 3047 2019 3120 depingit

447 3133 509 3186 id
540 3133 687 3203 quod
727 3132 908 3189 facere
951 3135 1206 3200 destinat,
1245 3143 1299 3190 et
1328 3136 1407 3190 sic
1435 3137 1580 3207 quod
1610 3139 1792 3194 animo
1821 3155 2012 3195 concc-

452 3225 550 3294 pit,
574 3224 638 3279 ad
665 3239 803 3295 opus
833 3225 1082 3294 perducit
1116 3242 1126 3278 :
1158 3227 1242 3281 vel
1266 3226 1334 3280 ad
1360 3228 1641 3296 exemplar
1668 3229 1781 3299 jam
1810 3230 2017 3285 editum

452 3317 790 3386 respiciens,
849 3316 917 3371 ad
975 3317 1125 3374 illius
1170 3318 1581 3373 similitudinem
1645 3322 2019 3392 operationem

453 3409 664 3480 dirigit.
693 3408 845 3464 Hanc
883 3423 1064 3466 autem
1097 3411 1443 3482 particulam,
1483 3423 1693 3482 propter
1726 3414 1887 3484 quod,
1922 3432 2020 3471 vo-

447 3501 573 3555 lunt
596 3509 906 3572 competere
945 3502 1079 3565 ﬁni;
1117 3517 1423 3581 scamnum.-
1453 3504 1596 3558 enim
1645 3520 1769 3561 esse
1818 3507 2019 3562 factum

448 3596 519 3649 ad
571 3611 730 3651 usum
777 3595 1078 3652 hominum.
1127 3594 1372 3665 Denique
1411 3596 1497 3650 his
1541 3596 1744 3664 verbis,
1793 3599 1848 3653 in
1896 3616 2020 3670 quo,

445 3697 669 3756 tempus
703 3695 798 3741 aut
829 3687 1008 3740 locum
1050 3685 1304 3741 indicari.
1343 3685 1578 3752 Quando
1628 3688 1774 3743 enim
1818 3687 2019 3744 factum

450 3779 577 3833 est?
607 3778 662 3832 iu
697 3777 791 3831 tali
824 3786 1086 3846 tempore.
1132 3775 1236 3831 Ubi
1265 3775 1467 3832 factum
1499 3777 1630 3832 est?
1664 3778 1720 3832 in
1751 3779 1844 3833 tali
1875 3780 2016 3836 loco.

449 3869 577 3924 Haec
609 3878 790 3925 autem
821 3870 1037 3924 tametsi
1084 3870 1220 3922 nihil
1247 3869 1534 3923 conferunt
1567 3871 1634 3924 ad
1683 3869 1734 3925 id
1766 3873 1912 3941 quod
1939 3871 2018 3938 ﬁt,

453 3969 632 4015 tamen
667 3962 874 4031 absque
923 3961 1008 4015 his
1055 3960 1190 4014 nihil
1244 3967 1424 4031 potest
1466 3959 1602 4015 ﬁeri.
1657 3959 2020 4030 Operautibus

449 4052 594 4105 enim
644 4061 697 4106 et
754 4053 877 4108 loco
921 4061 975 4106 et
1014 4058 1257 4121 tempore
1298 4065 1436 4121 opus
1466 4059 1569 4107 est.
1604 4050 1715 4107 llas
1762 4054 2016 4109 observa-

452 4143 628 4198 tiones
667 4159 734 4198 ex
787 4143 1044 4198 inanibus
1072 4132 1384 4212 disciplinis
1425 4157 1488 4197 ac
1529 4158 1668 4198 vana
1703 4143 2020 4214 deceptione

449 4233 773 4304 dcsumptas
803 4251 925 4289 cum
960 4234 1054 4287 isti
1081 4232 1372 4288 didicerint
1403 4244 1564 4303 atque
1598 4233 1847 4290 admirati
1888 4237 2017 4304 sint,

2123 1948 2179 2000 δὲ
2217 1947 2451 2019 συνεργὰ
2491 1948 2524 2018 ἢ
2560 1949 2827 2013 συναίτια,
2861 1947 2928 2000 τά
2964 1947 3023 2000 δὲ
3051 1945 3159 2002 τῶν
3193 1940 3268 2000 ὧν
3304 1948 3405 2001 οὐκ
3437 1947 3562 2001 ἄνευ
3603 1945 3694 2000 λό-

2123 2057 2216 2106 γον
2243 2041 2456 2110 ἐπέχειν
2485 2039 2616 2111 (41).
2661 2040 2908 2110 Ἐκάστῳ
2941 2037 3122 2110 μέντοι
3147 2038 3351 2092 τούτων
3385 2038 3697 2104 ἰδιάζουσαν

2123 2133 2216 2184 καὶ
2259 2131 2356 2202 τὴν
2404 2132 2710 2202 ἐκφώνησιν
2755 2131 3137 2203 ἀφορίζουσιν·
3190 2131 3332 2185 ὥστε
3380 2131 3552 2195 ἄλλως
3599 2131 3696 2185 τὸν

2120 2224 2445 2294 δημιουργὸν
2491 2223 2870 2296 σημαίνεσθαι,
2903 2225 2998 2279 καὶ
3025 2225 3086 2279 τὺ
3113 2225 3341 2296 δργανον
3373 2224 3564 2288 ἄλλως.
3601 2224 3697 2296 Τῷ

2125 2315 2224 2386 μὲν
2255 2314 2361 2386 γάρ
2396 2315 2712 2388 δημιουργῷ
2739 2316 2969 2388 πρέπειν
3011 2317 3209 2370 οῐονται
3243 2316 3304 2370 τὸ
3330 2318 3430 2386 ὑφ’
3452 2311 3526 2372 οὗ
3553 2333 3566 2347 ⁸
3593 2333 3694 2370 κυ-

2125 2409 2252 2479 ρίως
2275 2408 2383 2479 γάρ
2411 2425 2542 2477 φασι
2562 2407 2816 2476 λέγεσθαι
2839 2409 2944 2462 ὑπὸ
2970 2407 3065 2463 τοῦ
3086 2410 3338 2472 τέκτονος
3361 2408 3694 2479 γεγενῆσθαι

2119 2499 2179 2552 τὸ
2225 2499 2422 2570 βάθρον
2441 2515 2454 2528 ·
2507 2497 2584 2569 τῷ
2614 2499 2670 2552 δὲ
2695 2499 2913 2578 ὀργάνῳ
2943 2499 3005 2553 rb
3037 2499 3112 2553 δι’
3143 2494 3215 2556 οὗ
3235 2517 3248 2530 ’
3297 2499 3387 2553 διὰ
3428 2499 3538 2570 γάρ
3565 2516 3696 2552 σκε-

2121 2593 2324 2664 πάρνου
2351 2593 2505 2662 φασὶ,
2531 2592 2627 2645 καὶ
2652 2593 2932 2665 τερέτρου.
2961 2592 3179 2646 καὶτῶν
3201 2591 3424 2646 λοιπῶν.
3457 2589 3695 2662 ὀμοίως

2118 2685 2175 2738 δὲ
2208 2685 2302 2738 καὶ
2324 2683 2384 2737 τὺ
2410 2683 2478 2748 ἐξ
2509 2679 2580 2738 οὗ
2615 2683 2715 2754 τῆς
2756 2683 2889 2755 ὕλης
2921 2683 3050 2737 [διον
3083 2682 3320 2738 τίθενται
3359 2683 3582 2736 ἐκεῖνον
3626 2683 3694 2735 ἐκ

2121 2776 2278 2844 ξύλου
2321 2776 2430 2846 γὰρ
2479 2771 2619 2829 εἶναι
2663 2775 2724 2829 rb
2759 2774 3181 2847 δημιούργημα·
3214 2773 3276 2828 τὸ
3307 2773 3364 2827 δὲ
3399 2774 3529 2828 καθ’
3561 2772 3594 2827 ὃ
3631 2771 3698 2826 τὸ

2120 2868 2372 2940 ἐνθύμιον
2432 2865 2715 2939 δηλοῦν,ἢ
2771 2865 2831 2919 rb
2883 2865 3197 2937 ἐκκείμενον
3251 2865 3552 2935 ὑπόδειγμα
3613 2863 3697 2935 τῷ

2120 2959 2354 3030 τεχνίτῃ.
2394 2959 2462 3011 Ἦ
2491 2959 2598 3030 γὰρ
2629 2956 3211 3029 προαναζωγραφήσας
3243 2958 3308 3027 τῇ
3341 2955 3550 3026 διανοίᾳ
3578 2954 3694 3026 (42)

2121 3053 2182 3104 rb
2225 3050 2674 3119 κατασκεύασμα,
2714 3048 2884 3111 οὓτως
2930 3049 3010 3110 είς
3056 3046 3213 3118 ἔργον
3250 3048 3348 3117 τὴν
3390 3045 3692 3115 φαντασίαν

2123 3145 2330 3216 ἤγαγεν
2353 3161 2365 3174 ⁸
2396 3144 2429 3215 ἢ
2462 3143 2596 3215 πρὸς
2620 3143 2720 3213 ἤδη
2743 3141 3057 3212 ἐκκείμενον
3085 3139 3432 3211 παράδειγμα
3459 3137 3696 3192 ἀποϐλέ-

2123 3253 2262 3301 πων,
2297 3235 2417 3290 καθ“
2447 3234 2706 3305 ὁμοίωσιν
2733 3233 2943 3286 ἐκείνου
2979 3231 3078 3304 τὴν
3109 3231 3389 3302 ἐνέργειαν
3419 3229 3526 3300 (45)
3557 3246 3695 3283 κατ-

2121 3329 2352 3384 ευθύνει.
2397 3329 2470 3382 Tb
2510 3329 2568 3381 δὲ
2609 3327 2682 3380 δι’
2737 3325 2768 3379 ὃ
2825 3324 2904 3396 τῷ
2945 3325 3086 3378 τέλει
3134 3325 3432 3397 προσήκειν
3473 3323 3694 3393 βούλον-

2118 3440 2207 3476 ται
2228 3438 2242 3453 ο
2288 3422 2375 3475 διὰ
2404 3421 2511 3492 γὰρ
2553 3419 2650 3490 τὴν
2682 3418 2881 3488 χρῆσιν
2921 3417 3019 3488 τὴν
3048 3416 3153 3471 τῶν
3198 3415 3498 3488 ἀνθρώπων
3528 3432 3694 3484 γεγο-

2121 3513 2266 3566 νέναι
2296 3513 2354 3564 τὺ
2387 3511 2612 3582 βάθρον*
2640 3509 2700 3561 τὸ
2732 3507 2789 3562 δὲ
2815 3507 2884 3561 ἐν
2925 3501 2973 3573 ᾧ
3009 3506 3099 3561 τὸν
3141 3506 3329 3578 χρόνον
3357 3507 3629 3579 παριστᾷν
3656 3506 3693 3577 ἢ

2121 3598 2210 3651 τὸν
2241 3598 2422 3652 τόπον.
2459 3596 2595 3649 Πότε
2629 3598 2737 3667 γὰρ
2781 3595 3040 3663 γέγονεν;
3084 3595 3173 3649 Ἐν
3205 3595 3342 3666 τῷδε
3371 3595 3449 3665 τῷ
3490 3596 3691 3666 χρόνῳ.

2121 3689 2230 3743 Καὶ
2256 3687 2393 3754 ποῦ;
2438 3689 2527 3741 Ἐν
2551 3686 2687 3757 τῷδε
2711 3683 2790 3756 τῷ
2826 3686 2996 3756 τόπῳ.
3027 3685 3212 3739 Ταῦτα
3235 3686 3292 3740 δέ
3319 3687 3366 3739 εί
3396 3687 3488 3740 καὶ
3525 3687 3695 3758 μηδὲν

2118 3779 2196 3849 τῷ
2233 3779 2498 3850 γινομένῳ
2535 3777 2925 3848 συμϐάλλεται,
2966 3777 3078 3829 ἀλλ’
3114 3773 3206 3831 οὖν
3249 3779 3349 3831 οὑκ
3390 3778 3518 3832 ἄνευ
3564 3779 3693 3830 τού-

2120 3886 2226 3921 των
2253 3867 2474 3921 δυνατόν
2511 3884 2563 3920 τι
2589 3866 2861 3935 γενέσθαι.
2904 3867 3078 3937 Χρεία
3119 3865 3225 3938 γὰρ
3265 3867 3361 3921 καὶ
3387 3867 3556 3920 τόπου
3596 3868 3694 3921 καὶ

2119 3958 2309 4029 χρόνου
2338 3961 2448 4021 τοῖς
2479 3955 2784 4029 ἐνεργοῦσι.
2823 3955 3007 4008 Ταῦτα
3045 3955 3305 4026 μαθόντες
3341 3957 3434 4011 καὶ
3475 3956 3692 4027 θαυμά-

2122 4066 2309 4113 σαντες
2337 4049 2447 4121 (44)
2477 4044 2620 4104 οὗτοι
2659 4048 2728 4101 τά
2763 4050 2826 4100 ἐκ
2853 4049 2948 4119 τῆς
3001 4048 3362 4120 ματαιότητος
3395 4051 3489 4104 καὶ
3526 4052 3693 4122 κενῆς

2119 4142 2334 4212 ἀπάτης
2361 4142 2825 4212 παρατηρήματα,
2869 4141 2962 4193 καὶ
2989 4141 3080 4194 ἐπὶ
3105 4142 3202 4212 τὴν
3233 4141 3410 4212 ἁπλῆν
3441 4143 3534 4195 καὶ
3565 4143 3692 4196 ἀτε-

2119 4233 2438 4303 χνολόγητον
2476 4230 2567 4286 τοῦ
2618 4232 2933 4304 Πνεύματος
2982 4233 3328 4287 διδασκαλίαν
3391 4235 3694 4303 μετακομί-

448 4340 543 4380 eas
566 4328 728 4380 etiam
757 4324 825 4379 ad
853 4326 1156 4395 simplicem
1175 4334 1230 4378 et
1257 4333 1374 4380 arte
1402 4326 1552 4380 omni
1582 4335 1859 4382 carentem
1891 4327 2016 4399 Spi-

2129 4323 2322 4390 ζουσιν,
2353 4325 2433 4388 εἰς
2469 4324 2763 4378 ἐλάττωσιν
2801 4324 2900 4394 μὲν
2927 4323 3019 4378 τοῦ
3063 4323 3198 4377 Θεοῦ
3240 4325 3446 4393 Λόγου,
3496 4323 3694 4396 ἀθέτη-

448 4420 590 4474 ritus
615 4418 920 4473 doctrinam
973 4418 1334 4483 transferunt,
1369 4427 1429 4472 ut
1474 4428 1528 4474 et
1572 4418 1738 4474 Deum
1776 4419 2014 4477 Verbum

2129 4434 2204 4469 σιν
2245 4416 2301 4469 δὲ
2351 4415 2446 4472 τοῦ
2485 4417 2639 4485 ἁγίου
2692 4415 2804 4487 (45)
2850 4417 3198 4487 Πνεύματος·
3244 4416 3300 4469 οἴ
3343 4434 3405 4485 γε
3458 4415 3555 4488 τὴν
3595 4417 3691 4470 ἐπὶ

450 4511 779 4574 diminuant,
829 4516 882 4562 et
932 4505 1194 4578 Spiritum
1259 4516 1506 4561 sanctum
1563 4508 1812 4578 rejiciant
1857 4529 1868 4563 :
1923 4511 2016 4581 qui

2129 4511 2344 4580 ἀψύχων
2395 4511 2662 4581 ὀργάνων,
2711 4511 2744 4580 ἢ
2790 4512 2890 4581 τῆς
2935 4510 3244 4580 ὑποχειρίου
3296 4509 3390 4563 καλ⁴
3424 4509 3692 4579 ταπεινῆς

449 4601 669 4672 quidem
699 4615 887 4657 vocem
919 4600 1300 4655 instrumentis
1337 4600 1594 4656 inanimis
1627 4609 1719 4654 aut
1752 4602 1934 4656 servili
1957 4618 2020 4657 ac

2129 4603 2398 4666 παντελῶς
2430 4604 2733 4674 ὑπηρεσίας
2763 4603 2944 4675 φωνὴν
2973 4603 3359 4674 ἀφωρισμένην
3389 4601 3541 4674 παρά
3581 4601 3691 4655 τῶν

449 4709 676 4766 prorsus
711 4693 903 4748 humili
947 4692 1256 4746 ministerio
1301 4706 1331 4745 a
1373 4691 1618 4762 profanis
1654 4693 2017 4762 scriptoribus

2129 4693 2341 4757 ἔξωθεν,
2379 4693 2477 4763 τὴν
2512 4688 2677 4748 διὀὖ
2712 4691 2874 4760 λέγω,
2918 4691 3118 4763 ταύτην
3157 4693 3250 4744 ἐπὶ
3289 4692 3379 4744 τὸν
3413 4690 3691 4761 Δεσπότην

449 4786 804 4856 assignatam,
829 4783 1021 4854 loquor
1043 4784 1109 4838 de
1139 4784 1394 4851 dictione,
1427 4801 1518 4854 per
1547 4801 1718 4855 quem.
1745 4787 1811 4840 ad
1844 4785 2020 4842 Domi-

2129 4783 2225 4837 τῶν
2262 4784 2398 4838 ὅλων
2445 4785 2545 4837 οὑκ
2584 4782 2838 4854 ὤκνησαν
2871 4784 3203 4854 μεταθεῖναι,
3244 4785 3338 4838 καὶ
3373 4785 3472 4837 οὑκ
3497 4784 3691 4854 αἰσχύ-

446 4892 579 4932 num
624 4877 1003 4933 universorum
1051 4891 1161 4930 non
1205 4876 1360 4931 veriti
1392 4883 1519 4931 sunt
1551 4877 1885 4944 transferre;
1918 4894 2019 4934 nec

2129 4892 2304 4929 νονται
2332 4877 2380 4926 οἱ
2403 4875 2717 4947 Χριστιανοὶ
2739 4875 2956 4945 πρίονος
2977 4875 3009 4944 ἢ
3037 4873 3245 4945 σφύρας
3267 4873 3344 4945 τῷ
3374 4872 3691 4944 δημιουργῷ

449 4970 612 5040 pudet
640 4969 980 5024 Christianos
1009 4981 1174 5023 serrae
1208 4974 1302 5020 aut
1334 4967 1511 5021 mallei
1542 4969 1866 5025 vocabulum
1901 4971 2019 5024 uni-

2129 4967 2219 5036 τῆς
2248 4967 2476 5030 κτίσεως
2513 4966 2692 5038 φωνὴν
2727 4964 3092 5036 ἀφορίζοντες.

447 5076 620 5116 versa:
643 5070 912 5134 creaturae
939 5059 1218 5117 Conditori
1249 5062 1562 5118 attribuere.

519 5240 630 5310 (39)
666 5243 783 5295 Ὅτι
815 5242 884 5296 ἐκ
909 5241 1020 5311 τῆς
1048 5241 1289 5307 ἔξωθεν.
1336 5241 1452 5296 Huc
1493 5241 1790 5297 transferre
1841 5247 2014 5300 coacti

448 5326 639 5366 smnus
656 5311 801 5366 hunc
825 5313 1041 5367 titulum
1063 5327 1094 5365 a
1126 5312 1362 5368 librariis
1378 5311 1518 5365 infra
1541 5321 1664 5366 ante
1687 5313 1799 5367 hate
1822 5316 2012 5381 verba,

445 5383 494 5433 οἱ
529 5381 658 5453 περι
709 5382 808 5453 τὴν
843 5381 1096 5452 ματαίαν,
1136 5383 1332 5438 vitiose
1362 5397 1609 5453 prorsus,
1664 5391 1725 5436 ut
1766 5392 1912 5452 patet
1945 5403 2010 5440 ex

445 5451 782 5573 Rarelithesi,
836 5451 999 5522 quam
1046 5451 1381 5534 adjicimus[
1426 5451 1775 5524 appositum.
1807 5454 2012 5511 Ibidem

497 5537 581 5573 ea.
613 5529 807 5573 tertius
835 5521 1110 5573 συλλαϐων
1142 5522 1406 5573 θεολογία.

497 5537 581 5591 eg.
613 5523 807 5576 tertius
835 5521 1110 5575 συλλαϐῶν
1142 5522 1406 5592 θεολογία.

518 5593 630 5658 (40)
671 5593 974 5657 Ἐκείνους
1024 5594 1264 5660 αὐτούς.
1298 5595 1388 5648 Sic
1431 5592 1556 5647 libri
1600 5600 1832 5649 veteres.
1868 5593 2010 5650 Editi

442 5661 638 5726 αὐτοὺς
663 5662 919 5726 ἐκείνους.

517 5731 959 5805 (ιη-Ἐπέκειν.
999 5731 1116 5787 Non
1161 5734 1301 5788 male
1344 5733 1399 5788 in
1441 5749 1548 5788 uno
1594 5750 1658 5790 ex
1689 5733 1874 5805 Regiis
1901 5736 2008 5788 ὑπ-

442 5799 617 5873 έχειν.
644 5799 982 5876 Ριιιιιοροει
1015 5805 1278 5862 articulus
1309 5820 1374 5861 ex
1414 5818 1547 5861 mss.
1595 5799 2006 5863 coddfadditus

2121 5258 2244 5303 ante
2280 5249 2543 5310 τέκτονος.

2191 5318 2302 5390 (ῼὶ
2335 5317 2414 5390 Τῇ
2447 5317 2699 5390 διανοίᾳ.
2730 5315 2847 5390 I_)uo
2874 5317 3090 5390 codices
3116 5333 3248 5374 mss.
3278 5322 3334 5372 ἐν
3357 5318 3685 5390 τῇ-διανοίᾳ.

2191 5389 2305 5509 (ῒό)
2349 5385 2707 5456 Ἔνέργειαν.
2735 5387 2824 5443 Sic
2847 5387 3064 5444 codices
3100 5404 3234 5444 mss.
3269 5385 3573 5445 sex."Editi
3597 5385 3691 5458 ιρ-

2197 5475 2226 5509 σ
2250 5475 2334 5509 αν.

2157 5475 2334 5512 ασιαν.

2119 5476 2440 5594 “(alfalfa
2471 5526 2906 5594 θαυμάσαντες.
2941 5527 3062 5581 Haec
3091 5527 3289 5582 desunt
3325 5529 3378 5581 in
3412 5525 3690 5582 nonnullis

2119 5595 2401 5653 codicibus
2432 5613 2562 5652 mss.
2589 5597 2756 5650 Paulo
2787 5606 2910 5666 post
2939 5598 3069 5651 editi
3106 5597 3205 5668 τὴν
3229 5598 3323 5650 τοῦ
3348 5598 3686 5668 Πνεύματος,

2119 5669 2212 5724 scd
2249 5667 2456 5736 primus
2497 5667 2760 5721 articulus
2793 5665 2906 5721 non
2944 5665 3219 5722 invenitur
3263 5669 3316 5722 in
3353 5665 3686 5736 mss.'codd.

2190 5731 2301 5807 (43)
2337 5737 2463 5807 Τοῦ,
2488 5737 2680 5804 ἁγίου.
2731 5736 2844 5791 Duo
2875 5739 3085 5807 antiqui
3125 5739 3344 5796 codices
3387 5736 3482 5790 τοῦ
3517 5731 3687 5792 θείου.

2121 5807 2236 5863 Duo
2265 5808 2352 5863 alii
2387 5806 2478 5861 τοῦ
2507 5807 2650 5861 θείου
2690 5807 2787 5861 καὶ
2820 5806 2990 5876 ἁγίου.
