3972 6218
333 387 403 441 ’Π
1476 390 1680 446 LIBER
1716 390 1804 444 DE
1845 389 2116 449 SPlRlTU
2161 391 2453 452 SANCTO.
2969 434 2976 440 -
3537 406 3606 462 78

883 503 1272 560 ΚΕΦΔΛΔΙΟΝ
1313 507 1386 563 Δ’.

337 612 472 668 ὀτι
524 613 989 686 ἀπαρατήρητος
1043 617 1117 687 τῇ
1173 617 1386 688 Γραφῇ
1435 617 1554 673 τῶν
1601 618 1928 674 συλλαϐῶν

840 689 1067 742 τούτων
1104 689 1142 757 ἠ
1183 688 1420 757 χρῆσις.

414 780 468 834 6.
519 779 714 850 Ἡμεῖς
737 779 795 832 δὲ
823 779 1124 850 κεχρῆσθαι
1158 781 1256 852 μὲν
1285 781 1550 853 πολλαχοῦ
1573 785 1695 845 ταῖς
1721 784 1926 852 φωναῖς

337 871 570 936 ταύταις
623 874 719 926 καὶ
757 873 851 927 τὸν
893 874 990 943 τῆς
1031 872 1289 943 ἀληθείας
1325 874 1484 943 λόγον
1522 874 1922 946 ὁμολογοῦμεν·

338 966 406 1018 οὺ
441 967 552 1037 μὴν
589 968 691 1038 τήν
719 983 783 1035 γε
825 966 922 1019 τοῦ
956 965 1272 1037 Πνεύματος
1308 967 1621 1038 ἐλευθερίαν
1654 967 1927 1022 δουλεύειν

342 1056 567 1120 πάντως
594 1058 778 1128 φαμὲν
819 1061 887 1129 τῇ
921 1059 1361 1131 σμικροπρεπείᾳ
1394 1060 1504 1114 τῶν
1537 1060 1755 1126 ἔξωθεν,
1790 1061 1928 1115 ἀλλὰ

344 1147 491 1200 κατὰ
544 1147 605 1200 τὸ
657 1149 745 1201 ἀεὶ
795 1149 1222 1221 προστυγχάνον,
1274 1149 1488 1214 οἰκείως
1539 1155 1660 1216 ταῖς
1716 1152 1926 1223 χρείαις

348 1239 714 1293 ὑπαλλάττειν
768 1240 867 1304 τὰς
907 1241 1262 1312 ἐκφωνήσεις.
1307 1242 1383 1294 Οὐ
1429 1241 1540 1311 γὰρ
1588 1241 1804 1304 πάντως
1843 1241 1923 1305 τὸ,

347 1329 422 1394 ἐξ
463 1326 562 1393 οὗ,
596 1331 694 1401 τὴν
725 1331 860 1402 ὓλην
903 1331 1188 1402 σημαίνει,
1245 1330 1429 1396 καθὼς
1472 1331 1697 1394 ἐκείνοις
1745 1332 1922 1385 δοκεῖ·

341 1422 481 1476 ἀλλά
507 1423 901 1495 συνηθέστερον
920 1427 986 1495 τῇ
1010 1424 1197 1494 Γραφῇ
1222 1422 1318 1476 ἐπὶ
1341 1423 1442 1494 τῆς
1466 1424 1725 1478 ἀνωτάτω
1745 1422 1926 1486 αἰτίας

339 1515 442 1585 τὴν
473 1515 661 1586 φωνὴν
685 1515 889 1586 ταύτην
918 1514 1387 1588 παραλαμϐάνειν.
1438 1515 1524 1578 Ὡς
1554 1515 1646 1568 ἐπὶ
1671 1514 1787 1580 τοῦ,
1822 1509 1925 1581 Εἷς

340 1606 513 1671 Θεὸς,
542 1607 613 1670 ἐξ
638 1603 710 1662 οὗ
744 1607 816 1661 τὰ
850 1605 1047 1685 ἶπάντα
1067 1624 1080 1638 ο
1127 1607 1224 1662 καὶ
1251 1606 1432 1682 θπὰλιν
1456 1623 1470 1637 ο
1511 1606 1589 1661 Τὰ
1615 1606 1684 1660 δὲ
1729 1606 1926 1661 πάντα

334 1699 413 1752 ἐκ
448 1699 563 1753 τοῦ
595 1700 766 1754 Θεοῦ.
812 1700 1092 1770 Κέχρηται
1127 1699 1306 1771 μέντοι
1337 1701 1431 1752 καὶ
1469 1701 1499 1752 6
1523 1698 1623 1769 τῆς
1667 1698 1924 1770 ἀληθείας

338 1790 501 1858 λόγος
530 1794 600 1862 τῇ
628 1791 774 1856 λέξει
799 1791 976 1865 ταύτῃ
1003 1793 1098 1845 καὶ
1130 1792 1222 1844 ἐπὶ
1246 1792 1345 1863 τῆς
1376 1789 1508 1862 ὕλης
1537 1790 1816 1854 πολλάκις,
1847 1790 1924 1853 ὼς

2624 511 2850 570 CAPUT
2915 514 3006 568 IV.

2041 618 2243 674 Harum
2266 622 2598 692 syllabarum
2619 641 2780 700 usum
2804 628 2918 700 sine
2937 627 3243 684 discrimine
3261 628 3316 684 in
3335 628 3610 700 Scriptura

2689 696 2948 750 adhiberi.
3453 696 3464 700 ⁷
3573 745 3578 748 .

2103 781 2158 839 6.
2212 782 2323 840 Nos
2362 799 2528 855 porro
2571 784 2886 856 frequenter
2923 787 3010 843 his
3053 787 3133 843 uti
3177 788 3404 846 vocibus
3444 789 3608 846 etiam

2034 873 2278 929 veritatis
2305 891 2613 932 sermonem
2659 877 3004 946 conﬁtemur,
3035 877 3180 934 haud
3215 887 3396 934 tamen
3433 879 3609 951 Spiri-

2036 969 2124 1017 tus
2184 963 2492 1020 libertatem
2555 967 2853 1024 humilibus
2904 976 2958 1024 et
3006 967 3234 1040 abjectis
3292 980 3608 1028 exterorum

2033 1053 2340 1125 disciplinis
2373 1058 2485 1114 ullo
2516 1059 2681 1113 modo
2707 1060 2915 1116 servire
2951 1061 3186 1119 dicimus
3223 1081 3237 1117 :
3278 1079 3467 1119 verum
3507 1065 3609 1120 ha-

2033 1149 2146 1202 bita
2198 1150 2412 1206 ratione
2457 1151 2577 1221 ejus
2607 1152 2754 1222 quod
2801 1153 3032 1209 subinde
3056 1156 3320 1219 occurrit,
3355 1157 3609 1212 enuntia-

2034 1238 2211 1294 tiones
2235 1250 2604 1312 congruenter
2637 1243 2763 1296 usui
2786 1244 3280 1316 convenienterque
3304 1246 3604 1303 immutari.

2031 1325 2219 1399 Neque
2256 1332 2400 1385 enim
2443 1332 2598 1396 illud,
2627 1349 2694 1386 ea:
2717 1350 2840 1404 quo,
2873 1350 3101 1405 prorsus
3135 1336 3406 1407 signiﬁcat
3435 1349 3605 1394 mate-

2032 1422 2191 1486 riam,
2216 1425 2674 1493 quemadmodum
2700 1426 2777 1479 illi
2800 1434 2993 1497 putant
3026 1446 3040 1482 :
3075 1428 3170 1483 sed
3195 1438 3282 1485 est
3311 1426 3608 1500 Scriptum

2032 1510 2357 1570 familiarius
2416 1515 2559 1570 hanc
2619 1531 2802 1570 vocem
2861 1517 2929 1571 ad
3008 1533 3318 1588 supremam
3381 1535 3606 1576 causam

2031 1603 2307 1662 adbibere.
2338 1607 2583 1678 Exempli
2611 1623 2778 1664 causa
2799 1608 2853 1663 in
2879 1609 2981 1664 hoc
3009 1611 3155 1676 loco,
3189 1609 3335 1667 Unus
3361 1613 3418 1684 6
3442 1613 3604 1680 Deus,

2029 1683 2094 1748 ex
2156 1713 2258 1766 quo
2305 1699 2484 1752 omnia
2535 1699 2602 1754 ⁷¹.
2659 1699 2740 1754 Ac
2787 1716 3006 1757 rursum
3042 1719 3056 1754 :
3092 1701 3286 1757 Omnia
3326 1683 3502 1758 autem
3539 1719 3605 1759 ea:

2029 1786 2140 1843 Deo
2171 1790 2239 1845 τ’.
2282 1788 2465 1846 Utitur
2505 1801 2687 1848 tamen
2723 1795 2969 1849 veritatis
3017 1809 3200 1851 sermo
3236 1795 3338 1850 hac
3373 1797 3490 1866 ipsa
3519 1796 3605 1852 di-

334 1883 469 1937 ὅταν
495 1883 632 1955 λέγῃ
648 1899 664 1913 ·
690 1882 976 1951 Ποιήσεις
1018 1884 1132 1952 τὴν·
1159 1883 1410 1938 κιϐωτὸν
1437 1884 1508 1938 ἐκ
1537 1884 1738 1948 ξύλων
1767 1883 1916 1951 ἀσή-

2026 1882 2211 1937 ctione
2253 1883 2419 1938 etiam
2465 1899 2608 1954 saepe
2660 1884 2729 1940 de
2779 1887 3028 1950 materia,
3072 1887 3238 1942 veluti
3279 1902 3403 1942 cum
3454 1888 3532 1942 ait
3586 1907 3598 1941 :

336 1988 534 2028 πτωνο
591 1975 710 2038 καὶ,
763 1974 1048 2043 Ποιήσεις
1089 1974 1204 2042 τὴν
1256 1973 1521 2042 λυχνίαν
1567 1974 1635 2026 ἐκ
1666 1973 1920 2043 χρυσίου

335 2060 628 2130 καθαροῦ·
655 2063 771 2126 καὶ,
810 2062 863 2115 '0
887 2061 1115 2131 πρῶτος
1135 2062 1448 2131 ἅνθρωπος
1466 2064 1537 2117 ἐκ
1560 2063 1674 2133 τῆς
1695 2064 1918 2130 χοὶπςο

335 2153 434 2206 καὶ
452 2193 470 2220 ,
513 2154 612 2207 Ἐκ
643 2153 842 2221 πηλοῦ
878 2153 1178 2221 διήρτισαι
1213 2154 1296 2209 σὺ
1329 2155 1412 2221 ὡς
1450 2155 1550 2209 καὶ
1593 2153 1726 2223 ἐγώ.
1783 2153 1920 2206 Ἀλλ’

334 2238 508 2308 οὗτοι,
543 2245 654 2310 ἵνα,
688 2245 765 2308 ὠς
792 2244 1002 2316 ἔφαμεν
1032 2245 1166 2317 (46),
1196 2247 1296 2318 τῆς
1342 2246 1557 2315 φύσεως
1582 2245 1643 2299 τὸ
1665 2246 1921 2316 διάφορον

335 2337 766 2408 παραστήσωσι,
798 2337 878 2408 τῷ
919 2338 1094 2409 Πατρ)⁸
1130 2338 1276 2410 μόνῳ
1306 2339 1604 2411 προσήκειν
1632 2335 1732 2408 τὴν
1777 2337 1921 2402 λέξιν

334 2428 544 2500 ταύτην
572 2427 1007 2501 ἐνομοθέτησανο
1039 2429 1138 2495 τὰς
1188 2431 1287 2502 μὲν
1329 2431 1502 2502 ἀρχὰς
1531 2431 1633 2502 τῆς
1675 2447 1922 2504 παρατη-

339 2519 555 2589 ρήσεως
605 2518 863 2584 λαϐόντες
904 2520 1056 2592 παρὰ
1101 2521 1210 2576 τῶν
1261 2521 1460 2596 ἔξωθεν
1480 2561 1495 2587 ,
1530 2523 1591 2575 οὑ
1639 2522 1817 2576 πάντα
1865 2523 1920 2575 δὲ

331 2610 572 2675 ἐκείνοις
617 2611 684 2664 δι’
725 2611 1011 2682 ἀκριϐείας
1057 2613 1474 2677 δουλεύσαντες·
1514 2614 1650 2669 ἀλλὰ
1698 2615 1776 2687 τῷ
1822 2615 1921 2686 μὲν

336 2702 476 2773 Υίῷ,
510 2703 656 2757 κατὰ
683 2706 782 2775 τὴν
814 2705 1038 2759 ἐκείνων
1066 2706 1409 2778 νομοθεσίαν,
1436 2707 1534 2780 τὴν
1562 2707 1658 2760 τοῦ
1689 2709 1920 2780 ὀργάνου

336 2795 719 2864 προσηγορίαν
770 2795 1078 2866 ἐπέθηκαν,
1131 2796 1211 2868 τῷ
1252 2797 1310 2850 δὲ
1356 2797 1634 2868 Πνεύματι
1675 2797 1775 2868 τὴν
1823 2795 1920 2851 τοῦ

334 2884 507 2938 τόπου
525 2901 540 2914 ·
600 2887 698 2940 Ἐν
735 2889 1034 2956 Πνεύματι
1073 2887 1182 2958 γὰρ
1219 2887 1466 2956 λέγουσι·
1524 2890 1618 2943 καὶ
1645 2888 1745 2944 διὰ
1785 2888 1920 2944 Υἱοῦ

334 2977 560 3045 λέγουσι
585 2995 601 3008 ·
628 2977 709 3056 τῷ
745 2979 803 3032 δὲ
839 2979 960 3051 Θεῷ
989 2981 1089 3053 τὴν
1121 2981 1191 3046 ἐξ
1218 2978 1291 3038 οὖ
1323 2981 1455 3052 (47),
1480 2981 1664 3036 οὐκέτι
1689 2982 1921 3038 ἐνταῦθα

336 3070 870 3136 κατακολουθοῦντες
909 3076 1022 3137 τοῖς
1051 3075 1370 3147 ἀλλοτρίοις,
1402 3076 1514 3130 ἀλλ’
1545 3078 1637 3132 ἐπὶ
1662 3078 1761 3142 τὰς
1788 3079 1922 3132 ἀπο-

337 3160 615 3225 στολικὰς,
653 3161 730 3225 ὥς
767 3180 921 3232 φασι,
961 3165 1381 3235 μεταϐαίνοντες¹
1397 3169 1642 3240 χρήσεις,
1671 3171 1815 3225 καθὰ
1842 3172 1918 3224 εῐ-

338 3268 538 3322 ρηται·
598 3252 702 3318 Ἐξ
731 3227 919 3309 urbem”)
956 3227 1026 3308 δὲ
1067 3255 1237 3326 ὑμεῖς
1264 3227 1500 3312 ἐστέ-ἐνί
1541 3227 1773 3328 Χριστῷ
1814 3262 1913 3330 Ἰη-
1947 3227 1988 3280 C

333 3343 454 3396 σοῦ
471 3359 483 3370 °
510 3345 627 3406 καὶ,
661 3345 736 3398 Τὰ
763 3344 832 3398 δὲ
863 3345 1062 3399 πάντα
1086 3348 1154 3401 ἐκ
1185 3347 1293 3402 τοῦ
1319 3350 1488 3404 Θεοῦ.
1519 3351 1584 3404 Τί
1612 3347 1703 3406 οὖν
1728 3355 1793 3407 ἐκ
1819 3353 1918 3424 τῆς

335 3433 684 3504 τεχνολογίας
727 3435 933 3507 ταύτης
979 3438 1044 3490 τὸ
1096 3441 1499 3510 συναγόμενον;
1547 3443 1714 3515 Ἀλλη
1757 3445 1917 3514 φύσις

337 3526 535 3589 αἰτίου,
571 3529 668 3579 καὶ
690 3527 824 3598 ἄλλη
851 3528 1106 3599 ὀργάνου,
1135 3533 1231 3585 καὶ
1253 3532 1388 3604 ἄλλη
1415 3536 1582 3588 τόπου
1603 3553 1614 3565 ·
1642 3536 1920 3608 ἀλλότριος

335 3617 446 3689 ἄρα
481 3619 597 3689 (48)
627 3619 770 3673 κατὰ
809 3621 910 3691 τὴν
945 3621 1106 3691 φύσιν
1144 3624 1173 3675 6
1225 3623 1352 3688 Υἱὸς
1386 3625 1466 3696 τῷ
1498 3628 1695 3698 Πατρὶ,
1731 3629 1916 3701 ἐπειδὴ

336 3711 435 3764 καὶ
480 3710 543 3763 τὸ
594 3711 824 3782 ὄργανον
868 3713 947 3784 τῷ
996 3716 1213 3787 τεχνίτῃ
1231 3733 1250 3746 ο
1297 3716 1576 3789 ἀλλότριον
1623 3719 1680 3772 δὲ
1730 3721 1822 3774 καὶ
1859 3722 1920 3775 τὸ

338 3801 587 3873 Πνεῦμα,
626 3803 858 3858 καθόσον
896 3805 1226 3878 κεχώρισται
1263 3809 1446 3875 τόπος,
1494 3809 1527 3880 ἢ
1563 3811 1772 3882 χρόνος,
1820 3814 1916 3884 τῆς

335 3893 448 3946 τῶν
491 3895 741 3965 ὀργάνων
780 3896 1029 3966 φύσεως,
1061 3899 1094 3970 ἢ
1126 3899 1227 3971 τῆς
1253 3900 1361 3954 τῶν
1391 3904 1917 3975 μεταχειριζομένων

332 3985 481 4040 αὐτά

875 4106 1270 4161 ΚΕΦΑΛΑΙΟΝ
1311 4108 1386 4163 E'.

339 4193 464 4247 Ὅτι
497 4193 599 4247 καὶ
625 4195 724 4248 ἐπὶ
754 4195 1237 4265 Πατρός-λέγεται
1259 4198 1327 4251 τὸ
1363 4217 1382 4250 ι
1418 4199 1492 4252 δι’
1523 4195 1596 4256 οὗ
1638 4221 1657 4253 ι
1695 4201 1792 4258 καὶ
1815 4202 1914 4258 ἐπὶ

507 4266 646 4319 Υὶοῦ
687 4269 750 4318 τὸ
788 4284 807 4316 ‹
840 4266 909 4330 ἐξ
938 4263 1032 4331 οὗ,
1070 4263 1092 4318 ι
1124 4269 1223 4323 καὶ
1249 4269 1348 4323 ἐπὶ
1381 4271 1750 4340 Πνεύματος.

413 4357 468 4410 7.
511 4357 597 4410 Τὰ
628 4356 726 4426 μὲν
748 4357 813 4429 δὴ
840 4358 950 4427 (49)
969 4359 1191 4412 ἐκείνων
1220 4360 1461 4414 τοιαῦτα·
1492 4364 1651 4433 ἡμεῖς
1675 4363 1732 4416 δὲ
1753 4365 1916 4430 δείξο-

339 4469 442 4522 μεν
479 4451 509 4503 ὃ
558 4449 919 4521 προεθέμεθα,
952 4451 1034 4504 ὅτι
1066 4449 1188 4504 οὔτε
1219 4453 1247 4505 6
1283 4453 1492 4524 Πατὴρ,
1520 4454 1581 4507 τὸ
1619 4455 1688 4520 ἐξ
1721 4454 1793 4513 οὗ
1823 4457 1916 4512 λα-

2023 1972 2214 2030 Facies
2240 1992 2420 2030 arcam
2440 1993 2468 2032 e
2489 1977 2644 2048 lignis
2666 1978 3221 2048 imputrescibilibus"
3247 1996 3263 2047 ;
3290 1988 3344 2034 et
3370 1997 3383 2034 :
3417 1979 3602 2035 Facies

2023 2065 2405 2121 candelabrum
2434 2083 2499 2122 ea:
2539 2085 2671 2122 auro
2712 2086 2847 2139 puro
2875 2070 2923 2101 ’⁷⁸
2967 2086 2984 2136 ;
3014 2079 3096 2125 et:
3125 2069 3342 2125 Primus
3385 2070 3540 2126 homo
3576 2087 3606 2124 ρ

2023 2165 2166 2211 terra
2199 2167 2436 2214 terrenus
2452 2159 2498 2190 ⁷³
2529 2175 2546 2224 ;
2584 2167 2676 2212 et:
2713 2158 2760 2212 E
2791 2160 2902 2214 luto
2941 2161 3260 2230 compositus
3289 2177 3344 2215 es
3376 2171 3434 2214 tu
3459 2178 3605 2232 teque

2021 2258 2178 2320 atque
2226 2266 2320 2321 ego
2373 2251 2439 2306 ".
2491 2251 2563 2305 At
2611 2251 2728 2315 isti,
2767 2259 2827 2306 ut
2861 2257 3093 2332 naturae,
3140 2251 3602 2322 quemadmodum

2021 2342 2285 2408 diximus,
2315 2341 2692 2400 diversitatem
2719 2342 3090 2408 constituant,
3113 2343 3441 2400 deﬁnierunt
3460 2345 3602 2400 hanc

2022 2450 2210 2490 vocem
2255 2436 2359 2492 soli
2386 2434 2536 2491 Patri
2565 2451 2894 2507 congruere.
2933 2433 3014 2490 Ac
3065 2434 3338 2506 principia
3379 2435 3598 2505 quidem

2021 2525 2423 2582 observationis
2465 2533 2801 2595 acceperunt
2832 2525 2903 2581 ab
2937 2525 3180 2581 externis
3207 2525 3595 2596 scriptoribus.

2022 2633 2131 2672 non
2168 2627 2348 2672 tamen
2391 2618 2478 2673 his
2531 2619 2586 2672 in
2631 2617 2886 2672 omnibus
2943 2625 3199 2672 accurate
3240 2618 3545 2674 inserviunt
3581 2639 3593 2671 :

2022 2711 2116 2766 sed
2158 2709 2296 2765 Filio
2330 2708 2572 2780 quidem,
2623 2711 2926 2765 secundum
2975 2709 3450 2780 praescriptionem
3479 2710 3600 2766 illo‘

2022 2820 2166 2868 rum,
2201 2801 2552 2858 instrumenti
2575 2801 2905 2857 vocabulum
2937 2800 3339 2871 imposuerunt,
3369 2799 3596 2872 Spiritui

2020 2913 2152 2955 vero
2196 2902 2390 2952 sancto
2417 2934 2434 2959 ,
2495 2894 2624 2950 loci.
2681 2893 2852 2948 Aiunt
2893 2893 3064 2959 enim,
3122 2895 3179 2948 in
3224 2891 3434 2964 Spiritu
3480 2907 3500 2946 :
3543 2903 3600 2950 et

2021 2992 2195 3056 aiunt,
2230 3007 2322 3062 per
2349 2988 2572 3044 Filium.
2606 2987 2675 3042 At
2703 2987 2814 3044 Deo
2847 3003 3064 3052 vocem,
3095 3002 3162 3042 ea:
3188 3004 3310 3058 quo,
3334 2988 3600 3044 attribue-

2021 3093 2172 3150 runt,
2218 3098 2328 3138 non
2370 3082 2606 3152 amplius
2645 3081 2737 3136 hic
2785 3081 2995 3137 alienos
3044 3090 3360 3151 sequentes,
3397 3081 3492 3137 sed
3525 3081 3596 3136 ad

2023 3177 2381 3248 apostolicos,
2433 3182 2495 3229 ut
2522 3173 2630 3244 ipsi
2656 3173 2870 3240 dicunt,
2906 3187 3042 3230 usus
3069 3179 3420 3228 transeuntes
3451 3188 3468 3236 ;
3504 3188 3596 3229 sc-

2025 3267 2264 3324 cundum
2313 3265 2458 3337 quod
2487 3265 2694 3320 dictum
2715 3273 2802 3320 est
2838 3283 2851 3318 :
2887 3263 2972 3318 Ex
3001 3265 3115 3334 ipso
3146 3274 3322 3318 autem
3351 3280 3440 3319 uos
3469 3264 3596 3318 estis

2024 3361 2078 3413 in
2119 3358 2332 3416 Christo
2367 3356 2498 3412 Iesu
2542 3357 2622 3422 7’;
2691 3363 2746 3412 et
2781 3375 2794 3408 :
2831 3354 3023 3411 Omnia
3055 3365 3232 3410 autem
3275 3371 3342 3410 ex
3386 3355 3490 3410 Deo
3525 3355 3594 3410 ⁷⁸.

2024 3452 2167 3518 Quid
2213 3452 2383 3522 igitur
2424 3457 2529 3513 est,
2573 3449 2718 3519 quod
2764 3463 2832 3504 ex
2874 3448 2978 3502 hac
3030 3447 3242 3518 argutia
3272 3445 3599 3503 conﬁcitur?

2023 3544 2146 3600 Alia
2193 3552 2394 3598 natura
2445 3557 2647 3603 causae,
2705 3540 2813 3594 alia
2860 3539 3236 3604 instrumenti,
3281 3540 3388 3594 alia
3424 3538 3532 3593 loci
3579 3556 3593 3571 ’

2024 3635 2235 3690 alienus
2268 3649 2400 3705 ergo
2430 3631 2733 3689 secundum
2765 3640 3020 3688 naturam
3054 3628 3228 3686 Filius
3263 3646 3291 3684 a
3325 3629 3507 3694 Patre.
3547 3630 3596 3685 si

2023 3727 2246 3798 quidem
2269 3735 2324 3782 et
2346 3728 2772 3782 instrumentum
2807 3725 2876 3779 ab
2905 3724 3100 3795 opiﬁce
3134 3741 3149 3790 ;
3184 3724 3398 3778 alienus
3428 3723 3595 3778 etiam

2023 3829 2077 3875 et
2100 3818 2339 3889 Spiritus
2373 3824 2619 3880 sanctus,
2652 3815 3097 3887 quandoquidem
3132 3823 3418 3884 separatur
3439 3814 3596 3870 locus

2024 3921 2119 3967 aut
2149 3925 2366 3982 tempus
2393 3911 2462 3964 ab
2492 3910 2986 3964 instrumentorum
3029 3915 3124 3961 aut
3152 3921 3346 3973 eorum
3375 3906 3470 3978 qui
3510 3908 3598 3962 in-

2023 4003 2346 4060 strumentis
2381 4011 2610 4056 utuntur
2640 4008 2858 4054 natura.

2637 4107 2867 4165 CAPUT
2907 4107 2974 4163 ν.

2023 4205 2092 4260 Et
2107 4205 2171 4261 de
2196 4205 2360 4260 Patre
2387 4204 2513 4268 dici,
2544 4223 2562 4254 ι
2585 4218 2868 4274 per‘quem,
2901 4219 2920 4252 ι
2939 4210 2989 4255 et
3020 4199 3084 4255 de
3099 4199 3266 4268 Filio,
3289 4219 3310 4254 ι
3330 4217 3397 4270 ea;
3415 4218 3540 4274 quo,
3568 4223 3588 4255 ι

2508 4274 2644 4327 etde
2668 4271 2874 4340 Spiritu
2898 4282 3100 4326 sancto.

2093 4370 2144 4423 7.
2177 4367 2260 4422 Ad
2304 4367 2454 4421 hunc
2483 4365 2705 4436 quidem
2739 4365 2963 4419 modum
2999 4379 3059 4420 se
3091 4363 3317 4426 habent,
3369 4379 3489 4435 quae
3521 4365 3591 4419 ab

2022 4463 2144 4517 istis
2177 4459 2484 4516 aﬁ‘eruntur
2517 4478 2530 4513 :
2566 4472 2670 4513 nos
2699 4465 2881 4511 autem
2909 4455 3412 4512 demonstrabimus
3440 4457 3588 4526 quod

337 4543 471 4607 ϐὼν,
510 4542 592 4613 τῷ
630 4541 746 4612 Υἱῷ
780 4543 1112 4615 προσέρῤιψε
1170 4544 1232 4596 τὸ
1280 4543 1354 4599 δι’
1393 4541 1488 4610 οὗ,
1534 4545 1656 4600 οὔτε
1705 4549 1734 4600 6
1788 4550 1915 4613 Υἱὸς

2026 4553 2431 4625 proposuimus,
2463 4564 2567 4605 nec
2592 4549 2808 4603 Patrem
2834 4547 2940 4602 sibi
2965 4555 3269 4602 sumentem
3301 4547 3399 4603 has
3427 4561 3588 4602 voces

336 4633 504 4688 πάλιν
532 4633 596 4686 τὸ
626 4633 851 4703 Πνεῦμα
891 4634 953 4688 τὸ
992 4633 1167 4702 ἅγιον,
1207 4635 1350 4690 κατὰ
1387 4637 1486 4708 τὴν
1521 4639 1724 4693 τούτων
1763 4658 1916 4712 νομο-

2026 4665 2084 4704 ea:
2121 4664 2243 4718 quo,
2269 4646 2335 4700 ad
2368 4644 2570 4699 Filium
2599 4641 2897 4712 projecisse
2919 4640 3042 4703 bas,
3069 4655 3161 4709 per
3196 4656 3372 4710 quem,
3411 4654 3588 4709 neque

247 4729 254 4734 ’
337 4724 529 4779 θεσίαν
557 4727 639 4788 εἰς
671 4724 768 4794 τὴν
801 4724 894 4778 τοῦ
933 4724 1002 4790 ἐξ
1032 4721 1129 4790 οὗ,
1175 4725 1209 4796 ἢ
1240 4726 1338 4797 τὴν
1381 4725 1454 4779 δι’
1508 4725 1580 4784 οὗ
1630 4733 1913 4786 κοινωνίαν

414 4849 460 4880 τι
488 4843 656 4919 ιςος,
683 4843 886 4919 muti,-
938 4845 1035 4919 τ’]
1061 4845 1188 4919 Cor.
1222 4861 1300 4911 ιι,
1329 4846 1406 4919 12
1482 4850 1529 4883 ⁷³
1550 4848 1684 4907 Gen.
1719 4870 1770 4908 vr
1791 4897 1805 4919 ,
1833 4859 1915 4913 14.

342 4922 397 4976 6,
472 4919 517 4950 ⁷⁷
550 4915 572 4969 ι
600 4915 728 4969 Cor.
757 4929 794 4980 ι,
825 4914 914 4968 30.
991 4915 1036 4946 ⁷⁸
1069 4918 1088 4968 ι
1118 4915 1244 4970 Cor.
1280 4933 1354 4980 xu,
1388 4917 1477 4972 12.

413 5043 525 5112 (46)
561 5038 949 5114 nassae":
973 5036 1127 5114 Ull‘ls
1158 5039 1326 5114 eode!
1348 5040 1448 5114 ,ὡς
1465 5042 1566 5114 ἔφη
1576 5062 1692 5114 μεν.

413 5105 526 5184 (47)
560 5105 1006 5186 Τιῖζδὲήρὲῷ-τὴν
1033 5108 1101 5172 ἐξ
1127 5105 1219 5186 οῇ.
1331 5105 1651 5186 Ambrosius
1673 5117 1764 5186 qui
1789 5118 1907 5186 plu-

343 5179 482 5241 rima
509 5179 586 5238 ex
631 5180 829 5234 Basilio
884 5181 939 5232 in
984 5179 1220 5250 suosque
1247 5179 1453 5250 Spiritu
1501 5179 1707 5240 sancto'
1735 5179 1904 5244 libros

343 5254 646 5315 transtulit,
681 5250 864 5304 minus
890 5249 1176 5305 commode
1206 5249 1416 5305 videtur
1439 5253 1542 5308 hoc
1571 5255 1691 5310 loco
1715 5256 1901 5313 Basilii

339 5325 669 5383 sententiam
697 5321 996 5390 accepisse.
1025 5317 1159 5372 Nam
1185 5321 1439 5390 observat
1461 5323 1694 5380 Basilius
1726 5326 1902 5383 Pneu-

339 5393 739 5454 malomachos,
769 5389 896 5464 dum
920 5389 1101 5464 omnia
1121 5405 1202 5464 ex_
1220 5389 1327 5445 Deo
1357 5399 1612 5464 tanquam
1635 5413 1700 5450 ex
1733 5413 1900 5452 causa

335 5466 591 5523 cllicienti
618 5477 741 5518 esse
771 5462 982 5536 dicunt,
1018 5458 1298 5515 discedere
1323 5477 1353 5514 a
1397 5458 1680 5535 principiis
1726 5468 1900 5536 philo-

337 5547 663 5608 sophorum,
691 5533 786 5608 qui
811 5531 964 5593 illud,
993 5545 1056 5608 ea;
1077 5547 1198 5608 quo,
1233 5531 1472 5608 materia
1499 5531 1776 5608 proprium
1815 5548 1899 5593 at-

335 5601 586 5663 tribuunt
620 5601 774 5673 quia,
809 5618 843 5657 e
867 5602 1090 5655 materia
1122 5601 1189 5673 ﬁt
1211 5601 1508 5670 opiﬁciqu
1540 5601 1743 5661 contra
1768 5608 1900 5662 Am-

334 5680 551 5735 brosius
591 5671 662 5729 de
711 5671 1224 5744 Pneumatomachis
1268 5674 1493 5744 loquens
1525 5692 1537 5727 :
1570 5674 1666 5730 Illi
1701 5678 1899 5742 volunt,

338 5750 512 5820 inquit
543 5747 638 5801 lib.
663 5759 736 5820 _ll,
764 5758 886 5812 cap.
919 5743 970 5820 9,
1005 5757 1068 5820 ea:
1093 5740 1199 5796 Deo
1224 5740 1471 5820 tanquam
1502 5762 1568 5800 ea:
1587 5757 1781 5802 natura
1807 5740 1907 5820 Dei

335 5813 446 5877 esse
479 5818 789 5880 materiam,
837 5823 890 5866 ut
921 5813 967 5865 si
1003 5813 1148 5867 dicas
1177 5828 1241 5866 ex
1281 5813 1419 5885 ligno
1457 5833 1636 5870 arcam
1665 5835 1776 5874 esse
1818 5819 1905 5888 [a-

1994 4863 2038 4895 τδ
2068 4861 2239 4918 Exod.
2272 4875 2401 4923 xxv,
2425 4858 2518 4912 3L

2022 4756 2214 4796 rursus
2259 4754 2288 4792 a
2319 4736 2482 4802 Filio,
2525 4737 2671 4791 sicut
2711 4733 2801 4790 isti
2839 4733 3223 4804 praescribunt,
3258 4747 3367 4786 non
3404 4734 3583 4802 recepi

2611 4857 2656 4888 ⁷⁸
2689 4857 2709 4911 l
2740 4853 2866 4910 Cor.
2898 4871 2988 4921 xv,
3017 4854 3108 4908 47.
3176 4854 3223 4885 ⁷⁸
3248 4851 3354 4909 Job
3385 4869 3582 4923 xxxiii,

2013 5062 2174 5108 ctam,
2205 5061 2270 5100 ea:
2293 5041 2466 5114 lapide
2500 5049 2734 5094 statuam
2766 5055 2784 5091 :
2814 5040 2890 5093 ita
2921 5053 2985 5091 ex
3019 5035 3127 5090 Deo
3149 5035 3427 5089 materiam
3461 5051 3585 5104 pra-

2085 5132 2247 5170 5818.56.

2012 5137 2576 5256 ωἰῗὲῗβςΑλ-λότριος
2613 5177 2744 5248 ἄρα.
2791 5175 2914 5256 "fec
2963 5174 3021 5230 S.
3048 5176 3402 5256 .Ambrosius
3456 5177 3584 5246 legit,

2007 5246 2133 5314 cum
2168 5246 2612 5321 interrogationis
2643 5246 2790 5303 nota.
2837 5246 2932 5300 Sic
2973 5246 3119 5321 enim
3155 5249 3577 5321 interpretatur.

2006 5330 2104 5385 lib.
2142 5343 2180 5381 ll
2233 5325 2305 5379 De
2351 5315 2553 5391 Spiritu
2602 5330 2805 5380 sancto,
2863 5315 3087 5391 (εζητ-92
3146 5315 3402 5391 Nunquid
3455 5333 3581 5388 ergo

2007 5383 2212 5453 alienus
2272 5383 2556 5450 secundum
2603 5398 2850 5442 naturam
2897 5383 3072 5440 Filius
3124 5404 3157 5441 a
3212 5383 3396 5451 Patre,
3454 5383 3580 5454 quia

2008 5471 2239 5522 alienum
2275 5467 2678 5520 instrumentum
2719 5456 2784 5509 ab
2815 5465 3085 5526 operatore
3128 5462 3339 5526 proprio
3375 5459 3452 5512 vel
3479 5475 3578 5512 au-

2007 5541 2188 5593 ctore?
2211 5545 2303 5589 aut
2332 5529 2564 5601 nunquid
2601 5528 2804 5601 alienus
2842 5524 3015 5580 Filius
3040 5545 3072 5580 a
3104 5524 3327 5598 Spiritu,
3352 5529 3476 5596 quia
3508 5531 3575 5581 ab

2006 5608 2346 5663 instrumenti
2383 5596 2564 5672 genere
2591 5607 2682 5672 aut
2714 5596 2860 5651 locus
2902 5596 3181 5672 separatur
3210 5609 3304 5672 aut
3335 5601 3577 5672 tempus?

2083 5677 2194 5744 (49)
2235 5675 2310 5728 Τὰ
2334 5667 2450 5741 μὲν
2479 5668 2575 5744 ea.
2611 5668 2707 5744 Sic
2739 5683 2873 5744 mss.
2911 5667 3148 5744 codices.
3181 5668 3572 5744 liditioiiaris:

2011 5733 2098 5802 Τὰ’
2123 5733 2219 5817 μέν
2246 5733 2463 5817 δέξθιρ.
2490 5733 2803 5817 Baulopost
2830 5739 3028 5809 legitur
3054 5740 3110 5793 in
3142 5739 3305 5817 editis
3337 5740 3398 5791 τὸ
3415 5737 3481 5792 δι’
3509 5733 3573 5796 οὗ

2012 5809 2345 5892 προδέρριψε
2375 5811 2452 5884 τῷ
2490 5810 2622 5882 Υἱῷ.
2658 5809 2806 5864 Libri
2855 5818 3068 5866 veteres
3107 5818 3166 5863 ut
3199 5809 3255 5864 in
3290 5817 3572 5866 contextu.
