3972 6218
430 364 500 422 79
1771 361 1826 416 S.
1871 360 2112 417 BASILII
2158 358 2369 415 MAGNI
3609 357 3680 416 80

434 480 694 549 Spiritum
744 486 994 536 sanctum
1041 482 1096 534 in
1143 481 1479 536 consortium
1540 480 1733 534 harum
1770 494 1989 545 vocum,

2102 478 2161 531 οὐ
2195 476 2590 548 παραδέχεται·
2622 475 2755 547 ὅπερ
2792 475 2824 545 ὴ
2862 474 3022 543 καινὴ
3055 470 3165 547 (50)
3194 474 3395 528 τούτων
3422 473 3680 545 κληροδο-

428 585 495 625 ea:
523 587 647 642 quo,
682 579 798 640 aut,
826 586 920 640 per
963 588 1137 642 quem,
1182 574 1328 643 quod
1367 581 1549 628 tamen
1592 586 1732 626 nova
1770 572 1999 627 istorum

430 661 747 718 distributio
804 661 1016 718 deﬁnit.
1064 660 1216 717 Unus
1271 662 1414 717 Deus
1456 674 1505 718 et
1551 662 1733 729 Pater,
1790 677 1855 716 ea:
1899 677 1998 732 quo

430 754 611 808 omnia
642 763 734 809 :et
763 770 902 809 unus
938 752 1199 810 Dominus
1224 754 1382 811 Jesus
1416 755 1681 823 Christus,
1726 772 1816 827 per
1849 772 1999 827 quem
2050 807 2058 815 .

426 844 610 897 omnia
638 844 704 895 τ’.
736 842 857 900 Non
903 853 1033 901 sunt
1062 846 1145 901 hae
1190 860 1352 903 voces
1389 847 1560 917 legem
1606 847 1854 914 ferentis,
1903 846 1999 903 sed

432 934 759 1006 hypostases
799 935 1213 1009 distinguentis.
1245 937 1363 993 Non
1397 939 1541 995 enim
1580 947 1641 994 ut
1678 948 1887 994 naturae
1918 938 2001 993 in-

427 1027 657 1085 duceret
697 1028 1093 1096 diversitatem,
1136 1031 1232 1087 sed
1264 1041 1323 1086 ut
1355 1031 1700 1089 inconfusam
1731 1030 1913 1087 Patris
1945 1040 2000 1087 et

429 1117 553 1175 Filii
614 1122 894 1178 notionem
929 1123 1232 1188 exhiberet,
1279 1123 1354 1178 ita
1405 1124 1622 1180 locutus
1679 1124 1993 1194 Apostolus.

424 1207 561 1264 Nam
592 1210 737 1279 quod
770 1210 855 1266 hae
895 1226 1060 1267 voces
1092 1212 1234 1269 inter
1274 1227 1334 1268 se
1376 1214 1669 1268 contrariae
1710 1229 1822 1269 non
1863 1214 1995 1276 sint,

427 1314 604 1370 neque
632 1301 780 1356 velut
822 1303 878 1357 in
910 1303 1097 1373 praelio
1131 1310 1399 1374 separata:
1442 1305 1708 1360 adversus
1746 1305 1998 1359 hostilem

425 1394 625 1457 aciem,
677 1391 746 1446 ad
776 1392 980 1448 bellum
1019 1394 1165 1449 inter
1194 1408 1256 1451 se
1282 1393 1580 1465 gerendum
1623 1394 1863 1449 excitent
1902 1408 2001 1448 na-

424 1492 582 1540 turas
623 1484 691 1539 ad
739 1498 878 1555 quas
927 1484 1267 1541 accesserint
1284 1525 1306 1549 ,,
1356 1485 1484 1540 inde
1528 1484 1716 1554 liquet.
1769 1484 1999 1556 Collegit

426 1577 620 1633 ambas
649 1578 707 1632 in
740 1592 850 1633 una
878 1583 934 1633 et
972 1576 1161 1633 eadem
1202 1591 1437 1649 persona
1466 1577 1660 1632 beatus
1686 1576 1737 1646 7
1767 1576 2000 1647 Aposto-

424 1670 514 1726 lus
556 1670 748 1725 dicens
785 1686 800 1723 :
846 1667 1115 1735 Quoniam
1145 1683 1210 1723 ea:
1242 1669 1379 1739 ipso,
1418 1678 1467 1722 et
1507 1683 1599 1738 per
1637 1669 1829 1736 ipsum,
1864 1679 1913 1723 et
1943 1669 1996 1721 in

423 1764 600 1834 ipsum
645 1764 826 1817 omnia
868 1761 937 1819 ⁸ο.
988 1760 1147 1827 Quod
1199 1771 1380 1818 autem
1430 1762 1548 1816 haec
1598 1762 1666 1817 ad
1704 1761 1994 1817 Dominum

423 1831 649 1919 referat,
680 1854 860 1925 quivis
898 1853 1172 1919 fatebitur,
1211 1854 1304 1924 qui
1352 1853 1438 1909 vel
1470 1854 1704 1910 tenuiter
1738 1854 1996 1924 inspiciat
2026 1831 2069 1886 Β

421 1955 662 2001 mentem
700 1943 986 2000 orationis.
1033 1942 1170 1998 Cum
1221 1943 1368 1999 enim
1414 1944 1712 2015 Apostolus
1743 1945 1898 2015 prius
1927 1959 1995 2000 ex

422 2038 577 2094 Isaiae
603 2037 886 2109 prophetia
911 2039 1190 2107 posuisset
1225 2036 1358 2092 illud
1391 2054 1405 2090 :
1441 2037 1574 2106 Quis
1604 2039 1841 2110 cognovit
1879 2054 1998 2093 sen-

421 2145 540 2183 sum
572 2127 807 2195 Domini,
847 2136 941 2182 aut
970 2128 1087 2198 quis
1133 2127 1474 2183 consiliarius
1518 2128 1633 2195 ejus
1669 2130 1822 2199 fuit?
1865 2129 1997 2185 sub-

415 2220 594 2290 jecit:
629 2218 895 2287 Quoniam
924 2233 990 2273 ea,
1021 2219 1158 2286 ipso,
1200 2226 1251 2272 et
1291 2232 1382 2286 per
1408 2220 1599 2285 ipsum,
1629 2228 1679 2274 et
1726 2220 1780 2273 in
1823 2219 1995 2289 ipsum

417 2320 542 2367 sunt
584 2311 762 2366 omnia
790 2311 858 2367 ⁸¹.
898 2310 1030 2377 Quae
1061 2317 1210 2365 certe
1248 2309 1317 2364 de
1356 2307 1470 2364 Deo
1499 2307 1678 2365 Verbo
1704 2311 1993 2367 universo-

419 2419 557 2459 rum»
588 2403 875 2460 conditore
902 2402 1050 2458 dicta
1094 2414 1219 2458 esse
1261 2416 1292 2455 a
1335 2401 1624 2472 propheta,
1661 2418 1728 2458 ex
1763 2403 1832 2459 iis
1873 2419 1995 2474 qua:

419 2494 760 2569 praecedunt,
811 2493 995 2550 discas
1032 2493 1238 2549 licebit.
1280 2492 1412 2559 Quis
1458 2509 1672 2548 mensus
1716 2504 1794 2548 est
1833 2512 1993 2549 manu

421 2602 639 2658 aquam,
689 2594 741 2640 et
783 2584 968 2639 caelum
1006 2585 1208 2653 palmo,
1253 2592 1303 2638 et
1338 2592 1504 2638 totam
1539 2592 1732 2639 terram
1775 2590 1995 2656 pugno?

421 2678 554 2745 Quis
587 2678 780 2733 statuit
802 2684 1003 2730 montes
1047 2677 1106 2730 in
1134 2675 1314 2740 libra,
1355 2684 1407 2731 et
1439 2675 1597 2732 colles
1649 2677 1704 2731 in
1743 2681 1993 2736 statera?

418 2769 553 2834 Quis
586 2768 825 2839 cognouit
861 2783 1071 2822 sensum
1103 2766 1340 2833 Domini,
1374 2775 1468 2821 aut
1506 2768 1622 2837 quis
1651 2767 1992 2823 consiliarius

414 2860 501 2916 illi
529 2860 632 2931 fuit
656 2860 703 2893 ⁸³
726 2860 750 2914 ?
775 2858 913 2914 Nam
940 2860 1058 2916 haec
1082 2859 1275 2923 dictio,
1305 2859 1447 2930 quis,
1486 2858 1577 2913 hic
1617 2874 1728 2914 non
1766 2876 1993 2931 prorsus

417 2950 471 3007 id
505 2951 654 3023 quod
676 2952 871 3008 haberi
908 2951 1120 3024 nequit,
1153 2950 1446 3022 signiﬁcat,
1483 2951 1578 3008 sed
1613 2950 1762 3022 quod
1789 2960 1875 3007 est
1903 2967 1992 3007 ra-

417 3057 541 3098 rum
574 3060 587 3096 :
620 3043 769 3100 velut
820 3046 875 3098 in
919 3042 1024 3098 hoc
1060 3060 1074 3095 :
1114 3041 1246 3108 Quis
1285 3044 1518 3115 insurget
1562 3042 1692 3097 mihi
1740 3042 1990 3098 adversus

413 3148 649 3230 perverse
678 3143 887 3230 agentes
915 3134 1001 3230 l‘”?
1026 3133 1129 3189 Et:
1165 3134 1309 3230 Quis
1333 3144 1411 3190 est
1439 3135 1595 3190 homo
1635 3135 1725 3230 qui
2017 3171 2063 3230 ε

417 3235 528 3281 tam
567 3226 654 3281 “‘2
683 3225 750 3281 Et
780 3244 795 3282 :
827 3226 960 3292 Quis
1009 3226 1255 3283 ascendet
1290 3227 1346 3281 in
1399 3236 1628 3282 montem
1669 3227 1883 3281 Domini
1906 3226 1995 3281 "i

415 3320 682 3377 Similiter
714 3332 769 3377 et
796 3321 901 3376 hoc
930 3321 1052 3377 loco
1069 3321 1276 3376 dictum
1304 3339 1317 3374 :
1352 3321 1484 3389 Quis
1514 3330 1592 3376 est
1617 3322 1707 3392 qui
1743 3322 1987 3391 cognovit

413 3424 626 3465 sensum
660 3409 899 3478 Domini,
933 3419 984 3466 et
1021 3411 1234 3466 consilii
1270 3410 1419 3466 illius
1451 3413 1715 3482 particeps
1764 3413 1864 3482 luit
1897 3411 1988 3465 θεῖ’

412 3501 579 3556 Pater
605 3501 746 3556 enim
782 3499 959 3573 diligit
990 3499 1215 3566 Filium,
1247 3511 1297 3557 et
1327 3502 1506 3557 omnia
1537 3501 1765 3557 ostendit
1799 3502 1884 3556 illi
1912 3502 1979 3557 ⁸⁷.

338 3664 341 3667 _
413 3588 513 3644 Hic
541 3597 626 3646 est
655 3589 751 3660 qui
798 3591 1047 3647 continet
1087 3601 1314 3656 terram,
1358 3605 1591 3661 eamque
1619 3607 1804 3663 pugno
1833 3607 1987 3648 com-

411 3683 607 3753 plexus
635 3690 756 3751 est;
787 3683 881 3754 qui
912 3690 1111 3739 cuncta
1151 3682 1382 3755 digessit
1410 3684 1467 3739 in
1501 3684 1770 3749 ordinem,
1810 3699 1986 3757 eaque

410 3772 629 3828 ornavit
656 3791 671 3840 ;
702 3774 798 3845 qui
825 3784 880 3830 et
906 3781 1122 3830 montes
1153 3773 1436 3845 aaqualiter
1460 3773 1702 3840 libravit,
1737 3780 1793 3829 et
1825 3774 1985 3845 aquis

410 3859 671 3915 terminos
712 3858 1072 3930 praescripsit,
1119 3869 1173 3914 et
1216 3859 1474 3915 omnibus
1519 3874 1641 3930 qua:
1682 3859 1740 3913 in
1779 3861 1985 3917 mundo

407 3957 561 4014 sunt,
592 3964 751 4005 suum
782 3950 1090 4021 designavit
1117 3950 1366 4006 ordinem
1402 3969 1416 4004 :
1450 3950 1545 4020 qui
1574 3958 1748 4007 totum
1776 3952 1978 4008 omium

407 4040 624 4097 modica
653 4040 822 4099 totius
850 4056 965 4098 suat
992 4041 1282 4112 potestatis
1314 4042 1585 4112 particula
1617 4046 1979 4116 comprehen-

406 4129 491 4185 dit
522 4145 722 4202 :quam
752 4147 935 4189 sermo
968 4133 1323 4203 propheticus
1350 4131 1581 4205 ﬁgurate
1609 4136 1851 4204 palmum
1881 4152 1979 4208 ap-

406 4222 648 4293 pellavit.
688 4224 848 4282 Unde
875 4234 1247 4296 congruenter
1289 4226 1588 4296 Apostolus
1611 4226 1813 4297 adjecit
1847 4246 1858 4282 :
1895 4228 1981 4283 Ea:

2102 571 2192 624 σία
2225 569 2496 640 διώρισεν.
2528 563 2633 631 Εἷς
2673 567 2817 634 Θεὸς
2857 567 2967 637 (51)
3002 568 3100 621 καὶ
3132 567 3356 635 Πατὴρ,
3391 566 3460 628 ἐξ
3498 562 3575 621 οὗ
3608 566 3679 620 τὰ

2100 663 2295 716 πάντα
2316 679 2327 690 ·
2361 660 2460 714 καὶ
2488 655 2574 726 εἷς
2599 662 2815 729 Κύριος
2852 660 3079 726 Ἰησοῦς
3103 659 3376 727 Χριστὸς,
3404 657 3477 711 δι’
3507 653 3581 712 οὗ
3608 656 3677 710 τὰ

2099 752 2314 807 πάντα.
2359 745 2528 805 Αὖται
2565 750 2665 805 οὒκ
2712 754 2818 804 εἰσι
2857 749 3272 821 νομοθετοῦντος
3314 749 3509 819 φωναὶ,
3541 746 3679 801 ἀλλὰ

2098 845 2572 917 διευκρινουμένου
2592 845 2689 908 τὰς
2729 842 3074 906 ὑποστάσεις.
3115 842 3188 895 υὺ
3223 842 3332 913 γὰρ
3375 842 3461 894 ἵνα
3491 840 3555 893 τὸ
3581 839 3676 893 ἁλ-

2097 936 2308 1010 λότριον
2352 937 2453 1008 τῆς
2483 936 2698 1006 φύσεως
2740 934 3038 1007 εἰσαγάγῃ,
3082 932 3194 988 ἀλλ’
3236 934 3325 988 ἵνα
3368 932 3677 1002 ἀσύγχυτον

2099 1030 2313 1103 Πατρὸς
2360 1031 2457 1083 καὶ
2514 1027 2645 1082 Υίοῦ
2704 1026 2801 1097 τὴν
2862 1024 3066 1080 ἔννοιαν
3120 1025 3480 1097 παραστήσῃ,
3531 1021 3678 1077 οὕτω

2100 1123 2435 1194 προήνεγκεν
2459 1121 2488 1173 6
2532 1117 2873 1181 Ἀπόστολος.
2913 1117 3065 1171 Ἐπεὶ
3091 1117 3172 1170 ὅτι
3203 1133 3265 1183 γε
3289 1118 3345 1169 αἱ
3377 1115 3554 1184 φωναὶ
3584 1113 3678 1167 ἀλα

2098 1215 2289 1285 λήλαις
2331 1214 2431 1266 οὐκ
2472 1211 2919 1273 ἀντιτάσσονται,
2963 1209 3071 1262 οὐδ’
3107 1208 3296 1279 ὥσπερ
3347 1210 3405 1261 ὲν
3453 1204 3677 1276 πολέμῳ

2099 1306 2236 1376 πρὸς
2272 1304 2563 1359 ἀντίπαλον
2603 1303 2755 1370 τάξιν
2786 1301 3171 1373 ἀποκριθεῖσαι
3210 1296 3675 1369 συνεκπολεμοῦσι

2096 1398 2198 1461 τὰς
2222 1396 2412 1466 φύσεις
2428 1391 2513 1458 αἷς
2534 1391 2984 1466 προσεχώρησαν,
3003 1390 3211 1445 ἐκεῖθεν
3233 1390 3411 1457 δῆλον.
3437 1389 3676 1459 Συνήγα-

2098 1508 2193 1560 γεν
2211 1489 2322 1561 (52)
2341 1486 2655 1559 ἀμφοτέρας
2670 1487 2762 1539 ἐπὶ
2781 1486 2901 1549 ἐνὸς
2913 1485 3006 1538 καὶ
3015 1482 3109 1537 τοῦ
3129 1481 3294 1537 αὐτοῦ
3311 1480 3676 1552 ὑποκειμένου

2098 1584 2127 1636 6
2164 1582 2432 1653 μακάριος
2473 1578 2685 1641 Παῦλος
2722 1576 2924 1637 εἰπών’
2956 1578 3083 1631 Ὅτι
3111 1576 3181 1641 ἐξ
3205 1576 3414 1638 αὐτοῦ,
3461 1575 3561 1629 καὶ
3598 1573 3677 1629 δι’

2097 1672 2302 1737 αὐτοῦ,
2329 1671 2424 1725 καὶ
2447 1673 2534 1736 εἰς
2562 1669 2750 1724 αὑτὸν
2778 1668 2848 1724 τὰ
2869 1667 3084 1722 πάντα.
3111 1668 3281 1720 Τοῦτο
3305 1667 3361 1719 δὲ
3392 1666 3678 1739 προδήλως

2099 1765 2178 1827 εἰς
2199 1762 2289 1816 τὸν
2316 1761 2521 1832 Κύριον
2552 1759 2740 1831 φέρειν
2768 1760 2874 1822 πᾶς
2913 1775 2998 1823 τις
3025 1757 3091 1812 ἂν
3128 1757 3272 1811 εἴποι
3298 1757 3326 1809 6
3356 1756 3448 1809 καὶ
3477 1754 3674 1827 μικρὸν

2096 1855 2174 1927 τῷ
2214 1853 2514 1926 βουλήματι
2551 1852 2650 1922 τῆς
2682 1850 2880 1916 λέξεως
2903 1851 3222 1921 ἐπιστήσας.
3249 1847 3534 1921 Προτάξας
3566 1847 3678 1919 γὰρ

2096 1951 2124 2002 6
2176 1945 2495 2010 Ἀπόστολος
2531 1946 2597 1998 ὲκ
2645 1943 2744 2015 τῆς
2788 1942 3125 2015 προφητείας
3171 1940 3265 1994 τοῦ
3322 1940 3546 1993 Ἡσαΐου
3590 1940 3674 2006 τὸ,

2100 2039 2198 2106 Τίς
2225 2038 2378 2109 ἔγνω
2406 2036 2560 2091 γοῦν
2584 2035 2842 2104 Κυρίου;
2865 2033 2963 2087 καὶ
2990 2035 3082 2099 τίς
3109 2033 3455 2102 σύμϐουλος
3486 2028 3674 2085 αὑτοῦ

2094 2129 2367 2200 ἐγένετο;
2395 2129 2694 2199 ἐπήγαγεν·
2726 2126 2856 2179 Ὀτι
2883 2124 2952 2190 ἐξ
2989 2123 3197 2187 αὑτοῦ,
3229 2122 3327 2177 καὶ
3357 2122 3430 2176 δι’
3462 2120 3674 2186 αὐτοῦ,

2095 2222 2195 2276 καὶ
2225 2224 2312 2288 εις
2344 2219 2531 2275 αὑτὸν
2565 2218 2640 2273 τὰ
2668 2217 2885 2271 πάντα.
2925 2217 3104 2288 ’Δπερ
3135 2217 3218 2270 ὄτι
3246 2215 3374 2286 περὶ
3405 2213 3503 2268 τοῦ
3535 2212 3675 2267 Θεοῦ

2096 2314 2268 2383 Λόγου
2290 2313 2384 2367 τοῦ
2406 2310 2738 2385 δημιουργοῦ
2762 2311 2940 2382 πάσης
2960 2308 3190 2372 κτίσεως
3217 2307 3431 2380 εἴρηται
3448 2305 3527 2377 τῷ
3549 2322 3678 2377 προ-

2097 2408 2265 2478 φήτῃ,
2296 2408 2361 2460 ὲκ
2387 2405 2495 2458 τῶν
2525 2405 2756 2458 κατόπιν
2782 2404 2893 2475 (55)
2921 2403 2988 2458 ἂν
3023 2402 3234 2474 μάθοις.
3260 2401 3362 2468 Τίς
3381 2402 3677 2469 ἐμέτρησε

2094 2496 2169 2566 τῇ
2197 2496 2346 2567 χειρὶ
2369 2498 2435 2551 τὸ
2464 2496 2639 2564 ὕδωρ,
2675 2495 2773 2550 καὶ
2800 2496 2907 2549 τὸν
2940 2495 3201 2563 οὐρανὸν·
3242 2492 3538 2563 σπιθαμῇ,
3573 2494 3675 2546 καὶ

2095 2585 2302 2643 πᾶσαν
2341 2587 2458 2656 τὴν
2500 2586 2618 2657 γῆν
2645 2587 2850 2656 δρακί;
2911 2586 3003 2652 Τίς
3045 2586 3273 2652 ἔστησε
3316 2583 3392 2637 τὰ
3443 2583 3548 2652 ὄρη
3604 2583 3677 2635 ἐν

2094 2678 2336 2749 σταθμῷ
2364 2678 2465 2733 καὶ
2513 2680 2620 2745 τὰς
2657 2679 2851 2745 νάπας
2879 2678 2950 2732 ἐν
2993 2668 3175 2748 ζυτῷς
3217 2677 3313 2743 Τίς
3332 2675 3494 2746 ἔγνω
3523 2674 3675 2730 νοῦν

2092 2771 2334 2839 Kvplov,
2389 2769 2487 2824 xui
2530 2771 2622 2836 τίς
2675 2772 3022 2840 σύμϐουλος
3066 2768 3253 2822 αὐτοῦ
3289 2766 3564 2838 ὲτένετος
3599 2765 3675 2821 Τὸ

2093 2861 2221 2935 γὰρ,
2259 2862 2350 2929 τίς
2364 2860 2608 2916 ἐνταῦθα
2645 2861 2767 2933 οὐχ).
2795 2860 2856 2914 τὸ
2881 2861 3085 2932 ἄπορον
3115 2858 3417 2923 παντελῶς,
3447 2858 3583 2912 ἀλλὰ
3609 2858 3673 2912 τὸ

2095 2955 2321 3009 σπάνιον
2350 2954 2519 3025 δηλοῖ,
2568 2955 2644 3018 ὡς
2684 2956 2777 3008 ὲπθι
2820 2953 2915 3007 τοῦ
2941 2970 2953 2983 ·
2993 2953 3088 3019 Τίς
3120 2950 3532 3021 ἀναστήσεται
3575 2968 3672 3017 μοι

2092 3046 2191 3101 ἐπὶ
2219 3047 2740 3116 πονηρευομένους
2757 3046 2869 3115 (54)
2891 3063 2905 3112 ;
2928 3046 3148 3112 nat,qu
3173 3046 3343 3099 ἐστιν
3361 3043 3675 3113 ἅνθρωπος

2094 3141 2127 3192 ὁ
2158 3140 2350 3194 θέλων
2377 3137 2564 3205 (mur;
2605 3140 2717 3201 καὶ,
2754 3139 2848 3203 Τίς
2891 3136 3257 3204 ἀναϐήσεται
3289 3138 3376 3203 εὶς
3417 3136 3482 3190 τὸ
3532 3135 3674 3204 ὄρος

2095 3229 2202 3283 τοῦ
2241 3229 2500 3297 Κυρίου;
2525 3227 2682 3281 Οὕτω
2716 3228 2779 3302 δὴ
2815 3223 2908 3281 οὖν
2947 3229 3042 3282 καὶ
3073 3227 3306 3280 ἐνταῦθὰ
3337 3228 3473 3294 ἐστι,
3512 3227 3610 3292 Τίς
3640 3230 3673 3280 ό

2093 3320 2264 3387 εἰδὼς
2288 3320 2396 3375 τὸν
2421 3320 2574 3375 νοῦν
2600 3320 2707 3374 τοῦ
2736 3321 2981 3390 Κυρίου,
3016 3320 3114 3374 καὶ
3140 3317 3251 3389 τῆς
3280 3317 3523 3386 ,ϐουλῆς
3560 3320 3671 3373 αὺ-

2090 3411 2199 3465 τοῦ
2224 3412 2550 3477 κοινωνός;
2586 3412 2649 3465 ’0
2677 3411 2787 3481 γὰρ
2808 3410 3009 3479 Πατὴρ
3037 3412 3238 3481 (iraira
3267 3410 3374 3464 τὸν
3388 3411 3546 3479 flor,
3570 3408 3673 3464 καί

2087 3501 2284 3556 πάντα
2309 3502 2626 3557 δείκνυσιν
2647 3501 2825 3568 αὐτῷ.
2852 3497 3022 3566 Οὗτός
3055 3504 3203 3556 ἐστιν
3228 3505 3257 3556 6
3297 3500 3535 3573 συνέχων
3572 3502 3672 3572 τὴν

2088 3596 2212 3666 γῆν,
2240 3594 2337 3649 καὶ
2361 3594 2856 3668 περιδεδραγμένος
2880 3594 3085 3665 αὺτῆςο
3126 3597 3155 3649 6
3192 3597 3272 3658 εἰς
3305 3593 3457 3661 τάξιν
3490 3594 3670 3648 πάντα

2087 3685 2183 3740 καὶ
2211 3684 2572 3757 διακόσμησιν
2604 3686 2863 3754 ἀγαγὼνο
2903 3685 2933 3737 6
2968 3685 3063 3739 καί
3105 3684 3288 3756 ὄρεσιν
3324 3684 3664 3755 ἰσορροπίαν,
3716 3714 3729 3729 ο

2086 3777 2179 3830 καὶ¹
2211 3775 2366 3831 ὕδασι
2413 3777 2614 3857 μέτρα,
2654 3778 2750 3831 καὶ
2783 3779 2918 3831 πᾶσι
2964 3779 3078 3840 τοῖς
3124 3779 3183 3830 ὲν
3216 3775 3295 3847 τῷ
3326 3775 3518 3847 κόσμῳ
3564 3777 3667 3847 τὴν

2084 3869 2289 3924 οἰκείαν
2313 3868 2468 3935 τάξιν
2497 3869 2897 3943 ἀποκληρώσας
2927 3868 3074 3940 (55)·
3103 3869 3132 3922 6
3166 3869 3260 3922 τὸν
3290 3868 3520 3940 οὐρανὸν
3544 3868 3666 3922 ὅλον

2089 3961 2267 4032 μικρῷ
2299 3962 2453 4034 μέρει
2475 3962 2575 4033 τῆς
2599 3962 2728 4034 ὅλης
2752 3961 2944 4016 ἑαυτοῦ
2970 3960 3253 4032 δυνάμεως
3278 3960 3568 4031 περιέχων,
3595 3960 3664 4031 ἣν

2087 4049 2365 4122 σπιθαμὴν
2399 4051 2677 4122 τροπικῶς
2721 4054 2750 4105 6
2796 4052 3135 4122 προφητικὸς
3182 4050 3431 4120 ὠνόμασε
3484 4049 3661 4119 λόγος.

2086 4141 2249 4195 Ὅθεν
2283 4142 2498 4206 οἰκείως
2540 4144 2822 4214 ἐπήγαγεν
2851 4145 2880 4196 6
2925 4140 3245 4205 ’Λπόστολος
3288 4140 3370 4204 τὸ,
3420 4140 3515 4205 Ἐξ
3552 4142 3662 4196 αὐ-

2082 4232 2212 4296 τοῦ,
2242 4232 2339 4287 καὶ
2368 4232 2442 4286 δι’
2470 4234 2658 4288 αὑτοῦ
2678 4274 2693 4299 ,
2728 4236 2824 4289 καὶ
2860 4237 2947 4301 εις
2973 4234 3162 4290 αὐτὸν
3200 4234 3272 4289 τὰ
3316 4234 3532 4288 πάντα.
3574 4234 3663 4302 Ἐξ

475 4402 525 4485 ξ
552 4402 731 4485 I_Cor.
759 4403 968 4485 vm,_§.
1121 4402 1278 4485 90m.
1312 4421 1387 4471 xi,
1418 4406 1526 4485 56ζ
1581 4406 1790 4485 "_ih_id.
1819 4404 1909 4467 54,
1940 4405 1989 4485 5(

2093 4406 2312 4485 lsa.}t,
2344 4406 2431 4462 15.
2472 4407 2555 4485 λ·
2582 4404 2688 4464 lsa.
2722 4423 2812 4476 ιι,
2844 4407 2935 4473 12,
2965 4408 3052 4464 15.
3128 4413 3174 4444 ⁸³
3200 4413 3345 4473 Psal.
3378 4432 3531 4485 xcin,
3567 4419 3656 4485 16.

403 4474 450 4506 ⁸⁵
477 4472 628 4531 Psal.
657 4488 854 4541 xum,
883 4476 970 4531 15.
1043 4474 1090 4507 ⁸⁵
1121 4473 1269 4531 Psal.
1301 4491 1463 4541 xxiii,
1494 4478 1550 4535 5.
1624 4476 1671 4508 ⁸⁸
1702 4475 1805 4531 lsa.
1838 4492 1927 4542 ιι,
1961 4476 1985 4529 1

2124 4477 2169 4508 ⁸⁷
2200 4472 2356 4532 Joan.
2388 4493 2443 4541 v,
2470 4476 2563 4534 20.
2798 4472 2807 4476 ⁷
2920 4472 2927 4473 ⁷
3256 4472 3261 4473 7
3520 4472 3531 4485 ’
3584 4472 3594 4493 ⁸

474 4586 591 4658 (50)
607 4587 701 4671 ,Ἲς
964 4586 1081 4671 Duo
1109 4588 1330 4646 codices
1364 4604 1497 4646 mss.
1528 4601 1585 4646 et
1619 4590 1761 4646 alius
1806 4591 1979 4661 prima
2011 4594 2055 4648 D
2084 4592 2325 4662 pretari:
2358 4591 2625 4671 Quoniam
2662 4608 2732 4671 eg
2775 4594 2890 4671 inse
2923 4603 2987 4671 et
3030 4612 3123 4665 per
3151 4598 3323 4667 ipsum
3353 4610 3403 4654 et
3454 4602 3510 4655 in
3543 4603 3660 4671 ipso

404 4656 579 4730 manu:
607 4656 809 4730 mem
841 4659 877 4730 ἡ

476 4722 717 4800 (51)Ετς
745 4722 910 4801 ego-.3.
930 4722 1118 4801 _Toius
1155 4728 1245 4784 hic
1266 4729 1528 4801 locussig
1559 4729 1760 4801 legitur
1786 4730 1839 4783 in
1870 4726 1979 4801 Re-

440 4791 495 4852 id
515 4791 717 4877 quarto
750 4816 769 4877 :_
796 4791 894 4877 Εζξ
921 4797 1054 4877 Θεδς
1080 4799 1351 4877 ὀιιῖατῂρ,
1381 4800 1442 4866 ἐξ
1468 4794 1529 4855 οὗ
1554 4791 1854 4877 τὰῖπᾴντα,
1885 4800 1979 4877 καὶ

447 4865 670 4990 δι’
708 4865 909 4923 αὐτοῦ’
945 4869 1041 4923 καὶ
1085 4865 1166 4934 εἷς
1200 4865 1517 4942 Κύ’ριος.....
1565 4871 1660 4924 καὶ
1690 4872 1851 4942 ἡμεῖς
1899 4872 1979 4932 εὶς

404 4953 587 4992 αυτον.

912 4659 1067 4730 κενή.

2082 4661 2205 4715 sunt
2235 4663 2434 4740 omnia,
2481 4662 2576 4718 lib.
2616 4678 2654 4717 ιι
2684 4662 2763 4740 De
2792 4661 3237 4740 Spiritusanct'o.
3263 4685 3383 4740 cap.
3412 4671 3483 4739 9;
3530 4661 3655 4727 cum

2082 4733 2383 4812 prtesertim
2412 4743 2667 4812 _sanctus_
2687 4733 2880 4788 doctor
2911 4734 3043 4812 illud
3071 4737 3152 4812 ei;
3182 4733 3356 4812 αὐτόν
3372 4743 3452 4796 sic
3470 4733 3657 4812 expli-

2081 4808 2190 4871 get,
2218 4801 2377 4871 quasi
2410 4802 2552 4858 idem
2585 4803 2762 4857 valeat
2790 4817 2855 4856 ac
2882 4807 3065 4860 omnia
3102 4808 3156 4862 in
3182 4824 3309 4864 eum
3347 4801 3652 4870 intuentur.

2080 4868 2211 4940 Ejus
2235 4868 2409 4927 'verba
2443 4886 2567 4925 mox
2607 4872 2862 4928 referam.

2150 4941 2262 5018 (55)
2313 4942 2412 4995 Ἐκ
2433 4940 2557 5018 τῶν
2579 4942 3138 5018 κατόπινεμΕτθειηιιε
3171 4966 3184 5002 :
3212 4965 3276 5003 ea:
3295 4948 3375 5004 his
3396 4966 3513 5018 qua:
3534 4952 3655 5005 sub-

476 5006 589 5090 (52_)
1029 5008 1250 5090 Addunt
1294 5009 1560 5090 editilap
1590 5010 1725 5090 nat;
1747 5008 1844 5065 sed
1892 5009 1977 5065 ha:

2093 5006 2315 5090 iiciun't;
2355 5010 2487 5090 sed,
2530 5021 2589 5066 ut
2624 5027 2767 5083 saepe
2807 5014 2965 5078 alias,
3016 5016 3098 5090 ita
3132 5019 3219 5072 hic
3257 5006 3474 5090 quoque
3502 5019 3653 5077 desi-

402 5078 879 5151 vocu_l:e_absu'nt'
913 5081 985 5137 ab
1037 5079 1278 5151 antiquis
1327 5078 1630 5151 codicibus.
1684 5079 1971 5135 Erasmum
2074 5078 2318 5151 gnantur
2379 5081 2483 5137 hac
2514 5096 2668 5144 voce,

403 5148 582 5270 carpit
615 5147 1187 5221 Combellsius,.quod
1228 5148 1542 5231 ἀμφοτέρας
1581 5151 1973 5220 interpretatur

404 5234 492 5270 ant
529 5233 613 5270 as.
646 5232 713 5270 ac
742 5220 1077 5270 reddendum
1105 5233 1230 5270 esse
1260 5218 1539 5270 contendit
1580 5229 1828 5270 utrasque
1866 5226 1968 5270 tres

404 5218 713 5289 ambas,__ac
742 5218 1078 5277 reddendum
1105 5233 1230 5275 esse
1260 5218 1539 5289 contendit
1580 5218 1828 5289 utrasque
1866 5226 1968 5273 tres

404 5286 570 5359 ipsas.
600 5285 772 5359 Venia
803 5306 914 5346 non
942 5295 1157 5346 careret
1197 5288 1507 5359 observatio
1533 5285 1870 5359 Connbe'tisii,
1919 5289 1966 5344 si

403 5355 563 5428 illud,
590 5358 671 5428 είς
719 5360 904 5428 αὐτόν,
934 5360 1076 5416 idem
1118 5355 1280 5416 esset
1294 5374 1359 5414 ac
1395 5359 1451 5413 in
1472 5359 1605 5426 ipso.
1639 5357 1792 5428 Tunc
1818 5359 1964 5414 enim

378 5427 598 5503 .mcrlto
622 5426 899 5484 diceretur
936 5429 1172 5486 Basilius
1197 5435 1319 5503 tres
1351 5428 1474 5503 illas
1516 5427 1769 5503 loquendi
1797 5429 1965 5503 ratio-

400 5510 527 5563 nes,
558 5512 625 5571 eg:
646 5513 769 5568 quo,
796 5515 889 5569 per
914 5516 1086 5571 quem,
1111 5507 1166 5555 et
1189 5500 1243 5552 in
1263 5514 1385 5570 quo,
1411 5498 1478 5553 de
1503 5498 1701 5571 quibus
1730 5513 1851 5571 cuin
1879 5499 1964 5571 in—

402 5573 487 5620 ter
507 5574 563 5623 et
584 5566 1111 5625 Pn’eumatomachos
1136 5578 1254 5623 erat
1273 5566 1670 5635 controversia,
1700 5582 1766 5623 ex
1794 5566 1965 5621 Paulo

402 5636 709 5710 collegisse.
747 5638 817 5693 At
873 5638 1030 5703 illud,
1079 5640 1159 5710 είς
1191 5640 1459 5710 αὐτόν,νὶη
1506 5642 1702 5710 ipsum,
1751 5638 1876 5710 sive
1897 5638 1966 5691 ad

401 5706 595 5776 ipsum,
627 5723 737 5764 non
760 5716 879 5765 erat
915 5709 1143 5763 materia
1165 5706 1570 5765 cavillationum
1601 5711 1669 5765 ab
1695 5709 1968 5765 haereticis

401 5775 767 5837 inventarum.
798 5777 953 5836 Unde
999 5779 1171 5837 miror
1204 5776 1262 5835 S.
1294 5779 1642 5837 Ambrosium
1686 5780 1763 5837 sic
1796 5781 1964 5835 inter-

2719 5099 2835 5158 qute
2868 5096 3023 5158 _retro
3056 5087 3171 5158 sive
3218 5087 3456 5158 superius
3504 5091 3653 5146 dicta

2076 5162 2219 5231 sunt,
2242 5162 2333 5231 _u_t__
2357 5154 2627 5231 obseryat_
2651 5151 3034 5231 Combelisius.
3070 5156 3193 5231 Mox
3235 5151 3294 5213 ὲν
3330 5162 3650 5231 praepositio

2074 5218 2161 5275 his
2190 5221 2374 5275 addita
2404 5238 2470 5278 ex
2500 5221 2717 5277 duobus
2741 5222 2896 5278 libris
2925 5227 3220 5283 veteribus.

2073 5289 2256 5430 ﬁgi-‘4‘)
2277 5290 2826 5361 Πονηρευομένους.
2844 5293 3075 5353 Codices
3095 5298 3338 5370 quinque
3359 5316 3494 5375 πονη
3504 5318 3651 5372 peoo-

2143 5378 2274 5425 νοις.

2142 5430 2254 5513 (55)
2296 5432 2776 5513 lictore/inproviso.
2806 5435 2899 5490 Sic
2948 5439 3427 5513 utraqueﬁeditio;
3483 5452 3648 5513 atque

2071 5499 2215 5578 hanc
2234 5499 2567 5578 lectionem;
2586 5513 2644 5559 ut
2671 5499 2934 5578 aptiorem
2955 5516 3009 5561 et
3032 5499 3484 5578 isiTgniiicatiorem
3513 5499 3642 5568 reti-

2071 5571 2314 5646 nuimus,
2348 5575 2601 5646 quamvis
2658 5571 2899 5646 quinque
2945 5571 3167 5635 codic'es
3216 5596 3349 5636 mss.
3409 5583 3645 5638 habeant

2073 5592 2314 5637 iiuimus,
2350 5592 2601 5642 quamws
2699 5592 2899 5646 umque
2945 5592 3167 5635 coulces
3216 5596 3349 5636 mss.
3409 5592 3644 5638 habeant

2072 5640 2495 5727 ἑποιπληρὼσας.
2519 5592 2690 5727 Ὠιιοὲ
2735 5648 2900 5727 etiam
2934 5648 3107 5716 prima
3140 5663 3304 5727 manu
3343 5653 3556 5709 exstitit
3584 5655 3644 5708 in

2071 5713 2409 5783 Colbertiuo,
2442 5715 2536 5771 sed
2572 5725 2758 5787 postea
2789 5713 3011 5773 inducta
3043 5721 3292 5775 mutatio.
