3972 6218
301 356 363 413 8|
1434 357 1636 414 LIBER
1675 358 1762 414 DE
1803 356 2078 414 SPIRITU
2121 357 2412 416 SANCTO.
3479 355 3551 410 82

302 475 461 530 αὑτοῦ
493 475 606 546 γὰρ
635 476 748 539 τοῖς
779 470 929 529 οὖσιν
963 477 994 545 ἡ
1029 475 1174 528 αίτία
1201 476 1294 528 τοῦ
1330 470 1468 529 εἶναι
1512 477 1652 530 κατά
1697 478 1756 530 τὸ
1790 477 1875 530 Θέ-

1984 477 2112 546 ipso,
2146 486 2196 532 et
2239 493 2330 546 per
2363 479 2556 546 ipsum,
2594 483 2645 528 et
2689 475 2746 528 in
2793 473 2965 542 ipsum
3015 469 3193 525 omnia
3233 469 3300 524 ⁸⁸.
3336 468 3414 524 Ex
3445 471 3550 527 hoc

301 568 443 638 λημα
475 567 572 619 τοῦ
605 567 746 620 Θεοῦ
789 569 884 621 καὶ
919 568 1129 638 Πατρὸς
1172 568 1398 636 γίνεται.
1451 570 1528 622 Δι’
1567 569 1732 624 αὐτοῦ
1769 573 1880 634 τοῖς

301 660 460 710 πᾶσιν
490 657 525 726 ἡ
559 655 794 728 διαμονή
824 657 916 709 καὶ
955 659 988 727 ἡ
1024 657 1311 720 σύστασις·
1357 659 1450 711 τοῦ
1487 661 1773 723 κτίσαντος
1811 661 1881 714 τὰ

299 749 494 811 πάντα,
521 749 623 802 καὶ
652 751 720 802 τά
747 750 883 821 πρὸς
910 751 1179 821 σωτηρίαν
1207 753 1420 824 ἑκάστῳ
1440 753 1546 805 τῶν
1572 755 1879 824 γενομένων

298 838 750 910 ὲπιμετροῦντος.
784 841 874 893 Διὸ
897 841 960 912 δὴ
995 843 1088 894 καὶ
1115 845 1194 906 είς
1222 844 1385 896 αὐτὸν
1414 845 1786 917 ὲπέστραπται
1812 844 1880 899 τὰ

302 931 616 1001 σύμπαντα,
642 933 854 1002 ἀσχὲτῳ
877 933 987 1003 (56)
1009 935 1117 986 τινὶ
1142 936 1290 1005 πόθῳ
1313 938 1404 989 καὶ
1430 938 1653 1008 ἀρρήτῳ
1678 941 1875 1008 στοργῇ

305 1023 435 1094 πρὸς
479 1023 576 1076 τὸν
625 1024 869 1094 ἀρχηγὸν
906 1027 1002 1095 τῆς
1035 1025 1180 1095 ζωῆς
1229 1028 1322 1081 καὶ
1368 1031 1600 1098 χορηγὸν
1643 1030 1876 1084 amart.

302 1131 486 1175 ποντα,
527 1113 677 1167 κατά
722 1115 783 1167 τὸ
815 1116 1230 1186 γεγραμμένον·
1283 1121 1347 1171 0i
1396 1120 1686 1188 ὀφθαλμοὶ
1731 1120 1880 1176 πάν-

298 1223 410 1259 των
433 1207 523 1271 εἰς
552 1206 634 1260 σὲ
660 1207 970 1267 ἐλπίζουσι
990 1225 1002 1237 ·
1037 1210 1129 1261 καὶ
1169 1210 1328 1263 πάλιν
1349 1227 1361 1240 ·
1385 1211 1586 1264 Πάντα
1617 1213 1767 1280 πρὸς
1804 1213 1878 1266 σὲ

299 1295 684 1362 προσδοκῶσι
710 1315 722 1328 ν
768 1299 886 1362 καὶ,
939 1298 1215 1368 Ἀνοίγεις
1253 1300 1334 1353 σὺ
1377 1301 1491 1369 τὴν
1533 1301 1700 1370 χεῖρὰ
1739 1319 1875 1369 σου,

301 1385 390 1438 καί
418 1385 731 1455 ἐμπιπλᾷς
764 1385 888 1441 πᾶν
911 1385 1056 1448 ζῶον
1087 1388 1386 1454 εὐδοκίας.

363 1654 414 1707 8.
457 1655 520 1706 Εἰ
560 1654 621 1707 δὲ
653 1654 790 1725 πρὸς
819 1655 1026 1726 ταύτην
1059 1657 1214 1728 ἡμῶν
1247 1659 1344 1731 τὴν
1377 1662 1603 1734 ἐκδοχὴν
1637 1665 1878 1720 ἐνίσταν-

298 1759 400 1807 ται,
427 1744 510 1806 τίς
537 1746 745 1809 αὐτοὺς
776 1747 1120 1819 ἐξαιρήσεται
1147 1750 1303 1820 λόγος
1331 1753 1426 1806 τοῦ
1455 1756 1529 1826 μὴ
1563 1756 1683 1826 οὐχὶ
1712 1774 1874 1826 φανε-

1978 569 2245 638 siquidem
2283 569 2348 624 iis
2380 582 2502 638 quae
2541 573 2690 630 sunt,
2723 579 2891 621 causa
2923 569 2982 618 ut
3005 561 3117 618 sint
3155 570 3361 627 manat,
3393 563 3551 634 juxta

1979 661 2314 716 voluntatem
2338 659 2432 716 Dei
2459 666 2513 715 et
2528 657 2730 714 Patris.
2758 656 2864 712 Per
2891 656 3074 728 ipsum
3098 664 3454 728 perseverant
3485 669 3551 711 ac

1978 754 2288 808 consistunt
2351 751 2571 817 omnia;
2639 751 3019 806 universorum
3077 747 3360 806 conditore
3420 747 3550 801 uni-

1978 844 2178 913 cuique
2205 843 2285 899 rei
2315 852 2518 898 creatae
2552 857 2615 898 ea
2657 842 2823 897 etiam
2859 856 2982 912 quae
3015 841 3081 896 ad
3133 841 3221 896 sui
3254 851 3550 894 conserva-

1978 937 2182 990 tionem
2230 934 2546 992 necessaria
2617 942 2744 989 sunt
2811 933 3148 991 dimetiente.
3207 929 3580 1000 Quapropter

1979 1043 2111 1083 sane
2153 1029 2316 1083 etiam
2379 1028 2635 1082 universa
2698 1041 2822 1082 sese
2870 1027 2936 1081 ad
2987 1025 3140 1080 illum
3197 1028 3580 1085 convertunty

1978 1117 2280 1172 invincibili
2331 1125 2495 1188 atque
2540 1117 2830 1173 insedabili
2859 1117 3096 1188 quodam
3151 1113 3450 1179 desiderio,
3493 1117 3550 1166 ct

1980 1221 2183 1261 arcano
2239 1205 2434 1262 aﬂectu
2493 1206 2560 1261 ad
2609 1213 2888 1260 auctorem
2934 1215 2990 1260 et
3053 1204 3370 1274 largitorem
3424 1201 3550 1256 vita

1977 1299 2350 1368 respicientis,
2379 1300 2534 1369 juxta
2574 1298 2707 1353 illud
2744 1297 2888 1371 quod
2927 1299 3190 1368 scriptum
3229 1301 3313 1351 est
3346 1309 3360 1346 :
3395 1292 3550 1350 Oculi

1979 1391 2210 1443 omnium
2255 1392 2310 1445 in
2341 1400 2387 1445 te
2418 1401 2633 1460 sperant
2661 1391 2740 1454 ⁸⁹ς
2775 1396 2830 1445 et
2858 1403 3078 1444 rursum
3133 1403 3147 1440 :
3189 1385 3387 1444 Omnia
3425 1401 3460 1438 a
3501 1394 3551 1438 te

1976 1488 2279 1547 exspectant
2309 1481 2354 1512 9°
2385 1498 2398 1545 ;
2427 1487 2482 1534 et
2511 1497 2524 1533 :
2555 1479 2742 1548 Aperis
2765 1491 2821 1532 tu
2844 1494 3060 1533 manum
3093 1486 3260 1542 tuam,
3277 1484 3329 1530 et
3365 1474 3549 1543 imples

1979 1587 2128 1625 omne
2157 1573 2356 1626 animal
2385 1571 2736 1628 benedictione
2762 1574 2833 1628 “.

2049 1662 2102 1717 8.
2136 1662 2292 1729 Quod
2327 1664 2373 1720 si
2413 1664 2678 1720 adversus
2703 1664 2845 1718 hanc
2873 1669 3120 1718 nostram
3148 1659 3548 1732 expositionem

1979 1753 2282 1818 instabunt,
2339 1770 2459 1824 qua:
2527 1755 2649 1810 illos
2710 1754 2850 1809 ratio
2905 1753 3181 1816 liberabit,
3250 1751 3549 1823 quominus

303 1835 404 1914 ρῶς
432 1837 654 1900 ἑαυτοῖς
687 1840 1070 1910 περιπίπτειν;
1097 1844 1160 1895 Ei
1189 1819 1297 1914 γάρ
1330 1845 1402 1915 μὴ
1433 1819 1529 1898 earl.
1551 1819 1875 1920 τόδ-κυρίου

1984 1844 2254 1900 evidenter
2291 1845 2346 1899 in
2377 1861 2436 1900 se
2465 1845 2615 1915 ipsos
2647 1844 2969 1900 incurrant?
2991 1843 3205 1899 Etenim
3236 1843 3285 1898 si
3316 1857 3549 1899 conces-

299 1925 517 1979 δώσουσι
540 1929 645 1992 τὰς
674 1933 822 2000 τρεῖς
857 1933 1108 2003 είρῆσθαι
1137 1937 1340 2002 φωνὰς,
1365 1939 1464 2008 τήν
1491 1955 1550 1991 τε
1579 1938 1647 2003 ἐξ
1670 1940 1876 2004 αὐτοῦ,

302 2019 388 2072 καὶ
435 2020 508 2072 δι’
541 2023 758 2086 αὐτοῦ,
792 2024 889 2077 καὶ
927 2027 1015 2090 είς
1061 2028 1248 2082 αὑτὸν
1300 2028 1434 2101 (57),
1467 2031 1679 2103 ἀνάγκη
1729 2034 1879 2087 πᾶσα

303 2112 680 2181 προπικειοῦν
715 2115 793 2184 τῷ
814 2115 932 2187 Θεῷ
953 2119 1046 2171 καὶ
1086 2120 1280 2190 Πατρί.
1319 2123 1412 2174 Ἐκ
1440 2122 1493 2176 δὲ
1523 2123 1712 2177 τούτου
1746 2142 1880 2196 προ·

302 2203 460 2273 and;
490 2205 686 2269 αὐτοῖς
714 2205 1054 2261 διαπεσεῖται
1090 2210 1151 2263 τὸ
1181 2213 1576 2284 παρατήρημα.
1611 2214 1876 2285 Εὐρίσκε-

303 2312 382 2347 ται
407 2295 514 2366 γὰρ
554 2298 618 2348 οὐ
666 2297 826 2367 μόνον
857 2299 918 2352 τὸ
953 2300 1020 2364 ἐξ
1050 2297 1144 2366 οὗ,
1175 2301 1310 2356 ἀλλά
1344 2305 1436 2356 καὶ
1472 2305 1532 2357 τὸ
1559 2305 1633 2358 δι’
1658 2301 1752 2370 οὗ,
1802 2306 1878 2377 τῷ

305 2387 467 2458 Πατρὶ
510 2389 949 2459 προσαγόμενον.
985 2393 1162 2463 Ὅπερ
1201 2397 1249 2447 εί
1301 2395 1397 2464 μὲν
1441 2396 1592 2449 οὐδὲν
1625 2398 1876 2452 ταπεινὸν

305 2480 582 2549 ἐμφαίνει,
637 2483 694 2534 τί
746 2482 944 2554 δήποτε
994 2484 1069 2548 ὡς
1127 2487 1516 2558 ὑποδεέστερον
1557 2487 1875 2560 ἀφορίζουσι

305 2570 563 2643 τῷ-Υίῷ;
615 2576 672 2626 εί
711 2576 767 2628 δὲ
814 2578 1032 2641 πάντως
1078 2578 1194 2631 ἐστὶ
1237 2579 1512 2643 διακονίας
1558 2581 1874 2652 δηλωτικὸν,

304 2664 793 2734 ἀπικρινὰσθωσαν
840 2669 998 2738 ἡμῖν·
1036 2669 1094 2722 'U
1133 2670 1263 2735 Θεὸς
1303 2672 1402 2742 τῆς
1437 2673 1594 2743 δόξης
1631 2674 1724 2726 καὶ
1769 2675 1878 2726 Πα-

302 2754 395 2824 τὴρ
438 2756 530 2808 τοῦ
580 2758 826 2827 Χριστοῦ
882 2761 1026 2823 τίνος
1075 2763 1221 2816 ἐστὶν
1267 2762 1524 2834 ἄρχοντος
1565 2765 1873 2835 ὑπηρέτης;

315 2843 529 2897 Ἐκεῖνοι
571 2845 680 2916 μὲν
716 2843 808 2900 οὖν
841 2848 1014 2912 οὕτως
1057 2850 1146 2918 ὑφ’
1185 2851 1390 2904 ἑαυτῶν
1433 2853 1873 2924 περιτρέπονται,

303 2936 423 3005 ἡμῖν
457 2936 514 2989 δὲ
550 2939 898 3010 ἑκατέρωθεν
935 2940 994 2993 τὸ
1025 2943 1242 3012 ἰσχυρὸν
1290 2943 1710 3015 φυλαχθήσεται.
1752 2947 1874 3002 Ἐάν

303 3043 355 3079 τε
378 3027 480 3098 γὰρ
510 3034 715 3102 νικήσῃ
739 3033 868 3103 περὶ
897 3033 989 3086 τοῦ
1031 3033 1161 3088 Υίοῦ
1195 3033 1331 3088 εἶναι
1376 3036 1468 3089 τὸν
1503 3036 1682 3104 λόγον,
1723 3039 1877 3110 εὕρεο

305 3119 510 3220 θήσεται
550 3123 613 3175 τὸ
645 3123 716 3187 ἐξ
744 3121 814 3180 οὗ
845 3124 923 3194 τῷ
952 3125 1065 3196 Υίῷ
1105 3127 1486 3198 προσαρμόζον
1511 3145 1524 3157 ο
1573 3129 1668 3182 ὲάν
1706 3131 1766 3182 τέ
1793 3149 1874 3194 τις
1902 3163 1944 3220 C

308 3210 570 3284 φιλονεικῇ
620 3214 738 3287 (58)
769 3216 860 3268 ἐπὶ
903 3217 995 3270 τὸν
1028 3218 1159 3270 Θεὸν
1201 3219 1495 3292 ἀναφέρειν
1533 3220 1625 3273 τοῦ
1661 3224 1875 3293 προφή-

306 3317 390 3352 του
413 3305 506 3371 τὴν
543 3305 716 3370 λέξιν,
750 3305 909 3359 πάλιν
939 3306 1035 3377 τὴν
1069 3307 1142 3360 δι’
1169 3304 1239 3362 οὗ
1273 3309 1455 3378 φωνὴν
1482 3309 1560 3377 τῷ
1595 3310 1711 3381 Θεῷ
1741 3313 1874 3382 πρέ-

307 3409 418 3446 πειν
454 3393 617 3447 δώσει
642 3434 658 3457 ,
712 3397 804 3449 καὶ
844 3399 942 3467 τὴν
984 3397 1104 3468 ἴσην
1151 3397 1262 3462 ἕξει
1307 3399 1462 3464 ἀξίαν
1495 3401 1748 3472 ἑκατέρα,
1797 3402 1876 3472 τῷ

307 3483 436 3536 κατὰ
462 3486 549 3538 τὸν
579 3488 701 3540 ἴσον
727 3487 882 3555 λόγον
905 3489 997 3540 ἐπὶ
1025 3487 1158 3540 Θεοῦ
1187 3487 1576 3559 παρειλῆφθαι.
1605 3491 1713 3544 Καὶ
1735 3491 1875 3544 οὕτω

307 3590 362 3640 γε
399 3577 668 3639 κάκείνως
704 3579 956 3648 ὁμότιμοι
999 3578 1254 3648 ἀλλήλαις
1296 3581 1752 3651 ἀναφανήσονται.
1789 3583 1874 3649 ἐφ’

307 3665 414 3728 ἑνὸς
441 3669 740 3739 προσώπου
767 3671 860 3723 καὶ
891 3671 984 3722 τοῦ
1017 3671 1181 3724 αὐτοῦ
1207 3673 1558 3743 τεταγμέναι.
1608 3673 1745 3727 Ἀλλ’
1782 3675 1873 3728 ἐπὶ

307 3755 364 3808 τὸ
400 3759 758 3829 προκείμενον
802 3760 1201 3832 ἐπανέλθωμεν.

370 4021 419 4075 9.
455 4023 690 4094 Γράφων
718 4028 747 4078 ὁ
791 4027 1108 4092 Ἀπόστολος
1139 4032 1273 4101 πρὸς
1314 4032 1595 4100 Ἐφεσίους
1617 4075 1630 4095 ,
1669 4034 1831 4104 φησίν
1853 4051 1867 4066 ·

311 4109 724 4181 ’Δληθεύοντες
760 4116 828 4169 δὲ
853 4120 922 4170 ἐν
941 4119 1158 4188 ἀγάπῃ,
1184 4122 1542 4192 αὐξήσωμεν
1568 4127 1654 4191 εἰς
1686 4127 1872 4179 αὐτὸν

1981 1937 2098 1992 suri
2133 1952 2240 1991 non
2273 1946 2401 1991 sunt
2431 1937 2499 1992 de
2551 1935 2784 1992 Domino
2812 1937 2986 1992 dictas
3025 1949 3150 1992 esse
3188 1934 3288 1990 has
3315 1943 3429 1990 tres
3453 1949 3551 1988 vo-

1978 2045 2091 2096 ces,
2139 2045 2205 2084 ea:
2241 2032 2377 2100 ipsa,
2415 2039 2472 2084 et
2505 2045 2596 2098 per
2640 2029 2834 2098 ipsum,
2875 2037 2930 2084 et
2970 2029 3027 2082 in
3071 2028 3243 2098 ipsum
3272 2042 3291 2079 :
3324 2025 3548 2081 omnino

1977 2135 2264 2176 necessum
2292 2130 2394 2186 est,
2428 2128 2487 2174 ut
2520 2120 2629 2176 Deo
2673 2129 2728 2174 et
2759 2119 2909 2174 Patri
2950 2119 3172 2191 proprie
3213 2117 3544 2172 tribuantur.

1979 2211 2157 2281 Atque
2202 2211 2331 2266 hinc
2385 2211 2561 2281 palam
2611 2211 2914 2266 conciderit
2947 2211 3165 2265 illorum
3209 2206 3546 2264 observatio.

1978 2300 2266 2371 cheritur
2299 2301 2442 2356 enim
2471 2316 2580 2355 non
2612 2301 2794 2364 modo,
2831 2313 2896 2354 ea:
2934 2315 3058 2369 quo,
3089 2296 3188 2354 sed
3226 2297 3413 2361 etiam,
3454 2311 3548 2367 per

1977 2409 2151 2462 quem,
2191 2392 2591 2448 accommodari
2634 2390 2701 2446 ad
2747 2389 2986 2446 Patrem.
3027 2388 3158 2456 Quae
3189 2403 3291 2444 vox
3334 2387 3384 2444 si
3407 2387 3548 2442 nihil

1978 2499 2088 2554 prae
2129 2500 2188 2540 se
2233 2483 2338 2538 l'ert
2368 2483 2594 2548 humile,
2623 2499 2784 2554 quam
2807 2481 3030 2537 tandem
3063 2482 3136 2537 ob
3165 2494 3393 2535 causam
3423 2493 3547 2535 eam

1976 2577 2124 2632 velut
2151 2575 2429 2632 inferioris
2457 2575 2743 2647 dignitatis
2785 2575 3074 2646 assignant
3103 2571 3284 2628 Filio?
3312 2570 3469 2638 Quod
3497 2570 3545 2627 si

1977 2668 2198 2723 omnino
2221 2667 2465 2722 declarat
2493 2666 2886 2732 ministerium,
2935 2664 3303 2736 respondeant
3333 2663 3496 2720 nobis
3530 2682 3543 2717 :

1977 2761 2120 2816 Deus
2155 2760 2342 2831 gloria:
2387 2770 2440 2814 et
2483 2757 2645 2816 Pater
2684 2758 2913 2820 Christi,
2960 2758 3122 2826 cujus
3155 2756 3424 2826 principis
3463 2763 3548 2811 est

1975 2851 2259 2905 minister?
2292 2848 2458 2916 Igitur
2501 2850 2592 2905 isti
2625 2849 2845 2920 quidem
2880 2847 2938 2919 θ
2967 2848 3034 2902 ad
3079 2847 3225 2902 hunc
3261 2846 3482 2902 modum
3515 2861 3548 2900 a

1977 2943 2172 3013 seipsis
2199 2943 2439 3013 undique
2462 2943 2878 3005 subvertuntur,
2903 2940 3062 2996 nobis
3088 2949 3269 2996 autem
3291 2941 3548 3010 utrinque

1975 3036 2120 3106 quod
2164 3034 2378 3089 ﬁrmum
2423 3040 2509 3089 est
2552 3033 2883 3088 servabitur.
2920 3030 3132 3087 Etenim
3171 3031 3289 3088 sive
3317 3030 3386 3086 de
3410 3029 3548 3086 Filio

1976 3129 2199 3183 evicerit
2223 3127 2429 3182 dictum
2461 3141 2582 3182 esse
2606 3125 2752 3196 quod
2783 3125 3154 3189 recitavimus,
3185 3124 3548 3194 comperietur

1980 3221 2093 3274 haec
2138 3219 2429 3289 particula,
2472 3232 2538 3271 ea:
2575 3233 2698 3286 quo,
2732 3215 2871 3272 Filio
2899 3215 3195 3271 convenire
3223 3233 3239 3269 :
3269 3216 3385 3270 sive
3420 3216 3544 3284 quis

1977 3312 2270 3368 contendat
2297 3311 2572 3382 prophetae
2603 3309 2765 3363 verba
2799 3307 2863 3362 ad
2889 3307 3056 3363 Deum
3085 3321 3206 3363 esse
3239 3305 3545 3370 referenda,

1977 3416 2172 3456 rursus
2196 3399 2460 3456 concedet
2507 3413 2695 3454 vocem
2731 3399 2893 3463 hanc,
2929 3415 3019 3467 per
3047 3414 3221 3468 quem,
3269 3395 3380 3452 Deo
3409 3411 3547 3452 con-

1976 3509 2204 3564 gruere;
2250 3501 2304 3548 et
2352 3498 2584 3560 utraque
2648 3506 2753 3545 vox
2814 3504 2998 3560 parem
3067 3489 3390 3558 dignitatem
3449 3488 3549 3542 ob-

1975 3581 2188 3645 tinebit,
2242 3596 2308 3636 eo
2360 3580 2505 3651 quod
2549 3579 2665 3650 pari
2710 3579 2923 3632 ratione
2968 3577 3037 3632 de
3087 3576 3198 3633 Deo
3232 3585 3544 3646 usurpetur.

1974 3673 2152 3742 Atque
2173 3671 2327 3740 juxta
2352 3671 2572 3726 modum
2604 3677 2918 3738 utrumque,
2950 3667 3297 3738 perspicuum
3322 3666 3425 3722 erit
3447 3664 3549 3721 has

1975 3763 2274 3833 particulas
2300 3776 2486 3833 parem
2514 3761 2657 3816 inter
2692 3776 2751 3816 se
2790 3759 2992 3814 habere
3021 3758 3362 3828 dignitatem,
3395 3757 3543 3826 quod

1974 3855 2042 3908 de
2073 3870 2181 3908 una
2235 3854 2535 3923 eademque
2577 3868 2814 3924 persona
2851 3858 3128 3920 usurpatae
3171 3849 3303 3904 sint.
3338 3846 3444 3903 Sed
3476 3846 3546 3902 ad

1974 3947 2310 4017 propositum
2342 3955 2698 4002 revertamur.

2043 4037 2095 4091 9.
2144 4038 2438 4106 Apostolus
2472 4038 2721 4093 scribens
2761 4035 3050 4106 Ephesiis,
3099 4023 3220 4090 ait:
3260 4033 3545 4090 Veritatem

1975 4137 2147 4182 autem
2202 4129 2466 4198 loquentes
2500 4130 2556 4182 in
2602 4128 2892 4192 charitate,
2935 4143 3233 4182 crescamus
3278 4129 3335 4181 in
3371 4127 3545 4197 ipsum

315 4202 378 4255 τὰ
411 4203 606 4258 πάντα
629 4247 642 4267 ,
681 4206 750 4272 ὅς
799 4208 968 4262 ἐστιν
999 4213 1038 4278 ὴ
1091 4214 1326 4281 κεφαλὴ
1366 4215 1650 4282 Χριστὸς,
1696 4217 1766 4281 ἐξ
1799 4214 1869 4273 οὗ

1984 4235 2063 4273 aer
2093 4221 2289 4284 omnia,
2319 4221 2408 4288 qui
2438 4233 2514 4272 est
2545 4227 2701 4286 caput
2725 4217 2986 4280 Christus,
3009 4231 3074 4272 ea:
3099 4232 3201 4286 quo
3234 4224 3399 4270 totum
3428 4231 3547 4269 cor-

311 4291 420 4345 πᾶν
447 4296 509 4348 τὸ
553 4295 730 4366 σῶμα
764 4306 1410 4373 συναρμολογούμενον
1447 4306 1545 4359 καὶ
1588 4309 1870 4377 συμϐιϐά-

311 4381 540 4452 («iper-or
587 4388 688 4442 διὰ
729 4390 930 4459 πάσης
958 4393 1118 4461 ἀρῆς
1148 4394 1254 4462 τῆς
1289 4397 1692 4468 ἑπιχίῳηγίας,
1741 4402 1866 4454 κατ’

1972 4326 2068 4380 pus
2093 4311 2219 4364 dum
2246 4310 2595 4379 compingitur
2625 4317 2674 4363 et
2701 4309 3044 4370 connectitur,
3077 4322 3168 4376 per
3192 4323 3393 4362 omnem
3415 4305 3547 4375 jun-

1973 4414 2176 4457 cturam
2214 4403 2750 4460 subministrationis.
2786 4401 3068 4456 secundum
3109 4401 3461 4470 operationem
3488 4399 3545 4452 in

309 4473 599 4546 ἐνέργειαν
653 4482 716 4533 ἐν
769 4484 960 4552 μέτρῳ
1004 4487 1141 4552 ἐνὸς
1188 4487 1447 4544 ἑκάστου
1485 4491 1706 4560 μέρους
1757 4494 1866 4564 (59)

1984 4511 2218 4549 mensura
2260 4495 2667 4563 uniuscujusque
2695 4495 2860 4560 partis
2903 4493 3279 4548 incrementum
3311 4491 3543 4560 corporis

310 4567 412 4635 τὴν
453 4573 717 4640 αὔξησιν
754 4574 859 4628 τοῦ
909 4577 1181 4646 σώματος
1229 4581 1497 4637 ποιεῖται.
1552 4583 1654 4637 Καὶ
1706 4585 1866 4639 πάλιν

310 4661 361 4712 ὲν
389 4666 450 4733 τῇ
484 4667 620 4736 πρὸς
658 4668 992 4733 Κολασσαείς
1036 4672 1170 4742 πρὸς
1215 4676 1338 4737 τοὺς
1375 4677 1476 4728 οὐκ
1511 4677 1733 4746 ἔχοντας
1770 4678 1864 4732 τοῦ

314 4749 633 4820 Μονογενοῦς
659 4757 756 4826 τὴν
805 4759 1004 4824 γνῶσιν
1030 4760 1264 4830 εἴρηται,
1291 4764 1370 4816 ὅτι
1415 4766 1476 4817 'O
1501 4767 1731 4835 κρατῶν
1753 4769 1867 4837 τὴν

315 4846 604 4914 κεφαλὴν,
653 4850 898 4903 τουτέστι
948 4852 1037 4905 τὸν
1093 4854 1362 4924 Χριστὸν,
1407 4857 1477 4921 ἐξ
1523 4855 1594 4913 οὗ
1639 4859 1761 4913 πᾶν
1800 4863 1866 4914 τὸ

1976 4586 2105 4656 facit
2132 4587 2199 4642 θ’.
2251 4585 2318 4640 Et
2358 4602 2552 4641 rursus
2584 4587 2638 4639 in
2670 4584 2914 4655 Epistola
2957 4585 3025 4640 ad
3056 4582 3444 4646 Colossenses,
3472 4579 3540 4634 ad

1974 4694 2070 4733 eos
2095 4679 2187 4748 qui
2238 4693 2346 4732 non
2395 4677 2669 4731 habebant
2713 4675 2986 4746 Unigeniti
3037 4675 3283 4731 notitiam
3331 4671 3540 4726 dictum

1975 4777 2058 4823 est
2091 4787 2104 4822 :
2137 4769 2241 4835 Qui
2283 4779 2417 4823 tenet
2463 4779 2648 4837 caput,
2699 4769 2803 4823 hoc
2851 4780 2962 4831 εει,
2993 4767 3295 4826 Christum,
3336 4779 3401 4818 ea:
3438 4779 3540 4833 quo

1978 4871 2144 4914 totum
2169 4876 2376 4928 corpus,
2408 4876 2497 4928 per
2521 4861 2802 4930 juncturas
2836 4869 2884 4914 et
2916 4857 3258 4912 connexiones
3283 4853 3538 4908 submini-

375 5017 583 5078 l"Rom.
617 5039 695 5091 xl,
736 5024 822 5079 56.
899 5025 944 5056 ⁸⁸
974 5025 1118 5082 Psal.
1153 5044 1326 5092 cxuv,
1361 5031 1447 5083 15.
1523 5032 1566 5064 ⁵ο
1600 5030 1738 5088 Psal.
1770 5047 1875 5099 cur,

1989 5075 2001 5088 .
2079 5035 2121 5066 ⁹¹
2155 5034 2296 5090 Psal.
2327 5051 2506 5100 cxuv,
2541 5035 2627 5090 16.
2704 5038 2748 5067 ³²
2776 5034 2974 5106 Ephes.
3007 5049 3082 5098 Iv,
3115 5033 3202 5099 15,
3235 5031 3322 5086 i6.

381 5174 484 5247 (56)
523 5178 794 5247 Ἆσχέτφ,
822 5187 928 5234 etc.
957 5177 1048 5234 Sic
1072 5182 1244 5235 reddit
1270 5182 1411 5236 hunc
1443 5185 1621 5238 locum
1653 5184 1709 5238 S.
1738 5187 1859 5239 Am-

317 5243 657 5326 brosius)“;
696 5243 751 5326 ,ιι
777 5249 854 5302 De
888 5250 1092 5326 Spiritu
1125 5262 1330 5326 sancto.
1367 5270 1488 5326 cap.
1517 5256 1585 5309 9:
1623 5255 1677 5326 lu
1715 5259 1853 5326 ipso,

315 5314 426 5390 quid
456 5321 570 5372 est?
604 5319 742 5383 Quia
775 5314 950 5374 omnia
999 5320 1304 5374 admirabili
1331 5314 1555 5390 quodam
1598 5314 1858 5380 desideria
1935 5325 1938 5327 “

313 5393 358 5435 et
384 5386 716 5464 inenarrabili
741 5406 919 5443 amore
949 5399 1212 5464 auctorem
1237 5386 1354 5445 vita;
1377 5405 1423 5445 et
1447 5395 1858 5450 ministratorem

314 5462 482 5536 gratia:
519 5474 626 5510 sua
676 5475 736 5511 ac
778 5462 1008 5536 muneris
1060 5462 1347 5536 intuentur,
1393 5465 1674 5536 secundum
1723 5467 1861 5536 quod

316 5529 550 5590 scriptum
582 5536 697 5581 est:
733 5549 750 5580 ι
798 5529 956 5584 Oculi
983 5533 1234 5592 omnium,
1276 5551 1294 5584 ι
1327 5540 1432 5587 etc.
1475 5534 1529 5586 ln
1572 5529 1862 5589 Commen-

315 5594 442 5676 taric
468 5598 519 5648 in
543 5595 739 5676 lsaiam
770 5614 893 5676 _cap.
923 5617 974 5664 v,
1003 5617 1056 5671 p.
1088 5600 1212 5676 477,
1252 5601 1365 5656 luce
1407 5605 1690 5673 leguntur:
1731 5604 1860 5660 Uni-

318 5669 498 5730 genitus
538 5669 712 5745 ipsum
764 5669 974 5745 bonum,
1004 5669 1144 5745 quod
1185 5681 1430 5745 appetunt
1462 5669 1672 5740 'omnia,
1710 5677 1858 5745 cujus

1961 5191 2219 5242 utentium
2259 5193 2451 5245 animis
2482 5193 2792 5246 instillatus.

2034 5261 2149 5331 (57)
2184 5262 2291 5313 Καὶ
2325 5264 2410 5326 είς
2442 5263 2645 5314 αὐτόν.
2674 5262 2895 5315 Addunt
2921 5259 3050 5315 editi
3082 5265 3136 5314 ct
3175 5258 3312 5331 Reg.
3343 5275 3536 5331 secun-

2043 5346 2068 5382 s
2099 5330 2166 5382 τὰ
2223 5331 2416 5384 πάντα.
2460 5333 2564 5384 Sed
2607 5333 2720 5385 haec
2758 5344 2983 5400 prorsus
3037 5330 3278 5396 inutilia,
3324 5345 3428 5386 nec
3476 5330 3534 5384 in

1941 5399 2206 5468 *qbinque
2246 5401 2368 5456 aliis
2399 5401 2680 5470 codicibus
2709 5399 3074 5470 reperiuntur.

2036 5469 2147 5538 (58)
2176 5468 2514 5537 Φιλονεικῇ.
2544 5470 2631 5524 Sic
2659 5468 2926 5525 editiones
2954 5470 3288 5528 Basilcenses
3309 5478 3364 5526 et
3387 5470 3532 5524 anti-

1965 5545 2056 5620 qui
2087 5540 2323 5593 codices.
2359 5541 2504 5594 Unus
2538 5555 2660 5593 cum
2686 5539 2922 5620 editione
2945 5539 3120 5596 Paris.
3158 5541 3531 5662 (pilovetxiqu.

1966 5609 2262 5662 Aliquanto
2295 5617 2418 5662 post
2457 5617 2667 5662 veteres
2707 5613 2914 5662 altuuot
2953 5612 3077 5662 libri
3116 5613 3224 5662 Καὶ
3260 5610 3402 5662 οὕτω
3449 5611 3478 5662 δ
3513 5649 3530 5662 .

1966 5609 2272 5680 Aliquanto
2295 5617 2418 5677 post
2457 5617 2667 5663 veteres
2707 5610 2914 5680 aliquot
2953 5612 3077 5664 libri
3116 5609 3224 5666 Kal.
3260 5609 3530 5666 οὖτωδέ.

2037 5679 2150 5747 (59)
2193 5679 2440 5746 Μέρους.
2466 5679 2825 5734 Consentium
2861 5681 2913 5735 in
2940 5683 3044 5734 hac
3072 5699 3207 5737 voce
3227 5697 3416 5738 omnes
3445 5695 3538 5734 co-

321 5747 452 5787 amor
480 5741 712 5793 naturali
736 5749 785 5794 et
817 5741 1162 5795 inenarrabili
1199 5744 1350 5796 modo
1392 5745 1620 5798 omnium
1655 5741 1859 5800 ratione
1966 5741 2288 5804 dices'mssI
2323 5741 2531 5804 [labent
2562 5759 2744 5807 tamen
2782 5752 2911 5808 editi
2947 5752 3156 5822 μέλους.
