3972 6218
279 335 349 391 85

1411 332 1613 388 LIBER
1654 331 1740 386 DE
1783 330 2052 388 SPIRITU
2097 329 2385 390 SANCTO.

3454 317 3524 375 86

281 454 348 506 El
392 449 630 519 δήποτε
681 449 1127 519 εὐοδωθήσομαι
1169 449 1238 503 ἐν
1282 447 1361 514 τῷ
1409 449 1695 518 θελήματι
1749 448 1855 502 τοῦ

1981 466 2043 510 ὀδ
2074 448 2144 514 ¹⁸;
2193 455 2245 504 et
2273 466 2287 501 :
2311 445 2591 508 Gloriaris,
2632 439 2841 514 inquit,
2874 442 2926 495 in
2969 439 3076 494 Deo
3116 441 3180 492 ".
3211 437 3276 492 Et
3319 437 3525 505 reliqua

285 541 429 596 Θεοῦ
447 542 660 597 ἐλθεῖν
683 542 834 610 πρὸς
863 541 1018 612 ὑμᾶς
1041 559 1053 570 ’
1081 541 1196 604 καὶ,
1223 539 1558 610 Καυχᾶσαι,
1592 543 1775 611 φησὶν,
1791 542 1861 594 ἐν

286 631 419 698 Θεῷ.
456 631 572 685 Καὶ
603 633 708 686 ὅσα
739 631 860 685 οὐδὲ
886 631 1184 701 ἀριθμῆσαι
1227 630 1426 702 ῥᾴδιον.
1466 629 1620 682 Ἔστι
1645 629 1703 682 δὲ
1729 631 1861 698 ἡμῖν

285 723 341 776 ού
381 721 630 793 πλήθους
675 721 988 792 μαρτυριῶν
1029 720 1320 786 ἐπίδειξις,
1363 719 1476 773 ἀλλ’
1506 719 1724 789 ἐλεγχος
1769 718 1859 772 τοῦ

289 813 359 885 μὴ
375 814 549 884 ὑγιῶς
583 815 769 879 αὐτοῖς
789 813 898 884 (66)
927 813 1023 876 τὰς
1044 812 1453 884 παρατηρήσεις
1476 811 1640 882 ἔχειν.
1664 812 1736 864 Τὸ
1755 811 1862 883 γὰρ

287 907 409 976 περὶ
444 904 542 958 τοῦ
573 906 784 977 Κυρίου
818 907 851 977 ἢ
891 905 984 959 τοῦ
1013 904 1171 974 ἁγίου
1200 905 1514 975 Πνεύματος
1555 903 1861 976 παρειλημ-

291 999 454 1070 μένην
485 997 587 1069 τὴν
634 1000 830 1070 χρῆσιν
856 997 1056 1069 ταύτην
1095 998 1456 1052 ἐπιδεικνύναι
1489 999 1563 1062 ὡς
1590 998 1864 1068 γνώριμον

291 1091 697 1162 ὑπερϐήσομαι.
743 1093 949 1146 Ἐκεῖνο
974 1091 1030 1145 δὲ
1064 1093 1358 1161 ἀναγκαῖον
1387 1092 1582 1153 εἰπεῖν,
1618 1090 1700 1142 ὅτι
1736 1107 1864 1142 συν-

287 1181 388 1252 ετῴ
414 1183 668 1254 ἀκροατῇ
707 1183 890 1247 ἱκανὸς
915 1183 1132 1253 ἐλεγχος
1157 1182 1266 1235 τῶν
1301 1181 1676 1254 προταθέντων
1705 1183 1734 1234 ὁ
1757 1181 1864 1234 ἀπὸ

288 1273 374 1326 τοῦ
407 1274 683 1327 ἐναντίω.
725 1275 790 1328 El
824 1274 932 1345 γὰρ
958 1275 1018 1326 τὸ
1064 1273 1317 1345 διάφορον
1360 1274 1461 1343 τῆς
1507 1274 1864 1342 ἐκφωνήσεως

290 1367 760 1438 παρηλλαγμένην
781 1367 990 1421 ἐδείκνυ
1019 1366 1128 1436 (67)
1148 1366 1244 1436 τὴν
1277 1367 1434 1435 φύσιν
1465 1365 1605 1420 κατὰ
1627 1365 1717 1418 τὸν
1743 1364 1866 1417 τού-

290 1477 390 1512 των
413 1459 596 1526 Λόγον,
632 1461 668 1530 ὴ
698 1458 805 1512 τῶν
831 1457 1024 1528 φωνῶν
1043 1458 1307 1528 ταὺτὸτης
1329 1458 1745 1530 ἀπαράλλακτον
1770 1457 1864 1512 νῦν

289 1552 381 1622 τὴν
407 1549 603 1604 οὐσίαν
627 1551 832 1614 αὐτοὺς
858 1549 1142 1620 ὁμολογεῖν
1169 1549 1504 1603 δυσωπείτω.

358 1641 445 1695 12.
487 1642 564 1695 Οὐ
603 1641 768 1712 μόνον
799 1641 856 1694 δὲ
879 1641 974 1694 ἐπὶ
1001 1640 1102 1711 τῆς
1131 1640 1410 1708 Θεολογίας
1432 1641 1487 1692 αἱ
1521 1641 1744 1711 χρήσεις
1759 1638 1865 1692 τῶν

295 1732 478 1797 φωνῶν
525 1731 983 1796 ὲπαλλάττονται,
1035 1731 1149 1784 ἀλλ’
1198 1731 1298 1801 ἤδη
1349 1732 1441 1784 καὶ
1493 1731 1629 1800 πρὸς
1661 1729 1727 1783 τὰ
1770 1728 1862 1783 ὑπ’

1960 555 2082 610 quas
2110 554 2178 594 ne
2205 551 2524 594 enumerare
2547 535 2769 605 quidem
2818 530 2980 586 facile
3011 531 3102 586 sit.
3132 530 3201 583 At
3235 527 3394 584 nobis
3417 540 3527 580 non

1960 640 2045 686 est
2071 630 2411 701 propositum
2446 625 2724 684 Ostentare
2746 623 3188 680 testimoniorum
3219 618 3527 674 multitudi-

1960 736 2108 785 nem,
2137 719 2231 776 sed
2259 720 2488 790 probare
2510 717 2921 773 observationes
2944 713 3185 784 ipsorum
3215 717 3391 766 rectas
3418 722 3525 761 non

1959 829 2099 868 esse.
2173 811 2449 882 Siquidem
2499 811 2641 864 hanc
2689 807 3010 878 particulam
3060 805 3128 860 de
3179 802 3407 859 Domino
3464 814 3529 854 ac

1963 902 2171 975 Spiritu
2221 909 2414 960 sancto
2466 908 2782 972 usurpatam
2830 913 2983 959 esse,
3028 907 3284 966 tanquam
3327 907 3424 963 per
3467 906 3528 947 se

1961 1004 2173 1061 notum,
2201 995 2577 1050 demonstrare
2606 994 2874 1048 omittam.
2902 987 3035 1041 illud
3066 993 3247 1040 tamen
3275 997 3529 1037 necessa-

1962 1088 2043 1141 rio
2072 1087 2360 1142 dicendum
2393 1093 2494 1151 est,
2527 1083 2777 1155 prudenti
2820 1079 3053 1136 auditori
3084 1075 3328 1133 sufficere
3380 1075 3526 1128 illam

1963 1180 2298 1250 objectorum
2338 1178 2768 1232 confutationem
2791 1213 2806 1238 ,
2839 1188 2960 1244 quae
2989 1187 3020 1226 a
3055 1168 3331 1225 coulrario
3374 1167 3528 1222 duci~

1962 1278 2073 1324 tur.
2107 1269 2240 1324 Nam
2281 1269 2325 1324 si
2371 1268 2690 1340 prolationis
2721 1265 3011 1320 diversitas
3049 1262 3226 1332 arguit
3272 1269 3532 1314 naturam

1961 1362 2263 1425 diversam,
2295 1358 2754 1430 quemadmodum
2800 1356 2892 1412 isti
2935 1355 3160 1408 dicunt:
3190 1356 3299 1424 jam
3330 1367 3527 1406 vocum

1962 1453 2217 1520 identitas
2259 1453 2340 1508 vel
2371 1451 2578 1522 pudore
2608 1447 2754 1519 cogit
2797 1462 2894 1503 eos
2942 1446 3098 1502 fateri
3131 1445 3425 1500 essentiam
3470 1445 3530 1496 in

1963 1546 2114 1600 nullo
2138 1545 2561 1614 discrepantem.

2033 1638 2118 1692 12.
2139 1638 2323 1708 Neque
2353 1638 2496 1700 enim
2525 1635 2702 1691 solum
2728 1649 2852 1688 cum
2879 1633 2947 1688 de
2977 1631 3088 1687 Deo
3115 1631 3176 1685 lit
3201 1644 3402 1690 sermo,
3432 1626 3528 1681 lia-

1962 1750 2082 1789 rum
2113 1750 2304 1791 vocum
2339 1747 2472 1789 usus
2506 1731 2719 1795 variat;
2754 1743 2942 1784 verum
2981 1728 3143 1782 etiam
3193 1724 3260 1778 ad
3310 1733 3531 1777 mutuos

293 1792 532 1890 αλλήλων
600 1792 979 1892 σημαινόμενα
1030 1792 1298 1883 πολλάκις.
1347 1792 1820 1890 ἁντιμείῶίστανται
1844 1858 1858 1882 ,

1985 1827 2194 1882 nvicem
2254 1823 2591 1895 significatus
2649 1833 3025 1890 sarpenumero
3087 1814 3528 1876 transferuntur,

293 1913 412 1965 ὅταν
443 1912 612 1983 ἑτέρα
653 1912 754 1984 τὴν
783 1913 884 1984 τῆς
921 1913 1113 1984 ἑτέρας
1153 1912 1426 1982 σημασίαν
1467 1910 1860 1982 ἀντιλαμϐάνῃ.

295 1998 432 2067 Οίον,
478 2001 866 2071 Ἑκτησάμην
891 2003 1204 2071 ἄνθρωπον
1241 2001 1337 2056 διὰ
1364 2002 1469 2056 τοῦ
1500 2002 1669 2063 Θεοῦ,
1702 2003 1864 2074 φησὶν

295 2093 322 2145 ὁ
362 2091 532 2162 ’Δδὰμ
553 2091 698 2160 (68),
732 2091 846 2146 ἴσον
874 2091 1045 2161 λέγων
1067 2091 1167 2162 τῷ,
1189 2093 1257 2145 ἐκ
1288 2091 1395 2146 τοῦ
1424 2092 1572 2146 Θεοῦ
1592 2109 1604 2120 ·
1642 2094 1734 2145 καὶ
1758 2093 1867 2146 ἑτέ·

301 2182 446 2254 ρωθι·
479 2185 647 2237 Ὅσα
681 2183 1021 2238 ἐνετείλατο
1064 2182 1326 2252 Μωῦσῆς
1352 2182 1429 2248 τῷ
1493 2182 1729 2251 Ἰσραὴλ
1770 2181 1868 2236 διὰ

298 2275 398 2330 τοῦ
418 2275 885 2347 προστάγματος
898 2277 1137 2343 Κυρίου·
1166 2275 1260 2330 καὶ
1278 2275 1458 2330 πάλινο
1481 2275 1626 2344 Οὐχὶ
1642 2273 1739 2329 διὰ
1760 2274 1867 2328 τοῦ

301 2367 440 2422 Θεοῦ
466 2367 506 2434 ὴ
538 2365 916 2436 διασόφησις
946 2366 1144 2420 αὐτῶν
1180 2367 1392 2428 ἐστιν;
1419 2367 1449 2419 ὁ
1495 2364 1711 2436 Ἰωσὴφ,
1740 2365 1874 2436 περὶ

299 2459 397 2512 τῶν
427 2458 704 2513 ἐνυπνίων
736 2460 848 2522 τοῖς
881 2459 938 2510 ἐν
968 2457 1046 2529 τῷ
1082 2457 1439 2530 δεσμωτηρίῳ
1467 2457 1865 2528 διαλεγόμενος,

302 2549 478 2618 σαφῶς
504 2549 602 2604 καὶ
642 2550 829 2614 αὐτὸς,
861 2551 981 2603 ἀντὶ
1010 2549 1102 2604 τοῦ
1131 2550 1200 2604 ἐκ
1230 2549 1378 2603 Θεοῦ
1417 2551 1611 2614 είπείν,
1648 2549 1743 2604 διὰ
1764 2551 1868 2604 τοῦ

305 2640 443 2693 Θεοῦ
477 2641 700 2712 εἴρηκε.
734 2638 838 2693 Καὶ
865 2639 1129 2694 ἀνάπαλιν
1160 2643 1226 2712 τῇ
1257 2639 1326 2706 ἐξ
1352 2635 1423 2697 οὗ
1454 2641 1707 2714 προθέσει
1753 2642 1871 2695 ἀντὶ

303 2732 394 2803 τῆς
417 2733 489 2786 δι’
517 2731 593 2790 οὗ
628 2733 892 2805 κέχρηται
922 2733 1132 2798 Παῦλος
1156 2752 1170 2766 ο
1213 2733 1289 2798 ὡς
1319 2735 1446 2788 ὅταν
1493 2734 1624 2806 λέγῃ
1644 2776 1658 2798 ,
1691 2736 1874 2788 Γενό-

303 2841 477 2892 μενος
509 2825 580 2880 ἐκ
628 2825 918 2895 γυναικὸς
950 2825 1071 2879 ἀντὶ
1107 2825 1202 2879 τοῦ
1233 2825 1330 2880 διὰ
1367 2827 1670 2897 γυναικός.
1707 2827 1875 2880 Τοῦτο

308 2916 406 2988 γὰρ
445 2920 580 2989 ἡμῖν
618 2917 853 2990 ἑτέρωθι
881 2918 1067 2989 σαφῶς
1098 2918 1429 2973 διεστείλατο
1449 2905 1726 2989 (γυναικὶ
1778 2919 1876 2989 μὲν

310 3011 601 3082 προσήκειν
665 3010 836 3078 λέγων
881 3009 943 3063 τὸ
993 3011 1059 3063 ὲκ
1101 3007 1198 3062 τοῦ
1245 3011 1438 3081 ἀνδρὸς
1483 3011 1873 3082 γεγεννῆσθαι,

1963 1919 2174 1988 quoties
2191 1919 2360 1972 altera
2383 1914 2608 1969 alterius
2627 1913 2820 1981 recipit
2839 1910 3315 1981 significationem,
3340 1904 3528 1962 veluti.

1965 2011 2184 2066 Possedi
2219 2011 2475 2064 hominem
2516 2023 2605 2076 per
2643 2005 2808 2058 Deum
2840 2005 2905 2068 ιδ,
2941 2003 3121 2072 inquit
3167 2000 3359 2062 Adam,
3410 2012 3532 2066 per-

1966 2103 2090 2158 inde
2114 2109 2276 2171 atque
2299 2103 2343 2156 si
2373 2100 2619 2156 dixisset.
2657 2113 2720 2151 ex
2751 2096 2881 2150 Deo.
2935 2095 3000 2148 Et
3022 2096 3185 2150 alibi:
3219 2093 3351 2160 Qua:
3395 2105 3534 2156 pra:-

1967 2195 2097 2263 cepit
2134 2191 2344 2263 Moyses
2391 2191 2584 2248 lsraeli
2624 2207 2715 2260 per
2763 2189 3075 2242 mandatum
3124 2183 3338 2238 Domini
3365 2183 3424 2236 ιθ.
3472 2177 3537 2231 Et

1969 2302 2161 2343 rursus
2196 2284 2423 2339 :Nomte
2447 2301 2538 2354 per
2572 2283 2735 2357 Deum
2766 2282 2950 2336 horum
2987 2275 3343 2346 manifestatio
3361 2282 3438 2326 est
3459 2269 3534 2321 "l

1967 2380 2167 2450 Ioseph
2204 2379 2272 2435 de
2315 2378 2608 2434 insomniis
2635 2393 2756 2431 cum
2792 2375 2860 2430 iis
2887 2374 2980 2442 qui
3013 2373 3065 2426 in
3097 2382 3317 2425 carcere
3357 2373 3534 2424 erant,

1969 2474 2246 2529 disserens
2269 2480 2322 2527 et
2347 2470 2462 2542 ipse
2493 2477 2679 2540 aperte
2712 2483 2812 2538 pro
2837 2483 2901 2522 ea:
2933 2465 3034 2519 Deo
3065 2463 3202 2518 dixit
3234 2477 3325 2530 per
3347 2458 3534 2512 Deum.

1969 2563 2036 2618 Et
2063 2571 2277 2625 contra,
2309 2577 2374 2616 ex
2411 2578 2532 2631 quo,
2561 2576 2656 2630 pro
2685 2575 2776 2629 per
2801 2575 2952 2628 quem
2983 2552 3267 2625 usurpavit
3310 2549 3538 2604 Paulus.

1970 2655 2116 2710 velut
2153 2668 2276 2708 cum
2321 2653 2396 2709 ait
2426 2671 2440 2706 :
2474 2650 2674 2704 Factus
2724 2665 2787 2702 ea:
2821 2648 3038 2702 muliere
3066 2645 3132 2709 ²¹,
3167 2658 3264 2714 pro
3307 2656 3397 2709 per
3427 2654 3542 2725 mu-

1974 2745 2172 2800 lierem.
2222 2743 2356 2798 Nam
2415 2742 2470 2798 id
2520 2744 2677 2798 nobis
2735 2741 2861 2794 alibi
2916 2738 3206 2809 perspicue
3251 2730 3539 2788 distinxit.

1975 2853 2098 2892 cum
2131 2839 2208 2890 ait
2236 2835 2454 2892 feminae
2481 2835 2798 2897 convenire,
2832 2849 2861 2886 e
2889 2835 3006 2885 viro
3037 2837 3219 2883 natam
3251 2839 3394 2886 esse,
3425 2823 3542 2895 viro

1977 2937 2154 2985 autem
2187 2943 2284 3000 per
2313 2927 2567 2984 feminam
2597 2945 2610 2980 :
2643 2922 3096 2993 Quemadmodum
3115 2919 3302 2973 mulier
3325 2931 3390 2970 ex
3410 2914 3542 2972 viro,

1979 3021 2056 3074 ita
2098 3020 2176 3073 uir
2207 3035 2299 3088 per
2330 3019 2602 3072 mulierem
2628 3019 2696 3074 “.
2730 3015 2836 3071 Sed
2879 3023 3062 3068 tamen
3100 3009 3191 3064 hic
3228 3005 3543 3078 Apostolus,

309 3101 456 3174 ἀνδρὶ
503 3102 562 3158 δὲ
612 3101 679 3156 τὸ
717 3101 806 3156 διὰ
849 3101 950 3173 τῆς
998 3101 1292 3172 γυναικὸς,
1334 3105 1394 3158 ἐν
1431 3097 1513 3167 οἷς
1554 3121 1751 3174 φησιν,
1795 3105 1878 3157 ὅτι

1981 3111 2142 3168 simul
2169 3109 2468 3165 ostendens
2488 3107 2764 3163 diversum
2803 3106 2999 3160 barum
3027 3114 3222 3157 vocum
3254 3110 3437 3159 usum,
3471 3094 3547 3148 si-

313 3193 532 3263 Ὠσπερ
559 3193 721 3264 γυνὴ
746 3193 815 3259 ἐξ
839 3194 1080 3265 ἀνδρὸς,
1112 3195 1299 3261 οὕτως
1322 3195 1477 3264 ἀνὴρ
1502 3194 1600 3250 διὰ
1630 3195 1741 3264 τῆς
1775 3214 1876 3266 τν-

312 3289 529 3352 ναικός.
562 3285 712 3340 Ἀλλ’
750 3286 898 3358 ὅμως
927 3285 1182 3353 ἐνταῦθα,
1213 3286 1349 3357 ὁμοῦ
1381 3289 1478 3359 μὲν
1523 3287 1584 3341 τὸ
1625 3287 1876 3360 διάφορον

313 3377 402 3448 τῆς
436 3380 694 3450 χρήσεως
724 3376 1151 3451 ἐνδεικνύμενος,
1191 3378 1326 3450 ὁμοῦ
1357 3379 1414 3433 δὲ
1443 3381 1537 3434 καὶ
1569 3379 1630 3432 τὸ
1657 3380 1878 3451 σφάλμα

313 3469 462 3522 τινῶν
515 3471 578 3524 ἐν
641 3470 964 3542 παραδρομῇ
1024 3470 1404 3541 διορθούμενος
1455 3471 1564 3526 τῶν
1617 3471 1878 3542 οίομένων

318 3562 682 3632 πνευματικὸν
721 3558 860 3615 εἶναι
895 3561 990 3615 τοῦ
1024 3563 1229 3633 Κυρίου
1256 3562 1319 3615 τὸ
1360 3561 1544 3632 σῶμα,
1584 3561 1670 3616 ἵνα
1695 3561 1842 3632 δείξῃ
1863 3603 1878 3626 ,

320 3651 394 3703 ὃτι
430 3653 493 3705 ὲκ
529 3650 632 3704 τοῦ
672 3651 1011 3723 ἀνθρωπείου
1049 3653 1430 3723 φυράματοςὴ
1463 3651 1718 3724 θεοφόροι,
1745 3652 1880 3723 σὰρξ

320 3741 422 3810 (69)
444 3742 749 3813 συνεπάγη,
775 3745 875 3815 τὴν
905 3743 1354 3814 ἑμφατικωτέραν
1377 3743 1490 3814 (70)
1540 3744 1726 3814 φωνὴν
1758 3760 1884 3814 προ-

326 3833 540 3905 ετίμησε
573 3835 592 3905 (
615 3835 680 3888 τὸ
705 3837 802 3905 μὲν
823 3835 929 3906 γὰρ
957 3834 1057 3889 διὰ
1078 3835 1361 3905 γυναικὸς
1381 3835 1674 3908 παροδικὴν
1695 3835 1883 3906 ἔμελλε

321 3924 412 3996 τὴν
441 3926 652 3980 ἔννοιαν
681 3926 778 3998 τῆς
809 3927 1072 3994 γενέσεως
1113 3927 1447 3995 ὑποφαίνειν
1478 3927 1538 3980 τὸ
1571 3927 1628 3981 δὲ
1663 3929 1730 3982 ἐκ
1775 3928 1886 3995 τῆς

324 4018 602 4086 γυναικὸς
663 4017 860 4082 ἱκανῶς
910 4018 1252 4090 παραδηλοῦν
1305 4020 1403 4091 τὴν
1459 4022 1741 4076 κοινωνίαν
1787 4025 1885 4093 τῆς

326 4109 528 4176 φύσεως
559 4109 663 4164 τοῦ
706 4113 1026 4180 τικτομένω
1054 4110 1188 4182 πρὸς
1227 4111 1326 4181 τὴν
1362 4113 1758 4183 γεννήσασαν),
1791 4115 1888 4184 οὐχ

330 4201 494 4273 ἑαυτῷ
527 4219 634 4255 που
665 4202 990 4274 μαχόμενος,
1017 4203 1152 4258 ἀλλὰ
1179 4204 1410 4267 δεικνὺς,
1436 4204 1518 4256 ὅτι
1552 4204 1751 4275 ῥᾳδίως
1791 4205 1886 4258 ἀλο

330 4292 508 4363 λήλαις
553 4292 1112 4366 ἀντεπιχωριάζουσιν
1143 4296 1198 4348 αί
1228 4295 1422 4364 φωναί.
1479 4294 1670 4349 Ὀπὸτε
1712 4296 1889 4349 τοίνυν

333 4387 416 4438 καὶ
457 4388 539 4456 ἐφ’
567 4379 645 4439 ὧν
677 4386 936 4458 διωρίσθη
967 4387 1028 4440 τὸ
1059 4387 1134 4440 δι’
1160 4383 1232 4442 οὗ
1270 4385 1472 4456 κυρίως
1499 4385 1773 4456 λέγεσθαι,
1801 4390 1891 4440 ἐπὶ

1975 3202 2090 3257 mul
2117 3201 2292 3257 obiter
2323 3201 2607 3272 corrigens
2634 3195 2997 3270 quorumdam
3042 3205 3284 3248 errorem
3309 3230 3324 3254 ,
3359 3185 3549 3243 existi-

1976 3294 2242 3350 mantium
2275 3291 2492 3350 Domini
2531 3307 2732 3362 corpus
2765 3302 2888 3345 esse
2921 3283 3242 3358 spirituale;
3274 3289 3334 3336 ut
3362 3286 3546 3336 osten-

1978 3387 2133 3442 deret
2171 3400 2390 3440 carnem
2436 3383 2532 3438 Dei
2585 3382 2934 3454 gestatricem
2980 3393 3047 3433 ex
3092 3377 3330 3430 humana
3365 3383 3554 3428 massa

1979 3486 2294 3532 concretam
2331 3476 2526 3540 fuisse,
2567 3474 2761 3529 maluit
2792 3474 2870 3528 uti
2921 3470 3085 3526 verbo
3124 3465 3555 3538 signiﬁcantiore

1982 3568 2130 3631 (nam
2156 3566 2239 3620 hat
2267 3565 2557 3630 dictiones,
2585 3579 2677 3633 per
2705 3563 3000 3619 mulierem.
3031 3557 3364 3613 transitorize
3392 3570 3555 3624 gene-

1981 3658 2212 3714 rationis
2249 3657 2620 3728 suspicionem
2647 3663 2803 3711 erant
2839 3653 3077 3708 daturae:
3117 3660 3172 3704 at
3216 3648 3316 3712 hae,
3343 3661 3407 3700 ea:
3439 3661 3558 3697 mu-

1987 3751 2110 3807 liere
2133 3792 2148 3817 ,
2183 3750 2400 3807 abunde
2425 3749 2706 3804 declarant
2739 3746 3179 3801 communionem
3207 3781 3221 3806 ,
3258 3754 3422 3811 quam
3458 3752 3557 3790 na-

1987 3852 2107 3896 tura
2135 3841 2303 3911 geniti
2336 3856 2458 3896 cum
2491 3839 2756 3910 genitrice
2788 3835 2995 3908 habet),
3027 3850 3135 3890 non
3164 3832 3311 3903 quod
3343 3830 3433 3884 ille
3472 3845 3560 3883 sc-

1989 3949 2113 3992 cum
2145 3940 2370 4004 pugnet,
2401 3932 2494 3988 sed
2530 3941 2591 3986 ut
2621 3930 2876 3986 ostendat
2910 3929 3009 3984 has
3033 3941 3200 3982 voces
3247 3923 3408 3978 facile
3453 3921 3556 3976 sibi

1987 4026 2229 4082 vicissim
2257 4025 2472 4080 cedere.
2509 4025 2611 4094 ιο
2644 4021 2875 4089 Quando
2908 4020 3075 4092 igitur
3109 4018 3177 4074 de
3219 4016 3562 4086 quibuscum-

1990 4133 2096 4189 que
2124 4117 2408 4173 delinitum
2440 4124 2525 4170 est
2554 4115 2773 4185 proprie
2802 4113 2934 4175 dici,
2963 4127 3054 4179 per
3075 4127 3250 4181 quem,
3273 4109 3341 4163 de
3368 4105 3560 4162 iisdem

1989 4210 2154 4264 etiam
2180 4224 2284 4264 vox
2309 4247 2324 4272 ,
2352 4224 2417 4262 ex
2444 4224 2544 4276 quo
2571 4247 2584 4271 ,
2623 4213 2920 4276 usurpatur
2944 4221 2958 4269 ;
2991 4219 3098 4273 qua
3123 4203 3336 4256 ratione
3369 4199 3429 4253 fit
3453 4239 3466 4259 .
3505 4205 3564 4252 ut

1994 4301 2058 4355 ad
2088 4301 2306 4372 pietatis
2336 4300 2668 4354 calumniam
2712 4299 2796 4353 ba:
2838 4297 3108 4351 dictiones
3147 4295 3289 4349 inter
3321 4307 3380 4348 se
3410 4305 3565 4361 pror-

1995 4409 2090 4448 sus
2121 4391 2480 4462 separentur?

332 4477 430 4532 τῶν
468 4479 651 4534 αὐτῶν
685 4480 888 4534 τούτων
920 4481 980 4534 τὸ
1044 4481 1112 4546 ἐξ
1146 4477 1215 4536 οὗ
1259 4481 1585 4553 μετελήφθη,
1619 4482 1738 4536 τίνα
1767 4483 1922 4552 λόγον
1959 4487 2070 4558 ἔχει
2114 4488 2206 4541 ἐπὶ
2277 4485 2609 4556 συκοφαντίᾳ
2644 4487 2744 4554 τῆς
2778 4483 3060 4545 εὐαεόείας
3115 4483 3290 4551 πάντη
3325 4477 3570 4548 ἀλλήλων

334 4568 602 4640 ἀφορίζειν
642 4573 740 4635 τὰς
769 4571 940 4637 λέξεις
956 4589 970 4637 ;

402 4681 614 4738 “Rom.
652 4699 692 4748 ι,
725 4683 813 4737 l0.
848 4683 890 4715 ⁸⁷
907 4685 1066 4740 Rom.
1097 4701 1158 4750 ιι,
1189 4684 1276 4740 l7.
1326 4684 1513 4742 "Gen.
1545 4702 1620 4754 IV,
1654 4688 1705 4741 l.
1741 4686 1878 4744 "Le‘

2001 4705 2115 4755 νιιι,
2144 4688 2233 4743 21.
2269 4688 2461 4745 "Gen.
2494 4703 2584 4755 XL,
2618 4693 2671 4742 δ.
2712 4685 2888 4741 “Gal.
2921 4685 3062 4752 iv,4.
3098 4683 3179 4736 "1
3208 4683 3336 4738 Cor.
3368 4696 3447 4744 χι,
3478 4679 3568 4736 l2.

369 4835 512 4908 .-(66)
541 4837 778 4908 Αὐτοῖς.
810 4836 902 4892 Sic
930 4837 1054 4892 libri
1083 4846 1313 4901 veteres,
1347 4840 1541 4894 melius
1567 4855 1728 4908 quam
1763 4841 1878 4896 edit

1997 4841 2417 4898 Basileensibus.

342 4905 542 4978 αύτούς.
593 4906 1035 4978 Αμρυεηιορυει
1067 4908 1123 4962 ἱιι
1166 4920 1399 4978 quatuor
1436 4905 1720 4967 codicibus
1759 4928 1892 4967 mss.

345 4973 547 5048 ἐλεγχος
556 5045 566 5048 _
576 4973 712 5048 τῷνί
721 4973 1109 5048 προτεθέντων.

412 4994 547 5096 ivga;
580 4994 690 5028 των
721 4994 1109 5058 προτειιεντων.

412 5046 463 5115 (6
498 5046 516 5114 )
554 5045 841 5100 Ἐδείκνυ.
874 5046 964 5102 Sic
991 5062 1181 5104 omnes
1203 5049 1422 5105 codices
1445 5065 1603 5115 mss.;
1624 5049 1751 5104 editi
1772 5065 1901 5104 vero

351 5112 749 5194 _'Ev6el_xvu1at._
778 5115 894 5194 lion
927 5119 1099 5173 multo
1133 5130 1254 5190 post
1291 5119 1390 5191 ήδη
1419 5119 1488 5172 τὰ
1529 5112 1620 5174 ὑπ’
1659 5120 1902 5192 ἀλλήλων

353 5185 402 5236 in
435 5185 608 5240 tribus
630 5186 934 5242 codicibus.

415 5253 520 5322 (68)
563 5255 626 5309 Ὀ
665 5255 856 5324 Ἀδάμ.
880 5256 999 5311 Non
1026 5257 1128 5311 hoc
1155 5258 1328 5312 solum
1359 5261 1478 5314 loco
1513 5259 1746 5316 Basilius
1789 5261 1903 5315 haec

352 5324 500 5377 verba
557 5324 762 5381 Adamo
804 5327 1047 5394 ascribit,
1089 5328 1197 5382 sed.
1225 5337 1277 5382 et
1324 5329 1417 5384 lib.
1471 5346 1508 5383 ιι
1557 5330 1611 5384 in
1644 5330 1893 5391 Eunom.,

354 5408 493 5449 num.
522 5394 610 5467 20.
662 5396 721 5467 In
754 5396 840 5452 his
869 5413 989 5467 qua:
1034 5407 1335 5467 sequuntur
1374 5400 1633 5454 nonnulla
1666 5402 1900 5454 mutavi-

356 5477 465 5533 mus
491 5465 724 5533 antiquis
757 5465 1039 5523 codicibus
1082 5465 1228 5522 freti.
1278 5467 1560 5524 Habebam
1590 5469 1733 5523 enim
1771 5471 1901 5526 editi

353 5530 433 5608 διᾲ
460 5530 870 5608 προστάγματος
903 5537 997 5608 τοῦ
1028 5537 1257 5608 Κυρίου.
1294 5537 1356 5590 Et
1385 5541 1546 5608 paulo
1587 5550 1709 5608 post
1735 5540 1904 5592 διαλε-
1930 5544 1941 5558 ‘

355 5601 568 5688 73:96:16;
604 5601 766 5688 φησιο
790 5605 986 5688 Ξαφῷς
1023 5601 1130 5679 γὰρ
1159 5601 1901 5688 .καὶιαύτδς....;’>εέχρηταις

381 5671 756 5750 Ωνςιὸίςαν
790 5671 1337 5750 Παῦλος.ξ..ξῄἀνδρὸς
1371 5671 1838 5750 γεγεννῆσθαὶ’..ξ..
1873 5683 1906 5750 ἡ

360 5741 485 5814 γυνὴ
509 5742 568 5809 ἐξ
598 5741 808 5819 ἀνδρός.
863 5747 1024 5804 Deest
1076 5741 1260 5805 etiam'
1290 5741 1422 5822 φησί
1449 5741 1524 5804 ἰιι
1575 5741 1909 5806 editionibus

2075 4913 2187 4982 (69)
2229 4915 2300 4968 Ἡ
2324 4915 2610 4981 θεοφόρος
2641 4909 2815 4978 σάρξ.
2852 4909 3053 4965 Christi
3080 4923 3210 4982 caro
3239 4905 3449 4961 Deifera
3474 4921 3570 4982 νο-

2005 4977 2178 5037 οειῐιιι·’
2201 4985 2401 5036 Homil.
2427 4977 2514 5036 ἰη’
2538 4977 2801 5050 psalmum
2854 4995 3043 5050 xxxix,
3073 4977 3465 5050 et_C_o_tnment.
3515 4978 3571 5050 in

2004 5062 2162 5122 caput
2195 5069 2229 5105 ιι
2263 5052 2443 5112 Ιδαὶιε,
2479 5045 2547 5106 ut
2565 5053 2819 5122 observat
2851 5049 3096 5122 Dircaeus.
3125 5045 3289 5122 Addit
3316 5046 3468 5122 idem
3490 5049 3572 5099 vir

2005 5115 2382 5185 doctissimus,
2415 5121 2816 5177 Theodoretum
2842 5118 3078 5189 graviter
3108 5117 3237 5189 olim
3269 5115 3570 5189 hallucina-

2006 5202 2120 5247 tum
2164 5194 2332 5249 fuisse
2362 5195 2413 5246 in
2450 5187 2872 5261 reprehensione
2897 5187 3340 5261 anathematismi
3369 5187 3569 5261 quinti,

2008 5263 2098 5318 ubi
2129 5263 2204 5317 ait
2234 5256 2566 5318 Christum-:1
2597 5261 2796 5316 Basilio
2834 5258 3091 5328 Oeocpdpov
3132 5256 3574 5328 ἄνθρωπον,ὴο-

2006 5334 2199 5387 minem
2220 5332 2508 5402 Deiferum,
2541 5338 2792 5402 vocatum
2823 5325 3072 5402 fuisse’in
3097 5325 3250 5402 libro
3276 5325 3349 5381 De
3370 5325 3580 5402 Spiritu,

2006 5413 2190 5457 sancto
2216 5411 2272 5457 et
2318 5395 2383 5456 'in
2434 5395 2825 5470 EXplanatione
2870 5399 3062 5470 psalmi
3113 5395 3572 5470 quinquagesimi.

2006 5472 2125 5527 Non
2148 5473 2292 5528 enim
2323 5465 2776 5540 parum'interest
2816 5465 2957 5522 inter
2985 5465 3278 5523 hominem
3299 5465 3577 5522 Deiferum

2009 5552 2062 5598 et
2093 5558 2310 5596 carnem
2343 5541 2624 5595 Deiferam.

2105 5614 2193 5680 70)
2246 5608 2768 5680 Ἐμφατικῳτέραν.
2801 5607 3021 5680 Legitur
3051 5609 3103 5663 in
3137 5606 3350 5662 duobus
3370 5601 3588 5664 codici;

2013 5685 2114 5739 bus
2161 5679 2688 5752 Ἐμφαντικωτέραν.
