3972 6218
332 311 410 366 89

1482 319 1677 372 LIBER
1721 318 1807 372 DE
1850 319 2117 374 SPIRITU
2163 317 2452 374 SANCTO.
3515 314 3586 368 90

335 436 532 506 χρόνον
550 436 645 487 καὶ
678 437 890 499 πάντας
908 437 1109 500 αἰῶνας·
1128 439 1497 510 ὑπερεχούσης
1523 437 1666 508 ζωῆς
1686 442 1752 509 τῇ
1784 441 1888 510 πρὸ

2021 441 2160 495 senti
2197 441 2294 508 ιι
2331 447 2610 506 tempore:
2654 443 2708 490 et
2753 435 2869 490 haec
2916 434 3022 487 illis
3064 431 3398 502 posteriora,
3441 431 3586 501 quod

333 528 402 580 τὸ
421 530 515 579 νῦν
543 528 848 580 ἀποστάσει
862 528 925 580 τὸ
949 524 1085 581 εἶναι
1115 532 1478 599 καταμετρεῖν
1497 529 1611 592 πῶς
1633 529 1753 599 οὑχ).
1779 530 1910 600 πρὸς

333 621 408 688 τῇ
451 617 675 688 ἀσεϐείᾳ
716 618 798 671 ἐτι
829 621 923 672 καὶ
958 621 1132 672 πᾶσαν
1175 619 1479 691 ὑπερϐολὴν
1525 620 1711 682 ἀνοίας
1760 619 1907 688 ἔχει·

335 708 500 780 εἴπερ
528 709 650 762 καθ’
678 710 736 762 ὃν
765 711 966 780 τρόπον
1006 711 1073 765 τά
1101 713 1159 765 ὲν
1193 711 1400 780 γενέσει
1428 713 1522 764 καὶ
1558 709 1734 782 φθορᾷ
1780 711 1911 780 πρό-

333 819 475 872 τερα
497 799 637 854 εἶναι
661 803 906 872 ἀλλήλων
933 803 1168 870 λέγεται,
1193 805 1332 856 κατά
1360 804 1449 856 τὸν
1473 803 1634 856 αὑτὸν
1658 804 1854 875 τρόπον
1883 806 1912 856 ό

334 897 476 960 Θεὸς
500 897 597 948 καὶ
626 898 814 968 Πατὴρ
839 897 919 967 τῷ
951 898 1065 968 Υίῷ
1089 899 1180 950 καὶ
1214 897 1332 968 Θεῷ
1359 898 1437 968 τῷ
1469 899 1766 968 ὑπάρχοντι
1805 897 1911 968 πρὸ

333 989 452 1041 τῶν
471 989 681 1042 αἰώνων
702 990 1055 1062 παραμετροὺ
1063 1007 1220 1058 μενος
1240 990 1498 1061 ὑπερέχοι
1519 1006 1535 1056 ;
1566 989 1727 1043 Ἀλλά
1747 989 1906 1060 γάρή

334 1083 478 1151 πρὸς
507 1081 568 1132 τὸ
609 1081 720 1135 ἄνω
759 1083 998 1152 ὑπεροχὴ
1055 1082 1147 1135 τοῦ
1196 1083 1408 1154 Πατρὸς
1455 1081 1799 1152 ἀθεώρητος,
1832 1080 1910 1150 τῷ

333 1172 673 1235 ἁπαξαπλῶς
708 1175 843 1243 μήτε
892 1173 1206 1244 ἐνθύμησιν,
1245 1176 1379 1245 μήτε
1411 1174 1534 1228 τινὰ
1568 1174 1774 1226 ἔννοιαν
1811 1172 1910 1242 τὴν

329 1262 430 1315 τοῦ
458 1263 661 1336 Κυρίου
687 1264 937 1333 γέννησιν
967 1265 1298 1336 ὑπεραίρειν,
1327 1266 1506 1331 καλῶς
1525 1267 1619 1320 τοῦ
1664 1266 1908 1319 Ἰωάννου

327 1351 422 1404 διὰ
451 1352 548 1404 δύο
574 1353 761 1420 φωνῶν
795 1356 925 1406 εἴσω
961 1356 1347 1428 περιγράπτων
1371 1357 1513 1426 ὅρων
1539 1358 1638 1427 τὴν
1671 1357 1908 1410 διάνοιαν

327 1443 774 1506 ἀποκλείσαντος,
797 1447 855 1496 ἐν
881 1445 958 1515 τῷ
978 1449 1149 1498 εἰπεῖν
1167 1466 1178 1476 ·
1221 1448 1321 1500 Ἑν
1343 1447 1500 1517 ἀρχῇ
1530 1445 1609 1517 ἦν
1633 1453 1665 1502 ό
1696 1449 1905 1518 Λόγος.

341 1533 670 1586 Ἀνέκϐατον
702 1536 800 1603 μὲν
842 1535 950 1607 γὰρ
983 1537 1241 1598 διανοίαις
1283 1538 1342 1590 τὸ
1384 1537 1496 1605 ἦν·
1529 1537 1906 1608 ἀνυπέρϐατον

323 1625 386 1677 δὲ
417 1626 740 1692 φαντασίαις
761 1627 874 1698 (78)
924 1629 1086 1699 ἀρχή.
1140 1629 1307 1681 Ὅσον
1343 1629 1452 1700 γὰρ
1488 1629 1553 1682 ἂν
1590 1628 1907 1702 ἀναδράμῃς

324 1716 393 1785 τῇ
421 1713 633 1786 διανοίᾳ
653 1716 746 1768 ἐπὶ
763 1717 823 1769 τὸ
845 1717 974 1781 ἄνω,
1008 1718 1108 1770 οὑκ
1131 1718 1402 1782 ὲκϐαίνεις
1423 1719 1484 1771 τὸ
1507 1716 1604 1788 ἦν.
1638 1719 1748 1772 Καὶ
1780 1720 1903 1770 ὅσον

2017 529 2420 601 quodammodo
2445 532 2745 598 appareant
2770 525 3023 595 prazsenti
3043 523 3273 592 tempori
3300 523 3584 576 viciniora.

2012 626 2083 677 At
2122 623 2244 693 ejus
2289 623 2444 686 vita),
2474 635 2596 690 quae
2626 634 2788 674 omne
2828 625 3044 686 tempus
3074 623 3128 670 et
3165 615 3345 668 omnia
3387 615 3587 669 saecula

2011 717 2390 780 transcendit,
2431 712 2812 769 exsistentiam
2855 709 3035 764 metiri
3074 707 3329 764 distantia
3379 722 3407 760 a
3450 721 3587 776 prae-

2012 809 2152 864 senti
2185 816 2462 875 tempore,
2492 820 2560 859 an
2595 820 2704 859 non
2734 810 2930 873 praeter
2969 802 3300 873 impietatem
3320 839 3334 864 ,
3370 813 3586 853 omnem

2011 899 2171 953 etiam
2225 898 2550 952 dementiam
2595 904 2852 965 superat;
2899 894 2944 949 si
2989 891 3444 964 quemadmodum
3494 905 3586 945 res

2010 991 2344 1059 generationi
2372 989 2817 1060 corruptionique
2854 987 3102 1042 obnoxim
3119 1027 3134 1051 ,
3157 986 3280 1040 aliis
3303 985 3420 1038 alia:
3439 983 3586 1054 prio-

2010 1099 2098 1138 res
2121 1098 2245 1137 esse
2273 1083 2548 1143 dicuntur,
2581 1080 2831 1135 eumdem
2864 1079 2930 1133 ad
2967 1079 3187 1133 modum
3221 1076 3364 1132 Deus
3393 1084 3448 1131 et
3477 1076 3582 1130 Pa-

2013 1183 2112 1235 ter,
2146 1175 2378 1226 collatus
2411 1187 2533 1225 cum
2573 1170 2712 1224 Filio
2740 1179 2794 1224 et
2827 1169 2938 1225 Deo
2967 1171 3060 1238 qui
3088 1177 3175 1222 est
3205 1177 3330 1222 ante
3359 1168 3581 1230 saecula,

2012 1265 2272 1333 superat?
2317 1267 2385 1316 At
2436 1263 2580 1317 enim
2630 1264 2840 1316 Patrem
2889 1277 3010 1316 esse
3054 1261 3380 1315 anteriorem
3424 1273 3584 1312 nemo

2011 1357 2183 1426 possit
2213 1356 2398 1407 animo
2429 1354 2738 1423 concipere,
2772 1368 2838 1406 eo
2864 1352 3011 1422 quod
3037 1352 3248 1406 Domini
3278 1350 3581 1421 generatio-

2010 1462 2132 1502 nem
2162 1461 2262 1499 nec
2301 1445 2407 1498 ulla
2453 1459 2682 1512 prorsus
2719 1443 3011 1512 cogitatio,
3051 1456 3227 1510 neque
3273 1441 3382 1493 ulla
3429 1439 3585 1493 notio

2009 1535 2388 1590 transcendat:
2428 1533 2632 1587 Joanne
2664 1534 2889 1602 pulchre
2927 1532 3142 1586 duabus
3175 1531 3399 1585 vocibus
3429 1528 3582 1594 cogi-

2008 1627 2264 1680 tationem
2301 1626 2442 1678 intra
2467 1623 2918 1693 circumscriptos
2948 1623 3213 1677 terminos
3242 1621 3579 1683 recludente,

2007 1734 2130 1772 cum
2160 1719 2273 1771 ait:
2310 1716 2375 1770 hi
2418 1717 2673 1784 principio
2713 1725 2828 1768 erat
2885 1714 3104 1768 Verbum
3130 1714 3196 1767 “.
3242 1712 3376 1766 Nam
3406 1729 3582 1782 neque

323 1805 396 1858 ἂν
437 1805 694 1876 διαταθῇς
755 1807 883 1861 ἰδεῖν
922 1807 1014 1861 τοῦ
1047 1808 1178 1862 Υἱοῦ
1214 1809 1284 1862 τά
1319 1810 1576 1863 ἐπέκεινα
1599 1852 1614 1875 ,
1653 1809 1890 1880 ὑπεράνιι

2008 1825 2072 1864 ex
2099 1811 2200 1864 hac
2227 1825 2378 1872 voce,
2408 1820 2548 1870 erat,
2579 1809 2838 1877 cogitatio
2859 1808 3064 1861 exitum
3099 1811 3338 1877 reperire
3368 1813 3579 1875 potest;

321 1898 576 1964 γενέσθαι
618 1899 719 1968 τῆς
758 1901 933 1970 ἀρχῆς
975 1901 1035 1954 οὑ
1067 1901 1292 1975 δυνήσῃ.
1342 1902 1578 1964 Εὑσεϐὲς
1615 1898 1708 1955 οὖν
1755 1901 1896 1954 κατά

320 1990 512 2042 τοῦτον
547 1991 643 2043 τὸν
673 1993 876 2063 τρόπον
910 1993 1027 2064 ἅμα
1058 1999 1198 2049 νοεῖν
1238 1998 1332 2050 τὸν
1361 1997 1487 2049 Υίὺν
1520 1995 1598 2067 τῷ
1623 1997 1818 2067 Πατρί.

2001 1919 2176 1972 neque
2208 1903 2536 1972 principium
2591 1901 2911 1972 imaginatio
2959 1899 3365 1955 transcendere.
3398 1897 3582 1963 Quan-

2001 1993 2204 2047 tumvis
2241 1994 2388 2047 enim
2439 1993 2768 2063 cogitatione
2816 2007 3011 2047 curras
3057 1991 3126 2045 ad
3173 1990 3477 2044 anteriora:
3512 2003 3584 2044 ex

319 2098 477 2144 voce,
533 2095 671 2149 erat,
735 2087 942 2141 exitum
966 2105 1078 2144 non
1133 2091 1364 2160 reperis.
1436 2090 1500 2143 Et
1535 2091 1888 2161 quantumvis
1922 2089 2186 2143 institeris
2218 2088 2398 2142 videre
2446 2104 2566 2156 quae
2604 2087 2715 2140 sint
2768 2088 2906 2141 ultra
2957 2084 3177 2150 Filium,
3221 2099 3330 2138 non
3377 2083 3581 2154 poteris

317 2182 504 2230 [arinen
537 2191 798 2246 superare
827 2180 1176 2250 principium.
1218 2180 1404 2252 Itaque
1435 2181 1584 2252 pium
1625 2191 1710 2236 est
1745 2183 1904 2250 juxta
1945 2181 2086 2234 hanc
2108 2179 2374 2232 rationem
2402 2177 2596 2232 Filium
2624 2178 2786 2232 simul
2810 2192 2932 2230 cum
2961 2175 3119 2229 Patre
3153 2175 3474 2241 intelligere.

391 2267 480 2320 15.
523 2268 586 2319 Ei
620 2268 666 2320 δ’
698 2269 774 2332 ὡς
815 2272 873 2322 ὲν
901 2273 1049 2342 τόπῳ
1076 2272 1418 2344 ὑποκειμένῳ
1464 2275 1728 2326 ὑπόϐασίν
1771 2291 1893 2326 τινα

314 2357 411 2409 τοῦ
444 2357 576 2410 Υίοῦ
629 2360 809 2414 νοοῦσι
846 2363 980 2434 πρὸς
1034 2363 1125 2416 τὸν
1168 2365 1404 2436 Πατέρα,
1453 2364 1593 2417 ὥστε
1641 2366 1894 2435 ὑπεράνω

319 2447 417 2515 μὲν
452 2447 543 2499 τὸν
579 2449 802 2517 Πατέρα
839 2451 1128 2520 καθῆσθαι,
1165 2451 1298 2518 πρὸς
1321 2451 1377 2503 δὲ
1416 2451 1474 2504 τὸ
1505 2451 1702 2522 ἐφεξῆς
1731 2455 1811 2515 εἰς
1836 2453 1895 2504 τὺ

316 2537 466 2589 κάτω
504 2538 595 2590 τὸν
631 2540 758 2592 Υἱὸν
802 2540 1102 2608 ἀπεῶσθαι,
1135 2543 1566 2611 ὀμολογείτωσαν
1598 2543 1772 2607 τοῦτο,
1802 2546 1895 2596 καὶ

312 2631 479 2697 ἡμεῖς
512 2633 868 2702 σιωπήσομεν
906 2633 1038 2704 (79),
1070 2633 1169 2703 τῆς
1213 2634 1498 2705 ἐναργείας
1529 2635 1636 2705 (80)
1672 2634 1895 2688 αὐτόθεν

310 2720 374 2771 τὸ
412 2721 756 2790 ἀπμφαῖνον
785 2725 1034 2795 ἐχούσης.
1076 2726 1208 2778 Οὐδὲ
1240 2726 1349 2797 γάρ
1392 2727 1453 2780 τὸ
1498 2729 1556 2779 ὲν
1602 2730 1714 2790 τοῖς
1746 2727 1892 2794 λογι-

313 2815 475 2878 σμοῖς
506 2813 800 2867 ἀκόλουθον
833 2815 1182 2879 διασώζουσιν
1209 2819 1259 2870 οἱ
1288 2817 1376 2870 διὰ
1425 2819 1640 2872 πάντων
1683 2818 1891 2889 διήκειν

310 2901 390 2971 τῷ
419 2904 598 2973 Πατρὶ
634 2906 709 2977 μὴ
751 2907 1002 2971 διδόντες,
1029 2909 1130 2979 τῆς
1156 2909 1262 2963 τῶν
1297 2911 1648 2978 ὑγιαινόντων
1682 2913 1889 2975 ἐννοίας

309 2995 380 3047 τά
411 2996 590 3049 πάντα
620 2997 712 3050 τὸν
733 2999 863 3052 Θεὸν
891 3001 1305 3072 πεπληρωκέναι
1343 3003 1701 3074 πιστευούσης
1721 3021 1733 3034 ·
1764 3005 1884 3058 οὑδὲ

2071 2273 2154 2326 15.
2198 2271 2354 2336 Quod
2382 2272 2428 2325 si
2461 2271 2605 2324 velut
2636 2272 2691 2324 in
2731 2284 2852 2324 loco
2887 2269 3181 2322 humiliore
3201 2265 3398 2319 Filium
3425 2263 3577 2317 Patri

1998 2363 2226 2417 subesse
2275 2362 2680 2432 imaginantur;
2719 2362 2853 2414 utin
2899 2359 3121 2414 sublimi
3169 2356 3357 2412 sedeat
3391 2355 3576 2419 Pater,

1997 2469 2058 2508 ac
2103 2453 2226 2507 dein
2259 2451 2432 2506 Filius
2464 2453 2516 2506 in
2572 2453 2751 2506 locum
2799 2451 3114 2505 inferiorem
3167 2450 3429 2503 detrusus
3471 2448 3576 2510 sit;

1997 2546 2271 2599 fateantur
2300 2544 2468 2607 istud,
2507 2552 2562 2597 et
2593 2558 2695 2598 nos
2719 2543 3046 2606 tacebimus,
3089 2548 3275 2610 aperta
3311 2537 3573 2609 loquendi

1997 2645 2208 2690 ratione
2241 2651 2335 2705 per
2387 2651 2446 2690 se
2487 2635 2879 2689 absurditatem
2927 2633 3185 2686 habente.
3222 2629 3355 2684 Nam
3397 2644 3497 2684 nec
3521 2630 3576 2683 in

1993 2726 2374 2780 ratiocinando
2398 2726 2502 2782 sibi
2531 2733 2808 2786 constant,
2848 2724 2940 2794 qui
2984 2739 3093 2776 non
3128 2721 3438 2777 concedunt
3471 2718 3578 2774 Pa-

1991 2829 2128 2874 trem
2165 2819 2233 2873 ad
2258 2819 2516 2872 universa
2558 2818 2890 2887 pertingere,
2941 2831 3066 2870 cum
3095 2829 3286 2868 eorum
3322 2812 3413 2882 qui
3454 2813 3575 2866 sani

1989 2918 2138 2976 sunt,
2200 2909 2459 2980 cogitatio
2514 2909 2705 2962 credat
2751 2906 2921 2962 Deum
2962 2906 3219 2974 implesse
3260 2905 3520 2958 universa
3557 2922 3572 2958 :

1987 3018 2087 3057 nec
2121 3001 2479 3056 recordamur
2507 2999 2786 3069 PrOpheta:
2816 2999 3049 3052 dicentis
3077 2994 3168 3048 :Si
3190 2993 3476 3048 ascendero
3520 2995 3576 3046 in

313 3089 623 3158 μέμνηνται
652 3091 746 3143 τοῦ
779 3089 1058 3163 προφήτοὺ
1089 3095 1333 3162 λέγοντος
1353 3112 1366 3126 ’
1412 3096 1547 3150 Ἐὰν
1575 3095 1777 3150 ἀναϐῶ
1803 3099 1889 3162 είς

1997 3095 2200 3156 caelum,
2240 3105 2296 3146 tu
2324 3094 2439 3146 illic
2459 3109 2511 3146 es
2535 3109 2552 3156 ,'
2588 3093 2634 3146 si
2673 3089 2987 3144 descendere
3007 3089 3075 3142 ad
3103 3089 3322 3158 inferos,
3349 3089 3530 3142 ades."
3555 3105 3572 3154 ;

311 3180 419 3230 τὸν
458 3179 740 3247 οὐρανὸν,
794 3182 875 3235 σὺ
925 3184 1048 3236 ἐκεῖ
1092 3181 1178 3238 εἷ·
1213 3186 1320 3240 ἐὰν
1363 3186 1594 3240 καταϐῶ
1643 3191 1728 3254 εἰς
1784 3189 1888 3240 τὸν

309 3266 491 3333 ᾅδην,
541 3268 750 3336 πάρει·
795 3272 842 3323 οἱ
876 3272 937 3323 τὸ
983 3273 1093 3325 ἀνω
1124 3277 1214 3326 καὶ
1255 3277 1404 3328 κάτω
1434 3277 1512 3339 είς
1547 3276 1764 3348 Πατέρα
1795 3278 1887 3330 καὶ

310 3359 437 3412 Υἰὺν
479 3360 832 3430 διαιροῦντες.
871 3363 987 3416 Ἵνα
1021 3363 1076 3415 δὲ
1104 3365 1200 3434 τῆς
1239 3365 1507 3436 ἀμαθείας
1539 3368 1630 3422 τὸν
1665 3368 1887 3438 ἔλεγχον

309 3451 598 3521 σιωπήσω,
645 3451 810 3503 τόπον
858 3454 951 3505 ἐπὶ
991 3453 1095 3506 τῶν
1135 3455 1442 3525 ἀσωμάτων
1485 3458 1883 3527 ἀφοριζόντωνθ

308 3542 362 3593 τί
391 3544 490 3612 τὴν
529 3541 668 3613 πρὸς
709 3544 808 3605 τὰς
838 3544 1056 3613 Γραφάς
1090 3546 1268 3616 μάχην
1303 3549 1396 3601 καὶ
1430 3551 1742 3603 ἐναντίωσιν
1792 3551 1889 3603 αὑ-

307 3633 418 3684 τῶν
460 3633 633 3697 οὕτως
683 3635 1034 3705 ἀναίσχυντον
1083 3633 1246 3690 οὖσαν
1289 3640 1766 3710 παραμυθήσεται,
1803 3641 1882 3704 τὸ,

307 3723 510 3778 Κάθου
547 3726 617 3777 ἐκ
643 3725 859 3790 δεξιῶν
871 3745 1010 3796 μου,
1036 3729 1127 3781 καὶ
1160 3730 1238 3793 τὸ,
1287 3729 1600 3784 Ἐκάθισεν
1628 3733 1696 3785 ἐν
1719 3729 1885 3797 δεξιᾷ

309 3813 419 3880 τῆς
435 3818 862 3884 μεγαλοσύνης
895 3818 1000 3871 τοῦ
1039 3819 1221 3881 Θεοῦ;
1261 3819 1332 3872 Τὸ
1363 3820 1472 3890 γὰρ
1496 3820 1668 3885 δεξιὸν
1695 3823 1755 3874 οὑ
1788 3825 1886 3891 τὴν

308 3907 459 3957 κάτω
503 3905 688 3976 χώραν
734 3907 885 3977 δηλοῖ
934 3907 1030 3978 (ὡς
1073 3912 1100 3962 ό
1132 3909 1336 3962 τούτων
1378 3911 1579 3980 λόγος),
1616 3912 1749 3964 ἀλλά
1787 3916 1886 3982 τὴν

479 3996 540 4048 τὸ
576 3999 688 4050 [σον
719 3999 900 4067 σχέσιν
922 4017 937 4030 ·
974 4001 1033 4052 οὑ
1067 4002 1393 4071 σωματικῶς
1420 4002 1514 4055 τοῦ
1543 4003 1717 4067 δεξιοῦ
1752 4004 1886 4074 λαμ-
1929 4042 1938 4051 .

309 4089 607 4160 ϐσνομένου
642 4089 805 4151 (οὕτω
834 4092 943 4163 γὰρ
974 4092 1038 4145 ἀν
1071 4111 1121 4146 τι
1152 4095 1244 4146 καὶ
1279 4095 1464 4148 σκαιὸν
1495 4097 1586 4148 ἐπὶ
1619 4095 1713 4148 τοῦ
1751 4096 1884 4147 Θεοῦ

308 4180 438 4250 εἴη),
471 4181 589 4233 ἀλλ’
624 4185 688 4233 ὲκ
731 4181 840 4233 τῶν
873 4184 1068 4252 τιμίων
1101 4186 1199 4254 τῆς
1235 4187 1590 4258 προσεδρείας
1625 4188 1737 4256 (81)
1773 4189 1887 4240 ὀνο-

311 4271 496 4340 μάτων
540 4271 604 4322 τὺ
661 4272 1076 4343 μεγαλοπρεπὲς
1117 4277 1218 4345 τῆς
1258 4279 1385 4349 περὶ
1422 4280 1512 4332 τὸν
1547 4279 1673 4332 Υίὸν
1722 4280 1886 4350 τιμῆς

307 4361 686 4430 παριστῶντος
726 4363 821 4415 τοῦ
848 4363 1028 4431 λόγου.
1068 4367 1400 4437 Λειπόμενον
1429 4368 1608 4422 τοίνυν
1643 4368 1756 4439 (82)
1788 4371 1885 4422 αὑ-

377 4517 426 4546 "
453 4515 612 4571 Jo.tn.
647 4532 685 4580 l,
719 4518 772 4571 l.

849 4519 892 4549 ³³
923 4518 1067 4574 Psal.
1097 4534 1361 4585 cxxxvm,
1393 4523 1445 4576 8.
1522 4523 1566 4553 "
1597 4522 1742 4579 Psal.
1777 4539 1889 4589 εις,
1927 4525 1975 4578 1.

1991 3185 2085 3254 qui
2119 3199 2286 3254 supra
2325 3191 2379 3238 ct
2402 3182 2546 3236 infra
2596 3183 2908 3251 partiuntur
2944 3181 3085 3234 inter
3131 3180 3347 3235 Patrem
3398 3189 3453 3234 et
3484 3179 3572 3234 Fi-

1990 3275 2143 3328 lium.
2168 3275 2235 3327 At
2273 3283 2331 3327 ut
2365 3273 2500 3326 nihil
2547 3271 2724 3325 dicam
2762 3271 2828 3324 ad
2871 3271 3303 3340 redarguendam
3346 3270 3568 3324 illorum

1988 3363 2340 3433 imperitiam,
2363 3362 2528 3415 rebus
2553 3361 2896 3429 incorporeis
2918 3361 3097 3414 locum
3118 3360 3530 3414 attribuentium
3552 3376 3569 3427 ;

1988 3455 2118 3526 quid
2147 3454 2432 3508 excusabit
2463 3467 2654 3508 eorum
2686 3453 3043 3522 impietatem,
3077 3467 3186 3520 qua
3227 3460 3337 3504 tam
3381 3452 3565 3520 impu-

1987 3546 2178 3600 denter
2209 3552 2514 3614 repugnant
2547 3542 3017 3612 advcrsanturque
3065 3539 3568 3610 Scripturis?quod

1985 3654 2158 3708 genus
2196 3645 2279 3692 est
2311 3636 2478 3690 illud:
2509 3635 2643 3690 Sede
2671 3635 2914 3687 adextris
2945 3635 3131 3687 meis“
3159 3652 3173 3699 ;
3198 3643 3282 3688 et:
3307 3632 3560 3687 Consedit

1987 3729 2257 3781 indextra
2301 3728 2600 3796 majestatis
2650 3725 2746 3780 Dei
2765 3727 2830 3778 ³⁷.
2882 3723 3068 3794 Neque
3118 3726 3261 3778 enim
3303 3723 3560 3778 dextrum

1989 3820 2260 3890 signiﬁcat
2307 3821 2486 3872 locum
2534 3817 2851 3872 inferiorem
2929 3816 3075 3885 quod
3115 3816 3205 3870 isti
3244 3815 3565 3885 praedicant,

1987 3911 2080 3964 sed
2115 3910 2433 3965 relationem
2463 3907 2528 3962 ad
2565 3907 2618 3961 id
2652 3907 2796 3976 quod
2824 3907 3030 3975 seruate
3059 3914 3174 3968 est;
3211 3905 3414 3974 quippe
3433 3919 3564 3958 cum

1987 4001 2234 4055 dextrum
2266 4016 2374 4054 non
2409 4000 2708 4068 accipiatur
2733 3997 3098 4066 corporaliter
3126 3996 3230 4062 (sic
3261 3995 3408 4049 enim
3431 4010 3561 4062 pos-

1987 4095 2058 4146 sit
2087 4095 2250 4147 ctiam
2290 4107 2412 4146 esse
2444 4089 2648 4160 aliquid
2675 4089 2960 4143 sinistrum
2986 4088 3038 4141 in
3072 4087 3202 4156 Deo)
3242 4085 3338 4140 sed
3379 4086 3557 4140 bono-

1989 4187 2154 4241 riticis
2184 4185 2461 4240 assidendi
2483 4185 2665 4238 verbis
2681 4182 2800 4236 Filii
2817 4183 3158 4252 maiestatem
3185 4183 3560 4252 honoremque

1990 4281 2271 4348 Scriptura
2325 4278 2395 4332 ob
2429 4277 2621 4332 oculos
2657 4285 2840 4346 ponat.
2904 4274 3196 4345 Reliquum
3247 4281 3332 4328 est
3370 4273 3561 4344 igitur,

1991 4380 2049 4423 ut
2079 4371 2181 4425 bac
2222 4386 2357 4426 voce
2401 4369 2686 4442 dignitatis
2714 4367 3032 4424 inferiorem
3067 4364 3297 4436 gradum
3329 4365 3562 4420 indicari

2050 4527 2093 4557 ³⁷
2128 4524 2292 4580 Hebr.
2333 4542 2372 4591 ι,
2405 4527 2458 4580 5.

378 4671 490 4741 (78)
527 4677 891 4750 Διανοίαις...
928 4678 1311 4750 φαντασίαις.
1350 4675 1440 4730 Sic
1471 4678 1580 4750 duo
1627 4677 1750 4732 libri
1797 4695 1880 4733 vc-

1997 4680 2199 4733 liverso
2222 4697 2406 4742 sensu,
2437 4681 2560 4734 licet
2603 4682 2822 4737 diverso
2852 4685 3142 4738 verborum
3177 4686 3389 4750 ordine,
3420 4685 3558 4740 dixit

305 4751 474 4816 teres,
529 4746 731 4813 quibus
789 4748 931 4816 favet
981 4748 1208 4799 aliorum
1251 4749 1411 4800 trium
1461 4749 1730 4816 scriptura
1771 4752 1880 4802 δια-

307 4813 523 4875 νοίας...
565 4815 902 4889 φαντασίας.
945 4816 1082 4889 Editi
1118 4817 1389 4889 διανοίᾳ...
1433 4813 1716 4889 φαντασίᾳ.
1761 4821 1877 4872 Ali-

309 4892 517 4952 quanto
559 4893 684 4954 post
715 4886 843 4938 editi
889 4887 980 4938 ἐπὶ
1019 4887 1087 4939 τὰ
1138 4886 1267 4951 ἄνω,
1301 4886 1525 4943 codices
1565 4886 1698 4944 mss.
1735 4899 1796 4943 ut
1825 4891 1877 4944 in

308 4962 590 5007 contextu.

534 5023 948 5102 ζεωπῄσομεφς.
981 5023 1114 5102 Tres
1145 5025 1361 5102 codices
1386 5030 1771 5102 οςιωπήοωμενζ
1807 5061 1816 5068 ι

379 5093 490 5163 (Su)
534 5093 648 5160 Τῆς
685 5096 1017 5163 ἐναργείας.
1061 5095 1150 5149 Sic
1183 5097 1290 5150 duo
1317 5093 1708 5154 codices'ms's.
1737 5099 1882 5164 Qua-

311 5170 435 5238 tuor
461 5165 548 5216 alii
583 5167 900 5238 comeditis
944 5165 1140 5219 habent
1169 5167 1464 5237 ἐνεργείας.
1504 5169 1608 5222 Sed
1639 5170 1876 5238 proclive

313 5235 413 5285 fuit
460 5249 646 5307 errare
682 5235 940 5307 librariis,
986 5252 1124 5307 quos
1175 5235 1375 5307 pariter
1421 5241 1473 5291 in
1520 5235 1708 5293 eadem
1747 5256 1875 5294 voce

309 5306 622 5378 sti-pealias
660 5304 953 5378 oﬂ'endissc
999 5304 1320 5361 videbimus.
1371 5307 1674 5378 Scriptura,
1711 5325 1872 5378 quam

308 5374 480 5448 secuti
509 5376 922 5448 sumus,_ha:ret
967 5385 1017 5429 et
1063 5380 1317 5429 conducit
1356 5374 1635 5448 proposito
1667 5374 1872 5441 Basilii,

307 5443 398 5511 qui
426 5454 688 5515 provocat
721 5445 1002 5500 haereticos
1035 5457 1092 5499 ut
1130 5458 1311 5515 aperte
1333 5443 1516 5501 dicant
1538 5448 1750 5502 Patrem
1783 5466 1874 5501 su-

307 5516 523 5581 periere
571 5514 693 5568 loco
751 5516 960 5578 sedere,
993 5514 1186 5570 Filium
1231 5516 1520 5583 inferiore;
1571 5528 1699 5571 lllllC
1733 5521 1876 5573 enim

306 5583 490 5654 verbis
535 5584 605 5654 ad
647 5599 743 5639 eos
789 5585 1110 5640 refellendos
1141 5602 1278 5654 opus
1309 5603 1414 5641 non
1454 5589 1716 5652 futurum,
1751 5605 1874 5642 cum

305 5651 575 5725 ejusmodi
599 5657 891 5716 sententia,
920 5657 964 5710 si
996 5651 1266 5725 palam'ac
1294 5659 1411 5712 sine
1442 5651 1875 5712 dissimulatione

306 5723 642 5788 enuntietur,
688 5723 1028 5782 manifestam
1071 5726 1265 5781 habeat
1296 5732 1727 5799 repugnantiam.
1759 5728 1872 5782 Non

1982 4749 2223 4826 Basilius
2248 4754 2300 4802 in
2341 4753 2670 4826 epistol.__al.
2716 4753 2822 4806 544
2856 4770 2868 4804 :
2896 4756 3129 4808 Αὑτόθεν
3154 4755 3264 4824 ἔχει
3298 4749 3560 4826 τὸίὲναρ·

1981 4821 2074 4900 γὲς
2111 4823 2144 4889 ή
2180 4820 2510 4891 βλασφημία.
2551 4821 2661 4876 Sua
2691 4833 2870 4890 sponte
2905 4820 3294 4894 manifesta-est
3319 4820 3558 4893 blasphe-

1984 4907 2108 4944 mta.

2053 4960 2165 5030 (81)
2190 4960 2602 5028 Προσεδρείας.
2631 4961 2888 5026 Quamvis
2923 4962 3035 5016 hac
3062 4964 3330 5032 scriptura
3360 4964 3416 5017 in
3445 4981 3557 5018 uno

1982 5038 2192 5083 tantum
2225 5039 2399 5085 exstet
2430 5033 2619 5085 codice
2654 5048 2779 5089 Ins..
2812 5035 3083 5087 assentior
3113 5040 3292 5085 tamen
3324 5033 3556 5089 Combe-

1987 5102 2104 5153 lisio
2138 5116 2273 5173 eant
2301 5102 2526 5173 vulgata:
2560 5102 2868 5171 προεδρίας,
2899 5117 3018 5173 qua:
3047 5103 3097 5154 in
3133 5103 3254 5156 aliis
3285 5106 3556 5173 reperitur

1985 5187 2116 5224 mss.
2141 5169 2437 5240 icodicibus
2469 5182 2522 5225 et
2549 5169 2742 5233 editis,
2774 5169 3160 5240 praeferendam
3205 5169 3360 5226 esse.‘
3377 5174 3550 5230 Filius

1982 5239 2298 5315 eumnPatre
2343 5249 2690 5315 comparatus
2731 5239 2842 5315 non
2884 5243 3045 5296 habet
3097 5243 3407 5315 προεδρίαν,
3456 5261 3556 5298 nec

1983 5311 2058 5361 illi
2099 5309 2356 5365 Erasmus
2397 5309 2514 5365 sine
2546 5311 2782 5364 absurdo
2815 5321 3120 5364 commento
3142 5309 3554 5380 'praz'st'denttam

1983 5381 2096 5452 (sic
2118 5383 2259 5452 enim
2318 5381 2554 5434 reddidit
2600 5381 2738 5452 hanc
2779 5381 2987 5452 vocem)
3035 5384 3328 5452 attribuere
3358 5386 3549 5452 potuit.

2053 5449 2162 5518 (82)
2199 5452 2564 5519 Λειπόμενον
2590 5451 2815 5502 τοίνυν.
2845 5449 2977 5504 Cod.
3022 5450 3262 5508 Cnlbert.
3294 5449 3552 5507 Λείπεται

1975 5519 2175 5572 τοίνυν.
2221 5520 2513 5575 Contendit
2547 5531 2724 5572 autem
2782 5521 2883 5574 hoc
2934 5521 3054 5575 loco
3082 5523 3442 5578 Combeﬁsius
3473 5523 3551 5577 le-

1976 5590 2209 5657 gendum
2238 5606 2378 5653 esse,
2413 5599 2472 5642 ut
2496 5591 2547 5641 in
2577 5591 2818 5658 margine
2843 5593 3046 5647 codicis
3073 5591 3405 5654 llenriciani,
3429 5593 3551 5645 οὑδὲ

1976 5660 2151 5723 ἀξίας,
2195 5661 2376 5732 οιᾼεὶε
2407 5659 2736 5732 reddendum
2781 5661 3155 5731 :Relinquitur
3204 5665 3365 5732 igitur
3415 5664 3549 5730 illis,

1976 5740 2031 5781 nt
2072 5747 2160 5782 nec
2201 5730 2494 5797 inferiorem
2533 5730 2804 5799 rlignt'tufis
2847 5730 3067 5803 gradum
3096 5747 3187 5800 per
3211 5730 3343 5788 lianc
3375 5748 3546 5790 vocem
