  <div class='ocr_page' id='page_1' title='image "/cluster/home/n/w/nwhite01/storage/ocr_20150623/32/mdp.39015011915462/053.png"; bbox 0 0 3972 6218; ppageno 0'>
   <div class='ocr_carea' id='block_1_1' title="bbox 425 333 2333 396">
    <p class='ocr_par' dir='ltr' id='par_1_1' title="bbox 425 333 2333 396">
     <span class='ocr_line' id='line_1_1' title="bbox 425 333 2333 396; baseline 0.003 -8"><span class='ocrx_word' id='word_1_1' title='bbox 425 333 485 388; x_wconf 78' lang='grc'><strong>91</strong></span> <span class='ocrx_word' id='word_1_2' title='bbox 1735 337 1798 392; x_wconf 87' lang='lat' dir='ltr'><strong>S.</strong></span> <span class='ocrx_word' id='word_1_3' title='bbox 1841 337 2082 394; x_wconf 79' lang='lat' dir='ltr'><strong>BASlLll</strong></span> <span class='ocrx_word' id='word_1_4' title='bbox 2121 338 2333 396; x_wconf 70' lang='lat' dir='ltr'><strong>MAGNI</strong></span> 
     </span>
    </p>
   </div>
   <div class='ocr_carea' id='block_1_2' title="bbox 3598 345 3682 400">
    <p class='ocr_par' dir='ltr' id='par_1_2' title="bbox 3598 345 3682 400">
     <span class='ocr_line' id='line_1_2' title="bbox 3598 345 3682 400; baseline -0.012 0"><span class='ocrx_word' id='word_1_5' title='bbox 3598 345 3682 400; x_wconf 72' lang='lat'><strong>92</strong></span> 
     </span>
    </p>
   </div>
   <div class='ocr_carea' id='block_1_3' title="bbox 421 446 1974 531">
    <p class='ocr_par' dir='ltr' id='par_1_3' title="bbox 421 446 1974 520">
     <span class='ocr_line' id='line_1_3' title="bbox 421 446 1974 520; baseline 0.003 -19"><span class='ocrx_word' id='word_1_6' title='bbox 421 455 690 501; x_wconf 88' lang='lat' dir='ltr'><strong>asserant.</strong></span> <span class='ocrx_word' id='word_1_7' title='bbox 723 446 946 503; x_wconf 92' lang='lat' dir='ltr'><strong>Discant</strong></span> <span class='ocrx_word' id='word_1_8' title='bbox 978 448 1142 518; x_wconf 92' lang='lat' dir='ltr'><strong>igitur</strong></span> <span class='ocrx_word' id='word_1_9' title='bbox 1165 449 1308 520; x_wconf 91' lang='lat' dir='ltr'><strong>quod</strong></span> <span class='ocrx_word' id='word_1_10' title='bbox 1339 448 1594 506; x_wconf 88' lang='lat' dir='ltr'><strong>Christus</strong></span> <span class='ocrx_word' id='word_1_11' title='bbox 1637 461 1723 507; x_wconf 87' lang='lat' dir='ltr'><strong>est</strong></span> <span class='ocrx_word' id='word_1_12' title='bbox 1761 451 1853 508; x_wconf 85' lang='lat' dir='ltr'><strong>Dei</strong></span> <span class='ocrx_word' id='word_1_13' title='bbox 1880 454 1974 507; x_wconf 90' lang='lat' dir='ltr'><strong>vir-</strong></span> 
     </span>
    </p>
   </div>
   <div class='ocr_carea' id='block_1_4' title="bbox 2078 446 3675 531">
    <p class='ocr_par' dir='ltr' id='par_1_4' title="bbox 2091 453 3675 531">
     <span class='ocr_line' id='line_1_4' title="bbox 2091 453 3675 531; baseline 0.006 -23"><span class='ocrx_word' id='word_1_14' title='bbox 2091 456 2216 518; x_wconf 84' lang='grc' dir='ltr'>τοὺς</span> <span class='ocrx_word' id='word_1_15' title='bbox 2247 453 2308 508; x_wconf 81' lang='grc' dir='ltr'><strong>τὸ</strong></span> <span class='ocrx_word' id='word_1_16' title='bbox 2343 459 2440 526; x_wconf 76' lang='grc' dir='ltr'><strong>τῆς</strong></span> <span class='ocrx_word' id='word_1_17' title='bbox 2489 457 2646 520; x_wconf 78' lang='grc' dir='ltr'>ἀξίας</span> <span class='ocrx_word' id='word_1_18' title='bbox 2693 456 2916 522; x_wconf 87' lang='grc' dir='ltr'>ύποδεὲς</span> <span class='ocrx_word' id='word_1_19' title='bbox 2953 457 3043 512; x_wconf 83' lang='grc' dir='ltr'>διὰ</span> <span class='ocrx_word' id='word_1_20' title='bbox 3089 459 3189 530; x_wconf 83' lang='grc' dir='ltr'>τῆς</span> <span class='ocrx_word' id='word_1_21' title='bbox 3234 461 3417 531; x_wconf 86' lang='grc' dir='ltr'>φωνῆς</span> <span class='ocrx_word' id='word_1_22' title='bbox 3460 461 3675 530; x_wconf 80' lang='grc' dir='ltr'>ταύτης</span> 
     </span>
    </p>
   </div>
   <div class='ocr_carea' id='block_1_5' title="bbox 421 538 1989 612">
    <p class='ocr_par' dir='ltr' id='par_1_5' title="bbox 421 538 1989 612">
     <span class='ocr_line' id='line_1_5' title="bbox 421 538 1989 612; baseline 0.005 -22"><span class='ocrx_word' id='word_1_23' title='bbox 421 549 532 600; x_wconf 86' lang='lat' dir='ltr'><strong>tus,</strong></span> <span class='ocrx_word' id='word_1_24' title='bbox 565 545 620 592; x_wconf 89' lang='lat' dir='ltr'><strong>et</strong></span> <span class='ocrx_word' id='word_1_25' title='bbox 651 538 743 594; x_wconf 85' lang='lat' dir='ltr'><strong>Dei</strong></span> <span class='ocrx_word' id='word_1_26' title='bbox 787 539 1139 608; x_wconf 72' lang='lat' dir='ltr'><strong>sapientia&quot;,</strong></span> <span class='ocrx_word' id='word_1_27' title='bbox 1171 547 1224 595; x_wconf 89' lang='lat' dir='ltr'><strong>et</strong></span> <span class='ocrx_word' id='word_1_28' title='bbox 1266 541 1446 612; x_wconf 82' lang='lat' dir='ltr'><strong>imago</strong></span> <span class='ocrx_word' id='word_1_29' title='bbox 1478 541 1572 597; x_wconf 86' lang='lat' dir='ltr'><strong>Dei</strong></span> <span class='ocrx_word' id='word_1_30' title='bbox 1615 543 1905 598; x_wconf 91' lang='lat' dir='ltr'><strong>invisibilis</strong></span> <span class='ocrx_word' id='word_1_31' title='bbox 1923 545 1989 612; x_wconf 73' lang='grc'><strong>³³,</strong></span> 
     </span>
    </p>
   </div>
   <div class='ocr_carea' id='block_1_6' title="bbox 419 628 1994 701">
    <p class='ocr_par' dir='ltr' id='par_1_6' title="bbox 419 628 1994 701">
     <span class='ocr_line' id='line_1_6' title="bbox 419 628 1994 701; baseline 0.002 -18"><span class='ocrx_word' id='word_1_32' title='bbox 419 640 472 683; x_wconf 85' lang='lat' dir='ltr'><strong>et</strong></span> <span class='ocrx_word' id='word_1_33' title='bbox 503 628 762 698; x_wconf 83' lang='lat' dir='ltr'><strong>splendor</strong></span> <span class='ocrx_word' id='word_1_34' title='bbox 789 630 890 698; x_wconf 81' lang='lat'><strong>12</strong></span> <span class='ocrx_word' id='word_1_35' title='bbox 917 629 1101 697; x_wconf 79' lang='lat' dir='ltr'><strong>gloria</strong></span> <span class='ocrx_word' id='word_1_36' title='bbox 1118 630 1186 694; x_wconf 80' lang='lat'><strong>&#39;°,</strong></span> <span class='ocrx_word' id='word_1_37' title='bbox 1227 631 1483 701; x_wconf 88' lang='lat' dir='ltr'><strong>quodque</strong></span> <span class='ocrx_word' id='word_1_38' title='bbox 1519 632 1663 686; x_wconf 89' lang='lat' dir='ltr'><strong>hunc</strong></span> <span class='ocrx_word' id='word_1_39' title='bbox 1715 631 1878 688; x_wconf 88' lang='lat' dir='ltr'><strong>Pater</strong></span> <span class='ocrx_word' id='word_1_40' title='bbox 1921 635 1994 689; x_wconf 88' lang='lat' dir='ltr'><strong>si-</strong></span> 
     </span>
    </p>
   </div>
   <div class='ocr_carea' id='block_1_7' title="bbox 421 719 1992 792">
    <p class='ocr_par' dir='ltr' id='par_1_7' title="bbox 421 719 1992 792">
     <span class='ocr_line' id='line_1_7' title="bbox 421 719 1992 792; baseline 0.004 -18"><span class='ocrx_word' id='word_1_41' title='bbox 421 723 607 790; x_wconf 85' lang='lat' dir='ltr'><strong>gnavit</strong></span> <span class='ocrx_word' id='word_1_42' title='bbox 639 719 803 784; x_wconf 90' lang='lat' dir='ltr'><strong>Deus,</strong></span> <span class='ocrx_word' id='word_1_43' title='bbox 865 735 1034 790; x_wconf 86' lang='lat' dir='ltr'><strong>seque</strong></span> <span class='ocrx_word' id='word_1_44' title='bbox 1065 728 1238 775; x_wconf 90' lang='lat' dir='ltr'><strong>totum</strong></span> <span class='ocrx_word' id='word_1_45' title='bbox 1293 723 1348 776; x_wconf 90' lang='lat' dir='ltr'><strong>in</strong></span> <span class='ocrx_word' id='word_1_46' title='bbox 1395 737 1462 777; x_wconf 90' lang='lat' dir='ltr'><strong>eo</strong></span> <span class='ocrx_word' id='word_1_47' title='bbox 1521 723 1812 792; x_wconf 76' lang='lat' dir='ltr'><strong>expressit.</strong></span> <span class='ocrx_word' id='word_1_48' title='bbox 1867 723 1992 780; x_wconf 84' lang='lat' dir='ltr'><strong>Hac</strong></span> 
     </span>
    </p>
   </div>
   <div class='ocr_carea' id='block_1_8' title="bbox 420 813 1989 884">
    <p class='ocr_par' dir='ltr' id='par_1_8' title="bbox 420 813 1989 884">
     <span class='ocr_line' id='line_1_8' title="bbox 420 813 1989 884; baseline 0.001 -18"><span class='ocrx_word' id='word_1_49' title='bbox 420 813 589 883; x_wconf 79' lang='lat' dir='ltr'><strong>igitur</strong></span> <span class='ocrx_word' id='word_1_50' title='bbox 609 820 663 867; x_wconf 88' lang='lat' dir='ltr'><strong>et</strong></span> <span class='ocrx_word' id='word_1_51' title='bbox 692 828 1034 883; x_wconf 84' lang='lat' dir='ltr'><strong>quacunque</strong></span> <span class='ocrx_word' id='word_1_52' title='bbox 1052 813 1138 868; x_wconf 90' lang='lat' dir='ltr'><strong>his</strong></span> <span class='ocrx_word' id='word_1_53' title='bbox 1169 813 1365 868; x_wconf 80' lang='lat' dir='ltr'><strong>similia</strong></span> <span class='ocrx_word' id='word_1_54' title='bbox 1396 821 1524 868; x_wconf 91' lang='lat' dir='ltr'><strong>sunt</strong></span> <span class='ocrx_word' id='word_1_55' title='bbox 1548 829 1646 884; x_wconf 88' lang='lat' dir='ltr'><strong>per</strong></span> <span class='ocrx_word' id='word_1_56' title='bbox 1675 814 1989 871; x_wconf 88' lang='lat' dir='ltr'><strong>universam</strong></span> 
     </span>
    </p>
   </div>
   <div class='ocr_carea' id='block_1_9' title="bbox 423 901 1990 973">
    <p class='ocr_par' dir='ltr' id='par_1_9' title="bbox 423 901 1990 973">
     <span class='ocr_line' id='line_1_9' title="bbox 423 901 1990 973; baseline 0.002 -16"><span class='ocrx_word' id='word_1_57' title='bbox 423 901 759 973; x_wconf 86' lang='lat' dir='ltr'><strong>Scripturam</strong></span> <span class='ocrx_word' id='word_1_58' title='bbox 794 904 1124 969; x_wconf 90' lang='lat' dir='ltr'><strong>testimonia,</strong></span> <span class='ocrx_word' id='word_1_59' title='bbox 1167 911 1352 958; x_wconf 91' lang='lat' dir='ltr'><strong>utrum</strong></span> <span class='ocrx_word' id='word_1_60' title='bbox 1380 904 1632 960; x_wconf 85' lang='lat' dir='ltr'><strong>dicemus</strong></span> <span class='ocrx_word' id='word_1_61' title='bbox 1665 905 1990 961; x_wconf 83' lang='lat' dir='ltr'><strong>humilitatis</strong></span> 
     </span>
    </p>
   </div>
   <div class='ocr_carea' id='block_1_10' title="bbox 421 993 1986 1063">
    <p class='ocr_par' dir='ltr' id='par_1_10' title="bbox 421 993 1986 1063">
     <span class='ocr_line' id='line_1_10' title="bbox 421 993 1986 1063; baseline -0.001 -15"><span class='ocrx_word' id='word_1_62' title='bbox 421 994 621 1049; x_wconf 89' lang='lat' dir='ltr'><strong>habere</strong></span> <span class='ocrx_word' id='word_1_63' title='bbox 651 993 1130 1063; x_wconf 87' lang='lat' dir='ltr'><strong>signiﬁcationem,</strong></span> <span class='ocrx_word' id='word_1_64' title='bbox 1163 1008 1231 1046; x_wconf 90' lang='lat' dir='ltr'><strong>an</strong></span> <span class='ocrx_word' id='word_1_65' title='bbox 1262 1007 1361 1046; x_wconf 93' lang='lat' dir='ltr'><strong>ceu</strong></span> <span class='ocrx_word' id='word_1_66' title='bbox 1394 993 1668 1062; x_wconf 84' lang='lat' dir='ltr'><strong>praconia</strong></span> <span class='ocrx_word' id='word_1_67' title='bbox 1718 993 1986 1063; x_wconf 80' lang='lat' dir='ltr'><strong>quadam,</strong></span> 
     </span>
    </p>
   </div>
   <div class='ocr_carea' id='block_1_11' title="bbox 421 1081 1990 1154">
    <p class='ocr_par' dir='ltr' id='par_1_11' title="bbox 421 1081 1990 1154">
     <span class='ocr_line' id='line_1_11' title="bbox 421 1081 1990 1154; baseline -0.001 -16"><span class='ocrx_word' id='word_1_68' title='bbox 421 1081 698 1154; x_wconf 87' lang='lat' dir='ltr'><strong>Unigeniti</strong></span> <span class='ocrx_word' id='word_1_69' title='bbox 733 1083 1093 1152; x_wconf 73' lang='lat' dir='ltr'><strong>maiestatem,</strong></span> <span class='ocrx_word' id='word_1_70' title='bbox 1129 1089 1183 1136; x_wconf 90' lang='lat' dir='ltr'><strong>et</strong></span> <span class='ocrx_word' id='word_1_71' title='bbox 1216 1082 1478 1152; x_wconf 90' lang='lat' dir='ltr'><strong>aqualem</strong></span> <span class='ocrx_word' id='word_1_72' title='bbox 1509 1097 1632 1137; x_wconf 91' lang='lat' dir='ltr'><strong>cum</strong></span> <span class='ocrx_word' id='word_1_73' title='bbox 1667 1081 1828 1138; x_wconf 87' lang='lat' dir='ltr'><strong>Patre</strong></span> <span class='ocrx_word' id='word_1_74' title='bbox 1873 1084 1990 1153; x_wconf 87' lang='lat' dir='ltr'><strong>glo-</strong></span> 
     </span>
    </p>
   </div>
   <div class='ocr_carea' id='block_1_12' title="bbox 419 1173 1989 1245">
    <p class='ocr_par' dir='ltr' id='par_1_12' title="bbox 419 1173 1989 1245">
     <span class='ocr_line' id='line_1_12' title="bbox 419 1173 1989 1245; baseline 0.001 -18"><span class='ocrx_word' id='word_1_75' title='bbox 419 1174 556 1228; x_wconf 85' lang='lat' dir='ltr'><strong>riam</strong></span> <span class='ocrx_word' id='word_1_76' title='bbox 584 1174 900 1229; x_wconf 90' lang='lat' dir='ltr'><strong>ebuccinari</strong></span> <span class='ocrx_word' id='word_1_77' title='bbox 923 1174 946 1226; x_wconf 89' lang='lat'><strong>?</strong></span> <span class='ocrx_word' id='word_1_78' title='bbox 969 1173 1208 1227; x_wconf 78' lang='lat' dir='ltr'><strong>Audiant</strong></span> <span class='ocrx_word' id='word_1_79' title='bbox 1237 1174 1482 1244; x_wconf 87' lang='lat' dir='ltr'><strong>&#39;insuper</strong></span> <span class='ocrx_word' id='word_1_80' title='bbox 1543 1181 1599 1230; x_wconf 92' lang='lat' dir='ltr'><strong>et</strong></span> <span class='ocrx_word' id='word_1_81' title='bbox 1644 1175 1825 1245; x_wconf 87' lang='lat' dir='ltr'><strong>ipsum</strong></span> <span class='ocrx_word' id='word_1_82' title='bbox 1884 1176 1989 1229; x_wconf 93' lang='lat' dir='ltr'><strong>Do-</strong></span> 
     </span>
    </p>
   </div>
   <div class='ocr_carea' id='block_1_13' title="bbox 417 1263 1986 1336">
    <p class='ocr_par' dir='ltr' id='par_1_13' title="bbox 417 1263 1986 1336">
     <span class='ocr_line' id='line_1_13' title="bbox 417 1263 1986 1336; baseline 0.001 -18"><span class='ocrx_word' id='word_1_83' title='bbox 417 1264 624 1319; x_wconf 88' lang='lat' dir='ltr'><strong>minum</strong></span> <span class='ocrx_word' id='word_1_84' title='bbox 657 1265 834 1335; x_wconf 90' lang='lat' dir='ltr'><strong>palam</strong></span> <span class='ocrx_word' id='word_1_85' title='bbox 879 1279 1034 1322; x_wconf 90' lang='lat' dir='ltr'><strong>suam</strong></span> <span class='ocrx_word' id='word_1_86' title='bbox 1078 1264 1308 1335; x_wconf 80' lang='lat' dir='ltr'><strong>gloriam</strong></span> <span class='ocrx_word' id='word_1_87' title='bbox 1350 1280 1474 1319; x_wconf 88' lang='lat' dir='ltr'><strong>cum</strong></span> <span class='ocrx_word' id='word_1_88' title='bbox 1513 1263 1674 1320; x_wconf 84' lang='lat' dir='ltr'><strong>Patre</strong></span> <span class='ocrx_word' id='word_1_89' title='bbox 1724 1267 1986 1336; x_wconf 88' lang='lat' dir='ltr'><strong>aqualem</strong></span> 
     </span>
    </p>
   </div>
   <div class='ocr_carea' id='block_1_14' title="bbox 420 1356 1990 1424">
    <p class='ocr_par' dir='ltr' id='par_1_14' title="bbox 420 1356 1990 1424">
     <span class='ocr_line' id='line_1_14' title="bbox 420 1356 1990 1424; baseline 0.001 -14"><span class='ocrx_word' id='word_1_90' title='bbox 420 1369 774 1424; x_wconf 86' lang='lat' dir='ltr'><strong>asserentem,</strong></span> <span class='ocrx_word' id='word_1_91' title='bbox 800 1372 928 1412; x_wconf 91' lang='lat' dir='ltr'><strong>cum</strong></span> <span class='ocrx_word' id='word_1_92' title='bbox 977 1358 1052 1411; x_wconf 90' lang='lat' dir='ltr'><strong>ait</strong></span> <span class='ocrx_word' id='word_1_93' title='bbox 1097 1377 1109 1412; x_wconf 93' lang='lat'><strong>:</strong></span> <span class='ocrx_word' id='word_1_94' title='bbox 1145 1356 1252 1423; x_wconf 87' lang='lat' dir='ltr'><strong>Qui</strong></span> <span class='ocrx_word' id='word_1_95' title='bbox 1289 1357 1426 1411; x_wconf 82' lang='lat' dir='ltr'><strong>videt</strong></span> <span class='ocrx_word' id='word_1_96' title='bbox 1472 1374 1574 1421; x_wconf 88' lang='lat' dir='ltr'><strong>me,</strong></span> <span class='ocrx_word' id='word_1_97' title='bbox 1615 1356 1750 1412; x_wconf 82' lang='lat' dir='ltr'><strong>videt</strong></span> <span class='ocrx_word' id='word_1_98' title='bbox 1791 1367 1841 1412; x_wconf 89' lang='lat' dir='ltr'><strong>et</strong></span> <span class='ocrx_word' id='word_1_99' title='bbox 1878 1357 1990 1412; x_wconf 81' lang='lat' dir='ltr'><strong>Pa-</strong></span> 
     </span>
    </p>
   </div>
   <div class='ocr_carea' id='block_1_15' title="bbox 421 1445 1986 1518">
    <p class='ocr_par' dir='ltr' id='par_1_15' title="bbox 421 1445 1986 1518">
     <span class='ocr_line' id='line_1_15' title="bbox 421 1445 1986 1518; baseline 0.001 -18"><span class='ocrx_word' id='word_1_100' title='bbox 421 1448 610 1501; x_wconf 79' lang='lat' dir='ltr'><strong>trem“</strong></span> <span class='ocrx_word' id='word_1_101' title='bbox 681 1449 759 1501; x_wconf 82' lang='lat' dir='ltr'><strong>Ac</strong></span> <span class='ocrx_word' id='word_1_102' title='bbox 808 1463 1027 1502; x_wconf 92' lang='lat' dir='ltr'><strong>rursum</strong></span> <span class='ocrx_word' id='word_1_103' title='bbox 1069 1465 1083 1500; x_wconf 89' lang='lat'><strong>:</strong></span> <span class='ocrx_word' id='word_1_104' title='bbox 1124 1447 1256 1501; x_wconf 90' lang='lat' dir='ltr'><strong>Cum</strong></span> <span class='ocrx_word' id='word_1_105' title='bbox 1303 1448 1498 1501; x_wconf 81' lang='lat' dir='ltr'><strong>venerit</strong></span> <span class='ocrx_word' id='word_1_106' title='bbox 1550 1445 1727 1501; x_wconf 78' lang='lat' dir='ltr'><strong>Filius</strong></span> <span class='ocrx_word' id='word_1_107' title='bbox 1780 1448 1836 1501; x_wconf 86' lang='lat' dir='ltr'><strong>in</strong></span> <span class='ocrx_word' id='word_1_108' title='bbox 1871 1449 1986 1518; x_wconf 85' lang='lat' dir='ltr'><strong>glo-</strong></span> 
     </span>
    </p>
   </div>
   <div class='ocr_carea' id='block_1_16' title="bbox 419 1533 1988 1606">
    <p class='ocr_par' dir='ltr' id='par_1_16' title="bbox 419 1533 1988 1606">
     <span class='ocr_line' id='line_1_16' title="bbox 419 1533 1988 1606; baseline 0.001 -18"><span class='ocrx_word' id='word_1_109' title='bbox 419 1536 500 1588; x_wconf 83' lang='lat' dir='ltr'><strong>ria</strong></span> <span class='ocrx_word' id='word_1_110' title='bbox 535 1534 714 1589; x_wconf 85' lang='lat' dir='ltr'><strong>Patris</strong></span> <span class='ocrx_word' id='word_1_111' title='bbox 730 1535 810 1598; x_wconf 85' lang='grc'><strong>³¹;</strong></span> <span class='ocrx_word' id='word_1_112' title='bbox 849 1544 945 1590; x_wconf 90' lang='lat' dir='ltr'><strong>et:</strong></span> <span class='ocrx_word' id='word_1_113' title='bbox 986 1533 1051 1588; x_wconf 89' lang='lat' dir='ltr'><strong>Ut</strong></span> <span class='ocrx_word' id='word_1_114' title='bbox 1078 1535 1424 1604; x_wconf 81' lang='lat' dir='ltr'><strong>honoriﬁcent</strong></span> <span class='ocrx_word' id='word_1_115' title='bbox 1473 1535 1696 1602; x_wconf 85' lang='lat' dir='ltr'><strong>Filium,</strong></span> <span class='ocrx_word' id='word_1_116' title='bbox 1738 1538 1988 1606; x_wconf 88' lang='lat' dir='ltr'><strong>quemad-</strong></span> 
     </span>
    </p>
   </div>
   <div class='ocr_carea' id='block_1_17' title="bbox 417 1625 1986 1696">
    <p class='ocr_par' dir='ltr' id='par_1_17' title="bbox 417 1625 1986 1696">
     <span class='ocr_line' id='line_1_17' title="bbox 417 1625 1986 1696; baseline 0.002 -18"><span class='ocrx_word' id='word_1_117' title='bbox 417 1627 631 1680; x_wconf 84' lang='lat' dir='ltr'><strong>modum</strong></span> <span class='ocrx_word' id='word_1_118' title='bbox 675 1626 1034 1696; x_wconf 77' lang='lat' dir='ltr'><strong>honoriﬁcant</strong></span> <span class='ocrx_word' id='word_1_119' title='bbox 1089 1625 1381 1681; x_wconf 77' lang='lat' dir='ltr'><strong>Patrem”.</strong></span> <span class='ocrx_word' id='word_1_120' title='bbox 1445 1625 1574 1682; x_wconf 91' lang='lat' dir='ltr'><strong>Item</strong></span> <span class='ocrx_word' id='word_1_121' title='bbox 1616 1627 1750 1682; x_wconf 89' lang='lat' dir='ltr'><strong>illud</strong></span> <span class='ocrx_word' id='word_1_122' title='bbox 1787 1647 1800 1681; x_wconf 91' lang='lat'>:</span> <span class='ocrx_word' id='word_1_123' title='bbox 1840 1627 1986 1683; x_wconf 81' lang='lat' dir='ltr'><strong>Vidi-</strong></span> 
     </span>
    </p>
   </div>
   <div class='ocr_carea' id='block_1_18' title="bbox 418 1717 1986 1790">
    <p class='ocr_par' dir='ltr' id='par_1_18' title="bbox 418 1717 1986 1790">
     <span class='ocr_line' id='line_1_18' title="bbox 418 1717 1986 1790; baseline 0.003 -21"><span class='ocrx_word' id='word_1_124' title='bbox 418 1718 802 1787; x_wconf 67' lang='lat' dir='ltr'><strong>musgloriam</strong></span> <span class='ocrx_word' id='word_1_125' title='bbox 855 1717 992 1786; x_wconf 83' lang='lat' dir='ltr'><strong>ejus,</strong></span> <span class='ocrx_word' id='word_1_126' title='bbox 1045 1718 1271 1787; x_wconf 82' lang='lat' dir='ltr'><strong>gloriam</strong></span> <span class='ocrx_word' id='word_1_127' title='bbox 1328 1729 1578 1789; x_wconf 87' lang='lat' dir='ltr'><strong>tanquam</strong></span> <span class='ocrx_word' id='word_1_128' title='bbox 1640 1717 1902 1790; x_wconf 84' lang='lat' dir='ltr'><strong>Unigem&#39;li</strong></span> <span class='ocrx_word' id='word_1_129' title='bbox 1953 1737 1986 1773; x_wconf 92' lang='lat' dir='ltr'><strong>a</strong></span> 
     </span>
    </p>
   </div>
   <div class='ocr_carea' id='block_1_19' title="bbox 417 1796 2060 1881">
    <p class='ocr_par' dir='ltr' id='par_1_19' title="bbox 417 1796 2060 1881">
     <span class='ocr_line' id='line_1_19' title="bbox 417 1796 2060 1881; baseline 0.002 -20"><span class='ocrx_word' id='word_1_130' title='bbox 417 1806 657 1863; x_wconf 76' lang='lat' dir='ltr'><strong>Patre&quot;.</strong></span> <span class='ocrx_word' id='word_1_131' title='bbox 691 1807 935 1864; x_wconf 79' lang='lat' dir='ltr'><strong>Rursus:</strong></span> <span class='ocrx_word' id='word_1_132' title='bbox 962 1806 1273 1879; x_wconf 77' lang='lat' dir='ltr'><strong>Unigenitus</strong></span> <span class='ocrx_word' id='word_1_133' title='bbox 1308 1808 1472 1874; x_wconf 74' lang='lat' dir='ltr'><strong>Deus,</strong></span> <span class='ocrx_word' id='word_1_134' title='bbox 1515 1812 1605 1881; x_wconf 87' lang='lat' dir='ltr'><strong>qui</strong></span> <span class='ocrx_word' id='word_1_135' title='bbox 1634 1819 1713 1866; x_wconf 75' lang='lat' dir='ltr'><strong>est</strong></span> <span class='ocrx_word' id='word_1_136' title='bbox 1758 1812 1813 1864; x_wconf 84' lang='lat' dir='ltr'><strong>in</strong></span> <span class='ocrx_word' id='word_1_137' title='bbox 1864 1811 1985 1866; x_wconf 80' lang='lat' dir='ltr'><strong>sinu</strong></span> <span class='ocrx_word' id='word_1_138' title='bbox 2023 1796 2060 1849; x_wconf 79' lang='grc' dir='ltr'>Β</span> 
     </span>
    </p>
   </div>
   <div class='ocr_carea' id='block_1_20' title="bbox 416 1899 1978 1966">
    <p class='ocr_par' dir='ltr' id='par_1_20' title="bbox 416 1899 1978 1966">
     <span class='ocr_line' id='line_1_20' title="bbox 416 1899 1978 1966; baseline 0.001 -12"><span class='ocrx_word' id='word_1_139' title='bbox 416 1899 681 1955; x_wconf 78' lang='lat' dir='ltr'><strong>Patris&quot;.</strong></span> <span class='ocrx_word' id='word_1_140' title='bbox 758 1899 962 1954; x_wconf 83' lang='lat' dir='ltr'><strong>Horum</strong></span> <span class='ocrx_word' id='word_1_141' title='bbox 1035 1899 1166 1954; x_wconf 90' lang='lat' dir='ltr'><strong>dum</strong></span> <span class='ocrx_word' id='word_1_142' title='bbox 1237 1900 1327 1955; x_wconf 89' lang='lat' dir='ltr'><strong>isti</strong></span> <span class='ocrx_word' id='word_1_143' title='bbox 1391 1901 1531 1956; x_wconf 86' lang='lat' dir='ltr'><strong>nihil</strong></span> <span class='ocrx_word' id='word_1_144' title='bbox 1604 1901 1978 1966; x_wconf 85' lang='lat' dir='ltr'><strong>considerant,</strong></span> 
     </span>
    </p>
   </div>
   <div class='ocr_carea' id='block_1_21' title="bbox 416 1991 1984 2048">
    <p class='ocr_par' dir='ltr' id='par_1_21' title="bbox 416 1991 1984 2048">
     <span class='ocr_line' id='line_1_21' title="bbox 416 1991 1984 2048; baseline 0.001 -4"><span class='ocrx_word' id='word_1_145' title='bbox 416 1992 592 2045; x_wconf 83' lang='lat' dir='ltr'><strong>locum</strong></span> <span class='ocrx_word' id='word_1_146' title='bbox 645 1992 895 2047; x_wconf 88' lang='lat' dir='ltr'><strong>hostibus</strong></span> <span class='ocrx_word' id='word_1_147' title='bbox 931 1993 1261 2048; x_wconf 89' lang='lat' dir='ltr'><strong>destinatum</strong></span> <span class='ocrx_word' id='word_1_148' title='bbox 1294 1992 1606 2048; x_wconf 86' lang='lat' dir='ltr'><strong>attribuunt</strong></span> <span class='ocrx_word' id='word_1_149' title='bbox 1655 1992 1818 2047; x_wconf 83' lang='lat' dir='ltr'><strong>Filio.</strong></span> <span class='ocrx_word' id='word_1_150' title='bbox 1855 1991 1984 2047; x_wconf 81' lang='lat' dir='ltr'><strong>Nam</strong></span> 
     </span>
    </p>
   </div>
   <div class='ocr_carea' id='block_1_22' title="bbox 415 2082 1986 2155">
    <p class='ocr_par' dir='ltr' id='par_1_22' title="bbox 415 2082 1986 2155">
     <span class='ocr_line' id='line_1_22' title="bbox 415 2082 1986 2155; baseline 0.002 -18"><span class='ocrx_word' id='word_1_151' title='bbox 415 2083 570 2138; x_wconf 87' lang='lat' dir='ltr'><strong>sinus</strong></span> <span class='ocrx_word' id='word_1_152' title='bbox 597 2091 856 2152; x_wconf 90' lang='lat' dir='ltr'><strong>paternus</strong></span> <span class='ocrx_word' id='word_1_153' title='bbox 881 2082 1039 2139; x_wconf 89' lang='lat' dir='ltr'><strong>sedes</strong></span> <span class='ocrx_word' id='word_1_154' title='bbox 1071 2092 1156 2139; x_wconf 88' lang='lat' dir='ltr'><strong>est</strong></span> <span class='ocrx_word' id='word_1_155' title='bbox 1180 2084 1343 2155; x_wconf 81' lang='lat' dir='ltr'><strong>digna</strong></span> <span class='ocrx_word' id='word_1_156' title='bbox 1374 2082 1548 2151; x_wconf 88' lang='lat' dir='ltr'><strong>Filio;</strong></span> <span class='ocrx_word' id='word_1_157' title='bbox 1604 2086 1824 2141; x_wconf 88' lang='lat' dir='ltr'><strong>scabelli</strong></span> <span class='ocrx_word' id='word_1_158' title='bbox 1859 2101 1986 2140; x_wconf 87' lang='lat' dir='ltr'><strong>vero</strong></span> 
     </span>
    </p>
   </div>
   <div class='ocr_carea' id='block_1_23' title="bbox 414 2174 1980 2249">
    <p class='ocr_par' dir='ltr' id='par_1_23' title="bbox 414 2174 1980 2249">
     <span class='ocr_line' id='line_1_23' title="bbox 414 2174 1980 2249; baseline 0.004 -21"><span class='ocrx_word' id='word_1_159' title='bbox 414 2175 568 2230; x_wconf 84' lang='lat' dir='ltr'><strong>locus</strong></span> <span class='ocrx_word' id='word_1_160' title='bbox 608 2174 678 2230; x_wconf 88' lang='lat' dir='ltr'><strong>iis</strong></span> <span class='ocrx_word' id='word_1_161' title='bbox 736 2175 1012 2239; x_wconf 84' lang='lat' dir='ltr'><strong>convenit,</strong></span> <span class='ocrx_word' id='word_1_162' title='bbox 1063 2175 1266 2247; x_wconf 88' lang='lat' dir='ltr'><strong>quibus</strong></span> <span class='ocrx_word' id='word_1_163' title='bbox 1317 2190 1454 2245; x_wconf 91' lang='lat' dir='ltr'><strong>opus</strong></span> <span class='ocrx_word' id='word_1_164' title='bbox 1485 2184 1569 2232; x_wconf 91' lang='lat' dir='ltr'><strong>est</strong></span> <span class='ocrx_word' id='word_1_165' title='bbox 1622 2179 1980 2249; x_wconf 71' lang='lat' dir='ltr'><strong>subiectione.</strong></span> 
     </span>
    </p>
   </div>
   <div class='ocr_carea' id='block_1_24' title="bbox 410 2265 1983 2337">
    <p class='ocr_par' dir='ltr' id='par_1_24' title="bbox 410 2265 1983 2337">
     <span class='ocr_line' id='line_1_24' title="bbox 410 2265 1983 2337; baseline 0.004 -17"><span class='ocrx_word' id='word_1_166' title='bbox 410 2265 521 2322; x_wconf 81' lang='lat' dir='ltr'><strong>Nos</strong></span> <span class='ocrx_word' id='word_1_167' title='bbox 555 2267 718 2336; x_wconf 80' lang='lat' dir='ltr'><strong>igitur</strong></span> <span class='ocrx_word' id='word_1_168' title='bbox 768 2267 834 2319; x_wconf 91' lang='lat' dir='ltr'><strong>ad</strong></span> <span class='ocrx_word' id='word_1_169' title='bbox 867 2266 972 2321; x_wconf 91' lang='lat' dir='ltr'><strong>alia</strong></span> <span class='ocrx_word' id='word_1_170' title='bbox 1008 2275 1387 2337; x_wconf 86' lang='lat' dir='ltr'><strong>properantes,</strong></span> <span class='ocrx_word' id='word_1_171' title='bbox 1448 2269 1626 2324; x_wconf 89' lang='lat' dir='ltr'><strong>obiter</strong></span> <span class='ocrx_word' id='word_1_172' title='bbox 1687 2272 1741 2325; x_wconf 92' lang='lat' dir='ltr'><strong>in</strong></span> <span class='ocrx_word' id='word_1_173' title='bbox 1799 2279 1983 2327; x_wconf 85' lang='lat' dir='ltr'><strong>trans-</strong></span> 
     </span>
    </p>
   </div>
   <div class='ocr_carea' id='block_1_25' title="bbox 409 2357 1982 2430">
    <p class='ocr_par' dir='ltr' id='par_1_25' title="bbox 409 2357 1982 2430">
     <span class='ocr_line' id='line_1_25' title="bbox 409 2357 1982 2430; baseline 0.002 -17"><span class='ocrx_word' id='word_1_174' title='bbox 409 2373 574 2414; x_wconf 87' lang='lat' dir='ltr'><strong>cursu</strong></span> <span class='ocrx_word' id='word_1_175' title='bbox 603 2357 918 2412; x_wconf 88' lang='lat' dir='ltr'><strong>testimonia</strong></span> <span class='ocrx_word' id='word_1_176' title='bbox 949 2359 1265 2428; x_wconf 76' lang='lat' dir='ltr'><strong>attigimus;</strong></span> <span class='ocrx_word' id='word_1_177' title='bbox 1292 2360 1390 2415; x_wconf 90' lang='lat' dir='ltr'><strong>tibi</strong></span> <span class='ocrx_word' id='word_1_178' title='bbox 1430 2375 1560 2415; x_wconf 90' lang='lat' dir='ltr'><strong>vero</strong></span> <span class='ocrx_word' id='word_1_179' title='bbox 1589 2377 1685 2430; x_wconf 89' lang='lat' dir='ltr'><strong>per</strong></span> <span class='ocrx_word' id='word_1_180' title='bbox 1703 2363 1874 2416; x_wconf 91' lang='lat' dir='ltr'><strong>otium</strong></span> <span class='ocrx_word' id='word_1_181' title='bbox 1913 2363 1982 2416; x_wconf 87' lang='lat' dir='ltr'><strong>li-</strong></span> 
     </span>
    </p>
   </div>
   <div class='ocr_carea' id='block_1_26' title="bbox 409 2449 1978 2522">
    <p class='ocr_par' dir='ltr' id='par_1_26' title="bbox 409 2449 1978 2522">
     <span class='ocr_line' id='line_1_26' title="bbox 409 2449 1978 2522; baseline 0.003 -18"><span class='ocrx_word' id='word_1_182' title='bbox 409 2456 517 2513; x_wconf 88' lang='lat' dir='ltr'><strong>cet,</strong></span> <span class='ocrx_word' id='word_1_183' title='bbox 549 2449 797 2505; x_wconf 88' lang='lat' dir='ltr'><strong>collectis</strong></span> <span class='ocrx_word' id='word_1_184' title='bbox 831 2449 1274 2519; x_wconf 87' lang='lat' dir='ltr'><strong>probationibus,</strong></span> <span class='ocrx_word' id='word_1_185' title='bbox 1331 2453 1520 2522; x_wconf 88' lang='lat' dir='ltr'><strong>gloria</strong></span> <span class='ocrx_word' id='word_1_186' title='bbox 1568 2454 1978 2518; x_wconf 87' lang='lat' dir='ltr'><strong>sublimitatem,</strong></span> 
     </span>
    </p>
   </div>
   <div class='ocr_carea' id='block_1_27' title="bbox 408 2538 1981 2611">
    <p class='ocr_par' dir='ltr' id='par_1_27' title="bbox 408 2538 1981 2611">
     <span class='ocr_line' id='line_1_27' title="bbox 408 2538 1981 2611; baseline 0.004 -19"><span class='ocrx_word' id='word_1_187' title='bbox 408 2553 476 2595; x_wconf 89' lang='lat' dir='ltr'><strong>ac</strong></span> <span class='ocrx_word' id='word_1_188' title='bbox 508 2539 730 2594; x_wconf 86' lang='lat' dir='ltr'><strong>virtutis</strong></span> <span class='ocrx_word' id='word_1_189' title='bbox 776 2538 1124 2593; x_wconf 88' lang='lat' dir='ltr'><strong>eminentiam</strong></span> <span class='ocrx_word' id='word_1_190' title='bbox 1164 2540 1218 2592; x_wconf 89' lang='lat' dir='ltr'><strong>in</strong></span> <span class='ocrx_word' id='word_1_191' title='bbox 1263 2538 1401 2595; x_wconf 88' lang='lat' dir='ltr'><strong>Filio</strong></span> <span class='ocrx_word' id='word_1_192' title='bbox 1435 2543 1763 2611; x_wconf 88' lang='lat' dir='ltr'><strong>perspicere.</strong></span> <span class='ocrx_word' id='word_1_193' title='bbox 1796 2542 1981 2609; x_wconf 91' lang='lat' dir='ltr'><strong>Quan-</strong></span> 
     </span>
    </p>
   </div>
   <div class='ocr_carea' id='block_1_28' title="bbox 407 2629 1980 2702">
    <p class='ocr_par' dir='ltr' id='par_1_28' title="bbox 407 2629 1980 2702">
     <span class='ocr_line' id='line_1_28' title="bbox 407 2629 1980 2702; baseline 0.003 -18"><span class='ocrx_word' id='word_1_194' title='bbox 407 2645 672 2700; x_wconf 89' lang='lat' dir='ltr'><strong>quamne</strong></span> <span class='ocrx_word' id='word_1_195' title='bbox 702 2629 819 2684; x_wconf 88' lang='lat' dir='ltr'><strong>hac</strong></span> <span class='ocrx_word' id='word_1_196' title='bbox 861 2629 1082 2699; x_wconf 90' lang='lat' dir='ltr'><strong>quidem</strong></span> <span class='ocrx_word' id='word_1_197' title='bbox 1139 2631 1374 2685; x_wconf 91' lang='lat' dir='ltr'><strong>auditori</strong></span> <span class='ocrx_word' id='word_1_198' title='bbox 1425 2647 1579 2702; x_wconf 86' lang='lat' dir='ltr'><strong>aquo</strong></span> <span class='ocrx_word' id='word_1_199' title='bbox 1624 2648 1790 2702; x_wconf 88' lang='lat' dir='ltr'><strong>parva</strong></span> <span class='ocrx_word' id='word_1_200' title='bbox 1832 2635 1980 2690; x_wconf 81' lang='lat' dir='ltr'><strong>vide—</strong></span> 
     </span>
    </p>
   </div>
   <div class='ocr_carea' id='block_1_29' title="bbox 406 2719 1977 2792">
    <p class='ocr_par' dir='ltr' id='par_1_29' title="bbox 406 2719 1977 2792">
     <span class='ocr_line' id='line_1_29' title="bbox 406 2719 1977 2792; baseline 0.003 -17"><span class='ocrx_word' id='word_1_201' title='bbox 406 2721 631 2783; x_wconf 87' lang='lat' dir='ltr'><strong>buntur,</strong></span> <span class='ocrx_word' id='word_1_202' title='bbox 667 2719 770 2774; x_wconf 90' lang='lat' dir='ltr'><strong>nisi</strong></span> <span class='ocrx_word' id='word_1_203' title='bbox 795 2719 921 2789; x_wconf 89' lang='lat' dir='ltr'><strong>quis</strong></span> <span class='ocrx_word' id='word_1_204' title='bbox 952 2719 1246 2774; x_wconf 81' lang='lat' dir='ltr'><strong>carnaliter</strong></span> <span class='ocrx_word' id='word_1_205' title='bbox 1273 2728 1327 2774; x_wconf 90' lang='lat' dir='ltr'><strong>et</strong></span> <span class='ocrx_word' id='word_1_206' title='bbox 1351 2720 1564 2789; x_wconf 86' lang='lat' dir='ltr'><strong>abjecte</strong></span> <span class='ocrx_word' id='word_1_207' title='bbox 1585 2721 1850 2792; x_wconf 81' lang='lat' dir='ltr'><strong>intelligat</strong></span> <span class='ocrx_word' id='word_1_208' title='bbox 1879 2723 1977 2780; x_wconf 85' lang='lat' dir='ltr'><strong>has</strong></span> 
     </span>
    </p>
   </div>
   <div class='ocr_carea' id='block_1_30' title="bbox 406 2810 1978 2874">
    <p class='ocr_par' dir='ltr' id='par_1_30' title="bbox 406 2810 1978 2874">
     <span class='ocr_line' id='line_1_30' title="bbox 406 2810 1978 2874; baseline 0.005 -12"><span class='ocrx_word' id='word_1_209' title='bbox 406 2826 592 2874; x_wconf 87' lang='lat' dir='ltr'><strong>voces,</strong></span> <span class='ocrx_word' id='word_1_210' title='bbox 623 2810 865 2865; x_wconf 79' lang='lat' dir='ltr'><strong>dextrum</strong></span> <span class='ocrx_word' id='word_1_211' title='bbox 915 2818 970 2865; x_wconf 88' lang='lat' dir='ltr'><strong>et</strong></span> <span class='ocrx_word' id='word_1_212' title='bbox 1023 2812 1202 2866; x_wconf 77' lang='lat' dir='ltr'><strong>sinum</strong></span> <span class='ocrx_word' id='word_1_213' title='bbox 1241 2826 1258 2864; x_wconf 90' lang='lat'><strong><em>:</em></strong></span> <span class='ocrx_word' id='word_1_214' title='bbox 1294 2817 1353 2865; x_wconf 88' lang='lat' dir='ltr'><strong>ut</strong></span> <span class='ocrx_word' id='word_1_215' title='bbox 1406 2813 1528 2867; x_wconf 93' lang='lat' dir='ltr'><strong>loco</strong></span> <span class='ocrx_word' id='word_1_216' title='bbox 1563 2813 1978 2870; x_wconf 81' lang='lat' dir='ltr'><strong>circumscribat</strong></span> 
     </span>
    </p>
   </div>
   <div class='ocr_carea' id='block_1_31' title="bbox 407 2900 1977 2976">
    <p class='ocr_par' dir='ltr' id='par_1_31' title="bbox 407 2900 1977 2976">
     <span class='ocr_line' id='line_1_31' title="bbox 407 2900 1977 2976; baseline 0.004 -23"><span class='ocrx_word' id='word_1_217' title='bbox 407 2900 600 2968; x_wconf 90' lang='lat' dir='ltr'><strong>Deum,</strong></span> <span class='ocrx_word' id='word_1_218' title='bbox 631 2903 903 2973; x_wconf 89' lang='lat' dir='ltr'><strong>ﬁngatque</strong></span> <span class='ocrx_word' id='word_1_219' title='bbox 927 2901 1154 2973; x_wconf 89' lang='lat' dir='ltr'><strong>ﬁguram</strong></span> <span class='ocrx_word' id='word_1_220' title='bbox 1179 2917 1244 2958; x_wconf 89' lang='lat' dir='ltr'><strong>ac</strong></span> <span class='ocrx_word' id='word_1_221' title='bbox 1279 2901 1510 2958; x_wconf 83' lang='lat' dir='ltr'><strong>formam</strong></span> <span class='ocrx_word' id='word_1_222' title='bbox 1547 2906 1826 2976; x_wconf 91' lang='lat' dir='ltr'><strong>situmque</strong></span> <span class='ocrx_word' id='word_1_223' title='bbox 1859 2921 1977 2962; x_wconf 91' lang='lat' dir='ltr'><strong>cor-</strong></span> 
     </span>
    </p>
   </div>
   <div class='ocr_carea' id='block_1_32' title="bbox 405 2994 1976 3066">
    <p class='ocr_par' dir='ltr' id='par_1_32' title="bbox 405 2994 1976 3066">
     <span class='ocr_line' id='line_1_32' title="bbox 405 2994 1976 3066; baseline 0.003 -18"><span class='ocrx_word' id='word_1_224' title='bbox 405 2994 644 3064; x_wconf 90' lang='lat' dir='ltr'><strong>poralem</strong></span> <span class='ocrx_word' id='word_1_225' title='bbox 681 3013 696 3048; x_wconf 90' lang='lat'><strong>:</strong></span> <span class='ocrx_word' id='word_1_226' title='bbox 730 3009 852 3066; x_wconf 83' lang='lat' dir='ltr'><strong>qua</strong></span> <span class='ocrx_word' id='word_1_227' title='bbox 884 2994 952 3049; x_wconf 91' lang='lat' dir='ltr'><strong>ab</strong></span> <span class='ocrx_word' id='word_1_228' title='bbox 989 2994 1344 3066; x_wconf 86' lang='lat' dir='ltr'><strong>intelligentia</strong></span> <span class='ocrx_word' id='word_1_229' title='bbox 1372 2996 1450 3050; x_wconf 88' lang='lat' dir='ltr'><strong>rei</strong></span> <span class='ocrx_word' id='word_1_230' title='bbox 1487 2997 1752 3066; x_wconf 88' lang='lat' dir='ltr'><strong>simplicis</strong></span> <span class='ocrx_word' id='word_1_231' title='bbox 1773 3005 1828 3054; x_wconf 88' lang='lat' dir='ltr'><strong>et</strong></span> <span class='ocrx_word' id='word_1_232' title='bbox 1872 2999 1976 3052; x_wconf 91' lang='lat' dir='ltr'><strong>im-</strong></span> 
     </span>
    </p>
   </div>
   <div class='ocr_carea' id='block_1_33' title="bbox 405 3083 1974 3159">
    <p class='ocr_par' dir='ltr' id='par_1_33' title="bbox 405 3083 1974 3159">
     <span class='ocr_line' id='line_1_33' title="bbox 405 3083 1974 3159; baseline 0.004 -21"><span class='ocrx_word' id='word_1_233' title='bbox 405 3099 611 3139; x_wconf 76' lang='lat' dir='ltr'><strong>mensa</strong></span> <span class='ocrx_word' id='word_1_234' title='bbox 637 3098 703 3137; x_wconf 90' lang='lat' dir='ltr'><strong>ac</strong></span> <span class='ocrx_word' id='word_1_235' title='bbox 728 3083 1064 3154; x_wconf 84' lang='lat' dir='ltr'><strong>incorporea</strong></span> <span class='ocrx_word' id='word_1_236' title='bbox 1108 3083 1267 3156; x_wconf 87' lang='lat' dir='ltr'><strong>longe</strong></span> <span class='ocrx_word' id='word_1_237' title='bbox 1306 3092 1515 3140; x_wconf 85' lang='lat' dir='ltr'><strong>semota</strong></span> <span class='ocrx_word' id='word_1_238' title='bbox 1557 3095 1706 3152; x_wconf 92' lang='lat' dir='ltr'><strong>sunt,</strong></span> <span class='ocrx_word' id='word_1_239' title='bbox 1752 3097 1974 3159; x_wconf 88' lang='lat' dir='ltr'><strong>prater-</strong></span> 
     </span>
    </p>
   </div>
   <div class='ocr_carea' id='block_1_34' title="bbox 405 3175 1974 3248">
    <p class='ocr_par' dir='ltr' id='par_1_34' title="bbox 405 3175 1974 3248">
     <span class='ocr_line' id='line_1_34' title="bbox 405 3175 1974 3248; baseline 0.003 -18"><span class='ocrx_word' id='word_1_240' title='bbox 405 3192 569 3246; x_wconf 82' lang='lat' dir='ltr'><strong>qualn</strong></span> <span class='ocrx_word' id='word_1_241' title='bbox 591 3176 738 3247; x_wconf 89' lang='lat' dir='ltr'><strong>quod</strong></span> <span class='ocrx_word' id='word_1_242' title='bbox 763 3175 910 3231; x_wconf 89' lang='lat' dir='ltr'><strong>illius</strong></span> <span class='ocrx_word' id='word_1_243' title='bbox 945 3175 1204 3246; x_wconf 87' lang='lat' dir='ltr'><strong>cogitatio</strong></span> <span class='ocrx_word' id='word_1_244' title='bbox 1249 3175 1494 3240; x_wconf 89' lang='lat' dir='ltr'><strong>humilis,</strong></span> <span class='ocrx_word' id='word_1_245' title='bbox 1540 3179 1744 3248; x_wconf 90' lang='lat' dir='ltr'><strong>pariter</strong></span> <span class='ocrx_word' id='word_1_246' title='bbox 1774 3180 1829 3234; x_wconf 90' lang='lat' dir='ltr'><strong>in</strong></span> <span class='ocrx_word' id='word_1_247' title='bbox 1871 3179 1974 3235; x_wconf 89' lang='lat' dir='ltr'><strong>Pa-</strong></span> 
     </span>
    </p>
   </div>
   <div class='ocr_carea' id='block_1_35' title="bbox 404 3261 1973 3337">
    <p class='ocr_par' dir='ltr' id='par_1_35' title="bbox 404 3261 1973 3337">
     <span class='ocr_line' id='line_1_35' title="bbox 404 3261 1973 3337; baseline 0.002 -17"><span class='ocrx_word' id='word_1_248' title='bbox 404 3273 545 3320; x_wconf 87' lang='lat' dir='ltr'><strong>trem</strong></span> <span class='ocrx_word' id='word_1_249' title='bbox 573 3264 720 3319; x_wconf 90' lang='lat' dir='ltr'><strong>cadit</strong></span> <span class='ocrx_word' id='word_1_250' title='bbox 743 3271 904 3335; x_wconf 88' lang='lat' dir='ltr'><strong>atque</strong></span> <span class='ocrx_word' id='word_1_251' title='bbox 932 3263 988 3317; x_wconf 91' lang='lat' dir='ltr'><strong>in</strong></span> <span class='ocrx_word' id='word_1_252' title='bbox 1020 3261 1239 3318; x_wconf 89' lang='lat' dir='ltr'><strong>Filium.</strong></span> <span class='ocrx_word' id='word_1_253' title='bbox 1273 3264 1455 3330; x_wconf 87' lang='lat' dir='ltr'><strong>Quare</strong></span> <span class='ocrx_word' id='word_1_254' title='bbox 1489 3281 1598 3320; x_wconf 92' lang='lat' dir='ltr'><strong>non</strong></span> <span class='ocrx_word' id='word_1_255' title='bbox 1637 3266 1826 3337; x_wconf 89' lang='lat' dir='ltr'><strong>dejicit</strong></span> <span class='ocrx_word' id='word_1_256' title='bbox 1849 3268 1973 3323; x_wconf 89' lang='lat' dir='ltr'><strong>Filii</strong></span> 
     </span>
    </p>
   </div>
   <div class='ocr_carea' id='block_1_36' title="bbox 403 3354 1970 3428">
    <p class='ocr_par' dir='ltr' id='par_1_36' title="bbox 403 3354 1970 3428">
     <span class='ocr_line' id='line_1_36' title="bbox 403 3354 1970 3428; baseline 0.002 -17"><span class='ocrx_word' id='word_1_257' title='bbox 403 3357 742 3428; x_wconf 87' lang='lat' dir='ltr'><strong>dignitatem,</strong></span> <span class='ocrx_word' id='word_1_258' title='bbox 775 3354 872 3411; x_wconf 88' lang='lat' dir='ltr'><strong>sed</strong></span> <span class='ocrx_word' id='word_1_259' title='bbox 899 3355 1146 3426; x_wconf 89' lang='lat' dir='ltr'><strong>adjungit</strong></span> <span class='ocrx_word' id='word_1_260' title='bbox 1178 3354 1531 3425; x_wconf 75' lang='lat' dir='ltr'><strong>blasphemia</strong></span> <span class='ocrx_word' id='word_1_261' title='bbox 1548 3357 1754 3413; x_wconf 84' lang='lat' dir='ltr'><strong>crimen</strong></span> <span class='ocrx_word' id='word_1_262' title='bbox 1779 3358 1970 3414; x_wconf 84' lang='lat' dir='ltr'><strong>adver-</strong></span> 
     </span>
    </p>
   </div>
   <div class='ocr_carea' id='block_1_37' title="bbox 404 3444 1970 3518">
    <p class='ocr_par' dir='ltr' id='par_1_37' title="bbox 404 3444 1970 3518">
     <span class='ocr_line' id='line_1_37' title="bbox 404 3444 1970 3518; baseline 0.003 -18"><span class='ocrx_word' id='word_1_263' title='bbox 404 3462 502 3503; x_wconf 83' lang='lat' dir='ltr'><strong>sus</strong></span> <span class='ocrx_word' id='word_1_264' title='bbox 525 3445 693 3501; x_wconf 92' lang='lat' dir='ltr'><strong>Deum</strong></span> <span class='ocrx_word' id='word_1_265' title='bbox 723 3444 975 3516; x_wconf 86' lang='lat' dir='ltr'><strong>quisquis</strong></span> <span class='ocrx_word' id='word_1_266' title='bbox 1010 3445 1140 3498; x_wconf 87' lang='lat' dir='ltr'><strong>talia</strong></span> <span class='ocrx_word' id='word_1_267' title='bbox 1173 3444 1414 3500; x_wconf 87' lang='lat' dir='ltr'><strong>disserit.</strong></span> <span class='ocrx_word' id='word_1_268' title='bbox 1451 3446 1800 3518; x_wconf 80' lang='lat' dir='ltr'><strong>Quacunque</strong></span> <span class='ocrx_word' id='word_1_269' title='bbox 1827 3451 1970 3503; x_wconf 90' lang='lat' dir='ltr'><strong>enim</strong></span> 
     </span>
    </p>
   </div>
   <div class='ocr_carea' id='block_1_38' title="bbox 403 3535 1973 3602">
    <p class='ocr_par' dir='ltr' id='par_1_38' title="bbox 403 3535 1973 3602">
     <span class='ocr_line' id='line_1_38' title="bbox 403 3535 1973 3602; baseline 0.001 -11"><span class='ocrx_word' id='word_1_270' title='bbox 403 3553 571 3594; x_wconf 86' lang='lat' dir='ltr'><strong>ausus</strong></span> <span class='ocrx_word' id='word_1_271' title='bbox 602 3536 766 3592; x_wconf 84' lang='lat' dir='ltr'><strong>fuerit</strong></span> <span class='ocrx_word' id='word_1_272' title='bbox 792 3551 1045 3592; x_wconf 86' lang='lat' dir='ltr'><strong>evomere</strong></span> <span class='ocrx_word' id='word_1_273' title='bbox 1068 3536 1122 3590; x_wconf 94' lang='lat' dir='ltr'><strong>in</strong></span> <span class='ocrx_word' id='word_1_274' title='bbox 1164 3535 1385 3602; x_wconf 88' lang='lat' dir='ltr'><strong>Filium,</strong></span> <span class='ocrx_word' id='word_1_275' title='bbox 1423 3553 1650 3593; x_wconf 77' lang='lat' dir='ltr'><strong>necesse</strong></span> <span class='ocrx_word' id='word_1_276' title='bbox 1687 3549 1770 3594; x_wconf 90' lang='lat' dir='ltr'><strong>est</strong></span> <span class='ocrx_word' id='word_1_277' title='bbox 1800 3547 1859 3593; x_wconf 94' lang='lat' dir='ltr'><strong>ut</strong></span> <span class='ocrx_word' id='word_1_278' title='bbox 1881 3556 1973 3595; x_wconf 69' lang='lat' dir='ltr'><strong>ett--</strong></span> 
     </span>
    </p>
   </div>
   <div class='ocr_carea' id='block_1_39' title="bbox 402 3614 1972 3699">
    <p class='ocr_par' dir='ltr' id='par_1_39' title="bbox 402 3614 1972 3699">
     <span class='ocr_line' id='line_1_39' title="bbox 402 3614 1972 3699; baseline 0.003 -19"><span class='ocrx_word' id='word_1_279' title='bbox 402 3625 526 3680; x_wconf 89' lang='lat' dir='ltr'><strong>dem</strong></span> <span class='ocrx_word' id='word_1_280' title='bbox 556 3624 852 3680; x_wconf 81' lang='lat' dir='ltr'><strong>transferat</strong></span> <span class='ocrx_word' id='word_1_281' title='bbox 881 3625 935 3679; x_wconf 91' lang='lat' dir='ltr'><strong>in</strong></span> <span class='ocrx_word' id='word_1_282' title='bbox 981 3624 1219 3679; x_wconf 86' lang='lat' dir='ltr'><strong>Patrem.</strong></span> <span class='ocrx_word' id='word_1_283' title='bbox 1249 3624 1385 3679; x_wconf 87' lang='lat' dir='ltr'><strong>Nam</strong></span> <span class='ocrx_word' id='word_1_284' title='bbox 1414 3628 1506 3697; x_wconf 92' lang='lat' dir='ltr'><strong>qui</strong></span> <span class='ocrx_word' id='word_1_285' title='bbox 1529 3614 1693 3681; x_wconf 83' lang='lat' dir='ltr'><strong>Patri</strong></span> <span class='ocrx_word' id='word_1_286' title='bbox 1728 3631 1972 3699; x_wconf 91' lang='lat' dir='ltr'><strong>superio-</strong></span> 
     </span>
    </p>
   </div>
   <div class='ocr_carea' id='block_1_40' title="bbox 403 3716 1971 3787">
    <p class='ocr_par' dir='ltr' id='par_1_40' title="bbox 403 3716 1971 3787">
     <span class='ocr_line' id='line_1_40' title="bbox 403 3716 1971 3787; baseline 0.005 -17"><span class='ocrx_word' id='word_1_287' title='bbox 403 3732 517 3771; x_wconf 90' lang='lat' dir='ltr'><strong>rem</strong></span> <span class='ocrx_word' id='word_1_288' title='bbox 548 3716 727 3771; x_wconf 90' lang='lat' dir='ltr'><strong>locum</strong></span> <span class='ocrx_word' id='word_1_289' title='bbox 763 3716 830 3770; x_wconf 91' lang='lat' dir='ltr'><strong>ad</strong></span> <span class='ocrx_word' id='word_1_290' title='bbox 870 3716 1270 3787; x_wconf 86' lang='lat' dir='ltr'><strong>prasidendum</strong></span> <span class='ocrx_word' id='word_1_291' title='bbox 1305 3719 1517 3783; x_wconf 87' lang='lat' dir='ltr'><strong>tribuit,</strong></span> <span class='ocrx_word' id='word_1_292' title='bbox 1569 3734 1634 3774; x_wconf 91' lang='lat' dir='ltr'><strong>ac</strong></span> <span class='ocrx_word' id='word_1_293' title='bbox 1663 3719 1859 3776; x_wconf 87' lang='lat' dir='ltr'><strong>Filium</strong></span> <span class='ocrx_word' id='word_1_294' title='bbox 1887 3723 1971 3778; x_wconf 80' lang='lat' dir='ltr'><strong>di-</strong></span> 
     </span>
    </p>
   </div>
   <div class='ocr_carea' id='block_1_41' title="bbox 401 3808 1970 3884">
    <p class='ocr_par' dir='ltr' id='par_1_41' title="bbox 401 3808 1970 3884">
     <span class='ocr_line' id='line_1_41' title="bbox 401 3808 1970 3884; baseline 0.004 -20"><span class='ocrx_word' id='word_1_295' title='bbox 401 3809 478 3864; x_wconf 86' lang='lat' dir='ltr'><strong>cit</strong></span> <span class='ocrx_word' id='word_1_296' title='bbox 505 3808 791 3863; x_wconf 90' lang='lat' dir='ltr'><strong>humiliore</strong></span> <span class='ocrx_word' id='word_1_297' title='bbox 815 3809 934 3864; x_wconf 92' lang='lat' dir='ltr'><strong>loco</strong></span> <span class='ocrx_word' id='word_1_298' title='bbox 971 3809 1183 3874; x_wconf 88' lang='lat' dir='ltr'><strong>sedere,</strong></span> <span class='ocrx_word' id='word_1_299' title='bbox 1225 3810 1272 3866; x_wconf 92' lang='lat' dir='ltr'><strong>is</strong></span> <span class='ocrx_word' id='word_1_300' title='bbox 1303 3826 1642 3882; x_wconf 87' lang='lat' dir='ltr'><strong>quacunque</strong></span> <span class='ocrx_word' id='word_1_301' title='bbox 1690 3817 1970 3884; x_wconf 88' lang='lat' dir='ltr'><strong>corporeis</strong></span> 
     </span>
    </p>
   </div>
   <div class='ocr_carea' id='block_1_42' title="bbox 403 3899 1968 3975">
    <p class='ocr_par' dir='ltr' id='par_1_42' title="bbox 403 3899 1968 3975">
     <span class='ocr_line' id='line_1_42' title="bbox 403 3899 1968 3975; baseline 0.004 -21"><span class='ocrx_word' id='word_1_302' title='bbox 403 3899 678 3963; x_wconf 81' lang='lat' dir='ltr'><strong>aecidunt,</strong></span> <span class='ocrx_word' id='word_1_303' title='bbox 715 3916 779 3956; x_wconf 89' lang='lat' dir='ltr'><strong>ea</strong></span> <span class='ocrx_word' id='word_1_304' title='bbox 801 3901 981 3955; x_wconf 90' lang='lat' dir='ltr'><strong>omnia</strong></span> <span class='ocrx_word' id='word_1_305' title='bbox 1013 3901 1301 3958; x_wconf 91' lang='lat' dir='ltr'><strong>habiturus</strong></span> <span class='ocrx_word' id='word_1_306' title='bbox 1330 3909 1414 3958; x_wconf 83' lang='lat' dir='ltr'><strong>est</strong></span> <span class='ocrx_word' id='word_1_307' title='bbox 1459 3919 1618 3958; x_wconf 90' lang='lat' dir='ltr'><strong>suum</strong></span> <span class='ocrx_word' id='word_1_308' title='bbox 1655 3903 1968 3975; x_wconf 87' lang='lat' dir='ltr'><strong>ﬁgmentum</strong></span> 
     </span>
    </p>
   </div>
   <div class='ocr_carea' id='block_1_43' title="bbox 400 3991 1968 4065">
    <p class='ocr_par' dir='ltr' id='par_1_43' title="bbox 400 3991 1968 4065">
     <span class='ocr_line' id='line_1_43' title="bbox 400 3991 1968 4065; baseline 0.004 -19"><span class='ocrx_word' id='word_1_309' title='bbox 400 3992 812 4062; x_wconf 86' lang='lat' dir='ltr'><strong>consequentia.</strong></span> <span class='ocrx_word' id='word_1_310' title='bbox 845 3991 1000 4059; x_wconf 84' lang='lat' dir='ltr'><strong>Quod</strong></span> <span class='ocrx_word' id='word_1_311' title='bbox 1034 3993 1080 4047; x_wconf 93' lang='lat' dir='ltr'><strong>si</strong></span> <span class='ocrx_word' id='word_1_312' title='bbox 1111 3993 1228 4049; x_wconf 83' lang='lat' dir='ltr'><strong>ista</strong></span> <span class='ocrx_word' id='word_1_313' title='bbox 1251 3994 1670 4065; x_wconf 83' lang='lat' dir='ltr'><strong>imaginationes</strong></span> <span class='ocrx_word' id='word_1_314' title='bbox 1687 4006 1817 4051; x_wconf 89' lang='lat' dir='ltr'><strong>sunt</strong></span> <span class='ocrx_word' id='word_1_315' title='bbox 1841 3999 1968 4053; x_wconf 93' lang='lat' dir='ltr'><strong>vino</strong></span> 
     </span>
    </p>
   </div>
   <div class='ocr_carea' id='block_1_44' title="bbox 399 4083 1967 4154">
    <p class='ocr_par' dir='ltr' id='par_1_44' title="bbox 399 4083 1967 4154">
     <span class='ocr_line' id='line_1_44' title="bbox 399 4083 1967 4154; baseline 0.004 -18"><span class='ocrx_word' id='word_1_316' title='bbox 399 4083 770 4148; x_wconf 87' lang='lat' dir='ltr'><strong>delirantium,</strong></span> <span class='ocrx_word' id='word_1_317' title='bbox 829 4099 892 4139; x_wconf 92' lang='lat' dir='ltr'><strong>ac</strong></span> <span class='ocrx_word' id='word_1_318' title='bbox 923 4100 1016 4154; x_wconf 90' lang='lat' dir='ltr'><strong>per</strong></span> <span class='ocrx_word' id='word_1_319' title='bbox 1040 4084 1406 4154; x_wconf 84' lang='lat' dir='ltr'><strong>phrenitidem</strong></span> <span class='ocrx_word' id='word_1_320' title='bbox 1440 4093 1622 4141; x_wconf 87' lang='lat' dir='ltr'><strong>mente</strong></span> <span class='ocrx_word' id='word_1_321' title='bbox 1664 4095 1967 4142; x_wconf 86' lang='lat' dir='ltr'><strong>commoto-</strong></span> 
     </span>
    </p>
   </div>
   <div class='ocr_carea' id='block_1_45' title="bbox 398 4174 1964 4248">
    <p class='ocr_par' dir='ltr' id='par_1_45' title="bbox 398 4174 1964 4248">
     <span class='ocr_line' id='line_1_45' title="bbox 398 4174 1964 4248; baseline 0.003 -20"><span class='ocrx_word' id='word_1_322' title='bbox 398 4189 518 4228; x_wconf 91' lang='lat' dir='ltr'><strong>rum</strong></span> <span class='ocrx_word' id='word_1_323' title='bbox 544 4190 558 4238; x_wconf 92' lang='lat'><strong>;</strong></span> <span class='ocrx_word' id='word_1_324' title='bbox 588 4174 860 4244; x_wconf 90' lang='lat' dir='ltr'><strong>quomodo</strong></span> <span class='ocrx_word' id='word_1_325' title='bbox 881 4176 1030 4245; x_wconf 90' lang='lat' dir='ltr'><strong>pium</strong></span> <span class='ocrx_word' id='word_1_326' title='bbox 1065 4176 1227 4232; x_wconf 81' lang='lat' dir='ltr'><strong>fuerit</strong></span> <span class='ocrx_word' id='word_1_327' title='bbox 1257 4192 1401 4242; x_wconf 90' lang='lat' dir='ltr'><strong>eum,</strong></span> <span class='ocrx_word' id='word_1_328' title='bbox 1427 4177 1520 4247; x_wconf 91' lang='lat' dir='ltr'><strong>qui</strong></span> <span class='ocrx_word' id='word_1_329' title='bbox 1553 4185 1774 4242; x_wconf 88' lang='lat' dir='ltr'><strong>natura,</strong></span> <span class='ocrx_word' id='word_1_330' title='bbox 1795 4180 1964 4248; x_wconf 87' lang='lat' dir='ltr'><strong>gloria</strong></span> 
     </span>
    </p>
   </div>
   <div class='ocr_carea' id='block_1_46' title="bbox 398 4263 1968 4338">
    <p class='ocr_par' dir='ltr' id='par_1_46' title="bbox 398 4263 1968 4338">
     <span class='ocr_line' id='line_1_46' title="bbox 398 4263 1968 4338; baseline 0.004 -21"><span class='ocrx_word' id='word_1_331' title='bbox 398 4263 769 4337; x_wconf 88' lang='lat' dir='ltr'><strong>dignitateque</strong></span> <span class='ocrx_word' id='word_1_332' title='bbox 801 4268 1128 4338; x_wconf 91' lang='lat' dir='ltr'><strong>conjunctus</strong></span> <span class='ocrx_word' id='word_1_333' title='bbox 1165 4276 1272 4332; x_wconf 91' lang='lat' dir='ltr'><strong>est,</strong></span> <span class='ocrx_word' id='word_1_334' title='bbox 1305 4283 1416 4324; x_wconf 90' lang='lat' dir='ltr'><strong>non</strong></span> <span class='ocrx_word' id='word_1_335' title='bbox 1450 4269 1612 4323; x_wconf 90' lang='lat' dir='ltr'><strong>simul</strong></span> <span class='ocrx_word' id='word_1_336' title='bbox 1643 4284 1767 4323; x_wconf 93' lang='lat' dir='ltr'><strong>cum</strong></span> <span class='ocrx_word' id='word_1_337' title='bbox 1807 4267 1968 4324; x_wconf 87' lang='lat' dir='ltr'><strong>Patre</strong></span> 
     </span>
    </p>
   </div>
   <div class='ocr_carea' id='block_1_47' title="bbox 399 4357 1962 4438">
    <p class='ocr_par' dir='ltr' id='par_1_47' title="bbox 399 4357 1962 4438">
     <span class='ocr_line' id='line_1_47' title="bbox 399 4357 1962 4438; baseline 0.004 -30"><span class='ocrx_word' id='word_1_338' title='bbox 399 4357 613 4412; x_wconf 86' lang='lat' dir='ltr'><strong>adorari</strong></span> <span class='ocrx_word' id='word_1_339' title='bbox 642 4365 695 4412; x_wconf 87' lang='lat' dir='ltr'><strong>et</strong></span> <span class='ocrx_word' id='word_1_340' title='bbox 722 4358 1014 4428; x_wconf 88' lang='lat' dir='ltr'><strong>gloriﬁcari</strong></span> <span class='ocrx_word' id='word_1_341' title='bbox 1046 4359 1113 4412; x_wconf 91' lang='lat' dir='ltr'><strong>ab</strong></span> <span class='ocrx_word' id='word_1_342' title='bbox 1144 4359 1228 4414; x_wconf 92' lang='lat' dir='ltr'><strong>his</strong></span> <span class='ocrx_word' id='word_1_343' title='bbox 1251 4360 1343 4429; x_wconf 92' lang='lat' dir='ltr'><strong>qui</strong></span> <span class='ocrx_word' id='word_1_344' title='bbox 1374 4359 1442 4414; x_wconf 92' lang='lat' dir='ltr'><strong>ab</strong></span> <span class='ocrx_word' id='word_1_345' title='bbox 1473 4359 1590 4430; x_wconf 92' lang='lat' dir='ltr'><strong>ipso</strong></span> <span class='ocrx_word' id='word_1_346' title='bbox 1610 4359 1794 4438; x_wconf 76' lang='lat' dir='ltr'><strong>edocti</strong></span> <span class='ocrx_word' id='word_1_347' title='bbox 1813 4369 1962 4424; x_wconf 90' lang='lat' dir='ltr'><strong>sunt,</strong></span> 
     </span>
    </p>
   </div>
   <div class='ocr_carea' id='block_1_48' title="bbox 2092 545 3674 624">
    <p class='ocr_par' dir='ltr' id='par_1_48' title="bbox 2092 545 3674 624">
     <span class='ocr_line' id='line_1_48' title="bbox 2092 545 3674 624; baseline 0.005 -26"><span class='ocrx_word' id='word_1_348' title='bbox 2092 545 2383 616; x_wconf 81' lang='grc' dir='ltr'><strong>δηλοῦσθαι</strong></span> <span class='ocrx_word' id='word_1_349' title='bbox 2408 545 2604 614; x_wconf 83' lang='grc' dir='ltr'>λέγειν.</span> <span class='ocrx_word' id='word_1_350' title='bbox 2628 548 3063 605; x_wconf 79' lang='grc' dir='ltr'><strong>Μανθανέτωσαν</strong></span> <span class='ocrx_word' id='word_1_351' title='bbox 3086 550 3284 617; x_wconf 78' lang='grc' dir='ltr'><strong>τοίνυν,</strong></span> <span class='ocrx_word' id='word_1_352' title='bbox 3319 553 3401 606; x_wconf 84' lang='grc' dir='ltr'>ὅτι</span> <span class='ocrx_word' id='word_1_353' title='bbox 3430 554 3674 624; x_wconf 84' lang='grc' dir='ltr'>Χριστὸς</span> 
     </span>
    </p>
   </div>
   <div class='ocr_carea' id='block_1_49' title="bbox 2091 635 3669 709">
    <p class='ocr_par' dir='ltr' id='par_1_49' title="bbox 2091 635 3669 709">
     <span class='ocr_line' id='line_1_49' title="bbox 2091 635 3669 709; baseline 0.006 -21"><span class='ocrx_word' id='word_1_354' title='bbox 2091 635 2226 689; x_wconf 97' lang='grc' dir='ltr'>Θεοῦ</span> <span class='ocrx_word' id='word_1_355' title='bbox 2258 636 2506 708; x_wconf 89' lang='grc' dir='ltr'>δύναμις,</span> <span class='ocrx_word' id='word_1_356' title='bbox 2558 639 2652 692; x_wconf 75' lang='grc' dir='ltr'><strong>καὶ</strong></span> <span class='ocrx_word' id='word_1_357' title='bbox 2682 639 2816 692; x_wconf 82' lang='grc' dir='ltr'><strong>Θεοῦ</strong></span> <span class='ocrx_word' id='word_1_358' title='bbox 2854 639 3035 709; x_wconf 84' lang='grc' dir='ltr'>σοφία,</span> <span class='ocrx_word' id='word_1_359' title='bbox 3079 642 3173 694; x_wconf 77' lang='grc' dir='ltr'>καὶ</span> <span class='ocrx_word' id='word_1_360' title='bbox 3203 642 3284 695; x_wconf 85' lang='grc' dir='ltr'><strong>ὅτι</strong></span> <span class='ocrx_word' id='word_1_361' title='bbox 3329 641 3492 696; x_wconf 82' lang='grc' dir='ltr'>εἰκὼν</span> <span class='ocrx_word' id='word_1_362' title='bbox 3524 644 3669 698; x_wconf 85' lang='grc' dir='ltr'>Θεοῦ</span> 
     </span>
    </p>
   </div>
   <div class='ocr_carea' id='block_1_50' title="bbox 2090 725 3668 803">
    <p class='ocr_par' dir='ltr' id='par_1_50' title="bbox 2090 725 3668 803">
     <span class='ocr_line' id='line_1_50' title="bbox 2090 725 3668 803; baseline 0.007 -25"><span class='ocrx_word' id='word_1_363' title='bbox 2090 725 2182 779; x_wconf 92' lang='grc' dir='ltr'><strong>τοῦ</strong></span> <span class='ocrx_word' id='word_1_364' title='bbox 2236 728 2496 798; x_wconf 84' lang='grc' dir='ltr'>ἀοράτου,</span> <span class='ocrx_word' id='word_1_365' title='bbox 2552 731 2645 783; x_wconf 76' lang='grc' dir='ltr'><strong>καὶ</strong></span> <span class='ocrx_word' id='word_1_366' title='bbox 2690 730 3028 802; x_wconf 82' lang='grc' dir='ltr'>ἀπαύγασμα</span> <span class='ocrx_word' id='word_1_367' title='bbox 3067 733 3166 802; x_wconf 79' lang='grc' dir='ltr'>τῆς</span> <span class='ocrx_word' id='word_1_368' title='bbox 3211 733 3386 803; x_wconf 83' lang='grc' dir='ltr'><strong>δόξης,</strong></span> <span class='ocrx_word' id='word_1_369' title='bbox 3435 737 3533 789; x_wconf 79' lang='grc' dir='ltr'><strong>καὶ</strong></span> <span class='ocrx_word' id='word_1_370' title='bbox 3579 737 3668 789; x_wconf 86' lang='grc' dir='ltr'>ὃτι</span> 
     </span>
    </p>
   </div>
   <div class='ocr_carea' id='block_1_51' title="bbox 2091 817 3664 896">
    <p class='ocr_par' dir='ltr' id='par_1_51' title="bbox 2091 817 3664 896">
     <span class='ocr_line' id='line_1_51' title="bbox 2091 817 3664 896; baseline 0.006 -27"><span class='ocrx_word' id='word_1_371' title='bbox 2091 817 2276 872; x_wconf 88' lang='grc' dir='ltr'>τοῦτον</span> <span class='ocrx_word' id='word_1_372' title='bbox 2299 819 2327 870; x_wconf 89' lang='grc' dir='ltr'>ὁ</span> <span class='ocrx_word' id='word_1_373' title='bbox 2357 819 2545 892; x_wconf 84' lang='grc' dir='ltr'>Πατὴρ</span> <span class='ocrx_word' id='word_1_374' title='bbox 2577 821 2906 892; x_wconf 79' lang='grc' dir='ltr'>ἐσφράγισεν</span> <span class='ocrx_word' id='word_1_375' title='bbox 2938 824 2966 875; x_wconf 85' lang='grc' dir='ltr'>ὁ</span> <span class='ocrx_word' id='word_1_376' title='bbox 2985 822 3136 887; x_wconf 83' lang='grc' dir='ltr'>Θεὸς,</span> <span class='ocrx_word' id='word_1_377' title='bbox 3159 824 3276 878; x_wconf 79' lang='grc' dir='ltr'>ὅλον</span> <span class='ocrx_word' id='word_1_378' title='bbox 3299 825 3447 896; x_wconf 80' lang='grc' dir='ltr'>αὐτῷ</span> <span class='ocrx_word' id='word_1_379' title='bbox 3473 827 3664 879; x_wconf 77' lang='grc' dir='ltr'>ἑαυτὸν</span> 
     </span>
    </p>
   </div>
   <div class='ocr_carea' id='block_1_52' title="bbox 2090 908 3662 985">
    <p class='ocr_par' dir='ltr' id='par_1_52' title="bbox 2090 908 3662 985">
     <span class='ocr_line' id='line_1_52' title="bbox 2090 908 3662 985; baseline 0.006 -24"><span class='ocrx_word' id='word_1_380' title='bbox 2090 908 2422 974; x_wconf 81' lang='grc' dir='ltr'>ὲντυπώσας.</span> <span class='ocrx_word' id='word_1_381' title='bbox 2458 911 2670 977; x_wconf 81' lang='grc' dir='ltr'>Ταύτας</span> <span class='ocrx_word' id='word_1_382' title='bbox 2694 914 2890 977; x_wconf 83' lang='grc' dir='ltr'>τοίνυν,</span> <span class='ocrx_word' id='word_1_383' title='bbox 2917 914 3011 968; x_wconf 74' lang='grc' dir='ltr'><strong>καὶ</strong></span> <span class='ocrx_word' id='word_1_384' title='bbox 3059 914 3178 968; x_wconf 79' lang='grc' dir='ltr'>ὅσαι</span> <span class='ocrx_word' id='word_1_385' title='bbox 3213 915 3434 980; x_wconf 80' lang='grc' dir='ltr'><strong>ταύταις</strong></span> <span class='ocrx_word' id='word_1_386' title='bbox 3463 933 3662 985; x_wconf 78' lang='grc' dir='ltr'>συγγεο</span> 
     </span>
    </p>
   </div>
   <div class='ocr_carea' id='block_1_53' title="bbox 2091 1001 3662 1079">
    <p class='ocr_par' dir='ltr' id='par_1_53' title="bbox 2091 1001 3662 1079">
     <span class='ocr_line' id='line_1_53' title="bbox 2091 1001 3662 1079; baseline 0.006 -25"><span class='ocrx_word' id='word_1_387' title='bbox 2091 1002 2200 1064; x_wconf 84' lang='grc' dir='ltr'><strong>νεῖς</strong></span> <span class='ocrx_word' id='word_1_388' title='bbox 2237 1001 2376 1055; x_wconf 85' lang='grc' dir='ltr'>κατὰ</span> <span class='ocrx_word' id='word_1_389' title='bbox 2406 1003 2585 1057; x_wconf 84' lang='grc' dir='ltr'>πᾶσάν</span> <span class='ocrx_word' id='word_1_390' title='bbox 2632 1006 2736 1057; x_wconf 81' lang='grc' dir='ltr'>εἰσι</span> <span class='ocrx_word' id='word_1_391' title='bbox 2768 1005 2865 1076; x_wconf 80' lang='grc' dir='ltr'>τὴν</span> <span class='ocrx_word' id='word_1_392' title='bbox 2897 1006 3120 1077; x_wconf 79' lang='grc' dir='ltr'>Γραφὴν</span> <span class='ocrx_word' id='word_1_393' title='bbox 3153 1007 3469 1079; x_wconf 83' lang='grc' dir='ltr'>μαρτυρίαι,</span> <span class='ocrx_word' id='word_1_394' title='bbox 3501 1010 3662 1063; x_wconf 80' lang='grc' dir='ltr'>πότε-</span> 
     </span>
    </p>
   </div>
   <div class='ocr_carea' id='block_1_54' title="bbox 2093 1091 3662 1170">
    <p class='ocr_par' dir='ltr' id='par_1_54' title="bbox 2093 1091 3662 1170">
     <span class='ocr_line' id='line_1_54' title="bbox 2093 1091 3662 1170; baseline 0.005 -26"><span class='ocrx_word' id='word_1_395' title='bbox 2093 1108 2184 1162; x_wconf 90' lang='grc' dir='ltr'><strong>ρον</strong></span> <span class='ocrx_word' id='word_1_396' title='bbox 2215 1094 2610 1158; x_wconf 85' lang='grc' dir='ltr'>ταπεινωτικάς</span> <span class='ocrx_word' id='word_1_397' title='bbox 2656 1091 2796 1148; x_wconf 77' lang='grc' dir='ltr'>εἶναί</span> <span class='ocrx_word' id='word_1_398' title='bbox 2837 1113 3014 1166; x_wconf 89' lang='grc' dir='ltr'>φαμεν</span> <span class='ocrx_word' id='word_1_399' title='bbox 3048 1097 3178 1166; x_wconf 81' lang='grc'><strong>(85),</strong></span> <span class='ocrx_word' id='word_1_400' title='bbox 3214 1097 3246 1168; x_wconf 83' lang='grc' dir='ltr'>ἢ</span> <span class='ocrx_word' id='word_1_401' title='bbox 3289 1097 3478 1170; x_wconf 81' lang='grc' dir='ltr'>ὥσπερ</span> <span class='ocrx_word' id='word_1_402' title='bbox 3509 1100 3662 1165; x_wconf 76' lang='grc' dir='ltr'>τινας</span> 
     </span>
    </p>
   </div>
   <div class='ocr_carea' id='block_1_55' title="bbox 2089 1184 3660 1259">
    <p class='ocr_par' dir='ltr' id='par_1_55' title="bbox 2089 1184 3660 1259">
     <span class='ocr_line' id='line_1_55' title="bbox 2089 1184 3660 1259; baseline 0.006 -23"><span class='ocrx_word' id='word_1_403' title='bbox 2089 1184 2436 1255; x_wconf 77' lang='grc' dir='ltr'>ἀναρρήσεις,</span> <span class='ocrx_word' id='word_1_404' title='bbox 2479 1186 2539 1238; x_wconf 91' lang='grc' dir='ltr'><strong>τὸ</strong></span> <span class='ocrx_word' id='word_1_405' title='bbox 2579 1187 2992 1258; x_wconf 85' lang='grc' dir='ltr'>μεγαλοπρεπὲς</span> <span class='ocrx_word' id='word_1_406' title='bbox 3032 1188 3124 1241; x_wconf 90' lang='grc' dir='ltr'><strong>τοῦ</strong></span> <span class='ocrx_word' id='word_1_407' title='bbox 3172 1190 3529 1259; x_wconf 85' lang='grc' dir='ltr'>Μονογενοῦς,</span> <span class='ocrx_word' id='word_1_408' title='bbox 3564 1192 3660 1245; x_wconf 81' lang='grc' dir='ltr'>καὶ</span> 
     </span>
    </p>
   </div>
   <div class='ocr_carea' id='block_1_56' title="bbox 2087 1274 3653 1353">
    <p class='ocr_par' dir='ltr' id='par_1_56' title="bbox 2087 1274 3653 1353">
     <span class='ocr_line' id='line_1_56' title="bbox 2087 1274 3653 1353; baseline 0.006 -27"><span class='ocrx_word' id='word_1_409' title='bbox 2087 1274 2147 1326; x_wconf 91' lang='grc' dir='ltr'><strong>τὸ</strong></span> <span class='ocrx_word' id='word_1_410' title='bbox 2181 1275 2314 1346; x_wconf 88' lang='grc' dir='ltr'>πρὸς</span> <span class='ocrx_word' id='word_1_411' title='bbox 2344 1276 2434 1329; x_wconf 87' lang='grc' dir='ltr'><strong>τὸν</strong></span> <span class='ocrx_word' id='word_1_412' title='bbox 2466 1277 2685 1348; x_wconf 84' lang='grc' dir='ltr'>Πατέρα</span> <span class='ocrx_word' id='word_1_413' title='bbox 2729 1278 2841 1330; x_wconf 83' lang='grc' dir='ltr'>ίσον</span> <span class='ocrx_word' id='word_1_414' title='bbox 2887 1278 2988 1348; x_wconf 84' lang='grc' dir='ltr'>τῆς</span> <span class='ocrx_word' id='word_1_415' title='bbox 3027 1279 3182 1350; x_wconf 86' lang='grc' dir='ltr'><strong>δόξης</strong></span> <span class='ocrx_word' id='word_1_416' title='bbox 3222 1281 3653 1353; x_wconf 82' lang='grc' dir='ltr'>ἀνακηρύττειν;</span> 
     </span>
    </p>
   </div>
   <div class='ocr_carea' id='block_1_57' title="bbox 2101 1365 3661 1445">
    <p class='ocr_par' dir='ltr' id='par_1_57' title="bbox 2101 1365 3661 1445">
     <span class='ocr_line' id='line_1_57' title="bbox 2101 1365 3661 1445; baseline 0.007 -28"><span class='ocrx_word' id='word_1_417' title='bbox 2101 1365 2467 1420; x_wconf 84' lang='grc' dir='ltr'>Ἀκουέτωσαν</span> <span class='ocrx_word' id='word_1_418' title='bbox 2498 1368 2554 1421; x_wconf 83' lang='grc' dir='ltr'>δὲ</span> <span class='ocrx_word' id='word_1_419' title='bbox 2585 1369 2677 1422; x_wconf 75' lang='grc' dir='ltr'><strong>καὶ</strong></span> <span class='ocrx_word' id='word_1_420' title='bbox 2708 1370 2870 1423; x_wconf 82' lang='grc' dir='ltr'>αὑτοῦ</span> <span class='ocrx_word' id='word_1_421' title='bbox 2896 1370 2986 1424; x_wconf 92' lang='grc' dir='ltr'><strong>τοῦ</strong></span> <span class='ocrx_word' id='word_1_422' title='bbox 3018 1372 3224 1442; x_wconf 84' lang='grc' dir='ltr'>Κυρίου</span> <span class='ocrx_word' id='word_1_423' title='bbox 3255 1373 3443 1442; x_wconf 83' lang='grc' dir='ltr'>σαφῶς</span> <span class='ocrx_word' id='word_1_424' title='bbox 3474 1375 3661 1445; x_wconf 85' lang='grc' dir='ltr'>ὁμότι-</span> 
     </span>
    </p>
   </div>
   <div class='ocr_carea' id='block_1_58' title="bbox 2090 1459 3660 1539">
    <p class='ocr_par' dir='ltr' id='par_1_58' title="bbox 2090 1459 3660 1539">
     <span class='ocr_line' id='line_1_58' title="bbox 2090 1459 3660 1539; baseline 0.006 -28"><span class='ocrx_word' id='word_1_425' title='bbox 2090 1476 2188 1528; x_wconf 86' lang='grc' dir='ltr'>μον</span> <span class='ocrx_word' id='word_1_426' title='bbox 2226 1459 2418 1513; x_wconf 82' lang='grc' dir='ltr'>ἑαυτοῦ</span> <span class='ocrx_word' id='word_1_427' title='bbox 2449 1462 2548 1530; x_wconf 79' lang='grc' dir='ltr'><strong>τὴν</strong></span> <span class='ocrx_word' id='word_1_428' title='bbox 2575 1461 2732 1528; x_wconf 81' lang='grc' dir='ltr'>δόξαν</span> <span class='ocrx_word' id='word_1_429' title='bbox 2757 1462 2834 1533; x_wconf 80' lang='grc' dir='ltr'>τῷ</span> <span class='ocrx_word' id='word_1_430' title='bbox 2867 1463 3044 1534; x_wconf 69' lang='grc' dir='ltr'>Πατρὶ</span> <span class='ocrx_word' id='word_1_431' title='bbox 3070 1465 3460 1537; x_wconf 86' lang='grc' dir='ltr'>παριστῶντος,</span> <span class='ocrx_word' id='word_1_432' title='bbox 3491 1468 3550 1520; x_wconf 84' lang='grc' dir='ltr'>ἐν</span> <span class='ocrx_word' id='word_1_433' title='bbox 3578 1467 3660 1539; x_wconf 83' lang='grc' dir='ltr'>τῷ</span> 
     </span>
    </p>
   </div>
   <div class='ocr_carea' id='block_1_59' title="bbox 2086 1549 3659 1627">
    <p class='ocr_par' dir='ltr' id='par_1_59' title="bbox 2086 1549 3659 1627">
     <span class='ocr_line' id='line_1_59' title="bbox 2086 1549 3659 1627; baseline 0.008 -25"><span class='ocrx_word' id='word_1_434' title='bbox 2086 1549 2260 1618; x_wconf 81' lang='grc' dir='ltr'>λέγειν</span> <span class='ocrx_word' id='word_1_435' title='bbox 2279 1568 2294 1581; x_wconf 91' lang='grc'><strong>·</strong></span> <span class='ocrx_word' id='word_1_436' title='bbox 2339 1552 2393 1603; x_wconf 90' lang='grc' dir='ltr'><strong><em>Ὁ</em></strong></span> <span class='ocrx_word' id='word_1_437' title='bbox 2436 1551 2704 1621; x_wconf 79' lang='grc' dir='ltr'>ἑωρακὼς</span> <span class='ocrx_word' id='word_1_438' title='bbox 2731 1555 2834 1623; x_wconf 83' lang='grc' dir='ltr'><strong>ἐμὲ</strong></span> <span class='ocrx_word' id='word_1_439' title='bbox 2877 1555 3095 1623; x_wconf 80' lang='grc' dir='ltr'>ἑώρακε</span> <span class='ocrx_word' id='word_1_440' title='bbox 3121 1558 3227 1610; x_wconf 80' lang='grc' dir='ltr'><strong>τὸν</strong></span> <span class='ocrx_word' id='word_1_441' title='bbox 3257 1557 3488 1627; x_wconf 83' lang='grc' dir='ltr'>Πατέρα</span> <span class='ocrx_word' id='word_1_442' title='bbox 3506 1577 3521 1590; x_wconf 91' lang='grc'><strong>·</strong></span> <span class='ocrx_word' id='word_1_443' title='bbox 3562 1562 3659 1614; x_wconf 83' lang='grc' dir='ltr'>καὶ</span> 
     </span>
    </p>
   </div>
   <div class='ocr_carea' id='block_1_60' title="bbox 2087 1642 3658 1718">
    <p class='ocr_par' dir='ltr' id='par_1_60' title="bbox 2087 1642 3658 1718">
     <span class='ocr_line' id='line_1_60' title="bbox 2087 1642 3658 1718; baseline 0.007 -24"><span class='ocrx_word' id='word_1_444' title='bbox 2087 1642 2279 1696; x_wconf 88' lang='grc' dir='ltr'>πάλιν·</span> <span class='ocrx_word' id='word_1_445' title='bbox 2315 1643 2490 1697; x_wconf 78' lang='grc' dir='ltr'>Ὅταν</span> <span class='ocrx_word' id='word_1_446' title='bbox 2527 1643 2675 1714; x_wconf 80' lang='grc' dir='ltr'><strong>ἔλθῃ</strong></span> <span class='ocrx_word' id='word_1_447' title='bbox 2723 1649 2755 1699; x_wconf 89' lang='grc' dir='ltr'><strong>ό</strong></span> <span class='ocrx_word' id='word_1_448' title='bbox 2801 1645 2931 1712; x_wconf 74' lang='grc' dir='ltr'><strong>Υἱὸς</strong></span> <span class='ocrx_word' id='word_1_449' title='bbox 2975 1648 3046 1701; x_wconf 78' lang='grc' dir='ltr'>ἐν</span> <span class='ocrx_word' id='word_1_450' title='bbox 3083 1647 3159 1716; x_wconf 79' lang='grc' dir='ltr'>τῇ</span> <span class='ocrx_word' id='word_1_451' title='bbox 3188 1649 3335 1718; x_wconf 77' lang='grc' dir='ltr'>δόξῃ</span> <span class='ocrx_word' id='word_1_452' title='bbox 3386 1651 3493 1704; x_wconf 87' lang='grc' dir='ltr'><strong>τοῦ</strong></span> <span class='ocrx_word' id='word_1_453' title='bbox 3538 1654 3658 1704; x_wconf 85' lang='grc' dir='ltr'>Πα-</span> 
     </span>
    </p>
   </div>
   <div class='ocr_carea' id='block_1_61' title="bbox 2086 1735 3659 1808">
    <p class='ocr_par' dir='ltr' id='par_1_61' title="bbox 2086 1735 3659 1808">
     <span class='ocr_line' id='line_1_61' title="bbox 2086 1735 3659 1808; baseline 0.006 -20"><span class='ocrx_word' id='word_1_454' title='bbox 2086 1735 2256 1803; x_wconf 86' lang='grc' dir='ltr'>τρός·</span> <span class='ocrx_word' id='word_1_455' title='bbox 2305 1737 2399 1790; x_wconf 77' lang='grc' dir='ltr'><strong>καὶ</strong></span> <span class='ocrx_word' id='word_1_456' title='bbox 2443 1736 2526 1800; x_wconf 84' lang='grc' dir='ltr'><strong>τὸ,</strong></span> <span class='ocrx_word' id='word_1_457' title='bbox 2576 1737 2710 1791; x_wconf 81' lang='grc' dir='ltr'><strong>Ἵνα</strong></span> <span class='ocrx_word' id='word_1_458' title='bbox 2753 1737 2958 1807; x_wconf 81' lang='grc' dir='ltr'>τιμῶσι</span> <span class='ocrx_word' id='word_1_459' title='bbox 3003 1739 3110 1792; x_wconf 80' lang='grc' dir='ltr'><strong>τὸν</strong></span> <span class='ocrx_word' id='word_1_460' title='bbox 3151 1740 3307 1804; x_wconf 79' lang='grc' dir='ltr'>Υὶόν,</span> <span class='ocrx_word' id='word_1_461' title='bbox 3339 1741 3530 1808; x_wconf 78' lang='grc' dir='ltr'>καθὼς</span> <span class='ocrx_word' id='word_1_462' title='bbox 3575 1760 3659 1796; x_wconf 85' lang='grc' dir='ltr'>τι·-</span> 
     </span>
    </p>
   </div>
   <div class='ocr_carea' id='block_1_62' title="bbox 2087 1826 3662 1901">
    <p class='ocr_par' dir='ltr' id='par_1_62' title="bbox 2087 1826 3662 1901">
     <span class='ocr_line' id='line_1_62' title="bbox 2087 1826 3662 1901; baseline 0.005 -21"><span class='ocrx_word' id='word_1_463' title='bbox 2087 1826 2245 1897; x_wconf 79' lang='grc' dir='ltr'><strong>μῶσι</strong></span> <span class='ocrx_word' id='word_1_464' title='bbox 2265 1829 2372 1881; x_wconf 75' lang='grc' dir='ltr'><strong>τὸν</strong></span> <span class='ocrx_word' id='word_1_465' title='bbox 2388 1829 2618 1897; x_wconf 79' lang='grc' dir='ltr'>Πατέρα</span> <span class='ocrx_word' id='word_1_466' title='bbox 2633 1847 2647 1860; x_wconf 88' lang='grc'><strong>·</strong></span> <span class='ocrx_word' id='word_1_467' title='bbox 2671 1831 2764 1882; x_wconf 70' lang='grc' dir='ltr'>καὶ</span> <span class='ocrx_word' id='word_1_468' title='bbox 2783 1830 2861 1895; x_wconf 91' lang='grc' dir='ltr'><strong>τὸ,</strong></span> <span class='ocrx_word' id='word_1_469' title='bbox 2909 1831 3305 1901; x_wconf 84' lang='grc' dir='ltr'>Ἐθεασάμεθα</span> <span class='ocrx_word' id='word_1_470' title='bbox 3331 1834 3446 1900; x_wconf 80' lang='grc' dir='ltr'><strong>τὴν</strong></span> <span class='ocrx_word' id='word_1_471' title='bbox 3467 1835 3662 1900; x_wconf 77' lang='grc' dir='ltr'>δόξαν</span> 
     </span>
    </p>
   </div>
   <div class='ocr_carea' id='block_1_63' title="bbox 2089 1918 3660 1993">
    <p class='ocr_par' dir='ltr' id='par_1_63' title="bbox 2089 1918 3660 1993">
     <span class='ocr_line' id='line_1_63' title="bbox 2089 1918 3660 1993; baseline 0.006 -22"><span class='ocrx_word' id='word_1_472' title='bbox 2089 1918 2296 1985; x_wconf 88' lang='grc' dir='ltr'>αὐτοῦ,</span> <span class='ocrx_word' id='word_1_473' title='bbox 2331 1919 2517 1983; x_wconf 77' lang='grc' dir='ltr'>δόξαν</span> <span class='ocrx_word' id='word_1_474' title='bbox 2547 1921 2632 1987; x_wconf 87' lang='grc' dir='ltr'>ὡς</span> <span class='ocrx_word' id='word_1_475' title='bbox 2667 1922 3045 1991; x_wconf 63' lang='lat' dir='ltr'><strong>Moverer-06(-</strong></span> <span class='ocrx_word' id='word_1_476' title='bbox 3071 1925 3228 1990; x_wconf 80' lang='grc' dir='ltr'>παρὰ</span> <span class='ocrx_word' id='word_1_477' title='bbox 3269 1927 3529 1993; x_wconf 87' lang='grc' dir='ltr'>Πατρός·</span> <span class='ocrx_word' id='word_1_478' title='bbox 3561 1928 3660 1981; x_wconf 77' lang='grc' dir='ltr'>καὶ</span> 
     </span>
    </p>
   </div>
   <div class='ocr_carea' id='block_1_64' title="bbox 2087 2011 3661 2084">
    <p class='ocr_par' dir='ltr' id='par_1_64' title="bbox 2087 2011 3661 2084">
     <span class='ocr_line' id='line_1_64' title="bbox 2087 2011 3661 2084; baseline 0.004 -20"><span class='ocrx_word' id='word_1_479' title='bbox 2087 2011 2168 2078; x_wconf 86' lang='grc' dir='ltr'><strong>τὸ,</strong></span> <span class='ocrx_word' id='word_1_480' title='bbox 2201 2013 2263 2064; x_wconf 82' lang='lat'><strong>&#39;0</strong></span> <span class='ocrx_word' id='word_1_481' title='bbox 2297 2014 2633 2083; x_wconf 80' lang='grc' dir='ltr'>μονογενὴς</span> <span class='ocrx_word' id='word_1_482' title='bbox 2666 2013 2809 2080; x_wconf 84' lang='grc' dir='ltr'><strong>Θεὸς</strong></span> <span class='ocrx_word' id='word_1_483' title='bbox 2831 2013 2967 2084; x_wconf 68' lang='grc'><strong>(84),</strong></span> <span class='ocrx_word' id='word_1_484' title='bbox 3007 2017 3039 2068; x_wconf 83' lang='grc' dir='ltr'><strong>ό</strong></span> <span class='ocrx_word' id='word_1_485' title='bbox 3067 2011 3152 2067; x_wconf 80' lang='grc' dir='ltr'><strong>ὢν</strong></span> <span class='ocrx_word' id='word_1_486' title='bbox 3180 2017 3268 2082; x_wconf 83' lang='grc' dir='ltr'><strong>είς</strong></span> <span class='ocrx_word' id='word_1_487' title='bbox 3298 2015 3406 2070; x_wconf 80' lang='grc' dir='ltr'><strong>τὸν</strong></span> <span class='ocrx_word' id='word_1_488' title='bbox 3425 2018 3661 2072; x_wconf 72' lang='grc' dir='ltr'>κόλπον</span> 
     </span>
    </p>
   </div>
   <div class='ocr_carea' id='block_1_65' title="bbox 2089 2099 3659 2179">
    <p class='ocr_par' dir='ltr' id='par_1_65' title="bbox 2089 2099 3659 2179">
     <span class='ocr_line' id='line_1_65' title="bbox 2089 2099 3659 2179; baseline 0.004 -22"><span class='ocrx_word' id='word_1_489' title='bbox 2089 2104 2194 2158; x_wconf 86' lang='grc' dir='ltr'><strong>τοῦ</strong></span> <span class='ocrx_word' id='word_1_490' title='bbox 2238 2099 2505 2172; x_wconf 43' lang='grc' dir='ltr'>Πατρός(</span> <span class='ocrx_word' id='word_1_491' title='bbox 2527 2101 2626 2158; x_wconf 86' lang='grc' dir='ltr'>Ὦν</span> <span class='ocrx_word' id='word_1_492' title='bbox 2672 2105 2836 2176; x_wconf 84' lang='grc' dir='ltr'>μηδὲν</span> <span class='ocrx_word' id='word_1_493' title='bbox 2886 2107 3359 2178; x_wconf 80' lang='grc' dir='ltr'>ὑπολογισάμενοι,</span> <span class='ocrx_word' id='word_1_494' title='bbox 3399 2109 3498 2179; x_wconf 83' lang='grc' dir='ltr'>τὴν</span> <span class='ocrx_word' id='word_1_495' title='bbox 3540 2114 3659 2176; x_wconf 86' lang='grc' dir='ltr'>τοῖς</span> 
     </span>
    </p>
   </div>
   <div class='ocr_carea' id='block_1_66' title="bbox 2085 2193 3655 2273">
    <p class='ocr_par' dir='ltr' id='par_1_66' title="bbox 2085 2193 3655 2273">
     <span class='ocr_line' id='line_1_66' title="bbox 2085 2193 3655 2273; baseline 0.007 -28"><span class='ocrx_word' id='word_1_496' title='bbox 2085 2193 2299 2264; x_wconf 78' lang='grc' dir='ltr'>ἐχθροῖς</span> <span class='ocrx_word' id='word_1_497' title='bbox 2330 2195 2721 2266; x_wconf 81' lang='grc' dir='ltr'>ἀφωρισμένην</span> <span class='ocrx_word' id='word_1_498' title='bbox 2771 2195 2955 2268; x_wconf 82' lang='grc' dir='ltr'>χώραν</span> <span class='ocrx_word' id='word_1_499' title='bbox 3003 2199 3349 2268; x_wconf 81' lang='grc' dir='ltr'>προστιθέασι</span> <span class='ocrx_word' id='word_1_500' title='bbox 3395 2200 3474 2272; x_wconf 81' lang='grc' dir='ltr'>τῷ</span> <span class='ocrx_word' id='word_1_501' title='bbox 3517 2202 3655 2273; x_wconf 81' lang='grc' dir='ltr'>Υίῷ.</span> 
     </span>
    </p>
   </div>
   <div class='ocr_carea' id='block_1_67' title="bbox 2084 2284 3652 2364">
    <p class='ocr_par' dir='ltr' id='par_1_67' title="bbox 2084 2284 3652 2364">
     <span class='ocr_line' id='line_1_67' title="bbox 2084 2284 3652 2364; baseline 0.006 -28"><span class='ocrx_word' id='word_1_502' title='bbox 2084 2284 2298 2348; x_wconf 86' lang='grc' dir='ltr'>Κόλπος</span> <span class='ocrx_word' id='word_1_503' title='bbox 2330 2286 2426 2356; x_wconf 77' lang='grc' dir='ltr'>μὲν</span> <span class='ocrx_word' id='word_1_504' title='bbox 2459 2286 2567 2356; x_wconf 81' lang='grc' dir='ltr'><strong>γάρ</strong></span> <span class='ocrx_word' id='word_1_505' title='bbox 2601 2287 2866 2356; x_wconf 83' lang='grc' dir='ltr'>πατρικὸς</span> <span class='ocrx_word' id='word_1_506' title='bbox 2910 2287 3025 2358; x_wconf 60' lang='lat' dir='ltr'><strong>rep</strong></span> <span class='ocrx_word' id='word_1_507' title='bbox 3054 2289 3291 2362; x_wconf 85' lang='grc' dir='ltr'>καθέδρα</span> <span class='ocrx_word' id='word_1_508' title='bbox 3333 2292 3652 2364; x_wconf 88' lang='grc' dir='ltr'>πρέπουσα·</span> 
     </span>
    </p>
   </div>
   <div class='ocr_carea' id='block_1_68' title="bbox 2083 2373 3656 2455">
    <p class='ocr_par' dir='ltr' id='par_1_68' title="bbox 2083 2373 3656 2455">
     <span class='ocr_line' id='line_1_68' title="bbox 2083 2373 3656 2455; baseline 0.007 -29"><span class='ocrx_word' id='word_1_509' title='bbox 2083 2374 2116 2444; x_wconf 82' lang='grc' dir='ltr'>ἡ</span> <span class='ocrx_word' id='word_1_510' title='bbox 2149 2373 2203 2427; x_wconf 86' lang='grc' dir='ltr'>δὲ</span> <span class='ocrx_word' id='word_1_511' title='bbox 2235 2375 2328 2428; x_wconf 92' lang='grc' dir='ltr'><strong>τοῦ</strong></span> <span class='ocrx_word' id='word_1_512' title='bbox 2371 2376 2658 2430; x_wconf 82' lang='grc' dir='ltr'>ὑποποδίου</span> <span class='ocrx_word' id='word_1_513' title='bbox 2691 2375 2844 2448; x_wconf 86' lang='grc' dir='ltr'>χώρα</span> <span class='ocrx_word' id='word_1_514' title='bbox 2874 2381 2987 2444; x_wconf 83' lang='grc' dir='ltr'>τοῖς</span> <span class='ocrx_word' id='word_1_515' title='bbox 3018 2380 3379 2450; x_wconf 81' lang='grc' dir='ltr'>ἐπιδεομένοις</span> <span class='ocrx_word' id='word_1_516' title='bbox 3417 2383 3527 2454; x_wconf 83' lang='grc'><strong>(85)</strong></span> <span class='ocrx_word' id='word_1_517' title='bbox 3554 2387 3656 2455; x_wconf 81' lang='grc' dir='ltr'>τῆς</span> 
     </span>
    </p>
   </div>
   <div class='ocr_carea' id='block_1_69' title="bbox 2082 2464 3656 2548">
    <p class='ocr_par' dir='ltr' id='par_1_69' title="bbox 2082 2464 3656 2548">
     <span class='ocr_line' id='line_1_69' title="bbox 2082 2464 3656 2548; baseline 0.007 -31"><span class='ocrx_word' id='word_1_518' title='bbox 2082 2464 2466 2530; x_wconf 87' lang='grc' dir='ltr'>ύποπτώσεως.</span> <span class='ocrx_word' id='word_1_519' title='bbox 2513 2468 2704 2538; x_wconf 85' lang='grc' dir='ltr'>Ἡμεῖς</span> <span class='ocrx_word' id='word_1_520' title='bbox 2733 2469 2832 2538; x_wconf 83' lang='grc' dir='ltr'><strong>μὲν</strong></span> <span class='ocrx_word' id='word_1_521' title='bbox 2863 2465 2975 2535; x_wconf 80' lang='grc' dir='ltr'>οὖν,</span> <span class='ocrx_word' id='word_1_522' title='bbox 3019 2473 3103 2542; x_wconf 79' lang='grc' dir='ltr'>ἐφ’</span> <span class='ocrx_word' id='word_1_523' title='bbox 3133 2473 3297 2544; x_wconf 80' lang='grc' dir='ltr'>ἕτερα</span> <span class='ocrx_word' id='word_1_524' title='bbox 3330 2474 3429 2546; x_wconf 80' lang='grc' dir='ltr'>τὴν</span> <span class='ocrx_word' id='word_1_525' title='bbox 3475 2476 3656 2548; x_wconf 81' lang='grc' dir='ltr'>ὁρμὴν</span> 
     </span>
    </p>
   </div>
   <div class='ocr_carea' id='block_1_70' title="bbox 2080 2556 3650 2636">
    <p class='ocr_par' dir='ltr' id='par_1_70' title="bbox 2080 2556 3650 2636">
     <span class='ocr_line' id='line_1_70' title="bbox 2080 2556 3650 2636; baseline 0.008 -29"><span class='ocrx_word' id='word_1_526' title='bbox 2080 2556 2313 2626; x_wconf 79' lang='grc' dir='ltr'>ἔχοντες,</span> <span class='ocrx_word' id='word_1_527' title='bbox 2338 2558 2787 2629; x_wconf 83' lang='grc' dir='ltr'>παρατρεχόντως</span> <span class='ocrx_word' id='word_1_528' title='bbox 2816 2560 2924 2613; x_wconf 85' lang='grc' dir='ltr'><strong>τῶν</strong></span> <span class='ocrx_word' id='word_1_529' title='bbox 2949 2564 3260 2634; x_wconf 85' lang='grc' dir='ltr'>μαρτυριῶν</span> <span class='ocrx_word' id='word_1_530' title='bbox 3289 2565 3650 2636; x_wconf 59' lang='grc' dir='ltr'>ὲφηψάμεθω</span> 
     </span>
    </p>
   </div>
   <div class='ocr_carea' id='block_1_71' title="bbox 2079 2644 3656 2724">
    <p class='ocr_par' dir='ltr' id='par_1_71' title="bbox 2079 2644 3656 2724">
     <span class='ocr_line' id='line_1_71' title="bbox 2079 2644 3656 2724; baseline 0.009 -25"><span class='ocrx_word' id='word_1_531' title='bbox 2079 2647 2252 2712; x_wconf 79' lang='grc' dir='ltr'>ἔξεστι</span> <span class='ocrx_word' id='word_1_532' title='bbox 2302 2648 2358 2702; x_wconf 85' lang='grc' dir='ltr'><strong>δέ</strong></span> <span class='ocrx_word' id='word_1_533' title='bbox 2410 2666 2492 2702; x_wconf 90' lang='grc' dir='ltr'><strong>σοι</strong></span> <span class='ocrx_word' id='word_1_534' title='bbox 2536 2644 2673 2703; x_wconf 87' lang='grc' dir='ltr'><strong>κατά</strong></span> <span class='ocrx_word' id='word_1_535' title='bbox 2709 2652 2922 2723; x_wconf 83' lang='grc' dir='ltr'>σχολὴν,</span> <span class='ocrx_word' id='word_1_536' title='bbox 2967 2656 3325 2724; x_wconf 85' lang='grc' dir='ltr'>συναγαγόντι</span> <span class='ocrx_word' id='word_1_537' title='bbox 3371 2658 3471 2721; x_wconf 84' lang='grc' dir='ltr'>τὰς</span> <span class='ocrx_word' id='word_1_538' title='bbox 3518 2659 3656 2712; x_wconf 84' lang='grc' dir='ltr'>ἀπο-</span> 
     </span>
    </p>
   </div>
   <div class='ocr_carea' id='block_1_72' title="bbox 2077 2732 3655 2815">
    <p class='ocr_par' dir='ltr' id='par_1_72' title="bbox 2077 2732 3655 2815">
     <span class='ocr_line' id='line_1_72' title="bbox 2077 2732 3655 2815; baseline 0.009 -31"><span class='ocrx_word' id='word_1_539' title='bbox 2077 2732 2306 2798; x_wconf 81' lang='grc' dir='ltr'>δείξεις,</span> <span class='ocrx_word' id='word_1_540' title='bbox 2345 2735 2405 2787; x_wconf 90' lang='grc' dir='ltr'><strong>τὸ</strong></span> <span class='ocrx_word' id='word_1_541' title='bbox 2460 2737 2561 2806; x_wconf 82' lang='grc' dir='ltr'>τῆς</span> <span class='ocrx_word' id='word_1_542' title='bbox 2593 2736 2751 2808; x_wconf 80' lang='grc' dir='ltr'>δόξης</span> <span class='ocrx_word' id='word_1_543' title='bbox 2804 2736 2937 2808; x_wconf 80' lang='grc' dir='ltr'>ὕψος</span> <span class='ocrx_word' id='word_1_544' title='bbox 2990 2741 3175 2794; x_wconf 76' lang='grc' dir='ltr'>καὶτὸ</span> <span class='ocrx_word' id='word_1_545' title='bbox 3226 2745 3326 2814; x_wconf 83' lang='grc' dir='ltr'>τῆς</span> <span class='ocrx_word' id='word_1_546' title='bbox 3369 2743 3655 2815; x_wconf 82' lang='grc' dir='ltr'>δυνάμεως</span> 
     </span>
    </p>
   </div>
   <div class='ocr_carea' id='block_1_73' title="bbox 2077 2824 3654 2905">
    <p class='ocr_par' dir='ltr' id='par_1_73' title="bbox 2077 2824 3654 2905">
     <span class='ocr_line' id='line_1_73' title="bbox 2077 2824 3654 2905; baseline 0.006 -29"><span class='ocrx_word' id='word_1_547' title='bbox 2077 2824 2341 2897; x_wconf 84' lang='grc' dir='ltr'>ὑπερέχον</span> <span class='ocrx_word' id='word_1_548' title='bbox 2364 2825 2457 2879; x_wconf 91' lang='grc' dir='ltr'><strong>τοῦ</strong></span> <span class='ocrx_word' id='word_1_549' title='bbox 2479 2827 2818 2896; x_wconf 89' lang='grc' dir='ltr'>Μονογενοῦς</span> <span class='ocrx_word' id='word_1_550' title='bbox 2842 2830 3098 2884; x_wconf 82' lang='grc' dir='ltr'>κατιδεῖν.</span> <span class='ocrx_word' id='word_1_551' title='bbox 3130 2832 3320 2886; x_wconf 86' lang='grc' dir='ltr'>Καίτοι</span> <span class='ocrx_word' id='word_1_552' title='bbox 3349 2833 3654 2905; x_wconf 81' lang='grc' dir='ltr'>εὐγνώμονι</span> 
     </span>
    </p>
   </div>
   <div class='ocr_carea' id='block_1_74' title="bbox 2075 2917 3644 2998">
    <p class='ocr_par' dir='ltr' id='par_1_74' title="bbox 2075 2917 3644 2998">
     <span class='ocr_line' id='line_1_74' title="bbox 2075 2917 3644 2998; baseline 0.006 -30"><span class='ocrx_word' id='word_1_553' title='bbox 2075 2917 2315 2987; x_wconf 83' lang='grc' dir='ltr'>ἀκροατῇ</span> <span class='ocrx_word' id='word_1_554' title='bbox 2351 2917 2472 2970; x_wconf 81' lang='grc' dir='ltr'>οὐδὲ</span> <span class='ocrx_word' id='word_1_555' title='bbox 2496 2917 2667 2972; x_wconf 89' lang='grc' dir='ltr'>ταῦτα</span> <span class='ocrx_word' id='word_1_556' title='bbox 2696 2921 2867 2990; x_wconf 86' lang='grc' dir='ltr'>μικρά</span> <span class='ocrx_word' id='word_1_557' title='bbox 2889 2937 2900 2949; x_wconf 91' lang='grc'>·</span> <span class='ocrx_word' id='word_1_558' title='bbox 2937 2923 2985 2974; x_wconf 79' lang='grc' dir='ltr'>εἰ</span> <span class='ocrx_word' id='word_1_559' title='bbox 3022 2923 3096 2994; x_wconf 83' lang='grc' dir='ltr'>μή</span> <span class='ocrx_word' id='word_1_560' title='bbox 3123 2941 3204 2988; x_wconf 90' lang='grc' dir='ltr'><strong>τις</strong></span> <span class='ocrx_word' id='word_1_561' title='bbox 3239 2925 3515 2998; x_wconf 83' lang='grc' dir='ltr'>σαρκικῶς</span> <span class='ocrx_word' id='word_1_562' title='bbox 3547 2926 3644 2982; x_wconf 78' lang='grc' dir='ltr'>καὶ</span> 
     </span>
    </p>
   </div>
   <div class='ocr_carea' id='block_1_75' title="bbox 2073 3006 3650 3081">
    <p class='ocr_par' dir='ltr' id='par_1_75' title="bbox 2073 3006 3650 3081">
     <span class='ocr_line' id='line_1_75' title="bbox 2073 3006 3650 3081; baseline 0.006 -22"><span class='ocrx_word' id='word_1_563' title='bbox 2073 3006 2341 3072; x_wconf 86' lang='grc' dir='ltr'>ταπεινῶς</span> <span class='ocrx_word' id='word_1_564' title='bbox 2357 3007 2604 3073; x_wconf 85' lang='grc' dir='ltr'>ὲξακούοι</span> <span class='ocrx_word' id='word_1_565' title='bbox 2620 3009 2714 3063; x_wconf 92' lang='grc' dir='ltr'><strong>τοῦ</strong></span> <span class='ocrx_word' id='word_1_566' title='bbox 2747 3009 2946 3076; x_wconf 80' lang='grc' dir='ltr'>δεξιοῦ</span> <span class='ocrx_word' id='word_1_567' title='bbox 2977 3014 3070 3066; x_wconf 78' lang='grc' dir='ltr'><strong>καὶ</strong></span> <span class='ocrx_word' id='word_1_568' title='bbox 3099 3017 3190 3067; x_wconf 92' lang='grc' dir='ltr'><strong>τοῦ</strong></span> <span class='ocrx_word' id='word_1_569' title='bbox 3221 3017 3474 3081; x_wconf 74' lang='grc' dir='ltr'>κόλπου,</span> <span class='ocrx_word' id='word_1_570' title='bbox 3505 3016 3650 3070; x_wconf 82' lang='grc' dir='ltr'>ὥστε</span> 
     </span>
    </p>
   </div>
   <div class='ocr_carea' id='block_1_76' title="bbox 2073 3100 3650 3178">
    <p class='ocr_par' dir='ltr' id='par_1_76' title="bbox 2073 3100 3650 3178">
     <span class='ocr_line' id='line_1_76' title="bbox 2073 3100 3650 3178; baseline 0.009 -26"><span class='ocrx_word' id='word_1_571' title='bbox 2073 3100 2224 3172; x_wconf 83' lang='grc' dir='ltr'>τόπῳ</span> <span class='ocrx_word' id='word_1_572' title='bbox 2269 3117 2330 3154; x_wconf 83' lang='grc' dir='ltr'><strong>τε</strong></span> <span class='ocrx_word' id='word_1_573' title='bbox 2377 3101 2470 3156; x_wconf 86' lang='grc' dir='ltr'><strong>τὸν</strong></span> <span class='ocrx_word' id='word_1_574' title='bbox 2521 3102 2652 3157; x_wconf 83' lang='grc' dir='ltr'>Θεὸν</span> <span class='ocrx_word' id='word_1_575' title='bbox 2695 3105 3090 3178; x_wconf 80' lang='grc' dir='ltr'>περιγράφειν,</span> <span class='ocrx_word' id='word_1_576' title='bbox 3149 3108 3243 3162; x_wconf 73' lang='grc' dir='ltr'><strong>καὶ</strong></span> <span class='ocrx_word' id='word_1_577' title='bbox 3290 3109 3650 3166; x_wconf 78' lang='grc' dir='ltr'>ἀναπλάττειν</span> 
     </span>
    </p>
   </div>
   <div class='ocr_carea' id='block_1_77' title="bbox 2079 3189 3652 3274">
    <p class='ocr_par' dir='ltr' id='par_1_77' title="bbox 2079 3189 3652 3274">
     <span class='ocr_line' id='line_1_77' title="bbox 2079 3189 3652 3274; baseline 0.006 -30"><span class='ocrx_word' id='word_1_578' title='bbox 2079 3189 2283 3260; x_wconf 82' lang='grc' dir='ltr'>σχῆμα,</span> <span class='ocrx_word' id='word_1_579' title='bbox 2327 3191 2420 3244; x_wconf 79' lang='grc' dir='ltr'><strong>καὶ</strong></span> <span class='ocrx_word' id='word_1_580' title='bbox 2463 3190 2652 3259; x_wconf 88' lang='grc' dir='ltr'>τύπον,</span> <span class='ocrx_word' id='word_1_581' title='bbox 2699 3193 2795 3248; x_wconf 80' lang='grc' dir='ltr'>καὶ</span> <span class='ocrx_word' id='word_1_582' title='bbox 2847 3195 2994 3250; x_wconf 89' lang='grc' dir='ltr'>θέσιν</span> <span class='ocrx_word' id='word_1_583' title='bbox 3042 3196 3376 3269; x_wconf 81' lang='grc' dir='ltr'>σωματικὴν,</span> <span class='ocrx_word' id='word_1_584' title='bbox 3422 3199 3459 3254; x_wconf 77' lang='grc' dir='ltr'><strong>ἀ</strong></span> <span class='ocrx_word' id='word_1_585' title='bbox 3498 3206 3652 3274; x_wconf 67' lang='grc' dir='ltr'>παρὰ</span> 
     </span>
    </p>
   </div>
   <div class='ocr_carea' id='block_1_78' title="bbox 2076 3280 3650 3363">
    <p class='ocr_par' dir='ltr' id='par_1_78' title="bbox 2076 3280 3650 3363">
     <span class='ocr_line' id='line_1_78' title="bbox 2076 3280 3650 3363; baseline 0.01 -30"><span class='ocrx_word' id='word_1_586' title='bbox 2076 3280 2211 3336; x_wconf 82' lang='grc' dir='ltr'>πολὺ</span> <span class='ocrx_word' id='word_1_587' title='bbox 2257 3283 2358 3353; x_wconf 83' lang='grc' dir='ltr'>τῆς</span> <span class='ocrx_word' id='word_1_588' title='bbox 2404 3284 2614 3349; x_wconf 78' lang='grc' dir='ltr'>ἐννοίας</span> <span class='ocrx_word' id='word_1_589' title='bbox 2651 3285 2746 3339; x_wconf 91' lang='grc' dir='ltr'><strong>τοῦ</strong></span> <span class='ocrx_word' id='word_1_590' title='bbox 2773 3287 2945 3342; x_wconf 83' lang='grc' dir='ltr'>ἁπλοῦ</span> <span class='ocrx_word' id='word_1_591' title='bbox 2987 3289 3082 3344; x_wconf 78' lang='grc' dir='ltr'><strong>καὶ</strong></span> <span class='ocrx_word' id='word_1_592' title='bbox 3116 3290 3345 3363; x_wconf 85' lang='grc' dir='ltr'>ἀπείρου</span> <span class='ocrx_word' id='word_1_593' title='bbox 3378 3293 3472 3346; x_wconf 78' lang='grc' dir='ltr'><strong>καὶ</strong></span> <span class='ocrx_word' id='word_1_594' title='bbox 3500 3295 3650 3348; x_wconf 85' lang='grc' dir='ltr'>ἀσω-</span> 
     </span>
    </p>
   </div>
   <div class='ocr_carea' id='block_1_79' title="bbox 2077 3370 3652 3454">
    <p class='ocr_par' dir='ltr' id='par_1_79' title="bbox 2077 3370 3652 3454">
     <span class='ocr_line' id='line_1_79' title="bbox 2077 3370 3652 3454; baseline 0.01 -31"><span class='ocrx_word' id='word_1_595' title='bbox 2077 3370 2247 3442; x_wconf 89' lang='grc' dir='ltr'>μάτου</span> <span class='ocrx_word' id='word_1_596' title='bbox 2279 3372 2594 3445; x_wconf 87' lang='grc' dir='ltr'>διώρισται·</span> <span class='ocrx_word' id='word_1_597' title='bbox 2651 3376 2789 3448; x_wconf 86' lang='grc' dir='ltr'>πλήν</span> <span class='ocrx_word' id='word_1_598' title='bbox 2831 3395 2894 3446; x_wconf 91' lang='grc' dir='ltr'><strong>γε</strong></span> <span class='ocrx_word' id='word_1_599' title='bbox 2937 3378 3022 3451; x_wconf 84' lang='grc' dir='ltr'>δὴ,</span> <span class='ocrx_word' id='word_1_600' title='bbox 3072 3380 3154 3434; x_wconf 82' lang='grc' dir='ltr'><strong>ὅτι</strong></span> <span class='ocrx_word' id='word_1_601' title='bbox 3197 3380 3259 3434; x_wconf 90' lang='grc' dir='ltr'><strong>τὸ</strong></span> <span class='ocrx_word' id='word_1_602' title='bbox 3303 3381 3402 3454; x_wconf 87' lang='grc' dir='ltr'>τῆς</span> <span class='ocrx_word' id='word_1_603' title='bbox 3440 3384 3652 3448; x_wconf 83' lang='grc' dir='ltr'>ἐννοίας</span> 
     </span>
    </p>
   </div>
   <div class='ocr_carea' id='block_1_80' title="bbox 2073 3462 3644 3546">
    <p class='ocr_par' dir='ltr' id='par_1_80' title="bbox 2073 3462 3644 3546">
     <span class='ocr_line' id='line_1_80' title="bbox 2073 3462 3644 3546; baseline 0.008 -31"><span class='ocrx_word' id='word_1_604' title='bbox 2073 3462 2238 3516; x_wconf 83' lang='grc' dir='ltr'>αὐτοῦ</span> <span class='ocrx_word' id='word_1_605' title='bbox 2257 3467 2511 3520; x_wconf 86' lang='grc' dir='ltr'>ταπεινὸν</span> <span class='ocrx_word' id='word_1_606' title='bbox 2537 3465 2628 3522; x_wconf 80' lang='grc' dir='ltr'><strong>ὲπι</strong></span> <span class='ocrx_word' id='word_1_607' title='bbox 2649 3485 2708 3520; x_wconf 91' lang='grc' dir='ltr'><strong>τε</strong></span> <span class='ocrx_word' id='word_1_608' title='bbox 2737 3468 2949 3540; x_wconf 87' lang='grc' dir='ltr'>Πατρὸς</span> <span class='ocrx_word' id='word_1_609' title='bbox 2977 3471 3072 3524; x_wconf 81' lang='grc' dir='ltr'><strong>καὶ</strong></span> <span class='ocrx_word' id='word_1_610' title='bbox 3093 3471 3222 3524; x_wconf 88' lang='grc' dir='ltr'><strong>Υἱοῦ</strong></span> <span class='ocrx_word' id='word_1_611' title='bbox 3247 3473 3644 3546; x_wconf 87' lang='grc' dir='ltr'>παραπλήσιον.</span> 
     </span>
    </p>
   </div>
   <div class='ocr_carea' id='block_1_81' title="bbox 2076 3551 3648 3638">
    <p class='ocr_par' dir='ltr' id='par_1_81' title="bbox 2076 3551 3648 3638">
     <span class='ocr_line' id='line_1_81' title="bbox 2076 3551 3648 3638; baseline 0.011 -34"><span class='ocrx_word' id='word_1_612' title='bbox 2076 3551 2237 3605; x_wconf 84' lang='grc' dir='ltr'>Ὥστε</span> <span class='ocrx_word' id='word_1_613' title='bbox 2265 3553 2326 3606; x_wconf 88' lang='grc' dir='ltr'><strong>ού</strong></span> <span class='ocrx_word' id='word_1_614' title='bbox 2365 3555 2620 3626; x_wconf 89' lang='grc' dir='ltr'>καθαιρεῖ</span> <span class='ocrx_word' id='word_1_615' title='bbox 2663 3557 2756 3610; x_wconf 87' lang='grc' dir='ltr'><strong>τοῦ</strong></span> <span class='ocrx_word' id='word_1_616' title='bbox 2802 3559 2931 3612; x_wconf 85' lang='grc' dir='ltr'>Υἰοῦ</span> <span class='ocrx_word' id='word_1_617' title='bbox 2960 3560 3057 3631; x_wconf 84' lang='grc' dir='ltr'>τὴν</span> <span class='ocrx_word' id='word_1_618' title='bbox 3089 3561 3266 3628; x_wconf 88' lang='grc' dir='ltr'>ἀξίαν,</span> <span class='ocrx_word' id='word_1_619' title='bbox 3301 3564 3438 3618; x_wconf 85' lang='grc' dir='ltr'><strong>ἀλλά</strong></span> <span class='ocrx_word' id='word_1_620' title='bbox 3480 3584 3648 3638; x_wconf 86' lang='grc' dir='ltr'>προσ-</span> 
     </span>
    </p>
   </div>
   <div class='ocr_carea' id='block_1_82' title="bbox 2071 3640 3647 3726">
    <p class='ocr_par' dir='ltr' id='par_1_82' title="bbox 2071 3640 3647 3726">
     <span class='ocr_line' id='line_1_82' title="bbox 2071 3640 3647 3726; baseline 0.011 -34"><span class='ocrx_word' id='word_1_621' title='bbox 2071 3640 2332 3711; x_wconf 81' lang='grc' dir='ltr'>λαμϐάνει</span> <span class='ocrx_word' id='word_1_622' title='bbox 2372 3644 2433 3696; x_wconf 90' lang='grc' dir='ltr'><strong>τὸ</strong></span> <span class='ocrx_word' id='word_1_623' title='bbox 2468 3645 2640 3716; x_wconf 86' lang='grc' dir='ltr'>κρίμα</span> <span class='ocrx_word' id='word_1_624' title='bbox 2679 3647 2774 3718; x_wconf 70' lang='grc' dir='ltr'>τῆς</span> <span class='ocrx_word' id='word_1_625' title='bbox 2823 3649 2903 3712; x_wconf 83' lang='grc' dir='ltr'><strong>είς</strong></span> <span class='ocrx_word' id='word_1_626' title='bbox 2935 3649 3027 3703; x_wconf 86' lang='grc' dir='ltr'><strong>τὸν</strong></span> <span class='ocrx_word' id='word_1_627' title='bbox 3065 3651 3196 3706; x_wconf 89' lang='grc' dir='ltr'>Θεὸν</span> <span class='ocrx_word' id='word_1_628' title='bbox 3239 3651 3584 3726; x_wconf 83' lang='grc' dir='ltr'>βλασφημίας</span> <span class='ocrx_word' id='word_1_629' title='bbox 3617 3659 3647 3710; x_wconf 83' lang='grc' dir='ltr'>ὁ</span> 
     </span>
    </p>
   </div>
   <div class='ocr_carea' id='block_1_83' title="bbox 2069 3731 3642 3817">
    <p class='ocr_par' dir='ltr' id='par_1_83' title="bbox 2069 3731 3642 3817">
     <span class='ocr_line' id='line_1_83' title="bbox 2069 3731 3642 3817; baseline 0.011 -34"><span class='ocrx_word' id='word_1_630' title='bbox 2069 3731 2138 3785; x_wconf 86' lang='grc' dir='ltr'><strong>τά</strong></span> <span class='ocrx_word' id='word_1_631' title='bbox 2167 3732 2390 3787; x_wconf 89' lang='grc' dir='ltr'>τοιαῦτα</span> <span class='ocrx_word' id='word_1_632' title='bbox 2415 3733 2645 3799; x_wconf 81' lang='grc' dir='ltr'>διεξιών.</span> <span class='ocrx_word' id='word_1_633' title='bbox 2695 3738 2782 3790; x_wconf 87' lang='grc' dir='ltr'><strong>Ἐν</strong></span> <span class='ocrx_word' id='word_1_634' title='bbox 2809 3736 2889 3802; x_wconf 75' lang='grc' dir='ltr'><strong>οἷς</strong></span> <span class='ocrx_word' id='word_1_635' title='bbox 2911 3739 3019 3812; x_wconf 84' lang='grc' dir='ltr'><strong>γὰρ</strong></span> <span class='ocrx_word' id='word_1_636' title='bbox 3046 3739 3110 3794; x_wconf 82' lang='grc' dir='ltr'>ἂν</span> <span class='ocrx_word' id='word_1_637' title='bbox 3133 3745 3518 3817; x_wconf 82' lang='grc' dir='ltr'>κατατολμήσῃ</span> <span class='ocrx_word' id='word_1_638' title='bbox 3549 3748 3642 3800; x_wconf 89' lang='grc' dir='ltr'><strong>τοῦ</strong></span> 
     </span>
    </p>
   </div>
   <div class='ocr_carea' id='block_1_84' title="bbox 2070 3826 3644 3907">
    <p class='ocr_par' dir='ltr' id='par_1_84' title="bbox 2070 3826 3644 3907">
     <span class='ocr_line' id='line_1_84' title="bbox 2070 3826 3644 3907; baseline 0.009 -28"><span class='ocrx_word' id='word_1_639' title='bbox 2070 3826 2223 3891; x_wconf 91' lang='grc' dir='ltr'>Υίοῦ,</span> <span class='ocrx_word' id='word_1_640' title='bbox 2250 3827 2420 3880; x_wconf 89' lang='grc' dir='ltr'>ταῦτα</span> <span class='ocrx_word' id='word_1_641' title='bbox 2443 3830 2653 3900; x_wconf 77' lang='grc' dir='ltr'>ἀνάγκη</span> <span class='ocrx_word' id='word_1_642' title='bbox 2683 3831 2831 3901; x_wconf 87' lang='grc' dir='ltr'>αύτῷ</span> <span class='ocrx_word' id='word_1_643' title='bbox 2866 3833 3206 3902; x_wconf 85' lang='grc' dir='ltr'>μετατιθέναι</span> <span class='ocrx_word' id='word_1_644' title='bbox 3253 3837 3389 3907; x_wconf 89' lang='grc' dir='ltr'>πρὸς</span> <span class='ocrx_word' id='word_1_645' title='bbox 3413 3838 3502 3891; x_wconf 91' lang='grc' dir='ltr'><strong>τὸν</strong></span> <span class='ocrx_word' id='word_1_646' title='bbox 3532 3839 3644 3892; x_wconf 88' lang='grc' dir='ltr'>Πα-</span> 
     </span>
    </p>
   </div>
   <div class='ocr_carea' id='block_1_85' title="bbox 2069 3917 3643 4000">
    <p class='ocr_par' dir='ltr' id='par_1_85' title="bbox 2069 3917 3643 4000">
     <span class='ocr_line' id='line_1_85' title="bbox 2069 3917 3643 4000; baseline 0.008 -31"><span class='ocrx_word' id='word_1_647' title='bbox 2069 3917 2221 3989; x_wconf 87' lang='grc' dir='ltr'>τέρα.</span> <span class='ocrx_word' id='word_1_648' title='bbox 2261 3919 2316 3972; x_wconf 89' lang='lat'>&#39;0</span> <span class='ocrx_word' id='word_1_649' title='bbox 2339 3918 2447 3990; x_wconf 88' lang='grc' dir='ltr'><strong>γάρ</strong></span> <span class='ocrx_word' id='word_1_650' title='bbox 2467 3919 2544 3990; x_wconf 86' lang='grc' dir='ltr'>τῷ</span> <span class='ocrx_word' id='word_1_651' title='bbox 2576 3921 2750 3992; x_wconf 74' lang='grc' dir='ltr'>Πατρὶ</span> <span class='ocrx_word' id='word_1_652' title='bbox 2775 3921 2872 3994; x_wconf 82' lang='grc' dir='ltr'>τὴν</span> <span class='ocrx_word' id='word_1_653' title='bbox 2896 3924 3008 3977; x_wconf 86' lang='grc' dir='ltr'><strong>άνω</strong></span> <span class='ocrx_word' id='word_1_654' title='bbox 3038 3923 3218 3996; x_wconf 84' lang='grc' dir='ltr'>χώραν</span> <span class='ocrx_word' id='word_1_655' title='bbox 3247 3930 3326 3990; x_wconf 86' lang='grc' dir='ltr'><strong>είς</strong></span> <span class='ocrx_word' id='word_1_656' title='bbox 3351 3928 3643 4000; x_wconf 84' lang='grc' dir='ltr'>προεδρίαν</span> 
     </span>
    </p>
   </div>
   <div class='ocr_carea' id='block_1_86' title="bbox 2068 4007 3638 4086">
    <p class='ocr_par' dir='ltr' id='par_1_86' title="bbox 2068 4007 3638 4086">
     <span class='ocr_line' id='line_1_86' title="bbox 2068 4007 3638 4086; baseline 0.007 -27"><span class='ocrx_word' id='word_1_657' title='bbox 2068 4007 2369 4071; x_wconf 79' lang='grc' dir='ltr'>ἀποδιδοὺς,</span> <span class='ocrx_word' id='word_1_658' title='bbox 2399 4009 2488 4062; x_wconf 89' lang='grc' dir='ltr'><strong>τὸν</strong></span> <span class='ocrx_word' id='word_1_659' title='bbox 2509 4009 2566 4062; x_wconf 82' lang='grc' dir='ltr'>δὲ</span> <span class='ocrx_word' id='word_1_660' title='bbox 2594 4012 2856 4081; x_wconf 86' lang='grc' dir='ltr'>μονογενῆ</span> <span class='ocrx_word' id='word_1_661' title='bbox 2886 4012 3010 4066; x_wconf 86' lang='grc' dir='ltr'>Υίὸν</span> <span class='ocrx_word' id='word_1_662' title='bbox 3035 4014 3412 4086; x_wconf 87' lang='grc' dir='ltr'>ὑποκαθῆσθαι</span> <span class='ocrx_word' id='word_1_663' title='bbox 3444 4015 3638 4086; x_wconf 86' lang='grc' dir='ltr'>λέγων,</span> 
     </span>
    </p>
   </div>
   <div class='ocr_carea' id='block_1_87' title="bbox 2069 4095 3642 4176">
    <p class='ocr_par' dir='ltr' id='par_1_87' title="bbox 2069 4095 3642 4176">
     <span class='ocr_line' id='line_1_87' title="bbox 2069 4095 3642 4176; baseline 0.008 -29"><span class='ocrx_word' id='word_1_664' title='bbox 2069 4095 2246 4148; x_wconf 84' lang='grc' dir='ltr'>πάντα</span> <span class='ocrx_word' id='word_1_665' title='bbox 2280 4096 2673 4151; x_wconf 86' lang='grc' dir='ltr'>ἀκολουθοῦντα</span> <span class='ocrx_word' id='word_1_666' title='bbox 2706 4098 2815 4165; x_wconf 78' lang='grc' dir='ltr'>ἕξει</span> <span class='ocrx_word' id='word_1_667' title='bbox 2855 4101 2922 4154; x_wconf 85' lang='grc' dir='ltr'><strong>τά</strong></span> <span class='ocrx_word' id='word_1_668' title='bbox 2949 4104 3234 4173; x_wconf 86' lang='grc' dir='ltr'>σωματικά</span> <span class='ocrx_word' id='word_1_669' title='bbox 3261 4105 3642 4176; x_wconf 86' lang='grc' dir='ltr'>συμπτώματα</span> 
     </span>
    </p>
   </div>
   <div class='ocr_carea' id='block_1_88' title="bbox 2066 4186 3641 4268">
    <p class='ocr_par' dir='ltr' id='par_1_88' title="bbox 2066 4186 3641 4268">
     <span class='ocr_line' id='line_1_88' title="bbox 2066 4186 3641 4268; baseline 0.009 -31"><span class='ocrx_word' id='word_1_670' title='bbox 2066 4186 2146 4256; x_wconf 87' lang='grc' dir='ltr'>τῷ</span> <span class='ocrx_word' id='word_1_671' title='bbox 2183 4186 2375 4240; x_wconf 83' lang='grc' dir='ltr'>ἑαυτοῦ</span> <span class='ocrx_word' id='word_1_672' title='bbox 2423 4188 2780 4260; x_wconf 80' lang='grc' dir='ltr'>ἀναπλασμῷ.</span> <span class='ocrx_word' id='word_1_673' title='bbox 2834 4191 2896 4244; x_wconf 76' lang='lat' dir='ltr'><strong>Et</strong></span> <span class='ocrx_word' id='word_1_674' title='bbox 2942 4192 2999 4244; x_wconf 83' lang='grc' dir='ltr'><strong>δὲ</strong></span> <span class='ocrx_word' id='word_1_675' title='bbox 3052 4193 3226 4248; x_wconf 88' lang='grc' dir='ltr'>ταῦτα</span> <span class='ocrx_word' id='word_1_676' title='bbox 3276 4196 3641 4268; x_wconf 77' lang='grc' dir='ltr'>οίνοπλήκτων</span> 
     </span>
    </p>
   </div>
   <div class='ocr_carea' id='block_1_89' title="bbox 2069 4276 3636 4356">
    <p class='ocr_par' dir='ltr' id='par_1_89' title="bbox 2069 4276 3636 4356">
     <span class='ocr_line' id='line_1_89' title="bbox 2069 4276 3636 4356; baseline 0.01 -29"><span class='ocrx_word' id='word_1_677' title='bbox 2069 4276 2162 4328; x_wconf 71' lang='grc' dir='ltr'><strong>καὶ</strong></span> <span class='ocrx_word' id='word_1_678' title='bbox 2207 4278 2272 4329; x_wconf 84' lang='grc' dir='ltr'>ὲκ</span> <span class='ocrx_word' id='word_1_679' title='bbox 2314 4278 2616 4348; x_wconf 83' lang='grc' dir='ltr'>φρενίτιδος</span> <span class='ocrx_word' id='word_1_680' title='bbox 2659 4281 2993 4352; x_wconf 84' lang='grc' dir='ltr'>παραφόρων</span> <span class='ocrx_word' id='word_1_681' title='bbox 3030 4283 3122 4337; x_wconf 89' lang='grc' dir='ltr'><strong>τὸν</strong></span> <span class='ocrx_word' id='word_1_682' title='bbox 3156 4284 3280 4338; x_wconf 84' lang='grc' dir='ltr'>νοῦν</span> <span class='ocrx_word' id='word_1_683' title='bbox 3320 4285 3390 4339; x_wconf 84' lang='grc' dir='ltr'><strong>τά</strong></span> <span class='ocrx_word' id='word_1_684' title='bbox 3432 4290 3636 4356; x_wconf 82' lang='grc' dir='ltr'>φαντά-</span> 
     </span>
    </p>
   </div>
   <div class='ocr_carea' id='block_1_90' title="bbox 2070 4368 3640 4449">
    <p class='ocr_par' dir='ltr' id='par_1_90' title="bbox 2070 4368 3640 4449">
     <span class='ocr_line' id='line_1_90' title="bbox 2070 4368 3640 4449; baseline 0.008 -30"><span class='ocrx_word' id='word_1_685' title='bbox 2070 4384 2272 4438; x_wconf 91' lang='grc' dir='ltr'>σματα,</span> <span class='ocrx_word' id='word_1_686' title='bbox 2329 4368 2446 4432; x_wconf 84' lang='grc' dir='ltr'><strong>πῶς</strong></span> <span class='ocrx_word' id='word_1_687' title='bbox 2488 4370 2742 4434; x_wconf 76' lang='grc' dir='ltr'>εὐσεϐὲς,</span> <span class='ocrx_word' id='word_1_688' title='bbox 2793 4371 2884 4425; x_wconf 84' lang='grc' dir='ltr'><strong>τὸν</strong></span> <span class='ocrx_word' id='word_1_689' title='bbox 2923 4376 2988 4444; x_wconf 83' lang='grc' dir='ltr'><strong>τῇ</strong></span> <span class='ocrx_word' id='word_1_690' title='bbox 3032 4374 3208 4442; x_wconf 86' lang='grc' dir='ltr'>φύσει,</span> <span class='ocrx_word' id='word_1_691' title='bbox 3261 4379 3326 4447; x_wconf 82' lang='grc' dir='ltr'>τῇ</span> <span class='ocrx_word' id='word_1_692' title='bbox 3367 4377 3512 4449; x_wconf 84' lang='grc' dir='ltr'>δόξῃ,</span> <span class='ocrx_word' id='word_1_693' title='bbox 3561 4381 3640 4448; x_wconf 80' lang='grc' dir='ltr'>τῷ</span> 
     </span>
    </p>
   </div>
   <div class='ocr_carea' id='block_1_91' title="bbox 395 4450 1974 4539">
    <p class='ocr_par' dir='ltr' id='par_1_91' title="bbox 395 4450 1964 4519">
     <span class='ocr_line' id='line_1_91' title="bbox 395 4450 1964 4519; baseline 0.003 -17"><span class='ocrx_word' id='word_1_694' title='bbox 395 4464 518 4502; x_wconf 90' lang='lat' dir='ltr'><strong>eum</strong></span> <span class='ocrx_word' id='word_1_695' title='bbox 554 4453 646 4519; x_wconf 89' lang='lat' dir='ltr'><strong>qui</strong></span> <span class='ocrx_word' id='word_1_696' title='bbox 685 4464 795 4503; x_wconf 92' lang='lat' dir='ltr'><strong>non</strong></span> <span class='ocrx_word' id='word_1_697' title='bbox 828 4450 1154 4505; x_wconf 90' lang='lat' dir='ltr'><strong>honorilicat</strong></span> <span class='ocrx_word' id='word_1_698' title='bbox 1176 4450 1395 4516; x_wconf 87' lang='lat' dir='ltr'><strong>Filium,</strong></span> <span class='ocrx_word' id='word_1_699' title='bbox 1451 4467 1561 4506; x_wconf 90' lang='lat' dir='ltr'><strong>non</strong></span> <span class='ocrx_word' id='word_1_700' title='bbox 1601 4452 1964 4507; x_wconf 89' lang='lat' dir='ltr'><strong>honorilicare</strong></span> 
     </span>
    </p>
   </div>
   <div class='ocr_carea' id='block_1_92' title="bbox 2078 4450 3638 4539">
    <p class='ocr_par' dir='ltr' id='par_1_92' title="bbox 2078 4457 3638 4539">
     <span class='ocr_line' id='line_1_92' title="bbox 2078 4457 3638 4539; baseline 0.007 -29"><span class='ocrx_word' id='word_1_701' title='bbox 2078 4457 2333 4528; x_wconf 62' lang='grc' dir='ltr'>ἀξιώματι</span> <span class='ocrx_word' id='word_1_702' title='bbox 2383 4461 2725 4532; x_wconf 84' lang='grc' dir='ltr'>συνημμένον</span> <span class='ocrx_word' id='word_1_703' title='bbox 2763 4462 2835 4533; x_wconf 85' lang='grc' dir='ltr'>μὴ</span> <span class='ocrx_word' id='word_1_704' title='bbox 2883 4464 3020 4531; x_wconf 86' lang='grc' dir='ltr'><strong>μετά</strong></span> <span class='ocrx_word' id='word_1_705' title='bbox 3063 4465 3274 4534; x_wconf 89' lang='grc' dir='ltr'>Πατρὸς</span> <span class='ocrx_word' id='word_1_706' title='bbox 3315 4472 3638 4539; x_wconf 81' lang='grc' dir='ltr'>προσκυνεῖν</span> 
     </span>
    </p>
   </div>
   <div class='ocr_carea' id='block_1_93' title="bbox 396 4538 1959 4614">
    <p class='ocr_par' dir='ltr' id='par_1_93' title="bbox 396 4538 1959 4614">
     <span class='ocr_line' id='line_1_93' title="bbox 396 4538 1959 4614; baseline 0.003 -20"><span class='ocrx_word' id='word_1_707' title='bbox 396 4538 706 4595; x_wconf 76' lang='lat' dir='ltr'><strong>Patrem&quot;?</strong></span> <span class='ocrx_word' id='word_1_708' title='bbox 741 4539 882 4606; x_wconf 83' lang='lat' dir='ltr'><strong>Quid</strong></span> <span class='ocrx_word' id='word_1_709' title='bbox 915 4556 1076 4611; x_wconf 91' lang='lat' dir='ltr'><strong>porro</strong></span> <span class='ocrx_word' id='word_1_710' title='bbox 1119 4542 1405 4598; x_wconf 84' lang='lat' dir='ltr'><strong>dicemus?</strong></span> <span class='ocrx_word' id='word_1_711' title='bbox 1447 4542 1578 4613; x_wconf 90' lang='lat' dir='ltr'><strong>quid</strong></span> <span class='ocrx_word' id='word_1_712' title='bbox 1603 4543 1763 4614; x_wconf 74' lang='lat' dir='ltr'><strong>iusta</strong></span> <span class='ocrx_word' id='word_1_713' title='bbox 1794 4559 1959 4599; x_wconf 81' lang='lat' dir='ltr'><strong>excu—</strong></span> 
     </span>
    </p>
   </div>
   <div class='ocr_carea' id='block_1_94' title="bbox 2066 4547 3637 4622">
    <p class='ocr_par' dir='ltr' id='par_1_94' title="bbox 2066 4547 3637 4622">
     <span class='ocr_line' id='line_1_94' title="bbox 2066 4547 3637 4622; baseline 0.006 -23"><span class='ocrx_word' id='word_1_714' title='bbox 2066 4548 2160 4599; x_wconf 78' lang='grc' dir='ltr'><strong>καὶ</strong></span> <span class='ocrx_word' id='word_1_715' title='bbox 2201 4547 2441 4612; x_wconf 76' lang='grc' dir='ltr'>δοξάζειν</span> <span class='ocrx_word' id='word_1_716' title='bbox 2485 4550 2611 4612; x_wconf 88' lang='grc' dir='ltr'>τοὺς</span> <span class='ocrx_word' id='word_1_717' title='bbox 2657 4551 2786 4621; x_wconf 88' lang='grc' dir='ltr'>παρ’</span> <span class='ocrx_word' id='word_1_718' title='bbox 2827 4550 2990 4603; x_wconf 81' lang='grc' dir='ltr'>αὑτοῦ</span> <span class='ocrx_word' id='word_1_719' title='bbox 3037 4552 3399 4622; x_wconf 82' lang='grc' dir='ltr'>διδαχθέντας,</span> <span class='ocrx_word' id='word_1_720' title='bbox 3444 4555 3525 4607; x_wconf 87' lang='grc' dir='ltr'><strong>ὄτι</strong></span> <span class='ocrx_word' id='word_1_721' title='bbox 3575 4556 3637 4608; x_wconf 89' lang='lat' dir='ltr'><strong>&#39;O</strong></span> 
     </span>
    </p>
   </div>
   <div class='ocr_carea' id='block_1_95' title="bbox 463 4680 1974 4758">
    <p class='ocr_par' dir='ltr' id='par_1_95' title="bbox 463 4680 1908 4758">
     <span class='ocr_line' id='line_1_95' title="bbox 463 4680 1908 4758; baseline 0.003 -24"><span class='ocrx_word' id='word_1_722' title='bbox 463 4681 538 4758; x_wconf 58' lang='grc' dir='ltr'><strong>εει</strong></span> <span class='ocrx_word' id='word_1_723' title='bbox 559 4681 686 4737; x_wconf 66' lang='lat' dir='ltr'><strong>(.or.</strong></span> <span class='ocrx_word' id='word_1_724' title='bbox 721 4680 1005 4758; x_wconf 63' lang='lat'><strong>|_,_24.__&#39;_&#39;_</strong></span> <span class='ocrx_word' id='word_1_725' title='bbox 1029 4682 1240 4758; x_wconf 78' lang='lat' dir='ltr'><strong>_C_oloss.</strong></span> <span class='ocrx_word' id='word_1_726' title='bbox 1273 4684 1433 4758; x_wconf 67' lang='lat' dir='ltr'><strong>I,_l§$.</strong></span> <span class='ocrx_word' id='word_1_727' title='bbox 1510 4683 1554 4715; x_wconf 76' lang='grc'><strong>³⁸</strong></span> <span class='ocrx_word' id='word_1_728' title='bbox 1587 4683 1751 4758; x_wconf 75' lang='lat' dir='ltr'><strong>Hebr.</strong></span> <span class='ocrx_word' id='word_1_729' title='bbox 1785 4698 1824 4750; x_wconf 89' lang='lat' dir='ltr'><strong>l,</strong></span> <span class='ocrx_word' id='word_1_730' title='bbox 1856 4685 1908 4739; x_wconf 78' lang='grc'>5.</span> 
     </span>
    </p>
   </div>
   <div class='ocr_carea' id='block_1_96' title="bbox 2078 4680 3632 4758">
    <p class='ocr_par' dir='ltr' id='par_1_96' title="bbox 2086 4687 3632 4758">
     <span class='ocr_line' id='line_1_96' title="bbox 2086 4687 3632 4758; baseline 0.001 -15"><span class='ocrx_word' id='word_1_731' title='bbox 2086 4687 2241 4745; x_wconf 86' lang='lat' dir='ltr'><strong>Joan.</strong></span> <span class='ocrx_word' id='word_1_732' title='bbox 2275 4705 2387 4754; x_wconf 80' lang='lat' dir='ltr'><strong>xw,</strong></span> <span class='ocrx_word' id='word_1_733' title='bbox 2418 4689 2471 4744; x_wconf 90' lang='lat'><strong>9.</strong></span> <span class='ocrx_word' id='word_1_734' title='bbox 2549 4689 2592 4722; x_wconf 79' lang='grc'><strong>³¹</strong></span> <span class='ocrx_word' id='word_1_735' title='bbox 2649 4688 2815 4745; x_wconf 82' lang='lat' dir='ltr'><strong>Marc.</strong></span> <span class='ocrx_word' id='word_1_736' title='bbox 2875 4706 2990 4754; x_wconf 88' lang='lat' dir='ltr'><strong>vlu,</strong></span> <span class='ocrx_word' id='word_1_737' title='bbox 3024 4689 3113 4745; x_wconf 83' lang='lat'><strong>58.</strong></span> <span class='ocrx_word' id='word_1_738' title='bbox 3191 4691 3236 4722; x_wconf 82' lang='grc'>³³</span> <span class='ocrx_word' id='word_1_739' title='bbox 3262 4688 3422 4745; x_wconf 81' lang='lat' dir='ltr'><strong>Joan.</strong></span> <span class='ocrx_word' id='word_1_740' title='bbox 3454 4707 3507 4758; x_wconf 89' lang='lat' dir='ltr'><strong>v,</strong></span> <span class='ocrx_word' id='word_1_741' title='bbox 3539 4691 3632 4745; x_wconf 80' lang='grc'><strong>25.</strong></span> 
     </span>
    </p>
   </div>
   <div class='ocr_carea' id='block_1_97' title="bbox 393 4750 1732 4821">
    <p class='ocr_par' dir='ltr' id='par_1_97' title="bbox 393 4750 1732 4821">
     <span class='ocr_line' id='line_1_97' title="bbox 393 4750 1732 4821; baseline 0.002 -14"><span class='ocrx_word' id='word_1_742' title='bbox 393 4753 439 4785; x_wconf 67' lang='grc'><strong>⁸⁸</strong></span> <span class='ocrx_word' id='word_1_743' title='bbox 473 4750 632 4808; x_wconf 78' lang='lat' dir='ltr'><strong>Joan.</strong></span> <span class='ocrx_word' id='word_1_744' title='bbox 665 4768 702 4815; x_wconf 91' lang='lat' dir='ltr'><strong>I,</strong></span> <span class='ocrx_word' id='word_1_745' title='bbox 733 4752 821 4806; x_wconf 77' lang='lat' dir='ltr'><strong>U.</strong></span> <span class='ocrx_word' id='word_1_746' title='bbox 897 4752 940 4784; x_wconf 80' lang='grc'>³⁵</span> <span class='ocrx_word' id='word_1_747' title='bbox 971 4752 1104 4807; x_wconf 90' lang='lat' dir='ltr'><strong>ibid.</strong></span> <span class='ocrx_word' id='word_1_748' title='bbox 1137 4754 1223 4811; x_wconf 82' lang='grc'><strong>18.</strong></span> <span class='ocrx_word' id='word_1_749' title='bbox 1297 4755 1344 4785; x_wconf 80' lang='grc'><strong>³⁸</strong></span> <span class='ocrx_word' id='word_1_750' title='bbox 1371 4753 1528 4809; x_wconf 87' lang='lat' dir='ltr'><strong>Joan.</strong></span> <span class='ocrx_word' id='word_1_751' title='bbox 1560 4772 1613 4821; x_wconf 95' lang='lat' dir='ltr'><strong>v,</strong></span> <span class='ocrx_word' id='word_1_752' title='bbox 1643 4755 1732 4810; x_wconf 74' lang='lat'><strong>25.</strong></span> 
     </span>
    </p>
   </div>
   <div class='ocr_carea' id='block_1_98' title="bbox 391 4883 1956 4954">
    <p class='ocr_par' dir='ltr' id='par_1_98' title="bbox 391 4883 1956 4954">
     <span class='ocr_line' id='line_1_98' title="bbox 391 4883 1956 4954; baseline 0.002 -16"><span class='ocrx_word' id='word_1_753' title='bbox 391 4883 570 4954; x_wconf 75' lang='lat' dir='ltr'><strong>dicant</strong></span> <span class='ocrx_word' id='word_1_754' title='bbox 596 4884 905 4954; x_wconf 75' lang='lat' dir='ltr'><strong>signiﬁcari.</strong></span> <span class='ocrx_word' id='word_1_755' title='bbox 944 4883 1106 4937; x_wconf 86' lang='lat' dir='ltr'><strong>Addit</strong></span> <span class='ocrx_word' id='word_1_756' title='bbox 1139 4884 1222 4937; x_wconf 81' lang='lat' dir='ltr'><strong>vir</strong></span> <span class='ocrx_word' id='word_1_757' title='bbox 1278 4885 1524 4940; x_wconf 90' lang='lat' dir='ltr'><strong>eruditus</strong></span> <span class='ocrx_word' id='word_1_758' title='bbox 1560 4901 1573 4936; x_wconf 87' lang='lat'>:</span> <span class='ocrx_word' id='word_1_759' title='bbox 1617 4886 1748 4950; x_wconf 69' lang='lat' dir='ltr'><strong>Qua</strong></span> <span class='ocrx_word' id='word_1_760' title='bbox 1794 4887 1956 4954; x_wconf 84' lang='lat' dir='ltr'><strong>plana</strong></span> 
     </span>
    </p>
   </div>
   <div class='ocr_carea' id='block_1_99' title="bbox 392 4953 1952 5025">
    <p class='ocr_par' dir='ltr' id='par_1_99' title="bbox 392 4953 1952 5025">
     <span class='ocr_line' id='line_1_99' title="bbox 392 4953 1952 5025; baseline 0.004 -18"><span class='ocrx_word' id='word_1_761' title='bbox 392 4953 588 5025; x_wconf 63' lang='lat' dir='ltr'><strong>Basilii</strong></span> <span class='ocrx_word' id='word_1_762' title='bbox 626 4953 823 5018; x_wconf 82' lang='lat' dir='ltr'><strong>littera,</strong></span> <span class='ocrx_word' id='word_1_763' title='bbox 873 4953 1180 5025; x_wconf 65' lang='lat' dir='ltr'><strong>abhorrente</strong></span> <span class='ocrx_word' id='word_1_764' title='bbox 1230 4970 1444 5022; x_wconf 79' lang='lat' dir='ltr'><strong>prorsus</strong></span> <span class='ocrx_word' id='word_1_765' title='bbox 1485 4957 1622 5025; x_wconf 85' lang='lat' dir='ltr'><strong>quod</strong></span> <span class='ocrx_word' id='word_1_766' title='bbox 1666 4956 1820 5012; x_wconf 84' lang='lat' dir='ltr'><strong>editis</strong></span> <span class='ocrx_word' id='word_1_767' title='bbox 1853 4967 1952 5014; x_wconf 80' lang='lat' dir='ltr'><strong>est.</strong></span> 
     </span>
    </p>
   </div>
   <div class='ocr_carea' id='block_1_100' title="bbox 395 5022 1955 5097">
    <p class='ocr_par' dir='ltr' id='par_1_100' title="bbox 395 5022 1955 5097">
     <span class='ocr_line' id='line_1_100' title="bbox 395 5022 1955 5097; baseline 0.003 -21"><span class='ocrx_word' id='word_1_768' title='bbox 395 5022 500 5078; x_wconf 91' lang='lat' dir='ltr'><strong>Sed</strong></span> <span class='ocrx_word' id='word_1_769' title='bbox 541 5033 900 5097; x_wconf 67' lang='lat' dir='ltr'><strong>praeterquam</strong></span> <span class='ocrx_word' id='word_1_770' title='bbox 936 5023 1080 5097; x_wconf 58' lang='lat' dir='ltr'><strong>quod</strong></span> <span class='ocrx_word' id='word_1_771' title='bbox 1112 5023 1344 5097; x_wconf 78' lang='lat' dir='ltr'><strong>Basilius</strong></span> <span class='ocrx_word' id='word_1_772' title='bbox 1386 5022 1728 5080; x_wconf 82' lang='lat' dir='ltr'><strong>adversarios</strong></span> <span class='ocrx_word' id='word_1_773' title='bbox 1751 5042 1955 5097; x_wconf 88' lang='lat' dir='ltr'><strong>nequa-</strong></span> 
     </span>
    </p>
   </div>
   <div class='ocr_carea' id='block_1_101' title="bbox 391 5094 1954 5163">
    <p class='ocr_par' dir='ltr' id='par_1_101' title="bbox 391 5094 1954 5163">
     <span class='ocr_line' id='line_1_101' title="bbox 391 5094 1954 5163; baseline 0.004 -17"><span class='ocrx_word' id='word_1_774' title='bbox 391 5094 554 5162; x_wconf 88' lang='lat' dir='ltr'><strong>quam</strong></span> <span class='ocrx_word' id='word_1_775' title='bbox 592 5095 801 5150; x_wconf 90' lang='lat' dir='ltr'><strong>inducit</strong></span> <span class='ocrx_word' id='word_1_776' title='bbox 847 5096 914 5150; x_wconf 89' lang='lat' dir='ltr'><strong>de</strong></span> <span class='ocrx_word' id='word_1_777' title='bbox 959 5094 1078 5149; x_wconf 82' lang='lat' dir='ltr'><strong>Filii</strong></span> <span class='ocrx_word' id='word_1_778' title='bbox 1123 5095 1430 5162; x_wconf 84' lang='lat' dir='ltr'><strong>aqualitate</strong></span> <span class='ocrx_word' id='word_1_779' title='bbox 1472 5094 1954 5163; x_wconf 42' lang='lat' dir='ltr'><strong>conlitentesfsed</strong></span> 
     </span>
    </p>
   </div>
   <div class='ocr_carea' id='block_1_102' title="bbox 429 5162 1954 5236">
    <p class='ocr_par' dir='ltr' id='par_1_102' title="bbox 429 5162 1954 5236">
     <span class='ocr_line' id='line_1_102' title="bbox 429 5162 1954 5236; baseline 0.005 -20"><span class='ocrx_word' id='word_1_780' title='bbox 429 5162 574 5236; x_wconf 74' lang='lat' dir='ltr'><strong>otius</strong></span> <span class='ocrx_word' id='word_1_781' title='bbox 595 5180 716 5236; x_wconf 86' lang='lat' dir='ltr'><strong>eam</strong></span> <span class='ocrx_word' id='word_1_782' title='bbox 743 5164 1264 5236; x_wconf 76' lang='lat' dir='ltr'><strong>negantesrel‘ellit;</strong></span> <span class='ocrx_word' id='word_1_783' title='bbox 1295 5172 1442 5236; x_wconf 86' lang='lat' dir='ltr'><strong>certe</strong></span> <span class='ocrx_word' id='word_1_784' title='bbox 1467 5164 1694 5236; x_wconf 83' lang='lat' dir='ltr'><strong>diligens</strong></span> <span class='ocrx_word' id='word_1_785' title='bbox 1722 5162 1954 5222; x_wconf 77' lang='lat' dir='ltr'><strong>Combe-</strong></span> 
     </span>
    </p>
   </div>
   <div class='ocr_carea' id='block_1_103' title="bbox 392 5180 1956 5307">
    <p class='ocr_par' dir='ltr' id='par_1_103' title="bbox 392 5180 1956 5307">
     <span class='ocr_line' id='line_1_103' title="bbox 429 5180 1954 5236; baseline 0.004 -20"><span class='ocrx_word' id='word_1_786' title='bbox 429 5180 574 5218; x_wconf 89' lang='lat' dir='ltr'><strong>ouus</strong></span> <span class='ocrx_word' id='word_1_787' title='bbox 595 5180 716 5219; x_wconf 91' lang='lat' dir='ltr'><strong>eam</strong></span> <span class='ocrx_word' id='word_1_788' title='bbox 743 5180 1002 5234; x_wconf 83' lang='lat' dir='ltr'><strong>negantes</strong></span> <span class='ocrx_word' id='word_1_789' title='bbox 1037 5180 1264 5228; x_wconf 83' lang='lat' dir='ltr'><strong>releun;</strong></span> <span class='ocrx_word' id='word_1_790' title='bbox 1295 5180 1442 5220; x_wconf 85' lang='lat' dir='ltr'><strong>certe</strong></span> <span class='ocrx_word' id='word_1_791' title='bbox 1467 5180 1694 5236; x_wconf 77' lang='lat' dir='ltr'><strong>diligens</strong></span> <span class='ocrx_word' id='word_1_792' title='bbox 1722 5180 1954 5222; x_wconf 61' lang='lat' dir='ltr'><strong>nomne-</strong></span> 
     </span>
     <span class='ocr_line' id='line_1_104' title="bbox 392 5180 1956 5307; baseline 0.002 -20"><span class='ocrx_word' id='word_1_793' title='bbox 392 5180 548 5307; x_wconf 56' lang='lat' dir='ltr'><strong>ﬁsius</strong></span> <span class='ocrx_word' id='word_1_794' title='bbox 585 5236 639 5289; x_wconf 90' lang='lat' dir='ltr'><strong>in</strong></span> <span class='ocrx_word' id='word_1_795' title='bbox 671 5234 894 5307; x_wconf 83' lang='lat' dir='ltr'><strong>legendo</strong></span> <span class='ocrx_word' id='word_1_796' title='bbox 928 5235 1298 5307; x_wconf 76' lang='lat' dir='ltr'><strong>codicequem</strong></span> <span class='ocrx_word' id='word_1_797' title='bbox 1323 5235 1622 5307; x_wconf 13' lang='lat' dir='ltr'><strong>cit_at.iNon</strong></span> <span class='ocrx_word' id='word_1_798' title='bbox 1656 5237 1956 5307; x_wconf 84' lang='lat' dir='ltr'><strong>enim_legi-</strong></span> 
     </span>
    </p>
   </div>
   <div class='ocr_carea' id='block_1_104' title="bbox 391 5303 1954 5378">
    <p class='ocr_par' dir='ltr' id='par_1_104' title="bbox 391 5303 1954 5378">
     <span class='ocr_line' id='line_1_105' title="bbox 391 5303 1954 5378; baseline 0.003 -21"><span class='ocrx_word' id='word_1_799' title='bbox 391 5303 587 5378; x_wconf 81' lang='lat' dir='ltr'><strong>tur_in</strong></span> <span class='ocrx_word' id='word_1_800' title='bbox 637 5303 879 5378; x_wconf 80' lang='lat' dir='ltr'><strong>margine</strong></span> <span class='ocrx_word' id='word_1_801' title='bbox 913 5303 1267 5378; x_wconf 40' lang='grc' dir='ltr'>οὑδὲ-ἀξίας,</span> <span class='ocrx_word' id='word_1_802' title='bbox 1309 5305 1404 5360; x_wconf 85' lang='lat' dir='ltr'><strong>sed</strong></span> <span class='ocrx_word' id='word_1_803' title='bbox 1442 5306 1561 5378; x_wconf 73' lang='grc' dir='ltr'>οὐδὲ</span> <span class='ocrx_word' id='word_1_804' title='bbox 1610 5307 1761 5378; x_wconf 77' lang='grc' dir='ltr'>ἀξίᾳ.</span> <span class='ocrx_word' id='word_1_805' title='bbox 1798 5303 1954 5378; x_wconf 73' lang='lat' dir='ltr'><strong>Quod</strong></span> 
     </span>
    </p>
   </div>
   <div class='ocr_carea' id='block_1_105' title="bbox 389 5373 1953 5443">
    <p class='ocr_par' dir='ltr' id='par_1_105' title="bbox 389 5373 1953 5443">
     <span class='ocr_line' id='line_1_106' title="bbox 389 5373 1953 5443; baseline 0.001 -15"><span class='ocrx_word' id='word_1_806' title='bbox 389 5373 609 5443; x_wconf 87' lang='lat' dir='ltr'><strong>quidem</strong></span> <span class='ocrx_word' id='word_1_807' title='bbox 639 5373 905 5430; x_wconf 87' lang='lat' dir='ltr'><strong>scholium</strong></span> <span class='ocrx_word' id='word_1_808' title='bbox 935 5375 1003 5430; x_wconf 89' lang='lat' dir='ltr'><strong>ad</strong></span> <span class='ocrx_word' id='word_1_809' title='bbox 1032 5373 1214 5430; x_wconf 86' lang='lat' dir='ltr'><strong>Basilii</strong></span> <span class='ocrx_word' id='word_1_810' title='bbox 1240 5377 1564 5431; x_wconf 90' lang='lat' dir='ltr'><strong>sententiam</strong></span> <span class='ocrx_word' id='word_1_811' title='bbox 1606 5373 1953 5432; x_wconf 80' lang='lat' dir='ltr'><strong>indicandam</strong></span> 
     </span>
    </p>
   </div>
   <div class='ocr_carea' id='block_1_106' title="bbox 391 5445 1951 5514">
    <p class='ocr_par' dir='ltr' id='par_1_106' title="bbox 391 5445 1951 5514">
     <span class='ocr_line' id='line_1_107' title="bbox 391 5445 1951 5514; baseline 0.001 -16"><span class='ocrx_word' id='word_1_812' title='bbox 391 5445 696 5514; x_wconf 86' lang='lat' dir='ltr'><strong>appositum</strong></span> <span class='ocrx_word' id='word_1_813' title='bbox 746 5452 852 5507; x_wconf 90' lang='lat' dir='ltr'><strong>est,</strong></span> <span class='ocrx_word' id='word_1_814' title='bbox 902 5460 1010 5498; x_wconf 92' lang='lat' dir='ltr'><strong>non</strong></span> <span class='ocrx_word' id='word_1_815' title='bbox 1061 5445 1132 5499; x_wconf 85' lang='lat' dir='ltr'><strong>ad</strong></span> <span class='ocrx_word' id='word_1_816' title='bbox 1178 5453 1489 5502; x_wconf 80' lang='lat' dir='ltr'><strong>contextum</strong></span> <span class='ocrx_word' id='word_1_817' title='bbox 1533 5447 1951 5500; x_wconf 89' lang='lat' dir='ltr'><strong>emendandum.</strong></span> 
     </span>
    </p>
   </div>
   <div class='ocr_carea' id='block_1_107' title="bbox 389 5513 1952 5586">
    <p class='ocr_par' dir='ltr' id='par_1_107' title="bbox 389 5513 1952 5586">
     <span class='ocr_line' id='line_1_108' title="bbox 389 5513 1952 5586; baseline 0.001 -18"><span class='ocrx_word' id='word_1_818' title='bbox 389 5513 524 5568; x_wconf 82' lang='lat' dir='ltr'><strong>Nam</strong></span> <span class='ocrx_word' id='word_1_819' title='bbox 552 5514 604 5566; x_wconf 93' lang='lat' dir='ltr'><strong>in</strong></span> <span class='ocrx_word' id='word_1_820' title='bbox 636 5515 913 5586; x_wconf 72' lang='lat' dir='ltr'><strong>superiore</strong></span> <span class='ocrx_word' id='word_1_821' title='bbox 945 5515 1189 5583; x_wconf 88' lang='lat' dir='ltr'><strong>ejusdem</strong></span> <span class='ocrx_word' id='word_1_822' title='bbox 1229 5517 1434 5571; x_wconf 90' lang='lat' dir='ltr'><strong>codicis</strong></span> <span class='ocrx_word' id='word_1_823' title='bbox 1459 5516 1653 5586; x_wconf 86' lang='lat' dir='ltr'><strong>pagina</strong></span> <span class='ocrx_word' id='word_1_824' title='bbox 1703 5517 1812 5571; x_wconf 89' lang='lat' dir='ltr'><strong>duo</strong></span> <span class='ocrx_word' id='word_1_825' title='bbox 1847 5517 1952 5570; x_wconf 87' lang='lat' dir='ltr'><strong>alia</strong></span> 
     </span>
    </p>
   </div>
   <div class='ocr_carea' id='block_1_108' title="bbox 390 5583 1944 5654">
    <p class='ocr_par' dir='ltr' id='par_1_108' title="bbox 390 5583 1944 5654">
     <span class='ocr_line' id='line_1_109' title="bbox 390 5583 1944 5654; baseline 0 -16"><span class='ocrx_word' id='word_1_826' title='bbox 390 5594 688 5654; x_wconf 86' lang='lat' dir='ltr'><strong>occurrunt</strong></span> <span class='ocrx_word' id='word_1_827' title='bbox 715 5583 943 5654; x_wconf 87' lang='lat' dir='ltr'><strong>scholia,</strong></span> <span class='ocrx_word' id='word_1_828' title='bbox 965 5600 1198 5654; x_wconf 90' lang='lat' dir='ltr'><strong>quorum</strong></span> <span class='ocrx_word' id='word_1_829' title='bbox 1228 5583 1477 5654; x_wconf 78' lang='lat' dir='ltr'><strong>primum</strong></span> <span class='ocrx_word' id='word_1_830' title='bbox 1493 5583 1574 5640; x_wconf 76' lang='lat' dir='ltr'><strong>sic</strong></span> <span class='ocrx_word' id='word_1_831' title='bbox 1603 5587 1795 5641; x_wconf 86' lang='lat' dir='ltr'><strong>habet:</strong></span> <span class='ocrx_word' id='word_1_832' title='bbox 1822 5586 1944 5639; x_wconf 80' lang='grc' dir='ltr'>’Ὁτι</span> 
     </span>
    </p>
   </div>
   <div class='ocr_carea' id='block_1_109' title="bbox 389 5653 1951 5727">
    <p class='ocr_par' dir='ltr' id='par_1_109' title="bbox 389 5653 1951 5727">
     <span class='ocr_line' id='line_1_110' title="bbox 389 5653 1951 5727; baseline 0.003 -21"><span class='ocrx_word' id='word_1_833' title='bbox 389 5653 450 5707; x_wconf 87' lang='grc' dir='ltr'><strong>οὐ</strong></span> <span class='ocrx_word' id='word_1_834' title='bbox 483 5653 658 5726; x_wconf 88' lang='grc' dir='ltr'>χρόνῳ</span> <span class='ocrx_word' id='word_1_835' title='bbox 695 5655 725 5706; x_wconf 88' lang='grc' dir='ltr'><strong>ὁ</strong></span> <span class='ocrx_word' id='word_1_836' title='bbox 757 5653 1143 5727; x_wconf 36' lang='grc' dir='ltr'>Υἱὸς-ὕστερος</span> <span class='ocrx_word' id='word_1_837' title='bbox 1178 5653 1272 5727; x_wconf 80' lang='grc' dir='ltr'><strong>τοῦ</strong></span> <span class='ocrx_word' id='word_1_838' title='bbox 1312 5656 1545 5727; x_wconf 75' lang='grc' dir='ltr'>ῌατρὸς.</span> <span class='ocrx_word' id='word_1_839' title='bbox 1587 5655 1738 5722; x_wconf 82' lang='lat' dir='ltr'><strong>Quod</strong></span> <span class='ocrx_word' id='word_1_840' title='bbox 1781 5655 1951 5710; x_wconf 80' lang='lat' dir='ltr'><strong>Filius</strong></span> 
     </span>
    </p>
   </div>
   <div class='ocr_carea' id='block_1_110' title="bbox 388 5723 1945 5798">
    <p class='ocr_par' dir='ltr' id='par_1_110' title="bbox 388 5723 1945 5798">
     <span class='ocr_line' id='line_1_111' title="bbox 388 5723 1945 5798; baseline 0 -18"><span class='ocrx_word' id='word_1_841' title='bbox 388 5723 612 5794; x_wconf 78' lang='lat' dir='ltr'><strong>tempore</strong></span> <span class='ocrx_word' id='word_1_842' title='bbox 633 5741 732 5780; x_wconf 82' lang='lat' dir='ltr'><strong>non</strong></span> <span class='ocrx_word' id='word_1_843' title='bbox 751 5724 970 5797; x_wconf 74' lang='lat' dir='ltr'><strong>inferior</strong></span> <span class='ocrx_word' id='word_1_844' title='bbox 991 5723 1176 5790; x_wconf 77' lang='lat' dir='ltr'><strong>Putre;</strong></span> <span class='ocrx_word' id='word_1_845' title='bbox 1194 5725 1384 5784; x_wconf 83' lang='lat' dir='ltr'><strong>deindc</strong></span> <span class='ocrx_word' id='word_1_846' title='bbox 1402 5723 1676 5784; x_wconf 81' lang='lat' dir='ltr'><strong>aliquanto</strong></span> <span class='ocrx_word' id='word_1_847' title='bbox 1695 5737 1813 5798; x_wconf 88' lang='lat' dir='ltr'><strong>post</strong></span> <span class='ocrx_word' id='word_1_848' title='bbox 1829 5727 1945 5781; x_wconf 79' lang='grc' dir='ltr'>οὐδὲ</span> 
     </span>
    </p>
   </div>
   <div class='ocr_carea' id='block_1_111' title="bbox 2056 4883 3628 4956">
    <p class='ocr_par' dir='ltr' id='par_1_111' title="bbox 2056 4883 3628 4956">
     <span class='ocr_line' id='line_1_112' title="bbox 2056 4883 3628 4956; baseline 0.001 -18"><span class='ocrx_word' id='word_1_849' title='bbox 2056 4884 2228 4949; x_wconf 83' lang='grc' dir='ltr'>τάξει,</span> <span class='ocrx_word' id='word_1_850' title='bbox 2247 4901 2406 4956; x_wconf 84' lang='lat' dir='ltr'><strong>neque</strong></span> <span class='ocrx_word' id='word_1_851' title='bbox 2426 4884 2640 4956; x_wconf 74' lang='lat' dir='ltr'><strong>ordine;</strong></span> <span class='ocrx_word' id='word_1_852' title='bbox 2659 4884 2892 4956; x_wconf 81' lang='lat' dir='ltr'><strong>denique</strong></span> <span class='ocrx_word' id='word_1_853' title='bbox 2916 4883 3206 4956; x_wconf 58' lang='lat' dir='ltr'><strong>obdsﬁgig,</strong></span> <span class='ocrx_word' id='word_1_854' title='bbox 3222 4902 3313 4940; x_wconf 86' lang='lat' dir='ltr'><strong>nec</strong></span> <span class='ocrx_word' id='word_1_855' title='bbox 3339 4885 3628 4955; x_wconf 86' lang='lat' dir='ltr'><strong>dignitate;</strong></span> 
     </span>
    </p>
   </div>
   <div class='ocr_carea' id='block_1_112' title="bbox 2058 4955 3622 5012">
    <p class='ocr_par' dir='ltr' id='par_1_112' title="bbox 2058 4955 3622 5012">
     <span class='ocr_line' id='line_1_113' title="bbox 2058 4955 3622 5012; baseline 0.001 -3"><span class='ocrx_word' id='word_1_856' title='bbox 2058 4955 2466 5010; x_wconf 88' lang='lat' dir='ltr'><strong>accommodate</strong></span> <span class='ocrx_word' id='word_1_857' title='bbox 2513 4957 2580 5009; x_wconf 90' lang='lat' dir='ltr'><strong>ad</strong></span> <span class='ocrx_word' id='word_1_858' title='bbox 2614 4955 2918 5009; x_wconf 83' lang='lat' dir='ltr'><strong>institutam</strong></span> <span class='ocrx_word' id='word_1_859' title='bbox 2967 4969 2999 5007; x_wconf 90' lang='lat' dir='ltr'><strong>a</strong></span> <span class='ocrx_word' id='word_1_860' title='bbox 3035 4955 3234 5009; x_wconf 79' lang='lat' dir='ltr'><strong>Basilio</strong></span> <span class='ocrx_word' id='word_1_861' title='bbox 3275 4956 3622 5012; x_wconf 88' lang='lat' dir='ltr'><strong>divisionem.</strong></span> 
     </span>
    </p>
   </div>
   <div class='ocr_carea' id='block_1_113' title="bbox 2127 5024 3285 5098">
    <p class='ocr_par' dir='ltr' id='par_1_113' title="bbox 2127 5024 3285 5098">
     <span class='ocr_line' id='line_1_114' title="bbox 2127 5024 3285 5098; baseline 0.001 -19"><span class='ocrx_word' id='word_1_862' title='bbox 2127 5025 2238 5098; x_wconf 62' lang='grc' dir='ltr'><strong>(εξ)</strong></span> <span class='ocrx_word' id='word_1_863' title='bbox 2279 5025 2496 5098; x_wconf 63' lang='grc' dir='ltr'>φαμέν.</span> <span class='ocrx_word' id='word_1_864' title='bbox 2532 5024 2645 5098; x_wconf 83' lang='lat' dir='ltr'><strong>Duo</strong></span> <span class='ocrx_word' id='word_1_865' title='bbox 2675 5025 2891 5098; x_wconf 81' lang='lat' dir='ltr'><strong>codices</strong></span> <span class='ocrx_word' id='word_1_866' title='bbox 2912 5039 3044 5098; x_wconf 79' lang='lat' dir='ltr'><strong>mss.</strong></span> <span class='ocrx_word' id='word_1_867' title='bbox 3079 5026 3285 5098; x_wconf 79' lang='grc' dir='ltr'>φῶμεν.</span> 
     </span>
    </p>
   </div>
   <div class='ocr_carea' id='block_1_114' title="bbox 2129 5093 3626 5166">
    <p class='ocr_par' dir='ltr' id='par_1_114' title="bbox 2129 5093 3626 5166">
     <span class='ocr_line' id='line_1_115' title="bbox 2129 5093 3626 5166; baseline -0.001 -16"><span class='ocrx_word' id='word_1_868' title='bbox 2129 5093 2242 5166; x_wconf 72' lang='grc'>(84)</span> <span class='ocrx_word' id='word_1_869' title='bbox 2285 5095 2336 5146; x_wconf 89' lang='lat'><strong>&#39;0</strong></span> <span class='ocrx_word' id='word_1_870' title='bbox 2365 5095 2699 5164; x_wconf 78' lang='grc' dir='ltr'>μονογενὴς</span> <span class='ocrx_word' id='word_1_871' title='bbox 2741 5096 2908 5166; x_wconf 75' lang='grc' dir='ltr'>Θεός.</span> <span class='ocrx_word' id='word_1_872' title='bbox 2939 5093 3061 5166; x_wconf 78' lang='lat' dir='ltr'><strong>Hac</strong></span> <span class='ocrx_word' id='word_1_873' title='bbox 3087 5093 3367 5166; x_wconf 30' lang='lat' dir='ltr'><strong>des—untAin</strong></span> <span class='ocrx_word' id='word_1_874' title='bbox 3394 5111 3505 5150; x_wconf 92' lang='lat' dir='ltr'><strong>uno</strong></span> <span class='ocrx_word' id='word_1_875' title='bbox 3533 5110 3626 5149; x_wconf 89' lang='lat' dir='ltr'><strong>co-</strong></span> 
     </span>
    </p>
   </div>
   <div class='ocr_carea' id='block_1_115' title="bbox 2057 5164 3623 5236">
    <p class='ocr_par' dir='ltr' id='par_1_115' title="bbox 2057 5164 3623 5236">
     <span class='ocr_line' id='line_1_116' title="bbox 2057 5164 3623 5236; baseline -0.003 -15"><span class='ocrx_word' id='word_1_876' title='bbox 2057 5167 2174 5222; x_wconf 91' lang='lat' dir='ltr'><strong>dice</strong></span> <span class='ocrx_word' id='word_1_877' title='bbox 2202 5164 2336 5236; x_wconf 78' lang='lat' dir='ltr'><strong>ms.,</strong></span> <span class='ocrx_word' id='word_1_878' title='bbox 2362 5166 2456 5236; x_wconf 87' lang='lat' dir='ltr'><strong>sed</strong></span> <span class='ocrx_word' id='word_1_879' title='bbox 2483 5166 2537 5220; x_wconf 93' lang='lat' dir='ltr'><strong>in</strong></span> <span class='ocrx_word' id='word_1_880' title='bbox 2565 5167 2802 5234; x_wconf 90' lang='lat' dir='ltr'><strong>quinque</strong></span> <span class='ocrx_word' id='word_1_881' title='bbox 2821 5164 2943 5218; x_wconf 92' lang='lat' dir='ltr'><strong>aliis</strong></span> <span class='ocrx_word' id='word_1_882' title='bbox 2966 5165 3238 5236; x_wconf 85' lang='lat' dir='ltr'><strong>leguntur.</strong></span> <span class='ocrx_word' id='word_1_883' title='bbox 3273 5164 3414 5236; x_wconf 85' lang='lat' dir='ltr'><strong>Editi</strong></span> <span class='ocrx_word' id='word_1_884' title='bbox 3448 5169 3476 5218; x_wconf 87' lang='grc' dir='ltr'>ὁ</span> <span class='ocrx_word' id='word_1_885' title='bbox 3519 5182 3623 5236; x_wconf 85' lang='grc' dir='ltr'>μο-</span> 
     </span>
    </p>
   </div>
   <div class='ocr_carea' id='block_1_116' title="bbox 2057 5235 3624 5306">
    <p class='ocr_par' dir='ltr' id='par_1_116' title="bbox 2057 5235 3624 5306">
     <span class='ocr_line' id='line_1_117' title="bbox 2057 5235 3624 5306; baseline 0 -16"><span class='ocrx_word' id='word_1_886' title='bbox 2057 5237 2294 5306; x_wconf 70' lang='grc' dir='ltr'>νογενὴς</span> <span class='ocrx_word' id='word_1_887' title='bbox 2329 5235 2456 5306; x_wconf 77' lang='grc' dir='ltr'>Υἱός</span> <span class='ocrx_word' id='word_1_888' title='bbox 2509 5245 2696 5289; x_wconf 86' lang='lat' dir='ltr'><strong>contra</strong></span> <span class='ocrx_word' id='word_1_889' title='bbox 2745 5242 2986 5306; x_wconf 89' lang='lat' dir='ltr'><strong>veterum</strong></span> <span class='ocrx_word' id='word_1_890' title='bbox 3025 5235 3287 5306; x_wconf 86' lang='lat' dir='ltr'><strong>codicum</strong></span> <span class='ocrx_word' id='word_1_891' title='bbox 3344 5235 3528 5290; x_wconf 83' lang='lat' dir='ltr'><strong>ﬁdem</strong></span> <span class='ocrx_word' id='word_1_892' title='bbox 3567 5243 3624 5306; x_wconf 87' lang='lat' dir='ltr'><strong>et</strong></span> 
     </span>
    </p>
   </div>
   <div class='ocr_carea' id='block_1_117' title="bbox 2049 5305 3622 5376">
    <p class='ocr_par' dir='ltr' id='par_1_117' title="bbox 2049 5305 3622 5376">
     <span class='ocr_line' id='line_1_118' title="bbox 2049 5305 3622 5376; baseline -0.001 -16"><span class='ocrx_word' id='word_1_893' title='bbox 2049 5305 2893 5376; x_wconf 12' lang='lat' dir='ltr'><strong>ipsiusiBasiliitestimonium,</strong></span> <span class='ocrx_word' id='word_1_894' title='bbox 2939 5305 3038 5376; x_wconf 85' lang='lat' dir='ltr'><strong>qui</strong></span> <span class='ocrx_word' id='word_1_895' title='bbox 3094 5305 3357 5367; x_wconf 88' lang='lat' dir='ltr'><strong>declarat,</strong></span> <span class='ocrx_word' id='word_1_896' title='bbox 3410 5320 3532 5375; x_wconf 92' lang='lat' dir='ltr'><strong>cap.</strong></span> <span class='ocrx_word' id='word_1_897' title='bbox 3582 5305 3622 5376; x_wconf 12' lang='lat'><strong>,8</strong></span> 
     </span>
    </p>
   </div>
   <div class='ocr_carea' id='block_1_118' title="bbox 2051 5373 3623 5446">
    <p class='ocr_par' dir='ltr' id='par_1_118' title="bbox 2051 5373 3623 5446">
     <span class='ocr_line' id='line_1_119' title="bbox 2051 5373 3623 5446; baseline -0.002 -16"><span class='ocrx_word' id='word_1_898' title='bbox 2051 5373 2215 5446; x_wconf 77' lang='lat' dir='ltr'><strong>hujus</strong></span> <span class='ocrx_word' id='word_1_899' title='bbox 2247 5375 2721 5446; x_wconf 16' lang='lat' dir='ltr'><strong>Iibri,_7Christum</strong></span> <span class='ocrx_word' id='word_1_900' title='bbox 2766 5389 2796 5427; x_wconf 94' lang='lat' dir='ltr'><strong>a</strong></span> <span class='ocrx_word' id='word_1_901' title='bbox 2833 5373 3115 5446; x_wconf 81' lang='lat' dir='ltr'><strong>Scriptura</strong></span> <span class='ocrx_word' id='word_1_902' title='bbox 3160 5376 3339 5430; x_wconf 86' lang='lat' dir='ltr'><strong>vocari</strong></span> <span class='ocrx_word' id='word_1_903' title='bbox 3373 5373 3623 5446; x_wconf 81' lang='lat' dir='ltr'><strong>unigeni-</strong></span> 
     </span>
    </p>
   </div>
   <div class='ocr_carea' id='block_1_119' title="bbox 2049 5444 3681 5515">
    <p class='ocr_par' dir='ltr' id='par_1_119' title="bbox 2049 5444 3681 5515">
     <span class='ocr_line' id='line_1_120' title="bbox 2049 5444 3681 5515; baseline 0 -15"><span class='ocrx_word' id='word_1_904' title='bbox 2049 5444 2164 5501; x_wconf 89' lang='lat' dir='ltr'><strong>tum</strong></span> <span class='ocrx_word' id='word_1_905' title='bbox 2188 5445 2376 5500; x_wconf 89' lang='lat' dir='ltr'><strong>Deum.</strong></span> <span class='ocrx_word' id='word_1_906' title='bbox 2406 5444 2556 5500; x_wconf 86' lang='lat' dir='ltr'><strong>Unde</strong></span> <span class='ocrx_word' id='word_1_907' title='bbox 2585 5455 2726 5515; x_wconf 88' lang='lat' dir='ltr'><strong>patet</strong></span> <span class='ocrx_word' id='word_1_908' title='bbox 2747 5460 2868 5501; x_wconf 89' lang='lat' dir='ltr'><strong>eum</strong></span> <span class='ocrx_word' id='word_1_909' title='bbox 2896 5445 2976 5499; x_wconf 91' lang='lat' dir='ltr'><strong>sic</strong></span> <span class='ocrx_word' id='word_1_910' title='bbox 3003 5445 3199 5514; x_wconf 76' lang='lat' dir='ltr'><strong>legisse</strong></span> <span class='ocrx_word' id='word_1_911' title='bbox 3222 5448 3296 5500; x_wconf 91' lang='lat' dir='ltr'><strong>uti</strong></span> <span class='ocrx_word' id='word_1_912' title='bbox 3328 5444 3619 5501; x_wconf 76' lang='lat' dir='ltr'><strong>edidimus.</strong></span> <span class='ocrx_word' id='word_1_913' title='bbox 3679 5489 3681 5491; x_wconf 86' lang='lat'><strong>.</strong></span> 
     </span>
    </p>
   </div>
   <div class='ocr_carea' id='block_1_120' title="bbox 2051 5515 3621 5586">
    <p class='ocr_par' dir='ltr' id='par_1_120' title="bbox 2051 5515 3621 5586">
     <span class='ocr_line' id='line_1_121' title="bbox 2051 5515 3621 5586; baseline 0 -15"><span class='ocrx_word' id='word_1_914' title='bbox 2051 5517 2166 5571; x_wconf 89' lang='lat' dir='ltr'><strong>Hoc</strong></span> <span class='ocrx_word' id='word_1_915' title='bbox 2195 5517 2314 5586; x_wconf 91' lang='lat' dir='ltr'><strong>ipso</strong></span> <span class='ocrx_word' id='word_1_916' title='bbox 2356 5516 2411 5569; x_wconf 92' lang='lat' dir='ltr'><strong>in</strong></span> <span class='ocrx_word' id='word_1_917' title='bbox 2455 5516 2572 5571; x_wconf 87' lang='lat' dir='ltr'><strong>loco</strong></span> <span class='ocrx_word' id='word_1_918' title='bbox 2598 5518 2812 5572; x_wconf 88' lang='lat' dir='ltr'><strong>codices</strong></span> <span class='ocrx_word' id='word_1_919' title='bbox 2841 5515 2950 5569; x_wconf 93' lang='lat' dir='ltr'><strong>duo</strong></span> <span class='ocrx_word' id='word_1_920' title='bbox 2982 5516 3039 5567; x_wconf 83' lang='grc' dir='ltr'>ἐν</span> <span class='ocrx_word' id='word_1_921' title='bbox 3065 5519 3176 5581; x_wconf 87' lang='grc' dir='ltr'>τοῖς</span> <span class='ocrx_word' id='word_1_922' title='bbox 3211 5517 3452 5580; x_wconf 85' lang='grc' dir='ltr'>κόλποις,</span> <span class='ocrx_word' id='word_1_923' title='bbox 3481 5516 3621 5571; x_wconf 78' lang='lat' dir='ltr'><strong>alius</strong></span> 
     </span>
    </p>
   </div>
   <div class='ocr_carea' id='block_1_121' title="bbox 2051 5585 2436 5656">
    <p class='ocr_par' dir='ltr' id='par_1_121' title="bbox 2051 5585 2436 5656">
     <span class='ocr_line' id='line_1_122' title="bbox 2051 5585 2436 5656; baseline -0.008 -16"><span class='ocrx_word' id='word_1_924' title='bbox 2051 5589 2107 5640; x_wconf 81' lang='grc' dir='ltr'><strong>ἐν</strong></span> <span class='ocrx_word' id='word_1_925' title='bbox 2132 5586 2208 5656; x_wconf 80' lang='grc' dir='ltr'>τῷ</span> <span class='ocrx_word' id='word_1_926' title='bbox 2223 5585 2436 5655; x_wconf 84' lang='grc' dir='ltr'>κόλπῳ.</span> 
     </span>
    </p>
   </div>
   <div class='ocr_carea' id='block_1_122' title="bbox 2120 5655 3616 5726">
    <p class='ocr_par' dir='ltr' id='par_1_122' title="bbox 2120 5655 3616 5726">
     <span class='ocr_line' id='line_1_123' title="bbox 2120 5655 3616 5726; baseline -0.001 -15"><span class='ocrx_word' id='word_1_927' title='bbox 2120 5655 2234 5722; x_wconf 79' lang='lat'><strong>(85)</strong></span> <span class='ocrx_word' id='word_1_928' title='bbox 2270 5655 2718 5726; x_wconf 74' lang='grc' dir='ltr'>Ἐπιδεομένοις.</span> <span class='ocrx_word' id='word_1_929' title='bbox 2750 5655 2840 5713; x_wconf 91' lang='lat' dir='ltr'><strong>Sic</strong></span> <span class='ocrx_word' id='word_1_930' title='bbox 2867 5671 2997 5713; x_wconf 88' lang='lat' dir='ltr'><strong>mss.</strong></span> <span class='ocrx_word' id='word_1_931' title='bbox 3035 5668 3290 5718; x_wconf 80' lang='lat' dir='ltr'><strong>quatuor.</strong></span> <span class='ocrx_word' id='word_1_932' title='bbox 3318 5656 3459 5711; x_wconf 89' lang='lat' dir='ltr'><strong>Editi</strong></span> <span class='ocrx_word' id='word_1_933' title='bbox 3489 5655 3616 5710; x_wconf 80' lang='grc' dir='ltr'>ὕπο-</span> 
     </span>
    </p>
   </div>
   <div class='ocr_carea' id='block_1_123' title="bbox 2048 5728 2336 5799">
    <p class='ocr_par' dir='ltr' id='par_1_123' title="bbox 2048 5728 2336 5799">
     <span class='ocr_line' id='line_1_124' title="bbox 2048 5728 2336 5799; baseline 0.007 -19"><span class='ocrx_word' id='word_1_934' title='bbox 2048 5728 2336 5799; x_wconf 77' lang='grc' dir='ltr'>δεομένοις.</span> 
     </span>
    </p>
   </div>
  </div>
