3972 6218
247 299 315 352 95
1391 323 1594 380 LIBER
1633 323 1719 377 DE
1763 323 2031 380 smm'w
2076 323 2365 382 sanam.
3442 318 3514 376 9i

247 433 315 504 μὴ
344 431 527 503 τιμῶν
548 433 652 488 τὸν
689 435 814 490 Υίὸν
843 437 905 491 οὐ
937 441 1071 510 τιμᾷ
1099 439 1192 493 τὸν
1221 440 1475 514 Πατέρα;
1507 442 1572 494 Τί
1601 443 1710 513 γὰρ
1743 443 1831 496 καὶ

1941 443 2170 497 sationis
2201 440 2495 497 aﬂ'eremus
2525 441 2580 495 in
2611 439 2940 496 formidabili
2963 454 3027 494 ac
3043 438 3317 494 communi
3343 437 3515 494 totius

243 526 523 595 φήσομενς
568 527 709 582 τίνα
757 529 952 601 ἕξομεν
998 531 1212 585 δικαίαν
1265 533 1564 602 ἀπολογίαν
1612 535 1704 586 ἐπὶ
1743 535 1837 587 τοῦ

244 617 473 688 φοϐεροῦ
511 620 616 672 καὶ
652 622 834 675 κοινοῦ
867 623 967 694 τῆς
992 623 1222 688 κτίσεως
1261 626 1444 697 πάσης
1467 626 1835 698 δικαστηρίου,

243 710 290 759 εί
321 707 417 761 τοῦ
459 711 690 782 Κυρίου
733 714 916 784 σαφῶς
964 715 1438 787 ἐπαγγελλομένω
1477 718 1628 789 ἥξειν
1672 721 1731 772 ἐν
1769 722 1837 789 τῇ

242 799 361 871 δόξῃ
391 800 492 854 τοῦ
529 803 780 876 Πατρὸς,
813 806 908 859 καὶ
954 807 1226 876 Στεφάνου
1255 809 1592 880 θεασαμένου
1633 809 1839 880 Ἰησοῦν

246 891 452 946 ἑστῶτα
471 895 541 947 ἐκ
569 894 771 960 δεξιῶν
798 899 892 952 τοῦ
926 899 1084 966 Θεοῦ,
1116 902 1210 955 καὶ
1236 901 1450 955 Παύλου
1477 904 1534 955 ὲν
1563 903 1838 973 Πνεύματι

246 983 767 1057 διαμαρτυρομένου
822 991 933 1062 (86)
979 994 1102 1065 περὶ
1145 993 1402 1065 Χριστοῦ,
1454 995 1538 1047 ὅτι
1587 995 1731 1047 ἐστιν
1781 997 1838 1047 ἐν

245 1072 388 1144 δεξιᾷ
413 1075 512 1127 τοῦ
547 1077 698 1132 Θεοῦ
716 1097 731 1110 ο
762 1081 856 1134 καὶ
884 1081 980 1135 τοῦ
1006 1084 1219 1154 Πατρὸς
1243 1083 1510 1152 λέγοντος,
1544 1083 1739 1138 Κάθου
1768 1086 1836 1137 ἐκ

249 1163 458 1230 δεξιῶν
488 1185 656 1237 μου¹
703 1173 800 1225 καὶ
837 1173 932 1226 τοῦ
971 1176 1122 1243 ἁγίου
1163 1175 1478 1246 Πνεύματος
1510 1177 1840 1248 μαρτυροῦν-

249 1272 354 1319 τος,
412 1259 498 1310 ὅτι
548 1260 818 1316 ἐκάθισεν
865 1265 923 1316 ἐν
976 1265 1123 1337 δεξιᾷ
1166 1267 1264 1336 τῆς
1319 1265 1696 1337 μεγαλοσύνης
1742 1267 1836 1318 τοῦ

249 1345 410 1399 Θεοῦ’
447 1350 622 1420 ἡμεῖς
673 1352 768 1408 τὸν
803 1355 1090 1426 σύνθρονον
1135 1359 1230 1411 καὶ
1271 1358 1532 1428 ὁμότιμον
1579 1357 1687 1410 ἀπὸ
1738 1359 1838 1428 τῆς

251 1437 380 1507 πρὸς
425 1439 490 1491 τὸ
546 1441 673 1494 [σον
733 1443 972 1513 σχέσεως
1013 1447 1106 1499 ἐπὶ
1154 1447 1214 1500 τὸ
1260 1447 1412 1500 κάτω
1453 1447 1838 1512 καταϐιϐάζω-

252 1543 343 1597 μεν
375 1527 529 1599 (8ης
584 1527 764 1603 Οἶμαι
805 1535 916 1606 γὰρ
943 1537 1041 1606 τὴν
1072 1538 1171 1608 μὲν
1202 1538 1390 1593 στάσιν
1422 1539 1517 1592 καὶ
1567 1538 1664 1611 τὴν
1707 1539 1840 1592 καθ-

256 1619 449 1688 ίδρυσιν
491 1622 556 1674 τὺ
601 1623 810 1694 πάγιον
834 1627 937 1698 τῆς
959 1629 1172 1696 φύσεως
1211 1631 1308 1683 καὶ
1358 1629 1534 1701 πάντη
1579 1631 1839 1702 στάσιμον

254 1709 603 1782 ὑποφαίνειν,
655 1717 796 1771 καθὸ
846 1720 942 1773 καὶ
985 1721 1014 1774 ὁ
1052 1721 1287 1793 Βαροὺχ,
1334 1723 1396 1776 τὸ
1441 1723 1698 1795 ἀκίνητον
1745 1725 1838 1777 καὶ

1940 540 2207 588 creatura:
2229 532 2462 602 judicio,
2516 532 2564 588 si
2621 538 2974 602 posteaquam
3020 529 3283 585 Dominus
3330 536 3516 598 aperte

1940 626 2283 682 denuntiavit
2322 639 2382 680 se
2413 632 2704 679 venturum
2746 624 2801 678 in
2825 623 2995 693 gloria
3013 621 3194 676 Patris
3212 623 3278 685 ³⁷,
3301 628 3356 675 et
3392 619 3514 674 Ste-

1939 717 2155 787 phanus
2201 717 2391 772 Jesum
2438 715 2580 770 vidit
2633 722 2870 770 stantem
2915 732 2946 768 a
2984 713 3191 768 derlris
3240 711 3416 778 Dei",
3460 719 3514 766 et

1938 809 2140 863 Paulus
2173 807 2379 877 Spiritu
2417 807 2628 861 aﬁlatus
2673 805 2997 862 testiﬁcatus
3027 811 3113 860 est
3159 804 3226 859 de
3267 801 3512 867 Christo,

1940 902 2083 972 quod
2108 908 2192 956 est
2221 901 2276 954 in
2297 901 2488 954 dextra
2506 899 2597 955 Dei
2615 898 2661 932 “
2689 917 2705 966 ;
2733 906 2896 969 atque
2923 898 3086 954 etiam
3109 913 3231 953 cum
3264 896 3423 951 Pater
3437 896 3516 950 di-

1940 1003 2028 1046 cat
2063 1033 2077 1058 ,
2115 991 2247 1047 Sede
2271 1010 2302 1046 α
2323 992 2524 1046 dextris
2553 993 2681 1046 meis
2699 991 2768 1056 ω,
2799 999 2853 1046 et
2885 989 3121 1061 Spiritus
3149 997 3374 1044 sanctus
3432 995 3516 1042 te-

1941 1080 2256 1135 stimonium
2295 1080 2598 1150 perhibeat,
2626 1080 2771 1150 quod
2821 1078 3133 1134 consederit
3165 1078 3231 1132 ad
3265 1078 3515 1132 dextram

1938 1168 2240 1236 majestatis
2264 1169 2452 1237 Dei“;
2488 1185 2591 1223 nos
2621 1170 2803 1224 throni
2830 1177 3164 1234 consortem,
3193 1175 3246 1223 et
3285 1167 3517 1222 honoris.

1938 1261 2182 1330 ejusdem
2206 1263 2546 1332 participem,
2583 1262 2652 1316 ab
2681 1263 3008 1332 aequalitatis
3037 1269 3182 1318 statu
3206 1261 3270 1316 ad
3293 1259 3517 1315 inferio-

1939 1369 2053 1410 rem
2108 1355 2431 1424 dejiciamus
2454 1355 2677 1409 locum?
2699 1354 2976 1424 Siquidem
3007 1355 3246 1408 arbitror
3278 1353 3519 1409 statione

1937 1455 1992 1502 et
2019 1461 2281 1502 consessu
2305 1461 2533 1510 naturae,
2555 1447 2862 1502 ﬁrmitatem
2880 1462 2944 1501 ac
2970 1447 3318 1502 stabilitatem
3343 1445 3517 1500 omni-

1939 1537 2153 1591 modam
2189 1539 2528 1609 signiﬁcari;
2571 1539 2729 1608 juxta
2760 1553 2920 1608 quem
2954 1546 3170 1608 tropum
3193 1545 3247 1592 et
3294 1537 3508 1592 Baruch

1939 1627 2106 1684 Deum
2142 1629 2468 1685 immobilem
2501 1637 2554 1684 et
2589 1630 2984 1685 immutabilem
3009 1645 3226 1700 semper
3263 1629 3364 1700 13
3385 1644 3511 1684 esse

1938 1723 2256 1788 ostendens,
2282 1725 2357 1778 ait
2394 1743 2406 1778 :
2449 1723 2527 1778 Tu
2555 1724 2702 1778 sedes
2739 1725 2795 1778 in
2847 1735 3123 1787 aeternum,
3169 1733 3218 1778 et
3251 1741 3344 1778 nos
3396 1739 3511 1792 per-

255 1800 578 1894 ἀμετάθετον
610 1805 719 1877 τῆς
746 1807 842 1861 τοῦ
870 1808 1004 1862 Θεοῦ
1029 1808 1362 1881 διεξαγωγῆς
1389 1811 1628 1865 ὲνδεικνύ
1637 1829 1828 1882 μενος,

1938 1815 2076 1867 imus
2112 1814 2165 1866 in
2188 1830 2355 1868 mum
2378 1813 2423 1846 “
2453 1812 2686 1870 :dextro
2717 1822 2898 1868 autem
2926 1813 3298 1868 locoindicari
3328 1813 3513 1883 digni-

255 1890 349 1962 ἔφη
381 1894 462 1958 τὸ,
506 1895 596 1949 Σὺ
631 1899 973 1968 καθήμενος
1016 1904 1102 1966 είς
1133 1902 1242 1955 τὸν
1277 1901 1484 1968 αἰῶνα,
1519 1904 1618 1957 καί
1662 1903 1831 1972 ἡμεῖς

1942 1904 2070 1959 tatis
2099 1903 2489 1973 aequalitatem.
2512 1905 2593 1958 An
2623 1919 2733 1958 non
2765 1903 2931 1974 igitur
2955 1903 3132 1956 audax
3162 1901 3374 1958 facinus
3393 1900 3512 1956 fue-

258 1983 664 2055 ἀπολλύμενοι
702 1991 795 2055 εὶς
823 1990 930 2045 τὸν
959 1991 1142 2044 αἰῶνα
1165 2010 1178 2024 ·
1215 1992 1312 2063 τὴν
1353 1991 1533 2057 δεξιὰν
1563 1993 1620 2046 δὲ
1651 1991 1832 2064 χώραν

257 2074 434 2146 δηλοῦν
461 2078 523 2130 τὸ
555 2080 662 2150 τῆς
688 2081 851 2147 ἀξίας
877 2082 1158 2154 ὁμότιμον.
1196 2084 1318 2148 Πῶς
1347 2079 1439 2137 οὖν
1472 2085 1531 2136 οὐ
1562 2083 1832 2155 τολμηρὸν

1940 1996 2032 2058 rit,
2065 1993 2263 2048 Filium
2294 1995 2712 2066 gloriﬁcationis
2740 1997 3022 2050 consortio
3070 1996 3306 2064 privare,
3343 1994 3514 2049 veluti

1937 2089 2031 2157 qui
2064 2097 2340 2142 mereatur
2366 2089 2421 2140 in
2451 2087 2574 2141 loco
2614 2087 2798 2144 minus
2842 2087 3114 2142 honorato
3147 2083 3440 2140 collocari?

261 2164 346 2234 τῆς
380 2171 520 2222 κατὰ
557 2169 660 2241 τὴν
725 2171 1036 2242 δοξολογίαν
1071 2174 1180 2246 (88)
1220 2175 1503 2239 κοινωνίας
1566 2176 1887 2246 ἀποστερεῖν
1945 2180 2037 2232 τὸν
2090 2180 2239 2246 Υίὸν,
2287 2179 2363 2242 ὡς
2409 2179 2468 2232 ἐν
2517 2179 2760 2233 ἐλάττονι
2819 2180 2972 2249 χώρᾳ
3033 2179 3198 2248 τιμῆς
3254 2172 3513 2245 τετάχθαι

259 2254 392 2320 ἄξιον
414 2273 429 2287 °

782 2381 1177 2437 ΚΕΦΑΛΑΙΟΝ
1228 2383 1303 2438 Z'.

263 2471 401 2538 Πρὸς
428 2473 573 2551 τοὺς
601 2475 904 2551 λέγοντας
939 2480 1026 2551 μὴ
1056 2479 1326 2550 ἁρμόζειν
1358 2483 1454 2536 ἐπὶ
1505 2482 1639 2551 Υίρῦ
1672 2481 1832 2551 λέγε-

384 2546 521 2598 σθαι
558 2546 627 2600 τὸ
675 2546 700 2597 «⁷
729 2549 857 2617 μεθ’
892 2547 965 2606 οὗ
1003 2546 1023 2602 ί
1055 2546 1218 2605 ἀλλὰ
1259 2552 1328 2606 τὸ
1366 2571 1384 2604 ι
1425 2551 1500 2604 δι’
1527 2549 1620 2608 οὗ.
1666 2573 1684 2604 ι

322 2649 402 2706 16.
454 2653 618 2709 Ἀλλά
657 2657 718 2709 τὸ
731 2659 858 2727 μετ’
889 2661 1076 2715 αὑτοῦ
1107 2661 1305 2731 λέγειν,
1344 2664 1530 2733 φασὶν,
1560 2664 1831 2729 ἀττεξενω⁴

2537 2376 2766 2434 CAPUT
2809 2376 2916 2431 Vll.

1937 2470 2200 2526 Adversus
2227 2486 2315 2524 eos
2361 2471 2450 2538 qui
2496 2468 2676 2522 dicunt
2729 2486 2833 2521 non
2871 2475 3214 2535 congruenter
3252 2466 3317 2523 de
3365 2465 3512 2524 Filio

2213 2541 2341 2605 dici,
2369 2558 2389 2591 ι
2410 2556 2528 2592 cum
2549 2555 2671 2608 quo,
2695 2558 2713 2590 ι
2730 2539 2840 2602 sed,
2862 2556 2880 2588 ι
2899 2553 2987 2606 per
3009 2554 3182 2607 quem.
3205 2557 3225 2588 ι

2007 2653 2093 2708 l6.
2139 2652 2244 2706 Sed
2276 2651 2379 2706 hoc
2429 2650 2687 2720 loquendi
2740 2666 2934 2721 genus,
2985 2665 3105 2703 cum
3160 2651 3296 2718 ipso,
3335 2652 3510 2718 aiunt,

267 2741 408 2796 ιιένον
441 2748 731 2812 παντελῶς
760 2752 854 2803 καὶ¹
895 2751 1162 2824 ἀσύνηθες
1183 2771 1196 2784 ·
1233 2754 1295 2807 τὸ
1332 2754 1390 2808 δὲ
1433 2755 1508 2808 δι’
1535 2757 1719 2810 αὑτοῦ
1754 2756 1831 2826 τῷ

1938 2743 2158 2796 mulino
2215 2740 2561 2811 peregrinum
2630 2747 2714 2793 est
2770 2748 2824 2794 et
2884 2741 3208 2796 inusitatum
3245 2760 3258 2796 :
3294 2751 3508 2807 contra,

268 2849 317 2886 τε
345 2834 479 2908 λόγῳ
520 2840 643 2921 τῆς,
668 2841 707 2894 Γ
712 2843 892 2914 ραφῆς
939 2846 1267 2900 οἰκειότατον
1314 2848 1408 2901 καὶ
1448 2850 1506 2901 ὲν
1543 2851 1609 2920 τῇ
1639 2849 1831 2920 χρήσει

1938 2835 2103 2897 istud,
2136 2851 2228 2903 per
2249 2836 2438 2903 ipsum,
2466 2841 2579 2886 tum
2607 2833 2849 2887 sermoni
2875 2832 3172 2902 Scriptum
3199 2832 3514 2891 familiaris-

270 2925 354 2997 τῆς
394 2929 753 3004 ἀδελφότητος
797 2937 1178 3008 τετριμμένον.
1238 2939 1304 2992 Τί
1346 2935 1438 2994 οὖν
1487 2943 1651 3012 ἡμεῖς
1698 2942 1831 3013 πρὸς

1938 2924 2134 2980 simum
2166 2933 2281 2978 tum
2327 2922 2561 2977 fratrum
2603 2938 2709 2978 usu
2751 2923 2943 2977 tritum
2987 2937 3131 2978 esse.
3166 2921 3309 2990 Quid
3345 2925 3513 2995 igitur

270 3019 459 3087 ταῦτας
517 3024 643 3078 Ὅτι
701 3027 950 3098 μακάρια
1002 3028 1072 3082 τὰ
1118 3024 1234 3084 ὦτα
1283 3030 1354 3084 τά
1403 3032 1479 3104 μὴ
1526 3031 1831 3086 ἀκούσαντα

1938 3033 2038 3073 nos
2071 3017 2136 3071 ad
2174 3017 2325 3072 ista?
2350 3015 2618 3071 Nimirum
2654 3017 2844 3072 beatas
2868 3031 2994 3072 esse
3043 3031 3208 3072 aures
3241 3032 3368 3088 qua:
3399 3033 3508 3072 non

272 3114 426 3216 ὑμῶν,
459 3121 552 3174 καὶ
586 3123 812 3194 καρδίαι
844 3124 966 3179 ὅσαι
992 3125 1224 3198 ἄτρωτοι
1263 3127 1370 3182 ἀπὸ
1403 3128 1511 3183 τῶν
1552 3129 1665 3201 (89)
1703 3130 1831 3201 ύμε-

1938 3111 2228 3167 audierunt
2268 3126 2389 3175 vos,
2420 3115 2482 3165 et‘
2515 3109 2674 3164 beata
2710 3110 2898 3174 corda,
2941 3125 3063 3180 qua:
3091 3125 3120 3164 a
3151 3111 3351 3166 vestris
3397 3127 3512 3166 ser-

272 3205 428 3278 τέρων
457 3210 630 3279 λόγων
678 3213 1132 3288 διεφυλάχθησαν.
1177 3218 1315 3272 Ἀλλ’
1363 3221 1492 3292 ὑμῖν
1538 3198 1680 3290 λέγω
1719 3198 1831 3286 τοῖς

1938 3203 2190 3259 monibus
2214 3211 2428 3259 servata
2454 3210 2583 3256 sunt
2609 3201 2796 3257 illaesa.
2827 3198 2998 3257 Vobis
3029 3215 3195 3271 porro
3222 3202 3318 3272 qui
3352 3201 3512 3257 Chri-

275 3296 634 3370 φιλοχρίστοις,
677 3305 763 3358 ὅτι
792 3308 1109 3379 ἀμφοτέρας
1143 3307 1282 3364 οἶδεν
1318 3313 1351 3383 ή
1397 3313 1693 3384 Ἐκκλησία
1732 3314 1831 3378 τὰς

1938 3301 2074 3349 stum
2105 3294 2356 3366 diligitis,
2386 3294 2512 3348 dico
2538 3291 2838 3348 Ecclesiam
2872 3301 3168 3364 utrumque
3189 3294 3386 3348 harum
3412 3309 3511 3348 νο-

274 3392 494 3460 χρήσεις,
522 3395 618 3448 καὶ
658 3397 946 3470 οὐδετέραν
977 3402 1156 3454 αὐτῶν
1189 3406 1534 3474 παραιτεῖται
1565 3404 1641 3469 ὡς
1677 3407 1830 3458 ἀναι-

277 3482 469 3555 ρετικὴν
509 3487 609 3557 τῆς
651 3489 868 3562 ἐτέρας.
919 3491 1087 3546 Ὅταν
1138 3493 1234 3564 μὲν
1278 3493 1387 3565 γὰρ
1434 3495 1495 3548 τὸ
1547 3496 1828 3565 μεγαλεῖον

276 3573 358 3642 τῆς
380 3578 581 3644 φύσεως
614 3579 713 3634 τοῦ
747 3583 1085 3652 Μονογενοῦς
1113 3586 1205 3639 καὶ
1228 3586 1326 3658 τὴν
1349 3587 1448 3658 τῆς
1476 3586 1630 3653 ἀξίας
1663 3589 1830 3658 ὑπερ-

275 3665 386 3734 οχὴν
413 3667 720 3741 θεωρῶμεν,
756 3675 894 3744 μετὰ
927 3676 1140 3747 Πατρὸς
1174 3673 1312 3730 εἷναι
1339 3677 1488 3748 αὐτῷ
1517 3680 1827 3751 μαρτυροῦ-

282 3771 366 3823 μεν
392 3759 481 3830 τὴν
522 3762 714 3829 δόξαν·
756 3766 884 3819 ὅταν
910 3766 965 3824 δὲ
994 3766 1093 3838 τὴν
1123 3771 1202 3832 είς
1243 3771 1390 3840 ἡμᾶς
1415 3773 1677 3844 χορηγίαν
1722 3772 1830 3825 τῶν

279 3848 471 3916 ἀγαθῶν
492 3856 859 3928 ἐννοήσωμεν,
882 3859 914 3929 ἦ
942 3860 1040 3929 τὴν
1067 3862 1222 3931 ἡμῶν
1245 3862 1425 3916 αὐτῶν
1465 3865 1828 3935 προσαγωγὴν

282 3942 360 3993 καὶ
386 3945 646 4001 οἰκείωσιν
680 3949 817 4020 πρὸς
855 3950 944 4002 τὸν
977 3951 1108 4005 Θεὸν
1133 3952 1266 4024 (90),
1300 3955 1374 4006 δι’
1415 3954 1602 4007 αὐτοῦ
1639 3955 1733 4008 καὶ
1761 3957 1829 4009 ἐν

281 4034 417 4099 αὐτῷ
445 4038 779 4110 ἐνεργεῖσθαι
811 4042 936 4111 ὑμῖν
976 4043 1074 4114 τὴν
1110 4045 1268 4116 χάριν
1295 4045 1498 4116 ταύτην
1538 4045 1828 4113 ὁμολογοῦ-

286 4142 386 4191 μεν.
431 4129 584 4183 Ὥστε
618 4134 653 4202 ἠ
706 4133 805 4201 μὲν
850 4133 954 4186 ίδία
982 4133 1090 4187 τῶν
1130 4135 1550 4204 δοξολογούντων
1587 4138 1753 4203 ἐστὶν,
1794 4140 1826 4209 ή

284 4220 386 4280 μεθ’
410 4216 475 4275 οὗ
496 4239 508 4251 ·
537 4224 570 4293 ἡ
598 4224 656 4276 δὲ
687 4224 761 4277 δι’
790 4221 863 4280 οὗ
894 4224 1003 4277 τῶν
1034 4228 1498 4299 εὐχαριστοῦντων
1527 4227 1823 4300 ἐξαίρετος.

283 4300 464 4368 Ψεῦδος
485 4306 538 4360 δὲ
570 4311 818 4372 κάκεῖνο,
851 4310 932 4362 ὅτι
961 4312 993 4381 ἡ
1029 4313 1157 4378 μεθ’
1187 4309 1259 4368 οὗ
1291 4315 1442 4384 φωνὴ
1473 4314 1574 4384 τῆς
1600 4314 1706 4366 τῶν
1735 4316 1825 4368 εύ-

284 4389 434 4447 λαὸὦν
475 4401 721 4471 χρήσεως
764 4403 1120 4468 άπεξένωται.
1172 4405 1326 4458 Ὅσοι
1371 4406 1480 4477 γὰρ
1531 4409 1599 4461 δι’
1633 4410 1828 4462 εὐστά-

1929 3404 2055 3444 cum
2091 3404 2251 3444 usum
2279 3404 2599 3461 agnoscere,
2649 3397 3018 3459 neutrumque
3057 3389 3310 3460 rejicere,
3347 3392 3509 3462 quasi

1930 3483 2074 3537 alter
2103 3481 2339 3537 alterum
2392 3480 2661 3536 destruat.
2713 3480 2849 3536 Cum
2909 3481 3056 3536 enim
3092 3481 3149 3535 in
3209 3480 3506 3552 Unigenito

1927 3585 2138 3628 natura:
2175 3574 2513 3642 majestatcm
2563 3588 2628 3627 ac
2663 3573 2944 3642 dignitatis
2976 3573 3352 3628 excellentiam
3375 3590 3507 3628 con-

1929 3668 2277 3737 templemur,
2318 3668 2367 3722 ei
2391 3681 2518 3721 cum
2574 3665 2736 3721 Patre
2770 3667 2999 3736 gloriam
3044 3681 3168 3721 esse
3213 3675 3505 3721 testamur.

1933 3758 2150 3815 Rursus
2184 3775 2309 3815 cum
2335 3758 2646 3829 cogitamus
2675 3773 2796 3828 quae
2846 3758 2991 3812 bona
3038 3758 3200 3814 nobis
3254 3759 3509 3827 suppedi-

1929 3853 2079 3918 tarit,
2135 3861 2229 3906 aut
2267 3851 2541 3922 quomodo
2596 3866 2696 3906 nos
2757 3850 2824 3904 ad
2875 3848 3046 3905 Deum
3102 3849 3392 3905 adduxerit
3441 3865 3508 3904 ac

1930 3947 2040 4001 Deo
2069 3945 2384 4010 asseruerit,
2419 3942 2744 3998 conﬁtemur
2771 3942 2913 3996 hanc
2927 3942 3183 4011 gratiam,
3205 3958 3300 4010 per
3330 3943 3504 4009 ipsum

1927 4046 1981 4094 et
2010 4040 2064 4092 in
2094 4040 2202 4106 ipso
2233 4037 2389 4091 nobis
2420 4034 2576 4091 cllici.
2614 4033 2794 4099 Quare
2827 4035 2998 4087 altera
3042 4033 3336 4102 particula,
3380 4050 3502 4086 cum

1926 4146 2048 4200 quo,
2076 4130 2294 4199 propria
2324 4136 2408 4182 est
2451 4125 2911 4195 gloriﬁcantium;
2959 4124 3152 4189 altera,
3195 4139 3288 4193 per
3326 4141 3502 4194 quem,

1928 4223 2148 4292 prepria
2189 4229 2274 4275 est
2316 4219 2522 4290 gratias
2565 4218 2864 4288 agentium.
2903 4215 3045 4282 Quin
3073 4226 3127 4271 et
3167 4217 3300 4271 illud
3352 4233 3505 4271 men-

1927 4315 2141 4369 dacium
2173 4320 2256 4367 est
2287 4312 2428 4364 hanc
2459 4325 2668 4376 vocem,
2731 4325 2851 4362 cum
2881 4325 3004 4378 quo,
3046 4309 3114 4363 ab
3145 4325 3246 4364 usu
3287 4310 3502 4378 piorum

1929 4407 2159 4459 alienam
2184 4419 2326 4458 esse.
2370 4401 2651 4471 Quotquot
2701 4400 2850 4454 enim
2901 4414 3115 4453 morum
3163 4401 3500 4459 constantia.

286 4479 411 4537 θειαν
432 4489 641 4558 τρόπων
680 4490 743 4544 τὸ
778 4493 877 4564 τῆς
919 4495 1274 4566 ἀρχαιότητος
1302 4497 1496 4567 σεμνὸν
1526 4500 1620 4553 τοῦ
1647 4518 1828 4554 καινο-

1938 4495 2270 4565 antiquitatis
2303 4492 2642 4563 majestatem
2676 4488 2940 4560 speciosis
2978 4489 3318 4544 novitatibus
3354 4503 3503 4558 pras-

291 4577 498 4642 πρεποῦς
532 4582 929 4653 προετίμησαν,
962 4587 1056 4638 καὶ
1081 4587 1494 4660 ἀπαραποίητον
1526 4590 1632 4645 τῶν
1662 4592 1827 4644 πατέ-

1924 4590 2183 4651 tulerunt,
2206 4601 2269 4641 ac
2295 4585 2561 4655 majorum
2587 4583 2936 4639 traditionem
2975 4585 3114 4638 citra
3144 4582 3500 4636 mutationem

295 4679 381 4734 ρων
415 4668 723 4739 διεφύλαξαν
755 4675 856 4744 τὴν
885 4676 1201 4746 παράδοσιν,
1240 4680 1382 4732 κατά
1421 4697 1479 4732 τε
1519 4681 1702 4753 χώραν
1731 4682 1824 4735 καὶ

1938 4687 2346 4746 :onservarunt,
2380 4687 2496 4732 tum
2550 4677 2686 4742 ruri,
2740 4686 2853 4731 tum
2909 4678 2964 4731 in
3026 4675 3339 4730 civitatibus
3398 4675 3500 4726 hac

294 4753 422 4807 πόλιν
464 4759 627 4832 ταύτῃ
673 4762 969 4832 κέχρηνται
1012 4767 1078 4834 τῇ
1130 4769 1300 4838 φωνῇ.
1353 4769 1414 4820 Οί
1459 4769 1516 4822 δὲ
1551 4769 1823 4842 διακορεῖς

1938 4788 2052 4827 ίοοθ
2086 4779 2333 4826 utuntur.
2391 4768 2664 4823 Caeterum
2715 4769 2810 4837 qui
2868 4775 3134 4821 consueta
3188 4763 3497 4830 fastidiunt,

290 4842 379 4896 τῶν
401 4850 626 4920 συνήθων
651 4853 751 4906 καὶ
783 4853 892 4907 τῶν
917 4855 1160 4911 παλαιῶν
1179 4857 1253 4921 ὡς
1294 4857 1475 4913 ἑώλων
1497 4863 1820 4934 κατεπαιρό-

298 4949 440 5004 μενοι,
466 4935 601 4996 οὗτοί
626 4945 764 4998 εἰσιν
787 4947 836 4998 οἱ
863 4946 963 5010 τὰς
998 4951 1415 5020 νεωτεροποιίας
1449 4953 1817 5025 παραδεχόμε-

301 5171 370 5223 Ill,
393 5161 437 5216 ὅ,

483 5320 1042 5395 Διαμαρτυρομένου.
1077 5322 1170 5378 Sic
1205 5331 1316 5382 tres
1357 5323 1607 5391 codices;
1647 5324 1744 5382 ,alii
1772 5332 1826 5380 et

300 5379 673 5462 editijtapa'mu
683 5410 747 5462 ρα
756 5379 940 5461 μένου.

1920 4871 1974 4919 et
2005 4864 2060 4918 in
2093 4873 2277 4919 vetera
2307 4871 2566 4932 tanquam
2595 4861 2651 4916 in
2690 4860 2938 4915 obsoleta
2969 4860 3282 4927 insurgunt,
3303 4856 3338 4910 ii
3361 4871 3498 4916 sunt

1916 4957 2009 5026 qui
2040 4957 2307 5012 novitates
2334 4955 2669 5026 suscipiunt,
2724 4950 3184 5022 quemadmodum
3237 4949 3293 5002 in
3341 4948 3498 5004 vesti-

354 5089 584 5175 u-Mauh.
617 5113 726 5164 nl,
758 5097 848 5152 27.
926 5099 972 5131 ³⁸
997 5100 1118 5156 Act.
1151 5117 1253 5170 vn,
1281 5104 1368 5159 55.
1447 5105 1491 5140 ³⁸
1523 5105 1682 5162 ltom.
1717 5125 1831 5173 vm,

1940 5152 1955 5162 .
2032 5110 2253 5165 “Psal.
2309 5111 2509 5175 cux,l.
2583 5110 2627 5142 δι
2687 5106 2847 5161 Hebr.
2912 5121 3027 5168 vm,
3088 5105 3138 5157 1.
3216 5101 3498 5158 "Barqu

1993 5325 2112 5399 (89)-
2159 5328 2300 5399 Ἀπρ
2342 5327 2479 5380 τῶν.
2522 5326 2682 5383 Deest
2733 5328 3042 5399 prazpositio
3115 5327 3166 5381 in
3221 5328 3497 5399 nonnullis

1920 5395 2222 5468 codicibus.
2271 5395 2440 5452 Paulo
2463 5407 2583 5468 post
2610 5400 2718 5453 duo
2734 5395 2965 5454 'codices
2998 5414 3128 5454 mss.
3170 5399 3232 5451 τὸ
3295 5397 3496 5451 τέλειον

359 5452 473 5537 (87).
498 5452 994 5538 Καξαϐὶϐᾅζοιμεν.
1048 5462 1139 5518 Sic
1181 5465 1586 5538 tres__codices;
1627 5465 1823 5522 melius

1938 5468 2016 5538 τῆς
2043 5466 2274 5535 φύσεως.

303 5533 444 5604 αυξεεξι,
465 5527 513 5604 iu
548 5532 664 5604 aliis
688 5541 742 5588 et
772 5536 826 5587 in
859 5527 1022 5604 editis
1050 5534 1506 5604 καταϐιϐάζομεν.

1993 5535 2109 5608 (90),
2145 5537 2299 5604 Πρὸς
2319 5536 2424 5589 τὸν
2461 5538 2628 5590 Θεόν.
2657 5536 2887 5591 Additus
2921 5552 2984 5590 ex
3027 5537 3303 5594 veteribus
3336 5537 3494 5608 libris

359 5591 450 5678 (βε)
484 5599 853 5678 Δρξοᾼοτίαν.
900 5603 1032 5673 Reg.
1084 5611 1309 5675 quartus
1331 5591 1666 5678 ’ἀξιολογίαν⁸
1716 5603 1823 5661 Has

1938 5591 2204 5669 articulus:
2227 5591 2458 5678 moxque
2487 5608 2678 5662 iisdem
2711 5608 3027 5663 auctoribus
3052 5591 3316 5663 mutatum
3345 5591 3492 5678 quod

307 5671 451 5748 taces,
486 5668 749 5748 τινα-ιιι,
799 5689 921 5732 uuas
963 5668 1446 5744 Inox'sequuntur,
1486 5668 1684 5748 e‘RBS-
1732 5692 1818 5732 ὅθ’

311 5731 452 5795 eundo
475 5731 783 5800 addidimus.

1920 5677 2197 5748 legebatur
2227 5677 2279 5730 in
2309 5677 2484 5745 editis,
2514 5679 2849 5749 ἐνεργεῖσθαι
2875 5679 2932 5731 ὲν
2961 5679 3111 5750 ημῖν.
