  <div class='ocr_page' id='page_1' title='image "/cluster/home/n/w/nwhite01/storage/ocr_20150623/32/mdp.39015011915462/055.png"; bbox 0 0 3972 6218; ppageno 0'>
   <div class='ocr_carea' id='block_1_1' title="bbox 435 322 3698 403">
    <p class='ocr_par' dir='ltr' id='par_1_1' title="bbox 435 322 3698 403">
     <span class='ocr_line' id='line_1_1' title="bbox 435 322 3698 403; baseline 0.007 -24"><span class='ocrx_word' id='word_1_1' title='bbox 435 322 505 380; x_wconf 86' lang='grc'><strong>95</strong></span> <span class='ocrx_word' id='word_1_2' title='bbox 1778 338 1836 394; x_wconf 84' lang='lat' dir='ltr'><strong>S.</strong></span> <span class='ocrx_word' id='word_1_3' title='bbox 1886 338 2132 396; x_wconf 75' lang='lat' dir='ltr'><strong>BASlLll</strong></span> <span class='ocrx_word' id='word_1_4' title='bbox 2169 343 2385 399; x_wconf 73' lang='lat' dir='ltr'><strong>MAGNI</strong></span> <span class='ocrx_word' id='word_1_5' title='bbox 3626 346 3698 403; x_wconf 84' lang='lat'><strong><em>96</em></strong></span> 
     </span>
    </p>
   </div>
   <div class='ocr_carea' id='block_1_2' title="bbox 435 441 1990 537">
    <p class='ocr_par' dir='ltr' id='par_1_2' title="bbox 435 441 1990 526">
     <span class='ocr_line' id='line_1_2' title="bbox 435 441 1990 526; baseline 0.012 -32"><span class='ocrx_word' id='word_1_6' title='bbox 435 446 641 505; x_wconf 89' lang='lat' dir='ltr'><strong>mento,</strong></span> <span class='ocrx_word' id='word_1_7' title='bbox 677 441 768 510; x_wconf 87' lang='lat' dir='ltr'><strong>qui</strong></span> <span class='ocrx_word' id='word_1_8' title='bbox 805 454 1058 499; x_wconf 89' lang='lat' dir='ltr'><strong>ornatum</strong></span> <span class='ocrx_word' id='word_1_9' title='bbox 1094 459 1299 510; x_wconf 87' lang='lat' dir='ltr'><strong>amant,</strong></span> <span class='ocrx_word' id='word_1_10' title='bbox 1355 466 1557 506; x_wconf 85' lang='lat' dir='ltr'><strong>novum</strong></span> <span class='ocrx_word' id='word_1_11' title='bbox 1619 468 1836 524; x_wconf 83' lang='lat' dir='ltr'><strong>semper</strong></span> <span class='ocrx_word' id='word_1_12' title='bbox 1882 471 1990 526; x_wconf 68' lang='lat' dir='ltr'><strong>prae</strong></span> 
     </span>
    </p>
   </div>
   <div class='ocr_carea' id='block_1_3' title="bbox 2102 441 3707 537">
    <p class='ocr_par' dir='ltr' id='par_1_3' title="bbox 2113 460 3707 537">
     <span class='ocr_line' id='line_1_3' title="bbox 2113 460 3707 537; baseline 0.006 -26"><span class='ocrx_word' id='word_1_13' title='bbox 2113 476 2215 524; x_wconf 92' lang='grc' dir='ltr'>νοι,</span> <span class='ocrx_word' id='word_1_14' title='bbox 2257 460 2446 534; x_wconf 84' lang='grc' dir='ltr'>ὥσπερ</span> <span class='ocrx_word' id='word_1_15' title='bbox 2477 462 2571 516; x_wconf 76' lang='grc' dir='ltr'><strong>ἐπὶ</strong></span> <span class='ocrx_word' id='word_1_16' title='bbox 2599 462 2699 532; x_wconf 86' lang='grc' dir='ltr'><strong>τῆς</strong></span> <span class='ocrx_word' id='word_1_17' title='bbox 2726 461 2953 532; x_wconf 72' lang='grc' dir='ltr'>ἐσθῆτος</span> <span class='ocrx_word' id='word_1_18' title='bbox 2979 463 3028 516; x_wconf 79' lang='grc' dir='ltr'>οἱ</span> <span class='ocrx_word' id='word_1_19' title='bbox 3060 463 3375 536; x_wconf 83' lang='grc' dir='ltr'>φιλόκοσμοι</span> <span class='ocrx_word' id='word_1_20' title='bbox 3400 465 3500 537; x_wconf 81' lang='grc' dir='ltr'><strong>τὴν</strong></span> <span class='ocrx_word' id='word_1_21' title='bbox 3538 465 3707 536; x_wconf 80' lang='grc' dir='ltr'>ἐξηλ-</span> 
     </span>
    </p>
   </div>
   <div class='ocr_carea' id='block_1_4' title="bbox 434 528 2011 609">
    <p class='ocr_par' dir='ltr' id='par_1_4' title="bbox 434 528 2011 609">
     <span class='ocr_line' id='line_1_4' title="bbox 434 528 2011 609; baseline 0.013 -27"><span class='ocrx_word' id='word_1_22' title='bbox 434 528 620 584; x_wconf 77' lang='lat' dir='ltr'><strong>ferunt</strong></span> <span class='ocrx_word' id='word_1_23' title='bbox 650 534 952 590; x_wconf 81' lang='lat' dir='ltr'><strong>communi.</strong></span> <span class='ocrx_word' id='word_1_24' title='bbox 982 533 1181 593; x_wconf 79' lang='lat' dir='ltr'><strong>Videas</strong></span> <span class='ocrx_word' id='word_1_25' title='bbox 1213 539 1397 609; x_wconf 86' lang='lat' dir='ltr'><strong>itaque</strong></span> <span class='ocrx_word' id='word_1_26' title='bbox 1426 543 1723 599; x_wconf 87' lang='lat' dir='ltr'><strong>etiamnmn</strong></span> <span class='ocrx_word' id='word_1_27' title='bbox 1774 548 2011 602; x_wconf 86' lang='lat' dir='ltr'><strong>rustica-</strong></span> 
     </span>
    </p>
   </div>
   <div class='ocr_carea' id='block_1_5' title="bbox 433 622 2006 706">
    <p class='ocr_par' dir='ltr' id='par_1_5' title="bbox 433 622 2006 706">
     <span class='ocr_line' id='line_1_5' title="bbox 433 622 2006 706; baseline 0.013 -33"><span class='ocrx_word' id='word_1_28' title='bbox 433 634 517 674; x_wconf 64' lang='lat' dir='ltr'><strong>nae</strong></span> <span class='ocrx_word' id='word_1_29' title='bbox 550 622 727 692; x_wconf 79' lang='lat' dir='ltr'><strong>plebis</strong></span> <span class='ocrx_word' id='word_1_30' title='bbox 772 624 827 677; x_wconf 91' lang='lat' dir='ltr'><strong>in</strong></span> <span class='ocrx_word' id='word_1_31' title='bbox 858 624 960 681; x_wconf 89' lang='lat' dir='ltr'><strong>hac</strong></span> <span class='ocrx_word' id='word_1_32' title='bbox 990 642 1123 683; x_wconf 84' lang='lat' dir='ltr'><strong>voce</strong></span> <span class='ocrx_word' id='word_1_33' title='bbox 1167 646 1373 687; x_wconf 88' lang='lat' dir='ltr'><strong>morem</strong></span> <span class='ocrx_word' id='word_1_34' title='bbox 1418 636 1741 706; x_wconf 80' lang='lat' dir='ltr'><strong>antiquum:</strong></span> <span class='ocrx_word' id='word_1_35' title='bbox 1776 639 2006 694; x_wconf 89' lang='lat' dir='ltr'><strong>istorum</strong></span> 
     </span>
    </p>
   </div>
   <div class='ocr_carea' id='block_1_6' title="bbox 432 715 2009 799">
    <p class='ocr_par' dir='ltr' id='par_1_6' title="bbox 432 715 2009 799">
     <span class='ocr_line' id='line_1_6' title="bbox 432 715 2009 799; baseline 0.014 -34"><span class='ocrx_word' id='word_1_36' title='bbox 432 720 611 768; x_wconf 88' lang='lat' dir='ltr'><strong>autem</strong></span> <span class='ocrx_word' id='word_1_37' title='bbox 645 715 935 781; x_wconf 92' lang='lat' dir='ltr'><strong>artiﬁcum,</strong></span> <span class='ocrx_word' id='word_1_38' title='bbox 980 731 1032 775; x_wconf 91' lang='lat' dir='ltr'><strong>et</strong></span> <span class='ocrx_word' id='word_1_39' title='bbox 1066 721 1122 774; x_wconf 87' lang='lat' dir='ltr'><strong>in</strong></span> <span class='ocrx_word' id='word_1_40' title='bbox 1165 723 1455 779; x_wconf 80' lang='lat' dir='ltr'><strong>verborum</strong></span> <span class='ocrx_word' id='word_1_41' title='bbox 1490 731 1688 799; x_wconf 81' lang='lat' dir='ltr'><strong>pugnis</strong></span> <span class='ocrx_word' id='word_1_42' title='bbox 1740 734 2009 787; x_wconf 88' lang='lat' dir='ltr'><strong>contrito-</strong></span> 
     </span>
    </p>
   </div>
   <div class='ocr_carea' id='block_1_7' title="bbox 432 804 2009 881">
    <p class='ocr_par' dir='ltr' id='par_1_7' title="bbox 432 804 2009 881">
     <span class='ocr_line' id='line_1_7' title="bbox 432 804 2009 881; baseline 0.015 -26"><span class='ocrx_word' id='word_1_43' title='bbox 432 817 554 856; x_wconf 88' lang='lat' dir='ltr'><strong>rum</strong></span> <span class='ocrx_word' id='word_1_44' title='bbox 584 804 794 874; x_wconf 87' lang='lat' dir='ltr'><strong>signata</strong></span> <span class='ocrx_word' id='word_1_45' title='bbox 835 823 989 863; x_wconf 63' lang='lat' dir='ltr'><strong>novae</strong></span> <span class='ocrx_word' id='word_1_46' title='bbox 1032 812 1312 881; x_wconf 70' lang='lat' dir='ltr'><strong>sapientiae</strong></span> <span class='ocrx_word' id='word_1_47' title='bbox 1341 817 1588 873; x_wconf 90' lang='lat' dir='ltr'><strong>cauterio</strong></span> <span class='ocrx_word' id='word_1_48' title='bbox 1638 822 1823 876; x_wconf 87' lang='lat' dir='ltr'><strong>verba.</strong></span> <span class='ocrx_word' id='word_1_49' title='bbox 1875 822 2009 878; x_wconf 87' lang='lat' dir='ltr'><strong>Pro-</strong></span> 
     </span>
    </p>
   </div>
   <div class='ocr_carea' id='block_1_8' title="bbox 431 898 2006 975">
    <p class='ocr_par' dir='ltr' id='par_1_8' title="bbox 431 898 2006 975">
     <span class='ocr_line' id='line_1_8' title="bbox 431 898 2006 975; baseline 0.011 -23"><span class='ocrx_word' id='word_1_50' title='bbox 431 898 558 954; x_wconf 86' lang='lat' dir='ltr'><strong>inde</strong></span> <span class='ocrx_word' id='word_1_51' title='bbox 591 899 736 971; x_wconf 87' lang='lat' dir='ltr'><strong>quod</strong></span> <span class='ocrx_word' id='word_1_52' title='bbox 768 916 796 954; x_wconf 93' lang='lat' dir='ltr'><strong>a</strong></span> <span class='ocrx_word' id='word_1_53' title='bbox 825 903 1125 972; x_wconf 85' lang='lat' dir='ltr'><strong>majoribus</strong></span> <span class='ocrx_word' id='word_1_54' title='bbox 1159 910 1367 965; x_wconf 75' lang='lat' dir='ltr'><strong>nostris</strong></span> <span class='ocrx_word' id='word_1_55' title='bbox 1413 911 1620 967; x_wconf 90' lang='lat' dir='ltr'><strong>dictum</strong></span> <span class='ocrx_word' id='word_1_56' title='bbox 1654 923 1761 975; x_wconf 85' lang='lat' dir='ltr'><strong>est,</strong></span> <span class='ocrx_word' id='word_1_57' title='bbox 1807 926 1862 969; x_wconf 90' lang='lat' dir='ltr'><strong>et</strong></span> <span class='ocrx_word' id='word_1_58' title='bbox 1906 931 2006 971; x_wconf 93' lang='lat' dir='ltr'><strong>nos</strong></span> 
     </span>
    </p>
   </div>
   <div class='ocr_carea' id='block_1_9' title="bbox 430 989 2005 1064">
    <p class='ocr_par' dir='ltr' id='par_1_9' title="bbox 430 989 2005 1064">
     <span class='ocr_line' id='line_1_9' title="bbox 430 989 2005 1064; baseline 0.013 -21"><span class='ocrx_word' id='word_1_59' title='bbox 430 989 690 1055; x_wconf 89' lang='lat' dir='ltr'><strong>dicimus,</strong></span> <span class='ocrx_word' id='word_1_60' title='bbox 729 992 958 1063; x_wconf 79' lang='lat' dir='ltr'><strong>gloriam</strong></span> <span class='ocrx_word' id='word_1_61' title='bbox 1014 998 1263 1054; x_wconf 78' lang='lat' dir='ltr'><strong>videlicet</strong></span> <span class='ocrx_word' id='word_1_62' title='bbox 1312 1017 1655 1059; x_wconf 86' lang='lat' dir='ltr'><strong>communem</strong></span> <span class='ocrx_word' id='word_1_63' title='bbox 1701 1022 1824 1063; x_wconf 88' lang='lat' dir='ltr'><strong>esse</strong></span> <span class='ocrx_word' id='word_1_64' title='bbox 1859 1007 2005 1064; x_wconf 89' lang='lat' dir='ltr'><strong>Patri</strong></span> 
     </span>
    </p>
   </div>
   <div class='ocr_carea' id='block_1_10' title="bbox 430 1079 2002 1164">
    <p class='ocr_par' dir='ltr' id='par_1_10' title="bbox 430 1079 2002 1164">
     <span class='ocr_line' id='line_1_10' title="bbox 430 1079 2002 1164; baseline 0.015 -33"><span class='ocrx_word' id='word_1_65' title='bbox 430 1094 493 1133; x_wconf 89' lang='lat' dir='ltr'><strong>ac</strong></span> <span class='ocrx_word' id='word_1_66' title='bbox 528 1079 687 1147; x_wconf 90' lang='lat' dir='ltr'><strong>Filio,</strong></span> <span class='ocrx_word' id='word_1_67' title='bbox 719 1096 1055 1156; x_wconf 82' lang='lat' dir='ltr'><strong>quapropter</strong></span> <span class='ocrx_word' id='word_1_68' title='bbox 1081 1103 1204 1143; x_wconf 92' lang='lat' dir='ltr'><strong>cum</strong></span> <span class='ocrx_word' id='word_1_69' title='bbox 1239 1089 1376 1146; x_wconf 75' lang='lat' dir='ltr'><strong>Filio</strong></span> <span class='ocrx_word' id='word_1_70' title='bbox 1408 1094 1866 1164; x_wconf 85' lang='lat' dir='ltr'><strong>gloriﬁcationem</strong></span> <span class='ocrx_word' id='word_1_71' title='bbox 1898 1098 2002 1153; x_wconf 87' lang='lat' dir='ltr'><strong>Pa-</strong></span> 
     </span>
    </p>
   </div>
   <div class='ocr_carea' id='block_1_11' title="bbox 430 1173 2006 1251">
    <p class='ocr_par' dir='ltr' id='par_1_11' title="bbox 430 1173 2006 1251">
     <span class='ocr_line' id='line_1_11' title="bbox 430 1173 2006 1251; baseline 0.014 -28"><span class='ocrx_word' id='word_1_72' title='bbox 430 1173 498 1224; x_wconf 91' lang='lat' dir='ltr'><strong>tri</strong></span> <span class='ocrx_word' id='word_1_73' title='bbox 533 1174 913 1243; x_wconf 86' lang='lat' dir='ltr'><strong>persolvimus.</strong></span> <span class='ocrx_word' id='word_1_74' title='bbox 963 1179 1283 1251; x_wconf 79' lang='lat' dir='ltr'><strong>Quanquam</strong></span> <span class='ocrx_word' id='word_1_75' title='bbox 1321 1185 1425 1239; x_wconf 92' lang='lat' dir='ltr'><strong>boc</strong></span> <span class='ocrx_word' id='word_1_76' title='bbox 1450 1187 1609 1242; x_wconf 91' lang='lat' dir='ltr'><strong>nobis</strong></span> <span class='ocrx_word' id='word_1_77' title='bbox 1656 1206 1762 1243; x_wconf 93' lang='lat' dir='ltr'><strong>non</strong></span> <span class='ocrx_word' id='word_1_78' title='bbox 1799 1200 1883 1246; x_wconf 89' lang='lat' dir='ltr'><strong>est</strong></span> <span class='ocrx_word' id='word_1_79' title='bbox 1917 1208 2006 1246; x_wconf 87' lang='lat' dir='ltr'><strong>sa-</strong></span> 
     </span>
    </p>
   </div>
   <div class='ocr_carea' id='block_1_12' title="bbox 431 1261 2005 1341">
    <p class='ocr_par' dir='ltr' id='par_1_12' title="bbox 431 1261 2005 1341">
     <span class='ocr_line' id='line_1_12' title="bbox 431 1261 2005 1341; baseline 0.014 -28"><span class='ocrx_word' id='word_1_80' title='bbox 431 1261 521 1326; x_wconf 87' lang='lat' dir='ltr'><strong>tis,</strong></span> <span class='ocrx_word' id='word_1_81' title='bbox 560 1263 640 1317; x_wconf 91' lang='lat' dir='ltr'><strong>sic</strong></span> <span class='ocrx_word' id='word_1_82' title='bbox 671 1263 983 1323; x_wconf 85' lang='lat' dir='ltr'><strong>a-Patribus</strong></span> <span class='ocrx_word' id='word_1_83' title='bbox 1009 1284 1134 1325; x_wconf 89' lang='lat' dir='ltr'><strong>esse</strong></span> <span class='ocrx_word' id='word_1_84' title='bbox 1171 1271 1468 1341; x_wconf 87' lang='lat' dir='ltr'><strong>traditum;</strong></span> <span class='ocrx_word' id='word_1_85' title='bbox 1503 1292 1628 1331; x_wconf 88' lang='lat' dir='ltr'><strong>nam</strong></span> <span class='ocrx_word' id='word_1_86' title='bbox 1656 1288 1711 1332; x_wconf 90' lang='lat' dir='ltr'><strong>et</strong></span> <span class='ocrx_word' id='word_1_87' title='bbox 1743 1279 1821 1333; x_wconf 91' lang='lat' dir='ltr'><strong>illi</strong></span> <span class='ocrx_word' id='word_1_88' title='bbox 1858 1281 2005 1335; x_wconf 82' lang='lat' dir='ltr'><strong>Scri-</strong></span> 
     </span>
    </p>
   </div>
   <div class='ocr_carea' id='block_1_13' title="bbox 429 1359 2003 1445">
    <p class='ocr_par' dir='ltr' id='par_1_13' title="bbox 429 1359 2003 1445">
     <span class='ocr_line' id='line_1_13' title="bbox 429 1359 2003 1445; baseline 0.016 -40"><span class='ocrx_word' id='word_1_89' title='bbox 429 1361 604 1423; x_wconf 60' lang='lat' dir='ltr'><strong>ptura:</strong></span> <span class='ocrx_word' id='word_1_90' title='bbox 628 1359 798 1411; x_wconf 91' lang='lat' dir='ltr'><strong>secuti</strong></span> <span class='ocrx_word' id='word_1_91' title='bbox 827 1368 955 1414; x_wconf 92' lang='lat' dir='ltr'><strong>sunt</strong></span> <span class='ocrx_word' id='word_1_92' title='bbox 985 1366 1334 1433; x_wconf 90' lang='lat' dir='ltr'><strong>sententiam,</strong></span> <span class='ocrx_word' id='word_1_93' title='bbox 1384 1383 1451 1422; x_wconf 80' lang='lat' dir='ltr'><strong>ex</strong></span> <span class='ocrx_word' id='word_1_94' title='bbox 1483 1372 1835 1437; x_wconf 73' lang='lat' dir='ltr'><strong>testimoniis,</strong></span> <span class='ocrx_word' id='word_1_95' title='bbox 1883 1390 2003 1445; x_wconf 71' lang='lat' dir='ltr'><strong>quae</strong></span> 
     </span>
    </p>
   </div>
   <div class='ocr_carea' id='block_1_14' title="bbox 429 1446 2003 1538">
    <p class='ocr_par' dir='ltr' id='par_1_14' title="bbox 429 1446 2003 1538">
     <span class='ocr_line' id='line_1_14' title="bbox 429 1446 2003 1538; baseline 0.017 -41"><span class='ocrx_word' id='word_1_96' title='bbox 429 1446 595 1515; x_wconf 86' lang='lat' dir='ltr'><strong>paulo</strong></span> <span class='ocrx_word' id='word_1_97' title='bbox 628 1456 755 1504; x_wconf 87' lang='lat' dir='ltr'><strong>ante</strong></span> <span class='ocrx_word' id='word_1_98' title='bbox 788 1450 946 1506; x_wconf 83' lang='lat' dir='ltr'><strong>vobis</strong></span> <span class='ocrx_word' id='word_1_99' title='bbox 991 1468 1022 1508; x_wconf 92' lang='lat' dir='ltr'><strong>e</strong></span> <span class='ocrx_word' id='word_1_100' title='bbox 1054 1453 1341 1526; x_wconf 84' lang='lat' dir='ltr'><strong>Scriptura</strong></span> <span class='ocrx_word' id='word_1_101' title='bbox 1375 1461 1686 1527; x_wconf 85' lang='lat' dir='ltr'><strong>citavimus,</strong></span> <span class='ocrx_word' id='word_1_102' title='bbox 1734 1467 2003 1538; x_wconf 86' lang='lat' dir='ltr'><strong>principia</strong></span> 
     </span>
    </p>
   </div>
   <div class='ocr_carea' id='block_1_15' title="bbox 429 1542 1999 1629">
    <p class='ocr_par' dir='ltr' id='par_1_15' title="bbox 429 1542 1999 1629">
     <span class='ocr_line' id='line_1_15' title="bbox 429 1542 1999 1629; baseline 0.013 -35"><span class='ocrx_word' id='word_1_103' title='bbox 429 1550 727 1597; x_wconf 86' lang='lat' dir='ltr'><strong>sumentes.</strong></span> <span class='ocrx_word' id='word_1_104' title='bbox 760 1542 1029 1613; x_wconf 83' lang='lat' dir='ltr'><strong>Splendor</strong></span> <span class='ocrx_word' id='word_1_105' title='bbox 1056 1549 1202 1603; x_wconf 90' lang='lat' dir='ltr'><strong>enim</strong></span> <span class='ocrx_word' id='word_1_106' title='bbox 1255 1566 1383 1604; x_wconf 88' lang='lat' dir='ltr'><strong>cum</strong></span> <span class='ocrx_word' id='word_1_107' title='bbox 1435 1553 1607 1622; x_wconf 81' lang='lat' dir='ltr'><strong>gloria</strong></span> <span class='ocrx_word' id='word_1_108' title='bbox 1656 1557 1999 1629; x_wconf 88' lang='lat' dir='ltr'><strong>intelligitur,</strong></span> 
     </span>
    </p>
   </div>
   <div class='ocr_carea' id='block_1_16' title="bbox 428 1631 2003 1710">
    <p class='ocr_par' dir='ltr' id='par_1_16' title="bbox 428 1631 2003 1710">
     <span class='ocr_line' id='line_1_16' title="bbox 428 1631 2003 1710; baseline 0.014 -27"><span class='ocrx_word' id='word_1_109' title='bbox 428 1639 484 1684; x_wconf 90' lang='lat' dir='ltr'><strong>et</strong></span> <span class='ocrx_word' id='word_1_110' title='bbox 513 1631 694 1703; x_wconf 80' lang='lat' dir='ltr'><strong>imago</strong></span> <span class='ocrx_word' id='word_1_111' title='bbox 718 1649 841 1690; x_wconf 90' lang='lat' dir='ltr'><strong>cum</strong></span> <span class='ocrx_word' id='word_1_112' title='bbox 869 1639 1184 1710; x_wconf 86' lang='lat' dir='ltr'><strong>archetypo,</strong></span> <span class='ocrx_word' id='word_1_113' title='bbox 1214 1650 1268 1695; x_wconf 90' lang='lat' dir='ltr'><strong>et</strong></span> <span class='ocrx_word' id='word_1_114' title='bbox 1295 1640 1466 1699; x_wconf 85' lang='lat' dir='ltr'><strong>Filius</strong></span> <span class='ocrx_word' id='word_1_115' title='bbox 1494 1648 1720 1701; x_wconf 88' lang='lat' dir='ltr'><strong>omnino</strong></span> <span class='ocrx_word' id='word_1_116' title='bbox 1743 1664 1867 1703; x_wconf 92' lang='lat' dir='ltr'><strong>cum</strong></span> <span class='ocrx_word' id='word_1_117' title='bbox 1898 1650 2003 1705; x_wconf 85' lang='lat' dir='ltr'><strong>Pa-</strong></span> 
     </span>
    </p>
   </div>
   <div class='ocr_carea' id='block_1_17' title="bbox 429 1728 1996 1803">
    <p class='ocr_par' dir='ltr' id='par_1_17' title="bbox 429 1728 1996 1803">
     <span class='ocr_line' id='line_1_17' title="bbox 429 1728 1996 1803; baseline 0.015 -30"><span class='ocrx_word' id='word_1_118' title='bbox 429 1728 532 1785; x_wconf 84' lang='lat' dir='ltr'><strong>tre,</strong></span> <span class='ocrx_word' id='word_1_119' title='bbox 569 1739 691 1776; x_wconf 89' lang='lat' dir='ltr'><strong>cum</strong></span> <span class='ocrx_word' id='word_1_120' title='bbox 725 1741 824 1779; x_wconf 91' lang='lat' dir='ltr'><strong>nec</strong></span> <span class='ocrx_word' id='word_1_121' title='bbox 848 1729 1126 1783; x_wconf 90' lang='lat' dir='ltr'><strong>nominum</strong></span> <span class='ocrx_word' id='word_1_122' title='bbox 1150 1735 1563 1803; x_wconf 82' lang='lat' dir='ltr'><strong>consequentia,</strong></span> <span class='ocrx_word' id='word_1_123' title='bbox 1590 1737 1787 1792; x_wconf 90' lang='lat' dir='ltr'><strong>nedum</strong></span> <span class='ocrx_word' id='word_1_124' title='bbox 1814 1756 1996 1796; x_wconf 91' lang='lat' dir='ltr'><strong>rerum</strong></span> 
     </span>
    </p>
   </div>
   <div class='ocr_carea' id='block_1_18' title="bbox 429 1819 1401 1886">
    <p class='ocr_par' dir='ltr' id='par_1_18' title="bbox 429 1819 1401 1886">
     <span class='ocr_line' id='line_1_18' title="bbox 429 1819 1401 1886; baseline 0.015 -22"><span class='ocrx_word' id='word_1_125' title='bbox 429 1819 645 1878; x_wconf 86' lang='lat' dir='ltr'><strong>natura,</strong></span> <span class='ocrx_word' id='word_1_126' title='bbox 679 1819 1079 1886; x_wconf 87' lang='lat' dir='ltr'><strong>separationem</strong></span> <span class='ocrx_word' id='word_1_127' title='bbox 1129 1823 1401 1878; x_wconf 86' lang='lat' dir='ltr'><strong>admittat.</strong></span> 
     </span>
    </p>
   </div>
   <div class='ocr_carea' id='block_1_19' title="bbox 946 2107 1484 2181">
    <p class='ocr_par' dir='ltr' id='par_1_19' title="bbox 946 2107 1484 2181">
     <span class='ocr_line' id='line_1_19' title="bbox 946 2107 1484 2181; baseline 0.017 -19"><span class='ocrx_word' id='word_1_128' title='bbox 946 2107 1050 2181; x_wconf 57' lang='grc' dir='ltr'><strong>ιη</strong></span> <span class='ocrx_word' id='word_1_129' title='bbox 1086 2110 1318 2167; x_wconf 81' lang='lat' dir='ltr'><strong>CAPUT</strong></span> <span class='ocrx_word' id='word_1_130' title='bbox 1352 2113 1484 2172; x_wconf 79' lang='lat' dir='ltr'><strong>vni.</strong></span> 
     </span>
    </p>
   </div>
   <div class='ocr_carea' id='block_1_20' title="bbox 428 2213 1998 2309">
    <p class='ocr_par' dir='ltr' id='par_1_20' title="bbox 428 2213 1998 2309">
     <span class='ocr_line' id='line_1_20' title="bbox 428 2213 1998 2309; baseline 0.021 -43"><span class='ocrx_word' id='word_1_131' title='bbox 428 2213 567 2297; x_wconf 68' lang='lat' dir='ltr'><strong>Quot</strong></span> <span class='ocrx_word' id='word_1_132' title='bbox 595 2217 764 2273; x_wconf 76' lang='lat' dir='ltr'><strong>modis</strong></span> <span class='ocrx_word' id='word_1_133' title='bbox 791 2221 1117 2293; x_wconf 78' lang='lat' dir='ltr'><strong>intelligatur</strong></span> <span class='ocrx_word' id='word_1_134' title='bbox 1132 2228 1241 2309; x_wconf 41' lang='lat' dir='ltr'><strong>haec</strong></span> <span class='ocrx_word' id='word_1_135' title='bbox 1260 2234 1550 2309; x_wconf 63' lang='lat' dir='ltr'><strong>particula,</strong></span> <span class='ocrx_word' id='word_1_136' title='bbox 1572 2255 1590 2287; x_wconf 84' lang='grc' dir='ltr'><strong>ι</strong></span> <span class='ocrx_word' id='word_1_137' title='bbox 1612 2255 1704 2307; x_wconf 89' lang='lat' dir='ltr'><strong>per</strong></span> <span class='ocrx_word' id='word_1_138' title='bbox 1717 2258 1889 2309; x_wconf 85' lang='lat' dir='ltr'><strong>quem,</strong></span> <span class='ocrx_word' id='word_1_139' title='bbox 1913 2264 1932 2296; x_wconf 70' lang='grc' dir='ltr'><strong>ι</strong></span> <span class='ocrx_word' id='word_1_140' title='bbox 1949 2254 1998 2298; x_wconf 86' lang='lat' dir='ltr'><strong>et</strong></span> 
     </span>
    </p>
   </div>
   <div class='ocr_carea' id='block_1_21' title="bbox 495 2301 1999 2379">
    <p class='ocr_par' dir='ltr' id='par_1_21' title="bbox 495 2301 1999 2379">
     <span class='ocr_line' id='line_1_21' title="bbox 495 2301 1999 2379; baseline 0.021 -42"><span class='ocrx_word' id='word_1_141' title='bbox 495 2302 668 2368; x_wconf 31' lang='lat' dir='ltr'><strong>mcquo</strong></span> <span class='ocrx_word' id='word_1_142' title='bbox 704 2306 856 2373; x_wconf 74' lang='lat' dir='ltr'><strong>sensu</strong></span> <span class='ocrx_word' id='word_1_143' title='bbox 887 2301 1256 2379; x_wconf 67' lang='lat' dir='ltr'><strong>congruentius</strong></span> <span class='ocrx_word' id='word_1_144' title='bbox 1290 2302 1509 2379; x_wconf 70' lang='lat' dir='ltr'><strong>dicitur,</strong></span> <span class='ocrx_word' id='word_1_145' title='bbox 1532 2325 1549 2357; x_wconf 81' lang='grc' dir='ltr'><strong>ι</strong></span> <span class='ocrx_word' id='word_1_146' title='bbox 1572 2301 1687 2361; x_wconf 78' lang='lat' dir='ltr'><strong>cum</strong></span> <span class='ocrx_word' id='word_1_147' title='bbox 1705 2301 1835 2379; x_wconf 67' lang='lat' dir='ltr'><strong>quo:</strong></span> <span class='ocrx_word' id='word_1_148' title='bbox 1864 2301 1887 2365; x_wconf 65' lang='grc' dir='ltr'><strong>ί</strong></span> <span class='ocrx_word' id='word_1_149' title='bbox 1910 2318 1999 2368; x_wconf 82' lang='lat' dir='ltr'><strong>ubi</strong></span> 
     </span>
    </p>
   </div>
   <div class='ocr_carea' id='block_1_22' title="bbox 492 2357 1992 2451">
    <p class='ocr_par' dir='ltr' id='par_1_22' title="bbox 492 2357 1992 2451">
     <span class='ocr_line' id='line_1_22' title="bbox 492 2357 1992 2451; baseline 0.021 -43"><span class='ocrx_word' id='word_1_150' title='bbox 492 2357 652 2451; x_wconf 66' lang='lat' dir='ltr'><strong>etiam</strong></span> <span class='ocrx_word' id='word_1_151' title='bbox 669 2363 966 2451; x_wconf 62' lang='lat' dir='ltr'><strong>exponitur,</strong></span> <span class='ocrx_word' id='word_1_152' title='bbox 985 2357 1247 2446; x_wconf 47' lang='lat' dir='ltr'><strong>quomodo</strong></span> <span class='ocrx_word' id='word_1_153' title='bbox 1260 2357 1571 2429; x_wconf 75' lang='lat' dir='ltr'><strong>mandatum</strong></span> <span class='ocrx_word' id='word_1_154' title='bbox 1588 2357 1774 2450; x_wconf 48' lang='lat' dir='ltr'><strong>accipit</strong></span> <span class='ocrx_word' id='word_1_155' title='bbox 1792 2383 1992 2451; x_wconf 78' lang='lat' dir='ltr'><strong>Filius,</strong></span> 
     </span>
    </p>
   </div>
   <div class='ocr_carea' id='block_1_23' title="bbox 491 2430 1107 2499">
    <p class='ocr_par' dir='ltr' id='par_1_23' title="bbox 491 2430 1107 2499">
     <span class='ocr_line' id='line_1_23' title="bbox 491 2430 1107 2499; baseline 0.016 -20"><span class='ocrx_word' id='word_1_156' title='bbox 491 2436 541 2480; x_wconf 81' lang='lat' dir='ltr'><strong>et</strong></span> <span class='ocrx_word' id='word_1_157' title='bbox 567 2430 827 2499; x_wconf 86' lang='lat' dir='ltr'><strong>quomodo</strong></span> <span class='ocrx_word' id='word_1_158' title='bbox 858 2430 1107 2488; x_wconf 77' lang='lat' dir='ltr'><strong>mittitur.</strong></span> 
     </span>
    </p>
   </div>
   <div class='ocr_carea' id='block_1_24' title="bbox 495 2541 1996 2637">
    <p class='ocr_par' dir='ltr' id='par_1_24' title="bbox 495 2541 1996 2637">
     <span class='ocr_line' id='line_1_24' title="bbox 495 2541 1996 2637; baseline 0.019 -44"><span class='ocrx_word' id='word_1_159' title='bbox 495 2541 584 2595; x_wconf 81' lang='grc' dir='ltr'><strong>Π.</strong></span> <span class='ocrx_word' id='word_1_160' title='bbox 620 2541 806 2613; x_wconf 88' lang='lat' dir='ltr'><strong>Itaque</strong></span> <span class='ocrx_word' id='word_1_161' title='bbox 837 2561 960 2600; x_wconf 90' lang='lat' dir='ltr'><strong>cum</strong></span> <span class='ocrx_word' id='word_1_162' title='bbox 1009 2548 1308 2619; x_wconf 82' lang='lat' dir='ltr'><strong>Apostolus</strong></span> <span class='ocrx_word' id='word_1_163' title='bbox 1337 2556 1543 2624; x_wconf 78' lang='lat' dir='ltr'><strong>gratias</strong></span> <span class='ocrx_word' id='word_1_164' title='bbox 1590 2562 1701 2632; x_wconf 86' lang='lat' dir='ltr'><strong>agit</strong></span> <span class='ocrx_word' id='word_1_165' title='bbox 1746 2562 1857 2620; x_wconf 91' lang='lat' dir='ltr'><strong>Deo</strong></span> <span class='ocrx_word' id='word_1_166' title='bbox 1898 2583 1996 2637; x_wconf 90' lang='lat' dir='ltr'><strong>per</strong></span> 
     </span>
    </p>
   </div>
   <div class='ocr_carea' id='block_1_25' title="bbox 418 2629 1994 2728">
    <p class='ocr_par' dir='ltr' id='par_1_25' title="bbox 418 2629 1994 2728">
     <span class='ocr_line' id='line_1_25' title="bbox 418 2629 1994 2728; baseline 0.018 -43"><span class='ocrx_word' id='word_1_167' title='bbox 418 2629 607 2689; x_wconf 72' lang='lat' dir='ltr'><strong>Iesum</strong></span> <span class='ocrx_word' id='word_1_168' title='bbox 649 2632 926 2692; x_wconf 87' lang='lat' dir='ltr'><strong>Christum</strong></span> <span class='ocrx_word' id='word_1_169' title='bbox 975 2638 1040 2703; x_wconf 74' lang='grc'><strong>⁸³,</strong></span> <span class='ocrx_word' id='word_1_170' title='bbox 1083 2655 1146 2695; x_wconf 89' lang='lat' dir='ltr'><strong>ac</strong></span> <span class='ocrx_word' id='word_1_171' title='bbox 1182 2658 1378 2701; x_wconf 85' lang='lat' dir='ltr'><strong>rursus</strong></span> <span class='ocrx_word' id='word_1_172' title='bbox 1431 2662 1554 2702; x_wconf 92' lang='lat' dir='ltr'><strong>cum</strong></span> <span class='ocrx_word' id='word_1_173' title='bbox 1604 2629 1680 2706; x_wconf 83' lang='lat' dir='ltr'><strong>ait</strong></span> <span class='ocrx_word' id='word_1_174' title='bbox 1730 2669 1852 2711; x_wconf 91' lang='lat' dir='ltr'><strong>sese</strong></span> <span class='ocrx_word' id='word_1_175' title='bbox 1899 2674 1994 2728; x_wconf 88' lang='lat' dir='ltr'><strong>per</strong></span> 
     </span>
    </p>
   </div>
   <div class='ocr_carea' id='block_1_26' title="bbox 419 2724 1993 2806">
    <p class='ocr_par' dir='ltr' id='par_1_26' title="bbox 419 2724 1993 2806">
     <span class='ocr_line' id='line_1_26' title="bbox 419 2724 1993 2806; baseline 0.018 -30"><span class='ocrx_word' id='word_1_176' title='bbox 419 2724 572 2778; x_wconf 90' lang='lat' dir='ltr'><strong>illum</strong></span> <span class='ocrx_word' id='word_1_177' title='bbox 605 2727 884 2795; x_wconf 85' lang='lat' dir='ltr'><strong>accepisse</strong></span> <span class='ocrx_word' id='word_1_178' title='bbox 904 2730 1137 2799; x_wconf 84' lang='lat' dir='ltr'><strong>gratiam</strong></span> <span class='ocrx_word' id='word_1_179' title='bbox 1166 2742 1222 2789; x_wconf 87' lang='lat' dir='ltr'><strong>et</strong></span> <span class='ocrx_word' id='word_1_180' title='bbox 1251 2740 1616 2806; x_wconf 89' lang='lat' dir='ltr'><strong>apostolatum</strong></span> <span class='ocrx_word' id='word_1_181' title='bbox 1643 2744 1710 2798; x_wconf 90' lang='lat' dir='ltr'><strong>ad</strong></span> <span class='ocrx_word' id='word_1_182' title='bbox 1733 2724 1993 2803; x_wconf 83' lang='lat' dir='ltr'><strong>obedien-</strong></span> 
     </span>
    </p>
   </div>
   <div class='ocr_carea' id='block_1_27' title="bbox 418 2816 1991 2901">
    <p class='ocr_par' dir='ltr' id='par_1_27' title="bbox 418 2816 1991 2901">
     <span class='ocr_line' id='line_1_27' title="bbox 418 2816 1991 2901; baseline 0.019 -33"><span class='ocrx_word' id='word_1_183' title='bbox 418 2816 550 2870; x_wconf 89' lang='lat' dir='ltr'><strong>tiam</strong></span> <span class='ocrx_word' id='word_1_184' title='bbox 586 2818 708 2873; x_wconf 89' lang='lat' dir='ltr'><strong>ﬁdei</strong></span> <span class='ocrx_word' id='word_1_185' title='bbox 760 2820 815 2875; x_wconf 89' lang='lat' dir='ltr'><strong>in</strong></span> <span class='ocrx_word' id='word_1_186' title='bbox 864 2823 1123 2879; x_wconf 88' lang='lat' dir='ltr'><strong>omnibus</strong></span> <span class='ocrx_word' id='word_1_187' title='bbox 1169 2829 1425 2896; x_wconf 77' lang='lat' dir='ltr'><strong>gentibus</strong></span> <span class='ocrx_word' id='word_1_188' title='bbox 1457 2831 1524 2901; x_wconf 75' lang='lat'><strong>“,</strong></span> <span class='ocrx_word' id='word_1_189' title='bbox 1560 2844 1654 2890; x_wconf 90' lang='lat' dir='ltr'><strong>aut</strong></span> <span class='ocrx_word' id='word_1_190' title='bbox 1688 2852 1813 2895; x_wconf 90' lang='lat' dir='ltr'><strong>cum</strong></span> <span class='ocrx_word' id='word_1_191' title='bbox 1859 2842 1991 2898; x_wconf 90' lang='lat' dir='ltr'><strong>dicit</strong></span> 
     </span>
    </p>
   </div>
   <div class='ocr_carea' id='block_1_28' title="bbox 416 2916 1988 2993">
    <p class='ocr_par' dir='ltr' id='par_1_28' title="bbox 416 2916 1988 2993">
     <span class='ocr_line' id='line_1_28' title="bbox 416 2916 1988 2993; baseline 0.017 -34"><span class='ocrx_word' id='word_1_192' title='bbox 416 2921 520 2960; x_wconf 84' lang='lat' dir='ltr'><strong>nos</strong></span> <span class='ocrx_word' id='word_1_193' title='bbox 550 2922 646 2976; x_wconf 91' lang='lat' dir='ltr'><strong>per</strong></span> <span class='ocrx_word' id='word_1_194' title='bbox 681 2923 805 2963; x_wconf 89' lang='lat' dir='ltr'><strong>eum</strong></span> <span class='ocrx_word' id='word_1_195' title='bbox 837 2925 1121 2969; x_wconf 86' lang='lat' dir='ltr'><strong>accessqu</strong></span> <span class='ocrx_word' id='word_1_196' title='bbox 1159 2916 1356 2974; x_wconf 89' lang='lat' dir='ltr'><strong>habere</strong></span> <span class='ocrx_word' id='word_1_197' title='bbox 1395 2921 1463 2976; x_wconf 87' lang='lat' dir='ltr'><strong>ad</strong></span> <span class='ocrx_word' id='word_1_198' title='bbox 1494 2926 1729 2993; x_wconf 85' lang='lat' dir='ltr'><strong>gratiam</strong></span> <span class='ocrx_word' id='word_1_199' title='bbox 1763 2928 1903 2985; x_wconf 88' lang='lat' dir='ltr'><strong>hanc</strong></span> <span class='ocrx_word' id='word_1_200' title='bbox 1933 2932 1988 2986; x_wconf 92' lang='lat' dir='ltr'><strong>in</strong></span> 
     </span>
    </p>
   </div>
   <div class='ocr_carea' id='block_1_29' title="bbox 415 3006 1985 3091">
    <p class='ocr_par' dir='ltr' id='par_1_29' title="bbox 415 3006 1985 3091">
     <span class='ocr_line' id='line_1_29' title="bbox 415 3006 1985 3091; baseline 0.02 -39"><span class='ocrx_word' id='word_1_201' title='bbox 415 3015 522 3069; x_wconf 88' lang='lat' dir='ltr'><strong>qua</strong></span> <span class='ocrx_word' id='word_1_202' title='bbox 558 3009 769 3059; x_wconf 90' lang='lat' dir='ltr'><strong>stamus</strong></span> <span class='ocrx_word' id='word_1_203' title='bbox 802 3013 854 3060; x_wconf 90' lang='lat' dir='ltr'><strong>et</strong></span> <span class='ocrx_word' id='word_1_204' title='bbox 884 3006 1184 3076; x_wconf 85' lang='lat' dir='ltr'><strong>gloriamur</strong></span> <span class='ocrx_word' id='word_1_205' title='bbox 1218 3012 1284 3075; x_wconf 61' lang='grc' dir='ltr'><strong>ιδ,</strong></span> <span class='ocrx_word' id='word_1_206' title='bbox 1326 3014 1474 3073; x_wconf 90' lang='lat' dir='ltr'><strong>illius</strong></span> <span class='ocrx_word' id='word_1_207' title='bbox 1509 3034 1640 3091; x_wconf 88' lang='lat' dir='ltr'><strong>erga</strong></span> <span class='ocrx_word' id='word_1_208' title='bbox 1684 3038 1785 3080; x_wconf 91' lang='lat' dir='ltr'><strong>nos</strong></span> <span class='ocrx_word' id='word_1_209' title='bbox 1819 3026 1985 3083; x_wconf 87' lang='lat' dir='ltr'><strong>bene-</strong></span> 
     </span>
    </p>
   </div>
   <div class='ocr_carea' id='block_1_30' title="bbox 418 3090 1985 3180">
    <p class='ocr_par' dir='ltr' id='par_1_30' title="bbox 418 3090 1985 3180">
     <span class='ocr_line' id='line_1_30' title="bbox 418 3090 1985 3180; baseline 0.02 -38"><span class='ocrx_word' id='word_1_210' title='bbox 418 3090 539 3143; x_wconf 77' lang='lat' dir='ltr'><strong>ﬁcia</strong></span> <span class='ocrx_word' id='word_1_211' title='bbox 557 3090 819 3157; x_wconf 84' lang='lat' dir='ltr'><strong>declarat,</strong></span> <span class='ocrx_word' id='word_1_212' title='bbox 846 3111 994 3152; x_wconf 90' lang='lat' dir='ltr'><strong>nunc</strong></span> <span class='ocrx_word' id='word_1_213' title='bbox 1013 3098 1231 3168; x_wconf 87' lang='lat' dir='ltr'><strong>quidem</strong></span> <span class='ocrx_word' id='word_1_214' title='bbox 1255 3110 1316 3156; x_wconf 92' lang='lat' dir='ltr'><strong>ut</strong></span> <span class='ocrx_word' id='word_1_215' title='bbox 1335 3119 1366 3158; x_wconf 90' lang='lat' dir='ltr'><strong>a</strong></span> <span class='ocrx_word' id='word_1_216' title='bbox 1391 3104 1551 3163; x_wconf 90' lang='lat' dir='ltr'><strong>Patre</strong></span> <span class='ocrx_word' id='word_1_217' title='bbox 1576 3090 1803 3180; x_wconf 83' lang='lat' dir='ltr'><strong>gratiam</strong></span> <span class='ocrx_word' id='word_1_218' title='bbox 1824 3115 1985 3172; x_wconf 83' lang='lat' dir='ltr'><strong>bono-</strong></span> 
     </span>
    </p>
   </div>
   <div class='ocr_carea' id='block_1_31' title="bbox 417 3183 1987 3277">
    <p class='ocr_par' dir='ltr' id='par_1_31' title="bbox 417 3183 1987 3277">
     <span class='ocr_line' id='line_1_31' title="bbox 417 3183 1987 3277; baseline 0.02 -43"><span class='ocrx_word' id='word_1_219' title='bbox 417 3197 539 3236; x_wconf 88' lang='lat' dir='ltr'><strong>rum</strong></span> <span class='ocrx_word' id='word_1_220' title='bbox 574 3183 629 3238; x_wconf 92' lang='lat' dir='ltr'><strong>in</strong></span> <span class='ocrx_word' id='word_1_221' title='bbox 659 3200 761 3240; x_wconf 90' lang='lat' dir='ltr'><strong>nos</strong></span> <span class='ocrx_word' id='word_1_222' title='bbox 791 3189 1249 3260; x_wconf 83' lang='lat' dir='ltr'><strong>transfundentis,</strong></span> <span class='ocrx_word' id='word_1_223' title='bbox 1282 3212 1429 3252; x_wconf 89' lang='lat' dir='ltr'><strong>nunc</strong></span> <span class='ocrx_word' id='word_1_224' title='bbox 1456 3214 1677 3257; x_wconf 90' lang='lat' dir='ltr'><strong>rursum</strong></span> <span class='ocrx_word' id='word_1_225' title='bbox 1712 3216 1773 3260; x_wconf 93' lang='lat' dir='ltr'><strong>ut</strong></span> <span class='ocrx_word' id='word_1_226' title='bbox 1806 3223 1902 3277; x_wconf 89' lang='lat' dir='ltr'><strong>per</strong></span> <span class='ocrx_word' id='word_1_227' title='bbox 1928 3228 1987 3266; x_wconf 90' lang='lat' dir='ltr'><strong>se</strong></span> 
     </span>
    </p>
   </div>
   <div class='ocr_carea' id='block_1_32' title="bbox 415 3273 1983 3365">
    <p class='ocr_par' dir='ltr' id='par_1_32' title="bbox 415 3273 1983 3365">
     <span class='ocr_line' id='line_1_32' title="bbox 415 3273 1983 3365; baseline 0.018 -37"><span class='ocrx_word' id='word_1_228' title='bbox 415 3273 593 3342; x_wconf 79' lang='lat' dir='ltr'><strong>ipsum</strong></span> <span class='ocrx_word' id='word_1_229' title='bbox 625 3277 976 3336; x_wconf 87' lang='lat' dir='ltr'><strong>conciliantis</strong></span> <span class='ocrx_word' id='word_1_230' title='bbox 1019 3297 1120 3340; x_wconf 86' lang='lat' dir='ltr'><strong>nos</strong></span> <span class='ocrx_word' id='word_1_231' title='bbox 1172 3284 1341 3342; x_wconf 89' lang='lat' dir='ltr'><strong>Patri.</strong></span> <span class='ocrx_word' id='word_1_232' title='bbox 1387 3289 1668 3361; x_wconf 90' lang='lat' dir='ltr'><strong>Siquidem</strong></span> <span class='ocrx_word' id='word_1_233' title='bbox 1716 3273 1840 3353; x_wconf 81' lang='lat' dir='ltr'><strong>cum</strong></span> <span class='ocrx_word' id='word_1_234' title='bbox 1877 3302 1983 3365; x_wconf 91' lang='lat' dir='ltr'><strong>ait,</strong></span> 
     </span>
    </p>
   </div>
   <div class='ocr_carea' id='block_1_33' title="bbox 420 3365 1983 3460">
    <p class='ocr_par' dir='ltr' id='par_1_33' title="bbox 420 3365 1983 3460">
     <span class='ocr_line' id='line_1_33' title="bbox 420 3365 1983 3460; baseline 0.02 -42"><span class='ocrx_word' id='word_1_235' title='bbox 420 3365 521 3419; x_wconf 83' lang='lat' dir='ltr'><strong>Per</strong></span> <span class='ocrx_word' id='word_1_236' title='bbox 547 3384 698 3437; x_wconf 80' lang='lat' dir='ltr'><strong>quem</strong></span> <span class='ocrx_word' id='word_1_237' title='bbox 721 3372 1017 3439; x_wconf 81' lang='lat' dir='ltr'><strong>accepimus</strong></span> <span class='ocrx_word' id='word_1_238' title='bbox 1054 3379 1286 3446; x_wconf 80' lang='lat' dir='ltr'><strong>gratiam</strong></span> <span class='ocrx_word' id='word_1_239' title='bbox 1324 3392 1374 3436; x_wconf 90' lang='lat' dir='ltr'><strong>et</strong></span> <span class='ocrx_word' id='word_1_240' title='bbox 1412 3388 1779 3453; x_wconf 74' lang='lat' dir='ltr'><strong>apostolatum</strong></span> <span class='ocrx_word' id='word_1_241' title='bbox 1812 3393 1875 3460; x_wconf 72' lang='lat'><strong>“,</strong></span> <span class='ocrx_word' id='word_1_242' title='bbox 1907 3396 1983 3451; x_wconf 87' lang='lat' dir='ltr'><strong>si-</strong></span> 
     </span>
    </p>
   </div>
   <div class='ocr_carea' id='block_1_34' title="bbox 413 3459 1985 3554">
    <p class='ocr_par' dir='ltr' id='par_1_34' title="bbox 413 3459 1985 3554">
     <span class='ocr_line' id='line_1_34' title="bbox 413 3459 1985 3554; baseline 0.021 -42"><span class='ocrx_word' id='word_1_243' title='bbox 413 3459 636 3528; x_wconf 82' lang='lat' dir='ltr'><strong>gniﬁcat</strong></span> <span class='ocrx_word' id='word_1_244' title='bbox 683 3462 953 3521; x_wconf 86' lang='lat' dir='ltr'><strong>bonorum</strong></span> <span class='ocrx_word' id='word_1_245' title='bbox 1014 3468 1362 3541; x_wconf 86' lang='lat' dir='ltr'><strong>largitionem</strong></span> <span class='ocrx_word' id='word_1_246' title='bbox 1416 3478 1485 3533; x_wconf 89' lang='lat' dir='ltr'><strong>ab</strong></span> <span class='ocrx_word' id='word_1_247' title='bbox 1540 3481 1636 3536; x_wconf 91' lang='lat' dir='ltr'><strong>illo</strong></span> <span class='ocrx_word' id='word_1_248' title='bbox 1690 3486 1985 3554; x_wconf 84' lang='lat' dir='ltr'><strong>proﬁcisci.</strong></span> 
     </span>
    </p>
   </div>
   <div class='ocr_carea' id='block_1_35' title="bbox 415 3551 1985 3645">
    <p class='ocr_par' dir='ltr' id='par_1_35' title="bbox 415 3551 1985 3645">
     <span class='ocr_line' id='line_1_35' title="bbox 415 3551 1985 3645; baseline 0.018 -40"><span class='ocrx_word' id='word_1_249' title='bbox 415 3551 652 3610; x_wconf 78' lang='lat' dir='ltr'><strong>Rursum</strong></span> <span class='ocrx_word' id='word_1_250' title='bbox 693 3570 817 3610; x_wconf 89' lang='lat' dir='ltr'><strong>cum</strong></span> <span class='ocrx_word' id='word_1_251' title='bbox 847 3559 921 3612; x_wconf 91' lang='lat' dir='ltr'><strong>ait</strong></span> <span class='ocrx_word' id='word_1_252' title='bbox 957 3558 1093 3614; x_wconf 82' lang='lat' dir='ltr'><strong>:Per</strong></span> <span class='ocrx_word' id='word_1_253' title='bbox 1134 3579 1286 3632; x_wconf 85' lang='lat' dir='ltr'><strong>quem</strong></span> <span class='ocrx_word' id='word_1_254' title='bbox 1332 3584 1598 3626; x_wconf 79' lang='lat' dir='ltr'><strong>accessum</strong></span> <span class='ocrx_word' id='word_1_255' title='bbox 1639 3574 1885 3632; x_wconf 83' lang='lat' dir='ltr'><strong>habemus</strong></span> <span class='ocrx_word' id='word_1_256' title='bbox 1921 3579 1985 3645; x_wconf 65' lang='grc'><strong>⁸⁷,</strong></span> 
     </span>
    </p>
   </div>
   <div class='ocr_carea' id='block_1_36' title="bbox 414 3646 1984 3737">
    <p class='ocr_par' dir='ltr' id='par_1_36' title="bbox 414 3646 1984 3737">
     <span class='ocr_line' id='line_1_36' title="bbox 414 3646 1984 3737; baseline 0.019 -39"><span class='ocrx_word' id='word_1_257' title='bbox 414 3646 622 3700; x_wconf 84' lang='lat' dir='ltr'><strong>assumi</strong></span> <span class='ocrx_word' id='word_1_258' title='bbox 643 3662 765 3715; x_wconf 90' lang='lat' dir='ltr'><strong>nos,</strong></span> <span class='ocrx_word' id='word_1_259' title='bbox 789 3664 852 3703; x_wconf 89' lang='lat' dir='ltr'><strong>ac</strong></span> <span class='ocrx_word' id='word_1_260' title='bbox 885 3649 992 3706; x_wconf 86' lang='lat' dir='ltr'><strong>Deo</strong></span> <span class='ocrx_word' id='word_1_261' title='bbox 1017 3668 1113 3721; x_wconf 92' lang='lat' dir='ltr'><strong>per</strong></span> <span class='ocrx_word' id='word_1_262' title='bbox 1132 3655 1410 3713; x_wconf 85' lang='lat' dir='ltr'><strong>Christum</strong></span> <span class='ocrx_word' id='word_1_263' title='bbox 1439 3663 1699 3737; x_wconf 89' lang='lat' dir='ltr'><strong>conjungi</strong></span> <span class='ocrx_word' id='word_1_264' title='bbox 1724 3671 1984 3729; x_wconf 92' lang='lat' dir='ltr'><strong>ostendit.</strong></span> 
     </span>
    </p>
   </div>
   <div class='ocr_carea' id='block_1_37' title="bbox 414 3736 1988 3824">
    <p class='ocr_par' dir='ltr' id='par_1_37' title="bbox 414 3736 1988 3824">
     <span class='ocr_line' id='line_1_37' title="bbox 414 3736 1988 3824; baseline 0.018 -33"><span class='ocrx_word' id='word_1_265' title='bbox 414 3736 555 3792; x_wconf 85' lang='lat' dir='ltr'><strong>Num</strong></span> <span class='ocrx_word' id='word_1_266' title='bbox 590 3740 756 3810; x_wconf 81' lang='lat' dir='ltr'><strong>igitur</strong></span> <span class='ocrx_word' id='word_1_267' title='bbox 787 3743 976 3812; x_wconf 61' lang='lat' dir='ltr'><strong>gratia;</strong></span> <span class='ocrx_word' id='word_1_268' title='bbox 1007 3761 1170 3814; x_wconf 82' lang='lat' dir='ltr'><strong>quam</strong></span> <span class='ocrx_word' id='word_1_269' title='bbox 1207 3748 1261 3803; x_wconf 93' lang='lat' dir='ltr'><strong>in</strong></span> <span class='ocrx_word' id='word_1_270' title='bbox 1296 3751 1454 3808; x_wconf 90' lang='lat' dir='ltr'><strong>nobis</strong></span> <span class='ocrx_word' id='word_1_271' title='bbox 1484 3736 1745 3824; x_wconf 84' lang='lat' dir='ltr'><strong>operatur</strong></span> <span class='ocrx_word' id='word_1_272' title='bbox 1773 3762 1988 3819; x_wconf 77' lang='lat' dir='ltr'><strong>confes-</strong></span> 
     </span>
    </p>
   </div>
   <div class='ocr_carea' id='block_1_38' title="bbox 413 3828 1988 3913">
    <p class='ocr_par' dir='ltr' id='par_1_38' title="bbox 413 3828 1988 3913">
     <span class='ocr_line' id='line_1_38' title="bbox 413 3828 1988 3913; baseline 0.017 -28"><span class='ocrx_word' id='word_1_273' title='bbox 413 3828 499 3885; x_wconf 85' lang='lat' dir='ltr'><strong>sio</strong></span> <span class='ocrx_word' id='word_1_274' title='bbox 528 3829 785 3886; x_wconf 90' lang='lat' dir='ltr'><strong>diminuit</strong></span> <span class='ocrx_word' id='word_1_275' title='bbox 815 3832 962 3891; x_wconf 86' lang='lat' dir='ltr'><strong>illius</strong></span> <span class='ocrx_word' id='word_1_276' title='bbox 1003 3837 1276 3906; x_wconf 83' lang='lat' dir='ltr'><strong>gloriam?</strong></span> <span class='ocrx_word' id='word_1_277' title='bbox 1311 3856 1377 3895; x_wconf 92' lang='lat' dir='ltr'><strong>an</strong></span> <span class='ocrx_word' id='word_1_278' title='bbox 1404 3845 1585 3913; x_wconf 88' lang='lat' dir='ltr'><strong>potius</strong></span> <span class='ocrx_word' id='word_1_279' title='bbox 1617 3846 1765 3904; x_wconf 90' lang='lat' dir='ltr'><strong>dictu</strong></span> <span class='ocrx_word' id='word_1_280' title='bbox 1805 3855 1988 3911; x_wconf 87' lang='lat' dir='ltr'><strong>verius</strong></span> 
     </span>
    </p>
   </div>
   <div class='ocr_carea' id='block_1_39' title="bbox 413 3916 1986 4016">
    <p class='ocr_par' dir='ltr' id='par_1_39' title="bbox 413 3916 1986 4016">
     <span class='ocr_line' id='line_1_39' title="bbox 413 3916 1986 4016; baseline 0.02 -45"><span class='ocrx_word' id='word_1_281' title='bbox 413 3916 599 3983; x_wconf 84' lang='lat' dir='ltr'><strong>fuerit,</strong></span> <span class='ocrx_word' id='word_1_282' title='bbox 628 3923 1031 3980; x_wconf 87' lang='lat' dir='ltr'><strong>enarrationem</strong></span> <span class='ocrx_word' id='word_1_283' title='bbox 1060 3928 1453 3988; x_wconf 87' lang='lat' dir='ltr'><strong>beneﬁciorum</strong></span> <span class='ocrx_word' id='word_1_284' title='bbox 1488 3936 1691 3995; x_wconf 88' lang='lat' dir='ltr'><strong>decens</strong></span> <span class='ocrx_word' id='word_1_285' title='bbox 1724 3956 1847 4000; x_wconf 87' lang='lat' dir='ltr'><strong>esse</strong></span> <span class='ocrx_word' id='word_1_286' title='bbox 1872 3946 1986 4016; x_wconf 86' lang='lat' dir='ltr'><strong>glo-</strong></span> 
     </span>
    </p>
   </div>
   <div class='ocr_carea' id='block_1_40' title="bbox 414 4009 1986 4106">
    <p class='ocr_par' dir='ltr' id='par_1_40' title="bbox 414 4009 1986 4106">
     <span class='ocr_line' id='line_1_40' title="bbox 414 4009 1986 4106; baseline 0.021 -45"><span class='ocrx_word' id='word_1_287' title='bbox 414 4009 659 4066; x_wconf 88' lang='lat' dir='ltr'><strong>riﬁcandi</strong></span> <span class='ocrx_word' id='word_1_288' title='bbox 696 4021 1127 4085; x_wconf 87' lang='lat' dir='ltr'><strong>argumentum?</strong></span> <span class='ocrx_word' id='word_1_289' title='bbox 1164 4020 1316 4079; x_wconf 87' lang='lat' dir='ltr'><strong>llanc</strong></span> <span class='ocrx_word' id='word_1_290' title='bbox 1353 4027 1424 4081; x_wconf 93' lang='lat' dir='ltr'><strong>ob</strong></span> <span class='ocrx_word' id='word_1_291' title='bbox 1455 4042 1677 4086; x_wconf 88' lang='lat' dir='ltr'><strong>causam</strong></span> <span class='ocrx_word' id='word_1_292' title='bbox 1714 4009 1986 4106; x_wconf 67' lang='lat' dir='ltr'><strong>comperi-</strong></span> 
     </span>
    </p>
   </div>
   <div class='ocr_carea' id='block_1_41' title="bbox 412 4101 1989 4197">
    <p class='ocr_par' dir='ltr' id='par_1_41' title="bbox 412 4101 1989 4197">
     <span class='ocr_line' id='line_1_41' title="bbox 412 4101 1989 4197; baseline 0.02 -42"><span class='ocrx_word' id='word_1_293' title='bbox 412 4117 535 4158; x_wconf 91' lang='lat' dir='ltr'><strong>mus</strong></span> <span class='ocrx_word' id='word_1_294' title='bbox 565 4101 905 4175; x_wconf 86' lang='lat' dir='ltr'><strong>Scripturam</strong></span> <span class='ocrx_word' id='word_1_295' title='bbox 946 4125 1055 4166; x_wconf 88' lang='lat' dir='ltr'><strong>non</strong></span> <span class='ocrx_word' id='word_1_296' title='bbox 1086 4128 1196 4168; x_wconf 93' lang='lat' dir='ltr'><strong>uno</strong></span> <span class='ocrx_word' id='word_1_297' title='bbox 1232 4117 1455 4173; x_wconf 88' lang='lat' dir='ltr'><strong>nomine</strong></span> <span class='ocrx_word' id='word_1_298' title='bbox 1486 4122 1645 4179; x_wconf 89' lang='lat' dir='ltr'><strong>nobis</strong></span> <span class='ocrx_word' id='word_1_299' title='bbox 1681 4126 1989 4197; x_wconf 81' lang='lat' dir='ltr'><strong>signiﬁcare</strong></span> 
     </span>
    </p>
   </div>
   <div class='ocr_carea' id='block_1_42' title="bbox 411 4189 1988 4278">
    <p class='ocr_par' dir='ltr' id='par_1_42' title="bbox 411 4189 1988 4278">
     <span class='ocr_line' id='line_1_42' title="bbox 411 4189 1988 4278; baseline 0.023 -35"><span class='ocrx_word' id='word_1_300' title='bbox 411 4189 722 4262; x_wconf 90' lang='lat' dir='ltr'><strong>Dominum,</strong></span> <span class='ocrx_word' id='word_1_301' title='bbox 761 4215 861 4255; x_wconf 89' lang='lat' dir='ltr'><strong>nec</strong></span> <span class='ocrx_word' id='word_1_302' title='bbox 888 4201 972 4257; x_wconf 88' lang='lat' dir='ltr'><strong>his</strong></span> <span class='ocrx_word' id='word_1_303' title='bbox 1004 4212 1217 4259; x_wconf 89' lang='lat' dir='ltr'><strong>tantum</strong></span> <span class='ocrx_word' id='word_1_304' title='bbox 1249 4223 1371 4278; x_wconf 67' lang='lat' dir='ltr'><strong>quae</strong></span> <span class='ocrx_word' id='word_1_305' title='bbox 1405 4189 1757 4273; x_wconf 68' lang='lat' dir='ltr'><strong>divinitatem</strong></span> <span class='ocrx_word' id='word_1_306' title='bbox 1780 4235 1843 4274; x_wconf 90' lang='lat' dir='ltr'><strong>ac</strong></span> <span class='ocrx_word' id='word_1_307' title='bbox 1871 4240 1988 4278; x_wconf 90' lang='lat' dir='ltr'><strong>ma-</strong></span> 
     </span>
    </p>
   </div>
   <div class='ocr_carea' id='block_1_43' title="bbox 404 4284 1983 4382">
    <p class='ocr_par' dir='ltr' id='par_1_43' title="bbox 404 4284 1983 4382">
     <span class='ocr_line' id='line_1_43' title="bbox 404 4284 1983 4382; baseline 0.022 -47"><span class='ocrx_word' id='word_1_308' title='bbox 404 4284 747 4353; x_wconf 83' lang='lat' dir='ltr'><strong>gnitudinem</strong></span> <span class='ocrx_word' id='word_1_309' title='bbox 782 4292 903 4360; x_wconf 86' lang='lat' dir='ltr'><strong>ejus</strong></span> <span class='ocrx_word' id='word_1_310' title='bbox 946 4292 1248 4363; x_wconf 89' lang='lat' dir='ltr'><strong>declarant,</strong></span> <span class='ocrx_word' id='word_1_311' title='bbox 1302 4301 1397 4357; x_wconf 91' lang='lat' dir='ltr'><strong>sed</strong></span> <span class='ocrx_word' id='word_1_312' title='bbox 1445 4303 1721 4363; x_wconf 87' lang='lat' dir='ltr'><strong>interdum</strong></span> <span class='ocrx_word' id='word_1_313' title='bbox 1765 4314 1983 4382; x_wconf 89' lang='lat' dir='ltr'><strong>quidem</strong></span> 
     </span>
    </p>
   </div>
   <div class='ocr_carea' id='block_1_44' title="bbox 408 4376 1983 4460">
    <p class='ocr_par' dir='ltr' id='par_1_44' title="bbox 408 4376 1983 4460">
     <span class='ocr_line' id='line_1_44' title="bbox 408 4376 1983 4460; baseline 0.018 -30"><span class='ocrx_word' id='word_1_314' title='bbox 408 4376 489 4430; x_wconf 88' lang='lat' dir='ltr'><strong>uti</strong></span> <span class='ocrx_word' id='word_1_315' title='bbox 534 4378 763 4437; x_wconf 87' lang='lat' dir='ltr'><strong>vocibus</strong></span> <span class='ocrx_word' id='word_1_316' title='bbox 818 4390 1069 4439; x_wconf 89' lang='lat' dir='ltr'><strong>naturam</strong></span> <span class='ocrx_word' id='word_1_317' title='bbox 1116 4389 1592 4460; x_wconf 79' lang='lat' dir='ltr'><strong>exprimentibus&#39;;</strong></span> <span class='ocrx_word' id='word_1_318' title='bbox 1642 4376 1796 4455; x_wconf 75' lang='lat' dir='ltr'><strong>novit</strong></span> <span class='ocrx_word' id='word_1_319' title='bbox 1839 4404 1983 4459; x_wconf 90' lang='lat' dir='ltr'><strong>enim</strong></span> 
     </span>
    </p>
   </div>
   <div class='ocr_carea' id='block_1_45' title="bbox 2115 551 3701 628">
    <p class='ocr_par' dir='ltr' id='par_1_45' title="bbox 2115 551 3701 628">
     <span class='ocr_line' id='line_1_45' title="bbox 2115 551 3701 628; baseline 0.005 -22"><span class='ocrx_word' id='word_1_320' title='bbox 2115 551 2390 626; x_wconf 86' lang='grc' dir='ltr'>λαγμένην</span> <span class='ocrx_word' id='word_1_321' title='bbox 2437 556 2524 609; x_wconf 77' lang='grc' dir='ltr'>ἀεὶ</span> <span class='ocrx_word' id='word_1_322' title='bbox 2565 555 2664 627; x_wconf 85' lang='grc' dir='ltr'>τῆς</span> <span class='ocrx_word' id='word_1_323' title='bbox 2716 557 2901 626; x_wconf 82' lang='grc' dir='ltr'>κοινῆς</span> <span class='ocrx_word' id='word_1_324' title='bbox 2945 556 3337 628; x_wconf 83' lang='grc' dir='ltr'><strong>προτιμῶντες.</strong></span> <span class='ocrx_word' id='word_1_325' title='bbox 3402 559 3567 623; x_wconf 79' lang='grc' dir='ltr'>Ἴδοις</span> <span class='ocrx_word' id='word_1_326' title='bbox 3629 560 3701 613; x_wconf 76' lang='grc' dir='ltr'><strong>ἂν</strong></span> 
     </span>
    </p>
   </div>
   <div class='ocr_carea' id='block_1_46' title="bbox 2112 639 3701 720">
    <p class='ocr_par' dir='ltr' id='par_1_46' title="bbox 2112 639 3701 720">
     <span class='ocr_line' id='line_1_46' title="bbox 2112 639 3701 720; baseline 0.004 -24"><span class='ocrx_word' id='word_1_327' title='bbox 2112 639 2206 697; x_wconf 77' lang='grc' dir='ltr'>οὖν</span> <span class='ocrx_word' id='word_1_328' title='bbox 2244 645 2352 699; x_wconf 84' lang='grc' dir='ltr'><strong>τῶν</strong></span> <span class='ocrx_word' id='word_1_329' title='bbox 2377 645 2476 717; x_wconf 85' lang='grc' dir='ltr'>μὲν</span> <span class='ocrx_word' id='word_1_330' title='bbox 2512 645 2788 716; x_wconf 79' lang='grc' dir='ltr'><strong>ἀγροίκων</strong></span> <span class='ocrx_word' id='word_1_331' title='bbox 2815 643 2895 698; x_wconf 73' lang='grc' dir='ltr'>ἔτι</span> <span class='ocrx_word' id='word_1_332' title='bbox 2924 647 3018 699; x_wconf 82' lang='grc' dir='ltr'>καὶ</span> <span class='ocrx_word' id='word_1_333' title='bbox 3045 646 3140 701; x_wconf 82' lang='grc' dir='ltr'>νῦν</span> <span class='ocrx_word' id='word_1_334' title='bbox 3171 648 3567 720; x_wconf 84' lang='grc' dir='ltr'>ἁρχαιότροπον</span> <span class='ocrx_word' id='word_1_335' title='bbox 3599 648 3701 720; x_wconf 83' lang='grc' dir='ltr'><strong>τὴν</strong></span> 
     </span>
    </p>
   </div>
   <div class='ocr_carea' id='block_1_47' title="bbox 2114 734 3699 811">
    <p class='ocr_par' dir='ltr' id='par_1_47' title="bbox 2114 734 3699 811">
     <span class='ocr_line' id='line_1_47' title="bbox 2114 734 3699 811; baseline 0.004 -24"><span class='ocrx_word' id='word_1_336' title='bbox 2114 735 2328 807; x_wconf 90' lang='grc' dir='ltr'>φωνήν·</span> <span class='ocrx_word' id='word_1_337' title='bbox 2373 735 2478 789; x_wconf 86' lang='grc' dir='ltr'>τῶν</span> <span class='ocrx_word' id='word_1_338' title='bbox 2504 735 2561 789; x_wconf 75' lang='grc' dir='ltr'>δὲ</span> <span class='ocrx_word' id='word_1_339' title='bbox 2600 734 2863 805; x_wconf 86' lang='grc' dir='ltr'>ὲντέχνων</span> <span class='ocrx_word' id='word_1_340' title='bbox 2904 736 3130 804; x_wconf 83' lang='grc' dir='ltr'>τούτων,</span> <span class='ocrx_word' id='word_1_341' title='bbox 3175 740 3270 793; x_wconf 74' lang='grc' dir='ltr'><strong>καὶ</strong></span> <span class='ocrx_word' id='word_1_342' title='bbox 3300 742 3421 804; x_wconf 87' lang='grc' dir='ltr'>ταῖς</span> <span class='ocrx_word' id='word_1_343' title='bbox 3453 739 3699 811; x_wconf 71' lang='grc' dir='ltr'><strong>λογομιι⁹</strong></span> 
     </span>
    </p>
   </div>
   <div class='ocr_carea' id='block_1_48' title="bbox 2112 826 3700 904">
    <p class='ocr_par' dir='ltr' id='par_1_48' title="bbox 2112 826 3700 904">
     <span class='ocr_line' id='line_1_48' title="bbox 2112 826 3700 904; baseline 0.005 -27"><span class='ocrx_word' id='word_1_344' title='bbox 2112 826 2257 896; x_wconf 89' lang='grc' dir='ltr'>χίαις</span> <span class='ocrx_word' id='word_1_345' title='bbox 2299 828 2754 899; x_wconf 78' lang='grc' dir='ltr'>ὲντετριμμένων,</span> <span class='ocrx_word' id='word_1_346' title='bbox 2787 831 2853 884; x_wconf 84' lang='grc' dir='ltr'>ὲκ</span> <span class='ocrx_word' id='word_1_347' title='bbox 2893 830 2994 900; x_wconf 82' lang='grc' dir='ltr'>τῆς</span> <span class='ocrx_word' id='word_1_348' title='bbox 3038 830 3166 894; x_wconf 83' lang='grc' dir='ltr'>νέας</span> <span class='ocrx_word' id='word_1_349' title='bbox 3200 831 3392 902; x_wconf 77' lang='grc' dir='ltr'>σοφίας</span> <span class='ocrx_word' id='word_1_350' title='bbox 3421 849 3700 904; x_wconf 84' lang='grc' dir='ltr'>κεκαυτη-</span> 
     </span>
    </p>
   </div>
   <div class='ocr_carea' id='block_1_49' title="bbox 2113 919 3697 995">
    <p class='ocr_par' dir='ltr' id='par_1_49' title="bbox 2113 919 3697 995">
     <span class='ocr_line' id='line_1_49' title="bbox 2113 919 3697 995; baseline 0.006 -26"><span class='ocrx_word' id='word_1_351' title='bbox 2113 919 2380 991; x_wconf 88' lang='grc' dir='ltr'>ριασμένα</span> <span class='ocrx_word' id='word_1_352' title='bbox 2420 920 2490 972; x_wconf 83' lang='grc' dir='ltr'><strong>τά</strong></span> <span class='ocrx_word' id='word_1_353' title='bbox 2540 920 2780 991; x_wconf 84' lang='grc' dir='ltr'>ῥήματα.</span> <span class='ocrx_word' id='word_1_354' title='bbox 2823 922 2998 995; x_wconf 84' lang='grc' dir='ltr'>Ὅπερ</span> <span class='ocrx_word' id='word_1_355' title='bbox 3038 921 3225 991; x_wconf 76' lang='grc' dir='ltr'>ἔλεγον</span> <span class='ocrx_word' id='word_1_356' title='bbox 3269 922 3380 994; x_wconf 85' lang='grc'><strong>(91)</strong></span> <span class='ocrx_word' id='word_1_357' title='bbox 3422 923 3600 977; x_wconf 87' lang='grc' dir='ltr'>τοίνυν</span> <span class='ocrx_word' id='word_1_358' title='bbox 3645 926 3697 978; x_wconf 80' lang='lat' dir='ltr'><strong>oi.</strong></span> 
     </span>
    </p>
   </div>
   <div class='ocr_carea' id='block_1_50' title="bbox 2112 1009 3695 1085">
    <p class='ocr_par' dir='ltr' id='par_1_50' title="bbox 2112 1009 3695 1085">
     <span class='ocr_line' id='line_1_50' title="bbox 2112 1009 3695 1085; baseline 0.004 -25"><span class='ocrx_word' id='word_1_359' title='bbox 2112 1009 2345 1079; x_wconf 88' lang='grc' dir='ltr'>πατέρες</span> <span class='ocrx_word' id='word_1_360' title='bbox 2376 1009 2551 1080; x_wconf 79' lang='grc' dir='ltr'>ἡμῶν,</span> <span class='ocrx_word' id='word_1_361' title='bbox 2579 1011 2673 1064; x_wconf 75' lang='grc' dir='ltr'>καὶ</span> <span class='ocrx_word' id='word_1_362' title='bbox 2700 1013 2861 1082; x_wconf 81' lang='grc' dir='ltr'><strong>ἡμεῖς</strong></span> <span class='ocrx_word' id='word_1_363' title='bbox 2893 1011 3145 1083; x_wconf 87' lang='grc' dir='ltr'>λέγομεν,</span> <span class='ocrx_word' id='word_1_364' title='bbox 3175 1015 3256 1067; x_wconf 84' lang='grc' dir='ltr'><strong>ὅτι</strong></span> <span class='ocrx_word' id='word_1_365' title='bbox 3299 1015 3332 1084; x_wconf 82' lang='grc' dir='ltr'>ὴ</span> <span class='ocrx_word' id='word_1_366' title='bbox 3370 1012 3498 1078; x_wconf 82' lang='grc' dir='ltr'><strong>δόξα</strong></span> <span class='ocrx_word' id='word_1_367' title='bbox 3535 1014 3695 1085; x_wconf 79' lang='grc' dir='ltr'>κοινὴ</span> 
     </span>
    </p>
   </div>
   <div class='ocr_carea' id='block_1_51' title="bbox 2111 1102 3696 1176">
    <p class='ocr_par' dir='ltr' id='par_1_51' title="bbox 2111 1102 3696 1176">
     <span class='ocr_line' id='line_1_51' title="bbox 2111 1102 3696 1176; baseline 0.003 -22"><span class='ocrx_word' id='word_1_368' title='bbox 2111 1102 2287 1172; x_wconf 80' lang='grc' dir='ltr'>Πατρὶ</span> <span class='ocrx_word' id='word_1_369' title='bbox 2325 1103 2417 1155; x_wconf 78' lang='grc' dir='ltr'><strong>καὶ</strong></span> <span class='ocrx_word' id='word_1_370' title='bbox 2460 1102 2592 1174; x_wconf 81' lang='grc' dir='ltr'><strong>Υἰῷ,</strong></span> <span class='ocrx_word' id='word_1_371' title='bbox 2628 1103 2710 1157; x_wconf 84' lang='grc' dir='ltr'>διὸ</span> <span class='ocrx_word' id='word_1_372' title='bbox 2757 1105 2893 1175; x_wconf 85' lang='grc' dir='ltr'>μετὰ</span> <span class='ocrx_word' id='word_1_373' title='bbox 2933 1104 3028 1159; x_wconf 82' lang='grc' dir='ltr'>τοῦ</span> <span class='ocrx_word' id='word_1_374' title='bbox 3075 1104 3205 1160; x_wconf 87' lang='grc' dir='ltr'><strong>Υἱοῦ</strong></span> <span class='ocrx_word' id='word_1_375' title='bbox 3245 1106 3343 1176; x_wconf 81' lang='grc' dir='ltr'>τὴν</span> <span class='ocrx_word' id='word_1_376' title='bbox 3380 1105 3696 1174; x_wconf 77' lang='grc' dir='ltr'>δοξολογίαν</span> 
     </span>
    </p>
   </div>
   <div class='ocr_carea' id='block_1_52' title="bbox 2112 1195 3691 1270">
    <p class='ocr_par' dir='ltr' id='par_1_52' title="bbox 2112 1195 3691 1270">
     <span class='ocr_line' id='line_1_52' title="bbox 2112 1195 3691 1270; baseline 0.003 -26"><span class='ocrx_word' id='word_1_377' title='bbox 2112 1195 2459 1266; x_wconf 72' lang='grc' dir='ltr'><strong>προσάγομεν</strong></span> <span class='ocrx_word' id='word_1_378' title='bbox 2490 1196 2569 1267; x_wconf 83' lang='grc' dir='ltr'>τῷ</span> <span class='ocrx_word' id='word_1_379' title='bbox 2598 1197 2797 1269; x_wconf 87' lang='grc' dir='ltr'>Πατρί.</span> <span class='ocrx_word' id='word_1_380' title='bbox 2835 1197 2975 1254; x_wconf 83' lang='grc' dir='ltr'>Ἀλλ’</span> <span class='ocrx_word' id='word_1_381' title='bbox 3000 1198 3061 1251; x_wconf 79' lang='grc' dir='ltr'>οὐ</span> <span class='ocrx_word' id='word_1_382' title='bbox 3090 1199 3250 1252; x_wconf 81' lang='grc' dir='ltr'>τοῦτο</span> <span class='ocrx_word' id='word_1_383' title='bbox 3274 1199 3404 1269; x_wconf 79' lang='grc' dir='ltr'><strong>ἡμῖν</strong></span> <span class='ocrx_word' id='word_1_384' title='bbox 3443 1197 3691 1270; x_wconf 79' lang='grc' dir='ltr'>ἐξαρκεῖ,</span> 
     </span>
    </p>
   </div>
   <div class='ocr_carea' id='block_1_53' title="bbox 2109 1286 3693 1363">
    <p class='ocr_par' dir='ltr' id='par_1_53' title="bbox 2109 1286 3693 1363">
     <span class='ocr_line' id='line_1_53' title="bbox 2109 1286 3693 1363; baseline 0.003 -25"><span class='ocrx_word' id='word_1_385' title='bbox 2109 1287 2187 1339; x_wconf 83' lang='grc' dir='ltr'>ὅτι</span> <span class='ocrx_word' id='word_1_386' title='bbox 2236 1286 2344 1340; x_wconf 80' lang='grc' dir='ltr'>τῶν</span> <span class='ocrx_word' id='word_1_387' title='bbox 2389 1287 2641 1358; x_wconf 79' lang='grc' dir='ltr'><strong>πατέρων</strong></span> <span class='ocrx_word' id='word_1_388' title='bbox 2681 1290 2716 1361; x_wconf 81' lang='grc' dir='ltr'>ἠ</span> <span class='ocrx_word' id='word_1_389' title='bbox 2769 1289 3106 1360; x_wconf 76' lang='grc' dir='ltr'><strong>παράδοσις·</strong></span> <span class='ocrx_word' id='word_1_390' title='bbox 3158 1291 3403 1344; x_wconf 84' lang='grc' dir='ltr'>κάκεῖνοι</span> <span class='ocrx_word' id='word_1_391' title='bbox 3450 1289 3563 1363; x_wconf 76' lang='grc' dir='ltr'><strong>γάρ</strong></span> <span class='ocrx_word' id='word_1_392' title='bbox 3606 1289 3693 1361; x_wconf 81' lang='grc' dir='ltr'><strong>τῷ</strong></span> 
     </span>
    </p>
   </div>
   <div class='ocr_carea' id='block_1_54' title="bbox 2112 1376 3696 1452">
    <p class='ocr_par' dir='ltr' id='par_1_54' title="bbox 2112 1376 3696 1452">
     <span class='ocr_line' id='line_1_54' title="bbox 2112 1376 3696 1452; baseline 0.002 -23"><span class='ocrx_word' id='word_1_393' title='bbox 2112 1376 2408 1449; x_wconf 77' lang='grc' dir='ltr'><strong>βουλήματι</strong></span> <span class='ocrx_word' id='word_1_394' title='bbox 2446 1380 2545 1449; x_wconf 86' lang='grc' dir='ltr'><strong>τῆς</strong></span> <span class='ocrx_word' id='word_1_395' title='bbox 2588 1379 2813 1451; x_wconf 81' lang='grc' dir='ltr'>Γραφῆς</span> <span class='ocrx_word' id='word_1_396' title='bbox 2865 1379 3267 1452; x_wconf 64' lang='grc' dir='ltr'>ἠκολούθησαν.</span> <span class='ocrx_word' id='word_1_397' title='bbox 3301 1382 3367 1435; x_wconf 79' lang='grc' dir='ltr'><strong>ἐκ</strong></span> <span class='ocrx_word' id='word_1_398' title='bbox 3406 1381 3515 1434; x_wconf 84' lang='grc' dir='ltr'><strong>τῶν</strong></span> <span class='ocrx_word' id='word_1_399' title='bbox 3550 1397 3696 1451; x_wconf 81' lang='grc' dir='ltr'>μαρ-</span> 
     </span>
    </p>
   </div>
   <div class='ocr_carea' id='block_1_55' title="bbox 2107 1468 3694 1545">
    <p class='ocr_par' dir='ltr' id='par_1_55' title="bbox 2107 1468 3694 1545">
     <span class='ocr_line' id='line_1_55' title="bbox 2107 1468 3694 1545; baseline 0.006 -26"><span class='ocrx_word' id='word_1_400' title='bbox 2107 1468 2347 1539; x_wconf 86' lang='grc' dir='ltr'>τυριῶν,</span> <span class='ocrx_word' id='word_1_401' title='bbox 2401 1468 2468 1533; x_wconf 80' lang='grc' dir='ltr'>ἃς</span> <span class='ocrx_word' id='word_1_402' title='bbox 2512 1469 2697 1543; x_wconf 82' lang='grc' dir='ltr'>μικρῷ</span> <span class='ocrx_word' id='word_1_403' title='bbox 2745 1471 2980 1542; x_wconf 83' lang='grc' dir='ltr'>πρόσθεν</span> <span class='ocrx_word' id='word_1_404' title='bbox 3031 1472 3158 1542; x_wconf 86' lang='grc' dir='ltr'>ὑμῖν</span> <span class='ocrx_word' id='word_1_405' title='bbox 3207 1475 3270 1526; x_wconf 80' lang='grc' dir='ltr'>ἐκ</span> <span class='ocrx_word' id='word_1_406' title='bbox 3309 1472 3408 1542; x_wconf 82' lang='grc' dir='ltr'>τῆς</span> <span class='ocrx_word' id='word_1_407' title='bbox 3460 1471 3694 1545; x_wconf 79' lang='grc' dir='ltr'>Γραφῆς</span> 
     </span>
    </p>
   </div>
   <div class='ocr_carea' id='block_1_56' title="bbox 2108 1558 3693 1634">
    <p class='ocr_par' dir='ltr' id='par_1_56' title="bbox 2108 1558 3693 1634">
     <span class='ocr_line' id='line_1_56' title="bbox 2108 1558 3693 1634; baseline -0.021 1"><span class='ocrx_word' id='word_1_408' title='bbox 2108 1558 2484 1631; x_wconf 77' lang='grc' dir='ltr'>παρεθέμεθα,</span> <span class='ocrx_word' id='word_1_409' title='bbox 2533 1561 2632 1625; x_wconf 77' lang='grc' dir='ltr'>τὰς</span> <span class='ocrx_word' id='word_1_410' title='bbox 2689 1561 2864 1634; x_wconf 84' lang='grc' dir='ltr'>ἀρχὰς</span> <span class='ocrx_word' id='word_1_411' title='bbox 2917 1562 3193 1625; x_wconf 79' lang='grc' dir='ltr'>λαϐόντες.</span> <span class='ocrx_word' id='word_1_412' title='bbox 3228 1562 3303 1616; x_wconf 77' lang='grc' dir='ltr'><strong>Τδ</strong></span> <span class='ocrx_word' id='word_1_413' title='bbox 3356 1561 3464 1633; x_wconf 75' lang='grc' dir='ltr'><strong>γὰρ</strong></span> <span class='ocrx_word' id='word_1_414' title='bbox 3513 1561 3693 1615; x_wconf 54' lang='lat' dir='ltr'><strong>ama-</strong></span> 
     </span>
    </p>
   </div>
   <div class='ocr_carea' id='block_1_57' title="bbox 2106 1652 3692 1726">
    <p class='ocr_par' dir='ltr' id='par_1_57' title="bbox 2106 1652 3692 1726">
     <span class='ocr_line' id='line_1_57' title="bbox 2106 1652 3692 1726; baseline 0.004 -23"><span class='ocrx_word' id='word_1_415' title='bbox 2106 1668 2296 1721; x_wconf 86' lang='grc' dir='ltr'>γασμα</span> <span class='ocrx_word' id='word_1_416' title='bbox 2335 1652 2473 1723; x_wconf 79' lang='grc' dir='ltr'>μετὰ</span> <span class='ocrx_word' id='word_1_417' title='bbox 2519 1655 2619 1725; x_wconf 83' lang='grc' dir='ltr'>τῆς</span> <span class='ocrx_word' id='word_1_418' title='bbox 2649 1652 2808 1726; x_wconf 78' lang='grc' dir='ltr'>δόξης</span> <span class='ocrx_word' id='word_1_419' title='bbox 2837 1657 3070 1708; x_wconf 74' lang='grc' dir='ltr'>νοεῖταιο</span> <span class='ocrx_word' id='word_1_420' title='bbox 3122 1654 3284 1726; x_wconf 79' lang='grc' dir='ltr'>καὶὴ</span> <span class='ocrx_word' id='word_1_421' title='bbox 3337 1653 3501 1709; x_wconf 76' lang='grc' dir='ltr'>εἰκὼν</span> <span class='ocrx_word' id='word_1_422' title='bbox 3548 1655 3692 1726; x_wconf 83' lang='grc' dir='ltr'>μετὰ</span> 
     </span>
    </p>
   </div>
   <div class='ocr_carea' id='block_1_58' title="bbox 2107 1740 3691 1817">
    <p class='ocr_par' dir='ltr' id='par_1_58' title="bbox 2107 1740 3691 1817">
     <span class='ocr_line' id='line_1_58' title="bbox 2107 1740 3691 1817; baseline 0.003 -24"><span class='ocrx_word' id='word_1_423' title='bbox 2107 1740 2202 1794; x_wconf 81' lang='grc' dir='ltr'><strong>τοῦ</strong></span> <span class='ocrx_word' id='word_1_424' title='bbox 2247 1743 2554 1815; x_wconf 82' lang='grc' dir='ltr'>ἀρχετύπου</span> <span class='ocrx_word' id='word_1_425' title='bbox 2576 1762 2591 1777; x_wconf 78' lang='grc' dir='ltr'><strong>ο</strong></span> <span class='ocrx_word' id='word_1_426' title='bbox 2643 1745 2739 1798; x_wconf 74' lang='grc' dir='ltr'>καὶ</span> <span class='ocrx_word' id='word_1_427' title='bbox 2781 1746 2810 1796; x_wconf 88' lang='grc' dir='ltr'>ὁ</span> <span class='ocrx_word' id='word_1_428' title='bbox 2854 1745 2981 1809; x_wconf 77' lang='grc' dir='ltr'>Υἱὸς</span> <span class='ocrx_word' id='word_1_429' title='bbox 3034 1745 3143 1817; x_wconf 72' lang='lat'><strong>(9‘2)</strong></span> <span class='ocrx_word' id='word_1_430' title='bbox 3204 1746 3419 1810; x_wconf 81' lang='grc' dir='ltr'>πάντως</span> <span class='ocrx_word' id='word_1_431' title='bbox 3466 1747 3563 1801; x_wconf 78' lang='grc' dir='ltr'>σὺν</span> <span class='ocrx_word' id='word_1_432' title='bbox 3607 1746 3691 1816; x_wconf 82' lang='grc' dir='ltr'><strong>τῷ</strong></span> 
     </span>
    </p>
   </div>
   <div class='ocr_carea' id='block_1_59' title="bbox 2033 1830 3689 1911">
    <p class='ocr_par' dir='ltr' id='par_1_59' title="bbox 2033 1830 3689 1911">
     <span class='ocr_line' id='line_1_59' title="bbox 2033 1830 3689 1911; baseline 0.004 -25"><span class='ocrx_word' id='word_1_433' title='bbox 2033 1830 2073 1885; x_wconf 90' lang='grc' dir='ltr'><strong>Β</strong></span> <span class='ocrx_word' id='word_1_434' title='bbox 2102 1836 2308 1906; x_wconf 83' lang='grc' dir='ltr'>Πατρί’</span> <span class='ocrx_word' id='word_1_435' title='bbox 2343 1837 2462 1892; x_wconf 82' lang='grc' dir='ltr'>οὐδὲ</span> <span class='ocrx_word' id='word_1_436' title='bbox 2493 1838 2593 1909; x_wconf 82' lang='grc' dir='ltr'>τῆς</span> <span class='ocrx_word' id='word_1_437' title='bbox 2623 1837 2732 1895; x_wconf 81' lang='grc' dir='ltr'>τῶν</span> <span class='ocrx_word' id='word_1_438' title='bbox 2784 1838 3063 1910; x_wconf 85' lang='grc' dir='ltr'><strong>ὀνομάτων</strong></span> <span class='ocrx_word' id='word_1_439' title='bbox 3115 1839 3460 1904; x_wconf 84' lang='grc' dir='ltr'>ἀκολουθίας,</span> <span class='ocrx_word' id='word_1_440' title='bbox 3514 1840 3589 1911; x_wconf 90' lang='grc' dir='ltr'>μή</span> <span class='ocrx_word' id='word_1_441' title='bbox 3633 1840 3689 1893; x_wconf 88' lang='grc' dir='ltr'>τί</span> 
     </span>
    </p>
   </div>
   <div class='ocr_carea' id='block_1_60' title="bbox 2101 1927 3690 2005">
    <p class='ocr_par' dir='ltr' id='par_1_60' title="bbox 2101 1927 3690 2005">
     <span class='ocr_line' id='line_1_60' title="bbox 2101 1927 3690 2005; baseline 0.004 -26"><span class='ocrx_word' id='word_1_442' title='bbox 2101 1942 2165 1993; x_wconf 89' lang='grc' dir='ltr'><strong>γε</strong></span> <span class='ocrx_word' id='word_1_443' title='bbox 2192 1927 2291 1998; x_wconf 84' lang='grc' dir='ltr'><strong>τῆς</strong></span> <span class='ocrx_word' id='word_1_444' title='bbox 2329 1928 2438 1982; x_wconf 86' lang='grc' dir='ltr'>τῶν</span> <span class='ocrx_word' id='word_1_445' title='bbox 2469 1929 2813 2002; x_wconf 78' lang='grc' dir='ltr'><strong>πραγμάτων</strong></span> <span class='ocrx_word' id='word_1_446' title='bbox 2846 1929 3083 2000; x_wconf 75' lang='grc' dir='ltr'>φύσεως,</span> <span class='ocrx_word' id='word_1_447' title='bbox 3108 1931 3200 1985; x_wconf 79' lang='grc' dir='ltr'>τὸν</span> <span class='ocrx_word' id='word_1_448' title='bbox 3232 1931 3509 2005; x_wconf 82' lang='grc' dir='ltr'>χωρισμὸν</span> <span class='ocrx_word' id='word_1_449' title='bbox 3534 1931 3690 2003; x_wconf 85' lang='grc' dir='ltr'>δεχο-</span> 
     </span>
    </p>
   </div>
   <div class='ocr_carea' id='block_1_61' title="bbox 2104 2018 2292 2089">
    <p class='ocr_par' dir='ltr' id='par_1_61' title="bbox 2104 2018 2292 2089">
     <span class='ocr_line' id='line_1_61' title="bbox 2104 2018 2292 2089; baseline -0.016 0"><span class='ocrx_word' id='word_1_450' title='bbox 2104 2018 2292 2089; x_wconf 66' lang='grc' dir='ltr'>μένης.</span> 
     </span>
    </p>
   </div>
   <div class='ocr_carea' id='block_1_62' title="bbox 2618 2134 3141 2193">
    <p class='ocr_par' dir='ltr' id='par_1_62' title="bbox 2618 2134 3141 2193">
     <span class='ocr_line' id='line_1_62' title="bbox 2618 2134 3141 2193; baseline 0.002 -5"><span class='ocrx_word' id='word_1_451' title='bbox 2618 2134 3016 2193; x_wconf 77' lang='grc' dir='ltr'><strong>ΚΕΦΑΛΑΙΟΝ</strong></span> <span class='ocrx_word' id='word_1_452' title='bbox 3060 2137 3141 2189; x_wconf 82' lang='grc' dir='ltr'><strong>Η’.</strong></span> 
     </span>
    </p>
   </div>
   <div class='ocr_carea' id='block_1_63' title="bbox 2101 2239 3682 2328">
    <p class='ocr_par' dir='ltr' id='par_1_63' title="bbox 2101 2239 3682 2328">
     <span class='ocr_line' id='line_1_63' title="bbox 2101 2239 3682 2328; baseline -0.003 -28"><span class='ocrx_word' id='word_1_453' title='bbox 2101 2245 2484 2328; x_wconf 33' lang='grc' dir='ltr'><strong>Ποιναχῷιςιτὸ</strong></span> <span class='ocrx_word' id='word_1_454' title='bbox 2518 2265 2536 2297; x_wconf 81' lang='grc' dir='ltr'><strong>ι</strong></span> <span class='ocrx_word' id='word_1_455' title='bbox 2569 2245 2645 2300; x_wconf 81' lang='grc' dir='ltr'>δι’</span> <span class='ocrx_word' id='word_1_456' title='bbox 2668 2239 2741 2328; x_wconf 72' lang='grc' dir='ltr'><strong>οὗ</strong></span> <span class='ocrx_word' id='word_1_457' title='bbox 2783 2264 2802 2296; x_wconf 72' lang='grc' dir='ltr'><strong>ι</strong></span> <span class='ocrx_word' id='word_1_458' title='bbox 2834 2244 2933 2328; x_wconf 51' lang='grc' dir='ltr'><strong>καί</strong></span> <span class='ocrx_word' id='word_1_459' title='bbox 2962 2245 3061 2328; x_wconf 42' lang='lat' dir='ltr'><strong>earl</strong></span> <span class='ocrx_word' id='word_1_460' title='bbox 3090 2243 3682 2328; x_wconf 48' lang='grc' dir='ltr'>ποίαςτωόχένῖοίας</span> 
     </span>
    </p>
   </div>
   <div class='ocr_carea' id='block_1_64' title="bbox 2167 2309 3683 2393">
    <p class='ocr_par' dir='ltr' id='par_1_64' title="bbox 2167 2309 3683 2393">
     <span class='ocr_line' id='line_1_64' title="bbox 2167 2309 3683 2393; baseline -0.003 4"><span class='ocrx_word' id='word_1_461' title='bbox 2167 2309 2596 2393; x_wconf 61' lang='grc' dir='ltr'><strong>ἀρρίὸδὶῴτερον</strong></span> <span class='ocrx_word' id='word_1_462' title='bbox 2632 2315 2696 2393; x_wconf 60' lang='grc' dir='ltr'><strong>ξιξ</strong></span> <span class='ocrx_word' id='word_1_463' title='bbox 2738 2334 2756 2367; x_wconf 73' lang='grc' dir='ltr'><strong>ι</strong></span> <span class='ocrx_word' id='word_1_464' title='bbox 2791 2317 2920 2393; x_wconf 55' lang='grc' dir='ltr'>μεθ’</span> <span class='ocrx_word' id='word_1_465' title='bbox 2939 2312 3067 2393; x_wconf 52' lang='grc' dir='ltr'><strong>εὖ·</strong></span> <span class='ocrx_word' id='word_1_466' title='bbox 3101 2335 3119 2366; x_wconf 72' lang='grc' dir='ltr'><strong>ι</strong></span> <span class='ocrx_word' id='word_1_467' title='bbox 3142 2309 3309 2393; x_wconf 51' lang='lat' dir='ltr'><strong>ﬁt}?</strong></span> <span class='ocrx_word' id='word_1_468' title='bbox 3333 2309 3432 2368; x_wconf 70' lang='grc' dir='ltr'><strong>καὶ</strong></span> <span class='ocrx_word' id='word_1_469' title='bbox 3461 2309 3683 2393; x_wconf 45' lang='lat' dir='ltr'><strong>eam;</strong></span> 
     </span>
    </p>
   </div>
   <div class='ocr_carea' id='block_1_65' title="bbox 2167 2384 3681 2455">
    <p class='ocr_par' dir='ltr' id='par_1_65' title="bbox 2167 2384 3681 2455">
     <span class='ocr_line' id='line_1_65' title="bbox 2167 2384 3681 2455; baseline -0.001 -16"><span class='ocrx_word' id='word_1_470' title='bbox 2167 2384 2289 2451; x_wconf 49' lang='lat' dir='ltr'><strong>me,</strong></span> <span class='ocrx_word' id='word_1_471' title='bbox 2327 2386 2452 2452; x_wconf 82' lang='grc' dir='ltr'>πῶς</span> <span class='ocrx_word' id='word_1_472' title='bbox 2492 2384 2753 2455; x_wconf 78' lang='grc' dir='ltr'>ἐντολὴν</span> <span class='ocrx_word' id='word_1_473' title='bbox 2798 2384 3091 2455; x_wconf 69' lang='grc' dir='ltr'>λαμϐάνει</span> <span class='ocrx_word' id='word_1_474' title='bbox 3121 2389 3153 2439; x_wconf 88' lang='lat' dir='ltr'><strong>o&#39;</strong></span> <span class='ocrx_word' id='word_1_475' title='bbox 3191 2387 3344 2452; x_wconf 80' lang='grc' dir='ltr'>Υἱὸς,</span> <span class='ocrx_word' id='word_1_476' title='bbox 3401 2387 3500 2439; x_wconf 80' lang='grc' dir='ltr'>καὶ</span> <span class='ocrx_word' id='word_1_477' title='bbox 3549 2384 3681 2449; x_wconf 74' lang='grc' dir='ltr'>πῶς</span> 
     </span>
    </p>
   </div>
   <div class='ocr_carea' id='block_1_66' title="bbox 2165 2456 2624 2511">
    <p class='ocr_par' dir='ltr' id='par_1_66' title="bbox 2165 2456 2624 2511">
     <span class='ocr_line' id='line_1_66' title="bbox 2165 2456 2624 2511; baseline -0.002 0"><span class='ocrx_word' id='word_1_478' title='bbox 2165 2456 2601 2511; x_wconf 71' lang='grc' dir='ltr'><strong>ἀποστέλλεται</strong></span> <span class='ocrx_word' id='word_1_479' title='bbox 2612 2496 2624 2510; x_wconf 92' lang='grc'><strong>.</strong></span> 
     </span>
    </p>
   </div>
   <div class='ocr_carea' id='block_1_67' title="bbox 2163 2565 3677 2641">
    <p class='ocr_par' dir='ltr' id='par_1_67' title="bbox 2163 2565 3677 2641">
     <span class='ocr_line' id='line_1_67' title="bbox 2163 2565 3677 2641; baseline -0.001 -18"><span class='ocrx_word' id='word_1_480' title='bbox 2163 2570 2249 2623; x_wconf 81' lang='grc'><strong>17.</strong></span> <span class='ocrx_word' id='word_1_481' title='bbox 2270 2572 2436 2625; x_wconf 83' lang='grc' dir='ltr'>Ὅταν</span> <span class='ocrx_word' id='word_1_482' title='bbox 2461 2565 2553 2624; x_wconf 77' lang='grc' dir='ltr'>οὖν</span> <span class='ocrx_word' id='word_1_483' title='bbox 2572 2572 2602 2624; x_wconf 87' lang='grc' dir='ltr'>ὁ</span> <span class='ocrx_word' id='word_1_484' title='bbox 2643 2569 2968 2633; x_wconf 82' lang='grc' dir='ltr'>Ἀπόστολος</span> <span class='ocrx_word' id='word_1_485' title='bbox 2989 2571 3287 2641; x_wconf 79' lang='grc' dir='ltr'>εὐχαριστῇ</span> <span class='ocrx_word' id='word_1_486' title='bbox 3324 2566 3402 2640; x_wconf 81' lang='grc' dir='ltr'>τῷ</span> <span class='ocrx_word' id='word_1_487' title='bbox 3441 2568 3563 2639; x_wconf 78' lang='grc' dir='ltr'>Θεῷ</span> <span class='ocrx_word' id='word_1_488' title='bbox 3585 2568 3677 2622; x_wconf 72' lang='grc' dir='ltr'><strong>διά</strong></span> 
     </span>
    </p>
   </div>
   <div class='ocr_carea' id='block_1_68' title="bbox 2106 2660 3677 2735">
    <p class='ocr_par' dir='ltr' id='par_1_68' title="bbox 2106 2660 3677 2735">
     <span class='ocr_line' id='line_1_68' title="bbox 2106 2660 3677 2735; baseline -0.001 -19"><span class='ocrx_word' id='word_1_489' title='bbox 2106 2663 2279 2734; x_wconf 87' lang='grc' dir='ltr'>Ἰησοῦ</span> <span class='ocrx_word' id='word_1_490' title='bbox 2312 2661 2572 2735; x_wconf 81' lang='grc' dir='ltr'><strong>Χριστοῦ,</strong></span> <span class='ocrx_word' id='word_1_491' title='bbox 2602 2663 2696 2716; x_wconf 69' lang='grc' dir='ltr'><strong>καὶ</strong></span> <span class='ocrx_word' id='word_1_492' title='bbox 2725 2662 2889 2717; x_wconf 87' lang='grc' dir='ltr'>πάλιν</span> <span class='ocrx_word' id='word_1_493' title='bbox 2925 2662 2991 2716; x_wconf 86' lang='grc' dir='ltr'>δι’</span> <span class='ocrx_word' id='word_1_494' title='bbox 3023 2661 3189 2716; x_wconf 76' lang='grc' dir='ltr'>αὑτοῦ</span> <span class='ocrx_word' id='word_1_495' title='bbox 3226 2661 3360 2735; x_wconf 85' lang='grc' dir='ltr'>λέγῃ</span> <span class='ocrx_word' id='word_1_496' title='bbox 3387 2662 3486 2732; x_wconf 84' lang='grc' dir='ltr'><strong>τὴν</strong></span> <span class='ocrx_word' id='word_1_497' title='bbox 3501 2660 3677 2732; x_wconf 79' lang='grc' dir='ltr'>’χάριν</span> 
     </span>
    </p>
   </div>
   <div class='ocr_carea' id='block_1_69' title="bbox 2092 2753 3679 2827">
    <p class='ocr_par' dir='ltr' id='par_1_69' title="bbox 2092 2753 3679 2827">
     <span class='ocr_line' id='line_1_69' title="bbox 2092 2753 3679 2827; baseline 0.001 -20"><span class='ocrx_word' id='word_1_498' title='bbox 2092 2754 2370 2827; x_wconf 74' lang='grc' dir='ltr'><strong>εἰληφέναι</strong></span> <span class='ocrx_word' id='word_1_499' title='bbox 2419 2755 2513 2809; x_wconf 80' lang='grc' dir='ltr'><strong>καὶ</strong></span> <span class='ocrx_word' id='word_1_500' title='bbox 2545 2755 2644 2825; x_wconf 85' lang='grc' dir='ltr'><strong>τὴν</strong></span> <span class='ocrx_word' id='word_1_501' title='bbox 2693 2754 2998 2827; x_wconf 84' lang='grc' dir='ltr'>ἀποστολὴν</span> <span class='ocrx_word' id='word_1_502' title='bbox 3032 2758 3111 2819; x_wconf 85' lang='grc' dir='ltr'>εἰς</span> <span class='ocrx_word' id='word_1_503' title='bbox 3143 2753 3391 2826; x_wconf 85' lang='grc' dir='ltr'>ὑπακοὴν</span> <span class='ocrx_word' id='word_1_504' title='bbox 3439 2754 3679 2819; x_wconf 81' lang='grc' dir='ltr'>πίστεως</span> 
     </span>
    </p>
   </div>
   <div class='ocr_carea' id='block_1_70' title="bbox 2090 2846 3678 2920">
    <p class='ocr_par' dir='ltr' id='par_1_70' title="bbox 2090 2846 3678 2920">
     <span class='ocr_line' id='line_1_70' title="bbox 2090 2846 3678 2920; baseline 0.002 -22"><span class='ocrx_word' id='word_1_505' title='bbox 2090 2847 2150 2900; x_wconf 85' lang='grc' dir='ltr'>ἐν</span> <span class='ocrx_word' id='word_1_506' title='bbox 2183 2848 2316 2901; x_wconf 83' lang='grc' dir='ltr'>πᾶσι</span> <span class='ocrx_word' id='word_1_507' title='bbox 2354 2851 2468 2911; x_wconf 81' lang='grc' dir='ltr'>τοῖς</span> <span class='ocrx_word' id='word_1_508' title='bbox 2500 2847 2730 2912; x_wconf 76' lang='grc' dir='ltr'>ἔθνεσιν,</span> <span class='ocrx_word' id='word_1_509' title='bbox 2767 2848 2801 2920; x_wconf 81' lang='grc' dir='ltr'>ἦ</span> <span class='ocrx_word' id='word_1_510' title='bbox 2848 2849 2942 2901; x_wconf 74' lang='grc' dir='ltr'><strong>καὶ</strong></span> <span class='ocrx_word' id='word_1_511' title='bbox 2969 2847 3035 2901; x_wconf 83' lang='grc' dir='ltr'>δι’</span> <span class='ocrx_word' id='word_1_512' title='bbox 3061 2846 3226 2901; x_wconf 83' lang='grc' dir='ltr'>αὐτοῦ</span> <span class='ocrx_word' id='word_1_513' title='bbox 3253 2848 3356 2917; x_wconf 83' lang='grc' dir='ltr'>τὴν</span> <span class='ocrx_word' id='word_1_514' title='bbox 3379 2864 3678 2919; x_wconf 77' lang='grc' dir='ltr'>προσαγω-</span> 
     </span>
    </p>
   </div>
   <div class='ocr_carea' id='block_1_71' title="bbox 2088 2934 3679 3012">
    <p class='ocr_par' dir='ltr' id='par_1_71' title="bbox 2088 2934 3679 3012">
     <span class='ocr_line' id='line_1_71' title="bbox 2088 2934 3679 3012; baseline -0.001 -19"><span class='ocrx_word' id='word_1_515' title='bbox 2088 2939 2191 3011; x_wconf 84' lang='grc' dir='ltr'><strong>γὴν</strong></span> <span class='ocrx_word' id='word_1_516' title='bbox 2231 2940 2524 3011; x_wconf 82' lang='grc' dir='ltr'><strong>ἐσχηκέναι</strong></span> <span class='ocrx_word' id='word_1_517' title='bbox 2564 2943 2644 3003; x_wconf 77' lang='grc' dir='ltr'><strong>εἰς</strong></span> <span class='ocrx_word' id='word_1_518' title='bbox 2675 2939 2776 3011; x_wconf 80' lang='grc' dir='ltr'>τὴν</span> <span class='ocrx_word' id='word_1_519' title='bbox 2824 2938 2986 3012; x_wconf 82' lang='grc' dir='ltr'>χάριν</span> <span class='ocrx_word' id='word_1_520' title='bbox 3024 2939 3229 3010; x_wconf 84' lang='grc' dir='ltr'>ταύτην</span> <span class='ocrx_word' id='word_1_521' title='bbox 3272 2939 3329 2991; x_wconf 79' lang='grc' dir='ltr'>ἐν</span> <span class='ocrx_word' id='word_1_522' title='bbox 3443 2940 3679 3010; x_wconf 75' lang='grc' dir='ltr'>ἑστήκα-</span> 
     </span>
    </p>
   </div>
   <div class='ocr_carea' id='block_1_72' title="bbox 2091 3030 3675 3103">
    <p class='ocr_par' dir='ltr' id='par_1_72' title="bbox 2091 3030 3675 3103">
     <span class='ocr_line' id='line_1_72' title="bbox 2091 3030 3675 3103; baseline -0.001 -18"><span class='ocrx_word' id='word_1_523' title='bbox 2091 3050 2190 3103; x_wconf 87' lang='grc' dir='ltr'><strong>μεν</strong></span> <span class='ocrx_word' id='word_1_524' title='bbox 2215 3032 2310 3087; x_wconf 81' lang='grc' dir='ltr'><strong>καὶ</strong></span> <span class='ocrx_word' id='word_1_525' title='bbox 2335 3030 2686 3103; x_wconf 84' lang='grc' dir='ltr'><strong>καυχώμεθα,</strong></span> <span class='ocrx_word' id='word_1_526' title='bbox 2719 3032 2820 3096; x_wconf 83' lang='grc' dir='ltr'><strong>τὰς</strong></span> <span class='ocrx_word' id='word_1_527' title='bbox 2860 3034 2943 3097; x_wconf 87' lang='grc' dir='ltr'><strong>είς</strong></span> <span class='ocrx_word' id='word_1_528' title='bbox 2980 3034 3127 3103; x_wconf 84' lang='grc' dir='ltr'>ἡμᾶς</span> <span class='ocrx_word' id='word_1_529' title='bbox 3158 3032 3475 3103; x_wconf 81' lang='grc' dir='ltr'>εὐεργεσίας</span> <span class='ocrx_word' id='word_1_530' title='bbox 3508 3031 3675 3085; x_wconf 77' lang='grc' dir='ltr'>αὑτοῦ</span> 
     </span>
    </p>
   </div>
   <div class='ocr_carea' id='block_1_73' title="bbox 2015 3123 3676 3223">
    <p class='ocr_par' dir='ltr' id='par_1_73' title="bbox 2015 3123 3676 3223">
     <span class='ocr_line' id='line_1_73' title="bbox 2015 3123 3676 3223; baseline -0.001 -45"><span class='ocrx_word' id='word_1_531' title='bbox 2015 3166 2055 3223; x_wconf 80' lang='lat' dir='ltr'><strong><em>C</em></strong></span> <span class='ocrx_word' id='word_1_532' title='bbox 2090 3126 2407 3197; x_wconf 83' lang='grc' dir='ltr'>παρίστησι,</span> <span class='ocrx_word' id='word_1_533' title='bbox 2438 3124 2534 3179; x_wconf 76' lang='grc' dir='ltr'>νῦν</span> <span class='ocrx_word' id='word_1_534' title='bbox 2682 3124 2790 3178; x_wconf 81' lang='grc' dir='ltr'><strong>ἀπὸ</strong></span> <span class='ocrx_word' id='word_1_535' title='bbox 2817 3123 3032 3223; x_wconf 52' lang='lat' dir='ltr'><strong>Harp-oc</strong></span> <span class='ocrx_word' id='word_1_536' title='bbox 3157 3125 3302 3223; x_wconf 66' lang='grc' dir='ltr'>ἡμᾶς</span> <span class='ocrx_word' id='word_1_537' title='bbox 3455 3123 3676 3223; x_wconf 64' lang='grc' dir='ltr'>ἀγαθῶν</span> 
     </span>
    </p>
   </div>
   <div class='ocr_carea' id='block_1_74' title="bbox 2087 3212 3675 3287">
    <p class='ocr_par' dir='ltr' id='par_1_74' title="bbox 2087 3212 3675 3287">
     <span class='ocr_line' id='line_1_74' title="bbox 2087 3212 3675 3287; baseline 0 -19"><span class='ocrx_word' id='word_1_538' title='bbox 2087 3215 2187 3286; x_wconf 86' lang='grc' dir='ltr'><strong>τὴν</strong></span> <span class='ocrx_word' id='word_1_539' title='bbox 2240 3214 2398 3287; x_wconf 82' lang='grc' dir='ltr'>χάριν</span> <span class='ocrx_word' id='word_1_540' title='bbox 2447 3214 2874 3279; x_wconf 76' lang='grc' dir='ltr'>διαϐιϐάζοντος,</span> <span class='ocrx_word' id='word_1_541' title='bbox 2928 3214 3022 3268; x_wconf 81' lang='grc' dir='ltr'><strong>νῦν</strong></span> <span class='ocrx_word' id='word_1_542' title='bbox 3075 3214 3131 3267; x_wconf 84' lang='grc' dir='ltr'>δὲ</span> <span class='ocrx_word' id='word_1_543' title='bbox 3180 3216 3328 3285; x_wconf 82' lang='grc' dir='ltr'>ήιιᾶς</span> <span class='ocrx_word' id='word_1_544' title='bbox 3368 3213 3434 3266; x_wconf 85' lang='grc' dir='ltr'>δι’</span> <span class='ocrx_word' id='word_1_545' title='bbox 3479 3212 3675 3268; x_wconf 76' lang='grc' dir='ltr'>ἑαυτοῦ</span> 
     </span>
    </p>
   </div>
   <div class='ocr_carea' id='block_1_75' title="bbox 2090 3305 3675 3380">
    <p class='ocr_par' dir='ltr' id='par_1_75' title="bbox 2090 3305 3675 3380">
     <span class='ocr_line' id='line_1_75' title="bbox 2090 3305 3675 3380; baseline -0.001 -18"><span class='ocrx_word' id='word_1_546' title='bbox 2090 3309 2457 3380; x_wconf 81' lang='grc' dir='ltr'>προσάγοντος</span> <span class='ocrx_word' id='word_1_547' title='bbox 2499 3307 2576 3380; x_wconf 82' lang='grc' dir='ltr'>τῷ</span> <span class='ocrx_word' id='word_1_548' title='bbox 2618 3308 2812 3380; x_wconf 87' lang='grc' dir='ltr'>Πατρί.</span> <span class='ocrx_word' id='word_1_549' title='bbox 2858 3309 2944 3362; x_wconf 87' lang='grc' dir='ltr'><strong>Ἐν</strong></span> <span class='ocrx_word' id='word_1_550' title='bbox 2991 3307 3089 3379; x_wconf 84' lang='grc' dir='ltr'>μὲν</span> <span class='ocrx_word' id='word_1_551' title='bbox 3118 3307 3225 3376; x_wconf 71' lang='grc' dir='ltr'><strong>γὰρ</strong></span> <span class='ocrx_word' id='word_1_552' title='bbox 3262 3305 3340 3377; x_wconf 83' lang='grc' dir='ltr'>τῷ</span> <span class='ocrx_word' id='word_1_553' title='bbox 3365 3306 3564 3376; x_wconf 87' lang='grc' dir='ltr'>λέγειν,</span> <span class='ocrx_word' id='word_1_554' title='bbox 3591 3307 3675 3361; x_wconf 82' lang='grc' dir='ltr'><strong>Δι’</strong></span> 
     </span>
    </p>
   </div>
   <div class='ocr_carea' id='block_1_76' title="bbox 2090 3396 3675 3470">
    <p class='ocr_par' dir='ltr' id='par_1_76' title="bbox 2090 3396 3675 3470">
     <span class='ocr_line' id='line_1_76' title="bbox 2090 3396 3675 3470; baseline 0 -17"><span class='ocrx_word' id='word_1_555' title='bbox 2090 3396 2161 3456; x_wconf 86' lang='grc' dir='ltr'><strong>οὗ</strong></span> <span class='ocrx_word' id='word_1_556' title='bbox 2194 3399 2488 3470; x_wconf 76' lang='grc' dir='ltr'>ἐλάϐομεν</span> <span class='ocrx_word' id='word_1_557' title='bbox 2535 3400 2713 3470; x_wconf 79' lang='grc' dir='ltr'>χάριν</span> <span class='ocrx_word' id='word_1_558' title='bbox 2754 3399 2854 3455; x_wconf 75' lang='grc' dir='ltr'>καὶ</span> <span class='ocrx_word' id='word_1_559' title='bbox 2898 3398 3280 3468; x_wconf 77' lang='grc' dir='ltr'>ἀποστολὴν,</span> <span class='ocrx_word' id='word_1_560' title='bbox 3322 3399 3423 3470; x_wconf 82' lang='grc' dir='ltr'><strong>τὴν</strong></span> <span class='ocrx_word' id='word_1_561' title='bbox 3461 3399 3675 3453; x_wconf 78' lang='grc' dir='ltr'>ἐκεῖθεν</span> 
     </span>
    </p>
   </div>
   <div class='ocr_carea' id='block_1_77' title="bbox 2088 3491 3673 3564">
    <p class='ocr_par' dir='ltr' id='par_1_77' title="bbox 2088 3491 3673 3564">
     <span class='ocr_line' id='line_1_77' title="bbox 2088 3491 3673 3564; baseline 0.001 -19"><span class='ocrx_word' id='word_1_562' title='bbox 2088 3492 2196 3546; x_wconf 85' lang='grc' dir='ltr'>τῶν</span> <span class='ocrx_word' id='word_1_563' title='bbox 2252 3492 2474 3561; x_wconf 84' lang='grc' dir='ltr'>ἀγαθῶν</span> <span class='ocrx_word' id='word_1_564' title='bbox 2528 3492 2790 3564; x_wconf 74' lang='grc' dir='ltr'>χορηγίαν</span> <span class='ocrx_word' id='word_1_565' title='bbox 2830 3491 3118 3562; x_wconf 80' lang='grc' dir='ltr'>ἐμφαίνει’</span> <span class='ocrx_word' id='word_1_566' title='bbox 3169 3492 3227 3545; x_wconf 84' lang='grc' dir='ltr'><strong>ὲν</strong></span> <span class='ocrx_word' id='word_1_567' title='bbox 3271 3491 3328 3544; x_wconf 83' lang='grc' dir='ltr'>δὲ</span> <span class='ocrx_word' id='word_1_568' title='bbox 3356 3491 3435 3562; x_wconf 79' lang='grc' dir='ltr'><strong>τῷ</strong></span> <span class='ocrx_word' id='word_1_569' title='bbox 3469 3491 3673 3559; x_wconf 84' lang='grc' dir='ltr'>λέγειν,</span> 
     </span>
    </p>
   </div>
   <div class='ocr_carea' id='block_1_78' title="bbox 2090 3580 3675 3656">
    <p class='ocr_par' dir='ltr' id='par_1_78' title="bbox 2090 3580 3675 3656">
     <span class='ocr_line' id='line_1_78' title="bbox 2090 3580 3675 3656; baseline 0 -19"><span class='ocrx_word' id='word_1_570' title='bbox 2090 3584 2170 3637; x_wconf 90' lang='grc' dir='ltr'><strong>Δι’</strong></span> <span class='ocrx_word' id='word_1_571' title='bbox 2201 3580 2272 3639; x_wconf 86' lang='grc' dir='ltr'><strong>οὗ</strong></span> <span class='ocrx_word' id='word_1_572' title='bbox 2300 3583 2415 3653; x_wconf 84' lang='grc' dir='ltr'>τὴν</span> <span class='ocrx_word' id='word_1_573' title='bbox 2435 3584 2840 3656; x_wconf 69' lang='grc' dir='ltr'>προσαγωγὴν</span> <span class='ocrx_word' id='word_1_574' title='bbox 2853 3583 3224 3653; x_wconf 81' lang='grc' dir='ltr'>ἐσχήκαμεν,</span> <span class='ocrx_word' id='word_1_575' title='bbox 3259 3584 3358 3651; x_wconf 80' lang='grc' dir='ltr'><strong>τὴν</strong></span> <span class='ocrx_word' id='word_1_576' title='bbox 3393 3584 3675 3655; x_wconf 79' lang='grc' dir='ltr'>ἡμετέραν</span> 
     </span>
    </p>
   </div>
   <div class='ocr_carea' id='block_1_79' title="bbox 2090 3674 3674 3747">
    <p class='ocr_par' dir='ltr' id='par_1_79' title="bbox 2090 3674 3674 3747">
     <span class='ocr_line' id='line_1_79' title="bbox 2090 3674 3674 3747; baseline 0.001 -21"><span class='ocrx_word' id='word_1_577' title='bbox 2090 3674 2391 3747; x_wconf 74' lang='grc' dir='ltr'>πρόσληψιν</span> <span class='ocrx_word' id='word_1_578' title='bbox 2427 3676 2521 3728; x_wconf 81' lang='grc' dir='ltr'><strong>καὶ</strong></span> <span class='ocrx_word' id='word_1_579' title='bbox 2539 3676 2811 3729; x_wconf 84' lang='grc' dir='ltr'>οίκείωσιν</span> <span class='ocrx_word' id='word_1_580' title='bbox 2844 3675 2930 3728; x_wconf 77' lang='grc' dir='ltr'>διὰ</span> <span class='ocrx_word' id='word_1_581' title='bbox 2963 3674 3200 3745; x_wconf 81' lang='grc' dir='ltr'>Χριστοῦ</span> <span class='ocrx_word' id='word_1_582' title='bbox 3247 3675 3381 3746; x_wconf 73' lang='grc' dir='ltr'>πρὸς</span> <span class='ocrx_word' id='word_1_583' title='bbox 3410 3674 3500 3727; x_wconf 83' lang='grc' dir='ltr'>τὸν</span> <span class='ocrx_word' id='word_1_584' title='bbox 3538 3674 3674 3727; x_wconf 78' lang='grc' dir='ltr'><strong>Θεὸν</strong></span> 
     </span>
    </p>
   </div>
   <div class='ocr_carea' id='block_1_80' title="bbox 2089 3763 3673 3841">
    <p class='ocr_par' dir='ltr' id='par_1_80' title="bbox 2089 3763 3673 3841">
     <span class='ocr_line' id='line_1_80' title="bbox 2089 3763 3673 3841; baseline 0.003 -22"><span class='ocrx_word' id='word_1_585' title='bbox 2089 3768 2387 3839; x_wconf 84' lang='grc' dir='ltr'>γινομένην</span> <span class='ocrx_word' id='word_1_586' title='bbox 2439 3767 2788 3840; x_wconf 80' lang='grc' dir='ltr'>παρίστησιν.</span> <span class='ocrx_word' id='word_1_587' title='bbox 2851 3764 2979 3841; x_wconf 67' lang='grc' dir='ltr'><strong>’Ἆρ’</strong></span> <span class='ocrx_word' id='word_1_588' title='bbox 3036 3763 3129 3821; x_wconf 79' lang='grc' dir='ltr'><strong>οὖν</strong></span> <span class='ocrx_word' id='word_1_589' title='bbox 3178 3769 3210 3838; x_wconf 80' lang='grc' dir='ltr'>ἠ</span> <span class='ocrx_word' id='word_1_590' title='bbox 3264 3767 3524 3838; x_wconf 77' lang='grc' dir='ltr'>ὁμολογία</span> <span class='ocrx_word' id='word_1_591' title='bbox 3570 3768 3673 3838; x_wconf 78' lang='grc' dir='ltr'>τῆς</span> 
     </span>
    </p>
   </div>
   <div class='ocr_carea' id='block_1_81' title="bbox 2090 3858 3672 3931">
    <p class='ocr_par' dir='ltr' id='par_1_81' title="bbox 2090 3858 3672 3931">
     <span class='ocr_line' id='line_1_81' title="bbox 2090 3858 3672 3931; baseline 0.001 -21"><span class='ocrx_word' id='word_1_592' title='bbox 2090 3859 2488 3930; x_wconf 78' lang='grc' dir='ltr'>ἐνεργουμένης</span> <span class='ocrx_word' id='word_1_593' title='bbox 2516 3861 2644 3931; x_wconf 89' lang='grc' dir='ltr'>παρ’</span> <span class='ocrx_word' id='word_1_594' title='bbox 2666 3858 2832 3913; x_wconf 81' lang='grc' dir='ltr'>αὐτοῦ</span> <span class='ocrx_word' id='word_1_595' title='bbox 2860 3858 2995 3929; x_wconf 84' lang='grc' dir='ltr'>πρὸς</span> <span class='ocrx_word' id='word_1_596' title='bbox 3024 3860 3172 3930; x_wconf 83' lang='grc' dir='ltr'>ἡμᾶς</span> <span class='ocrx_word' id='word_1_597' title='bbox 3198 3863 3419 3931; x_wconf 86' lang='grc' dir='ltr'>χάριτος</span> <span class='ocrx_word' id='word_1_598' title='bbox 3448 3858 3672 3929; x_wconf 82' lang='grc' dir='ltr'>ὑφαίρε-</span> 
     </span>
    </p>
   </div>
   <div class='ocr_carea' id='block_1_82' title="bbox 2091 3946 3666 4020">
    <p class='ocr_par' dir='ltr' id='par_1_82' title="bbox 2091 3946 3666 4020">
     <span class='ocr_line' id='line_1_82' title="bbox 2091 3946 3666 4020; baseline 0.002 -23"><span class='ocrx_word' id='word_1_599' title='bbox 2091 3946 2174 4009; x_wconf 85' lang='grc' dir='ltr'><strong>σίς</strong></span> <span class='ocrx_word' id='word_1_600' title='bbox 2205 3950 2323 4000; x_wconf 81' lang='grc' dir='ltr'>ἐστι</span> <span class='ocrx_word' id='word_1_601' title='bbox 2366 3947 2467 4017; x_wconf 79' lang='grc' dir='ltr'><strong>τῆς</strong></span> <span class='ocrx_word' id='word_1_602' title='bbox 2509 3946 2697 4020; x_wconf 81' lang='grc' dir='ltr'>δόξης;</span> <span class='ocrx_word' id='word_1_603' title='bbox 2743 3948 2775 4018; x_wconf 83' lang='grc' dir='ltr'>ἢ</span> <span class='ocrx_word' id='word_1_604' title='bbox 2820 3946 3019 4019; x_wconf 85' lang='grc' dir='ltr'>μᾶλλον</span> <span class='ocrx_word' id='word_1_605' title='bbox 3077 3949 3249 4001; x_wconf 80' lang='grc' dir='ltr'>εἰπεῖν</span> <span class='ocrx_word' id='word_1_606' title='bbox 3286 3947 3666 4019; x_wconf 83' lang='grc' dir='ltr'>ἀληθέστερον,</span> 
     </span>
    </p>
   </div>
   <div class='ocr_carea' id='block_1_83' title="bbox 2088 4037 3666 4111">
    <p class='ocr_par' dir='ltr' id='par_1_83' title="bbox 2088 4037 3666 4111">
     <span class='ocr_line' id='line_1_83' title="bbox 2088 4037 3666 4111; baseline 0 -21"><span class='ocrx_word' id='word_1_607' title='bbox 2088 4037 2168 4090; x_wconf 77' lang='grc' dir='ltr'><strong>ὅτι</strong></span> <span class='ocrx_word' id='word_1_608' title='bbox 2206 4039 2488 4109; x_wconf 84' lang='grc' dir='ltr'>πρέπουσα</span> <span class='ocrx_word' id='word_1_609' title='bbox 2522 4039 2828 4108; x_wconf 80' lang='grc' dir='ltr'>δοξολογίας</span> <span class='ocrx_word' id='word_1_610' title='bbox 2866 4038 3121 4101; x_wconf 80' lang='grc' dir='ltr'>ὑπόθεσις</span> <span class='ocrx_word' id='word_1_611' title='bbox 3167 4040 3199 4111; x_wconf 83' lang='grc' dir='ltr'>ἡ</span> <span class='ocrx_word' id='word_1_612' title='bbox 3230 4037 3336 4092; x_wconf 82' lang='grc' dir='ltr'><strong>τῶν</strong></span> <span class='ocrx_word' id='word_1_613' title='bbox 3373 4039 3666 4108; x_wconf 77' lang='grc' dir='ltr'>εὐεργετη-</span> 
     </span>
    </p>
   </div>
   <div class='ocr_carea' id='block_1_84' title="bbox 2092 4127 3667 4201">
    <p class='ocr_par' dir='ltr' id='par_1_84' title="bbox 2092 4127 3667 4201">
     <span class='ocr_line' id='line_1_84' title="bbox 2092 4127 3667 4201; baseline 0.001 -21"><span class='ocrx_word' id='word_1_614' title='bbox 2092 4127 2277 4197; x_wconf 83' lang='grc' dir='ltr'>μάτων</span> <span class='ocrx_word' id='word_1_615' title='bbox 2299 4129 2579 4201; x_wconf 82' lang='grc' dir='ltr'>διήγησις;</span> <span class='ocrx_word' id='word_1_616' title='bbox 2610 4129 2709 4184; x_wconf 82' lang='grc' dir='ltr'>Διὰ</span> <span class='ocrx_word' id='word_1_617' title='bbox 2736 4129 2893 4183; x_wconf 79' lang='grc' dir='ltr'>τοῦτο</span> <span class='ocrx_word' id='word_1_618' title='bbox 2913 4129 3026 4199; x_wconf 81' lang='grc'><strong>(94)</strong></span> <span class='ocrx_word' id='word_1_619' title='bbox 3056 4129 3289 4199; x_wconf 74' lang='grc' dir='ltr'>εὕρομεν</span> <span class='ocrx_word' id='word_1_620' title='bbox 3321 4129 3419 4201; x_wconf 81' lang='grc' dir='ltr'>τὴν</span> <span class='ocrx_word' id='word_1_621' title='bbox 3445 4129 3667 4200; x_wconf 85' lang='grc' dir='ltr'>Γραφὴν</span> 
     </span>
    </p>
   </div>
   <div class='ocr_carea' id='block_1_85' title="bbox 2087 4218 3664 4305">
    <p class='ocr_par' dir='ltr' id='par_1_85' title="bbox 2087 4218 3664 4305">
     <span class='ocr_line' id='line_1_85' title="bbox 2087 4218 3664 4305; baseline 0.001 -35"><span class='ocrx_word' id='word_1_622' title='bbox 2087 4219 2185 4271; x_wconf 80' lang='grc' dir='ltr'><strong>οὐκ</strong></span> <span class='ocrx_word' id='word_1_623' title='bbox 2215 4218 2274 4283; x_wconf 76' lang='grc' dir='ltr'>ἐξ</span> <span class='ocrx_word' id='word_1_624' title='bbox 2300 4220 2415 4284; x_wconf 80' lang='grc' dir='ltr'>ἐνὸς</span> <span class='ocrx_word' id='word_1_625' title='bbox 2448 4221 2711 4291; x_wconf 81' lang='grc' dir='ltr'>ὀνόματος</span> <span class='ocrx_word' id='word_1_626' title='bbox 2730 4221 2822 4273; x_wconf 77' lang='grc' dir='ltr'>τὸν</span> <span class='ocrx_word' id='word_1_627' title='bbox 2856 4220 3060 4292; x_wconf 80' lang='grc' dir='ltr'>Κύριον</span> <span class='ocrx_word' id='word_1_628' title='bbox 3089 4223 3219 4293; x_wconf 79' lang='grc' dir='ltr'>ἡμῖν</span> <span class='ocrx_word' id='word_1_629' title='bbox 3244 4218 3664 4305; x_wconf 62' lang='grc' dir='ltr'>παραδιδοῐξσαν,</span> 
     </span>
    </p>
   </div>
   <div class='ocr_carea' id='block_1_86' title="bbox 2086 4309 3667 4383">
    <p class='ocr_par' dir='ltr' id='par_1_86' title="bbox 2086 4309 3667 4383">
     <span class='ocr_line' id='line_1_86' title="bbox 2086 4309 3667 4383; baseline 0.001 -22"><span class='ocrx_word' id='word_1_630' title='bbox 2086 4309 2208 4362; x_wconf 79' lang='grc' dir='ltr'>οὐδὲ</span> <span class='ocrx_word' id='word_1_631' title='bbox 2239 4312 2303 4364; x_wconf 86' lang='grc' dir='ltr'>ὲκ</span> <span class='ocrx_word' id='word_1_632' title='bbox 2331 4310 2438 4365; x_wconf 86' lang='grc' dir='ltr'>τῶν</span> <span class='ocrx_word' id='word_1_633' title='bbox 2471 4312 2569 4364; x_wconf 84' lang='grc' dir='ltr'><strong>ὅσα</strong></span> <span class='ocrx_word' id='word_1_634' title='bbox 2596 4312 2695 4383; x_wconf 82' lang='grc' dir='ltr'>τῆς</span> <span class='ocrx_word' id='word_1_635' title='bbox 2727 4311 2978 4380; x_wconf 77' lang='grc' dir='ltr'>θεότητος</span> <span class='ocrx_word' id='word_1_636' title='bbox 3011 4313 3157 4365; x_wconf 79' lang='grc' dir='ltr'>ἐστιν</span> <span class='ocrx_word' id='word_1_637' title='bbox 3177 4310 3338 4364; x_wconf 82' lang='grc' dir='ltr'>αὐτοῦ</span> <span class='ocrx_word' id='word_1_638' title='bbox 3376 4310 3534 4381; x_wconf 87' lang='grc' dir='ltr'>μόνον</span> <span class='ocrx_word' id='word_1_639' title='bbox 3571 4309 3667 4363; x_wconf 80' lang='grc' dir='ltr'><strong>καὶ</strong></span> 
     </span>
    </p>
   </div>
   <div class='ocr_carea' id='block_1_87' title="bbox 2086 4399 3664 4473">
    <p class='ocr_par' dir='ltr' id='par_1_87' title="bbox 2086 4399 3664 4473">
     <span class='ocr_line' id='line_1_87' title="bbox 2086 4399 3664 4473; baseline 0.001 -21"><span class='ocrx_word' id='word_1_640' title='bbox 2086 4399 2181 4453; x_wconf 77' lang='grc' dir='ltr'><strong>τοῦ</strong></span> <span class='ocrx_word' id='word_1_641' title='bbox 2212 4402 2474 4471; x_wconf 87' lang='grc' dir='ltr'>μεγέθους</span> <span class='ocrx_word' id='word_1_642' title='bbox 2507 4402 2816 4472; x_wconf 79' lang='grc' dir='ltr'>δηλωτικὰ,</span> <span class='ocrx_word' id='word_1_643' title='bbox 2867 4403 3003 4457; x_wconf 82' lang='grc' dir='ltr'>ἀλλὰ</span> <span class='ocrx_word' id='word_1_644' title='bbox 3031 4402 3125 4456; x_wconf 84' lang='grc' dir='ltr'><strong>νῦν</strong></span> <span class='ocrx_word' id='word_1_645' title='bbox 3161 4403 3260 4473; x_wconf 84' lang='grc' dir='ltr'>μὲν</span> <span class='ocrx_word' id='word_1_646' title='bbox 3287 4405 3398 4465; x_wconf 85' lang='grc' dir='ltr'>τοῖς</span> <span class='ocrx_word' id='word_1_647' title='bbox 3424 4402 3525 4472; x_wconf 86' lang='grc' dir='ltr'>τῆς</span> <span class='ocrx_word' id='word_1_648' title='bbox 3559 4401 3664 4471; x_wconf 77' lang='grc' dir='ltr'><strong>φύ-</strong></span> 
     </span>
    </p>
   </div>
   <div class='ocr_carea' id='block_1_88' title="bbox 407 4470 1990 4564">
    <p class='ocr_par' dir='ltr' id='par_1_88' title="bbox 407 4470 1988 4560">
     <span class='ocr_line' id='line_1_88' title="bbox 407 4470 1988 4560; baseline 0.018 -38"><span class='ocrx_word' id='word_1_649' title='bbox 407 4484 608 4526; x_wconf 88' lang='lat' dir='ltr'><strong>nomen</strong></span> <span class='ocrx_word' id='word_1_650' title='bbox 656 4470 801 4538; x_wconf 86' lang='lat' dir='ltr'><strong>Filii,</strong></span> <span class='ocrx_word' id='word_1_651' title='bbox 851 4476 997 4544; x_wconf 92' lang='lat' dir='ltr'><strong>quod</strong></span> <span class='ocrx_word' id='word_1_652' title='bbox 1040 4486 1125 4533; x_wconf 89' lang='lat' dir='ltr'><strong>est</strong></span> <span class='ocrx_word' id='word_1_653' title='bbox 1177 4495 1342 4550; x_wconf 88' lang='lat' dir='ltr'><strong>super</strong></span> <span class='ocrx_word' id='word_1_654' title='bbox 1383 4498 1546 4541; x_wconf 90' lang='lat' dir='ltr'><strong>omne</strong></span> <span class='ocrx_word' id='word_1_655' title='bbox 1589 4504 1785 4551; x_wconf 88' lang='lat' dir='ltr'><strong>nomen</strong></span> <span class='ocrx_word' id='word_1_656' title='bbox 1817 4493 1881 4560; x_wconf 57' lang='grc' dir='ltr'><strong>ιδ,</strong></span> <span class='ocrx_word' id='word_1_657' title='bbox 1935 4506 1988 4551; x_wconf 93' lang='lat' dir='ltr'><strong>et</strong></span> 
     </span>
    </p>
   </div>
   <div class='ocr_carea' id='block_1_89' title="bbox 2102 4470 3665 4564">
    <p class='ocr_par' dir='ltr' id='par_1_89' title="bbox 2102 4470 3665 4564">
     <span class='ocr_line' id='line_1_89' title="bbox 2102 4470 3665 4564; baseline -0.001 -20"><span class='ocrx_word' id='word_1_658' title='bbox 2102 4470 2230 4554; x_wconf 74' lang='grc' dir='ltr'>ςεως</span> <span class='ocrx_word' id='word_1_659' title='bbox 2275 4491 2384 4561; x_wconf 76' lang='grc'><strong>(95)</strong></span> <span class='ocrx_word' id='word_1_660' title='bbox 2428 4470 2947 4564; x_wconf 81' lang='grc' dir='ltr'>χαρακτηριστικοῖς</span> <span class='ocrx_word' id='word_1_661' title='bbox 2986 4470 3364 4564; x_wconf 76' lang='grc' dir='ltr'>κεχρημένην·</span> <span class='ocrx_word' id='word_1_662' title='bbox 3410 4470 3519 4543; x_wconf 77' lang='grc' dir='ltr'>οἶδε</span> <span class='ocrx_word' id='word_1_663' title='bbox 3556 4490 3665 4561; x_wconf 82' lang='grc' dir='ltr'><strong>γὰρ</strong></span> 
     </span>
    </p>
   </div>
   <div class='ocr_carea' id='block_1_90' title="bbox 405 4559 1982 4646">
    <p class='ocr_par' dir='ltr' id='par_1_90' title="bbox 405 4559 1982 4646">
     <span class='ocr_line' id='line_1_90' title="bbox 405 4559 1982 4646; baseline 0.016 -32"><span class='ocrx_word' id='word_1_664' title='bbox 405 4559 605 4617; x_wconf 83' lang='lat' dir='ltr'><strong>Filium</strong></span> <span class='ocrx_word' id='word_1_665' title='bbox 637 4578 827 4625; x_wconf 77' lang='lat' dir='ltr'><strong>verum</strong></span> <span class='ocrx_word' id='word_1_666' title='bbox 865 4566 1070 4632; x_wconf 88' lang='lat' dir='ltr'><strong>dicere,</strong></span> <span class='ocrx_word' id='word_1_667' title='bbox 1102 4580 1156 4626; x_wconf 91' lang='lat' dir='ltr'><strong>et</strong></span> <span class='ocrx_word' id='word_1_668' title='bbox 1186 4570 1535 4644; x_wconf 84' lang='lat' dir='ltr'><strong>Unigenitum</strong></span> <span class='ocrx_word' id='word_1_669' title='bbox 1566 4577 1758 4646; x_wconf 88' lang='lat' dir='ltr'><strong>Deum,</strong></span> <span class='ocrx_word' id='word_1_670' title='bbox 1795 4593 1848 4637; x_wconf 89' lang='lat' dir='ltr'><strong>et</strong></span> <span class='ocrx_word' id='word_1_671' title='bbox 1871 4559 1982 4640; x_wconf 82' lang='lat' dir='ltr'><strong>vir-</strong></span> 
     </span>
    </p>
   </div>
   <div class='ocr_carea' id='block_1_91' title="bbox 405 4654 1978 4744">
    <p class='ocr_par' dir='ltr' id='par_1_91' title="bbox 405 4654 1978 4744">
     <span class='ocr_line' id='line_1_91' title="bbox 405 4654 1978 4744; baseline 0.017 -37"><span class='ocrx_word' id='word_1_672' title='bbox 405 4661 583 4710; x_wconf 90' lang='lat' dir='ltr'><strong>tutem</strong></span> <span class='ocrx_word' id='word_1_673' title='bbox 613 4654 732 4720; x_wconf 85' lang='lat' dir='ltr'><strong>Dei,</strong></span> <span class='ocrx_word' id='word_1_674' title='bbox 767 4666 823 4713; x_wconf 91' lang='lat' dir='ltr'><strong>et</strong></span> <span class='ocrx_word' id='word_1_675' title='bbox 857 4660 1202 4730; x_wconf 89' lang='lat' dir='ltr'><strong>sapientiam,</strong></span> <span class='ocrx_word' id='word_1_676' title='bbox 1244 4674 1301 4722; x_wconf 86' lang='lat' dir='ltr'><strong>et</strong></span> <span class='ocrx_word' id='word_1_677' title='bbox 1348 4666 1606 4726; x_wconf 80' lang='lat' dir='ltr'><strong>Verbum.</strong></span> <span class='ocrx_word' id='word_1_678' title='bbox 1654 4672 1719 4728; x_wconf 89' lang='lat' dir='ltr'><strong>Et</strong></span> <span class='ocrx_word' id='word_1_679' title='bbox 1763 4691 1978 4744; x_wconf 88' lang='lat' dir='ltr'><strong>rursus,</strong></span> 
     </span>
    </p>
   </div>
   <div class='ocr_carea' id='block_1_92' title="bbox 404 4746 1979 4834">
    <p class='ocr_par' dir='ltr' id='par_1_92' title="bbox 404 4746 1979 4834">
     <span class='ocr_line' id='line_1_92' title="bbox 404 4746 1979 4834; baseline 0.015 -34"><span class='ocrx_word' id='word_1_680' title='bbox 404 4746 476 4802; x_wconf 92' lang='lat' dir='ltr'><strong>ob</strong></span> <span class='ocrx_word' id='word_1_681' title='bbox 507 4747 862 4834; x_wconf 76' lang='lat' dir='ltr'><strong>multiplicem</strong></span> <span class='ocrx_word' id='word_1_682' title='bbox 904 4752 959 4806; x_wconf 89' lang='lat' dir='ltr'><strong>in</strong></span> <span class='ocrx_word' id='word_1_683' title='bbox 989 4768 1091 4808; x_wconf 90' lang='lat' dir='ltr'><strong>nos</strong></span> <span class='ocrx_word' id='word_1_684' title='bbox 1120 4755 1555 4828; x_wconf 87' lang='lat' dir='ltr'><strong>beneﬁcentiam,</strong></span> <span class='ocrx_word' id='word_1_685' title='bbox 1594 4780 1759 4834; x_wconf 81' lang='lat' dir='ltr'><strong>quam</strong></span> <span class='ocrx_word' id='word_1_686' title='bbox 1801 4769 1872 4822; x_wconf 91' lang='lat' dir='ltr'><strong>ob</strong></span> <span class='ocrx_word' id='word_1_687' title='bbox 1899 4771 1979 4823; x_wconf 88' lang='lat' dir='ltr'><strong>di-</strong></span> 
     </span>
    </p>
   </div>
   <div class='ocr_carea' id='block_1_93' title="bbox 403 4828 1977 4927">
    <p class='ocr_par' dir='ltr' id='par_1_93' title="bbox 403 4828 1977 4927">
     <span class='ocr_line' id='line_1_93' title="bbox 403 4828 1977 4927; baseline 0.015 -34"><span class='ocrx_word' id='word_1_688' title='bbox 403 4839 563 4896; x_wconf 75' lang='lat' dir='ltr'><strong>vitias</strong></span> <span class='ocrx_word' id='word_1_689' title='bbox 604 4828 865 4899; x_wconf 84' lang='lat' dir='ltr'><strong>bonitatis</strong></span> <span class='ocrx_word' id='word_1_690' title='bbox 893 4860 992 4915; x_wconf 91' lang='lat' dir='ltr'><strong>pro</strong></span> <span class='ocrx_word' id='word_1_691' title='bbox 1036 4847 1186 4902; x_wconf 86' lang='lat' dir='ltr'><strong>varia</strong></span> <span class='ocrx_word' id='word_1_692' title='bbox 1225 4866 1324 4906; x_wconf 92' lang='lat' dir='ltr'><strong>sua</strong></span> <span class='ocrx_word' id='word_1_693' title='bbox 1370 4828 1639 4923; x_wconf 77' lang='lat' dir='ltr'><strong>sapientia</strong></span> <span class='ocrx_word' id='word_1_694' title='bbox 1689 4861 1977 4927; x_wconf 85' lang='lat' dir='ltr'><strong>egentibus</strong></span> 
     </span>
    </p>
   </div>
   <div class='ocr_carea' id='block_1_94' title="bbox 401 4934 1975 5009">
    <p class='ocr_par' dir='ltr' id='par_1_94' title="bbox 401 4934 1975 5009">
     <span class='ocr_line' id='line_1_94' title="bbox 401 4934 1975 5009; baseline 0.013 -26"><span class='ocrx_word' id='word_1_695' title='bbox 401 4941 646 5001; x_wconf 61' lang='lat' dir='ltr'><strong>praestat,</strong></span> <span class='ocrx_word' id='word_1_696' title='bbox 698 4934 819 4989; x_wconf 83' lang='lat' dir='ltr'><strong>aliis</strong></span> <span class='ocrx_word' id='word_1_697' title='bbox 865 4935 1172 4992; x_wconf 87' lang='lat' dir='ltr'><strong>innumeris</strong></span> <span class='ocrx_word' id='word_1_698' title='bbox 1218 4942 1673 5009; x_wconf 90' lang='lat' dir='ltr'><strong>appellationibus</strong></span> <span class='ocrx_word' id='word_1_699' title='bbox 1724 4946 1975 5003; x_wconf 82' lang='lat' dir='ltr'><strong>ettmdem</strong></span> 
     </span>
    </p>
   </div>
   <div class='ocr_carea' id='block_1_95' title="bbox 400 5021 1973 5107">
    <p class='ocr_par' dir='ltr' id='par_1_95' title="bbox 400 5021 1973 5107">
     <span class='ocr_line' id='line_1_95' title="bbox 400 5021 1973 5107; baseline 0.01 -31"><span class='ocrx_word' id='word_1_700' title='bbox 400 5021 689 5095; x_wconf 88' lang='lat' dir='ltr'><strong>designat,</strong></span> <span class='ocrx_word' id='word_1_701' title='bbox 742 5026 871 5082; x_wconf 92' lang='lat' dir='ltr'><strong>dum</strong></span> <span class='ocrx_word' id='word_1_702' title='bbox 929 5027 1226 5099; x_wconf 90' lang='lat' dir='ltr'><strong>aliquando</strong></span> <span class='ocrx_word' id='word_1_703' title='bbox 1277 5044 1436 5088; x_wconf 90' lang='lat' dir='ltr'><strong>vocat</strong></span> <span class='ocrx_word' id='word_1_704' title='bbox 1476 5035 1629 5089; x_wconf 91' lang='lat' dir='ltr'><strong>illum</strong></span> <span class='ocrx_word' id='word_1_705' title='bbox 1676 5045 1973 5107; x_wconf 88' lang='lat' dir='ltr'><strong>pastorem,</strong></span> 
     </span>
    </p>
   </div>
   <div class='ocr_carea' id='block_1_96' title="bbox 2086 4581 3664 4656">
    <p class='ocr_par' dir='ltr' id='par_1_96' title="bbox 2086 4581 3664 4656">
     <span class='ocr_line' id='line_1_96' title="bbox 2086 4581 3664 4656; baseline 0.001 -21"><span class='ocrx_word' id='word_1_706' title='bbox 2086 4583 2147 4636; x_wconf 84' lang='grc' dir='ltr'><strong>τὸ</strong></span> <span class='ocrx_word' id='word_1_707' title='bbox 2178 4581 2348 4652; x_wconf 79' lang='grc' dir='ltr'>ὄνομα</span> <span class='ocrx_word' id='word_1_708' title='bbox 2369 4583 2429 4635; x_wconf 74' lang='grc' dir='ltr'>τὸ</span> <span class='ocrx_word' id='word_1_709' title='bbox 2456 4584 2594 4655; x_wconf 74' lang='grc' dir='ltr'>ὑπὲρ</span> <span class='ocrx_word' id='word_1_710' title='bbox 2629 4585 2735 4638; x_wconf 81' lang='grc' dir='ltr'>πᾶν</span> <span class='ocrx_word' id='word_1_711' title='bbox 2768 4585 2939 4656; x_wconf 72' lang='grc' dir='ltr'>ὄνομα</span> <span class='ocrx_word' id='word_1_712' title='bbox 2982 4583 3077 4638; x_wconf 79' lang='grc' dir='ltr'>τοῦ</span> <span class='ocrx_word' id='word_1_713' title='bbox 3103 4582 3235 4636; x_wconf 79' lang='grc' dir='ltr'>Υίοῦ</span> <span class='ocrx_word' id='word_1_714' title='bbox 3260 4584 3353 4636; x_wconf 72' lang='grc' dir='ltr'>καὶ</span> <span class='ocrx_word' id='word_1_715' title='bbox 3376 4582 3500 4636; x_wconf 81' lang='grc' dir='ltr'>Υίὸν</span> <span class='ocrx_word' id='word_1_716' title='bbox 3531 4584 3664 4653; x_wconf 84' lang='grc' dir='ltr'>άλη-</span> 
     </span>
    </p>
   </div>
   <div class='ocr_carea' id='block_1_97' title="bbox 2086 4674 3662 4747">
    <p class='ocr_par' dir='ltr' id='par_1_97' title="bbox 2086 4674 3662 4747">
     <span class='ocr_line' id='line_1_97' title="bbox 2086 4674 3662 4747; baseline 0 -19"><span class='ocrx_word' id='word_1_717' title='bbox 2086 4674 2229 4728; x_wconf 82' lang='grc' dir='ltr'>θινὸν</span> <span class='ocrx_word' id='word_1_718' title='bbox 2269 4675 2466 4744; x_wconf 84' lang='grc' dir='ltr'>λέγειν,</span> <span class='ocrx_word' id='word_1_719' title='bbox 2509 4677 2603 4729; x_wconf 78' lang='grc' dir='ltr'><strong>καὶ</strong></span> <span class='ocrx_word' id='word_1_720' title='bbox 2649 4676 2910 4747; x_wconf 82' lang='grc' dir='ltr'>μονογενῆ</span> <span class='ocrx_word' id='word_1_721' title='bbox 2938 4676 3092 4743; x_wconf 78' lang='grc' dir='ltr'>Θεὸν,</span> <span class='ocrx_word' id='word_1_722' title='bbox 3122 4679 3217 4728; x_wconf 76' lang='grc' dir='ltr'><strong>καὶ</strong></span> <span class='ocrx_word' id='word_1_723' title='bbox 3249 4674 3475 4745; x_wconf 82' lang='grc' dir='ltr'>δύναμιν</span> <span class='ocrx_word' id='word_1_724' title='bbox 3501 4675 3662 4740; x_wconf 82' lang='grc' dir='ltr'>Θεοῦ,</span> 
     </span>
    </p>
   </div>
   <div class='ocr_carea' id='block_1_98' title="bbox 2085 4767 3665 4838">
    <p class='ocr_par' dir='ltr' id='par_1_98' title="bbox 2085 4767 3665 4838">
     <span class='ocr_line' id='line_1_98' title="bbox 2085 4767 3665 4838; baseline 0.003 -18"><span class='ocrx_word' id='word_1_725' title='bbox 2085 4767 2176 4820; x_wconf 80' lang='grc' dir='ltr'><strong>καὶ</strong></span> <span class='ocrx_word' id='word_1_726' title='bbox 2229 4768 2442 4836; x_wconf 78' lang='grc' dir='ltr'>σοφίαν,</span> <span class='ocrx_word' id='word_1_727' title='bbox 2496 4770 2591 4822; x_wconf 80' lang='grc' dir='ltr'><strong>καὶ</strong></span> <span class='ocrx_word' id='word_1_728' title='bbox 2647 4769 2837 4837; x_wconf 80' lang='grc' dir='ltr'><strong>Λόγον.</strong></span> <span class='ocrx_word' id='word_1_729' title='bbox 2894 4768 3006 4821; x_wconf 78' lang='grc' dir='ltr'>Καὶ</span> <span class='ocrx_word' id='word_1_730' title='bbox 3058 4767 3219 4821; x_wconf 86' lang='grc' dir='ltr'>πάλιν</span> <span class='ocrx_word' id='word_1_731' title='bbox 3256 4768 3439 4838; x_wconf 83' lang='grc' dir='ltr'>μέντοι</span> <span class='ocrx_word' id='word_1_732' title='bbox 3476 4768 3564 4821; x_wconf 84' lang='grc' dir='ltr'>διὰ</span> <span class='ocrx_word' id='word_1_733' title='bbox 3602 4770 3665 4825; x_wconf 82' lang='grc' dir='ltr'>τὸ</span> 
     </span>
    </p>
   </div>
   <div class='ocr_carea' id='block_1_99' title="bbox 2084 4858 3664 4932">
    <p class='ocr_par' dir='ltr' id='par_1_99' title="bbox 2084 4858 3664 4932">
     <span class='ocr_line' id='line_1_99' title="bbox 2084 4858 3664 4932; baseline 0.01 -22"><span class='ocrx_word' id='word_1_734' title='bbox 2084 4858 2419 4928; x_wconf 78' lang='grc' dir='ltr'>πολύτροπον</span> <span class='ocrx_word' id='word_1_735' title='bbox 2470 4859 2571 4931; x_wconf 83' lang='grc' dir='ltr'>τῆς</span> <span class='ocrx_word' id='word_1_736' title='bbox 2622 4862 2702 4924; x_wconf 82' lang='grc' dir='ltr'><strong>είς</strong></span> <span class='ocrx_word' id='word_1_737' title='bbox 2750 4862 2897 4932; x_wconf 79' lang='grc' dir='ltr'>ἡμᾶς</span> <span class='ocrx_word' id='word_1_738' title='bbox 2938 4861 3177 4932; x_wconf 79' lang='grc' dir='ltr'>χάριτος.</span> <span class='ocrx_word' id='word_1_739' title='bbox 3208 4861 3275 4932; x_wconf 73' lang='grc' dir='ltr'><strong>ἢν</strong></span> <span class='ocrx_word' id='word_1_740' title='bbox 3318 4860 3405 4914; x_wconf 76' lang='grc' dir='ltr'>διὰ</span> <span class='ocrx_word' id='word_1_741' title='bbox 3444 4861 3538 4915; x_wconf 81' lang='grc' dir='ltr'>τὸν</span> <span class='ocrx_word' id='word_1_742' title='bbox 3564 4862 3664 4932; x_wconf 81' lang='grc' dir='ltr'><strong>τῆς</strong></span> 
     </span>
    </p>
   </div>
   <div class='ocr_carea' id='block_1_100' title="bbox 2082 4952 3663 5025">
    <p class='ocr_par' dir='ltr' id='par_1_100' title="bbox 2082 4952 3663 5025">
     <span class='ocr_line' id='line_1_100' title="bbox 2082 4952 3663 5025; baseline 0.002 -20"><span class='ocrx_word' id='word_1_743' title='bbox 2082 4952 2417 5024; x_wconf 86' lang='grc' dir='ltr'>ἀγαθότητος</span> <span class='ocrx_word' id='word_1_744' title='bbox 2447 4952 2589 5007; x_wconf 84' lang='grc' dir='ltr'>κατὰ</span> <span class='ocrx_word' id='word_1_745' title='bbox 2607 4956 2705 5025; x_wconf 80' lang='grc' dir='ltr'>τὴν</span> <span class='ocrx_word' id='word_1_746' title='bbox 2732 4953 3111 5009; x_wconf 79' lang='grc' dir='ltr'>πολυποίκιλον</span> <span class='ocrx_word' id='word_1_747' title='bbox 3138 4955 3301 5009; x_wconf 81' lang='grc' dir='ltr'>αὑτοῦ</span> <span class='ocrx_word' id='word_1_748' title='bbox 3328 4956 3517 5025; x_wconf 80' lang='grc' dir='ltr'>σοφίαν</span> <span class='ocrx_word' id='word_1_749' title='bbox 3550 4958 3663 5023; x_wconf 87' lang='grc' dir='ltr'>τοῖς</span> 
     </span>
    </p>
   </div>
   <div class='ocr_carea' id='block_1_101' title="bbox 2082 5042 3662 5117">
    <p class='ocr_par' dir='ltr' id='par_1_101' title="bbox 2082 5042 3662 5117">
     <span class='ocr_line' id='line_1_101' title="bbox 2082 5042 3662 5117; baseline 0.002 -23"><span class='ocrx_word' id='word_1_750' title='bbox 2082 5042 2354 5113; x_wconf 83' lang='grc' dir='ltr'>δεομένοις</span> <span class='ocrx_word' id='word_1_751' title='bbox 2394 5043 2716 5113; x_wconf 87' lang='grc' dir='ltr'>παρέχεται,</span> <span class='ocrx_word' id='word_1_752' title='bbox 2755 5044 2979 5116; x_wconf 84' lang='grc' dir='ltr'>μυρίαις</span> <span class='ocrx_word' id='word_1_753' title='bbox 3024 5044 3187 5098; x_wconf 82' lang='grc' dir='ltr'>αὐτὸν</span> <span class='ocrx_word' id='word_1_754' title='bbox 3229 5044 3448 5117; x_wconf 80' lang='grc' dir='ltr'>ἑτέραις</span> <span class='ocrx_word' id='word_1_755' title='bbox 3491 5061 3662 5114; x_wconf 86' lang='grc' dir='ltr'>προσ-</span> 
     </span>
    </p>
   </div>
   <div class='ocr_carea' id='block_1_102' title="bbox 469 5184 1990 5276">
    <p class='ocr_par' dir='ltr' id='par_1_102' title="bbox 469 5184 1990 5263">
     <span class='ocr_line' id='line_1_102' title="bbox 469 5184 1990 5263; baseline 0.011 -26"><span class='ocrx_word' id='word_1_756' title='bbox 469 5184 515 5218; x_wconf 71' lang='grc'><strong>⁴³</strong></span> <span class='ocrx_word' id='word_1_757' title='bbox 540 5184 697 5242; x_wconf 91' lang='lat' dir='ltr'><strong>Rom.</strong></span> <span class='ocrx_word' id='word_1_758' title='bbox 729 5203 766 5253; x_wconf 84' lang='grc' dir='ltr'><strong>ι,</strong></span> <span class='ocrx_word' id='word_1_759' title='bbox 800 5189 853 5244; x_wconf 88' lang='grc'><strong>8.</strong></span> <span class='ocrx_word' id='word_1_760' title='bbox 890 5247 897 5254; x_wconf 86' lang='lat'><strong>_</strong></span> <span class='ocrx_word' id='word_1_761' title='bbox 931 5190 978 5222; x_wconf 73' lang='lat'><strong>“</strong></span> <span class='ocrx_word' id='word_1_762' title='bbox 1034 5191 1168 5256; x_wconf 81' lang='lat' dir='ltr'><strong>ibid.</strong></span> <span class='ocrx_word' id='word_1_763' title='bbox 1199 5191 1253 5247; x_wconf 82' lang='lat'><strong>5.</strong></span> <span class='ocrx_word' id='word_1_764' title='bbox 1329 5194 1374 5227; x_wconf 72' lang='grc'><strong>⁸³</strong></span> <span class='ocrx_word' id='word_1_765' title='bbox 1404 5193 1562 5251; x_wconf 87' lang='lat' dir='ltr'><strong>Rom.</strong></span> <span class='ocrx_word' id='word_1_766' title='bbox 1594 5212 1646 5263; x_wconf 79' lang='grc' dir='ltr'>ν,</span> <span class='ocrx_word' id='word_1_767' title='bbox 1679 5196 1732 5253; x_wconf 72' lang='grc'><strong>2.</strong></span> <span class='ocrx_word' id='word_1_768' title='bbox 1809 5198 1856 5231; x_wconf 78' lang='grc'>⁴⁶</span> <span class='ocrx_word' id='word_1_769' title='bbox 1883 5197 1990 5256; x_wconf 71' lang='lat' dir='ltr'><strong>Ruit</strong></span> 
     </span>
    </p>
   </div>
   <div class='ocr_carea' id='block_1_103' title="bbox 2102 5184 3263 5276">
    <p class='ocr_par' dir='ltr' id='par_1_103' title="bbox 2103 5201 3263 5276">
     <span class='ocr_line' id='line_1_103' title="bbox 2103 5201 3263 5276; baseline 0.002 -18"><span class='ocrx_word' id='word_1_770' title='bbox 2103 5242 2117 5268; x_wconf 92' lang='lat'><strong>,</strong></span> <span class='ocrx_word' id='word_1_771' title='bbox 2149 5202 2203 5258; x_wconf 87' lang='lat'><strong>5.</strong></span> <span class='ocrx_word' id='word_1_772' title='bbox 2280 5202 2325 5236; x_wconf 70' lang='lat'><strong>‘7</strong></span> <span class='ocrx_word' id='word_1_773' title='bbox 2368 5201 2527 5258; x_wconf 90' lang='lat' dir='ltr'><strong>Rom.</strong></span> <span class='ocrx_word' id='word_1_774' title='bbox 2557 5220 2613 5269; x_wconf 78' lang='grc' dir='ltr'><strong>ν,</strong></span> <span class='ocrx_word' id='word_1_775' title='bbox 2640 5204 2698 5258; x_wconf 76' lang='grc'><strong>2.</strong></span> <span class='ocrx_word' id='word_1_776' title='bbox 2773 5202 2818 5237; x_wconf 74' lang='grc'><strong>⁸⁸</strong></span> <span class='ocrx_word' id='word_1_777' title='bbox 2848 5204 3086 5276; x_wconf 87' lang='lat' dir='ltr'><strong>Philipp.</strong></span> <span class='ocrx_word' id='word_1_778' title='bbox 3119 5223 3179 5270; x_wconf 83' lang='grc' dir='ltr'><strong>ιι,</strong></span> <span class='ocrx_word' id='word_1_779' title='bbox 3211 5205 3263 5260; x_wconf 88' lang='grc'><strong>9.</strong></span> 
     </span>
    </p>
   </div>
   <div class='ocr_carea' id='block_1_104' title="bbox 471 5342 1973 5418">
    <p class='ocr_par' dir='ltr' id='par_1_104' title="bbox 471 5342 1973 5418">
     <span class='ocr_line' id='line_1_104' title="bbox 471 5342 1973 5418; baseline 0.01 -22"><span class='ocrx_word' id='word_1_780' title='bbox 471 5342 810 5418; x_wconf 43' lang='grc' dir='ltr'><strong>(91)-Ὄπερ</strong></span> <span class='ocrx_word' id='word_1_781' title='bbox 836 5346 1065 5418; x_wconf 78' lang='grc' dir='ltr'>ἔλεγον.</span> <span class='ocrx_word' id='word_1_782' title='bbox 1107 5347 1267 5404; x_wconf 89' lang='lat' dir='ltr'><strong>Deest</strong></span> <span class='ocrx_word' id='word_1_783' title='bbox 1294 5351 1430 5418; x_wconf 85' lang='grc' dir='ltr'>ὅπερ</span> <span class='ocrx_word' id='word_1_784' title='bbox 1472 5351 1525 5404; x_wconf 94' lang='lat' dir='ltr'><strong>in</strong></span> <span class='ocrx_word' id='word_1_785' title='bbox 1572 5350 1786 5407; x_wconf 90' lang='lat' dir='ltr'><strong>duobus</strong></span> <span class='ocrx_word' id='word_1_786' title='bbox 1824 5355 1973 5410; x_wconf 85' lang='lat' dir='ltr'><strong>codi-</strong></span> 
     </span>
    </p>
   </div>
   <div class='ocr_carea' id='block_1_105' title="bbox 399 5413 1972 5490">
    <p class='ocr_par' dir='ltr' id='par_1_105' title="bbox 399 5413 1972 5490">
     <span class='ocr_line' id='line_1_105' title="bbox 399 5413 1972 5490; baseline 0.007 -23"><span class='ocrx_word' id='word_1_787' title='bbox 399 5414 576 5490; x_wconf 73' lang='lat' dir='ltr'><strong>cibus.</strong></span> <span class='ocrx_word' id='word_1_788' title='bbox 596 5413 818 5490; x_wconf 72' lang='lat' dir='ltr'><strong>Legitur</strong></span> <span class='ocrx_word' id='word_1_789' title='bbox 850 5418 902 5471; x_wconf 92' lang='lat' dir='ltr'><strong>in</strong></span> <span class='ocrx_word' id='word_1_790' title='bbox 945 5413 1125 5490; x_wconf 72' lang='lat' dir='ltr'><strong>tribus</strong></span> <span class='ocrx_word' id='word_1_791' title='bbox 1160 5422 1284 5477; x_wconf 90' lang='lat' dir='ltr'><strong>aliis</strong></span> <span class='ocrx_word' id='word_1_792' title='bbox 1314 5421 1349 5475; x_wconf 79' lang='grc' dir='ltr'>ἃ</span> <span class='ocrx_word' id='word_1_793' title='bbox 1378 5413 1581 5490; x_wconf 75' lang='grc' dir='ltr'>ἔλεγον.</span> <span class='ocrx_word' id='word_1_794' title='bbox 1622 5421 1817 5478; x_wconf 91' lang='lat' dir='ltr'><strong>Statim</strong></span> <span class='ocrx_word' id='word_1_795' title='bbox 1844 5426 1972 5480; x_wconf 86' lang='lat' dir='ltr'><strong>editi</strong></span> 
     </span>
    </p>
   </div>
   <div class='ocr_carea' id='block_1_106' title="bbox 398 5485 1976 5564">
    <p class='ocr_par' dir='ltr' id='par_1_106' title="bbox 398 5485 1976 5564">
     <span class='ocr_line' id='line_1_106' title="bbox 398 5485 1976 5564; baseline 0.01 -26"><span class='ocrx_word' id='word_1_796' title='bbox 398 5485 477 5539; x_wconf 85' lang='grc' dir='ltr'><strong>διὸ</strong></span> <span class='ocrx_word' id='word_1_797' title='bbox 532 5487 625 5539; x_wconf 74' lang='grc' dir='ltr'><strong>καὶ</strong></span> <span class='ocrx_word' id='word_1_798' title='bbox 675 5486 833 5556; x_wconf 89' lang='grc' dir='ltr'>μετά,</span> <span class='ocrx_word' id='word_1_799' title='bbox 878 5488 971 5543; x_wconf 90' lang='lat' dir='ltr'><strong>sed</strong></span> <span class='ocrx_word' id='word_1_800' title='bbox 1029 5491 1181 5545; x_wconf 90' lang='lat' dir='ltr'><strong>deest</strong></span> <span class='ocrx_word' id='word_1_801' title='bbox 1219 5485 1534 5564; x_wconf 84' lang='lat' dir='ltr'><strong>conjunctio</strong></span> <span class='ocrx_word' id='word_1_802' title='bbox 1581 5493 1636 5547; x_wconf 92' lang='lat' dir='ltr'><strong>in</strong></span> <span class='ocrx_word' id='word_1_803' title='bbox 1695 5495 1976 5553; x_wconf 90' lang='lat' dir='ltr'><strong>codicibus</strong></span> 
     </span>
    </p>
   </div>
   <div class='ocr_carea' id='block_1_107' title="bbox 399 5572 1977 5708">
    <p class='ocr_par' dir='ltr' id='par_1_107' title="bbox 399 5572 1977 5708">
     <span class='ocr_line' id='line_1_107' title="bbox 399 5572 1977 5708; baseline 0.008 -27"><span class='ocrx_word' id='word_1_804' title='bbox 399 5572 582 5708; x_wconf 39' lang='lat' dir='ltr'><strong>in???)</strong></span> <span class='ocrx_word' id='word_1_805' title='bbox 635 5631 697 5683; x_wconf 82' lang='grc' dir='ltr'><strong><em>Ὀ</em></strong></span> <span class='ocrx_word' id='word_1_806' title='bbox 727 5630 877 5696; x_wconf 76' lang='grc' dir='ltr'>Υἱός.</span> <span class='ocrx_word' id='word_1_807' title='bbox 914 5630 1002 5686; x_wconf 89' lang='lat' dir='ltr'><strong>Sic</strong></span> <span class='ocrx_word' id='word_1_808' title='bbox 1034 5632 1252 5688; x_wconf 90' lang='lat' dir='ltr'><strong>codices</strong></span> <span class='ocrx_word' id='word_1_809' title='bbox 1285 5648 1420 5690; x_wconf 91' lang='lat' dir='ltr'><strong>mss.</strong></span> <span class='ocrx_word' id='word_1_810' title='bbox 1446 5633 1607 5691; x_wconf 87' lang='lat' dir='ltr'><strong>Deest</strong></span> <span class='ocrx_word' id='word_1_811' title='bbox 1632 5637 1897 5695; x_wconf 88' lang='lat' dir='ltr'><strong>articulus</strong></span> <span class='ocrx_word' id='word_1_812' title='bbox 1922 5636 1977 5694; x_wconf 91' lang='lat' dir='ltr'><strong>in</strong></span> 
     </span>
    </p>
   </div>
   <div class='ocr_carea' id='block_1_108' title="bbox 398 5696 1977 5844">
    <p class='ocr_par' dir='ltr' id='par_1_108' title="bbox 398 5696 1977 5844">
     <span class='ocr_line' id='line_1_108' title="bbox 398 5696 1977 5844; baseline 0.001 -17"><span class='ocrx_word' id='word_1_813' title='bbox 398 5696 583 5840; x_wconf 47' lang='lat' dir='ltr'><strong>“iugi</strong></span> <span class='ocrx_word' id='word_1_814' title='bbox 637 5771 762 5826; x_wconf 73' lang='grc' dir='ltr'><strong>Ἐπὶ</strong></span> <span class='ocrx_word' id='word_1_815' title='bbox 826 5773 1002 5840; x_wconf 83' lang='grc' dir='ltr'>ποίας</span> <span class='ocrx_word' id='word_1_816' title='bbox 1040 5772 1297 5839; x_wconf 77' lang='grc' dir='ltr'>ἑννοίας.</span> <span class='ocrx_word' id='word_1_817' title='bbox 1347 5772 1586 5834; x_wconf 78' lang='lat' dir='ltr'><strong>Colbert.</strong></span> <span class='ocrx_word' id='word_1_818' title='bbox 1657 5778 1747 5835; x_wconf 78' lang='grc' dir='ltr'><strong>ἐπὶ</strong></span> <span class='ocrx_word' id='word_1_819' title='bbox 1799 5778 1977 5844; x_wconf 84' lang='grc' dir='ltr'>ποίαις</span> 
     </span>
    </p>
   </div>
   <div class='ocr_carea' id='block_1_109' title="bbox 2081 5357 3382 5426">
    <p class='ocr_par' dir='ltr' id='par_1_109' title="bbox 2081 5357 3382 5426">
     <span class='ocr_line' id='line_1_109' title="bbox 2081 5357 3382 5426; baseline 0.003 -16"><span class='ocrx_word' id='word_1_820' title='bbox 2081 5358 2329 5422; x_wconf 79' lang='grc' dir='ltr'>ἐννοίαις.</span> <span class='ocrx_word' id='word_1_821' title='bbox 2362 5357 2513 5414; x_wconf 84' lang='lat' dir='ltr'><strong>Unus</strong></span> <span class='ocrx_word' id='word_1_822' title='bbox 2542 5374 2608 5413; x_wconf 81' lang='lat' dir='ltr'><strong>ex</strong></span> <span class='ocrx_word' id='word_1_823' title='bbox 2638 5358 2821 5426; x_wconf 84' lang='lat' dir='ltr'><strong>Regiis</strong></span> <span class='ocrx_word' id='word_1_824' title='bbox 2849 5361 2941 5414; x_wconf 78' lang='grc' dir='ltr'><strong>ἐπὶ</strong></span> <span class='ocrx_word' id='word_1_825' title='bbox 2979 5360 3134 5415; x_wconf 86' lang='grc' dir='ltr'>ποίαν</span> <span class='ocrx_word' id='word_1_826' title='bbox 3158 5360 3382 5415; x_wconf 77' lang='grc' dir='ltr'><strong>ἔννοιαν.</strong></span> 
     </span>
    </p>
   </div>
   <div class='ocr_carea' id='block_1_110' title="bbox 2154 5427 3655 5502">
    <p class='ocr_par' dir='ltr' id='par_1_110' title="bbox 2154 5427 3655 5502">
     <span class='ocr_line' id='line_1_110' title="bbox 2154 5427 3655 5502; baseline 0.003 -21"><span class='ocrx_word' id='word_1_827' title='bbox 2154 5427 2265 5497; x_wconf 71' lang='grc'><strong>(94)</strong></span> <span class='ocrx_word' id='word_1_828' title='bbox 2302 5429 2407 5487; x_wconf 84' lang='grc' dir='ltr'><strong>,Διά</strong></span> <span class='ocrx_word' id='word_1_829' title='bbox 2452 5430 2649 5502; x_wconf 62' lang='grc' dir='ltr'>τοῦτο.</span> <span class='ocrx_word' id='word_1_830' title='bbox 2692 5429 2791 5485; x_wconf 85' lang='lat' dir='ltr'><strong>Hic</strong></span> <span class='ocrx_word' id='word_1_831' title='bbox 2839 5431 3030 5502; x_wconf 86' lang='lat' dir='ltr'><strong>incipit</strong></span> <span class='ocrx_word' id='word_1_832' title='bbox 3082 5438 3245 5502; x_wconf 89' lang='lat' dir='ltr'><strong>caput</strong></span> <span class='ocrx_word' id='word_1_833' title='bbox 3294 5440 3550 5487; x_wconf 87' lang='lat' dir='ltr'><strong>octavum</strong></span> <span class='ocrx_word' id='word_1_834' title='bbox 3598 5432 3655 5486; x_wconf 90' lang='lat' dir='ltr'><strong>in</strong></span> 
     </span>
    </p>
   </div>
   <div class='ocr_carea' id='block_1_111' title="bbox 2084 5497 3604 5583">
    <p class='ocr_par' dir='ltr' id='par_1_111' title="bbox 2084 5497 3604 5583">
     <span class='ocr_line' id='line_1_111' title="bbox 2084 5497 3604 5583; baseline 0.015 -33"><span class='ocrx_word' id='word_1_835' title='bbox 2084 5497 2399 5583; x_wconf 45' lang='lat' dir='ltr'><strong>Reguterlio</strong></span> <span class='ocrx_word' id='word_1_836' title='bbox 2428 5508 2482 5554; x_wconf 89' lang='lat' dir='ltr'><strong>et</strong></span> <span class='ocrx_word' id='word_1_837' title='bbox 2498 5500 2789 5583; x_wconf 50' lang='lat' dir='ltr'><strong>,tlolbert.n</strong></span> <span class='ocrx_word' id='word_1_838' title='bbox 2951 5497 2966 5502; x_wconf 74' lang='grc'><em>’</em></span> <span class='ocrx_word' id='word_1_839' title='bbox 3148 5497 3181 5583; x_wconf 38' lang='grc' dir='ltr'>ί</span> <span class='ocrx_word' id='word_1_840' title='bbox 3319 5569 3334 5583; x_wconf 82' lang='lat'><em>_</em></span> <span class='ocrx_word' id='word_1_841' title='bbox 3476 5571 3491 5583; x_wconf 74' lang='grc'><strong>,</strong></span> <span class='ocrx_word' id='word_1_842' title='bbox 3514 5571 3547 5583; x_wconf 81' lang='grc'>,,</span> <span class='ocrx_word' id='word_1_843' title='bbox 3571 5571 3604 5583; x_wconf 86' lang='lat'>__</span> 
     </span>
    </p>
   </div>
   <div class='ocr_carea' id='block_1_112' title="bbox 2154 5568 3656 5655">
    <p class='ocr_par' dir='ltr' id='par_1_112' title="bbox 2154 5568 3656 5655">
     <span class='ocr_line' id='line_1_112' title="bbox 2154 5568 3656 5655; baseline 0.002 -33"><span class='ocrx_word' id='word_1_844' title='bbox 2154 5570 2265 5638; x_wconf 75' lang='lat'><strong>(95)</strong></span> <span class='ocrx_word' id='word_1_845' title='bbox 2305 5568 2416 5638; x_wconf 81' lang='grc' dir='ltr'><strong>Τῆς</strong></span> <span class='ocrx_word' id='word_1_846' title='bbox 2447 5571 2705 5638; x_wconf 70' lang='grc' dir='ltr'>φύσεως.</span> <span class='ocrx_word' id='word_1_847' title='bbox 2750 5570 3008 5655; x_wconf 77' lang='lat' dir='ltr'><strong>Erasmus</strong></span> <span class='ocrx_word' id='word_1_848' title='bbox 3040 5569 3369 5655; x_wconf 80' lang='lat' dir='ltr'><strong>perabsurde</strong></span> <span class='ocrx_word' id='word_1_849' title='bbox 3399 5571 3656 5655; x_wconf 79' lang='lat' dir='ltr'><strong>reddidit,</strong></span> 
     </span>
    </p>
   </div>
   <div class='ocr_carea' id='block_1_113' title="bbox 2083 5641 3659 5724">
    <p class='ocr_par' dir='ltr' id='par_1_113' title="bbox 2083 5641 3659 5724">
     <span class='ocr_line' id='line_1_113' title="bbox 2083 5641 3659 5724; baseline 0.003 -33"><span class='ocrx_word' id='word_1_850' title='bbox 2083 5647 2331 5692; x_wconf 86' lang='lat' dir='ltr'><strong>naturam</strong></span> <span class='ocrx_word' id='word_1_851' title='bbox 2376 5652 2763 5724; x_wconf 64' lang='lat' dir='ltr'><strong>assutnptarvr,‘_</strong></span> <span class='ocrx_word' id='word_1_852' title='bbox 2789 5641 3230 5724; x_wconf 47' lang='lat' dir='ltr'><strong>quoduerra&#39;tum</strong></span> <span class='ocrx_word' id='word_1_853' title='bbox 3272 5658 3382 5724; x_wconf 64' lang='lat' dir='ltr'><strong>non</strong></span> <span class='ocrx_word' id='word_1_854' title='bbox 3436 5643 3659 5724; x_wconf 65' lang='lat' dir='ltr'><strong>impune</strong></span> 
     </span>
    </p>
   </div>
   <div class='ocr_carea' id='block_1_114' title="bbox 2082 5710 3656 5781">
    <p class='ocr_par' dir='ltr' id='par_1_114' title="bbox 2082 5710 3656 5781">
     <span class='ocr_line' id='line_1_114' title="bbox 2082 5710 3656 5781; baseline 0.004 -20"><span class='ocrx_word' id='word_1_855' title='bbox 2082 5710 2207 5763; x_wconf 89' lang='lat' dir='ltr'><strong>tulit</strong></span> <span class='ocrx_word' id='word_1_856' title='bbox 2258 5710 2655 5781; x_wconf 83' lang='lat' dir='ltr'><strong>aCombelisio.</strong></span> <span class='ocrx_word' id='word_1_857' title='bbox 2718 5711 2834 5781; x_wconf 81' lang='lat' dir='ltr'><strong>Mox</strong></span> <span class='ocrx_word' id='word_1_858' title='bbox 2885 5712 3049 5769; x_wconf 88' lang='lat' dir='ltr'><strong>editio</strong></span> <span class='ocrx_word' id='word_1_859' title='bbox 3095 5711 3271 5769; x_wconf 85' lang='lat' dir='ltr'><strong>Paris.</strong></span> <span class='ocrx_word' id='word_1_860' title='bbox 3300 5712 3464 5781; x_wconf 85' lang='grc' dir='ltr'>λέγει.</span> <span class='ocrx_word' id='word_1_861' title='bbox 3503 5710 3656 5769; x_wconf 83' lang='lat' dir='ltr'><strong>Libri</strong></span> 
     </span>
    </p>
   </div>
   <div class='ocr_carea' id='block_1_115' title="bbox 2085 5780 2960 5851">
    <p class='ocr_par' dir='ltr' id='par_1_115' title="bbox 2085 5780 2960 5851">
     <span class='ocr_line' id='line_1_115' title="bbox 2085 5780 2960 5851; baseline 0.005 -17"><span class='ocrx_word' id='word_1_862' title='bbox 2085 5780 2289 5851; x_wconf 89' lang='lat' dir='ltr'><strong>antiqui</strong></span> <span class='ocrx_word' id='word_1_863' title='bbox 2320 5790 2374 5836; x_wconf 90' lang='lat' dir='ltr'><strong>ct</strong></span> <span class='ocrx_word' id='word_1_864' title='bbox 2406 5782 2534 5836; x_wconf 82' lang='lat' dir='ltr'><strong>edit.</strong></span> <span class='ocrx_word' id='word_1_865' title='bbox 2568 5780 2729 5836; x_wconf 86' lang='lat' dir='ltr'><strong>Basil.</strong></span> <span class='ocrx_word' id='word_1_866' title='bbox 2765 5780 2960 5851; x_wconf 79' lang='grc' dir='ltr'>λέγειν.</span> 
     </span>
    </p>
   </div>
  </div>
