3972 6218
266 394 335 451 91
1397 394 1607 450 LIRER
1640 395 1728 448 DE
1769 394 2039 454 senum
2078 398 2367 457 SANCTO.
3449 391 3518 448 98

270 513 523 584 ηγορίαις
555 514 973 587 ἀποσημαίνει·
1008 517 1134 571 ποτὲ
1190 518 1288 588 μὲν
1333 518 1565 588 ποιμένα
1602 517 1853 586 λέγουσα1

1966 522 2100 577 alius
2128 536 2329 593 regem,
2355 528 2411 576 et
2440 532 2633 573 rursus
2654 514 2943 581 medicum,
2972 513 3205 584 denique
3236 525 3517 583 sponsum,

271 602 399 655 ποτὲ
452 601 512 656 δὲ
552 602 811 674 βασιλέα,
838 607 935 661 καὶ
965 608 1124 662 πάλιν
1179 609 1389 681 ἰατρὸν,
1425 609 1518 660 καὶ
1562 608 1653 661 τὸν
1691 609 1854 661 αὐτὸν

269 694 522 763 νυμφίον,
551 697 654 749 καὶ
676 697 815 759 ὁδὸν,
843 697 938 750 καὶ
976 698 1163 768 θύραν,
1193 700 1287 752 καὶ
1314 700 1517 769 πηγὴν,
1550 699 1642 751 καὶ⁵
1669 698 1852 771 ἄρτον,

270 783 359 835 καὶ
410 780 639 856 ἀξίνην,
697 786 793 840 καὶ
833 787 1060 859 πέτραν.
1108 787 1290 842 Ταῦτα
1329 788 1438 859 γὰρ
1479 788 1539 840 οὐ
1565 789 1663 859 τὴν
1696 788 1854 859 φύσιν

270 873 633 945 παρίστησιν,
672 875 811 940 ἀλλ’,
841 877 980 950 ὅπερ
1020 876 1175 949 ἔφην,
1204 878 1266 930 τὸ
1289 877 1390 948 τῆς
1422 878 1698 948 ἐνεργείας
1724 895 1857 932 παν-

268 964 520 1031 τοδαπὸν,
563 966 639 1036 ἧν
686 967 750 1021 ὲκ
778 969 878 1039 τῆς
909 970 1037 1041 περὶ
1076 970 1137 1023 τὺ
1179 969 1307 1023 ἴδιον
1334 969 1558 1040 πλάσμα
1585 969 1857 1039 εὐσπλαγ-

270 1059 421 1127 χνίας
469 1057 626 1111 κατὰ
686 1058 752 1113 τὸ
802 1061 904 1130 τῆς
948 1060 1135 1131 χρείας
1185 1060 1383 1130 ίδίωμα
1432 1062 1546 1124 τοῖς
1582 1059 1856 1129 δεομένοις

271 1147 602 1217 παρέχεται.
644 1149 793 1212 Τοὺς
841 1150 939 1220 μὲν
984 1149 1093 1222 γὰρ
1142 1150 1625 1221 προσπεφευγότας
1654 1149 1853 1221 (96)τῇ

271 1239 569 1311 ἐπιστασίᾳ
617 1241 816 1306 αὐτοῦ,
856 1242 950 1295 καί
974 1241 1034 1295 τὺ
1075 1243 1430 1312 εὐμετάδοτον
1453 1242 1563 1314 (97)
1592 1242 1658 1295 δι’
1679 1240 1858 1306 ἀνεξι-

270 1333 469 1395 κακίας
509 1333 980 1407 κατωρθωκότας,
1036 1334 1283 1406 πρόϐατα
1327 1334 1496 1404 λέγει,
1528 1335 1622 1389 καὶ
1654 1332 1855 1405 ποιμὴν

272 1419 407 1476 εἶναι
464 1422 585 1477 τῶν
641 1424 907 1479 τοιούτων
958 1426 1239 1498 ὁμολογεῖ,
1284 1427 1393 1481 τῶν
1445 1429 1856 1481 κατακουόντων

271 1512 432 1566 αὑτοῦ
464 1515 570 1585 τῆς
602 1516 815 1585 φωνῆς,
847 1518 942 1570 καὶ
966 1515 1039 1588 μὴ
1060 1516 1432 1588 προσεχόντων
1453 1517 1689 1589 διδαχαῖς
1720 1518 1857 1585 ξενι-

272 1600 509 1666 ζούσαις.
575 1604 662 1657 Τὰ
711 1602 822 1673 γὰρ
868 1603 979 1672 ἐμὰ
1020 1605 1304 1673 πρόϐατα,
1363 1606 1517 1676 φησὶ,
1553 1605 1664 1675 τῆς
1706 1605 1857 1675 ἐμῆς

273 1692 472 1762 φωνῆς
501 1694 725 1749 ἀκούει
745 1712 759 1726 ·
811 1694 1060 1766 βασιλεὺς
1082 1695 1139 1748 δὲ
1165 1695 1272 1751 τῶν
1299 1695 1855 1768 ύπραναόεὸηκὸτων

272 1786 391 1859 ήδη,
419 1788 519 1841 καὶ⁵
541 1788 651 1858 τῆς
680 1788 909 1859 ἐννόμου
926 1788 1192 1861 δεομένων
1224 1789 1548 1853 ἐπιστασίας
1586 1788 1697 1860 (98)
1717 1806 1731 1819 ’
1762 1787 1856 1841 καὶ

1952 617 2116 679 viam,
2146 614 2374 677 ostium,
2406 609 2606 665 fontem
2629 648 2643 671 ,
2676 622 2869 678 panem
2890 647 2905 671 ,
2936 607 3171 662 securim
3205 620 3267 657 ac
3290 613 3518 674 petram.

1954 704 2079 759 llaac
2100 704 2242 759 enim
2273 717 2381 757 non
2405 711 2655 754 naturam
2679 698 2940 763 indicant,
2968 697 3084 762 sed,
3106 694 3251 766 quod
3278 694 3518 758 aiebam,

1953 792 2284 865 operationis
2338 790 2691 844 varietatem:
2739 801 2900 856 quam
2953 800 3021 839 ex
3071 784 3302 848 aﬁ‘ectu,
3359 797 3522 853 quem

1954 883 2089 955 gerit
2114 896 2240 953 erga
2282 893 2440 935 suum
2464 879 2799 948 figmentum,
2826 874 3213 945 indigentibus,
3244 885 3301 928 ut
3326 873 3523 943 cuique

1954 989 2092 1044 opus
2118 982 2221 1039 est,
2251 969 2513 1040 impartit.
2545 967 2653 1022 Eos
2685 969 2830 1024 enim
2872 967 2965 1037 qui
3009 966 3076 1020 ad
3115 967 3234 1035 ejus
3278 964 3519 1035 regimen

1954 1064 2337 1133 confugerunt,
2367 1059 2571 1131 quique
2598 1073 2692 1128 per
2717 1059 2981 1112 malorum
3010 1057 3348 1112 tolerantiam
3370 1069 3521 1109 com-

1955 1156 2268 1211 municandi
2304 1154 2622 1208 facilitatem
2655 1153 3051 1222 praestiterunt,
3089 1166 3219 1206 oves
3251 1150 3518 1220 appellat;

1956 1263 2122 1318 seque
2152 1246 2342 1301 talium
2373 1257 2648 1316 pastorem
2693 1262 2816 1302 esse
2862 1246 3163 1317 proﬁtetur,
3204 1243 3295 1315 qui
3333 1256 3520 1297 vocem

1956 1335 2125 1405 ipsius
2170 1337 2414 1399 audiunt,
2451 1352 2552 1390 nec
2581 1339 2870 1390 attendunt
2900 1336 3165 1391 doctrinis
3199 1333 3522 1404 peregrinis.

1958 1424 2087 1480 Oves
2108 1426 2246 1478 enim
2276 1441 2421 1490 mete,
2454 1425 2650 1496 inquit,
2677 1442 2848 1479 vocem
2879 1441 3047 1479 meam
3076 1424 3293 1478 audiunt
3311 1422 3376 1476 ⁸⁸.
3408 1422 3523 1476 Rex

1956 1526 2135 1571 autem
2164 1526 2390 1572 vocatur
2408 1532 2619 1584 eorum,
2650 1515 2742 1587 qui
2761 1517 2874 1586 jam
2899 1517 3062 1572 altius
3082 1515 3182 1587 15
3202 1526 3523 1571 assurrexe-

1954 1619 2115 1674 runt,
2150 1623 2215 1663 ac
2256 1608 2497 1679 legitimo
2550 1609 2815 1679 imperio,
2851 1617 2905 1663 et
2953 1608 3342 1680 gubernatione
3384 1620 3523 1677 opus

1956 1703 2177 1758 habent.
2211 1700 2352 1769 Quin
2381 1710 2435 1758 et
2473 1704 2675 1758 ostium
2707 1703 2926 1765 dicitur,
2958 1718 3023 1758 eo
3062 1701 3203 1771 quod
3233 1715 3327 1771 per
3354 1700 3519 1755 recti-

1958 1793 2200 1849 tudinem
2238 1802 2629 1864 praeceptorum
2662 1794 2844 1848 educit
2878 1793 2944 1846 ad
2981 1793 3099 1864 pias
3137 1793 3419 1847 actiones:
3466 1797 3522 1844 et

274 1878 406 1949 θύρα
436 1878 517 1946 δὲ,
545 1879 632 1950 τῷ
665 1880 763 1933 ἐπὶ
802 1880 900 1944 τὰς
941 1879 1231 1944 σπουδαίας
1263 1880 1493 1953 πράξεις
1522 1880 1610 1934 διὰ
1635 1881 1734 1950 τῆς
1761 1882 1853 1949 όρ-

1958 1902 2147 1942 rursus
2175 1895 2293 1941 tuto
2324 1886 2573 1957 perducit
2607 1884 2676 1940 ad
2720 1886 2906 1940 caulas
2946 1900 3074 1949 eos,
3108 1885 3199 1954 qui
3232 1898 3328 1953 per
3362 1882 3521 1937 ﬁdem

275 1969 489 2042 θότητος
509 1970 627 2026 τῶν
656 1971 1098 2043 προσταγμάτων
1123 1970 1357 2041 ἐξάγειν,
1379 1971 1475 2025 καὶ
1495 1970 1656 2025 πάλιν
1681 1972 1854 2040 ἀσφα-

279 2060 381 2123 n3;
425 2060 684 2126 αὐλίζειν
711 2063 838 2126 τοὺς
886 2062 979 2115 ἐπὶ
1008 2061 1070 2115 τὸ
1101 2062 1203 2133 τῆς
1248 2061 1500 2130 γνώσεως
1528 2060 1730 2131 ἀγαθὸν
1768 2059 1857 2114 διὰ

276 2154 369 2224 τῆς
405 2154 484 2219 είς
517 2153 700 2208 αὐτὸν
758 2155 994 2218 πίστεως
1038 2152 1503 2222 καταφεύγοντας.
1558 2151 1739 2217 Ὅθεν,
1772 2152 1853 2205 Δι’

276 2244 415 2316 ἐμοῦ
439 2244 665 2313 ὲάντις
692 2245 961 2315 εἰσέλθῃ,
1000 2245 1100 2299 καὶ
1126 2246 1570 2308 εἰσελεύσεται,
1608 2244 1707 2298 καὶ
1758 2243 1856 2308 ἐξ·

276 2337 609 2401 ελεὺσεται,
666 2337 769 2391 καὶ
808 2337 1006 2408 νομὴν
1034 2337 1295 2407 εὑρήσει.
1342 2324 1527 2410 Πέτρα
1563 2337 1641 2403 δὲ,
1677 2335 1766 2389 διὰ
1795 2336 1857 2390 τὸ

282 2429 491 2500 ἰσχυρὸν
531 2430 634 2483 καὶ
686 2429 940 2484 ἄσειστον
966 2429 1059 2483 καὶ
1092 2430 1290 2493 παντὸς
1316 2429 1587 2501 ἐρύματος
1615 2428 1855 2500 epent-

281 2534 457 2588 στερον
488 2513 635 2572 εἶναι
683 2518 1052 2590 φυλακτήριον
1077 2521 1192 2583 τοῖς
1241 2520 1469 2582 πιστοῖς.
1517 2518 1604 2571 Ἐν
1644 2516 1853 2581 τούτοις

278 2609 352 2671 τὸ,
375 2607 446 2661 δι’
462 2608 683 2675 αὐτοῦ,
713 2608 1129 2683 ἀρμοδιωτάτην
1151 2613 1249 2683 τὴν
1277 2612 1471 2683 χρῆσιν
1489 2612 1583 2665 καὶ
1613 2610 1852 2681 εὔσημον

277 2699 616 2770 ἀποδίδωσιν,
639 2703 773 2756 ὅταν
812 2703 887 2766 ὡς
921 2701 1061 2773 θύρα
1098 2702 1207 2776 (99)
1235 2705 1328 2757 καὶ
1372 2704 1451 2768 ὡς
1474 2702 1589 2767 ὁδὸς
1605 2703 1849 2777 λέγηται.

288 2791 371 2854 Ὦς
423 2793 616 2864 μέντοι
666 2794 804 2859 Θεὸς
856 2795 951 2848 καὶ
1008 2794 1155 2861 Υίδς,
1190 2796 1328 2866 μετὰ
1366 2796 1580 2865 Πατρὸς
1621 2796 1715 2849 καὶ
1758 2797 1855 2849 σὺν

278 2882 443 2954 Ilath
487 2885 592 2957 τὴν
642 2884 802 2951 δόξαν
835 2885 981 2956 ἔχει’
1010 2888 1129 2941 Ὀτι
1162 2887 1234 2941 ἐν
1259 2885 1341 2952 τῷ
1368 2887 1612 2956 ὀνόματι
1661 2885 1855 2955 Ἰησοῦ

283 2973 396 3030 πᾶν
414 2978 567 3047 τόνυ
605 2978 856 3049 κάμψει,
882 2980 1272 3049 ἐπουρανίων,
1300 2979 1399 3033 καί
1428 2978 1720 3048 ἐπιγείων,
1755 2977 1854 3032 καί

283 3075 709 3143 καταχθονίων,
737 3074 835 3128 καὶ
864 3072 1032 3129 πᾶσα
1053 3072 1306 3145 γλῶσσα
1330 3071 1854 3145 ἐξομολογήσεται,

282 3163 364 3218 ὅτι
419 3166 645 3235 Κύριος
714 3165 947 3235 Ἰησοῦς
1007 3165 1262 3235 Χριστὸς
1318 3169 1404 3231 εις
1459 3164 1652 3231 δόξαν
1709 3166 1856 3222 Θεοῦ

1957 1980 2010 2033 ἱη
2043 1980 2218 2050 ipsum
2248 1979 2315 2033 ad
2349 1978 2681 2049 cognitionis
2712 1977 2913 2032 bonum
2944 1975 3309 2047 confugerint.
3340 1972 3516 2038 Unde,

1956 2071 2063 2126 Per
2088 2090 2169 2127 me
2187 2072 2234 2126 si
2255 2073 2372 2142 quis
2400 2073 2681 2138 introierit,
2704 2082 2753 2126 et
2776 2071 3115 2143 ingredietur,
3136 2076 3185 2122 et
3207 2066 3518 2137 egredietur,

1956 2181 2018 2217 ac
2043 2181 2243 2234 pascua
2269 2165 2489 2218 inveniet
2519 2165 2587 2219 ”.
2635 2164 2790 2219 Petra
2824 2163 3024 2218 dicitur
3051 2162 3118 2226 “,
3143 2175 3210 2215 eo
3238 2159 3382 2229 quod
3422 2171 3520 2211 va-

1956 2255 2123 2309 lidum
2171 2256 2242 2311 sit
2287 2264 2342 2310 et
2388 2256 2774 2310 inconcussum
2819 2262 2875 2309 et
2914 2253 3106 2324 quavis
3149 2264 3273 2305 arce
3311 2249 3522 2304 ﬁrmius

1956 2346 2421 2418 propugnaculum
2441 2347 2710 2403 ﬁdelibus.
2737 2347 2792 2400 ln
2814 2346 2899 2401 bis
2920 2345 3035 2399 hazc
3060 2358 3185 2405 vox,
3212 2357 3303 2410 per
3324 2343 3519 2409 ipsum,

1956 2434 2301 2503 aptissimum
2350 2448 2414 2487 ac
2458 2436 2666 2489 clarum
2705 2451 2863 2489 usum
2901 2434 3083 2497 habet,
3127 2432 3345 2502 quoties
3376 2430 3521 2484 velut

1955 2526 2155 2579 ostium
2184 2531 2238 2580 et
2262 2525 2407 2580 velut
2447 2526 2533 2581 via
2564 2526 2782 2581 dicitur.
2829 2527 2897 2579 At
2931 2540 3061 2581 vero
3089 2532 3148 2578 ut
3175 2522 3318 2579 Deus
3342 2530 3396 2578 et
3427 2518 3523 2575 Fi-

1957 2615 2100 2680 lius,
2136 2628 2261 2669 cum
2300 2612 2459 2671 Patre
2494 2631 2850 2672 communem
2894 2615 3057 2670 habet
3088 2615 3342 2685 gloriam:
3377 2613 3523 2680 Quo-

1958 2708 2102 2760 niam
2133 2706 2188 2760 in
2215 2708 2422 2761 nomine
2445 2705 2574 2762 Iesu
2598 2724 2746 2763 omne
2774 2723 2904 2779 genu
2934 2706 3190 2776 ﬂectetur,
3214 2706 3519 2769 caelestium,

1957 2798 2281 2851 terrestrium
2320 2806 2369 2851 et
2403 2797 2730 2868 infernarum
2752 2838 2767 2864 ,
2800 2807 2848 2851 et
2892 2797 3062 2852 omnis
3095 2797 3273 2867 lingua
3304 2796 3521 2865 conﬁte-

1955 2890 2115 2957 bitur,
2144 2890 2282 2961 quod
2310 2890 2569 2946 Dominus
2597 2890 2754 2946 Iesus
2781 2890 3023 2947 Christus
3053 2891 3107 2943 in
3134 2889 3305 2960 gloria
3334 2889 3405 2942 sit
3427 2886 3525 2942 Dei

1956 2984 2135 3039 Patris
2167 2985 2233 3040 ".
2266 2984 2439 3052 Quam
2470 2986 2540 3042 ob
2573 3002 2687 3041 rem
2735 2985 2998 3040 ambabus
3031 2984 3258 3038 vocibus
3297 2983 3520 3046 utimur,

1956 3076 2127 3130 altera
2162 3078 2437 3148 propriam
2472 3077 2620 3133 illius
2649 3077 2990 3150 dignitatem,
3028 3079 3197 3133 altera
3232 3076 3352 3147 ejus
3394 3090 3523 3148 erga

1959 3184 2059 3225 nos
2084 3171 2507 3226 muniﬁcentiam
2532 3171 2910 3242 praedicantes.

283 3261 525 3329 Πατρός.
557 3262 767 3335 Διόπερ
790 3262 1127 3334 ἀμφοτέραις
1151 3262 1468 3335 κεχρήμεθα
1484 3264 1602 3327 ταῖς
1629 3267 1852 3332 φωναῖς,
1889 3268 1955 3337 τῇ
2013 3267 2110 3338 μὲν
2164 3267 2259 3341 τὴν
2288 3270 2491 3323 οἰκείαν
2527 3270 2689 3323 αὑτοῦ
2715 3267 2890 3336 ἀξίαν,
2922 3272 2989 3342 τῇ
3017 3269 3072 3322 δὲ
3103 3268 3201 3341 τὴν
3231 3269 3390 3345 χάριν
3423 3266 3522 3340 τὴν

285 3354 410 3424 πρὸς
437 3357 590 3449 ἡμᾶς
610 3357 1042 3427 διαγγέλλοντες.

354 3448 437 3503 18.
464 3441 548 3502 Δι’
575 3450 748 3504 αὑτοῦ
790 3452 899 3524 γὰρ
930 3453 1082 3506 πᾶσα
1121 3450 1342 3523 βοήθεια
1379 3452 1486 3504 τῶν
1522 3449 1731 3521 ψυχῶν,
1766 3449 1853 3504 καὶ

2035 3446 2124 3504 18.
2155 3444 2328 3503 Omne
2366 3448 2508 3503 enim
2555 3447 2856 3503 animarum
2901 3448 3158 3503 auxilium
3204 3466 3300 3521 per
3343 3451 3521 3522 ipsum

282 3537 395 3591 καθ’
434 3540 672 3595 ἕκαστον
713 3535 858 3605 εἶδος
899 3542 1213 3613 ἐπιμελείας
1263 3540 1541 3606 ίδιόιζουσά
1574 3557 1659 3603 τις
1687 3558 1854 3612 προσ-

281 3631 468 3701 ηγορία
482 3630 857 3701 ἐπινενόηται.
876 3630 1045 3686 Ὅταν
1061 3631 1160 3702 μὲν
1174 3630 1283 3702 γὰρ
1294 3630 1389 3702 τὴν
1411 3630 1637 3701 ἄμωμον
1651 3628 1846 3701 ψυχὴν,

281 3722 371 3793 τὴν
402 3721 475 3794 μὴ
506 3722 743 3793 ἔχουσαν
775 3722 962 3776 σπῖλον
992 3721 1251 3794 ἣρυτίδα,
1282 3723 1358 3786 ὡς
1393 3721 1561 3793 ἁγνὴν
1584 3721 1850 3793 παρθένον

284 3814 448 3884 ἑαυτῷ
470 3815 917 3886 παραστήσηται,
933 3832 996 3867 νυ
1004 3813 1652 3887 μφίοςπροσαγορεύεται
1672 3830 1689 3846 ’
1722 3814 1850 3867 ὅταν

283 3903 334 3958 δὲ
377 3905 774 3978 κεκακωμένην
812 3907 916 3960 ὑπὸ
955 3905 1064 3960 τῶν
1100 3907 1349 3978 πονηρῶν
1374 3906 1595 3976 πληγῶν
1619 3904 1711 3958 τοῦ
1736 3904 1852 3959 δια-

285 3995 430 4051 ϐόλου
466 3997 648 4069 λὰδῃ,
700 3997 910 4069 βαρέως
961 3996 1351 4052 ὲνασθενοῦσαν
1392 3999 1509 4061 ταῖς
1552 3996 1849 4068 ἁμαρτίαις

285 4088 441 4160 αὐτὴν
490 4089 811 4161 ἐξιώμενος.
864 4089 1046 4161 ἰατρὸς
1098 4087 1440 4161 ὀνομάζεται.
1474 4085 1600 4158 'Ap’
1653 4083 1746 4141 οὖν
1791 4089 1883 4140 at.

285 4180 518 4235 τοιαῦται
571 4180 735 4253 ἡμῶν
789 4180 1095 4252 ἐπιμέλειαι
1139 4183 1220 4245 είς
1250 4181 1313 4233 τὸ
1340 4179 1591 4233 ταπεινὸν
1621 4179 1746 4242 τοὺς
1769 4176 1851 4231 λο-

1956 3547 2061 3604 est,
2084 3547 2247 3609 atque
2282 3537 2439 3607 juxta
2467 3538 2681 3608 singula
2715 3539 2942 3594 curandi
2973 3554 3036 3593 ac
3078 3539 3392 3609 providendi
3427 3557 3524 3612 ge-

1957 3644 2088 3684 nera
2123 3628 2427 3699 excogitata
2458 3633 2542 3683 est
2577 3627 2873 3697 peculiaris
2913 3627 3160 3697 quaadam
3207 3630 3518 3699 appellatio.

1956 3720 2090 3774 Cum
2120 3720 2264 3774 enim
2294 3718 2529 3771 animam
2559 3718 3065 3786 incontaminatam,
3094 3734 3202 3773 non
3237 3720 3520 3775 habentem

1958 3810 2228 3863 maculam
2262 3814 2355 3861 aut
2405 3822 2596 3877 rugam
2622 3849 2637 3874 ,
2685 3806 2842 3877 quasi
2887 3822 3077 3878 puram
3109 3809 3372 3881 virginem
3414 3810 3521 3866 sibi

1957 3900 2222 3971 adjungit,
2250 3913 2485 3969 sponsus
2510 3898 2843 3969 appellatur;
2877 3914 3002 3954 cum
3030 3915 3162 3955 vero
3189 3916 3306 3956 eam
3335 3906 3519 3973 pravis

1955 3991 2156 4047 diaboli
2200 3990 2371 4061 plagis
2417 3990 2728 4045 alﬁictatam
2773 3992 2987 4060 recipit,
3028 4006 3091 4046 ac
3121 3992 3359 4062 peccatis
3394 4008 3520 4064 gra-

1952 4085 2092 4139 viter
2125 4082 2462 4137 laborantem
2510 4090 2708 4146 sanat,
2757 4082 3005 4137 medicus
3043 4093 3286 4138 vocatur.
3324 4082 3516 4139 Utrum

1954 4174 2121 4247 igitur
2146 4174 2289 4245 quod
2316 4173 2467 4229 hisce
2495 4174 2674 4229 modis
2699 4175 2872 4229 nostri
2902 4190 3089 4229 curam
3121 4176 3280 4246 gerit,
3312 4177 3519 4248 cogita-

347 4336 391 4369 ⁸⁸
414 4335 577 4391 Joan.
610 4351 670 4401 κ,
698 4334 791 4389 27.
865 4336 912 4368 ⁵⁸
936 4333 1097 4390 Joan.
1134 4351 1190 4401 ι,
1218 4335 1273 4390 9.
1348 4335 1391 4366 ³⁸
1422 4334 1443 4388 l
1473 4333 1600 4389 Cor.
1634 4349 1689 4396 ι,
1718 4332 1771 4387 4.
1848 4332 1853 4363 ¹

1958 4330 2125 4399 ’liilip.
2159 4344 2220 4393 ll,
2256 4328 2346 4392 10,
2379 4327 2466 4381 11.

349 4491 458 4576 (96)
499 4490 1064 4563 Προσπεφευτότας.
1112 4489 1346 4545 Codices
1397 4488 1645 4545 nonnulli
1684 4503 1853 4559 προσ-

290 4578 597 4631 φεύγοντας.

353 4626 459 4702 (97)
520 4626 591 4686 Τὸ
633 4630 1054 4702 εὐμετάδοτον.
1109 4629 1241 4702 Vitii
1311 4629 1621 4702 suspicione
1672 4626 1855 4702 aliqua

1959 4484 2262 4556 Cyprianus
2280 4497 2487 4556 ‘coram
2540 4484 2867 4556 proconsule
2901 4484 3077 4540 aiebat
3110 4505 3122 4540 :
3154 4486 3304 4542 Bona
3333 4490 3517 4545 volun-

1961 4551 2063 4622 ιᾱδ,
2101 4569 2216 4625 qua:
2272 4551 2649 4625 Deumnorit,
2691 4556 2965 4625 immutari
3012 4568 3325 4625 nonpotest
3350 4574 3370 4612 :
3395 4563 3509 4618 Act.

1959 4621 2141 4685 mort.)
2176 4638 2229 4693 p.
2258 4623 2383 4677 216.
2417 4621 2508 4676 Sic
2533 4624 2712 4693 etiam
2753 4623 2809 4677 S.
2840 4625 3090 4681 Felicitas
3134 4621 3325 4683 Publio
3353 4627 3514 4685 Urbis

290 4691 489 4756 laborat
522 4703 614 4756 hic
648 4691 823 4756 locus.
860 4701 977 4757 Etsi
1019 4702 1164 4756 enim
1198 4700 1380 4770 justos
1410 4691 1702 4770 'appellari
1727 4691 1856 4770 oves
1889 4699 1932 4755 Ι)
1962 4691 2215 4763 praefecto
2240 4694 2488 4770 dicebat_:
2520 4691 2631 4770 Nec
2673 4692 3041 4770 blandimentis
3074 4698 3179 4770 tuis
3204 4700 3396 4770 resolvi
3422 4714 3515 4767 ρο-

290 4772 533 4859 gbservat
575 4771 813 4859 l‘lasilius
850 4771 1153 4859 ’in‘psqtm;
1201 4766 1401 4859 'xxvnt,‘
1684 4766 1771 4859 διὰ
1795 4766 1856 4859 τὸ

289 4840 483 4910 ἡμερον
512 4841 611 4894 καὶ⁸
646 4839 994 4912 μεταδοτικδν
1029 4839 1103 4894 ὧν
1125 4839 1258 4910 ἔχει,
1290 4839 1352 4893 ob
1384 4840 1647 4893 lenitatem
1690 4848 1739 4890 et
1774 4853 1860 4914 re:

294 4925 401 4991 runt
424 4926 642 4991 suarum
672 4911 1235 4991 cgmnmnicationem;
1265 4910 1553 4991 luctamen
1570 4923 1701 4991 Anon
1723 4921 1855 4991 con:

294 4980 485 5035 siderat
633 4981 826 5062 ovibus
881 4981 1319 5062 communicandi
1359 4978 1708 5062 facilitatem,
1757 4976 1853 5062 sed

294 5051 642 5105 constantiam
676 5051 730 5105 in
777 5051 1059 5119 sequendo
1084 5059 1304 5120 pastore
1341 5057 1395 5105 et
1422 5049 1724 5119 peregrinis
1756 5048 1854 5101 do-

295 5121 474 5202 ctrinis
504 5118 1071 5202 rejiciendis.,Begius
1099 5120 1371 5202 secundus
1404 5119 1565 5174 habet
1599 5118 1854 5202 τὸεύμε-

294 5187 523 5273 τὰσολον,
563 5187 683 5273 qua:
707 5187 979 5273 scripturi.
1025 5192 1130 5273 etsi
1163 5191 1591 5273 vulnus'augere
1632 5187 1846 5273 videtur

294 5254 507 5340 (pugnat
532 5254 673 5313 enim
694 5254 924 5340 animus
953 5260 1409 5340 fa‘cilemutabilis
1436 5254 1560 5315 cum
1586 5266 1845 5340 constan-

1961 4762 2092 4827 tero,
2142 4778 2233 4817 nec
2261 4762 2546 4832 terroribus
2595 4764 2791 4832 frangi.
2831 4764 2893 4818 Et
2924 4765 3072 4821 Felix
3109 4769 3251 4823 illius
3280 4762 3512 4825 ﬁliorum

1942 4841 2085 4886 'natu
2131 4832 2403 4888 secundus
2442 4851 2455 4886 :
2495 4831 2812 4887 Imminennt
2849 4838 3087 4899 verbera,
3123 4845 3258 4890 stent
3298 4850 3514 4895 cruenta

1956 4903 2229 4974 consilia;
2260 4902 2410 4974 ﬁdes
2436 4912 2619 4957 nostra
2653 4919 2744 4956 nec
2797 4906 2932 4958 unici
2959 4915 3123 4974 potest
3154 4924 3244 4961 nec
3294 4912 3510 4965 mutari.

1957 4974 2191 5048 Basilius
2213 4973 2269 5026 in
2295 4972 2485 5048 manu.
2513 4988 2611 5033 vn,
2644 4989 2700 5048 p._
2724 4975 2844 5038 103,
2872 4972 3058 5044 gratiae
3092 4989 3376 5048 acceptum
3410 4996 3513 5035 re-

1959 5046 2061 5097 lcrt
2082 5052 2289 5113 rectum
2315 5043 2459 5113 justi
2486 5044 2820 5113 propositum
2854 5043 2908 5099 et
2937 5047 3133 5102 mentis
3160 5043 3513 5105 immutabili-

1954 5120 2141 5169 tatem.
2175 5110 2403 5183 Reg."59
2435 5110 2730 5183 M’ara't.,_p.
2760 5113 2883 5167 265.

2023 5183 2133 5255 (98)
2178 5181 2777 5255 ,‘Eiuo'raatac.ri{eg.
2815 5184 3344 5255 Μαίης-βασιλείας.
3390 5188 3513 5246 Mox

1950 5268 1981 5308 e
2004 5252 2278 5331 veteribus
2317 5254 2478 5331 libris
2505 5254 2818 5331 conjunctio
2856 5253 2948 5306 καί
2978 5252 3163 5331 addita
3188 5266 3319 5331 ante
3349 5258 3510 5331 θύρα,

295 5324 366 5379 tia
390 5324 443 5381 in
474 5330 748 5403 sequendo
775 5328 1032 5401 pastore).
1048 5331 1128 5403 ad
1173 5330 1304 5403 illud
1327 5340 1507 5385 tamen
1536 5331 1842 5403 sanandum
1948 5324 2244 5403 eademque
2274 5324 2596 5403 auctoritate
2645 5324 2870 5378 vet-bum
2912 5325 3044 5395 φησί
3083 5328 3352 5384 sublatum
3388 5324 3511 5400 post

296 5410 476 5469 magno
518 5396 639 5453 usui
668 5396 792 5456 esse
821 5396 1015 5469 potest.
1046 5400 1179 5455 Nam
1214 5401 1259 5455 si
1288 5401 1526 5469 legamus
1554 5399 1657 5452 levi
1703 5402 1843 5455 facta
1947 5409 2133 5469 νοςεξεη
2166 5396 2322 5469 ἐμοῦ.

296 5462 659 5541 immutatione
680 5469 745 5541 τδ
769 5462 1123 5541 ἀμετάϐολον,
1152 5471 1243 5540 qui
1271 5462 1365 5537 per
1383 5470 1693 5541 patientiam
1721 5471 1836 5523 ani-

2019 5464 2143 5540 (99)_
2184 5453 2492 5540 ’ῑὶςὴθίιριιΔ
2509 5453 2652 5540 Editj
2697 5460 2904 5517 addunt
2942 5465 3141 5540 miti);
3165 5469 3385 5540 ποιμήν,
3413 5468 3509 5525 sed

295 5549 427 5621 mum
453 5531 827 5621 immutabilem
864 5531 1218 5621 praebuerunt,
1271 5531 1431 5621 plana
1480 5540 1603 5621 erit“
1628 5549 1681 5594 et
1712 5550 1837 5621 apta
1944 5531 2213 5621 assentior
2236 5531 2583 5621 _Combeﬁsio
2624 5534 2747 5621 bas“
2772 5549 2931 5621 voces
2952 5531 3505 5621 nrejiciendas'esse;

296 5607 571 5679 sententia.
600 5605 824 5663 Usitatae
860 5605 1001 5679 apud
1046 5605 1298 5679 antiquos
1339 5609 1608 5677 ejusmodi
1663 5605 1836 5663 ratio-

1942 5619 2043 5659 nec
2070 5603 2400 5680 leguntuLin
2429 5603 2607 5680 tribus
2628 5601 2931 5680 codicibus.
2950 5601 3117 5662 Paulo
3145 5617 3267 5680 post
3287 5601 3508 5667 codices

297 5676 704 5748 pesloquendi,
736 5669 987 5748 quamvis
1032 5669 1441 5748 justo'sgrat'ize
1483 5681 1743 5735 resistere
1784 5687 1834 5733 et

1958 5690 2075 5731 nss.
2104 5669 2277 5739 δόξαν.
2308 5671 2448 5728 Editi
2474 5669 2803 5742 δοξολογίαν.

297 5740 521 5812 iustitiae
549 5740 699 5803 statu
740 5740 989 5806 excidere
1020 5740 1179 5820 posse
1219 5740 1329 5805 non
1368 5749 1701 5807 dubitarent.
1743 5748 1835 5809 Sic
