3972 6218
422 373 424 378 ·
483 345 555 406 99
1793 357 1831 412 S
1892 358 2132 413 BASlLll
2173 361 2389 418 MAGNI

3646 378 3764 433 100

485 467 664 521 tiones
688 473 908 521 nostras
931 481 995 522 eo
1030 467 1286 532 deducet,
1327 478 1386 522 ut
1421 469 1682 526 humilius
1724 471 1791 525 de
1836 489 1902 527 eo
1935 490 2054 528 scn-

2167 481 2401 549 γισμοὺς
2443 481 2808 549 κατάγουσιν;
2867 483 2900 556 ἦ
2953 484 3015 537 τὸ
3066 485 3306 540 ἐναντίον
3342 484 3610 559 ἔκπληξιν
3657 491 3766 560 τῆς

484 556 727 610 tiamus?
759 570 827 617 an
876 556 1058 625 potius
1084 573 1114 611 e
1155 557 1372 613 diverso
1399 557 1595 613 efﬁciet
1619 600 1633 624 ,
1665 568 1724 613 ut
1755 558 2063 617 Servatoris

485 650 541 699 et
580 645 856 715 ingentem
908 646 1205 714 potentiam
1254 656 1308 702 et
1356 648 1745 702 humanitatem
1783 665 1911 722 erga
1960 667 2062 707 nos

487 735 847 798 admiremur,
885 737 1029 806 quod
1060 744 1114 790 et
1144 739 1381 808 compati
1414 740 1622 795 nostris
1648 740 2062 798 inﬁrmitatibus

488 827 792 892 sustinuit,
823 835 877 882 et
907 844 966 883 se
995 828 1060 881 ad
1093 837 1335 884 nostram
1360 831 1731 893 infirmitatem
1762 836 1939 902 potuit
1970 836 2063 890 de-

487 920 744 974 mittere?
766 918 952 988 Neque
985 920 1129 975 enim
1160 922 1361 976 coelum
1391 936 1456 977 ac
1485 929 1655 987 terra,
1686 923 2062 997 immensaque

487 1011 683 1075 maria,
707 1026 808 1066 nec
837 1014 1159 1078 animantia,
1195 1015 1278 1069 vel
1311 1015 1365 1069 in
1395 1015 1553 1085 aquis
1577 1020 1662 1072 vel
1691 1017 1746 1070 in
1779 1019 1940 1094 terris
1967 1020 2063 1074 de-

486 1104 702 1172 gentia,
746 1120 845 1159 nec
885 1107 1116 1175 plantae,
1151 1122 1252 1162 nec
1291 1118 1470 1172 astra,
1508 1096 1610 1163 nec
1639 1123 1720 1163 aet
1746 1150 1760 1175 ,
1802 1125 1902 1164 nec
1933 1111 2060 1165 anni

485 1201 752 1265 tempora,
779 1212 880 1251 nec
915 1199 1194 1268 multiplex
1235 1199 1478 1253 universi
1513 1209 1766 1261 ornatus.
1794 1201 2062 1256 excellen-

483 1285 614 1339 tiam
677 1288 933 1356 potentiw
982 1288 1130 1343 illius
1189 1289 1414 1358 perinde
1463 1291 1850 1356 commendat,
1900 1302 2062 1363 atque

486 1377 630 1447 quod
682 1378 823 1433 Deus
873 1380 1438 1452 incomprehensibilis
1473 1383 1652 1450 potuit
1700 1397 1798 1452 per
1841 1397 2059 1437 carnem

486 1468 626 1522 citra
674 1485 872 1524 noxam
905 1487 1029 1524 cum
1076 1481 1250 1526 morte
1280 1472 1607 1538 conﬂictari,
1655 1485 1713 1526 ut
1765 1474 1921 1528 nobis
1963 1491 2059 1528 sua

485 1559 660 1628 ipsius
690 1562 949 1631 passione
979 1563 1267 1631 largiretur
1313 1564 1802 1628 immortalitatem,
1837 1567 1980 1636 quod
2013 1567 2060 1622 si

483 1649 783 1720 Apostolus
816 1653 924 1706 ait:
973 1651 1040 1705 In
1084 1653 1164 1708 liis
1195 1653 1434 1708 omnibus
1475 1670 1783 1723 superamus
1826 1671 1916 1724 per
1943 1673 2061 1710 eum

2167 571 2408 642 μεγάλης
2452 573 2736 644 δυνάμεως
2771 576 2906 646 ὁμοῦ
2946 578 3039 631 καὶ
3079 578 3488 651 φιλανθρωπίας
3515 581 3614 635 τοῦ
3656 585 3767 636 σώ-

2164 660 2345 726 ζοντος
2369 663 2708 734 ἐμποιοῦσιν,
2733 667 2814 719 ὅτι
2837 668 2930 720 κα)¹
2959 669 3218 740 ἠνέσχετο
3249 672 3605 744 συμπαθῆσαι
3630 677 3762 738 ταῖς

2163 757 2470 822 ἀσθενείαις
2533 762 2715 832 ήμῶν,
2777 763 2870 816 καὶ
2923 763 3151 835 ἐδυνήθη
3195 765 3332 836 πρὸς
3371 765 3432 818 τὸ
3476 766 3760 838 ἡμέτερον

2171 849 2395 914 ἀσθενὲς
2417 853 2725 924 καταϐῆναι
2749 856 2854 919 ;Οὑ
2877 855 2981 928 γὰρ
3014 855 3266 910 τοσοῦτον
3291 857 3522 928 οὐρανὸς
3555 859 3656 912 καὶ
3674 860 3756 931 γῆ

2163 939 2349 993 καὶτὰ
2380 941 2584 1014 μεγέθη
2606 942 2714 998 τῶν
2735 943 3005 1012 πελαγῶν,
3037 947 3130 999 καὶ
3161 945 3230 998 τὰ
3261 948 3319 1000 ὲν
3351 947 3502 1000 ὕδασι
3527 949 3755 1003 διαιτώ-

2165 1048 2323 1101 μενα,
2363 1034 2458 1086 καὶ
2503 1033 2572 1087 τὰ
2623 1039 2852 1106 χερσαῖα
2883 1036 2989 1090 τῶν
3018 1036 3192 1102 ζώων,
3220 1039 3313 1092 καὶ
3341 1039 3411 1092 τὰ
3448 1041 3615 1110 φυτὰ,
3653 1043 3756 1096 καὶ¹

2161 1123 2410 1194 ἀστέρες,
2441 1126 2534 1178 καὶ
2563 1125 2692 1197 ἀὴρ,
2732 1127 2827 1180 καὶ
2867 1121 3027 1198 ὧραι,
3057 1130 3152 1182 καὶ
3174 1132 3206 1200 ή
3229 1130 3451 1202 ποικίλη
3474 1131 3570 1185 τοῦ
3604 1149 3755 1185 παν-

2160 1216 2251 1279 τὸς
2282 1217 2639 1288 διακόσμησις
2671 1219 2732 1272 τὺ
2789 1219 3058 1291 ὑπερέχον
3081 1223 3180 1292 τῆς
3207 1223 3388 1294 ἰσχύος
3410 1225 3749 1294 συνίστησιν,

2162 1308 2283 1361 ὅσον
2317 1309 2377 1361 τὸ
2404 1309 2696 1381 δυνηθῆναι
2739 1311 2832 1365 τὸν
2858 1311 3011 1377 Θεὸν,
3047 1313 3138 1369 τὸν
3167 1315 3472 1386 άχώρητον,
3515 1317 3751 1380 ἀπαθῶς

2161 1397 2247 1451 διὰ
2295 1399 2495 1469 σαρκὸς
2550 1400 2938 1472 συμπλακῆναι
2981 1402 3058 1474 τῷ
3109 1404 3353 1476 θανάτῳ,
3396 1407 3486 1461 ἵνα
3512 1407 3751 1479 ἡμῖντῷ

2166 1489 2277 1560 ἰδίῳ
2325 1491 2485 1545 πάθει
2542 1492 2640 1562 τὴν
2682 1493 2951 1548 ἀπάθειαν
2992 1496 3303 1568 χαρίσηται.
3330 1497 3449 1552 Κᾶν
3476 1497 3612 1572 λέγῃ
3634 1499 3693 1553 δὲ
3719 1502 3751 1554 ὁ

2175 1580 2512 1645 Ἀπόστολος,
2569 1582 2651 1635 ὅτι
2697 1584 2802 1636 Ἐν
2853 1585 3086 1651 τούτοις
3105 1586 3295 1641 πᾶσιν
3327 1589 3751 1660 ὑπερνικῶμεν

2161 1672 2258 1726 διὰ
2302 1673 2408 1727 τοῦ
2453 1675 2894 1759 αγαπήσαντοςί
2921 1677 3097 1746 ἡμᾶς,
3145 1679 3268 1748 οὐχ)¹
3310 1681 3576 1750 ταπεινήν
3622 1696 3746 1736 τινα

484 1742 574 1810 qui
630 1741 815 1796 dilexit
868 1761 962 1797 nos
986 1745 1074 1799 "z
1134 1760 1478 1815 nequaquam
1525 1745 1627 1800 hac
1673 1762 1808 1801 voce
1857 1748 2054 1802 humile

2163 1744 2463 1836 ὑπηρεσίαν
2603 1768 2702 1839 τῆς
2751 1741 3005 1840 τοιαύτης
3037 1741 3573 1840 (ρωνῆςνὺποὸάλλει,
3605 1773 3748 1829 ἀλλὰ

483 1832 756 1902 quoddam
789 1835 1153 1890 ministerium
1181 1837 1406 1904 indicat,
1437 1837 1536 1892 sed
1557 1839 1822 1892 auxilium
1851 1840 2054 1908 potius,

2160 1823 2336 1926 tigv'lw
2358 1857 2435 1926 τῷ
2458 1823 2780 1929 κράτειῑτῆς
2812 1823 3002 1930 ἰσχύος
3020 1823 3423 1934 ἐνεργουμένην
3465 1823 3741 1935 βοήθειαν.

482 1923 630 1991 quod
653 1939 748 1994 per
773 1923 1062 1994 imperium
1094 1941 1207 1981 suae
1234 1927 1490 1996 potentiae
1511 1937 1774 1998 operatur
1799 1930 1852 1982 in
1878 1929 2054 1984 nobis.

485 2012 764 2083 Siquidem
804 2017 982 2085 ipsum
1019 2019 1258 2088 alligavit
1291 2019 1510 2087 fortem,
1551 2020 1892 2091 diripuitque
1927 2038 2058 2078 vasa

482 2106 634 2162 illius
664 2108 733 2172 ⁵⁸,
767 2109 1020 2164 videlicet
1047 2125 1168 2176 nos,
1193 2111 1394 2181 quibus
1416 2113 1480 2166 ad
1511 2114 1695 2167 omnia
1728 2116 1870 2169 mala
1893 2131 2057 2186 opera

480 2199 662 2254 fuerat
689 2199 925 2268 abusus;
972 2200 1207 2273 fecitque
1240 2218 1371 2259 vasa
1406 2204 1561 2258 utilia
1595 2205 1860 2272 Domino,
1891 2223 2060 2278 appa-

478 2298 632 2347 ratos
674 2291 741 2346 ad
787 2307 947 2348 omne
994 2308 1133 2364 opus
1169 2295 1372 2350 bonum
1405 2297 1476 2364 ⁸⁵,
1521 2313 1620 2366 per
1652 2298 1807 2354 liberi
1849 2300 2057 2354 arbitrii

481 2389 653 2438 nostri
691 2386 1161 2454 prmparationem.
1199 2384 1315 2442 Hoc
1354 2397 1516 2458 pacto
1545 2403 1830 2445 accessum
1862 2391 1928 2446 ad
1953 2389 2058 2445 Pa-

479 2480 619 2528 trem
658 2473 952 2529 habuimus
991 2490 1088 2545 per
1136 2477 1338 2548 ipsum,
1386 2479 1637 2534 translati
1675 2481 1744 2536 de
1787 2488 2059 2551 potestate

478 2563 828 2620 tenebrarum
847 2565 901 2620 in
923 2577 1131 2637 partem
1153 2569 1320 2624 sortis
1343 2577 1658 2627 sanctorum
1687 2573 1743 2626 in
1763 2573 1971 2629 lumine
1987 2576 2053 2627 ⁵⁸.

477 2653 558 2712 Ne
584 2657 748 2727 igitur
792 2657 1260 2728 dispensationem
1304 2659 1430 2716 Filii
1469 2672 1718 2719 coactum
1759 2681 1826 2721 ex
1871 2669 2057 2722 servili

479 2747 789 2802 humilitate
823 2748 1189 2804 ministerium
1235 2752 1639 2808 existimemus:
1683 2755 1779 2810 sed
1809 2757 2058 2812 volunta-

479 2840 619 2894 riam
665 2839 1088 2898 sollicitudinem
1140 2857 1210 2898 ει
1246 2844 1490 2902 bonitate
1532 2861 1598 2904 ac
1640 2849 2054 2918 misericordia,

476 2930 634 3000 juxta
659 2930 993 2986 voluntatem
1021 2931 1117 2990 Dei
1149 2942 1204 2990 et
1233 2935 1436 3000 Patris,
1471 2952 1600 3010 erga
1631 2954 1793 2995 suum
1831 2942 2057 3012 ﬁgmen-

481 3029 597 3076 tum
626 3022 946 3078 exhibitam.
982 3023 1076 3080 Sic
1117 3027 1262 3082 enim
1307 3029 1652 3088 servabimus
1681 3032 1935 3103 pietatem
1962 3076 1976 3101 ,
2007 3035 2054 3091 si

2159 1948 2330 2012 Αὐτὸς
2377 1949 2483 2020 γὰρ
2537 1951 2706 2021 δήσας
2748 1950 2839 2004 τὸν
2888 1953 3125 2023 ἰσχυρὸν,
3159 1953 3456 2024 διήρπασεν
3480 1955 3647 2010 αὐτοῦ
3676 1958 3744 2012 τά

2161 2038 2358 2110 σκεύη,
2384 2041 2554 2110 ἡμᾶς,
2583 2036 2661 2103 οἷς
2686 2043 2764 2104 εἰς
2788 2044 2967 2095 πᾶσαν
2997 2043 3275 2114 ἐνέργειαν
3322 2046 3564 2118 πονηρὰν
3604 2062 3743 2102 κατ-

2162 2129 2460 2201 εκέχρητο·
2503 2130 2596 2182 καὶ
2624 2132 2847 2202 ἐποίησε
2878 2131 3042 2204 σκεύη
3072 2132 3344 2206 εὔχρηστα
3366 2135 3443 2204 τῷ
3471 2137 3739 2209 Δεσπύτῃ,

2157 2222 2283 2284 τοὺς
2322 2221 2789 2293 κατηρτισμένους
2837 2224 2918 2288 είς
2971 2226 3080 2278 πᾶν
3104 2224 3264 2297 ἔργον
3307 2225 3512 2296 ἀγαθὸν
3533 2229 3599 2280 ὲκ
3638 2229 3740 2298 τῆς

2159 2311 2476 2380 ὲτοιμασίας
2501 2311 2596 2365 τοῦ
2626 2313 2711 2382 ἐφ’
2745 2315 2894 2384 ὑμῖν.
2931 2313 3086 2368 Οὕτω
3133 2317 3231 2388 τὴν
3261 2317 3328 2370 δι’
3357 2317 3522 2372 αὐτοῦ
3558 2337 3735 2392 προσ-

2159 2401 2380 2473 αγωγὴν
2402 2403 2714 2472 ἐσχήκαμεν
2734 2403 2869 2475 πρὸς
2897 2403 2986 2458 τὸν
3015 2405 3253 2478 Πατέρα,
3279 2409 3643 2478 μεταστάντες
3675 2412 3745 2464 ἐκ

2158 2491 2254 2562 τῆς
2281 2492 2526 2558 ἐξουσίας
2569 2491 2664 2546 τοῦ
2693 2493 2918 2558 σκότους
2958 2495 3038 2559 εἰς
3057 2494 3156 2567 τὴν
3185 2497 3382 2569 μερίδα
3408 2498 3504 2552 τοῦ
3532 2498 3738 2572 κλήρου

2157 2582 2266 2635 τῶν
2287 2583 2456 2652 ἁγίων
2487 2585 2545 2636 ὲν
2564 2583 2641 2654 τῷ
2663 2583 2821 2652 φωτί.
2839 2584 2931 2655 Μὴ
2964 2585 3143 2639 τοίνυν
3179 2589 3243 2639 ὲκ
3267 2586 3520 2659 ὼυλικῆς
3543 2605 3738 2644 ταπει-

2157 2675 2379 2746 νότητος
2419 2677 2841 2748 ὴναγκασμένην
2882 2677 3190 2748 ὑπηρεσίαν
3235 2678 3470 2750 νοῶμεν,
3502 2681 3604 2751 τὴν
3645 2681 3742 2736 διὰ

2158 2767 2286 2821 Υἱοῦ
2303 2769 2632 2839 οἰκονομίαν,
2661 2768 2798 2822 ἀλλὰ
2826 2769 2926 2841 τὴν
2955 2770 3199 2823 ἑκούσιον
3226 2772 3564 2842 ἐπιμέλειαν,
3597 2774 3738 2841 ἀγα-

2157 2860 2342 2930 θότητι
2393 2861 2488 2914 καὶ
2522 2859 2916 2932 εὐσπλαγχνίᾳ,
2963 2860 3108 2914 κατὰ
3139 2861 3201 2915 τὸ
3231 2861 3440 2934 θέλημα
3475 2863 3570 2916 τοῦ
3599 2863 3739 2917 Θεοῦ

2157 2951 2250 3004 καὶ
2310 2952 2543 3022 Πατρδς,
2596 2952 2726 3022 περὶ
2771 2951 2832 3004 τὸ
2874 2951 3003 3006 ἴδιον
3049 2952 3275 3023 πλάσμα
3311 2954 3737 3026 ἐνεργουμένην.

2156 3041 2312 3094 Οὕτω
2363 3041 2471 3114 γὰρ
2501 3042 2576 3113 (1)
2605 3040 2994 3113 εὐσεϐήσομεν,
3035 3042 3094 3094 ὲν
3131 3044 3266 3096 πᾶσι
3307 3046 3422 3106 τοῖς
3449 3043 3739 3097 ἐπιτελου-

480 3113 538 3168 ἱιι
579 3114 838 3170 omnibus
880 3116 1043 3170 rebus
1074 3117 1144 3172 ab
1171 3133 1238 3174 eo
1264 3121 1504 3189 peractis
1533 3130 1587 3199 et
1619 3124 1724 3195 16
1755 3125 2051 3196 perfectam

2161 3133 2338 3204 μένοις
2364 3113 2461 3188 και
2488 3133 2701 3186 τελείαν
2732 3133 2882 3204 αὐτῷ
2915 3133 3316 3206 μαρτυροῦντες
3349 3133 3446 3203 τὴν
3480 3133 3735 3204 δύναμιν,

477 3205 561 3259 illi
599 3207 898 3276 potentiam
937 3209 1250 3264 testimonio
1292 3219 1483 3267 nostro
1527 3213 1877 3272 tribuerimus
1901 3258 1915 3280 ,
1951 3232 2053 3273 nec

2160 3228 2250 3280 καὶ
2260 3225 2496 3296 οὐδαμοῦ
2519 3226 2613 3279 τοῦ
2631 3225 2794 3297 βουλή
2805 3242 2972 3297 ματος
2995 3227 3089 3278 τοῦ
3112 3225 3377 3298 πατρικοῦ
3401 3226 3734 3289 διῖστῶντες.

477 3312 713 3368 usquam
759 3299 912 3353 illum
945 3315 974 3354 a
1019 3308 1246 3370 paterna
1277 3304 1556 3360 voluntate
1594 3311 2050 3376 separaverimus.

479 3388 949 3455 Quemadmodum
1000 3393 1189 3464 utique
1245 3411 1369 3451 cum
1428 3395 1692 3454 Dominus
1751 3402 2052 3470 appellatur

477 3481 566 3533 via
600 3480 667 3546 ⁸⁷,
702 3481 767 3535 ad
797 3481 1171 3539 sublimiorem
1202 3486 1616 3559 intelligentiam
1649 3491 1854 3560 potius,
1885 3510 2050 3564 quam

479 3572 546 3627 ad
571 3573 848 3643 vulgarem
875 3591 939 3629 ac
962 3590 1309 3634 Communem
1336 3582 1521 3636 animo
1541 3582 1788 3638 ferimur.
1811 3587 2051 3642 Audien-

480 3674 562 3718 tes
587 3665 732 3720 enim
760 3666 927 3726 viam;
960 3667 1269 3738 profectum
1304 3685 1452 3738 eum,
1482 3674 1574 3744 qui
1602 3675 1746 3730 serie
1777 3686 1940 3747 atque
1965 3694 2053 3734 or-

477 3756 604 3809 dine
635 3769 733 3826 per
765 3756 996 3825 justitia:
1035 3775 1202 3831 opera
1232 3769 1287 3818 et
1318 3764 1565 3820 scientiae
1596 3766 2049 3826 illuminationem

479 3846 546 3899 ad
595 3844 986 3915 perfectionem
1026 3850 1238 3916 tendit,
1286 3852 1683 3924 intelligimus,
1731 3873 1944 3928 semper
1999 3861 2050 3915 id

477 3938 624 4007 quod
655 3938 900 3994 anterius
931 3949 1016 3995 est
1038 3950 1377 4012 appetentes,
1408 3952 1463 4000 et
1492 3946 1559 4000 ad
1597 3961 1661 4002 ea
1689 3963 1812 4018 qua:
1844 3960 2052 4006 restant

477 4029 842 4099 nosmetipsos
872 4032 1230 4089 extendentes
1253 4035 1320 4101 ⁸⁸,
1353 4035 1528 4091 donec
1561 4041 1951 4108 perveniamus
1981 4043 2049 4097 ad

477 4118 698 4174 beatum
725 4120 910 4186 linem,
936 4137 1056 4191 quae
1081 4133 1165 4180 est
1197 4123 1290 4181 Dei
1313 4127 1570 4198 cognitio,
1599 4145 1762 4200 quam
1787 4131 2051 4189 Dominus

479 4224 576 4278 per
633 4225 758 4266 sese
804 4211 858 4265 in
906 4212 1083 4282 ipsum
1132 4215 1482 4274 credentibus
1538 4220 1787 4292 largitur.
1841 4223 2052 4281 Revera

477 4305 622 4360 enim
649 4306 789 4360 bona
816 4315 902 4362 est
926 4310 1030 4372 via,
1055 4311 1473 4369 exorbitationis
1497 4317 1815 4388 errorisque
1842 4321 2047 4385 nescia,

477 4395 743 4451 Dominus
769 4405 977 4464 noster,
1008 4399 1074 4453 ad
1105 4398 1346 4468 Patrem,
1375 4404 1470 4474 qui
1501 4421 1688 4460 verum
1718 4408 1923 4463 bonum
1941 4422 2048 4477 est,

2159 3318 2368 3390 Ὥσπερ
2421 3315 2514 3372 οὖν
2571 3318 2666 3372 καὶ
2695 3319 2825 3372 ὅταν
2863 3317 2979 3381 ὁδὸς
3007 3320 3035 3371 ὁ
3073 3319 3276 3390 Κύριος
3311 3319 3557 3390 λέγηται,
3597 3318 3739 3390 πρὸς

2159 3409 2493 3482 ὑψηλοτέραν
2522 3409 2750 3476 ἔννοιαν,
2786 3409 2900 3462 ἀλλ’
2928 3411 3048 3480 οὐχὶ
3073 3411 3209 3480 πρὸς
3240 3411 3336 3482 τὴν
3366 3413 3430 3464 ὲκ
3466 3409 3561 3462 τοῦ
3597 3427 3740 3482 προ-

2158 3503 2340 3574 χείρου
2365 3502 2783 3574 λαμϐανομένην
2826 3501 3231 3575 ὑποφερόμεθα.
3281 3503 3390 3574 Τὴν
3419 3503 3528 3574 γὰρ
3555 3502 3738 3575 είρμῷ

2157 3597 2250 3648 καὶ
2293 3594 2443 3659 τάξει
2493 3594 2581 3649 διὰ
2610 3595 2718 3650 τῶν
2763 3594 2941 3666 ἔργων
2985 3596 3084 3664 τῆς
3121 3595 3485 3665 δικαιοσύνης,
3521 3595 3617 3649 καὶ
3635 3595 3734 3648 τοῦ

2158 3687 2438 3758 φωτισμοῦ
2462 3686 2829 3757 τῆςγνώσεως
2853 3687 2946 3740 ἐπὶ
2975 3687 3038 3739 τὸ
3069 3687 3272 3740 τέλειον
3303 3687 3586 3757 προκοπὴν
3612 3687 3735 3739 ὁδὸν

2157 3777 2504 3848 ἐξακούομεν,
2535 3778 2621 3831 ἀεὶ
2651 3778 2744 3832 τοῦ
2761 3780 2948 3850 πρόσω
2971 3778 3360 3848 ὲπορεγόμενοι
3386 3778 3478 3848 (Ξ),
3507 3779 3600 3830 καὶ
3620 3781 3735 3842 τοῖς

2157 3871 2492 3940 Λειπομένοις
2524 3871 2751 3934 ἑαυτοὺς
2789 3869 3216 3934 ἐπεκτείνοντες,
3271 3869 3376 3932 ἓως
3408 3869 3473 3922 ἂν
3514 3868 3736 3938 φθάσω-

2161 3979 2259 4032 μεν
2316 3962 2407 4014 ἐπὶ
2455 3963 2516 4015 τὸ
2560 3963 2828 4034 μακάριον
2867 3961 3039 4025 τέλος,
3083 3963 3182 4032 τὴν
3212 3960 3348 4013 Θεοῦ
3380 3961 3730 4032 κατανόησιν,

2155 4055 2222 4126 ἢν
2263 4057 2291 4107 ὁ
2328 4051 2532 4124 Κύριος
2560 4054 2626 4106 δι’
2656 4052 2851 4107 ἑαυτοῦ
2883 4054 2996 4116 τοῖς
3028 4053 3107 4116 είς
3130 4051 3291 4105 αὐτὸν
3346 4053 3736 4106 πεπιστευκόσι

2157 4145 2439 4216 χαρίζεται
2467 4144 2564 4215 (5).
2611 4144 2814 4216 Ἀγαθὴ
2851 4143 2958 4215 γὰρ
3005 4143 3172 4206 ὄντως
3209 4143 3346 4209 ὁδὸς,
3379 4143 3735 4215 άπαρεξόδευ-

2155 4255 2247 4300 τος
2295 4237 2389 4290 καὶ
2435 4237 2700 4308 ἀπλανὴς,
2744 4239 2774 4290 ὁ
2811 4237 3015 4308 Κύριος
3066 4235 3246 4308 ἡμῶν,
3286 4236 3423 4308 πρὸς
3466 4238 3528 4291 τὸ
3560 4237 3732 4303 ὅντως

2157 4329 2376 4398 ἀγαθὸν,
2411 4329 2500 4383 τὸν
2543 4329 2782 4402 Πατέρα,
2829 4328 3028 4400 φέρων.
3078 4328 3287 4394 Οὐδεὶς
3329 4328 3438 4399 γὰρ
3473 4328 3727 4398 ἔρχεται,

2157 4422 2309 4492 φησι,
2375 4420 2522 4489 πρὸς
2564 4420 2670 4474 τὸν
2719 4420 2954 4489 Πατέρα
2989 4422 3042 4472 εὶ
3060 4417 3146 4488 μὴ
3177 4419 3251 4472 δι’
3286 4417 3730 4489 ἐμοῦ..Τοιαύτη

478 4486 806 4558 perducens.
861 4486 1029 4542 Nemo
1071 4493 1239 4557 enim,
1285 4494 1492 4564 inquit,
1540 4498 1677 4549 venit
1719 4499 1788 4550 ad
1833 4499 2049 4554 Patrem

2160 4486 2258 4584 μέν
2283 4509 2376 4566 οὖν
2401 4486 2706 4584 ήήμετέρα
2729 4486 3019 4583 πρὸςνΘεὸν
3050 4486 3234 4574 άνοδος
3263 4486 3351 4564 διά
3384 4509 3478 4563 τοῦ
3503 4508 3655 4566 Υίοῢ.

477 4577 583 4632 nisi
612 4593 704 4646 per
732 4593 811 4631 me
836 4578 902 4632 ⁵⁸.
935 4576 1084 4634 Talis
1113 4588 1196 4636 est
1238 4583 1404 4652 igitur
1433 4592 1623 4640 noster
1654 4586 1722 4641 ad
1755 4586 1926 4642 Deum
1961 4604 2052 4644 as-

477 4685 679 4726 census
711 4684 806 4739 per
838 4667 1054 4724 Filium.

550 4781 637 4836 i9.
670 4778 887 4837 Rursus
931 4789 1112 4836 autem
1162 4783 1342 4852 qualis
1387 4785 1458 4838 sit
1497 4787 1659 4841 etiam
1704 4787 1884 4848 Patris
1921 4809 2052 4866 erga

477 4887 581 4928 nos
607 4888 704 4944 per
731 4875 979 4928 eumdem
1006 4873 1272 4929 bonorum
1296 4879 1680 4949 suppeditatio,
1707 4899 2050 4956 consequens

474 4965 587 5035 jam
618 4963 780 5020 fuerit
825 4965 1118 5020 disserere.
1165 4965 1433 5023 Nimirum
1477 4986 1604 5026 cum
1638 4976 1819 5031 omnis
1851 4987 2050 5033 natura

477 5063 682 5120 creata,
715 5063 832 5110 tum
864 5057 978 5112 haec
1006 5057 1260 5122 visibilis,
1291 5069 1405 5115 tum
1435 5064 1813 5138 intelligibilis,
1848 5069 1916 5126 ad
1944 5071 2050 5126 hoc

2228 4795 2313 4851 19.
2355 4796 2547 4850 ὐποία
2577 4796 2634 4850 δὲ
2673 4796 2834 4850 πάλιν
2890 4796 3040 4866 καὶὴ
3085 4794 3236 4866 παρὰ
3264 4792 3359 4846 τοῦ
3405 4792 3616 4864 Πατρὸς
3651 4792 3726 4864 (4)

2155 4891 2234 4953 εἰς
2267 4891 2414 4960 ἡμᾶς
2442 4889 2507 4942 δι’
2542 4888 2706 4941 αὐτοῦ
2727 4887 2957 4960 χορηγία
2997 4886 3105 4940 τῶν
3131 4885 3368 4955 ἀγαθῶν,
3404 4883 3530 4954 ἑξῆς
3547 4883 3614 4937 ἂν
3642 4883 3728 4954 εἴη

2155 4980 2353 5050 λέγειν.
2409 4982 2550 5046 Ὅτι,
2600 4981 2782 5050 πάσης
2814 4980 2914 5050 τῆς
2960 4977 3194 5048 φύσεως,
3218 4977 3319 5046 τῆς
3346 4977 3404 5030 ἐν
3427 4978 3494 5046 τῇ
3528 4975 3725 5037 κτίσει,

2155 5075 2223 5144 τῇ
2267 5090 2324 5126 τε
2372 5073 2626 5146 ὁρωμένῃ
2651 5071 2822 5142 ταύτῃ
2849 5071 2944 5125 καὶ
2977 5072 3044 5141 τῇ
3091 5068 3374 5142 νοουμένῃ,
3411 5066 3729 5138 ἐπιμελείας

547 5227 926 5316 salsum-3:11,
958 5232 1046 5286 '57.
1083 5259 1088 5264 -
1121 5233 1169 5264 “
1189 5233 1382 5316 yatth.
1414 5253 1513 5305 xu,
1540 5238 1630 5295 2t.
1707 5241 1970 5298 "llTim.
2002 5260 2054 5310 tl,

2164 5287 2178 5300 .
2255 5211 2836 5313 "Coloss.r,l2,l3.
2912 5245 3345 5316 "Joan.x1v,6.
3423 5245 3724 5316 “Philipp.

474 5312 558 5365 ιιι,
594 5300 678 5353 15.
780 5302 826 5333 ⁸⁹
854 5300 1012 5355 Joan.
1045 5318 1153 5368 xlv,
1185 5305 1236 5358 6.

548 5476 623 5548 (t)
665 5476 827 5549 οὕτω
869 5477 999 5549 γάρ,
1041 5490 1146 5535 ειε.
1192 5479 1335 5536 Editi
1365 5489 1557 5536 contra
1608 5480 1857 5538 codicum
1916 5499 2048 5542 mss.

479 5546 641 5623 adeo!
673 5546 990 5623 habebant:
1022 5551 1420 5623 ἐνεργουμένην
1461 5555 1521 5606 ὲν
1557 5555 1690 5607 πᾶσι
1726 5556 1840 5618 τοῖς
1869 5555 2050 5610 ἐπιτε-

476 5616 775 5740 λουμένοις.
807 5616 962 5672 Οὕτω
993 5616 1516 5693 γὰρέὖσεδήσὸμεν.

549 5691 565 5740 l
611 5692 627 5740 l
673 5687 1135 5740 Ἐποοεφόαενοι.
1174 5690 1406 5740 ﬂuidam
1455 5707 1516 5740 cn

549 5687 627 5767 (ἓ)
673 5687 1135 5767 ξῌπορεγόμεζοι.
1174 5687 1412 5767 Quidam
1455 5693 1674 5751 codices
1704 5694 2040 5767 ὀρεγόμενοι.

2158 5491 2462 5578 χαρίσεται.
2504 5491 2656 5578 ,Μοξν
2683 5495 2740 5578 in
2798 5495 2987 5578 editis.
3007 5497 3037 5550 ὁ
3057 5496 3303 5578 ,Κύριος
3329 5496 3484 5578 ἡμῶν
3521 5495 3729 5566 Ἰησοῦς

2157 5561 2296 5650 πρρις
2325 5561 2436 5650 τέν,
2470 5571 2577 5650 etc.
2614 5563 2834 5650 velet-es
2865 5566 2989 5650 libri
3014 5573 3074 5650 ut
3103 5567 3156 5650 in
3175 5561 3461 5650 'conteir'tn.

2247 5631 2514 5719 μηηαρὰ
2563 5635 2687 5719 ι-οιξ¹
2712 5637 3148 5719 ματρός.“Περί
3195 5632 3730 5719 ιιιηριιιιιὶριιεβεςε

2150 5702 2434 5758 codicibus
2481 5719 2616 5760 mss.
2649 5702 2853 5760 Ibidem
2897 5707 3037 5761 male
3093 5702 3149 5763 in
3196 5707 3360 5764 editis
3397 5708 3492 5763 καὶ
3527 5703 3598 5760 δι’
3629 5707 3729 5758 aii—

551 5758 628 5831 (3)
668 5757 984 5827 Χαρίζεταὶ.
1045 5759 1134 5817 Sic
1186 5757 1402 5819 Codices
1449 5779 1608 5824 mss..
1660 5757 1770 5822 non
1812 5757 1883 5822 ιη’
1910 5768 2043 5825 editi

2160 5771 2262 5825 τοῦ.
2294 5757 3067 5844 conpactisa'cési“in'1iiss.
