3972 6218
277 360 383 417 101

1417 358 1615 412 LIBER
1649 356 2049 413 DE'SPIRITU
2089 358 2387 414 SANCTO.

3443 361 3550 417 10%

275 477 347 529 ὲκ
380 471 484 527 τοῦ
504 471 637 527 Θεοῦ
664 472 804 545 πρὸς
825 473 889 526 τὸ
917 472 1228 542 συνέχεσθαι
1253 471 1534 543 δεομένης,
1563 474 1591 524 ὁ
1613 471 1866 542 δημιουρ-

1971 481 2028 526 υι
2054 472 2343 536 consistat,
2390 471 2484 528 Dei
2519 486 2649 526 cura
2685 483 2870 542 egeat;
2903 471 3082 542 opifex
3114 469 3348 528 Verbum
3375 513 3390 540 ,
3426 474 3550 527 uni-

276 567 380 635 γὸς
410 566 623 635 Λόγος,
656 567 687 618 ὁ
719 568 1013 638 μονογενὴς
1054 565 1186 629 Θεὸς
1208 607 1222 630 ,
1271 565 1412 618 κατὰ
1459 565 1520 618 rb
1553 565 1749 635 μέτρον
1772 565 1872 634 τῆς

275 658 525 712 ἑκάστου
569 655 780 728 χρείας,
827 659 926 727 τὴν
980 657 1233 728 βοήθειαν
1277 657 1568 726 ἐπινέμων,
1622 655 1872 733 ποικίλας

279 753 383 822 μὲν
437 753 541 806 καὶ
601 751 950 814 παντοδαπὰς
996 748 1084 804 διὰ
1130 748 1190 802 rb
1235 748 1344 803 τῶν
1403 748 1874 820 εὐεργετουμένων

278 841 595 908 πολυειδὲς,
632 841 981 912 συμμέτρους
1007 857 1071 908 γε
1107 839 1214 911 μὴν
1247 839 1483 909 ἑκάστῳ,
1514 838 1658 893 κατά
1684 839 1744 892 τὸ
1772 841 1874 909 τῆς

275 934 484 1004 χρείας
535 933 852 1001 ἀναγκαῖον,
902 932 1000 995 τὰς
1027 931 1290 1003 χορηγίας
1311 932 1610 1001 ἐπιμετρεῖ.
1647 931 1786 995 Τοὺς
1815 933 1874 985 ἐν

275 1023 358 1094 τῷ
417 1023 604 1094 σκότῳ
647 1023 750 1094 τῆς
799 1023 1022 1092 ἀγνοίας
1061 1021 1459 1093 κατεχομένους
1491 1021 1715 1090 φωτίζει
1741 1039 1754 1052 ·
1787 1023 1875 1076 διά

275 1114 444 1168 τοῦτο
498 1114 618 1182 φῶς
653 1114 716 1167 rb
756 1113 1028 1186 ἀληθινόν.
1076 1113 1270 1185 Κρίνει
1301 1113 1399 1184 (5),
1457 1111 1597 1167 κατὰ
1633 1112 1734 1182 τὴν
1763 1110 1874 1165 τῶν

279 1203 471 1273 ἔργων
537 1204 700 1269 ἀξίαν
760 1203 1098 1276 ἀντιμετρῶν
1131 1203 1228 1275 τὴν
1257 1202 1552 1258 ἀντίδοσιν’
1585 1202 1670 1256 διὰ
1715 1201 1876 1255 τοῦτο

279 1296 484 1367 κριτὴς
516 1296 748 1360 δίκαιος.
787 1297 841 1348 Ὁ
871 1297 980 1366 γὰρ
1014 1296 1218 1365 Πατὴρ
1241 1295 1428 1364 κρίνει
1451 1293 1688 1358 οὐδένα,
1715 1293 1875 1348 ἀλλὰ

278 1389 398 1456 τὴν
431 1389 646 1457 κρίσιν
676 1387 883 1444 πᾶσαν
926 1387 1146 1441 δέδωκε
1181 1385 1261 1452 τῷ
1301 1385 1429 1451 Υἱῷ.
1476 1385 1782 1456 ’Δνίστησιν
1810 1385 1876 1438 ἐκ

277 1480 374 1533 τοῦ
430 1479 735 1551 πτώματος
765 1481 890 1544 τοὺς
928 1479 1035 1534 ἀπὸ
1079 1479 1173 1533 τοῦ
1203 1479 1369 1549 ὕψους
1422 1479 1522 1549 τῆς
1551 1477 1698 1548 ζωῆς
1738 1475 1875 1547 πρὸς

274 1573 569 1643 ἁμαρτίαν
624 1571 1089 1643 ὐπολισθήσαντας
1117 1590 1130 1602 ο
1189 1571 1276 1626 διὰ
1343 1571 1503 1626 τοῦτο
1555 1571 1871 1634 ἀνάστασις.

283 1666 484 1719 Iliun:
512 1665 578 1718 δὲ
597 1667 742 1718 ποιεῖ
765 1666 830 1735 τῇ
861 1667 1046 1735 ἐπαφῇ
1071 1661 1173 1734 τῆς
1195 1661 1496 1732 δυνάμεως,
1524 1663 1619 1716 καὶ
1643 1660 1722 1732 τῷ
1749 1660 1874 1731 βου-

278 1755 492 1825 λήματι
545 1755 888 1826 ἀγαθότητος
935 1753 1191 1826 ἐνεργῶν.
1243 1751 1870 1823 Ποιμαίνει,.φωτίζει,

1974 565 2190 635 genitus
2224 563 2366 620 Deus
2395 578 2576 634 Opem.
2613 569 2877 634 quantum
2913 564 3111 634 cuique
3137 579 3275 633 opus
3305 571 3407 632 est,
3436 564 3551 620 dis-

1974 656 2219 711 tribuens
2241 695 2254 721 ,
2291 654 2445 710 varia
2493 655 2712 726 quidem
2745 663 2800 710 et
2833 656 3014 710 omnis
3051 656 3268 726 generis
3307 655 3508 710 auxilia
3529 697 3546 721 ,

1971 748 2043 802 ob
2081 747 2398 803 varietatem
2445 761 2636 802 eorum
2681 745 2776 816 qui
2821 745 3086 801 beneficio
3126 747 3416 815 juvantur,
3450 746 3550 802 sed

1972 845 2153 892 tamen
2188 838 2486 909 unicuique
2507 837 2866 906 congruentia
2884 837 3039 906 juxta
3063 837 3408 893 necessitatis
3433 852 3551 892 mo-

1972 927 2099 982 dum
2131 929 2433 984 dimetitur.
2469 930 2576 986 Eos
2619 930 2716 999 qui
2748 929 2804 983 in
2832 929 3077 984 tenebris
3107 929 3428 999 ignorantiae
3455 929 3550 984 de-

1971 1018 2238 1078 tinentur.
2264 1017 2571 1074 illuminat:
2599 1026 2886 1089 propterea
2911 1019 3092 1072 lumen
3114 1033 3302 1073 verum
3324 1017 3545 1074 dicitur.

1971 1107 2208 1175 Judicat,
2227 1109 2384 1178 juxta
2403 1124 2632 1179 Operum
2653 1108 2905 1165 meritum
2931 1111 3220 1165 remetiens
3241 1111 3547 1180 praemium;

1972 1203 2043 1259 ob
2074 1204 2127 1258 id
2151 1203 2320 1273 judex
2341 1202 2528 1271 justus
2559 1202 2784 1256 dicitur.
2817 1202 2980 1256 Pater
3008 1203 3146 1256 enim
3175 1203 3431 1256 neminem
3453 1202 3548 1270 ju-

1972 1294 2138 1360 dicat,
2162 1293 2256 1349 sed
2281 1309 2431 1347 omne
2445 1292 2710 1361 judicium
2737 1291 2882 1346 dedit
2905 1290 3050 1346 Filio
3081 1291 3146 1343 °°.
3175 1290 3349 1361 Erigit
3375 1305 3406 1345 e
3432 1290 3548 1344 rui-

1973 1401 2064 1450 na,
2087 1385 2181 1456 qui
2203 1401 2233 1440 e
2253 1384 2587 1440 sublimitate
2610 1384 2733 1438 vitae
2753 1384 2819 1438 ad
2841 1390 3127 1455 peccatum
3151 1384 3359 1454 delapsi
3383 1390 3545 1447 sunt;

1972 1478 2042 1532 ob
2091 1477 2146 1531 id
2197 1484 2427 1531 vocatur
2469 1476 2801 1530 resurrectio
2829 1475 2894 1530 “.
2944 1475 3140 1530 Omnia
3192 1485 3370 1529 autem
3419 1473 3549 1528 facit

1972 1577 2232 1624 contactu
2266 1568 2517 1632 virtutis,
2566 1583 2630 1622 ac
2669 1568 2949 1622 voluntate
2991 1567 3254 1622 bonitatis
3292 1583 3544 1638 operans.

1971 1660 2178 1725 Pascit,
2224 1659 2518 1724 illuminat,
2572 1659 2691 1724 alit,
2740 1658 2982 1725 deducit,
3027 1658 3296 1723 medetur,
3337 1658 3521 1728 erigit.

1973 1752 2106 1819 Qum
2133 1767 2243 1807 non
2276 1759 2438 1815 sunt,
2480 1749 2652 1815 facit,
2685 1758 2745 1804 ut
2781 1751 2891 1806 sint
2915 1791 2930 1815 ,
2967 1749 3188 1806 condita
3234 1756 3544 1806 conservat.

278 1824 497 1917 τρέφει,
560 1824 790 1918 ὁδηγεῖ,
827 1824 1095 1918 ίατρεύέι,
1135 1844 1437 1916 ἀνίστησιν.
1471 1845 1656 1898 Οὺσιοῖ
1695 1842 1764 1896 τὰ.
1796 1842 1871 1913 μὴ

1975 1841 2090 1898 Ηοο
2132 1843 2295 1898 modo
2336 1842 2482 1897 bona
2516 1857 2584 1898 ex
2616 1841 2728 1897 Deo
2759 1858 2859 1912 per
2887 1841 3086 1897 Filium
3119 1842 3187 1897 ad
3227 1857 3328 1897 nos
3358 1857 3549 1912 perve-

278 1938 430 2000 ὃντα,
483 1939 558 1992 τὰ
621 1937 912 1992 κτισθέντα
941 1937 1173 2008 συνέχει.
1208 1935 1364 1990 Οὕτω
1393 1936 1462 1990 τὰ
1503 1938 1568 1990 ἐκ
1608 1934 1702 1989 τοῦ
1737 1935 1870 1989 Θεοῦ

280 2029 469 2097 ἀγαθά
501 2029 596 2082 διὰ
626 2029 721 2082 τοῦ
769 2028 904 2082 Υἱοῦ
952 2028 1086 2099 πρὸς
1115 2029 1262 2098 ἡμᾶς
1307 2028 1634 2096 ἀφικνεῖται,
1667 2026 1872 2080 πλείονι

279 2121 436 2192 τάχει
478 2122 556 2176 τά
605 2120 728 2175 καθ’
774 2121 1004 2174 ἕκαστον
1041 2118 1390 2192 ἐνεργοῦντος
1422 2120 1456 2192 ἢ
1492 2120 1568 2185 ὡς
1611 2121 1678 2176 ἂν
1719 2121 1874 2189 λόγος

281 2211 550 2276 ἐξίκοιτο.
603 2210 738 2264 Οὔτε
795 2211 903 2282 γὰρ
945 2211 1240 2282 ἀστραπαὶ,
1275 2210 1400 2264 οὗτε
1442 2211 1619 2280 φωτὸς
1652 2213 1710 2265 ἐν
1751 2212 1873 2284 ἀέρι

279 2302 425 2356 οὕτω
481 2304 684 2372 ταχεῖα
735 2301 996 2373 διαδρομή
1025 2318 1039 2331 ο
1088 2301 1187 2355 οὐκ
1239 2301 1533 2373 ὀφθαλμῶν
1578 2302 1752 2367 ὀξεῖαι
1788 2305 1872 2374 ρι-

281 2393 382 2448 παί
406 2393 526 2464 (6)·
563 2394 665 2446 οὐκ
697 2391 865 2447 αὑτοῦ
912 2391 1004 2445 τοῦ
1026 2392 1298 2464 ἡμετέρου
1343 2393 1612 2464 νοήματος
1635 2394 1692 2447 αί
1721 2393 1876 2465 κινή-

286 2500 428 2548 σεις·
461 2483 611 2539 ἀλλὰ
631 2483 793 2537 πλέον
812 2481 1017 2537 τούτων
1040 2482 1272 2537 ἕκαστον
1294 2482 1394 2554 τῆς
1426 2483 1575 2548 θείας
1596 2483 1876 2555 ἐνεργείας

285 2575 429 2630 κατά
483 2575 552 2629 τὸ
607 2575 774 2646 τάχος
825 2574 1107 2642 λείπεται,
1162 2574 1197 2645 ἢ
1252 2575 1486 2630 καθόσον
1553 2575 1623 2631 τὰ
1669 2575 1874 2647 νωθρό-

280 2685 418 2723 τατα
444 2667 566 2723 τῶν
603 2669 733 2740 παρ’
770 2669 904 2740 ἡμῖν
939 2667 1112 2734 ζώων,
1147 2667 1249 2722 οὐκ
1279 2667 1345 2722 ἂν
1370 2666 1599 2740 εἴποιμι,
1635 2668 1872 2740 πτηνῶν,

281 2761 400 2814 οὐδὲ
421 2760 675 2831 ἀνέμων,
705 2760 740 2832 ἢ
761 2758 866 2830 τῆς
902 2759 1011 2814 τῶν
1042 2759 1310 2830 οὐρανίων
1339 2761 1530 2832 φορᾶς,
1561 2759 1676 2814 ἀλλ’
1709 2760 1873 2816 αὐτοῦ

283 2853 374 2906 τοῦ
391 2853 675 2924 ἡμετέρου
721 2850 840 2918 νοῦ,
869 2851 1011 2906 κατά
1054 2852 1154 2923 τὴν
1199 2852 1414 2924 κίνησιν
1453 2853 1688 2926 ὑστερεῖ.
1720 2852 1877 2916 Τίνος

285 2944 391 3015 γὰρ
434 2944 506 2998 ἂν
553 2946 650 3000 καὶ
699 2945 1065 3016 παρατάσεως
1104 2944 1276 2998 δέοιτο
1319 2944 1575 3016 χρονικῆς
1611 2947 1641 2998 ὁ
1695 2944 1876 3015 φέρων

286 3037 353 3090 τὰ
410 3036 716 3108 σύμπαντα
759 3036 837 3107 (7)
871 3035 951 3107 τῷ
983 3038 1190 3106 ῥήματι
1217 3037 1317 3108 τῆς
1359 3035 1643 3107 δυνάμεως
1686 3034 1872 3097 αὑτοῦ,

1972 1937 2172 2000 niunt,
2217 1935 2429 2004 majore
2472 1935 2751 1991 celeritate
2801 1935 2858 1989 in
2907 1935 3138 2006 singulis
3194 1943 3545 2002 operantem,

1972 2044 2134 2099 quam
2185 2029 2328 2082 ullus
2378 2042 2562 2083 sermo
2599 2027 2905 2097 exprimere
2949 2027 3140 2082 valeat.
3181 2024 3368 2096 Neque
3401 2025 3550 2080 enim

1974 2119 2212 2191 fulgura,
2248 2135 2424 2189 neque
2456 2118 2618 2186 lucis,
2654 2133 2752 2188 per
2776 2132 2956 2172 aerem
2993 2125 3105 2170 tam
3145 2117 3298 2171 velox
3335 2116 3550 2170 discur-

1972 2226 2068 2267 sus
2095 2218 2202 2273 est,
2228 2223 2338 2262 non
2369 2209 2654 2262 oculorum
2684 2206 2892 2261 celeres
2923 2206 3087 2269 ictus,
3115 2219 3225 2260 non
3249 2205 3424 2275 ipsius
3462 2206 3548 2259 in-

1970 2304 2219 2359 tellectus
2249 2301 2424 2356 nostri
2468 2307 2688 2355 motus:
2735 2299 2830 2354 sed
2862 2298 3056 2354 horum
3090 2297 3346 2368 quodque
3374 2297 3549 2368 magis

1974 2393 2211 2448 vincitur
2243 2391 2442 2448 divina:
2483 2391 2819 2463 operationis
2869 2391 3147 2446 celeritate
3170 2427 3188 2456 ,
3225 2404 3388 2459 quam
3425 2389 3548 2444 ani-

1973 2485 2183 2540 mantia
2210 2500 2331 2558 quze
2363 2493 2492 2542 sunt
2510 2485 2656 2555 apud
2689 2499 2792 2542 nos
2820 2483 3058 2540 maxime
3087 2483 3298 2554 segnia,
3322 2497 3435 2538 non
3463 2481 3550 2537 di-

1972 2591 2094 2632 cam
2148 2577 2486 2642 volatilium,
2534 2591 2712 2648 neque
2774 2583 3102 2639 ventorum,
3149 2589 3327 2645 neque
3376 2572 3547 2628 ocule-

1973 2668 2140 2722 stium
2188 2666 2404 2722 orbium
2455 2667 2681 2737 impetu,
2730 2665 2827 2721 sed
2878 2664 3053 2735 ipsius
3095 2664 3296 2720 mentis
3348 2672 3550 2720 nostra:

1973 2767 2125 2814 motu
2173 2767 2522 2829 superantur.
2552 2756 2688 2812 Nam
2739 2772 2848 2828 quo
2884 2755 3105 2812 tandem
3138 2755 3399 2826 temporis
3424 2770 3553 2826 spa-

1974 2855 2050 2908 tio
2089 2861 2268 2924 egeat-
2294 2853 2388 2923 qui
2428 2859 2608 2922 portat
2653 2852 2834 2906 omnia
2879 2849 3045 2906 verbo
3086 2848 3310 2905 virtutis
3347 2849 3548 2912 suae“,

1973 2946 2178 3016 quique
2239 2959 2342 2999 nec
2395 2943 2753 3013 corporaliter
2813 2949 3076 3013 operatur
3107 2979 3122 3005 ,
3191 2955 3370 3010 neque
3430 2955 3541 2994 ma-

1973 3049 2141 3087 nuum
2172 3047 2340 3103 opera
2387 3031 2456 3086 ad
2505 3029 2807 3086 creandum
2858 3045 2998 3101 opus
3051 3029 3258 3095 habet,
3306 3029 3401 3084 sed
3454 3043 3551 3083 eo-

288 3127 383 3179 καὶ
448 3128 535 3198 μὴ
620 3126 950 3198 σωματικῶς
1019 3126 1290 3199 ἐνεργῶν,
1351 3126 1487 3198 μηδὲ
1529 3125 1871 3199 χειρουργίας

1977 3141 2098 3180 rum
2156 3141 2278 3196 qua:
2335 3125 2473 3179 ﬁunt
2541 3133 2792 3180 naturam
2859 3121 3023 3178 habet
3090 3121 3374 3175 voluntate
3437 3135 3548 3175 non

289 3221 366 3282 είς
417 3218 522 3290 τὴν
584 3219 951 3291 δημιουργίαν
1002 3219 1376 3288 ἐπιδεόμενος,
1402 3217 1538 3271 ἀλλά
1566 3217 1873 3289 βουλήματι

286 3308 559 3379 ἀθιάστῳ,
597 3309 994 3363 ἀκολουθοῦσαν
1023 3309 1162 3380 ἔχων
1190 3310 1288 3380 τὴν
1323 3309 1485 3379 φύσιν
1515 3308 1623 3363 τῶν
1659 3308 1874 3378 γινομέ-

288 3418 426 3468 nov;
470 3401 568 3464 Ὦς
609 3403 645 3473 ἡ
692 3402 912 3469 Ἰουδὶθ,
965 3403 1300 3470 Ἑνόησας,
1343 3403 1510 3473 φησὶ,
1555 3401 1656 3455 καί
1723 3415 1873 3468 παρ-

288 3493 570 3561 έστησιὺο
597 3507 700 3547 σοι
743 3494 941 3548 πάντα
977 3495 1093 3548 ὅσα
1119 3495 1403 3563 ἐνόησας.
1432 3495 1622 3566 Ὅμως
1657 3493 1870 3565 μέντοι,

292 3586 378 3638 ἶνα
422 3587 503 3658 μή
548 3603 681 3640 ποτε
742 3588 806 3640 ἐκ
850 3587 944 3641 τοῦ
993 3586 1256 3658 μεγέθους
1301 3586 1411 3641 τῶν
1467 3585 1874 3660 ἐνεργουμένων

291 3677 765 3750 περισπασθῶμεν
808 3681 890 3743 εἰς
938 3679 998 3732 rb
1040 3679 1412 3750 φαντασθῆναι
1449 3679 1684 3749 ἄναρχον
1731 3672 1872 3731 εἶναι

289 3770 381 3823 τὸν
407 3771 640 3844 Κύριον,
683 3771 737 3824 τί
769 3789 933 3842 φησιν
962 3773 1296 3844 ήαὺτοζωής
1336 3770 1483 3841 Ἐγὼ
1513 3769 1585 3833 ζῶ
1638 3769 1737 3824 διὰ
1767 3769 1874 3823 τὸν

292 3860 564 3928 Πατέραο
598 3859 693 3912 καὶ
737 3860 771 3928 ή
815 3857 910 3911 τοῦ
955 3857 1088 3911 Θεοῦ
1125 3858 1386 3928 δύναμιςο
1431 3860 1513 3913 Οὐ
1554 3856 1804 3911 δύναται
1840 3859 1874 3910 ὁ

292 3954 420 4021 Υἱὸς
471 3953 671 4007 ποιεῖν
699 3952 800 4020 ἀφ’
845 3950 1063 4005 ἑαυτοῦ
1109 3949 1290 4005 οὐδέν
1309 3967 1322 3982 ⁸
1356 3951 1449 4004 καὶ¹
1491 3953 1525 4022 ἠ
1581 3951 1872 4021 αὐτοτελὴς

295 4045 485 4115 σοφίαο
522 4042 810 4111 Ἐντολὴν
833 4042 1074 4110 ἔλαϐον,
1103 4042 1160 4096 τί
1183 4042 1351 4106 εῑπω,
1378 4041 1478 4096 καὶ
1501 4042 1556 4096 τι
1577 4043 1832 4112 λαλήσω
1854 4059 1869 4074 ο

292 4141 378 4194 διὰ
401 4143 628 4195 πάντων
655 4138 862 4193 τούτων
893 4138 1030 4209 πρὸς
1065 4138 1164 4210 τὴν
1196 4137 1290 4191 τοῦ
1330 4138 1543 4208 Πατρὸς
1573 4139 1719 4208 ἡμᾶς
1750 4135 1874 4188 σύν-

295 4249 407 4287 εσιν
437 4233 675 4302 ὁδηγῶν,
701 4231 796 4285 καὶ
824 4230 886 4284 rb
926 4228 1112 4301 θαῦμα
1137 4229 1246 4283 τῶν
1267 4230 1568 4300 γινομένων
1597 4230 1682 4282 ἐπ’
1711 4227 1871 4282 αὑτὸν

293 4325 609 4395 ἀναφέρων,
647 4324 733 4376 ἶνα
755 4323 823 4375 δι’
849 4322 1016 4376 αὑτοῦ
1040 4322 1132 4375 τὸν
1161 4321 1377 4391 Πατέρα
1394 4319 1631 4391 γνῶμεν.
1661 4320 1734 4374 Οὐ
1761 4320 1870 4390 γὰρ

298 4414 361 4466 ἐκ
390 4415 490 4484 τῆς
519 4413 630 4466 τῶν
662 4412 838 4484 ἔργων
872 4412 1134 4484 διαφορᾶς
1164 4413 1194 4465 ὁ
1224 4411 1416 4482 Πατὴρ
1452 4411 1756 4482 θεωρεῖται,
1789 4409 1870 4482 τῷ

1975 3225 2165 3271 coacta
2199 3215 2628 3285 obsequentem?
2667 3213 2842 3268 Sicuti
2875 3211 3064 3267 Judith
3101 3210 3421 3282 :Cogitasti,
3458 3210 3548 3265 in-

1974 3307 2114 3377 quit,
2153 3315 2202 3361 et
2229 3317 2420 3375 praesto
2459 3305 2670 3374 fuerunt
2705 3304 2798 3359 tibi
2837 3305 3016 3358 omnia
3047 3319 3163 3374 quin
3207 3303 3456 3372 cogitasti
3478 3302 3544 3357 “.

1973 3399 2225 3454 Attamen
2250 3413 2318 3453 ne
2345 3398 2484 3453 forte
2512 3413 2580 3453 ex
2609 3397 2984 3469 magnitudine
3012 3411 3202 3452 eorum
3235 3410 3356 3465 quae
3390 3393 3529 3449 ﬁunt

1974 3490 2256 3559 rapiamur
2289 3490 2345 3543 in
2378 3488 2846 3560 imaginationem,
2888 3495 2947 3542 ut
2973 3495 3228 3558 putemus
3256 3484 3547 3540 Dominum

1974 3581 2243 3651 principio
2285 3595 2494 3643 carere,
2532 3579 2664 3650 quid
2709 3580 2783 3634 ait
2832 3582 2880 3634 is
2910 3579 3000 3649 qui
3036 3593 3134 3648 per
3180 3593 3241 3632 se
3275 3577 3384 3631 vita
3427 3576 3551 3632 est?

1978 3671 2079 3741 17
2105 3669 2216 3742 Ego
2251 3671 2362 3725 vivo
2391 3681 2602 3740 propter
2637 3668 2854 3724 Patrem
2876 3669 2944 3724 “.
2981 3668 3048 3722 Et
3075 3668 3168 3723 Dei
3193 3668 3396 3724 virtus:
3423 3665 3548 3720 Non

1971 3771 2142 3831 potest
2183 3759 2360 3816 Filius
2407 3779 2441 3816 a
2479 3779 2534 3816 se
2583 3762 2756 3828 facere
2806 3759 3093 3832 quidquam
3115 3762 3181 3814 ⁸⁵.
3219 3759 3454 3825 Rursus,
3500 3761 3548 3815 is

1973 3855 2067 3924 qui
2097 3869 2166 3910 ex
2194 3870 2252 3910 se
2277 3853 2521 3924 perfecta
2551 3862 2635 3910 est
2663 3855 2930 3926 sapientia
2956 3873 2970 3908 :
3005 3851 3322 3907 Mandatum
3350 3852 3545 3918 accepi,

1952 3947 2097 4021 .quid
2131 3949 2326 4014 dicam,
2359 3957 2406 4003 et
2439 3949 2563 4018 quid
2607 3949 2793 4018 loquar
2815 3949 2862 3980 “
2889 3966 2904 4002 :
2937 3962 3032 4018 per
3071 3947 3187 4002 haec
3233 3947 3416 4001 omnia
3444 3947 3548 4000 duo

1973 4055 2104 4096 cens
2148 4055 2250 4095 nos
2279 4040 2347 4094 ad
2390 4038 2568 4094 Patris
2597 4039 2990 4110 cognitionem,
3043 4047 3098 4094 et
3127 4038 3546 4094 admirationem

1972 4146 2164 4187 eorum
2186 4147 2308 4202 qua:
2333 4131 2575 4202 gerebat,
2601 4131 2670 4186 ad
2695 4129 2846 4185 illum
2870 4128 3134 4194 referens,
3160 4137 3220 4184 ut
3248 4145 3343 4199 per
3366 4121 3546 4200 ipsum

1973 4237 2374 4293 cognoscamus
2404 4221 2643 4277 Patrem.
2688 4221 2809 4277 Non
2844 4222 2989 4277 enim
3023 4236 3088 4277 ex
3135 4237 3362 4291 operum
3397 4221 3548 4278 diﬂ'e-

1972 4315 2147 4369 rentia
2193 4312 2354 4369 Pater
2399 4314 2756 4384 conspicitur,
2809 4314 2968 4384 quasi
3003 4314 3334 4384 peculiarem
3381 4323 3546 4384 atque

1974 4413 2277 4476 separatam
2307 4406 2576 4462 actionem
2605 4405 2860 4462 exhibeat
2891 4404 3253 4478 (quaecunque
3280 4405 3425 4461 enim
3457 4406 3545 4460 vi-

303 4504 606 4568 ἰδιάζουσαν
644 4506 739 4557 καὶ
766 4503 1318 4575 κατακεχωρισμένην
1357 4502 1634 4572 ἐνέργειαν
1664 4501 1866 4555 ἐπιδεί-

1974 4497 2065 4552 det
2102 4495 2319 4551 Patrem
2361 4497 2672 4562 facientem,
2719 4497 2834 4552 hinc
2879 4504 2934 4553 et
2962 4495 3134 4554 Filius
3183 4498 3432 4553 similiter
3463 4497 3545 4552 fa-

300 4595 525 4648 κνυσθαι
551 4595 683 4665 (ὅσα
715 4594 824 4665 γὰρ
867 4593 1050 4664 βλέπει
1080 4593 1157 4666 (8)
1199 4594 1290 4647 τὸν
1324 4593 1545 4666 Πατέρα
1591 4591 1865 4660 ποιοῦντα,

299 4686 466 4740 ταῦτα
490 4687 589 4740 καὶ
627 4688 656 4738 ὁ
697 4686 823 4750 Υἱὸς
863 4685 1062 4756 ὁμοίως
1098 4685 1283 4754 ποιεῖ),
1311 4685 1424 4737 ἀλλ’
1465 4687 1530 4738 ὲκ
1565 4685 1663 4756 τῆς
1700 4702 1869 4756 προσ-

303 4778 576 4849 αγομένης
601 4777 751 4850 αὐτῷ
778 4777 930 4850 παρά
944 4776 1037 4830 τοῦ
1059 4776 1395 4845 Μονογενοῦς
1415 4775 1572 4848 δόξης
1592 4778 1652 4830 rb
1683 4776 1866 4849 θαῦμα

303 4865 408 4918 τῶν
457 4866 759 4936 γινομένων
798 4864 1138 4938 καρποῦται,
1189 4865 1325 4936 πρὸς
1367 4865 1444 4936 τῷ
1497 4866 1714 4938 μεγέθει
1763 4867 1870 4922 τῶν

305 4960 621 5031 ποιημάτων
649 4961 744 5012 καὶ
766 4961 852 5012 ἐπ’
877 4959 1025 5030 αὐτῷ
1052 4960 1127 5032 τῷ
1152 4964 1348 5032 ποιητῇ
1377 4960 1745 5032 ἀγαλλόμενος
1767 4963 1864 5017 καὶ

306 5049 600 5120 ὑψούμενος
629 5049 780 5122 παρά
813 5051 920 5104 τῶν
959 5052 1426 5120 ἐπιγινωσκόντων
1461 5051 1624 5106 αὐτὸν
1649 5052 1867 5125 Πατέρα

374 5209 418 5239 ⁸⁸
446 5208 602 5264 Joan.
633 5226 684 5274 v,
717 5209 808 5264 22.
887 5208 928 5240 ⁶¹
957 5207 1118 5264 Joan.
1150 5226 1225 5275 ιι,
1272 5209 1358 5265 25.
1435 5211 1481 5241 ⁶¹
1523 5209 1688 5267 Hebr.
1721 5229 1760 5274 ι,
1793 5213 1848 5270 3.

310 5277 353 5308 “
377 5275 529 5334 Joan.
559 5296 661 5346 xu,
691 5281 779 5335 49.
857 5277 902 5310 ⁸⁷
929 5278 1090 5368 Joan.
1123 5297 1176 5344 v,
1208 5280 1292 5335 19.
1370 5279 1414 5312 ⁸⁸
1451 5279 1619 5338 Hebr.
1652 5298 1712 5348 ιι,
1744 5282 1835 5338 10.

375 5455 457 5530 (5)
484 5457 703 5530 Κρίνει.
729 5453 982 5530 Pleritjue
1004 5456 1230 5530 codices
1255 5473 1399 5530 mss.
1418 5459 1614 5530 κρινεῖ,
1644 5457 1862 5528 judica-

311 5520 400 5578 bit'.
425 5520 730 5583 Sed'tamen
761 5520 909 5582 nihil
929 5527 1141 5583 videtur
1181 5520 1518 5583 mutandum.

378 5595 450 5670 (θ)
496 5598 709 5670 Ῥμτᾳί.
747 5596 1034 5670 δὶςοάὶῃο
1067 5597 1243 5654 Paris.
1285 5613 1348 5653 ac
1382 5597 1515 5670 Reg.
1557 5597 1855 5655 secundus.

309 5660 666 5740 Quinquegalii
692 5676 745 5740 et
769 5667 934 5723 editio
959 5668 1127 5740 Basil.
1165 5671 1344 5740 ροπαί.

377 5736 582 5807 (7)’Τά
635 5739 977 5809 σύμπαντα.
1033 5738 1124 5795 Sic
1165 5736 1382 5796 codices
1441 5754 1556 5808 sex,
1605 5747 1658 5795 et
1699 5739 1859 5809 paulo

1973 4589 2050 4642 cit
2073 4589 2163 4659 ⁸⁷),
2195 4605 2383 4644 verum
2407 4605 2473 4645 ex
2508 4591 2702 4660 gloria,
2738 4605 2859 4660 quae
2878 4590 2925 4644 ei
2957 4590 3026 4644 ab
3047 4589 3338 4660 Unigenito
3365 4587 3545 4644 defer-

1975 4689 2083 4745 tur,
2114 4695 2339 4758 operum
2370 4681 2696 4736 miraculum
2723 4683 2918 4752 carpit,
2943 4681 3072 4736 dum
3099 4687 3296 4751 preter
3318 4694 3541 4749 operum

1973 4775 2424 4845 magnitudinem,
2468 4775 2535 4830 de
2564 4775 2685 4846 ipso
2727 4774 2889 4829 etiam
2923 4782 3147 4828 auctore
3175 4785 3396 4842 operum
3425 4771 3544 4841 glo-

1973 4866 2168 4932 riatur,
2201 4873 2255 4921 et
2295 4867 2566 4922 exaltatur
2612 4868 2679 4922 al)
2710 4866 2777 4922 iis
2801 4866 2896 4937 qui
2934 4870 3239 4936 agnoscunt
3275 4877 3399 4916 eum
3443 4860 3544 4915 Pa-

1973 4969 2112 5018 trem
2144 4962 2357 5017 Domini
2382 4963 2554 5016 nostri
2583 4959 2712 5018 Jesu
2739 4960 2945 5015 Christi
2979 4978 2992 5013 :
3023 4959 3128 5012 Per
3155 4973 3306 5028 quem
3337 4956 3539 5015 omnia,

1973 5064 2023 5109 et
2051 5064 2260 5126 propter
2286 5071 2436 5126 quem
2473 5054 2650 5109 omnia
2666 5054 2731 5107 ⁸⁸.
2762 5053 2890 5108 Ideo
2925 5051 3058 5106 dicit
3084 5048 3387 5104 Dominus:
3415 5045 3544 5101 0m-

1958 5213 2004 5246 “
2030 5213 2221 5269 Iudith
2269 5228 2348 5278 Ix,
2405 5213 2461 5270 ι.
2537 5212 2584 5245 ⁸⁸
2626 5210 2786 5266 Joan.
2827 5226 2902 5274 vr,
2936 5209 3026 5264 58.
3103 5208 3147 5240 ⁸³
3174 5205 3334 5262 Joan.
3364 5222 3418 5272 v,
3452 5205 3539 5262 l9.

1966 5466 2091 5527 post
2133 5455 2502 5529 χειρουργίας.
2537 5449 2680 5506 Editi
2728 5448 2796 5503 τὰ
2842 5447 3021 5501 πάντα
3061 5455 3116 5504 et
3154 5445 3353 5518 χειρῶν
3385 5444 3544 5515 ἐργα-

1968 5545 2108 5592 σιας.

1970 5667 2010 5669 _,
2039 5599 2115 5669 (8)
2156 5595 2390 5669 Βλέπε-ι.
2450 5591 2540 5669 Sic
2574 5589 2783 5669 antiqui
2814 5589 3052 5669 “codices
3110 5606 3124 5642 :
3167 5584 3316 5669 editi.

1969 5647 2306 5722 Ndn'm—ul—t—o
2328 5647 2455 5734 post
2488 5663 2565 5734 sic
2613 5647 2776 5734 habet
2814 5658 2946 5734 Reg.
2982 5659 3255 5717 secundus
3287 5647 3359 5708 δις
3383 5647 3443 5708 οὗ
3475 5647 3542 5708 ea
3635 5675 3640 5680 ·

1969 5739 2144 5793 πάντα
2178 5737 2271 5790 καὶ
2302 5730 2380 5799 εἷς
2417 5734 2473 5788 ὃν
2499 5731 2565 5786 τὰ
2602 5730 2797 5785 πάντα.
