3972 6218
464 379 565 436 105
1730 372 1788 429 S.
1831 369 2026 426 BASiL

2135 368 2323 423 .IAGNI
3602 362 3732 421 104

457 491 547 543 m‘a
578 504 692 543 mea
725 495 817 541 tua
842 495 987 553 sunt,
1015 493 1075 540 ut
1105 484 1174 539 ad
1196 487 1374 556 ipsum
1401 485 1664 557 originem
1694 500 1873 539 rerum
1898 498 2032 536 con-

2135 481 2229 534 τοῦ
2262 482 2464 553 Κυρίου
2494 481 2650 554 ἡμῶν
2691 481 2864 553 Ἰησοῦ
2886 481 3143 554 Χριστοῦ,
3169 481 3243 534 δι’
3276 476 3347 535 οὗ
3374 477 3449 533 τὰ
3482 478 3731 543 πάντα,

457 577 695 632 ditarum
721 576 967 631 referens
998 595 1011 629 :
1046 574 1115 628 Et
1143 584 1234 629 tua
1266 592 1383 629 mea
1407 577 1489 644 “;
1514 584 1575 630 ut
1609 575 1734 629 inde
1763 574 2028 644 principia

2135 576 2232 628 καὶ
2263 575 2337 628 δι’
2372 573 2444 628 ὃν
2477 576 2548 629 τὰ
2588 575 2805 631 πάντα.
2848 577 2947 628 Διὰ
2990 575 3144 629 τοῦτό
3190 592 3353 644 φησιν
3395 577 3426 628 ό
3456 573 3682 644 Κύριος
3707 586 3727 604 ⁸

458 667 682 723 creandi
737 668 1051 737 accipiens;
1107 683 1217 722 non
1268 668 1413 737 quod
1459 667 1680 722 auxiliis
1731 673 1919 720 utatur
1960 666 2027 719 ad

2138 664 2212 718 Τὰ
2240 662 2351 733 ἐμὰ
2386 663 2583 717 πάντα
2621 664 2704 719 σά
2735 666 2934 719 ἐστιν·
2963 666 3038 729 ὼς
3064 667 3148 717 ἐπ’
3187 665 3346 718 αὐτὸν
3386 665 3487 736 τῆς
3528 663 3731 736 ἀρχῆς

457 760 813 831 Operandum,
845 775 1022 829 neque
1054 760 1201 829 quod
1231 760 1279 814 ei
1312 759 1733 829 particularibus
1761 756 2029 812 mandatis

2135 754 2237 806 τῶν
2264 753 2326 825 δη
2337 755 2756 825 μιουργημάτων
2789 755 3131 825 ἀναγομένης
3150 772 3162 784 ’
3204 755 3313 807 Καὶ
3352 753 3424 807 τὰ
3454 753 3538 807 σὰ
3554 751 3725 822 ἐμά’

458 851 893 922 uniuscujusque
950 850 1136 921 Operis
1188 851 1555 905 ministerium
1618 848 2027 905 concredatur:

2135 844 2204 908 ὼς
2250 844 2458 897 ἐκεῖθεν
2504 843 2651 914 αὑτῷ
2693 844 2769 913 (9)
2827 846 2927 915 τῆς
2971 845 3165 906 αἰτίας
3202 843 3297 898 τοῦ
3346 843 3727 914 δημιουργεῖν

457 958 585 998 nam
616 943 761 999 istud
788 941 1006 1014 quidem
1040 943 1261 1004 servile,
1293 952 1348 996 et
1370 957 1402 996 a
1430 942 1612 996 divina
1634 941 1897 1011 dignitate
1925 940 2030 995 im-

2135 932 2496 1005 καθηκούσης,
2535 936 2595 987 οὐ
2626 934 2900 1006 βοηθείαις
2940 936 3208 1006 χρωμένῳ
3250 935 3384 1008 πρὸς
3419 935 3519 1006 τὴν
3548 933 3728 1006 ἐνέρ-

458 1049 651 1090 menso
690 1042 958 1089 semotum
1000 1034 1289 1089 intervallo
1317 1053 1330 1088 :
1362 1033 1460 1088 sed
1493 1032 1638 1103 quod
1668 1031 1906 1088 Verbum
1936 1048 2031 1102 pa-

459 1127 634 1181 ternis
666 1126 826 1181 bonis
868 1128 1111 1197 plenum,
1159 1125 1519 1196 resplendens
1551 1139 1582 1179 a
1619 1122 1806 1185 Patre,
1848 1125 2030 1178 omnia

460 1216 592 1272 facit
621 1217 687 1271 ad
715 1218 1129 1273 similitudinem
1164 1217 1285 1287 ejus
1307 1218 1399 1287 qui
1442 1219 1620 1287 ipsum
1658 1217 1864 1287 genuit.
1899 1214 2030 1269 Nam

459 1307 508 1362 si
533 1307 687 1377 juxta
718 1308 1010 1363 essentiam
1051 1308 1187 1362 nihil
1215 1308 1395 1362 diﬂert
1434 1322 1463 1362 a
1496 1306 1681 1369 Patre,
1722 1322 1824 1361 nec
1851 1314 2032 1375 poten-

459 1398 536 1452 tia
578 1394 741 1453 etiam
777 1414 806 1452 a
850 1398 1010 1455 Patre
1045 1399 1276 1455 differet.
1312 1398 1482 1454 Porro
1529 1414 1760 1469 quorum
1809 1397 2031 1468 aequalis

457 1495 543 1542 est
566 1489 827 1559 potentia,
866 1489 1059 1543 horum
1090 1490 1316 1543 omnino
1365 1488 1594 1559 aequalis
1628 1494 1794 1546 estet
1836 1503 2030 1558 Opera-

459 1583 555 1637 tio.
595 1582 851 1653 Cjiristns
901 1582 1170 1652 siquidem
1213 1580 1308 1636 Dei
1343 1583 1520 1637 virtus
1571 1589 1676 1644 est,
1708 1586 1762 1635 et
1802 1578 1897 1634 Dei
1944 1594 2033 1635 sa-

459 1676 662 1746 pientia
686 1675 755 1728 7°.
790 1675 854 1730 Et
904 1675 987 1730 sic
1033 1676 1215 1729 omnia
1247 1689 1343 1744 per
1390 1675 1569 1743 ipsum
1616 1671 1762 1726 facta
1813 1672 2029 1734 sunt",

458 1765 752 1836 omniaque
786 1781 879 1835 per
921 1767 1098 1836 ipsum
1140 1772 1195 1819 et
1242 1765 1297 1818 in
1332 1767 1512 1833 ipsum
1559 1762 1779 1818 condita
1813 1773 1941 1819 sunt
1961 1765 2027 1827 τ’,

2132 1043 2304 1095 γειαν,
2344 1027 2467 1079 οὐδὲ
2498 1030 2619 1090 ταῖς
2662 1028 2804 1081 κατά
2841 1028 3006 1099 μέρος
3038 1030 3383 1100 ἐπιτροπαῖς’
3425 1027 3525 1096 τὴν
3567 1026 3725 1081 ἐκά-

2133 1136 2256 1171 στου
2310 1117 2470 1189 ἔργου
2524 1120 2799 1173 διακονίαν
2866 1120 3269 1190 πιστευομένῳ·
3331 1118 3722 1191 λειτουργικδν

2130 1210 2240 1281 γὰρ
2268 1209 2423 1262 τοῦτό
2448 1226 2532 1278 γε,
2568 1210 2664 1263 καὶ
2699 1211 2798 1280 τῆς
2827 1209 2979 1274 θείας
3019 1210 3174 1276 ἀξίας
3212 1210 3536 1282 παμπληθὲς
3564 1212 3722 1264 ἀπο-

2130 1299 2275 1352 δέον·
2307 1299 2440 1353 ἀλλὰ
2480 1301 2586 1372 γὰρ
2630 1301 2845 1373 πλήρης
2878 1302 2987 1369 (10)
3012 1304 3041 1354 ό
3079 1302 3249 1371 Λόγος
3278 1301 3387 1355 τῶν
3419 1303 3723 1373 πατρικῶν

2132 1390 2370 1457 ἀγαθῶν,
2403 1391 2497 1444 τοῦ
2541 1392 2753 1463 Πατρὸς
2785 1391 3135 1464 ἀπολάμψας,
3177 1393 3349 1446 πάντα
3380 1397 3526 1447 ποιεῖ
3562 1398 3723 1448 κατὰ

2129 1482 2228 1554 τὴν
2253 1483 2345 1537 τοῦ
2370 1485 2731 1554 γεννήσαντος
2749 1485 3062 1556 ὁμοιότητα.
3088 1486 3153 1537 Εἰ
3181 1484 3287 1557 γὰρ
3313 1484 3453 1538 κατά
3475 1486 3574 1558 τὴν
3608 1487 3719 1539 οὺ-

2134 1576 2253 1628 σίαν
2288 1575 2723 1647 ἀπαραλλάκτως
2774 1576 2919 1647 ἔχει,
2975 1576 3406 1648 ἀπαραλλάκτως
3451 1577 3562 1642 ἕξει
3608 1579 3721 1631 καὶ

2133 1666 2273 1721 κατὰ
2304 1669 2401 1739 τὴν
2447 1668 2695 1738 δύναμιν.
2723 1661 2823 1722 Ὧν
2866 1669 2989 1740 atq
3035 1668 3262 1740 δύναμις
3299 1669 3410 1739 ῐση,
3460 1671 3549 1740 ἴση
3597 1688 3714 1723 που

2133 1761 2349 1825 πάντως
2377 1763 2471 1816 καὶ
2501 1763 2533 1833 ἡ
2578 1762 2849 1832 ἐνέργεια.
2883 1762 3118 1832 Χριστὸς
3147 1761 3255 1829 γὰρ
3279 1759 3412 1813 Θεοῦ
3445 1761 3712 1831 δύναμις,

459 1871 571 1910 non
598 1855 746 1926 quod
780 1854 1185 1910 instrumentali
1213 1854 1448 1924 quodam
1478 1867 1542 1907 ac
1571 1852 1755 1908 servili
1784 1853 2026 1907 ministe-

2135 1855 2227 1908 καὶ
2254 1853 2390 1907 Θεοῦ
2426 1855 2604 1922 σοφία.
2635 1855 2746 1907 Καὶ
2775 1853 2917 1906 οὕτω
2953 1854 3128 1907 πάντα
3168 1853 3234 1905 δι’
3261 1852 3425 1907 αὐτοῦ
3459 1854 3711 1922 ἐγένετο,

459 1945 545 1999 rio
576 1944 835 2015 fungatur
883 1963 897 1999 :
945 1944 1041 2000 sed
1088 1946 1233 2015 quod
1277 1953 1538 2017 tanquam
1569 1945 1817 2001 conditor
1856 1955 2028 2016 pater-

460 2052 585 2093 nam
613 2036 834 2107 impleat
864 2039 1222 2093 voluntatem.
1646 2060 1667 2065 ι-
1726 2042 1735 2051 ·

531 2295 621 2352 20.
666 2294 851 2366 Itaque
890 2310 1013 2349 cum
1040 2295 1157 2349 ait:
1193 2292 1304 2365 Ego
1326 2311 1392 2349 ea:
1419 2311 1501 2349 me
1540 2295 1654 2364 ipso
1684 2295 1891 2348 locutus
1927 2310 2029 2347 non

458 2401 578 2442 sum
599 2387 645 2418 ⁷³
669 2404 685 2454 ;
715 2394 770 2441 et
813 2400 1031 2441 rursum
1059 2401 1072 2436 :
1113 2384 1264 2440 Sicut
1291 2386 1428 2439 dixit
1454 2385 1581 2439 mihi
1604 2378 1787 2448 Pater,
1837 2389 1914 2441 ita
1946 2387 2026 2441 lo—

458 2493 592 2549 quor
611 2478 659 2510 ’δ
683 2497 697 2545 ;
727 2485 782 2533 et
810 2496 825 2530 :
859 2476 1042 2531 Sermo
1070 2492 1220 2545 quem
1250 2479 1474 2531 audistis
1504 2492 1609 2531 non
1635 2485 1713 2531 est
1742 2494 1912 2540 meus,
1937 2477 2028 2531 sed

456 2570 574 2639 ejus
611 2571 700 2640 qui
720 2569 867 2621 misit
898 2584 979 2621 me
998 2568 1044 2598 "'
1069 2584 1083 2632 ;
1111 2575 1165 2620 et
1194 2566 1357 2619 alibi:
1393 2566 1846 2632 Quemadmodum
1875 2584 2028 2622 man-

458 2660 602 2715 davit
642 2659 769 2713 mihi
815 2656 996 2721 Pater,
1044 2657 1120 2712 sic
1142 2656 1288 2725 facio
1310 2658 1356 2689 ⁷⁸
1386 2672 1532 2712 :non
1566 2660 1712 2727 quod
1748 2667 1934 2713 careat
1964 2660 2029 2713 li-

459 2750 593 2806 bero
634 2749 864 2804 arbitrio
919 2763 984 2801 ac
1013 2747 1310 2802 voluntatis
1354 2755 1527 2812 motu,
1568 2763 1744 2816 neque
1778 2748 1928 2817 quod
1959 2763 2028 2803 ex

458 2841 605 2896 datis
631 2839 804 2911 signis
830 2838 1046 2893 veniam
1094 2849 1158 2891 ac
1194 2836 1471 2891 licentiam
1500 2836 1692 2906 agendi
1723 2845 2023 2908 exspectet,

458 2932 583 2987 ideo
607 2931 808 2986 talibus
831 2930 1003 2984 utitur
1032 2929 1216 2985 verbis
1241 2946 1253 2983 :
1280 2929 1374 2984 sed
1403 2938 1465 2984 ut
1489 2929 1728 2985 declaret
1750 2931 2024 3001 propriam

458 3026 796 3080 voluntatem
848 3024 1144 3094 conjuncte
1181 3033 1346 3094 atque
1392 3024 1830 3094 inseparabiliter
1876 3023 2026 3079 Patri

461 3116 845 3172 adhaerentem.
883 3115 1122 3172 Proinde
1159 3116 1305 3186 quod
1339 3115 1542 3170 dicitur
1575 3115 1913 3179 mandatum,
1959 3132 2028 3172 ne

458 3220 768 3262 sermonem
798 3205 1150 3276 imperiosum
1171 3221 1269 3275 per
1296 3206 1506 3261 vocalia
1525 3220 1730 3278 organa
1757 3206 2026 3276 prolatum
2055 3203 2104 3267 C

460 3297 866 3368 intelligamus,
924 3293 1063 3351 Filio
1119 3297 1268 3351 velut
1316 3295 1537 3352 subdito
1587 3296 2031 3367 praescribentem

460 3388 593 3460 quid
624 3386 804 3443 facere
822 3386 1025 3443 debeat
1056 3405 1071 3442 :
1102 3386 1199 3443 sed
1224 3387 1381 3457 juxta
1402 3403 1625 3444 sensum
1652 3388 1759 3443 Deo
1784 3389 2030 3459 dignum,

463 3479 830 3548 intelligamus
874 3479 1176 3534 voluntatis
1226 3480 1818 3544 communicationem,
1865 3480 2031 3533 veluti

463 3569 651 3623 forma:
680 3568 984 3639 cujuspiam
1017 3570 1073 3624 in
1101 3570 1325 3639 speculo
1360 3570 1675 3640 imaginem,
1712 3584 1741 3623 a
1785 3569 1947 3626 Patre
1976 3571 2033 3626 in

462 3657 659 3714 Filium
705 3659 825 3716 sine
853 3668 1095 3731 tempore
1118 3659 1523 3733 demanantem.
1569 3660 1732 3715 Pater
1776 3664 1914 3715 enim
1950 3660 2034 3716 di-

462 3754 578 3823 ligit
623 3751 849 3818 Filium,
892 3762 942 3806 et
972 3754 1151 3821 omnia
1184 3752 1411 3807 ostendit
1451 3753 1534 3807 illi
1555 3754 1622 3807 "".
1667 3751 1852 3824 Itaque
1884 3771 2033 3826 qua:-

461 3859 679 3915 cunque
706 3844 870 3901 habet
899 3842 1085 3910 Pater,
1115 3843 1239 3899 Filii
1265 3853 1430 3912 sunt;
1458 3861 1569 3900 non
1620 3847 1769 3916 quod
1794 3849 1912 3904 hac
1953 3849 2032 3902 illi

464 3934 725 4005 paulatim
770 3946 1109 3998 accrescant,
1160 3935 1258 3991 sed
1290 3934 1489 3991 adsunt
1543 3939 1710 3992 semel
1753 3939 2028 3995 universa.

461 4023 582 4079 Non
609 4025 754 4080 enim
783 4026 927 4082 inter
958 4027 1207 4083 homines
1252 4029 1348 4098 qui
1392 4036 1563 4083 artem
1614 4030 1923 4099 perdidicit,
1969 4048 2034 4088 ac

461 4116 676 4170 diutina
697 4116 1089 4173 exercitatione
1119 4118 1337 4173 ﬁrmum
1372 4118 1508 4174 artis
1539 4121 1592 4174 in
1625 4121 1812 4175 animo
1836 4122 2032 4176 ﬁxum-

462 4222 570 4277 que
600 4206 849 4262 habitum
883 4209 1045 4279 gerit,
1084 4209 1343 4280 deinceps
1376 4220 1557 4281 potest
1588 4214 1745 4283 juxta
1791 4214 2033 4269 scientiae

463 4299 723 4364 rationes,
752 4314 892 4368 quas
923 4300 979 4354 in
1003 4309 1186 4356 mente
1210 4309 1381 4367 tenet,
1407 4318 1505 4373 per
1531 4319 1653 4360 sese
1677 4306 1915 4374 operari,
1938 4305 2032 4361 Dei

463 4403 594 4444 vero
648 4388 953 4459 sapientia,
1004 4391 1340 4446 architectus
1404 4393 1673 4449 universae
1733 4406 2029 4462 creaturae,

464 4494 680 4552 semper
706 4478 1003 4551 perfectus,
1034 4482 1171 4536 citra
1205 4483 1485 4539 doctorem
1526 4486 1767 4555 sapiens,
1795 4485 1889 4542 Dei
1921 4491 2032 4543 vir—

463 4582 592 4637 tus,
644 4571 704 4626 in
754 4586 864 4642 quo
921 4580 1051 4627 sunt
1097 4587 1288 4629 omnes
1346 4574 1589 4639 thesauri
1642 4577 1924 4647 sapientiae
1975 4591 2030 4635 et
2060 4559 2105 4614 Ῑ)

465 4663 710 4722 scientiae
740 4664 947 4718 occulti
969 4664 1035 4728 ⁷³,
1067 4673 1189 4734 eget
1226 4665 1446 4735 speciali
1475 4667 1582 4737 18
1609 4668 1882 4734 mandato,
1916 4686 2028 4740 quo

460 4756 515 4812 ei
536 4753 730 4810 modus
754 4769 819 4809 ac
850 4769 1107 4810 mensura
1130 4757 1505 4826 operationum
1533 4759 1887 4828 praetiniatur.
1911 4760 2029 4817 Sci-

463 4847 594 4904 licet
612 4855 672 4902 tu
696 4847 915 4919 quidem
944 4847 1110 4902 etiam
1140 4847 1523 4919 paedagogeum
1551 4851 1763 4920 aperies
1790 4851 1847 4906 in
1870 4856 2026 4908 vani-

463 4947 575 4996 tate
614 4939 1009 5012 cogitationum
1048 4947 1291 5008 tuarum,
1336 4941 1561 4997 ethunc
1605 4943 1825 4999 ouidem
1862 4946 2027 5003 facies

2135 1947 2229 2000 καὶ
2272 1946 2447 1999 πάντα
2483 1945 2550 1999 δι’
2598 1944 2764 1999 αὑτοῦ
2812 1946 2907 1998 καὶ
2952 1947 3032 2009 είς
3077 1936 3237 1998 αὑτὸν
3278 1944 3552 2012 ἔκτισται,
3599 1946 3717 1999 οὐκ

2134 2037 2428 2108 ὀργανικὴν
2470 2053 2593 2090 τινα
2638 2034 2759 2089 οὐδὲ
2803 2034 3050 2105 δουλικὴν
3093 2035 3392 2106 ὑπηρεσίαν
3431 2034 3717 2107 πληροῦν-

2132 2143 2244 2193 τος,
2290 2126 2425 2180 ἀλλά
2473 2127 2878 2199 δημιουργικῶς
2909 2127 2971 2179 τὸ
3028 2127 3289 2194 πατρικὸν
3328 2124 3716 2191 ἐπιτελοῦντος

2134 2215 2365 2288 θέλημα.

2202 2308 2273 2363 20
2326 2309 2494 2361 Ὅταν
2521 2304 2613 2361 οὖν
2634 2308 2768 2379 λέγῃ
2788 2325 2803 2340 ·
2851 2308 2999 2378 Ἐγὼ
3027 2308 3095 2374 ἐξ
3133 2310 3391 2379 ἐμαυτοῦ
3417 2312 3527 2364 οὐκ
3560 2307 3713 2364 ἐλά-

2132 2402 2330 2468 λησα·
2386 2400 2480 2453 κει)⁸
2507 2399 2706 2454 πάλινσ
2755 2400 2962 2466 Καθὼς
2990 2400 3191 2469 εἴρηκέ
3224 2418 3325 2471 μοι
3382 2404 3415 2454 ό
3458 2399 3709 2468 Πατὴρ,

2134 2489 2285 2543 οὕτω
2307 2488 2475 2544 λαλῶ
2495 2507 2507 2519 ’
2533 2491 2648 2556 καὶ,
2687 2490 2749 2544 ’0
2781 2491 2961 2561 λόγος
2998 2490 3071 2545 ὃν
3102 2493 3368 2553 ἀκούετε.
3392 2494 3503 2545 οὐκ
3529 2490 3713 2546 ἐστιν

2132 2581 2293 2649 ἐμὸς,
2316 2581 2473 2636 ἀλλὰ
2501 2583 2606 2636 τοῦ
2621 2581 2973 2652 πέμψαντός
2994 2599 3071 2652 με
3092 2600 3107 2614 ·
3141 2584 3234 2636 καὶ
3258 2582 3484 2654 ἑτέρωθι
3504 2600 3518 2614 ι
3543 2586 3710 2637 Καθ-

2133 2672 2214 2738 ὼς
2252 2672 2363 2741 (Η)
2407 2673 2745 2728 ἐνετείλατό
2770 2692 2865 2743 μοι
2887 2677 2919 2728 ό
2953 2674 3176 2742 Πατὴρ,
3209 2674 3361 2728 οὕτω
3395 2673 3570 2728 ποιῶ·
3601 2675 3710 2729 οὐκ

2134 2760 2492 2832 ἁπροαίρετος
2520 2760 2616 2828 ὣν,
2640 2761 2761 2815 οὐδὲ
2790 2763 3082 2834 ἀνόμητος,
3108 2763 3233 2817 οὐδὲ
3255 2764 3315 2816 τὸ
3339 2764 3403 2817 ὲκ
3429 2763 3539 2817 τῶν
3574 2782 3708 2818 συν-

2128 2850 2394 2921 Θημάτων
2431 2851 2709 2923 ἐνδόσιμον
2744 2854 3049 2923 ἀναμένων,
3091 2856 3211 2918 ταῖς
3242 2854 3516 2919 τοιαύταις
3560 2858 3706 2928 χρῆ-

2132 2961 2222 2996 ται
2272 2947 2501 3013 φωναῖς·
2544 2945 2680 2998 ἀλλὰ
2725 2945 2898 3017 δηλῶν
2929 2946 3026 3017 τὴν
3060 2948 3269 3000 οἰκείαν
3293 2946 3518 3019 γνώμην
3556 2950 3705 3019 ἠνω-

2137 3035 2312 3105 μένως
2361 3035 2457 3089 καὶ
2504 3036 2839 3101 ἀδιαστάτως
2869 3037 2963 3091 τοῦ
3008 3038 3218 3109 Πατρὸς
3249 3035 3706 3112 ὲχομένην.Ἀρα

2133 3122 2226 3180 οὖν
2263 3127 2357 3179 καὶ
2401 3128 2500 3199 τὴν
2528 3127 2826 3201 λεγομένην
2872 3113 3091 3201 ἐντολὴν
3134 3130 3209 3202 μὴ
3259 3131 3415 3199 λόγον
3456 3149 3703 3203 προσταο

2133 3218 2319 3272 κτικὺν
2350 3218 2440 3272 διὰ
2469 3219 2576 3274 τῶν
2615 3222 2935 3292 φωνητικῶν
2971 3222 3215 3293 ὀργάνων
3244 3222 3707 3294 ἐξαγγελλόμενον

2132 3310 2479 3382 ἐκδεχιὶψεθα
2507 3312 2654 3383 (12),
2698 3313 2825 3385 περὶ
2868 3313 2977 3368 τῶν
3020 3315 3287 3386 ποιητέων
3435 3314 3545 3386 Υἰῷ
3570 3358 3583 3378 ,
3624 3316 3707 3380 ὼς

2134 3402 2381 3472 ὑπηκόῳ,
2402 3402 2793 3472 νομοθετοῦντα
2812 3421 2830 3435 ο
2865 3404 3000 3459 ἀλλά
3035 3405 3350 3477 θεοπρεπῶς
3376 3406 3585 3477 νοῶμξν
3611 3407 3708 3460 θε-

2131 3491 2373 3563 λήματος
2401 3493 2637 3548 διάδοσιν
2682 3489 2793 3548 οἷόν
2824 3513 2970 3559 τινος
3005 3497 3219 3568 μορφῆς
3240 3496 3473 3567 ἔμφασιν
3498 3498 3611 3565 (i3)
3641 3500 3709 3553 ὲν

2134 3583 2445 3654 κατόπτρῳ,
2465 3585 2530 3636 ὲκ
2551 3584 2765 3656 [ἰατρὸς
2793 3586 2872 3648 εἰς
2896 3586 3021 3639 Υἱὸν
3041 3587 3280 3658 ἁχρόνως
3300 3588 3704 3659 διϊκνουμένην.

2145 3676 2206 3728 Ὁ
2256 3678 2363 3746 γὰρ
2392 3676 2596 3744 Πατὴρ
2638 3674 2839 3746 ἀγαπᾷ
2882 3677 2987 3730 τὸν
3026 3678 3181 3741 Υίὸν,
3217 3680 3312 3733 καὶ
3356 3678 3550 3733 πάντα
3580 3680 3708 3734 δεί-

2133 3781 2355 3821 κνυσιν
2381 3766 2562 3833 αὐτῷ.
2593 3768 2753 3820 Ὥστε
2785 3768 2960 3822 πάντα
3000 3772 3100 3823 ὅσα
3140 3770 3305 3841 ἔχειό
3346 3772 3568 3843 Πατὴρ,
3603 3773 3704 3826 τοῦ

2132 3859 2263 3912 Υἱοῦ
2321 3861 2503 3923 ἐστιν,
2551 3861 2609 3912 οὗ
2660 3845 2803 3912 κατά
2853 3861 3046 3930 μικρὸν
3100 3863 3532 3934 προσγινόμενα,
3582 3864 3704 3919 ἀλλ’

2130 3951 2341 4020 ἀθρόως
2386 3951 2647 4022 παρόντα.
2687 3953 2761 4005 Οὐ
2804 3952 2913 4022 γὰρ
2952 3952 3126 4023 δήπου
3168 3954 3225 4007 ὲν
3258 3955 3354 4025 μὲν
3392 3954 3705 4027 ἀνθρώποις

2131 4044 2159 4095 ὁ
2188 4044 2286 4111 τὴν
2314 4041 2509 4113 τέχνην
2537 4042 2873 4113 ἐκδιδαχθείς
2907 4045 2997 4097 καὶ
3034 4044 3238 4113 παγίαν
3278 4046 3448 4117 αὐτῆς
3478 4046 3565 4100 διά
3595 4047 3702 4117 τῆς

2132 4131 2350 4201 χρονίας
2395 4128 2626 4201 μελέτης
2654 4130 2792 4202 ἔχων
2831 4132 2928 4204 τὴν
2960 4133 3071 4198 ἕξιν
3100 4133 3451 4206 ὲνιδρυμένην
3477 4135 3705 4191 δύναται

2133 4220 2315 4276 λοιπὸν
2367 4221 2511 4274 κατά
2566 4223 2693 4285 τοὺς
2751 4225 3204 4295 ὲναποκειμένους
3250 4226 3398 4298 αὐτῷ
3440 4228 3538 4298 τῆς
3574 4229 3695 4282 ἐπιδ

2134 4313 2232 4382 στή
2243 4329 2348 4381 μης
2372 4311 2563 4380 λόγους
2605 4313 2728 4369 καθ’
2752 4316 2942 4372 ἑαυτὸν
2977 4318 3217 4388 ἐνεργεῖν
3236 4334 3251 4348 ·
3294 4320 3326 4389 ἠ
3350 4318 3405 4372 δὲ
3442 4319 3537 4371 τοῦ
3562 4319 3701 4373 Θεοῦ

2133 4402 2313 4471 σοφία,
2340 4404 2368 4456 ὀ
2399 4403 2733 4478 δημιουργὸς
2779 4409 2956 4480 πάσης
2988 4410 3099 4480 (14)
3129 4412 3380 4474 κτίσεως,
3416 4413 3446 4464 ὁ
3482 4414 3569 4466 ἀεὶ
3607 4414 3704 4465 τέ-

2130 4492 2290 4560 λειος,
2319 4497 2347 4549 ὁ
2379 4496 2679 4564 ἀδιδάκτως
2706 4501 2887 4570 σοφὸς,
2923 4504 2956 4571 ἡ
2991 4501 3086 4555 τοῦ
3117 4503 3252 4556 Θεοῦ
3285 4504 3532 4575 δύναμις,
3568 4507 3627 4558 ὲν
3651 4499 3701 4574 ᾧ

2132 4585 2333 4648 πάντες
2373 4588 2423 4639 οἱ
2471 4587 2735 4662 θησαυροὶ
2776 4593 2875 4662 τῆς
2917 4593 3105 4662 σοφίας
3155 4594 3251 4647 καὶ
3294 4596 3396 4665 τῆς
3441 4596 3699 4665 γνώσεως

2132 4676 2461 4747 ἀπόκρυφοι,
2493 4678 2597 4749 τῆς
2631 4682 2772 4735 κατὰ
2812 4685 2976 4754 μέρος
3014 4684 3332 4749 ἐπιστασίας
3365 4688 3696 4757 προσδεῖται,

2130 4769 2221 4822 τὸν
2248 4771 2447 4841 τρόπον
2473 4771 2621 4842 αὑτῷ
2662 4774 2755 4825 καὶ
2795 4775 2856 4826 τὸ
2886 4774 3082 4845 μέτρον
3118 4776 3227 4828 τῶν
3262 4777 3550 4847 ἐνεργειῶν
3583 4783 3699 4851 ὁρι-

2132 4858 2350 4930 ζούσης.
2380 4857 2567 4915 Ἧπου
2597 4862 2660 4916 σύ
2694 4879 2758 4931 γε
2804 4852 2898 4917 καὶ
2952 4863 3349 4934 παιδαγωγεῖον
3380 4866 3607 4933 ἀνοίξεις
3636 4872 3697 4924 ἐν

2132 4953 2198 5021 τῇ
2239 4952 2561 5024 ματαιότητί
2602 4969 2695 5007 σου
2720 4953 2830 5007 τῶν
2862 4955 3158 5027 λογισμῶν,
3193 4957 3287 5011 καὶ¹
3314 4958 3404 5011 τὸν
3437 4959 3536 5028 μὲν
3564 4977 3693 5031 προ-

534 5114 580 5198 'I’
607 5112 766 5170 Joan.
800 5129 941 5198 ηρ,
966 5112 1091 5198 10."
1129 5116 1175 5198 ’ξς
1194 5113 1378 5198 109;.
1411 5131 1452 5183 ι,
1487 5117 1600 5198 2_._t._
1653 5120 1696 5150 '“
1725 5118 1900 5198 ειοειιι.Δ
1953 5123 2032 5198 r,_:

2158 5126 2446 5198 ("Coloss.
2500 5145 2539 5194 ι,
2608 5129 2696 5184 16.
2771 5131 2817 5162 ⁷³
2838 5130 2992 5186 Joan.
3064 5135 3280 5198 “1,49.
3359 5135 3407 5168 ⁷⁸
3436 5136 3567 5190 ibid.
3604 5137 3692 5192 50.

464 5183 512 5217 "
540 5183 702 5240 Joan.
734 5201 848 5253 xw,
877 5184 968 5239 2‘.
1044 5185 1092 5256 '_‘
1136 5185 1268 5241 ibid.
1299 5186 1387 5240 31.

532 5323 612 5396 (9)
654 5326 868 5407 Αὐτῷ..
903 5324 1014 5408 Sic.
1046 5326 1308 5451 plerique.
1353 5328 1569 5384 codices
1619 5343 1776 5393 mss.,
1833 5332 2028 5415 melius

532 5394 637 5450 ulto
670 5410 834 5451 uuam
860 5411 915 5451 tn
933 5397 1169 5451 editione
1231 5412 1362 5451 aris.
1388 5406 1444 5451 et
1471 5397 1709 5451 secunda
1727 5398 2023 5451 BaSIleensI

464 5394 637 5483 multo
670 5410 834 5466 quam
859 5395 915 5452 in
933 5394 1169 5453 editione
1187 5394 1362 5453 Paris.
1388 5406 1444 5454 et
1471 5397 1709 5455 secunda
1727 5398 2024 5459 Basileensi

463 5481 648 5606 fumi
697 5534 870 5606 Ἀλλὰ
915 5536 1026 5606 γὰρ
1067 5535 1324 5606 πλήρης.
1354 5534 1611 5602 Quamvis
1648 5536 1867 5596 codices
1890 5556 2024 5599 mss.

465 5602 697 5678 habeant
716 5604 851 5660 ἀλλά
878 5602 1088 5678 πλήρης
1111 5602 1609 5678 γάρ,”ι)ινωι’θι·θηᾱο
1643 5616 1823 5665 tamen
1870 5613 2025 5668 vide-

465 5681 556 5746 tur
569 5676 789 5746 vulgata
820 5676 1112 5746 scriptura.

534 5743 646 5815 (lt)
674 5743 901 5813 Καθὼς.
933 5743 1074 5804 Male
1112 5748 1171 5804 in
1198 5745 1360 5805 editis
1391 5757 1515 5805 ante
1538 5748 1682 5806 hanc
1714 5764 1902 5806 vocem
1925 5750 2023 5806 ad-

2129 5548 2299 5621 Alius
2330 5548 2617 5621 ἐπιδεχόμε

1500 5188 1545 5220 ⁷⁷
1571 5187 1728 5243 Joan.
1760 5207 1813 5254 ν,
1840 5191 1930 5247 20.
2007 5194 2053 5225 ⁷⁸
2079 5194 2294 5252 Coloss.
2330 5216 2391 5259 ιι,
2422 5199 2456 5254 5

2131 5337 2277 5392 ditur
2302 5339 2635 5417 conjunctio
2663 5341 2756 5417 καί
2807 5357 2929 5411 quae
2964 5343 3117 5417 abest
3154 5358 3187 5397 a
3231 5360 3364 5401 mss.
3399 5345 3692 5417 Aliquanto

2131 5410 2637 5484 post‘duofodices
2664 5410 2925 5484 κέχρηται
2954 5416 3176 5484 φωναῖς.

2200 5478 2311 5558 (12)
2385 5478 2831 5604 Ἐκδεχώόιεθᾶ.’
2860 5478 3011 5563 Unus
3066 5482 3237 5538 codex
3299 5485 3689 5560 ἑπιδεχώμεθα.

2200 5564 2282 5601 lllS
2330 5550 2617 5607 ὲπιδεγόμε
2655 5569 2709 5606 α.
2748 5549 2868 5606 Duo
2899 5553 2992 5606 aln
3027 5552 3376 5607 ὲκδεγόμεθα.

2201 5568 2282 5601 IllS
2330 5568 2709 5621 επιοεχομευα.
2751 5568 2868 5606 υιιο
2899 5568 2992 5606 am
3027 5568 3376 5625 εκοεχομευα.

2201 5619 2311 5697 (εξ)
2353 5621 2669 5697 "Euergetth
2706 5620 2841 5677 Tres
2875 5623 3090 5697 codices
3120 5622 3341 5680 ἔνδοσιν.

2202 5690 2311 5761 (Μ)
2351 5690 2580 5759 Πάσης.
2616 5690 2751 5749 Tres
2779 5708 2911 5750 mss.
2934 5692 3170 5765 ἁπάσης.
