3972 6218
451 392 553 455 1οἹ

992 505 1098 578 19
1130 501 1359 560 CAPUT
1399 502 1490 559 IX.

451 597 702 670 Propria:
730 614 793 653 ac
836 595 1101 670 distinctu:
1143 597 1207 652 de
1235 595 1441 665 Spiritu
1482 597 1746 662 notiones,
1770 596 2030 653 doctrina

841 666 1241 738 Scripturarum
1281 677 1640 738 congruentes.

519 778 612 836 22.
651 777 771 835 Jam
807 795 937 835 vero
982 779 1149 835 etiam
1200 779 1268 837 de
1310 777 1515 850 Spiritu
1553 793 1874 836 communes
1926 796 2030 834 no-

452 880 582 928 strae
630 871 888 927 notiones
925 869 1235 940 cujusmodi
1295 871 1409 926 sint
1461 871 1858 942 expendamus,
1914 879 2029 927 tum

451 978 546 1019 eas
577 976 698 1034 quae
742 961 904 1019 nobis
948 961 1017 1017 de
1058 961 1154 1017 illo
1184 960 1548 1034 eScripturis
1597 963 1838 1019 collectae
1881 973 2028 1028 sunt,

436 1060 568 1108 'tum
595 1066 688 1107 eas
717 1066 854 1121 quas
897 1049 1124 1105 Patrum
1156 1050 1594 1107 traditionenon
1638 1053 1845 1124 scripta
1876 1068 2032 1111 acce-

453 1144 653 1215 pimus.
685 1140 936 1197 Primum
970 1142 1161 1213 igitur,
1185 1143 1331 1214 quis,
1357 1142 1561 1199 auditis
1588 1141 1824 1214 Spiritus
1848 1147 2032 1218 appel-

453 1236 775 1299 lationibus,
820 1236 1004 1290 animo
1045 1250 1159 1290 non
1204 1236 1467 1307 erigitur,
1511 1244 1566 1293 et
1599 1236 1668 1291 ad
1719 1252 2032 1309 supremam

453 1335 708 1381 naturam
756 1325 1149 1396 cogitationem
1201 1341 1313 1381 non
1348 1326 1592 1382 attollit?
1621 1325 1758 1382 Nam
1794 1327 2031 1400 Spiritus

452 1417 548 1474 Dei
583 1418 762 1472 dictus
796 1425 900 1482 est,
947 1425 1002 1472 et
1053 1416 1298 1488 Spiritus
1327 1419 1597 1487 veritatis,
1633 1419 1727 1490 qui
1758 1434 1829 1477 ex
1868 1419 2033 1477 Patre

452 1508 699 1582 procedit
718 1508 764 1541 ⁸⁸
790 1527 804 1564 :
834 1507 1072 1578 Spiritus
1102 1516 1309 1574 reotus,
1354 1508 1596 1580 Spiritus
1620 1510 1944 1582 principalis
1961 1511 2027 1565 δ’.

390 1646 393 1647 ν
454 1601 694 1674 Spiritus
745 1612 1012 1669 sanctus,
1051 1601 1276 1673 propria
1325 1609 1410 1658 est
1461 1603 1608 1658 illius
1641 1617 1707 1661 ac
1738 1605 2034 1676 peculiaris

452 1695 742 1767 appellatio
789 1714 804 1750 :
854 1692 1004 1764 quod
1049 1710 1184 1751 sane
1235 1709 1436 1751 nomen
1484 1695 1734 1751 omnium
1793 1695 2034 1753 maxime

453 1805 569 1852 rem
600 1787 980 1858 incorporeum
1020 1793 1076 1842 et
1108 1787 1177 1843 ab
1203 1787 1353 1842 omni
1380 1787 1609 1843 materia
1638 1801 1832 1859 puram
1862 1795 1916 1844 et
1941 1787 2029 1842 in-

1744 397 1801 456 S.
1841 396 2085 454 BASILII
2124 397 2174 452 Μ
2187 395 2341 452 \GNI

3611 385 3729 442 108

2686 501 3082 556 ΚΕΦΑΛΑΙΟΝ
3110 500 3185 554 9'.

2142 593 2532 666 Ἅφοριστιλεαί
2555 596 2783 666 ἔννοιαι
2810 594 2941 666 περὶ
2970 593 3076 666 τοῦ
3102 594 3473 666 instigatae,
3491 591 3566 666 τῇ
3596 588 3733 645 τῶν

2269 662 2527 735 Γραφῶν
2557 662 3005 721 ἀκολουθοῦσαι
3037 662 3398 733 διδασκαλίᾳ
3427 664 3562 734 (21).

2198 782 2291 837 22.
2335 781 2472 853 Ἤδη
2517 779 2573 834 δὲ
2601 780 2695 834 καὶ⁹
2736 778 2982 852 περὶτοῦ
3018 779 3336 850 Πνεύματος
3381 778 3482 843 τὰς
3527 777 3732 840 κοινὰς

2129 873 2287 944 ἡμῶν
2318 873 2528 936 ἐννοίας
2555 871 2736 925 ὁποῖαί
2766 870 2914 934 τινές
2956 873 3091 924 εἰσιν
3121 870 3489 940 ἐξετάσωμεν,
3519 868 3626 931 τάς
3664 883 3734 920 τι

2131 969 2196 1020 ἐκ
2224 965 2332 1018 τῶν
2372 963 2603 1037 Γραφῶν
2643 963 2771 1035 περὶ
2806 961 2972 1016 αὑτοῦ
3018 961 3379 1032 συναχθείσαις
3421 962 3577 1033 ἡμῖν,
3622 960 3732 1013 καὶ

2127 1056 2195 1122 ἀς
2220 1058 2284 1110 ἐκ
2316 1055 2418 1126 τῆς
2447 1055 2699 1125 ἀγράφου
2732 1052 3084 1122 παραδόσεως
3110 1050 3220 1105 τῶν
3254 1050 3516 1121 Πατέρων
3546 1048 3732 1102 διεδε-

2132 1147 2362 1221 ξάμεθα.
2396 1146 2621 1219 Πρῶτον
2654 1146 2752 1216 μὲν
2803 1140 2928 1210 οῦν,
2960 1145 3086 1208 τίς,
3121 1142 3361 1207 ἀκούσας
3387 1142 3499 1195 τῶν
3543 1156 3733 1213 προσ-

2130 1239 2371 1312 ηγοριῶν
2398 1237 2493 1293 τοῦ
2539 1236 2893 1310 Πνεύματος,
2928 1236 2990 1289 οὐ
3031 1236 3369 1290 διανίσταται
3417 1236 3485 1305 τῇ
3527 1233 3731 1304 ψυχῇ,

2132 1333 2228 1386 καὶ
2252 1331 2389 1403 πρὸς
2421 1330 2520 1403 τὴν
2540 1329 2801 1384 ἀνωτάτω
2828 1328 2990 1398 φύσιν
3025 1328 3126 1398 τὴν
3160 1327 3369 1381 ἔννοιαν
3388 1325 3730 1398 ὑπεραίρει;

2131 1420 2355 1492 Πνεῦμα
2375 1420 2484 1490 γάρ
2509 1416 2644 1472 Θεοῦ
2670 1418 2910 1490 εἴρηται,
2942 1416 3036 1471 κα)¹
3059 1415 3283 1487 Πνεῦμα
3310 1417 3410 1487 τῆς
3432 1414 3728 1485 ἀληθείας,

2132 1513 2160 1568 ὃ
2207 1512 2360 1586 παρὰ
2408 1510 2505 1565 τοῦ
2554 1509 2768 1581 Πατρὸς
2816 1508 3210 1581 ἐκπορεύεται·
3247 1506 3474 1578 Πνεῦμα
3523 1506 3730 1569 εὺθὲς,

2134 1606 2358 1677 Πνεῦμα
2402 1603 2730 1676 ἡγεμονικόν
2782 1602 2918 1674 (22).
2966 1600 3192 1673 Πνεῦμα
3251 1602 3405 1671 ἅγιον
3461 1602 3494 1672 ἡ
3549 1599 3731 1672 κυρία

2133 1697 2297 1752 αὑτοῦ
2331 1697 2427 1749 καὶ
2459 1696 2735 1761 ίδιάςουσα
2762 1695 2979 1766 κλῆσις·
3016 1695 3154 1766 ὅπερ
3193 1697 3258 1764 δὴ
3308 1693 3546 1766 μάλιστα
3579 1710 3732 1746 παν-
3792 1700 3802 1711 “

2134 1790 2226 1853 τὸς
2251 1788 2362 1859 (‘25)
2392 1785 2486 1839 τοῦ
2527 1783 2862 1857 ἀσωμάτου,
2899 1787 2995 1838 καὶ
3041 1783 3295 1855 καθαρῶς
3322 1783 3487 1836 ἀΰλου
3524 1800 3585 1837 τε
3623 1784 3733 1837 καὶ

454 1880 814 1949 compositam
852 1878 1115 1933 declarat.
1150 1876 1496 1949 Quapropter
1522 1886 1578 1934 et
1609 1878 1876 1935 Dominus
1906 1893 2030 1933 cum

2147 1866 2376 1952 ἀμεροῦς
2399 1876 2574 1948 ὄνομά
2598 1878 2756 1952 ἐστι..
2776 1876 2867 1929 Διὸ
2899 1876 2994 1930 καὶ
3026 1878 3057 1930 ὁ
3088 1874 3311 1948 Κύριος,
3337 1876 3436 1945 τὴν
3475 1876 3536 1929 ἐν
3566 1875 3731 1947 τόπῳ

453 1986 596 2038 eam,
630 1987 751 2042 quae
792 1969 963 2026 Deum
1008 1971 1064 2026 in
1099 1971 1221 2026 loco
1246 1970 1465 2027 adorari
1497 1971 1866 2038 existimabat,
1901 1972 2035 2027 edo-

454 2071 637 2130 ceret,
678 2079 793 2120 rem
826 2064 1206 2135 incorporeum
1254 2061 1647 2135 comprehendi
1683 2076 1793 2118 non
1846 2076 2031 2132 posse,

456 2152 709 2222 Spiritus,
730 2153 930 2224 inquit,
951 2163 1029 2208 est
1051 2152 1190 2207 Deus
1214 2153 1280 2208 ’°.
1304 2152 1539 2209 Proinde
1562 2151 1679 2208 ﬁeri
1700 2167 1809 2208 non
1830 2158 2031 2225 potest,

459 2255 517 2301 ut
555 2245 650 2317 qui
698 2247 853 2300 audit
898 2245 1187 2317 Spiritum,
1228 2254 1483 2301 naturam
1515 2245 1638 2301 loco
1684 2243 2036 2300 circumscri-

456 2347 629 2410 ptam,
655 2345 751 2393 aut
775 2338 1178 2394 mutationibus
1200 2347 1254 2394 et
1271 2337 1697 2393 alterationibus
1718 2336 2033 2408 obnoxiam,

455 2436 552 2484 aut
589 2430 817 2486 omnino
856 2439 1126 2487 creaturae
1164 2429 1398 2486 similem
1449 2430 1557 2486 sibi
1589 2429 1773 2485 animo
1816 2428 2032 2501 ﬁngat:

457 2522 556 2578 sed
597 2521 668 2578 ad
714 2522 770 2578 id
800 2522 947 2594 quod
997 2537 1274 2579 summum
1321 2529 1408 2579 est
1452 2522 1783 2594 cogitatione
1812 2536 2038 2594 progre-

457 2614 637 2679 diens,
654 2613 1048 2685 intelligentem
1067 2613 1435 2670 substantiam
1456 2613 1661 2684 cogitet
1682 2627 1912 2671 necesse
1928 2621 2036 2683 est,

457 2704 662 2760 virtute
704 2703 1012 2770 inﬁnitam,
1054 2703 1432 2776 magnitudine
1467 2703 2036 2777 incircumscriptam,

458 2811 561 2851 nec
594 2801 901 2866 temporum
945 2808 1049 2850 nec
1083 2793 1408 2851 saeculorum
1451 2794 1851 2851 dimensionem
1897 2796 2043 2852 reci-

460 2887 722 2958 pientem,
759 2900 823 2941 ea
868 2901 991 2958 qua:
1030 2884 1196 2943 habet
1226 2885 1371 2941 bona
1417 2886 1568 2960 large
1610 2886 2038 2959 impartieutem.

460 2979 546 3035 Ad
571 2993 733 3051 quem
761 2979 944 3034 omnia
972 2986 1372 3035 convertuntur
1399 2994 1523 3050 quae
1544 2987 1704 3051 egent
1729 2979 2043 3037 sanctiﬁca-

462 3074 614 3128 tione
640 3090 654 3126 :
683 3086 845 3144 quem
875 3071 1061 3127 omnia
1096 3078 1359 3143 appetunt
1372 3071 1535 3143 juxta
1564 3072 1823 3129 virtutem
1847 3072 2042 3130 viven-

2134 1947 2561 2041 προσκυνεῖσθαι
2583 1966 2675 2021 τὸν
2698 1947 2831 2019 Θεὸν
2857 1965 3167 2037 ἡγουμένην
3183 1947 3297 2037 (24)
3320 1964 3609 2030 διδάσκων,
3637 1967 3732 2019 ὅτι

2135 2059 2510 2133 ἀπερίληπτον
2541 2057 2602 2111 τὸ
2639 2053 2951 2127 ἀσώματον,
2981 2056 3245 2125 Πνεῦμα,
3273 2055 3458 2126 φησιν,
3486 2059 3519 2110 ό
3549 2057 3727 2122 Θεός.

2136 2153 2211 2206 Oti
2241 2151 2419 2205 τοίνυν
2448 2148 2697 2217 δυνατὸν,
2722 2147 2950 2219 Πνεῦμα
2975 2146 3309 2209 ἀκούσαντα,
3340 2163 3735 2219 περιγεγραμ-

2141 2243 2310 2317 μένην
2344 2241 2506 2313 φύσιν
2553 2239 2866 2302 ἐντυπῶσαι
2908 2242 2975 2311 τῇ
3011 2238 3240 2311 διανοίᾳ,
3272 2239 3307 2311 ἢ
3353 2241 3586 2311 τροπαῖς
3628 2239 3731 2293 καὶ

2138 2334 2486 2394 ἀλλοιώσεσιν
2519 2332 2914 2404 ὑποκειμένην,
2949 2331 2982 2403 ἢ
3014 2330 3152 2394 ὅλως
3181 2331 3375 2401 ὁμοίαν
3397 2333 3462 2402 τῇ
3504 2329 3690 2383 κτίσει
3710 2346 3729 2362 ο

2137 2425 2275 2482 ἀλλά
2296 2424 2433 2497 πρὸς
2453 2423 2515 2478 τὸ
2535 2423 2797 2479 ἀνωτάτω
2813 2424 2936 2486 ταῖς
2958 2420 3188 2485 ἐννοίαις
3209 2419 3510 2493 χωροῦντα,
3527 2437 3615 2473 νοε
3624 2421 3730 2493 ρὲν

2139 2518 2325 2574 οὐσίαν
2355 2515 2665 2585 ἐπάναγκες
2716 2515 2950 2581 ἐννοεῖν,
2992 2512 3220 2585 ἄπειρον
3254 2510 3398 2565 κατά
3450 2510 3689 2581 δύναμιν
3709 2549 3730 2576 ,

2142 2607 2365 2682 μεγέθει
2396 2606 2800 2678 ἀπεριόριστον,
2845 2603 3061 2676 χρόνοις
3090 2603 3125 2675 ἢ
3162 2603 3353 2658 αἰῶσιν
3390 2603 3729 2674 ἀμέτρητον,

2140 2703 2372 2774 ἄφθονον
2405 2694 2481 2756 ὧν
2509 2700 2620 2772 ἔχει
2661 2697 2866 2753 καλῶν.
2911 2697 3055 2770 Πρὸς
3078 2697 3106 2749 δ
3140 2696 3318 2750 πάντα
3349 2695 3732 2766 ἐπέστραπται

2140 2796 2210 2850 τὰ
2241 2792 2516 2865 ἁτιασμοῦ
2540 2790 2943 2865 προσδεόμενα·
2970 2785 3031 2845 οὗ
3060 2790 3239 2844 πάντα
3261 2789 3473 2860 ἐφίεται
3501 2790 3573 2843 τὰ
3601 2787 3731 2842 κατ’

2142 2886 2345 2960 ἀρετὴν
2396 2883 2611 2950 ζῶντα,
2649 2876 2761 2937 οἷον
2814 2881 3164 2954 ἐπαρδόμενα
3207 2884 3274 2953 τῇ
3327 2880 3586 2951 ἐπιπνοίᾳ
3631 2879 3734 2933 καὶ

2145 2976 2343 3050 βοηθοῦ
2352 2993 2489 3050 μενα
2522 2976 2662 3049 πρὸς
2688 2974 2752 3029 τὸ
2786 2975 2986 3028 οἰκεῖον
3025 2974 3239 3036 ἑαυτοῖς
3265 2971 3360 3026 καὶ
3389 2971 3532 3026 κατά
3561 2969 3733 3041 φύσιν

2144 3048 2319 3133 ius;
2344 3048 2707 3123 Τεῖειωτικδν
2760 3064 2870 3119 τῶν
2923 3063 3128 3130 ἄλλων,
3174 3063 3310 3117 αὐτὸ
3377 3060 3437 3115 δὲ
3486 3060 3732 3131 οὐδαμοῦ

463 3162 562 3227 tia,
594 3160 755 3232 cujus
782 3159 962 3216 alllatu
984 3161 1134 3217 velut
1165 3161 1471 3234 irrigantur
1497 3171 1553 3218 et
1594 3161 1949 3233 adjuvantur,
1982 3169 2040 3219 ut

2147 3160 2423 3215 ἐλλεῖπον
2463 3159 2565 3215 οὐκ
2615 3155 3023 3220 ἐπισκευαστῶς
3050 3154 3163 3225 (25)
3207 3153 3349 3219 ζῶν,
3397 3152 3533 3207 ἀλλά
3564 3152 3737 3260 Χζωῆς

468 3256 795 3327 perveniant
817 3252 887 3309 ad
908 3255 1197 3326 proprium
1218 3270 1384 3313 suum
1407 3255 1825 3326 naturalemque
1852 3256 2039 3313 tinem.

463 3342 569 3411 Qui
594 3342 809 3415 perﬁcit
839 3352 1062 3412 caetera,
1093 3344 1212 3416 ipse
1244 3360 1376 3402 vero
1407 3344 1464 3401 in
1510 3346 1665 3403 nullo
1699 3345 1881 3403 deﬁcit
1908 3364 1923 3402 :
1946 3347 2043 3419 qui

464 3452 578 3493 non
603 3436 738 3493 vivit
760 3452 859 3508 per
882 3437 1363 3506 instaurationem,
1385 3438 1485 3496 sed
1503 3438 1672 3495 vitam
1699 3439 2041 3511 suppeditat;

468 3545 571 3585 nec
601 3530 1016 3587 accessionibus
1044 3534 1311 3604 augescit,
1349 3533 1446 3590 sed
1481 3532 1668 3590 statim
1695 3534 1893 3607 plenus
1920 3541 2040 3591 est:

469 3620 564 3691 qui
610 3621 667 3676 in
718 3621 903 3692 seipso
955 3621 1230 3690 ﬁrmatur,
1267 3632 1328 3680 et
1373 3638 1646 3694 nusquam
1698 3637 1815 3679 non
1865 3621 2039 3679 adest.

469 3709 636 3782 (trigo
673 3709 1163 3778 sanctiﬁcationis,
1204 3714 1298 3767 lux
1341 3711 1745 3784 intelligibilis:
1774 3712 2045 3771 universae

470 3801 725 3871 potentiae
766 3801 1024 3858 rationali
1064 3802 1134 3860 ad
1162 3803 1414 3861 veritatis
1446 3803 1922 3877 investigationem
1947 3819 2043 3862 ve-

471 3893 554 3947 lut
583 3893 1006 3951 illustrationem
1040 3895 1333 3967 quamdam
1362 3912 1430 3954 ex
1461 3911 1585 3955 sese
1620 3896 1894 3968 praebens.
1932 3895 2046 3952 Na-

471 3993 597 4042 tura
622 3986 965 4053 inaccessus,
998 3988 1096 4046 sed
1129 3989 1223 4061 qui
1270 3989 1392 4060 capi
1423 3988 1601 4060 possit
1632 3988 1705 4045 ob
1740 3987 2049 4059 benignita-

473 4088 620 4146 tem;
651 4081 838 4135 omnia
876 4080 1101 4152 quidem
1141 4082 1376 4153 impleas
1408 4082 1633 4145 virtute,
1671 4079 1771 4138 sed
1810 4079 1947 4137 solis
1979 4078 2048 4135 iis

473 4171 570 4243 qui
612 4171 764 4244 digni
811 4183 941 4230 sunt
985 4173 1492 4239 communicabilis,
1525 4174 1729 4244 quibus
1774 4186 1898 4229 sese
1939 4185 2052 4228 non

473 4263 670 4320 eadem
712 4263 959 4336 impertit
987 4281 1272 4330 mensura,
1317 4266 1413 4322 sed
1454 4265 1611 4337 juxta
1640 4262 2052 4337 proportionem

2147 3252 2415 3326 χορηγόν·
2447 3251 2510 3304 οὐ
2546 3246 2886 3320 προσθήκαις
2919 3244 3308 3317 αὐξανόμενον,
3354 3242 3490 3298 ἀλλὰ
3523 3241 3735 3314 πλῆρες

2149 3344 2313 3411 εὐθὺς
2338 3342 2475 3414 (26),
2508 3344 2568 3396 ἐν
2612 3339 2793 3413 ἐαυτῷ
2842 3337 3150 3411 ἱδρυμένον,
3206 3336 3303 3391 καὶ
3334 3332 3608 3404 πανταχοῦ
3646 3332 3732 3386 ὃν.

2161 3435 2461 3509 Ἀγιασμοῦ
2504 3435 2740 3506 γένεσις,
2776 3432 2894 3504 φῶς
2914 3431 3155 3503 ηνοητὸν,
3184 3431 3336 3503 πάσῃ
3373 3428 3602 3499 δυνάμει
3643 3426 3739 3480 λο-

2150 3532 2281 3602 γικῇ
2317 3528 2455 3600 πρὸς
2481 3526 2581 3598 τὴν
2610 3526 2709 3598 τῆς
2732 3525 2993 3598 ἀληθείας
3031 3524 3247 3598 εὕρεσιν
3275 3519 3385 3578 οἷόν
3405 3539 3527 3577 τινα
3557 3540 3737 3578 κατα-

2150 3621 2376 3693 φάνειαν
2413 3620 2481 3674 δι’
2511 3616 2705 3673 ἐαυτοῦ
2749 3617 3146 3690 παρεχόμενον.
3183 3616 3503 3687 Ἀπρόσιτον
3537 3618 3604 3685 τῇ
3634 3614 3739 3686 φύ-

2151 3730 2234 3768 σει
2253 3729 2267 3746 ·
2298 3710 2548 3785 χωρητὸν
2575 3710 2644 3764 δι’
2682 3709 3026 3781 ἀγαθότητα·
3058 3709 3237 3764 πάντα
3273 3709 3369 3780 μὲν
3399 3706 3641 3779 πληροῦν
3663 3709 3734 3779 τῇ

2150 3802 2402 3874 δυνάμει,
2434 3801 2622 3874 μόνοις
2653 3800 2711 3854 δὲ
2748 3800 2810 3854 ὃν
2843 3800 3105 3871 μεθεκτὸν
3137 3802 3249 3863 τοῖς
3286 3799 3481 3867 ἀξίοις,
3514 3799 3613 3870 οὐχ
3650 3799 3739 3852 ἐνὶ

2155 3894 2342 3966 μέτρῳ
2365 3891 2745 3965 μετεχόμενον,
2763 3889 2900 3945 ἀλλά
2929 3891 3050 3944 κατ’
3072 3890 3360 3960 ἀναλογίαν
3379 3890 3476 3961 τῆς
3497 3890 3740 3953 πίστεως

2153 3983 2394 4059 διαιροῦν
2426 3983 2526 4056 τὴν
2563 3984 2867 4056 ἐνέργειαν.
2913 3982 3141 4036 Ἀπλοῦν
3177 3985 3245 4054 τῇ
3275 3982 3451 4054 οὐσίᾳ,
3492 3980 3738 4034 ποικίλον

2154 4079 2275 4141 ταῖς
2302 4076 2595 4147 δυνάμεσιν
2613 4091 2629 4108 ο
2660 4074 2781 4128 ὅλον
2818 4074 3035 4144 ἑκάστῳ
3065 4073 3258 4145 παρὸν,
3290 4074 3385 4127 καὶ
3415 4073 3535 4126 ὅλον
3569 4073 3741 4126 ἀπανι-

2153 4166 2320 4240 ταχοῦ
2352 4166 2432 4222 ὃν.
2466 4165 2719 4232 ’Δπαθῶς
2746 4165 3124 4239 μεριζόμενον,
3161 4166 3258 4218 καὶ
3301 4163 3608 4235 ὁλοσχερῶς
3644 4180 3740 4234 με·

2155 4259 2448 4333 τεχόμενον
2473 4259 2586 4333 (27)
2607 4279 2621 4290 ³
2653 4259 2798 4315 κατά
2832 4260 2931 4331 τὴν
2957 4258 3142 4313 εἰκόνα
3177 4259 3277 4329 τῆς
3309 4257 3543 4332 ἡλιακῆς
3580 4256 3737 4310 ἀκτῖ-

542 4417 591 4451 ει
620 4414 779 4474 Joan.
808 4433 900 4484 xv,
939 4417 1027 4472 ac.
1104 4417 1150 4451 ου
1184 4415 1331 4473 Psal.
1360 4432 1415 4484 ι,
1448 4414 1539 4486 l2,
1590 4416 1679 4472 ιδ.
1751 4414 1798 4450 κ
1824 4412 1986 4471 Joan.
2011 4390 2098 4482 ἰν,
2129 4413 2222 4469 ει.

546 4571 660 4654 (ᾗ)
689 4570 1076 4654 ᾼιδασκαειίᾳ.
1103 4571 1329 4654 Addunt
1363 4568 1520 4654 editi,
1556 4568 1651 4651 καὶ
1680 4567 2040 4654 ὅτιδεσπότης

2160 4575 2247 4623 rat
2273 4565 3036 4654 interpretationem_liirasmi
3063 4564 3461 4650 .Combeiisius,
3513 4582 3577 4622 ac
3614 4559 3742 4654 γει·-

474 4638 826 4714 τδἨνεῦμα,
874 4643 979 4714 sed
1013 4638 1135 4714 llaec
1180 4641 1386 4714 absunt
1423 4652 1480 4714 a_
1489 4640 1734 4714 quinque
1763 4638 2051 4714 chigibus

479 4728 614 4770 mss.
651 4706 851 4769 Statim
896 4711 1029 4786 editi
1073 4713 1203 4786 περὶ
1243 4710 1398 4781 ἁγίου
1433 4706 1775 4782 Πνεῦματος.
1806 4706 1917 4765 Sed
1945 4724 2050 4764 vox

479 4786 635 4854 ἁγίου
657 4799 768 4840 nou
797 4784 1067 4854 reperitur
1095 4782 1161 4837 iu'
1181 4797 1315 4854 mss.

551 4855 664 4924 (2‘2)
694 4847 936 4923 Πνεῦμα
961 4852 1337 4924 ἡγεμονικόν.
1371 4848 1464 4907 Sic
1489 4855 1748 4920 repetunt
1783 4847 1929 4903 hanc
1954 4862 2053 4904 v0-

477 4938 600 4983 cem
635 4926 757 4981 libri
790 4934 1023 4979 veteres.

551 4995 947 5061 (25)]1αντός.
991 4992 1083 5050 Sic
1112 4991 1333 5048 codices
1370 5005 1505 5046 mss.
1553 4996 1614 5061 et
1656 4988 1826 5045 editio
1869 4987 2048 5059 prima

478 5063 646 5120 Basil.
668 5066 729 5119 ιη
754 5064 878 5120 aliis
908 5063 1244 5133 editionibus
1271 5063 1469 5133 legitur
1493 5060 1731 5133 πάντων.

553 5134 666 5207 (24)
690 5133 1084 5204 Ἣγουμένην.
1121 5132 1260 5207 Male
1288 5127 1351 5186 in
1388 5131 1552 5207 editis
1575 5128 1844 5207 additum
1870 5127 2050 5184 fuerat

479 5200 679 5276 ψυχήν,
713 5200 836 5275 quae
859 5200 966 5276 vos
1009 5200 1112 5261 nec
1153 5204 1211 5257 in
1242 5217 1376 5276 mss.
1411 5201 1722 5276 codicibus
1743 5200 2050 5276 legitur,_et

482 5269 786 5346 sententiae
817 5274 1050 5346 nitorem
1105 5273 1418 5346 perturbat:
1457 5271 1667 5346 Similis
1709 5269 1865 5326 locus
1904 5269 2049 5346 inira

481 5346 728 5401 occurrit
758 5345 827 5398 de
874 5343 1063 5400 eadem
1105 5338 1340 5400 inuliere
1386 5341 1734 5397 Samaritana
1779 5355 1905 5412 cap.
1953 5338 2050 5405 26,

484 5433 540 5479 ιι.
574 5418 630 5481 Δ,
665 5416 758 5471 ubi
786 5416 993 5484 pariter
1028 5414 1365 5485 nonplegigur
1392 5413 1591 5484 ψυχήν.

554 5478 667 5558 (23)
715 5478 1246 5558 Ἐἑτισκευαιττῶςῗ
1268 5481 1362 5540 Sic
1406 5478 1604 5540 btiities
1649 5478 1870 5539 codices
1915 5495 2051 5537 mss.

483 5554 628 5613 Editi
649 5554 1143 5619 ἐπισκευαστικῶς.
1442 5566 1453 5577 ⁸

555 5627 669 5700 (26)
697 5624 931 5700 Πλῇρες
980 5627 1182 5700 euang.
1238 5622 1338 5700 Sic
1394 5640 1588 5683 omnes
1640 5623 1865 5682 codices
1910 5638 2046 5679 mss.

485 5695 626 5769 Male
653 5695 708 5753 in
741 5695 908 5753 editis
941 5696 1167 5769 πλῆρες,
1200 5695 1376 5769 εὑθές.

556 5768 671 5843 (27)
709 5762 1077 5839 Ὀλοσχερῶξ·
1091 5766 1512 5839 μετεχόμενον.
1537 5765 1813 5824 Immerito
1840 5762 2052 5836 vitupe-

2162 4640 2387 4695 tendum
2409 4654 2532 4695 esse
2552 4638 2877 4709 pronuntiat
2892 4656 2921 4709 ι
2943 4638 3035 4707 qui
3056 4639 3274 4707 integre,
3306 4639 3360 4709 in
3394 4648 3560 4690 totum
3578 4638 3741 4708 plane

2158 4706 2724 4784 participant—Nam
2760 4706 3021 4784 Basilius,
3069 4706 3175 4784 qui
3215 4708 3411 4784 probat
3459 4706 3587 4764 hoc
3613 4710 3741 4784 loco

2160 4777 2585 4834 immensitatem
2632 4777 2875 4847 Spiritus
2907 4777 3108 4840 sancti,
3158 4794 3287 4832 num
3330 4779 3513 4834 dicere
3556 4782 3739 4848 potuit

2158 4864 2346 4920 euma
2381 4849 2544 4920 rebus
2580 4848 2785 4920 creatis
2829 4848 2978 4918 plene
3008 4856 3058 4902 et
3087 4849 3145 4902 in
3186 4857 3355 4901 totum
3393 4850 3640 4920 percipi?
3668 4851 3742 4903 At

2160 4917 2425 4989 Spiritum
2459 4917 2535 4973 ita
2562 4917 2731 4973 dividi
2765 4917 3263 4989 et’communicari,
3304 4928 3365 4973 ut
3395 4917 3627 4975 totus—et
3653 4923 3740 4975 in-

2160 4988 2311 5060 teger
2341 4996 2579 5060 maneat,
2613 4988 2888 5060 sententia
2916 4999 3001 5044 est
3031 4989 3234 5045 Basilio
3258 4989 3423 5060 digna
3449 4998 3505 5045 et
3526 4991 3738 5045 sanctis

2157 5057 2415 5114 Patribus
2466 5059 2773 5129 notissima.
2818 5057 2996 5113 Unum
3040 5074 3108 5113 ex
3156 5057 3415 5114 omnibus
3459 5061 3737 5129 proferam

2154 5129 2531 5195 Ambrosium,
2548 5132 2641 5197 qui
2666 5127 2930 5183 Basilium
2956 5129 3205 5184 imitatur
3224 5140 3280 5183 et
3301 5127 3578 5184 illustrat:
3608 5130 3737 5184 Non

2153 5200 2293 5254 enim
2334 5208 2500 5269 totum
2537 5198 2963 5269 e/Iudit,iinquit
2988 5199 3082 5253 lib.
3127 5215 3143 5253 ι
3184 5199 3260 5254 De
3294 5199 3496 5269 Spiritu
3528 5212 3737 5264 sancto,

2157 5284 2279 5340 cap.
2314 5269 2368 5335 8,
2395 5268 2487 5323 sed
2518 5267 2656 5340 quod
2696 5267 3184 5340 eﬂ‘udit._omnibus
3225 5267 3534 5326 abundavit.
3581 5272 3740 5337 Quod

2158 5338 2321 5412 igitur
2354 5340 2508 5395 nobis
2532 5338 2672 5394 satis
2699 5356 2811 5394 esse
2834 5338 3116 5409 judicavit,
3152 5339 3382 5408 effudit:
3415 5352 3464 5395 et
3491 5343 3629 5412 quod
3655 5343 3741 5412 eff

2159 5411 2338 5480 {usum
2381 5418 2483 5476 est,
2526 5426 2631 5464 non
2675 5421 2980 5477 separatum
3025 5418 3103 5464 est
3148 5427 3240 5464 nec
3286 5411 3511 5466 incisum
3570 5431 3588 5467 :
3648 5411 3742 5466 sed

2161 5482 2419 5536 unitatem
2456 5480 2635 5545 habet,
2683 5496 2784 5551 quo
2833 5481 3000 5534 aciem
3043 5481 3214 5535 nostri
3258 5481 3434 5537 cordis
3476 5482 3742 5537 illuminet

2158 5566 2256 5618 pro
2306 5560 2503 5607 nostra?
2534 5552 2901 5622 possibilitate
2951 5552 3182 5605 virtutis.
3240 5551 3476 5622 Denique
3532 5563 3742 5607 tantum

2155 5622 2417 5694 capimus,
2470 5621 2730 5694 quantum
2778 5621 3043 5694 profectus
3092 5633 3291 5694 nostra:
3334 5621 3522 5679 mentis
3555 5626 3742 5694 acqui-

2155 5695 2248 5765 rit.
2277 5691 2685 5765 ulnsepurabilis
2743 5702 2822 5747 est
2886 5693 3026 5746 enim
3086 5693 3358 5760 plenitudo
3402 5696 3590 5765 gratia:
3630 5691 3744 5762 spi-

2157 5762 2355 5830 ritalis,
2402 5761 2493 5819 sed
2527 5761 2676 5819 nobis
2719 5778 2814 5832 pro
2860 5771 3056 5819 nostra?
3096 5761 3457 5831 participatur
3486 5761 3741 5825 facultate
