3972 6218
293 441 396 501 109

1425 442 1620 497 LIBER
1660 440 1748 495 DE
1787 440 2054 498 SPIBITU
2098 441 2386 499 SANCTO.

3439 449 3537 499 HO

290 582 403 629 νος,
429 583 502 636 ης
546 568 582 637 ἡ
626 567 805 638 χάρις,
845 566 922 637 τῷ
957 565 1273 621 ἀπολαύοντ.
1308 565 1380 628 ὡς
1427 565 1572 636 μόνῳ
1601 563 1870 636 παροῦσα,

1983 564 2100 619 ﬁdei
2147 565 2469 635 dispertitur
2505 563 2612 617 vim
2652 580 2829 621 suam.
2867 566 3108 637 Simplex
3141 567 3403 630 essentia,
3444 583 3538 621 va-

293 657 387 710 καί
417 655 528 724 γῆν
563 657 867 727 ἐπιλάμπει
896 657 991 710 καὶ
1015 657 1307 721 Θάλασσαν,
1342 658 1436 709 καὶ
1453 655 1531 726 τῷ
1558 655 1678 727 ἀέρι
1714 655 1872 724 ἐγκέ-

293 762 515 816 κραται.
549 747 708 800 Οὕτω
744 748 809 818 δὴ
840 749 934 801 καὶ
960 748 1019 801 τὸ
1047 747 1271 818 Πνεῦμα
1303 747 1515 818 ἑκάστῳ
1555 747 1661 801 τῶν
1696 747 1872 799 δεκτι-

289 840 420 903 κῶν,
457 841 538 904 ὡς
577 843 722 912 μόνῳ
766 843 962 913 παρὸν,
1003 841 1204 912 διαρκῆ
1251 843 1362 903 τοῖς
1414 841 1548 892 πᾶσι
1573 838 1674 909 τὴν
1713 838 1870 910 χάριν

289 931 585 1004 ὀλόκληρον
635 935 962 1005 ἐπαφίησιν·
1013 928 1075 988 οὗ
1121 931 1380 986 ἀπολαύει
1431 931 1500 984 τὰ
1541 932 1868 1002 μετέχοντα,

291 1023 409 1076 ὅσον
445 1025 592 1078 αὑτά
623 1026 867 1094 πέφυκεν
893 1024 1026 1096 (28),
1057 1025 1157 1095 οὐχ
1185 1026 1306 1077 ὅσον
1329 1025 1505 1076 ἐκεῖνο
1524 1023 1763 1076 δύναται.

1975 657 2092 709 rius
2133 657 2428 726 potentiis;
2463 658 2554 729 qui
2609 657 2840 728 singulis
2885 666 3035 715 totus
3079 658 3254 724 adest,
3308 667 3362 714 et
3389 665 3538 714 totus

1975 746 2178 816 ubique
2201 756 2306 802 est.
2334 749 2436 812 Qui
2470 749 2548 802 sic
2575 748 2839 802 dividitur
2861 756 2921 802 ut
2948 749 3065 818 ipse
3098 749 3233 802 nihil
3261 749 3538 818 patiatur;

1976 839 2136 908 cujus
2189 841 2268 895 sic
2315 855 2509 896 omnes
2544 841 2839 910 participes
2876 851 3026 904 sunt,
3080 851 3140 895 ut
3170 841 3285 910 ipse
3325 849 3537 894 maneat

1977 930 2209 1001 integer,
2245 930 2381 985 radii
2427 932 2626 986 solaris
2659 932 2713 986 in
2745 948 2976 997 morem,
3021 933 3180 1001 cujus
3214 931 3540 986 beneﬁcium

1977 1021 2179 1076 [ruenti
2229 1033 2488 1092 tanquam
2535 1025 2629 1077 uni
2674 1024 2849 1087 adest,
2901 1033 2958 1077 et
2997 1031 3180 1080 tamen
3229 1031 3432 1077 terram
3475 1036 3540 1075 ac

292 1134 440 1173 mare
485 1120 756 1181 illustrat,
804 1123 1176 1189 misceturque
1209 1119 1341 1173 aeri.
1395 1118 1488 1173 Sic
1534 1125 1589 1172 et
1633 1117 1870 1187 Spiritus
1911 1127 2156 1181 sanctus,
2193 1117 2491 1187 unicuique
2529 1119 2810 1187 capacium
2840 1119 2949 1188 20
2981 1134 3106 1173 cum
3177 1118 3322 1173 adsit
3380 1118 3539 1186 quasi

293 1210 415 1274 soli,
448 1210 817 1265 suiIicientem
846 1213 1103 1266 omnibus
1130 1213 1357 1283 gratiam
1416 1225 1481 1264 ac
1543 1208 1813 1278 integram
1852 1205 2093 1262 infundit
2133 1226 2146 1262 :
2213 1223 2322 1278 quo
2377 1207 2636 1262 fruuntur
2663 1223 3004 1278 quaecunque
3051 1207 3119 1262 de
3170 1208 3265 1262 illo
3311 1207 3538 1278 partici-

295 1310 440 1372 pant,
468 1311 744 1372 quantum
773 1303 908 1372 ipsis
959 1304 1038 1360 fas
1074 1314 1158 1359 est
1189 1312 1403 1370 natura,
1437 1316 1546 1355 non
1579 1307 1849 1371 quantum
1883 1299 1972 1353 ille
2001 1307 2200 1370 potest.

359 1392 448 1446 23.
489 1393 787 1457 Οίκείωσις
817 1394 872 1448 δὲ
907 1396 1220 1466 Πνεύματος
1253 1394 1387 1466 πρὸς
1413 1394 1590 1466 ψυχὴν
1615 1392 1760 1465 οὑχὸ
1781 1391 1868 1446 διὰ

292 1487 454 1540 τόπου
503 1489 912 1558 προσεγγισμδς
957 1490 1098 1558 (πῶς
1139 1491 1246 1562 γὰρ
1292 1493 1358 1544 ἂν
1420 1490 1748 1560 πλησιάσαις
1789 1486 1870 1558 τῷ

295 1577 571 1648 ἀσωμάτῳ
597 1580 925 1650 σωματικῶς
945 1581 1006 1649 ;),
1036 1581 1148 1634 ἀλλ’
1166 1583 1194 1632 ὁ
1220 1580 1499 1651 χωρισμὸς
1525 1579 1632 1632 τῶν
1659 1578 1868 1642 παθῶν,

295 1668 453 1739 ἅπερ,
495 1669 609 1721 ἀπὸ
638 1670 738 1740 τῆς
771 1671 906 1741 πρὸς
940 1671 1037 1742 τὴν
1071 1672 1248 1742 σάρκα
1286 1671 1466 1738 φιλίας
1497 1670 1720 1742 ὕστερον
1749 1671 1866 1721 ἐπι-

295 1758 552 1825 γινόμενα
593 1762 664 1829 τῇ
702 1760 870 1830 ψυχῇ,
916 1761 1018 1831 τῆς
1070 1762 1176 1814 ἀπὸ
1225 1759 1320 1814 τοῦ
1364 1760 1498 1813 Θεοῦ
1541 1760 1870 1830 οἰκειότητος

295 1848 652 1918 ἡλλοτρίωσε.
689 1849 1047 1921 Καθαρθέντα
1084 1851 1146 1922 δὴ
1185 1847 1280 1908 οὖν
1308 1851 1416 1905 ἀπὸ
1447 1850 1538 1903 τοῦ
1570 1850 1809 1920 αἴσχους,
1843 1851 1870 1904 ὃ

296 1941 606 2010 ἀνεμάξατο
647 1941 736 1994 διὰ
773 1943 871 2012 τῆς
897 1943 1114 2008 κακίας,
1157 1945 1249 1997 καὶ
1285 1944 1418 2014 πρὸς
1449 1944 1511 1996 τὸ
1551 1945 1616 1995 ἐκ
1655 1943 1868 2012 φύσεως

298 2030 485 2094 κάλλος
523 2031 914 2095 ἐπανελθόντα,
967 2033 1063 2086 καὶ.
1108 2029 1218 2086 οἷον
1255 2033 1424 2086 εἰκόνι
1475 2015 1722 2103 βασιλικῇ
1771 2032 1870 2101 τὴν

299 2123 526 2194 ἀρχαίαν
567 2125 790 2196 μορφὴν
824 2125 913 2180 διὰ
951 2126 1321 2198 καθαρότητος
1367 2127 1652 2190 ἀποδόντα,
1699 2124 1871 2187 οὕτως

301 2217 410 2269 ἐστὶ
435 2218 616 2286 μόνως
641 2219 997 2290 προσεγγίσαι
1019 2219 1096 2290 τῷ
1115 2217 1476 2290 Παρακλὴτῳ.
1509 2219 1567 2270 '0
1594 2217 1659 2280 δ’,
1684 2216 1832 2269 ὥσπε
1839 2233 1872 2286 ρ

300 2306 461 2374 ⁴ἣλιος,
498 2306 919 2378 κεκαθαρμένον
944 2309 1096 2380 ὄμμα
1123 2309 1477 2381 παραλαϐὼν,
1512 2308 1674 2376 δείξει
1706 2325 1788 2361 σοι
1815 2311 1872 2361 ἐν

305 2397 472 2468 ἐαυτῷ
508 2399 615 2469 τὴν
655 2401 837 2453 εἰκόνα
870 2403 964 2456 τοῦ
1005 2401 1256 2471 ἀοράτου.
1299 2402 1383 2454 Ἐν
1411 2401 1468 2454 δὲ
1500 2401 1578 2472 τῷ
1619 2399 1872 2471 μακαρίῳ

302 2488 394 2556 τῆς
421 2488 637 2552 εἰκόνος
664 2489 895 2560 θεάματι
931 2491 992 2544 τὸ
1021 2491 1257 2563 ἄρρητον
1287 2492 1406 2562 ὄψει
1437 2491 1532 2544 τοῦ
1565 2492 1872 2563 ἀρχετύπου

305 2578 512 2643 κάλλος.
543 2580 655 2633 Διά
679 2581 867 2634 τούτου
909 2583 1144 2653 καρδιῶν
1171 2583 1429 2647 ἀνάϐασις
1449 2584 1580 2654 (29),
1606 2599 1874 2654 χειραγω-

304 2667 390 2732 γία
413 2670 521 2722 τῶν
551 2671 950 2738 ἀσθενούντων,
983 2672 1090 2725 τῶν
1124 2673 1540 2745 προκοπτόντων
1573 2672 1869 2736 τελείωσις,

305 2757 488 2820 Τοῦτο,
523 2761 649 2822 τοῖς
693 2761 801 2813 ἀπὸ
841 2761 1021 2830 πάσης
1068 2762 1285 2831 κηλίδος
1323 2763 1752 2834 κεκαθαρμένοις
1790 2763 1875 2816 ἐλ-

305 2847 530 2920 λάμπον,
569 2853 646 2922 τῇ
680 2851 818 2922 πρὸς
839 2852 997 2904 ἑαυτό
1024 2852 1276 2923 κοινωνίᾳ
1312 2853 1712 2923 πνευματικοὺς
1741 2854 1874 2907 ἀπο-

304 2939 555 2998 δείκνυσι.
601 2943 718 2995 Καὶ
759 2942 947 3014 ὥσπερ
984 2943 1054 2996 τά
1093 2943 1323 3014 λαμπρά
1362 2945 1455 2997 καὶ
1499 2943 1729 3014 διαφανῆ
1767 2944 1874 2996 τῶν

309 3033 586 3104 σωμάτων,
637 3033 853 3096 ἀκτῖνος
900 3035 1081 3097 αὐτοῖς
1124 3033 1469 3104 ἐμπεσούσης
1495 3034 1626 3106 (50).
1653 3035 1793 3088 αὑτά
1814 3053 1873 3087 τε

308 3121 504 3189 γίνεται
548 3122 901 3192 περιλαμπῆ,
943 3124 1034 3176 καὶ
1074 3124 1269 3194 ἑτέραν
1313 3122 1487 3194 αὐγὴν
1527 3124 1619 3191 ἀφ’
1665 3123 1874 3176 ἑαυτῶν

2041 1392 2132 1447 25.
2161 1392 2396 1464 Spiritus
2425 1404 2603 1448 autem
2637 1407 2762 1447 cum
2793 1391 2971 1446 anima
2999 1390 3315 1462 coniunctio
3347 1406 3455 1445 non
3479 1391 3541 1447 ﬁt

1977 1485 2079 1538 loci
2109 1485 2508 1555 propinquitate
2543 1485 2690 1555 (nam
2732 1485 2828 1554 qui
2854 1483 2945 1536 ﬁat
2979 1493 3038 1538 ut
3061 1484 3125 1538 ad
3155 1484 3538 1552 incorporeum

1976 1577 2332 1646 corporaliter
2365 1577 2593 1632 accedas
2609 1575 2676 1646 ?),
2706 1576 2799 1630 sed
2824 1592 2852 1629 a
2875 1575 3265 1645 cupiditatibus
3293 1589 3538 1640 recessu,

1977 1683 2095 1735 quae
2124 1677 2248 1737 post
2266 1678 2613 1724 accesserunt
2639 1669 2830 1722 animm
2850 1675 3070 1738 propter
3089 1666 3380 1722 amicitiam
3411 1681 3538 1736 erga

1976 1773 2218 1824 carnem,
2241 1768 2337 1814 eta
2356 1759 2444 1815 Dei
2475 1762 2751 1816 consortio
2776 1761 3098 1814 alienarunt.
3126 1760 3328 1827 Itaque,
3353 1761 3398 1814 si
3416 1760 3540 1828 quis

1974 1850 2144 1915 abeo,
2165 1853 2309 1922 quod
2341 1853 2454 1905 vitii
2487 1854 2606 1907 labe
2638 1861 3006 1917 contraxerat,
3039 1852 3235 1922 probro
3257 1861 3536 1921 purgetur,

1971 1951 2134 2012 atque
2157 1944 2222 1996 ad
2259 1945 2495 1997 nativam
2532 1944 2989 2012 pulchritudinem
3014 1959 3265 1997 reversus
3292 1944 3434 1995 velut
3453 1957 3542 1995 re-

1971 2036 2070 2104 gia:
2099 2035 2317 2105 imagini
2353 2034 2580 2088 formam
2617 2046 2846 2089 veterem
2883 2050 2978 2104 per
3007 2035 3294 2103 puritatem
3326 2033 3536 2095 reddat,

1973 2125 2074 2179 hoc
2101 2140 2210 2178 uno
2229 2125 2445 2180 demum
2481 2127 2639 2180 modo
2665 2136 2843 2196 potest
2873 2127 2939 2179 ad
2972 2123 3306 2178 Paracletum
3345 2139 3541 2194 appro-

1974 2215 2258 2284 pinquare.
2310 2213 2403 2270 Ille
2451 2227 2666 2280 autem,
2710 2215 2877 2269 veluti
2935 2216 3049 2278 sol,
3103 2229 3295 2283 purum
3345 2223 3540 2269 nactus

1972 2308 2212 2368 oculum,
2247 2307 2496 2362 ostendet
2530 2307 2627 2362 tibi
2661 2307 2716 2360 in
2739 2306 2922 2376 seipso
2955 2306 3244 2376 imaginem
3279 2307 3423 2362 illius
3446 2309 3538 2376 qui

1972 2400 2144 2455 videri
2181 2415 2289 2454 non
2327 2408 2524 2470 potest.
2567 2399 2623 2453 in
2670 2400 2826 2454 beata
2873 2407 3050 2453 autem
3085 2399 3248 2468 hujus
3286 2399 3539 2470 imaginis

1973 2491 2426 2562 contemplatione
2468 2490 2678 2546 videbis
2721 2491 3046 2545 ineﬁ‘abilem
3092 2491 3370 2561 archetypi
3419 2494 3542 2560 pul-

1973 2580 2354 2636 chritudinem.
2374 2581 2475 2636 Per
2503 2581 2648 2634 hunc
2679 2581 2843 2636 corda
2878 2581 3238 2635 sustolluntur
3267 2581 3320 2634 in
3347 2581 3537 2644 altum,

1975 2687 2137 2725 manu
2183 2673 2460 2726 ducuntur
2495 2671 2729 2736 infirmi,
2776 2671 3124 2742 proﬁcientes
3163 2673 3535 2742 perﬁciuntur.

1975 2762 2073 2817 Hic
2092 2765 2173 2819 eis
2209 2765 2306 2834 qui
2326 2765 2394 2818 ab
2417 2765 2566 2818 omni
2597 2763 2756 2818 sorde
2792 2765 3007 2835 purgati
3038 2775 3165 2820 sunt
3192 2767 3538 2831 illucescens,

1975 2871 2070 2926 per
2095 2857 2533 2910 communionem
2559 2871 2722 2925 quam
2747 2871 2871 2911 cum
2902 2857 3018 2927 ipso
3041 2858 3262 2925 habent,
3285 2858 3544 2927 spiritua-

1976 2949 2054 3002 les
2085 2947 2279 3003 reddit.
2312 2946 2852 3016 thuemadmodum
2882 2962 3112 3017 corpora
3145 2949 3335 3012 nitida,
3371 2949 3540 3018 pellu-

1974 3040 2225 3110 cidaque,
2249 3048 2500 3095 contacta
2533 3041 2706 3106 radio,
2741 3042 2874 3096 ﬁunt
2895 3050 2948 3097 et
2980 3043 3096 3112 ipsa
3127 3058 3290 3112 supra
3322 3042 3540 3096 modum

1975 3129 2280 3200 splendida,
2331 3137 2387 3184 et
2415 3131 2581 3184 alium
2630 3130 2893 3201 fulgorem
2925 3148 2991 3186 ex
3015 3147 3136 3187 sese
3183 3132 3540 3202 profundunt,

307 3212 642 3266 ἀποστίλϐει·
681 3211 854 3274 οὕτως
887 3213 943 3265 αἱ
984 3212 1424 3283 πνευματοφόροι
1456 3211 1644 3282 ψυχαὶ,
1674 3212 1874 3284 ἐλλαμ-

1983 3221 2051 3274 ita
2077 3221 2272 3274 anima:
2311 3235 2432 3290 quae
2473 3219 2734 3289 Spiritum
2767 3220 2978 3286 ferunt,
3019 3223 3475 3293 illustranturque
3511 3242 3544 3277 ιι

311 3306 513 3374 φθεῖσαι
536 3307 697 3377 παρά
727 3306 820 3359 τοῦ
850 3307 1184 3376 Πνεύματος,
1216 3307 1377 3361 αὐταί
1407 3323 1464 3358 τε
1491 3304 1874 3358 ἀποτελοῦνται

313 3399 699 3468 πνευματικαὶ,
740 3398 834 3451 καὶ
873 3400 954 3461 είς
992 3398 1208 3468 ἐτέρους
1240 3399 1338 3469 τὴν
1359 3398 1518 3470 χάριν
1549 3397 1874 3463 ἐξαποστέλ-

311 3490 500 3544 λουσιν.
545 3489 831 3542 Ἐντεῦθεν
865 3488 1165 3559 μελλόντων
1195 3488 1522 3558 πρόγνωσις,
1566 3486 1874 3558 μυστηρίων

314 3579 537 3644 σύνεσις,
573 3580 978 3652 κεκρυμμένων
989 3568 1310 3649 κατάληψις,
1328 3578 1678 3650 χαρισμάτων
1700 3579 1874 3632 διανο-

315 3676 427 3742 μαὶ,
455 3673 514 3726 τὸ
535 3673 791 3744 οὐράνιον
821 3673 1138 3742 πολίτευμα,
1159 3675 1192 3743 ἡ
1229 3673 1365 3741 μετὰ
1393 3670 1638 3739 ἀγγέλων
1666 3671 1873 3742 χορεία,

312 3765 724 3834 ήάτελεύτητος
756 3765 868 3835 ('51)
905 3764 1228 3835 εὐφροσύνη,
1264 3765 1297 3834 ἡ
1334 3765 1391 3816 ἐν
1425 3762 1544 3832 Θεῷ
1570 3762 1816 3833 διαμονή.
1840 3765 1873 3832 ἡ

317 3859 439 3928 πρὸς
491 3859 631 3911 Θεὸν
670 3857 948 3930 ὁμοίωσις,
1003 3857 1063 3909 τὸ
1117 3857 1416 3927 ἀκρότατον
1463 3856 1574 3910 τῶν
1615 3854 1874 3924 όρεκτῶν,

317 3949 428 4003 θεὸν
453 3950 734 4020 γενέσθαι.
764 3951 830 4002 Αἱ
861 3950 957 4020 μὲν
984 3943 1076 4002 οὖν
1100 3951 1227 4020 περὶ
1260 3948 1351 4000 τοῦ
1386 3949 1542 4016 ἁγίου
1565 3947 1878 4017 Πνεύματος

316 4039 500 4093 ἔννοιαι
529 4044 562 4111 ἡ
573 4040 716 4110 μῶν,
750 4039 818 4103 ἀς
853 4039 980 4110 περὶ
1010 4038 1102 4091 τοῦ
1138 4037 1399 4109 μεγέθους
1443 4037 1608 4090 αὑτοῦ
1652 4038 1744 4090 καὶ
1777 4037 1877 4107 τῆς

319 4131 462 4197 ἀξίας
493 4136 588 4186 καὶ
622 4132 732 4185 τῶν
779 4133 1167 4203 ἐνεργημάτων
1199 4131 1290 4184 ὑπ’
1331 4130 1510 4184 αὐτῶν
1537 4128 1646 4183 τῶν
1684 4129 1878 4197 λογίων

317 4225 405 4276 τοῦ
437 4226 760 4296 Πνεύματος
803 4228 1019 4296 φρονεῖν
1051 4222 1427 4293 ἐδιδάχθημεν,
1465 4221 1542 4284 ὡς
1583 4221 1737 4288 ὀλίγα
1771 4221 1879 4273 ἀπὸ

319 4315 518 4368 πολλῶν
545 4315 916 4387 παραθέσθαι,
946 4313 1210 4370 τοιαῦται.
1238 4313 1376 4384 Ἤδη
1402 4313 1592 4381 sem)
1622 4311 1758 4380 πρὸς
1783 4313 1878 4364 ἀν-

321 4405 618 4474 τιλογικοὺς
646 4405 942 4477 χωρητέον,
974 4403 1347 4474 πειρωμένους
1379 4402 1621 4472 ἐλέγχειν
1651 4401 1749 4463 τὰς
1782 4402 1878 4454 ἀν-

322 4496 565 4564 τιθέσεις,
596 4498 697 4560 τὰς
726 4499 792 4550 ἐκ
819 4500 916 4567 τῆς
943 4493 1292 4566 ψευδωνύμου
1321 4493 1575 4562 γνώσεως
1598 4495 1731 4564 ἡμῖν
1754 4509 1880 4563 προ-

325 4587 662 4660 ϐαλλομένας.

857 4703 1254 4756 ΚΕΦΑΛΑΙΟΝ
1287 4701 1342 4756 ῐ’.

328 4797 468 4862 Πρὸς
497 4797 639 4863 τοὺς
663 4796 966 4878 λέγονςζας.
984 4795 1069 4878 μὴ
1113 4791 1742 4878 χρῆναενσιίντὰσσειν
1765 4793 1880 4844 Πα-

627 4868 718 4934 τρὶ
746 4866 846 4919 καὶ
868 4865 977 4931 Υίῴ
1003 4865 1070 4918 τὸ
1101 4865 1269 4933 ἅγιον
1304 4865 1565 4931 Πνεῦμα.

390 4957 476 5011 24.
509 4959 582 5010 οὐ
613 4958 742 5029 χρὴ,
777 4957 933 5025 φασὶ,
964 4956 1135 5026 Πατρὶ
1167 4955 1263 5009 καὶ
1293 4952 1410 5024 Υἱῷ
1441 4950 1796 5022 συντετάχθαι
1821 4950 1881 5002 τὸ

332 5049 472 5116 ἇγιον
500 5050 744 5121 Πνεῦμα,
771 5048 860 5102 διά
889 5066 948 5102 τε
991 5048 1051 5100 τὸ
1083 5047 1183 5120 τῆς
1211 5045 1425 5116 φύσεως
1463 5043 1762 5114 ἀλλότριον,
1793 5043 1882 5095 καί

335 5217 543 5260 nature.
583 5205 720 5262 Vide
759 5205 944 5259 Basilii
987 5203 1263 5257 homiliam
1299 5201 1375 5254 De
1421 5201 1525 5269 ﬁde
1573 5215 1697 5269 pag.
1753 5200 1879 5253 135.

335 5275 490 5330 Paulo
521 5287 641 5347 post
677 5277 806 5332 editi
850 5277 912 5328 τὸ
961 5273 1183 5343 Πνεῦμα
1217 5272 1279 5326 τὸ
1323 5272 1494 5339 ἅγιον.
1548 5269 1679 5325 Mss.
1725 5279 1784 5322 ιιι
1827 5271 1882 5323 in

338 5359 596 5401 contextu.

401 5417 504 5487 (£8)
539 5416 828 5484 Πέφυκεν.
866 5412 1218 5487 Mendose__in
1265 5409 1424 5466 editis
1467 5407 1880 5487 additurniidva-

338 5477 643 5556 obsequor]
671 5501 708 5539 a'
726 5486 933 5556 nostris
957 5482 1245 5556 codicibus
1275 5495 1407 5556 mss.
1444 5477 1882 5556 abest.__\fi_detur

341 5547 585 5610 Erasmus
620 5557 812 5624 legisse
837 5555 934 5623 οὐχ
970 5554 1090 5605 ὅσον
1123 5550 1260 5624 αὑλτά
1299 5549 1564 5618 πέφυκεν.
1611 5547 1725 5600 ἀλλ’
1757 5549 1881 5624 ᾆσον

340 5627 501 5677 ἐκεῖνο
531 5618 766 5679 δύναται.
805 5618 1072 5676 εἰς”ειιὶιιι
1103 5621 1281 5675 reddit
1311 5637 1324 5672 :
1356 5635 1458 5671 non
1480 5627 1733 5688 quantum
1763 5618 1882 5688 ipsa

343 5705 521 5764 natura
557 5713 652 5748 sua
677 5703 894 5764 possunt
921 5706 1122 5764 capere.
1161 5690 1250 5764 sed
1279 5687 1536 5764 quantum
1566 5699 1749 5764 potest
1765 5687 1877 5740 ille.

344 5757 777 5819 Funestissiniam
813 5757 1141 5817 vocat'hanc
1177 5757 1679 5827 interpretationem
1711 5757 1879 5811 Com-

347 5833 587 5899 beﬁsius;
615 5836 705 5892 sed
728 5843 908 5889 tamen
937 5831 1023 5887 hic
1047 5830 1255 5887 Erasmi
1278 5830 1490 5886 videtur
1517 5843 1637 5886 esse
1656 5841 1880 5896 sensus,

1978 3307 2212 3380 Spiritu,
2231 3310 2367 3364 ﬁunt
2391 3319 2444 3366 et
2473 3312 2606 3380 ipsa:
2628 3311 2960 3380 spirituales,
2986 3321 3041 3367 et
3078 3313 3132 3366 iu
3153 3314 3288 3368 alios
3311 3315 3542 3384 gratiam

1975 3403 2251 3458 emittunt.
2282 3401 2421 3458 Hinc
2446 3402 2753 3456 futurorum
2777 3403 3138 3473 pmscientia,
3159 3405 3543 3475 mysteriorum

1975 3495 2366 3566 intelligentia,
2405 3496 2742 3550 occultorum
2786 3496 3235 3566 comprehensio,
3278 3496 3544 3551 donorum

1977 3585 2418 3650 distributiones,
2457 3588 2700 3642 cmlestis
2749 3589 3096 3643 conversatio
3120 3629 3134 3652 ,
3175 3604 3298 3643 cum
3337 3589 3548 3660 angelis

1977 3677 2173 3732 chorea
2205 3697 2218 3732 :
2251 3679 2379 3732 hinc
2401 3676 2655 3747 gaudium
2684 3693 2962 3748 nunquam
2997 3677 3313 3742 ﬁniendum,
3339 3677 3467 3732 hinc
3490 3680 3548 3734 in

1980 3773 2088 3825 Deo
2119 3769 2541 3840 perseverantia,
2572 3769 2700 3824 hinc
2727 3769 3027 3824 similitudo
3055 3785 3176 3823 cum
3201 3768 3329 3834 Deo,
3353 3778 3408 3824 et
3437 3786 3550 3839 quo

1978 3862 2113 3915 nihil
2140 3862 2428 3917 sublimius
2459 3860 2636 3931 expeti
2675 3868 2875 3931 potest,
2904 3859 3032 3915 hinc
3063 3868 3146 3916 est
3177 3868 3235 3913 ut
3261 3861 3395 3916 deus
3425 3863 3542 3918 tias.

1976 3954 2306 4008 Communes
2330 3953 2492 4023 igitur
2521 3963 2722 4007 nostra:
2747 3953 2998 4007 notiones
3029 3950 3098 4005 de
3136 3959 3326 4005 sancto
3368 3950 3550 4022 Spirio

1976 4051 2058 4106 tu,
2084 4057 2222 4112 quas
2253 4042 2323 4096 de
2358 4041 2732 4112 magnitudine
2756 4039 3130 4108 dignitateque
3164 4037 3334 4100 illius,
3373 4038 3551 4107 deque

1977 4133 2388 4203 operationibus
2407 4173 2422 4195 ,
2448 4133 2516 4186 ab
2547 4131 2682 4202 ipsis
2707 4129 2945 4200 Spiritus
2977 4128 3212 4198 eloquiis
3239 4128 3442 4184 sentire
3467 4131 3549 4182 di-

1977 4226 2233 4290 dicimus,
2267 4233 2325 4278 ut
2353 4223 2588 4278 emultis
2629 4237 2802 4292 pauca
2844 4221 3172 4284 aﬁ‘eramus,
3208 4219 3290 4274 sic
3325 4219 3545 4274 habent.

1977 4314 2132 4368 Nunc
2150 4324 2326 4367 autem
2345 4313 2412 4368 ad
2434 4309 2843 4367 contradicendi
2858 4310 3086 4380 cupidos
3099 4309 3425 4364 veniendum
3441 4319 3526 4363 est

1977 4408 2404 4474 conabimurque
2430 4383 2647 4459 illorum
2675 4403 3016 4472 objectiones
3048 4402 3300 4458 refellere
3360 4416 3498 4472 quas
3519 4416 3550 4456 ο

1981 4499 2101 4554 falsi
2126 4497 2364 4556 nominis
2391 4495 2619 4554 scientia
2651 4495 2809 4550 nobis
2833 4502 3162 4564 proponunt.

2609 4692 2836 4747 CAPUT
2881 4691 2950 4746 Χ.

2014 4787 2275 4843 Adversus
2304 4804 2391 4842 eos
2416 4787 2506 4856 qui
2530 4787 2710 4839 dicunt
2737 4802 2839 4838 non
2859 4795 3096 4853 oportere
3121 4783 3271 4836 Patri
3293 4791 3342 4836 et
3373 4779 3514 4835 Filio

2329 4857 2609 4927 adjungere
2639 4856 2894 4924 Spiritum
2931 4867 3194 4908 sanctum.

2050 4949 2142 5004 24.
2168 4947 2289 5003 Νοη
2311 4955 2549 5018 oportet,
2588 4945 2865 5016 inquiunt,
2907 4942 3055 4997 Patri
3093 4951 3147 4997 et
3180 4939 3318 4996 Filio
3355 4940 3551 5010 adjun-

1984 5056 2110 5112 gere
2140 5039 2406 5111 Spiritum
2434 5048 2686 5094 sanctum
2717 5055 2731 5091 :
2762 5036 2959 5107 partim
2993 5049 3059 5090 eo
3093 5032 3237 5103 quod
3267 5033 3340 5089 sit
3363 5034 3554 5101 aliena:

1986 5189 2222 5260 Spiritus
2268 5190 2445 5245 sancti
2484 5191 2711 5262 gratiam
2750 5204 2857 5242 non
2903 5201 2971 5262 ex
3007 5185 3288 5262 hominum
3319 5185 3543 5240 inﬁrmi-

1985 5255 2114 5322 tate,
2145 5262 2241 5316 sed
2279 5278 2346 5316 ex
2381 5255 2530 5315 illius
2563 5258 2958 5328 oninipotentia
2992 5255 3250 5328 pendere.
3286 5327 3318 5328 η
3460 5323 3466 5327 _

2054 5331 2537 5403 (29))Ανά6ασις,
2565 5331 2656 5403 Sic
2686 5327 2927 5398 quinque
2955 5327 3174 5403 codices
3204 5344 3217 5380 :
3252 5327 3394 5380 alius
3425 5342 3551 5403 cum

1984 5397 2478 5464 θάίιίςίάναὸἀσεις.
2507 5399 2706 5454 Ibidem
2738 5397 3096 5467 χειραγωγίαι
3125 5398 3180 5449 in
3206 5412 3324 5467 uno?
3339 5398 3550 5450 codice.

2053 5473 2168 5542 (30)
2210 5471 2647 5542 Ἑμπεσούσης.
2665 5466 3041 5542 _Duo_cod_ices
3069 5466 3456 5542 ἐπιπεσούσης.

2057 5535 2167 5612 (51)
2207 5535 2646 5612 'Aésxsdtntoc.
2665 5537 2780 5612 Duo
2810 5537 2960 5612 llegii
2993 5535 3547 5612 c9dices_dt:é1soro;.

1985 5606 2190 5666 Ibidem
2219 5611 2570 5680 antiquigtres
2595 5609 2718 5680 libri
2752 5610 2786 5679 ἡ
2817 5607 2995 5671 ἔνθεος
3022 5606 3274 5680 διανομὴ.

2057 5681 2169 5750 (52)
2207 5675 2462 5747 Ἡδιίδέ.
2489 5678 2588 5732 Hic
2611 5675 2800 5749 incipit
2824 5687 2987 5746 caput
3010 5675 3279 5732 decimum
3310 5675 3366 5731 in
3391 5675 3538 5748 quit.-

1985 5767 2093 5824 que
2120 5752 2395 5807 veteribus
2426 5750 2604 5805 libris.
