3972 6218
385 462 481 518 Nl

1723 445 1783 501 Β.
1822 442 2066 500 BASILﬂ
2105 441 2317 498 MAG!“

3515 422 3628 475 ll!

379 581 613 636 naturai,
638 566 833 640 partim
856 562 1003 636 quod
1036 561 1301 634 dignitate
1336 558 1409 616 sit
1440 557 1691 614 interior.
1736 555 1948 623 Quibus

2081 557 2109 610 δ
2132 560 2231 630 τῆς
2251 555 2407 623 ἀξίας
2432 549 2709 614 καταδεές.
2734 546 2878 620 Πρὸς
2897 545 2992 610 οὓς
3015 543 3222 600 δίκαιον
3240 540 3339 612 τὴν
3357 539 3471 592 τῶν
3488 539 3627 592 ἁπο-

380 676 597 734 aquum
625 666 711 714 est
735 664 796 711 ut
825 652 1194 725 apostolorum
1224 650 1409 707 verbis
1456 646 1890 719 respondeamus
1935 666 1948 702 :

381 753 494 808 Deo
528 755 728 819 oportet
756 744 964 801 obedire
991 744 1159 813 magis
1193 756 1352 812 quam
1386 738 1681 794 hominibus
1720 737 1787 793 ⁸⁸.
1817 736 1951 792 Nam

383 843 433 899 si
449 840 713 896 Dominus
746 846 931 906 aperte
955 835 1011 888 in
1037 828 1298 888 tradendo
1327 829 1610 887 salutifero
1631 828 1955 900 baptismate

385 933 642 1006 praecepit
671 928 976 997 discipulis,
1006 934 1068 981 ut
1104 925 1445 995 baptizarent
1469 937 1659 977 omnes
1684 929 1871 991 gentes
1898 919 1953 973 in

384 1025 605 1080 nomine
630 1020 809 1074 Patris
840 1025 895 1072 et
934 1016 1058 1072 Filii
1092 1025 1147 1072 et
1194 1014 1431 1086 Spiritus
1464 1013 1641 1070 sancti
1682 1013 1728 1044 ⁹¹
1749 1051 1765 1075 ,
1797 1011 1955 1079 ,ιιαιιᾶ

386 1111 711 1183 dedignatus
759 1123 885 1162 cum
927 1107 1022 1162 illo
1068 1107 1414 1161 consortium
1460 1123 1474 1159 :
1518 1111 1709 1159 contra
1750 1102 1843 1157 isti
1873 1100 1956 1155 dia

386 1214 551 1268 cunt,
596 1216 707 1256 non
754 1208 1006 1270 oportere
1047 1196 1314 1268 Spiritum
1358 1194 1507 1249 Patri
1551 1192 1799 1263 Filioque
1850 1192 1953 1262 21

387 1296 738 1365 conjungere;
771 1307 840 1345 an
865 1304 973 1344 non
1006 1287 1102 1344 Dei
1136 1294 1407 1358 praecepto
1458 1286 1634 1356 palam
1663 1284 1958 1339 adversan-

387 1386 516 1444 tur?
549 1384 783 1445 Etenim,
810 1383 857 1437 si
886 1381 1077 1436 dicunt
1098 1377 1415 1449 hujusmodi
1439 1376 1821 1444 conjunctione
1850 1389 1959 1429 non

387 1473 654 1531 declarari
677 1472 840 1525 ullam
874 1469 1314 1525 communionem
1344 1473 1440 1520 aut
1486 1464 1847 1530 consortium;
1877 1461 1962 1516 dia

388 1579 519 1628 cant
543 1569 804 1639 quidnam
831 1564 1123 1620 conveniat
1170 1563 1274 1617 hoc
1319 1559 1635 1617 existimare
1657 1597 1674 1624 ,
1706 1565 1761 1613 et
1798 1570 1959 1626 quam

390 1663 553 1717 aliam
579 1659 806 1715 eﬁ‘erant
826 1656 998 1728 magis
1024 1655 1356 1725 peculiarem
1379 1650 1646 1706 consortii
1672 1649 1964 1703 rationem?

392 1752 462 1809 Et
493 1751 713 1823 quidem
754 1750 801 1805 si
835 1748 1099 1802 Dominus
1148 1746 1253 1801 sibi
1295 1753 1348 1800 et
1382 1742 1529 1797 Patri
1560 1757 1670 1796 non
1716 1739 1964 1809 adjunxit

397 1842 662 1912 Spiritum
698 1837 753 1893 in
780 1837 1075 1908 baptismo,
1100 1849 1279 1904 neque
1303 1833 1466 1887 etiam
1493 1830 1652 1885 nobis
1680 1830 1813 1883 vitio
1843 1842 1964 1883 ver-

395 1939 514 1986 tant
542 1927 691 2000 quod
720 1943 815 1983 eos
847 1925 1257 1997 conjungimus.
1294 1921 1439 1978 Nihil
1465 1920 1610 1976 enim
1641 1936 1743 1975 nos
1784 1919 1963 1974 diver-

395 2037 519 2076 sum
550 2035 727 2090 neque
767 2020 1034 2075 sentimus
1058 2057 1074 2082 ,
1109 2030 1284 2086 neque
1316 2013 1611 2084 loquimur.
1645 2012 1742 2067 Sin
1782 2021 1962 2066 autem

396 2116 511 2170 illic
562 2113 895 2183 conjunetus
948 2118 1035 2166 est
1076 2107 1227 2163 Patri
1273 2115 1330 2162 et
1373 2106 1512 2162 Filio
1556 2104 1815 2176 Spiritus,
1865 2118 1965 2159 nec

396 2206 688 2277 quisquam
732 2213 813 2259 est
856 2202 991 2256 adeo
1040 2197 1328 2271 impudens
1352 2236 1368 2263 ,
1398 2206 1459 2251 ut
1490 2195 1640 2251 aliud
1670 2195 1965 2266 quidquam

398 2299 567 2364 dicat,
612 2313 681 2351 ne
710 2295 792 2351 sic
819 2293 1038 2365 quidem
1066 2306 1167 2347 nos
1200 2290 1257 2344 in
1274 2289 1366 2361 jus
1394 2298 1610 2353 vocent,
1640 2287 1688 2343 si
1719 2286 1967 2357 Scriptu-

399 2406 492 2447 ras
517 2389 821 2459 sequimur.
860 2434 865 2437 .

468 2483 561 2539 25.
590 2481 699 2537 Sed
729 2479 853 2535 belli
881 2477 1170 2534 adversum
1205 2490 1306 2531 nos
1339 2488 1634 2545 apparatus
1664 2472 1967 2529 instructus

398 2582 504 2639 est,
520 2574 808 2641 onmisque
827 2568 1087 2640 cogitatio
1118 2567 1328 2620 intenta
1353 2574 1438 2620 est
1464 2564 1519 2618 in
1540 2579 1665 2627 nos,
1699 2572 1752 2619 et
1773 2564 1971 2633 linguas

401 2664 795 2725 maledicorum
822 2660 914 2713 hic
946 2655 1324 2713 vehementius
1358 2655 1674 2726 jaculantur
1702 2669 1865 2725 quam
1906 2655 1966 2718 ii,

401 2754 495 2824 qui
526 2752 815 2809 Christum.
851 2746 1200 2811 occiderant,
1249 2746 1381 2800 olim
1418 2744 1691 2814 lapidibus
1722 2743 1971 2813 impetie-

404 2854 531 2900 runt
552 2840 911 2911 Stephanum.
943 2835 1144 2891 Verum
1175 2850 1247 2890 ne
1275 2841 1704 2905 consequantur,
1727 2844 1786 2888 ut
1807 2834 1972 2888 lateat

404 2949 506 2991 nos
528 2933 746 3003 quidem
770 2945 893 2986 esse
919 2928 1046 2984 belli
1070 2927 1418 2982 occasionem
1439 2965 1456 2993 ,
1501 2925 1598 2981 sed
1640 2940 1763 2996 quae
1798 2940 1973 2996 agun-

404 3035 497 3080 tur
541 3039 736 3080 revera
781 3021 850 3076 ad
893 3021 1172 3077 excelsum
1197 3027 1492 3102 .‘spectare.
1537 3021 1728 3089 Itaque
1771 3018 1828 3073 in
1871 3033 1972 3074 nos

406 3115 627 3186 quidem
657 3112 940 3167 machinas
974 3117 1029 3166 et
1051 3110 1282 3166 insidias
1307 3110 1613 3173 instruunt,
1650 3125 1818 3180 seque
1852 3124 1975 3163 mu-

2054 650 2255 703 στόλων
2296 647 2480 718 φωνὴν
2523 638 2922 714 ἀποκρίνασθαι
2960 637 3092 710 (35),
3142 635 3224 689 ὅτι
3272 630 3629 718 Πειθαρχεῖν

2055 737 2176 805 Θεῷ
2201 717 2547 806 δεῖμᾶλλον
2566 731 2605 801 ἢ
2631 726 2982 797 ἀνθρώποις.
3012 724 3076 777 Εἰ
3100 721 3209 792 γὰρ
3238 722 3267 774 ὁ
3290 719 3386 791 μὲν
3415 717 3629 788 Κύριος

2056 831 2240 900 σαφῶς
2274 832 2333 884 ὲν
2372 830 2438 899 τῇ
2473 822 2768 896 παραδόσει
2802 818 2895 872 τοῦ
2941 815 3208 888 σωτηρίου
3250 811 3631 883 βαπτίσματος

2054 920 2356 998 προσέταξε
2388 921 2502 983 τοῖς
2532 917 2805 988 μαθηταῖς
2852 910 3131 983 βαπτίζειν
3171 904 3350 998 πάντα
3385 902 3456 998 τὰ
3492 900 3630 970 ἔθνη

2031 992 2135 1077 ἐἰς
2177 1013 2348 1082 ὄνομα
2388 1006 2601 1078 ῙΙατρὸς
2646 1004 2742 1058 καὶ
2774 1000 2907 1056 Υίοῦ
2949 1000 3044 1053 καὶ
3089 995 3244 1064 ἁγίου
3282 992 3625 1082 Πνεύματος,

2055 1105 2154 1158 οὐκ
2185 1080 2432 1166 ἀπαξιῶν
2458 1099 2558 1170 τὴν
2588 1096 2724 1168 πρὸς
2762 1093 2895 1149 αὐτὸ
2930 1089 3234 1150 κοινωνίαν,
3263 1080 3408 1140 οὗτοι
3450 1084 3510 1136 δὲ
3549 1081 3632 1153 μὴ

2056 1198 2252 1268 χρῆναι
2286 1192 2417 1248 αὐτὸ
2442 1189 2619 1259 Πατρὶ
2648 1188 2742 1240 καὶ
2765 1182 2879 1254 Υἱῷ
2901 1181 3217 1236 συντάσσειν
3245 1175 3482 1243 λέγουσι’
3507 1170 3633 1268 πῶς

2206 1286 2272 1355 τῇ
2301 1280 2396 1336 τοῦ
2425 1278 2560 1334 Θεοῦ
2590 1277 2818 1346 διαταγῇ
2849 1271 3128 1345 προδήλως
3155 1266 3539 1328 ἀνθίστανταις
3567 1261 3633 1314 El

2063 1378 2160 1449 μὲν
2195 1376 2301 1447 γὰρ
2343 1374 2442 1427 οὐκ
2477 1366 2616 1424 εἷναί
2650 1385 2781 1438 φασι
2814 1366 2915 1436 τὴν
2949 1362 3202 1431 τοιαύτην
3234 1356 3487 1422 σύνταξιν
3514 1371 3633 1407 κοι-

2061 1469 2252 1532 νωνίας
2302 1465 2446 1528 τινὸς
2487 1463 2580 1516 καὶ
2613 1456 2908 1527 συναφείας
2940 1452 3260 1518 δηλωτικὴν,
3294 1449 3632 1509 εἰπάτωσαν,

2059 1561 2112 1617 τί
2147 1560 2243 1631 μὲν
2270 1556 2509 1628 νομίζειν
2537 1551 2694 1605 τοῦτο
2722 1549 3024 1622 προσήκεις
3061 1544 3181 1597 τίνα
3208 1540 3263 1594 δὲ
3288 1536 3473 1610 ἓτερον
3502 1552 3633 1631 mvi-

2061 1623 2255 1720 αφείας
2294 1623 2494 1719 τρόπον
2543 1641 2871 1710 οἰκειότερον
2910 1637 3128 1708 ἐχουσι;
3167 1629 3425 1696 Καίτοιγε
3463 1623 3633 1720 είλμὴ

2064 1716 2298 1812 συνῆψεν
2332 1716 2362 1790 δ
2392 1736 2596 1808 Κύριος
2641 1732 2821 1803 ἑαυτῷ
2856 1731 2951 1784 καὶ
2980 1726 3058 1798 τῷ
3088 1724 3263 1795 Πατρὶ
3297 1722 3359 1774 τὸ
3406 1716 3635 1789 Πνεῦμα

2065 1835 2205 1891 κατὰ
2245 1833 2308 1888 τὸ
2351 1831 2652 1903 βάπτισμα,
2701 1824 2836 1897 μηδὲ
2874 1824 3004 1893 ἡμῖν
3038 1818 3146 1891 (34)
3193 1815 3292 1888 τὴν
3338 1814 3636 1903 συνάφειαν

2065 1902 2490 1994 ἐγκαλείτωσαν.
2541 1916 2706 1971 Οὐδὲν
2753 1913 2864 1985 γὰρ
2912 1914 3073 1983 ἡμεῖς
3120 1907 3456 1977 ἀλλοιότερον
3505 1902 3635 1994 οὔτε

2065 1992 2388 2091 φρονοῦμεν,
2416 2011 2541 2067 οὒτε
2569 2004 2937 2080 φθεγγόμεθα.
2962 2004 3025 2056 Et
3050 2002 3106 2056 δὲ
3129 2000 3397 2070 συνῆπται
3420 1996 3538 2049 ἐκεῖ
3555 1992 3638 2065 τῷ

2064 2086 2240 2180 lingit
2273 2107 2368 2160 καὶ.
2407 2103 2486 2175 τῷ
2529 2099 2666 2171 Υἱῷ,
2700 2099 2796 2152 καὶ
2825 2096 2998 2158 οὐδεὶς
3022 2092 3209 2166 ,οὕτως
3239 2088 3459 2159 ἀναιδὴς
3493 2086 3637 2140 ὥστε

2064 2177 2200 2256 ἄλλο.
2222 2216 2275 2252 τι
2320 2197 2510 2267 φῆσαι,
2556 2192 2682 2264 μηδ’
2719 2188 2892 2250 οὕτως
2939 2187 3069 2256 ἡμῖν
3114 2181 3537 2252 ἐγκαλείτωσαν,
3584 2177 3637 2229 εί

2065 2295 2177 2356 τοῖς
2203 2286 2609 2361 γεγραμμένοις
2629 2278 3048 2348 ἀκολουθοῦμεν.

2136 2466 2227 2522 25.
2276 2463 2413 2518 Ἀλλ’
2436 2464 2472 2535 ἡ
2496 2462 2592 2534 μὲν
2615 2457 2937 2530 παρασκευὴ
2960 2452 3053 2507 τοῦ
3082 2450 3204 2506 καθ’
3227 2447 3384 2520 ἡμῶν
3402 2444 3640 2515 πολέμου

2069 2555 2508 2630 ἐξήρτυταιίὸὕ),
2531 2551 2626 2606 καὶ
2652 2551 2802 2603 πᾶσα
2826 2547 3033 2602 διάνοια
3063 2543 3197 2613 πρὸς
3225 2542 3372 2612 ἡμᾶς
3395 2538 3640 2630 τέταται.

2069 2628 2179 2703 καί
2198 2646 2437 2718 γλῶσσαι
2466 2643 2800 2715 βλασφημῶν
2832 2634 2935 2693 ὧδε
2970 2634 3250 2700 τοξεύουσι
3287 2628 3643 2700 σφοδρότερον

2073 2717 2360 2811 βάλλουσαι
2379 2736 2412 2809 ἢ
2433 2736 2524 2790 τὸν
2544 2734 2812 2802 Στέφανον
2835 2731 2951 2784 τότε
2964 2731 3075 2792 τοῖς
3095 2725 3262 2788 λίθοις
3281 2724 3331 2775 οἱ
3356 2717 3647 2794 χριστοφό-

2071 2848 2171 2888 νοι⁶
2213 2834 2287 2905 μὴ
2330 2829 2744 2905 λανθανέτωσαν
2783 2826 2860 2891 δὲ,
2904 2826 2987 2879 ὅτι
3032 2821 3325 2894 πρόσχημα
3369 2814 3467 2888 μὲν

2072 2928 2100 2979 ὁ
2134 2901 2370 2995 πόλεμος
2402 2902 2537 2994 ἔχει,
2569 2923 2603 2993 ἠ
2636 2919 2692 2973 δὲ
2713 2917 2937 2989 ἀλήθεια
2965 2913 3074 2967 τῶν
3100 2909 3398 2981 γινομένων
3424 2904 3562 2976 πρὸς

2074 3014 2206 3085 ὕψος
2232 2994 2435 3085 βλέπει.
2464 3013 2623 3065 Ὥστε
2657 3011 2741 3079 ἐφ’
2771 3010 2917 3082 ἡμᾶς
2955 3006 3053 3078 μὲν
3085 3001 3244 3074 δῆθεν
3266 2999 3364 3063 τὰς
3389 2994 3649 3069 ,μηχανὰς

2074 3107 2168 3161 καὶ
2201 3104 2300 3170 τὰς
2327 3104 2546 3177 ἐνέδρας
2580 3099 3048 3163 διασκευάζονται,
3090 3096 3187 3150 καὶ
3220 3091 3474 3164 »ἀλληλοις
3490 3092 3653 3158 ἐγκε-

408 3177 504 3263 ιύο
536 3206 898 3263 exhortantur
923 3202 990 3257 ad
1032 3200 1288 3256 ferendas
1309 3201 1588 3272 suppetias
1607 3243 1623 3265 ,
1654 3177 1973 3271 utquisque

2081 3197 2320 3252 λεύονται
2364 3194 2696 3266 ἐπιϐοηθεῖν,
2742 3193 2818 3256 ὡς
2859 3191 3088 3252 ἕκαστος
3125 3186 3237 3257 ἔχει
3281 3181 3574 3254 ἐμπειρίας
3590 3177 3649 3284 ’ἢ

408 3297 602 3370 peritia
630 3302 725 3349 aut
775 3294 972 3350 robore
1009 3292 1175 3349 valet.
1218 3290 1489 3347 Caeterum
1538 3292 1591 3346 id
1624 3292 1772 3362 quod
1800 3306 1977 3362 oppu-

409 3395 669 3460 gnantur,
701 3383 834 3438 ﬁdes
856 3392 961 3448 est,
991 3383 1148 3453 isque
1171 3396 1374 3452 scapus
1414 3382 1721 3436 communis
1748 3389 1834 3437 est
1863 3396 1984 3435 om-

412 3481 573 3534 nibus
601 3476 952 3540 adversariis,
983 3483 1036 3530 et
1064 3489 1211 3529 sana:
1243 3474 1505 3529 doctrinae
1533 3473 1790 3536 inimicis,
1809 3480 1869 3527 ut
1890 3487 1982 3529 so-

414 3570 680 3625 liditatem
708 3566 830 3622 ﬁdei
865 3567 920 3621 in
947 3564 1228 3621 Christum
1258 3565 1597 3627 concutiant,
1630 3552 1981 3634 apostolicam

423 3660 773 3717 traditionem
802 3658 920 3714 solo
941 3666 1206 3727 aequatam
1234 3656 1520 3713 abolendo.
1539 3654 1857 3727 Eapropter,
1875 3657 1985 3712 sic-

417 3761 478 3808 ut
510 3753 689 3809 solent
720 3751 810 3821 qui
843 3751 999 3806 bona:
1043 3747 1169 3803 ﬁdei
1201 3746 1479 3803 debitores
1524 3756 1672 3811 sunt,
1703 3749 1985 3819 probatio-

418 3858 515 3899 nes
541 3857 572 3898 e
602 3841 885 3912 Scriptura
912 3839 1150 3893 clamore
1177 3837 1436 3908 exigunt,
1477 3836 1702 3893 Patrum
1732 3839 1984 3895 testimo-

416 3936 590 3996 nium,
637 3932 786 4002 quod
829 3930 1092 4000 scriptum
1123 3945 1234 3986 non
1266 3937 1390 3994 est,
1433 3931 1581 3985 velut
1625 3930 1835 3987 nullius
1871 3947 1988 3987 mo-

417 4024 588 4079 menti
615 4022 947 4093 rejicientes.
971 4020 1041 4075 At
1064 4018 1133 4075 de
1160 4021 1364 4074 tuenda
1390 4020 1616 4075 veritate
1638 4021 1773 4075 nihil
1789 4022 1987 4076 remit-

419 4124 619 4181 temus,
639 4129 817 4184 neque
846 4113 1061 4185 ignavia
1090 4128 1121 4168 a
1139 4111 1378 4169 ferendis
1404 4113 1481 4168 illi
1509 4115 1729 4172 auxiliis
1755 4115 1988 4173 desiste-

418 4220 562 4261 mus.
600 4203 816 4260 Etenim
846 4206 892 4259 si
921 4204 1183 4260 Dominus
1209 4204 1389 4269 nobis,
1423 4212 1482 4258 ut
1516 4207 1888 4263 necessarium
1925 4222 1990 4262 ac

422 4298 661 4354 salutare
693 4296 910 4368 dogma,
946 4294 1180 4367 Spiritus
1200 4311 1325 4351 cum
1356 4295 1517 4352 Patre
1548 4298 1989 4368 conjunctionem

421 4387 667 4453 tradidit;
701 4386 787 4441 his
812 4392 992 4440 autem
1019 4400 1124 4440 non
1157 4386 1232 4439 ita
1259 4385 1494 4453 videtur,
1525 4388 1621 4443 sed
1654 4388 1899 4444 dividere
1925 4403 1990 4443 ac

421 4477 727 4535 distrahere
768 4474 1027 4547 Spiritum
1079 4484 1134 4531 et
1165 4476 1236 4532 ad
1274 4477 1528 4533 servilem
1592 4488 1846 4534 naturam
1892 4478 1989 4535 de-

2085 3288 2292 3361 ῥώμης.
2321 3288 2509 3351 Πίστις
2536 3286 2596 3339 δέ
2631 3288 2747 3338 ἐστι
2784 3283 2844 3335 τὸ
2882 3277 3306 3352 πολεμούμενονκ
3347 3271 3442 3326 καὶ
3469 3268 3651 3332 κοινὸς

2084 3381 2285 3445 σκοπὸς
2329 3380 2501 3434 ἅπασι
2539 3379 2652 3440 τοῖς
2693 3374 2957 3436 ἐναντίοις
2985 3372 3079 3425 καὶ
3106 3368 3319 3440 ἐχθροῖς
3345 3364 3444 3435 τῆς
3473 3364 3659 3431 ὐγιαιυ

2082 3473 2277 3544 νούσης
2304 3468 2649 3533 διδασκαλίας
2672 3467 2734 3520 τὸ
2764 3464 3051 3537 στερέωμα
3072 3460 3171 3531 τῆς
3198 3460 3278 3522 εἰς
3305 3453 3539 3544 Χριστὸν
3561 3451 3655 3504 πί·-

2085 3579 2253 3625 στεως
2272 3561 2610 3622 κατασείσαι,
2637 3558 2703 3609 ὲκ
2731 3554 2823 3608 τοῦ
2847 3554 2946 3624 τὴν
2972 3546 3331 3617 ἁποστολικὴν
3353 3542 3655 3615 παράδοσιν

2084 3651 2460 3723 ὲδαφισθεῖσαν
2490 3645 2877 3719 ἀφανισθῆναι.
2907 3641 3004 3695 Διὰ
3033 3639 3212 3715 τοῦτο,
3244 3637 3319 3701 ὡς
3349 3636 3458 3723 τῶν
3479 3650 3655 3720 χρεω-

2084 3712 2344 3814 φειλετῶν
2373 3743 2422 3794 οἱ
2454 3712 2611 3811 δῆθεν
2644 3712 2984 3806 εὐγνώμονες
3008 3712 3153 3801 (56),
3180 3727 3280 3790 τὰς
3312 3728 3376 3780 ὲκ
3415 3712 3526 3778 τῶν
3558 3715 3652 3791 ιγ-

2085 3813 2313 3908 γράφων
2365 3829 2664 3894 ἀποδείξεις
2710 3824 3060 3887 ἐπιϐοῶνται,
3104 3820 3202 3892 τὴν
3257 3819 3501 3889 ἄγραφον
3543 3813 3657 3867 τῶν

2086 3905 2345 3998 Πατέρων
2379 3921 2681 3995 μαρτυρίαν
2713 3919 2788 3983 ὡς
2824 3916 3035 3978 οὐδενὸς
3064 3913 3222 3980 ἀξίαν
3257 3905 3657 3998 ἀποπεμπόμεέ

2087 4038 2187 4076 νοι.
2241 3997 2391 4072 γ’Δλλ’
2445 4017 2506 4069 οὐ
2558 4013 2669 4083 γὰρ
2723 4007 3042 4082 ὑφησόμεθα
3075 4007 3174 4077 τῆς
3211 4001 3489 4074 ἀληθείας,
3534 3997 3657 4052 οὐδὲ

2087 4109 2256 4179 δειλία
2280 4106 2376 4179 τὴν
2403 4102 2716 4176 συμμαχίαν
2739 4099 3108 4172 προδώσομεν.
3140 4096 3204 4148 Εἰ
3224 4093 3332 4166 γὰρ
3362 4094 3390 4146 ὁ
3420 4092 3518 4163 μὲν
3541 4088 3659 4142 Κύ-

2093 4218 2205 4274 ριος
2253 4199 2329 4262 ὡς
2372 4198 2667 4264 ἀναγκαῖον
2711 4194 2807 4247 καὶ
2848 4191 3113 4261 σωτήριον
3157 4187 3332 4257 δόγμα
3373 4186 3471 4257 τὴν
3521 4182 3660 4256 μετὰ

2089 4292 2303 4365 Πατρδς
2334 4289 2583 4353 σύνταξιν
2614 4286 2707 4340 τοῦ
2748 4285 2903 4353 ἁγίου
2942 4281 3257 4353 Πνεύματος
3288 4278 3658 4350 παραδέδωκε,

2089 4389 2202 4450 τοῖς
2244 4385 2301 4440 δὲ
2337 4385 2437 4455 οὺχ
2472 4381 2615 4436 οὕτω
2650 4380 2819 4441 δοκεῖ,
2858 4375 2994 4431 ἀλλὰ
3023 4374 3253 4445 διαιρεῖν
3296 4372 3390 4427 καὶ
3425 4371 3662 4441 διασπᾷν

2092 4478 2186 4533 καὶ
2207 4477 2300 4530 ἐπὶ
2318 4475 2415 4546 τὴν
2446 4473 2609 4544 φύσιν
2634 4471 2733 4543 τὴν
2757 4465 3136 4540 λειτουργικὴν
3169 4464 3494 4536 μετοικίζειν
3521 4461 3659 4533 (57)ο

420 4570 673 4625 trudere:
696 4583 766 4623 an
787 4581 896 4621 non
917 4580 1105 4621 verum
1135 4573 1241 4630 est,
1272 4567 1416 4637 apud
1445 4569 1568 4623 illos
1589 4568 1974 4639 blasphemiam

2094 4567 2209 4632 πῶς
2236 4568 2339 4622 οὐκ
2363 4565 2582 4634 ἀληθὲς,
2611 4563 2692 4616 ὅτι
2717 4561 2818 4631 τὴν
2852 4558 3060 4613 ἑαυτῶν
3095 4556 3438 4627 βλασφημίαν
3461 4570 3664 4625 κυριω-

421 4662 664 4731 ipsorum
694 4660 817 4731 plus
841 4658 1043 4731 habere
1072 4658 1347 4729 ponderis,
1377 4672 1541 4730 quam
1586 4657 1800 4714 Domini
1839 4676 1983 4731 pra:-

490 4818 534 4848 "
594 4816 716 4869 Act.
757 4832 813 4880 v,
853 4813 944 4869 29.
1019 4812 1067 4844 ⁹²
1116 4810 1308 4866 Matth.
1352 4827 1546 4879 xxvnt,
1584 4811 1671 4867 19.

421 4934 1117 5059 νεέὲῗὶᾌποκρίνασθαι.
1166 4930 1399 4987 Codices
1446 4931 1699 4986 nonnulli
1754 4932 1987 5004 ἀποκρί-

495 5073 604 5145 (54)
635 5070 799 5139 Μηδὲ
827 5070 990 5141 ἡμῖν.
1034 5069 1159 5145 Haec
1198 5070 1493 5145 scriptura,
1525 5085 1687 5145 quam
1721 5070 1990 5145 Erasmus

424 5144 478 5199 in
504 5140 917 5213 interpretando
949 5144 1226 5213 sequitur,
1250 5140 1410 5213 bilem
1436 5143 1602 5194 movit
1624 5140 1952 5197 Combelisio
1975 5158 1988 5207 ;

424 5228 489 5268 ac
517 5211 805 5282 legendum
831 5228 953 5268 esse
974 5211 1276 5274 contendit,
1303 5212 1440 5282 utin
1466 5217 1702 5279 quatuor
1728 5226 1860 5268 mss.
1895 5227 1986 5282 re:

424 5279 691 5360 perimus,
731 5281 852 5360 τδτε
886 5285 1036 5360 ημίχ,
1075 5282 1227 5360 unc
1264 5279 1410 5360 nobis
1440 5281 1815 5360 vitiorertgnt,
1845 5281 1985 5351 quod

422 5348 1091 5432 eosnconjungimus'ILSed
1125 5366 1348 5432 prorsus
1382 5351 1653 5430 immerito
1694 5348 1982 5430 Erasmam

423 5419 797 5490 vellicat,_qUi
840 5424 1011 5477 multo
1056 5419 1251 5476 rnélius
1298 5421 1584 5476 sententia:
1623 5419 1983 5490 seriempzr-

425 5493 627 5563 spexit.
651 5487 784 5563 Fert
801 5492 947 5544 enim
974 5493 1338 5545 conditionem
1365 5489 1695 5563 adversariis
1724 5487 1983 5563 Basilius,

422 5558 628 5639 eosque
656 5559 897 5639 undique
927 5564 1253 5639 constrictos
1276 5567 1441 5639 tenet,
1479 5569 1536 5613 ut
1557 5559 1650 5639 his
1679 5558 1883 5639 verbis,
1920 5558 1988 5613 In

423 5627 631 5688 nomine
664 5627 841 5684 Patris
864 5641 912 5698 et
939 5628 1069 5683 Filii
1087 5640 1133 5683 et
1154 5629 1379 5695 Spiritus
1397 5631 1586 5693 sancti,
1617 5629 1698 5683 vel
1723 5627 1987 5698 Spiritum

426 5717 549 5769 cum
582 5699 744 5754 Patre
770 5708 824 5754 et
846 5697 985 5753 Filio
1012 5699 1271 5768 conjungi
1309 5708 1524 5769 negent,
1565 5699 1648 5753 vel
1690 5697 1981 5769 fateantur.

425 5768 486 5831 Si
515 5771 772 5841 conjungi
805 5777 1023 5841 negent.
1071 5784 1269 5841 neque
1292 5768 1456 5841 etiam
1492 5785 1551 5825 se
1582 5768 1987 5841 conjunctiouis

426 5838 643 5899 nomine
687 5838 930 5898 incusari
971 5842 1041 5898 ab
1086 5838 1195 5899 illis
1238 5838 1457 5910 debere,
1496 5854 1621 5897 cum
1657 5839 1792 5896 nihil
1839 5838 1988 5897 dicat

2091 4661 2256 4734 τέραν
2282 4658 2561 4715 ποιοῦνται
2591 4657 2689 4728 τῆς
2721 4654 2815 4708 τοῦ
2853 4650 3122 4706 Δεσπότου
3146 4648 3500 4721 νομοθεσίαςς
3523 4646 3661 4718 Φέρε

2095 4944 2275 5000 neque
2299 4928 2502 5000 sentiat
2524 4927 2593 4981 ab
2620 4927 2723 4981 hoc
2751 4925 3065 5000 testimonio
3087 4922 3386 5000 diversum,
3419 4935 3520 5000 nec
3548 4935 3665 4975 ma—

2097 4993 2280 5071 gis-ex
2323 4998 2439 5071 suis
2470 5011 2636 5067 quam
2662 5011 2735 5071 ex
2779 4994 2982 5071 Christi
3012 4994 3195 5071 verbis
3226 4993 3670 5071 conjunction:-

2097 5062 2320 5140 t'luatur.
2371 5066 2452 5140 Si_
2479 5062 2611 5120 vero
2640 5064 2913 5140 fateatur,
2969 5063 3241 5117 immerito
3277 5063 3423 5140 litem
3458 5062 3563 5117 sibi
3597 5062 3669 5115 ab

2099 5131 2207 5195 illis
2231 5136 2479 5208 impingi,
2509 5136 2655 5205 quod
2681 5133 3024 5208 Scripturam
3056 5142 3334 5208 sequatur.
3372 5131 3523 5186 Hanc
3544 5145 3671 5186 esse

2100 5209 2286 5263 Basilii
2310 5204 2643 5261 sententiam
2679 5204 2997 5274 perspiciet,
3031 5204 3284 5271 quisquis
3316 5204 3454 5272 leget
3484 5209 3668 5254 a‘ten-

2100 5282 2229 5333 tius.
2266 5276 2630 5342 Quamobrem
2667 5274 2946 5328 retinenda
2982 5274 3084 5326 fuit
3113 5275 3329 5342 vulgata
3371 5274 3667 5341 scriptura,

2092 5350 2343 5421 quamvis
2364 5346 2547 5421 altera
2575 5347 2629 5400 in
2663 5344 2912 5421 pluribus
2936 5350 3118 5421 _ex5tet
3147 5343 3453 5421 codicibus.

2164 5418 2277 5486 (35)
2317 5411 2689 5483 Ἔξήρτυταί.
2724 5414 2817 5486 Sic
2853 5413 3202 5486 Colhertinus
3233 5421 3287 5486 et
3314 5414 3423 5465 duo
3451 5411 3670 5486 codices

2094 5480 2487 5593 acgombcﬁsio
2514 5485 2687 5540 citati.
2741 5483 2877 5554 Reg.
2924 5483 3198 5538 secundus
3242 5481 3497 5554 ἐπηρται.
3526 5480 3671 5535 Editi

2094 5574 2409 5610 εεηοτηται.

2124 5575 2589 5698 ⁵ῗὶςῐξίγὲῗ,δῆθεν
2616 5624 3007 5698 εὐγνώμονες.
3037 5620 3203 5679 Recte
3226 5622 3538 5698 observavit
3561 5619 3674 5698 Bil-

2096 5692 2206 5820 lilu's
2238 5698 2393 5820 ilj‘ud,
2425 5698 2572 5749 bona:
2602 5692 2727 5763 ﬁdei
2768 5694 3051 5760 debitores,
3084 5709 3193 5749 non
3229 5693 3348 5749 sine
3372 5693 3549 5748 ironia
3585 5692 3671 5748 di-

2096 5783 2125 5820 C
2155 5784 2245 5820 III"
2300 5780 2471 5820 ιιιεεε.

2094 5774 2184 5822 ειῑι
2197 5784 2245 5820 m
2277 5774 2471 5820 fuisse.

2166 5837 2282 5911 (37)
2309 5832 2690 5898 Μετοικιζειν.
2716 5833 2976 5896 Nonnulli
3004 5834 3226 5894 codices
3260 5832 3671 5908 μετακομίζειῆ
