3972 6218
1706 298 1763 355 ε.
1800 299 2047 358 BASILII
2085 304 2296 363 MAGNI

360 399 603 477 perfugis
620 420 689 463 ac
710 408 1167 478 pravaricatores
1193 412 1542 484 appellantur
1567 455 1582 483 ,
1616 423 1677 470 ut
1716 417 1808 487 qui
1850 432 1940 472 sa-

2039 420 2149 475 τῶν
2183 424 2456 496 συνθήκας
2492 432 3073 505 παρασπονδήσαντεςς
3117 437 3186 493 Τί
3219 434 3312 495 οὖν
3339 441 3481 498 εἴπω
3516 444 3608 500 τὸν

360 496 492 552 Iutis
521 513 636 553 suae
658 509 815 570 pacta
853 500 1151 557 violarint?
1182 505 1304 570 Quo
1334 506 1502 577 igitur
1545 509 1764 564 nomine
1800 525 1926 565 eum

360 586 458 657 qui
487 586 658 643 Deum
691 591 1004 662 abnegavit,
1026 610 1138 665 quo
1162 612 1287 651 eum
1318 599 1411 669 qui
1452 600 1731 657 Christum
1764 603 1933 660 abne-

357 679 528 752 gavit,
558 681 866 753 appellem?
898 683 1145 752 Quonam
1180 689 1317 753 alio,
1350 706 1514 761 quam
1546 696 1931 764 praevaricato-

359 774 439 828 ris
468 787 534 829 ac
561 775 907 833 desertoris?
936 781 1006 832 At
1033 781 1081 834 ei
1110 782 1205 850 qui
1235 784 1450 854 negavit
1470 783 1754 855 Spiritum,
1785 789 1931 859 quod

358 877 449 918 me
482 863 569 919 vis
594 879 789 921 nomen
822 866 1141 938 imponere?
1170 870 1361 927 Nonne
1390 874 1495 928 hoc
1525 876 1665 931 idem
1684 915 1702 943 ,
1732 880 1934 951 quippe

358 955 452 1023 qui
484 964 702 1025 pactum
731 973 856 1015 cum
890 958 1001 1016 Deo
1039 960 1234 1017 initum
1265 965 1526 1021 violarit?
1555 967 1696 1038 Ergo
1723 985 1847 1025 cum
1878 981 1934 1027 et

246 1036 253 1045 ’
357 1045 483 1102 ﬁdei
530 1049 585 1102 in
645 1038 1221 1124 Spiritum‘professio
1272 1036 1665 1115 beatitudinem
1713 1064 1930 1131 pietatis

357 1139 517 1196 nobis
545 1144 830 1207 conciliet,
868 1156 925 1201 et
969 1148 1256 1219 abnegatio
1293 1152 1509 1206 crimini
1544 1153 1797 1224 abnegati
1836 1154 1931 1211 Dei

358 1230 525 1286 faciat
550 1234 851 1292 obnoxios:
888 1253 957 1293 an
983 1255 1092 1294 non
1123 1240 1456 1299 horrendum
1473 1253 1557 1301 est
1576 1250 1754 1316 ipsum
1783 1264 1931 1306 nunc

355 1325 605 1394 rejicere,
628 1343 735 1383 non
762 1329 964 1400 ignem,
990 1347 1099 1388 non
1130 1335 1393 1405 gladium,
1418 1354 1524 1393 non
1553 1355 1796 1410 crucem,
1820 1359 1929 1399 non

351 1411 586 1483 ﬂagella,
620 1432 728 1472 non
768 1427 970 1485 rotam,
1005 1436 1115 1477 non
1145 1431 1416 1482 tormenta
1443 1437 1787 1497 metuentes,
1832 1438 1929 1490 sed

352 1507 488 1563 solis
508 1509 940 1579 sophismatibus
967 1515 1490 1590 seductionibnsque
1533 1523 1762 1580 istorum
1784 1565 1800 1590 ,
1832 1529 1925 1597 qui

355 1594 584 1667 Spiritui
627 1601 857 1658 rebelles
909 1613 1061 1671 sunt,
1104 1606 1405 1679 deceptos?
1438 1611 1726 1671 Testillcor
1775 1594 1924 1673 omni

352 1687 562 1744 homini
585 1688 864 1747 Christum
894 1696 1203 1764 proﬁtenti,
1234 1708 1290 1756 et
1322 1699 1488 1756 Deum
1510 1707 1755 1775 neganti,
1778 1711 1922 1773 quod

348 1777 606 1837 Christus
643 1782 779 1838 nihil
831 1785 909 1840 illi
949 1788 1228 1858 proderit;
1264 1801 1359 1845 aut
1404 1791 1571 1849 Deum
1622 1799 1917 1866 invocanti,

348 1867 544 1925 Filium
576 1888 706 1930 vero
737 1880 1043 1946 spernenti,
1074 1882 1221 1951 quod
1253 1882 1435 1941 inanis
1462 1895 1549 1942 est
1573 1887 1709 1945 ﬁdes
1749 1891 1917 1950 illius.

348 1957 484 2017 Item
510 1964 565 2019 ei
593 1966 688 2037 qui
730 1967 994 2038 Spiritum
1036 1974 1252 2042 rejicit,
1305 1978 1567 2034 testiﬁcor
1606 1983 1750 2052 quod
1787 1984 1921 2041 ﬁdes

347 2053 470 2118 ejus
499 2067 604 2124 qua
629 2059 917 2128 profitetur
947 2062 1164 2120 Patrem
1206 2075 1260 2123 et
1296 2068 1513 2134 Filium,
1558 2074 1737 2132 inanis
1771 2080 1876 2133 erit
1904 2098 1918 2133 :

348 2145 457 2216 23
487 2163 653 2217 quam
684 2167 788 2208 nec
811 2154 1014 2211 habere
1045 2166 1227 2227 potest
1266 2161 1369 2217 nisi
1411 2163 1575 2220 simul
1606 2167 1750 2222 adsit
1798 2169 1921 2238 Spi-

346 2238 513 2294 ritus.
556 2239 676 2297 Non
708 2243 855 2299 enim
903 2247 1077 2302 credit
1106 2249 1159 2304 in
1198 2249 1426 2319 Filium,
1454 2257 1548 2325 qui
1598 2274 1704 2313 non
1745 2261 1921 2316 credit

348 2328 603 2401 Spiritui;
630 2350 731 2392 nec
752 2337 927 2393 credit
952 2339 1008 2395 in
1037 2340 1272 2404 Patrem.
1297 2348 1389 2415 qui
1419 2364 1527 2403 non
1558 2352 1730 2406 credit
1759 2352 1917 2410 Filio.

347 2423 462 2479 Nec
488 2428 628 2482 enim
666 2439 837 2498 potest
873 2433 1045 2489 dicere
1072 2435 1355 2493 Dominum
1368 2439 1571 2507 Iesum,
1592 2444 1696 2499 nisi
1722 2446 1774 2499 in
1803 2445 1920 2515 Spi-

345 2517 452 2569 ritu
475 2527 657 2574 sancto
670 2520 826 2588 ”;ct,
843 2522 1011 2578 Deum
1041 2543 1191 2582 nemo
1213 2530 1606 2603 uiditun’quam,
1627 2536 1718 2590 sed
1740 2540 1919 2610 unige-

345 2607 490 2661 uitus
525 2608 723 2677 Filius,
757 2613 849 2682 qui
869 2625 944 2668 est
981 2617 1036 2670 in
1066 2619 1188 2672 sinu
1212 2618 1421 2686 Patris,
1449 2624 1533 2677 hic
1572 2629 1721 2682 nobis
1760 2607 1918 2684 enor-

344 2698 484 2751 ravit
512 2698 580 2754 “.
611 2698 841 2771 Insuper
878 2705 1004 2761 talis
1037 2722 1232 2778 expers
1269 2719 1356 2766 est
1391 2729 1534 2769 verm
1562 2715 1914 2775 adorationis.

342 2784 532 2859 Neque
558 2792 703 2846 enim
735 2792 852 2849 ﬁeri
883 2806 1080 2866 potest,
1115 2809 1175 2854 ut
1203 2803 1326 2871 quis
1356 2802 1552 2860 Filium
1579 2806 1787 2871 adoret,
1811 2810 1917 2866 nisi

344 2880 401 2934 in
432 2879 639 2951 Spiritu
674 2895 899 2951 sancto,
937 2900 1030 2944 aut
1071 2900 1130 2946 ut
1164 2891 1381 2950 Patrem
1426 2894 1675 2965 invocet,
1721 2901 1829 2958 nisi
1861 2901 1917 2957 in

344 2970 656 3045 adaptionis
684 2975 911 3049 Spiritu.

928 3116 1160 3174 CAPUT
1217 3120 1328 3177 ΧΠ.

344 3217 611 3278 Adversus
662 3240 752 3280 eos
796 3227 888 3306 qui
921 3227 1102 3306 dicunt
1146 3233 1378 3306 sumsere
1411 3233 1674 3306 baptisma
1707 3249 1912 3297 tantum

834 3297 891 3351 in
936 3301 1146 3354 nomine
1187 3297 1420 3359 Domini.

417 3403 509 3460 28.
548 3404 829 3465 Neminem
867 3426 997 3466 vero
1024 3413 1079 3467 in
1098 3413 1341 3471 fraudant
1370 3418 1593 3475 inducat
1614 3423 1747 3479 illud
1770 3425 1913 3496 Apo-

344 3495 496 3555 stoll.
528 3496 673 3567 quod
700 3496 882 3556 Patris
919 3509 973 3555 et
996 3501 1231 3572 Spiritus
1257 3510 1435 3563 sancti
1467 3525 1666 3567 nomen
1722 3514 1774 3569 in
1824 3495 1915 3571 ba-

342 3584 565 3652 ptizatis
602 3590 1125 3646 commemoratione
1165 3591 1480 3663 frequenter
1532 3599 1734 3654 omittit
1769 3619 1783 3655 :
1816 3619 1911 3657 ne-

342 3692 450 3747 que
478 3676 783 3749 ideo‘putet
815 3678 1213 3738 indiﬂerentem
1262 3700 1385 3741 esse
1431 3689 1716 3745 nominum
1752 3693 1911 3748 invo-

342 3768 635 3825 cntionem.
676 3770 1005 3841 Quicunque,
1032 3773 1231 3845 inquit,
1267 3776 1324 3829 in
1350 3776 1618 3834 Christum
1652 3781 1913 3853 baptizati

338 3859 486 3923 estis,
535 3858 810 3915 Christum
850 3862 1102 3918 induistis
1118 3865 1202 3927 ”;
1242 3876 1297 3921 et
1337 3884 1553 3933 rursus,
1606 3871 1912 3945 Quicunque

339 3948 395 4001 in
424 3946 637 4003 Christo
667 3949 927 4018 baptizati
952 3953 1104 4017 estis,
1130 3955 1186 4007 in
1218 3965 1437 4012 mortem
1472 3960 1619 4015 illius
1653 3962 1910 4032 baptizati

339 4039 548 4094 estis".
575 4039 711 4095 Nam
736 4042 940 4099 Christi
962 4045 1275 4115 appellatio,
1299 4050 1470 4107 totius
1491 4060 1577 4108 est
1600 4056 1905 4122 professio:

340 4128 583 4185 declarat
617 4132 886 4203 siquidem
917 4145 972 4192 et
1004 4136 1174 4192 Deum
1190 4140 1287 4210 qui
1312 4143 1489 4207 unxit,
1510 4153 1565 4199 et
1595 4145 1789 4205 Filium
1814 4151 1908 4220 qui

338 4228 541 4279 unctus
565 4232 670 4291 est,
722 4233 776 4280 et
815 4226 1078 4296 Spiritum
1113 4240 1366 4289 sanctum
1413 4236 1508 4306 qui
1541 4246 1627 4294 est
1668 4239 1905 4299 unctio:

339 4314 802 4383 quemadmodum
834 4333 867 4373 a
895 4317 1059 4375 Petro
1085 4321 1141 4375 in
1175 4322 1330 4379 Actis
1360 4324 1677 4394 didicimus,
1723 4330 1908 4387 Iesum

2041 516 2393 587 ἀρνησίθεον;
2431 521 2486 573 τί
2513 521 2569 576 δὲ
2607 522 2699 578 τὸν
2740 526 3183 600 ἀρνησίχριστον;
3224 533 3291 586 Τί
3319 532 3448 589 ἄλλο
3478 552 3543 605 γε
3570 538 3606 608 ἢ

2035 612 2390 686 παραδάτηνς
2437 615 2527 687 Τῷ
2556 618 2612 672 δὲ
2650 620 2713 673 τὸ
2741 619 2965 692 Πνεῦμα
2993 623 3355 699 ἀρνησαμένῳ
3383 628 3509 683 τίνα
3537 647 3608 702 με

2034 704 2214 773 βούλει
2243 710 2613 781 προσηγορίαν
2651 709 2870 778 θέσθαι;
2905 714 2978 767 Οὐ
3022 714 3121 786 τὴν
3166 715 3335 789 αὐτὴν
3377 718 3607 791 ταύτην,

2031 796 2108 861 ὡς
2125 798 2224 862 τὰς
2246 799 2380 871 πρὸς
2402 800 2533 855 Θεὸν
2557 802 2864 875 παραϐάντι
2889 806 3188 878 συνθήκας;
3214 811 3422 864 Οὐκοῦν
3443 814 3609 868 ὁπότε

2031 887 2127 940 καὶ
2155 890 2188 957 ἡ
2218 889 2478 960 ὁμολογία
2517 892 2620 963 τῆς
2658 894 2738 957 είς
2773 894 2904 948 αὐτὸ
2944 895 3057 970 (43)
3100 898 3335 965 πίστεως
3373 901 3464 954 τὸν
3507 904 3609 973 τῆς

2032 978 2310 1044 εὐσεϐείας
2360 983 2708 1054 μακαρισμὸν
2760 985 3026 1058 προξενεῖ,
3072 990 3166 1044 καὶ
3207 991 3238 1061 ὴ
3272 991 3501 1063 ἄρνησις
3537 996 3606 1064 τῇ

2032 1069 2353 1140 κατακρίσει
2382 1071 2485 1142 τῆς
2515 1070 2808 1145 ἀθεότητος
2840 1075 3130 1131 ὑποϐάλλει
3152 1119 3167 1144 ,
3204 1079 3322 1144 πῶς
3352 1082 3413 1134 οὐ
3444 1082 3609 1151 φοϐε-

2034 1160 2127 1232 ρὸν
2150 1161 2310 1216 τοῦτο
2336 1163 2448 1236 (44)
2478 1164 2572 1220 νῦν
2609 1165 2896 1238 ἀθετῆσαι,
2938 1171 2999 1223 οὐ
3043 1171 3175 1243 πῦρ,
3220 1173 3280 1226 ού
3325 1173 3498 1243 ξίφος,
3539 1174 3605 1228 οὗ

2032 1255 2283 1327 σταυρὸν,
2313 1256 2375 1310 οὐ
2411 1258 2701 1328 μάστιγας,
2735 1260 2798 1312 οὗ
2829 1261 3040 1332 τροχὸν,
3078 1263 3138 1315 οὐ
3189 1264 3603 1337 στρεϐλωτήρια

2031 1346 2383 1419 φοϐηθέντας,
2413 1348 2547 1404 ἀλλὰ
2582 1351 2878 1423 σοφίσμασι
2910 1354 3093 1425 μόνοις
3122 1355 3214 1409 καὶ
3242 1361 3605 1429 παραγωγαῖς

2029 1438 2136 1493 τῶν
2161 1442 2630 1514 πνευματομάχων
2658 1445 3205 1516 παρακρουσθέντας;
3234 1448 3600 1521 Μαρτύρομαι

2028 1530 2194 1585 παντὶ
2230 1531 2501 1606 ἀνθρώπῳ
2531 1534 2881 1605 ὁμολογοῦντι
2909 1537 3165 1608 Χριστὸν,
3211 1539 3303 1593 καὶ
3341 1539 3434 1593 τὸν
3465 1540 3601 1594 Θεὸν

2026 1619 2366 1692 ἀρνουμένῳ,
2411 1622 2495 1676 ὅτι
2540 1623 2774 1695 Χριστὸς
2817 1625 2977 1680 αὐτὸν
3030 1627 3181 1681 οὐδὲν
3225 1628 3513 1701 ὠφελήσειο
3560 1632 3596 1702 ἥ

2026 1710 2159 1764 Θεὸν
2194 1712 2626 1786 ἐπικαλουμένῳ,
2659 1715 2750 1770 τὸν
2787 1716 2845 1770 δὲ
2886 1716 3014 1771 Υἰὸν
3041 1718 3154 1792 (45)
3182 1719 3481 1786 ἁθετοῦντι,
3512 1723 3597 1776 ὅτι

2026 1805 2230 1876 ματαία
2270 1806 2420 1860 ἐστὶν
2463 1808 2497 1880 ή
2546 1808 2730 1873 πίστις
2770 1809 2956 1864 αὐτοῦ’
3005 1813 3101 1866 καὶ
3145 1811 3221 1882 τῷ
3262 1812 3322 1866 τὸ
3369 1814 3598 1886 Πνεῦμα

2023 1899 2463 1971 παραιτουμένῳ,
2490 1900 2571 1954 ὅτι
2603 1902 2635 1973 ἡ
2665 1902 2746 1964 είς
2773 1901 2992 1973 Πατέρα
3018 1903 3114 1956 καὶ
3135 1903 3265 1957 Υἱὸν
3288 1904 3469 1970 πίστις
3497 1907 3599 1960 αὐ-

2021 1989 2100 2060 τῷ
2132 1993 2212 2055 εἰς
2243 1992 2397 2046 κενὸν
2425 1991 2780 2063 ἀποϐήσεται,
2819 1994 2889 2064 ἣν
2918 1993 3036 2047 οὐδὲ
3060 1994 3204 2064 ἔχειν
3236 1994 3479 2059 δύναται,
3517 1997 3594 2070 μὴ

2023 2088 2400 2160 συμπαρόντος
2437 2087 2531 2141 τοῦ
2576 2087 2911 2159 Πνεύματος.
2954 2090 3030 2143 Οὐ
3074 2089 3316 2144 πιστεύει
3358 2090 3457 2161 μὲν
3482 2091 3594 2164 γὰρ

2021 2181 2102 2243 εἰς
2134 2180 2262 2234 Υίὸν
2290 2183 2317 2233 ὁ
2344 2180 2419 2251 μὴ
2450 2181 2718 2235 πιστεύων
2747 2178 2823 2252 τῷ
2851 2181 3149 2251 Πνεύματι·
3177 2182 3237 2236 οὐ
3269 2182 3513 2238 πιστεύει
3534 2185 3591 2238 δὲ

2021 2270 2101 2331 εἰς
2134 2268 2351 2339 Πατέρα
2390 2271 2418 2322 6
2454 2269 2527 2340 μὴ
2555 2270 2853 2335 πιστεύσας
2878 2269 2987 2341 (46)
3023 2271 3102 2343 τῷ
3129 2271 3263 2343 Υἱῷ.
3303 2274 3452 2327 υῦτε
3480 2273 3591 2343 γὰρ

2020 2357 2266 2413 δύναται
2293 2359 2485 2412 εἰπεῖν
2505 2360 2728 2428 Κύριον
2763 2361 2999 2428 Ἰησοῦν
3017 2363 3069 2416 εὶ
3088 2361 3174 2430 μὴ
3200 2361 3269 2415 ἐν
3292 2363 3591 2431 Πνεύματι

2020 2450 2187 2519 ὁγίῳο
2216 2450 2332 2514 καὶ,
2387 2450 2535 2505 Θεὸν
2564 2451 2764 2518 οὐδεὶς
2802 2450 3024 2520 ἑώρακε
3076 2452 3328 2516 πώποτε,
3380 2454 3518 2508 ἀλλ’
3557 2456 3595 2507 ὀ

2014 2542 2350 2610 μονογενὴς
2389 2542 2541 2609 Υἱὸς,
2588 2547 2621 2597 ὁ
2646 2540 2732 2595 ὢν
2756 2544 2826 2597 ἐν
2856 2542 2980 2610 τοῖς
3028 2545 3281 2611 κόλποις
3312 2546 3418 2600 τοῦ
3469 2549 3593 2600 Πα-

2019 2633 2177 2708 τρός,
2214 2630 2397 2699 οὗτος
2437 2633 2584 2704 ἡμῖν
2618 2634 2730 2705 (47)
2763 2634 3123 2705 ἐξηγήσατο.
3168 2635 3427 2708 Ἀμοιρός
3475 2639 3591 2691 ἐστι

2021 2706 2235 2793 καὶτῆς
2255 2721 2513 2794 ἀληθινῆς
2538 2725 2959 2796 προσκυνήσεως
2985 2727 3013 2779 6
3032 2725 3288 2791 τοιοῦτος.
3319 2706 3458 2780 Οὔτε
3480 2728 3591 2801 γὰρ

2022 2810 2150 2864 Υίὸν
2190 2812 2560 2883 προσκυνῆσαι
2597 2812 2820 2867 δυνατὸν
2852 2814 2900 2865 εί
2943 2813 3016 2885 μὴ
3051 2813 3163 2885 (48)
3214 2817 3272 2866 ὲν
3312 2814 3593 2886 Πνεύματι

2018 2903 2180 2974 ἁγίῳ,
2207 2902 2328 2957 οὔτε
2358 2905 2784 2960 ἐπικαλέσασθαι
2814 2906 3042 2960 δυνατὸν
3067 2905 3156 2960 τὸν
3186 2907 3404 2978 Πατέρα
3428 2910 3476 2961 εἰ
3512 2910 3591 2980 μὴ

2019 2998 2078 3049 ὲν
2100 2995 2179 3067 τῷ
2201 2996 2299 3068 τῆς
2322 2996 2591 3060 υἱοθεσίας
2623 2996 2919 3070 Πνεύματι.

2510 3135 2909 3189 ΚΕΦᾹΛᾹῙΟΝ
2994 3136 3092 3189 lB’.

2011 3250 2166 3319 Πρὸς
2192 3250 2334 3316 τοὺς
2365 3247 2653 3318 λέγοντας
2698 3249 2979 3317 ἐξαρκεῖν,
3013 3249 3111 3303 καὶ
3159 3249 3352 3319 μόνον
3395 3248 3462 3303 τὸ
3500 3250 3591 3316 εἰς

2429 3319 2537 3373 τὸν
2570 3321 2787 3388 Κύριον
2820 3318 3157 3389 βάπτισμα.

2077 3431 2168 3486 28.
2201 3432 2312 3485 Καὶ
2341 3431 2543 3504 μηδένα
2565 3432 2997 3505 παρακρουέοθω
3024 3432 3085 3486 τὸ
3107 3432 3202 3487 τοῦ
3238 3433 3585 3499 Ἀποστὸλου,

2011 3522 2086 3585 ὡς
2113 3521 2174 3574 τὸ
2223 3520 2393 3592 ὄνομα
2429 3520 2523 3575 τοῦ
2557 3521 2772 3593 Πατρὸς
2803 3522 2913 3593 (49)
2957 3524 3051 3577 καὶ
3090 3522 3184 3577 τοῦ
3222 3524 3378 3592 ἁγίου
3412 3522 3586 3577 Πνεύ-

2013 3627 2181 3681 ματος
2211 3611 2305 3663 ἐπὶ
2344 3611 2446 3680 τῆς
2496 3610 2592 3664 τοῦ
2639 3611 3013 3682 βαπτίσματος
3065 3614 3285 3684 μνήμης
3330 3612 3586 3676 πολλάκις

2011 3701 2554 3773 παραλιμπάνοντος,
2613 3702 2747 3773 μηδὲ
2811 3702 2900 3756 διὰ
2948 3703 3106 3757 τοῦτο
3162 3705 3591 3775 ἁπαρατήρητον

2008 3792 2201 3846 οἰέσθω
2247 3791 2346 3863 τὴν
2380 3792 2666 3864 ἐπίκλησιν
2712 3789 2849 3846 εἶναι
2892 3791 3002 3845 τῶν
3048 3792 3344 3862 ὀνομάτων.
3383 3793 3581 3853 Ὅσοι,

2010 3883 2191 3953 φησιν,
2217 3885 2304 3949 είς
2336 3882 2595 3951 Χριστὸν
2636 3883 3050 3950 ἐϐαπτίσθητε.
3087 3883 3345 3949 Χριστὸν
3381 3881 3587 3937 ἑνεδύ-

2008 3975 2225 4026 σασθεο
2268 3970 2364 4025 κα)⁸
2406 3970 2596 4026 πάλιν·
2656 3970 2828 4024 Ὅσοι
2875 3972 2963 4034 είς
3028 3969 3289 4038 Χριστὸν
3353 3969 3585 4024 ἐϐαπτί-

2008 4068 2210 4130 σθητε,
2232 4065 2321 4128 εἰς
2350 4060 2458 4115 τὸν
2474 4059 2731 4116 θάνατον
2742 4061 2925 4114 αὐτοῦ
2942 4061 3352 4128 ἐϐαπτίσθητε.
3389 4060 3453 4114 Ἦ
3476 4060 3586 4132 γὰρ

2009 4156 2100 4210 τοῦ
2130 4153 2364 4228 Χριστοῦ
2389 4153 2727 4225 προσηγορία
2750 4151 2844 4205 τοῦ
2878 4152 3079 4216 παντός
3105 4154 3252 4206 ἐστιν
3282 4153 3549 4224 ὁμολογία
3567 4172 3582 4185 '

2007 4246 2155 4315 δηλοῖ
2188 4245 2297 4317 γὰρ
2328 4245 2419 4298 τόν
2447 4260 2507 4297 τε
2540 4243 2804 4315 χρίσαντα
2841 4242 2993 4310 Θεὸν,
3039 4245 3248 4299 καὶτὸν
3297 4245 3587 4315 χρισθέντα

2010 4337 2157 4399 Υἱὸν,
2193 4335 2286 4389 καὶ
2314 4333 2376 4388 τὸ
2412 4335 2620 4407 χρίσμα
2642 4335 2704 4388 τὸ
2727 4333 2971 4406 Πνεῦμα,
3010 4335 3087 4399 ὡς
3116 4336 3265 4403 παρὰ
3298 4336 3503 4407 Πέτρου
3527 4338 3586 4391 ἐν

341 4402 708 4484 Nazareuum,
738 4424 890 4479 quem
921 4413 1074 4465 unxit
1097 4411 1236 4469 Deus
1251 4415 1458 4487 Spiritu
1473 4431 1660 4476 sancto
1675 4424 1741 4477 ³⁷.
1774 4423 1903 4480 Item
1938 4446 1941 4500 ς

2025 4431 2129 4492 ταῖς
2160 4428 2400 4500 Πράξεσι
2415 4402 2849 4500 μεμαθήκαμεν,
2877 4402 3135 4495 ⁷Ἰησοῦν
3170 4428 3277 4482 τὸν
3314 4402 3434 4483 ἀπὸ
3469 4431 3584 4483 Να-

340 4496 399 4552 ἱιι
434 4497 596 4564 lsaia,
626 4497 860 4569 Spiritus
882 4501 1098 4559 Domini
1139 4521 1297 4575 super
1316 4526 1419 4577 me,
1459 4528 1520 4567 eo
1561 4515 1701 4583 quod
1750 4519 1900 4572 unxit
1939 4496 1941 4500 ’

2025 4496 2317 4590 Ξιρὲτξὸν
2352 4496 2743 4590 ἔχρισεν
2785 4521 2820 4572 ὁ
2866 4518 3011 4583 Θεὸς
3051 4516 3133 4583 τῷ
3164 4519 3460 4588 Πνεὺματι
3505 4519 3587 4585 τῷ

434 4655 456 4687 ³
496 4653 517 4708 l
552 4654 677 4712 Cor.
720 4673 819 4723 xu,
851 4659 906 4713 5.
980 4662 1028 4692 ’⁸
1064 4660 1219 4716 Joan.
1266 4680 1317 4727 ι,
1359 4665 1447 4723 18.

383 4838 521 4928 ⁹(λίχῖι)
547 4840 651 4908 Εἰς
671 4842 836 4897 αὐτό.
859 4841 1000 4898 Editi
1025 4858 1090 4898 ac
1112 4857 1256 4899 unus
1282 4851 1495 4902 tantum
1517 4847 1690 4903 codex
1710 4863 1813 4905 ms.
1837 4853 1919 4916 είς

555 4981 760 5057 Ῑοῇτο.
812 4982 954 5037 Editi
1002 4983 1230 5057 ταύτην,
1263 4986 1700 5057 repugnantibus
1732 4990 1917 5044 omni-

343 5047 755 5169 Inlrscodicibus
788 5070 923 5110 mss.
963 5069 1027 5108 ac
1061 5047 1178 5124 ipsa
1209 5047 1374 5109 etiam
1403 5047 1587 5127 prima
1612 5056 1911 5116 Basilcensi

340 5134 389 5171 Cl
413 5126 597 5173 itione.
1726 5164 1742 5173 .

411 5189 525 5255 (45)
562 5189 672 5244 Τὸν
702 5190 772 5244 δὲ
808 5195 962 5248 Υἱόν.
997 5192 1087 5255 Sic
1110 5209 1244 5250 mss.
1269 5193 1509 5251 codices.
1540 5195 1680 5252 Editi
1707 5199 1909 5254 καὶτὸν

340 5258 962 5333 δριστόνκΝεξο-ιηιιιιο
1013 5272 1135 5333 post
1174 5263 1310 5332 Reg.
1350 5266 1625 5322 secundus
1658 5277 1713 5323 et
1741 5270 1910 5324 editio

340 5325 517 5406 Paris.
548 5328 646 5406 τοῦ
676 5331 833 5400 ἁγίου
860 5325 1196 5406 Πνεύματος.
1230 5325 1339 5390 Adii
1364 5335 1494 5392 editi
1520 5346 1575 5392 et
1608 5353 1742 5394 mss.
1770 5349 1830 5394 ut
1852 5342 1905 5396 in

339 5404 620 5452 contextu.

412 5467 528 5552 (46)
566 5470 618 5521 Ὀ
647 5469 1117 5552 μῂρξιστεύσςις.
1142 5474 1371 5534 Veteres
1398 5477 1605 5552 aliquot
1632 5478 1755 5552 libri
1777 5482 1805 5533 6
1823 5480 1906 5552 μὴ

341 5539 629 5620 πιστεύων.
690 5541 889 5620 ibidem
931 5539 1390 5620 godifesemnes
1432 5539 1633 5620 Κύριον
1678 5539 1902 5620 Ἰησοῧνξ

340 5605 733 5687 ῌόίιίηιςύρ-ιος
786 5612 1028 5687 Ἰησοῦς.-
1047 5613 1229 5687 Paulo
1260 5626 1381 5686 post
1412 5605 1612 5686 pro'eu
1642 5605 1788 5687 quod
1821 5632 1906 5675 est

343 5678 401 5733 in
433 5678 665 5748 editis,'6
700 5678 993 5752 μονογενὴς
1016 5684 1165 5751 Υἱός,
1192 5678 1479 5757 ιρέοιιᾱιιήι
1507 5678 1721 5746 videtur
1749 5689 1902 5754 Θεός,

1558 4669 1604 4701 ⁸⁸
1641 4668 1760 4729 Gal.
1802 4688 1900 4740 ιιι,
1936 4673 2026 4729 27.
2097 4676 2155 4722 .°°
2196 4675 2351 4731 Rom.
2393 4690 2477 4739 v1,
2517 4673 2572 4728 5.
2661 4674 2706 4707 ⁸⁷
2746 4673 2864 4729 Act.
2905 4689 2977 4735 ιι,
3018 4673 3106 4728 58.

2015 4861 2075 4908 ιιι
2106 4852 2160 4905 in
2190 4851 2368 4920 capite
2401 4858 2556 4905 sexto
2576 4848 2748 4920 hujus
2778 4849 2902 4903 libri
2937 4849 3304 4920 restituimus.

2086 4921 2199 4991 (47)
2248 4917 2438 4986 Οὗτος
2481 4917 2757 4990 ’ήμῒνζΙιο
2804 4935 2936 4975 mss.
2973 4919 3210 4974 codices.
3247 4921 3389 4975 Editi
3421 4919 3586 4986 αὐτὸς

2067 5011 2166 5045 λιν.

2014 5010 2196 5130 "(iiii
2224 5062 2293 5115 El
2309 5059 2417 5129 μή.
2446 5060 2596 5114 lianc
2614 5059 2868 5114 voculam
2896 5059 2945 5130 εἰ
2974 5058 3059 5112 bis
3090 5059 3143 5112 in
3168 5059 3269 5113 hac
3293 5059 3583 5130 verborum

2016 5129 2396 5210 complexione
2428 5130 2758 5210 addidimus.
2808 5143 2873 5210 ac
2909 5129 3131 5210 δυνατόν
3163 5136 3286 5198 post
3332 5129 3587 5183 ἐπικαλέ-

2018 5198 3214 5278 619:0?“allcml‘ibllSanﬂquiSCOficibllS:_
3303 5272 3316 5278 Δ
3435 5268 3448 5278 _
3553 5267 3580 5278 _

2086 5271 2195 5339 (49)
2233 5270 2341 5326 Τοῦ
2375 5272 2626 5340 Πατρός.
2675 5267 2813 5325 Tres
2853 5268 3072 5340 codices
3113 5267 3322 5323 addunt
3364 5267 3583 5322 καὶτοῦ

2014 5336 2321 5410 Υεοῦέψιω
2345 5336 2509 5396 voces
2538 5336 2593 5394 in
2621 5340 2935 5410 ϐοηθειιίηο
2967 5339 3175 5410 delelm.

2083 5411 2195 5488 (ὅθ)
2217 5403 2344 5488 ’Ὃν
2368 5410 2634 5488 ἔχρισεν.
2675 5409 2820 5463 Editi
2861 5407 3187 5488 ti);__§XptO’EV
3215 5406 3377 5488 αὐτὸν
3398 5408 3427 5460 6
3450 5403 3583 5470 Θεὸς

2010 5478 2290 5552 Πνεύματι
2320 5478 2458 5551 ἁγίῳ
2509 5480 2614 5535 Sed
2635 5495 2836 5552 omnes
2860 5480 3079 5552 codices
3111 5478 3335 5552 nissum
3364 5478 3418 5529 in
3443 5491 3571 5530 con-

2010 5548 2182 5606 textu.
2229 5548 2459 5604 Eosdem
2494 5550 2775 5617 sequimur
2807 5551 2862 5603 in
2896 5551 2995 5603 hac
3027 5562 3182 5612 voce,
3216 5548 3446 5612 εἵνεκεν,
3476 5559 3577 5619 pro

2007 5636 2074 5679 co
2103 5621 2245 5692 quod
2279 5628 2395 5676 erat
2425 5623 2477 5675 in
2511 5621 2671 5677 editis
2698 5621 2902 5674 ἕνεκεν.
