3972 6218
402 290 508 351 HO

1698 286 1756 343 S.
1798 284 2045 343 BASILII
2071 286 2285 345 NAG-Nl

3543 290 3646 349 ιιο

403 407 475 462 ιι)
500 404 679 477 eoqui
709 405 1012 461 naturalem
1054 402 1219 461 banet
1265 404 1579 463 societatem
1609 410 1663 462 et
1711 421 1744 461 ο
1785 407 1946 463 servil

2074 406 2234 472 ἀξιας
2267 408 2712 479 ἀπηλλαγμένου.
2741 407 2866 473 Πῶς
2900 407 3009 482 γὰρ
3040 409 3310 464 οἰκειώσει
3334 408 3456 482 Θεῷ
3490 412 3522 464 ὁ
3549 411 3645 466 άλ-

403 497 718 552 conditione
769 506 853 553 est
916 498 1146 554 alienus.
1197 496 1481 564 Quomodo
1526 498 1673 554 enim
1736 498 1971 556 sociabit

403 586 655 660 Deo,.qui
687 587 804 658 ipse
832 597 917 645 est
957 588 1213 644 alienus?
1261 589 1541 660 quomodo
1589 590 1792 646 liberos
1841 590 1969 646 red-

401 678 515 743 det,
545 680 638 750 qui
664 679 781 750 ipse
813 687 899 736 est
934 679 1067 750 jngo
1106 680 1387 738 servitutis
1432 681 1742 736 obnoxius?
1783 680 1963 752 Itaque
1997 718 2014 736 .

401 787 512 825 non
540 772 613 827 ob
641 772 833 827 eadem
874 771 933 825 tit
967 771 1206 843 Spiritus
1253 782 1308 829 et
1350 775 1666 847 angelorum
1714 778 1965 833 mentio:

401 864 497 919 sed
552 863 791 934 Spiritus
835 873 1299 921 commemoratur
1354 876 1617 937 tanquam
1664 878 1858 924 auctor
1903 885 1969 925 ac

400 955 666 1013 Dominus
691 959 835 1021 vitae,
874 959 1051 1028 angeli
1096 975 1229 1015 vero
1262 968 1523 1032 tanquam
1572 976 1966 1018 conservorum

399 1048 705 1119 adjutores,
765 1049 1064 1121 ﬁdelesque
1108 1051 1359 1108 veritatis
1402 1060 1570 1109 testes
1615 1053 1962 1110 adhibentur.

400 1137 681 1210 Siquidem
712 1157 831 1197 mos
860 1149 945 1199 est
993 1143 1222 1207 sanctis,
1276 1142 1372 1199 Dei
1415 1154 1687 1216 praecepta
1733 1148 1966 1204 testibus

397 1231 659 1289 adhibitis
684 1233 932 1301 tradere;
982 1235 1127 1291 sicut
1177 1238 1342 1292 etiam
1380 1237 1468 1291 hic
1516 1238 1633 1307 ipse
1682 1239 1749 1293 ad
1788 1238 1969 1293 Timo-

395 1323 583 1379 theum
618 1324 862 1394 loquitur
895 1343 908 1379 :
940 1325 1073 1393 Qua:
1115 1329 1365 1396 accepisti
1387 1345 1420 1382 a
1450 1344 1530 1383 me
1558 1345 1739 1383 coram
1783 1330 1964 1385 multis

396 1414 637 1479 testibus,
662 1431 725 1468 ea
746 1414 943 1484 depone
978 1417 1118 1485 apud
1152 1417 1334 1485 ﬁdeles
1368 1418 1603 1471 hornines
1622 1418 1686 1473 ⁵⁸.
1724 1417 1788 1472 Et
1815 1435 1963 1475 nunc

394 1506 617 1575 angelos
664 1513 975 1570 attestatur,
1028 1508 1212 1564 sciens
1259 1510 1484 1579 angelos
1528 1510 1733 1579 pariter
1770 1509 1965 1565 all‘utu-

390 1615 488 1655 ros
511 1599 707 1664 judici,
739 1614 862 1653 cum
880 1601 1095 1656 venerit
1121 1601 1175 1655 in
1207 1601 1382 1672 gloria
1411 1602 1610 1668 Patris,
1651 1611 1711 1657 ut
1754 1604 1961 1672 judicet

390 1691 577 1746 orbem
613 1700 884 1745 terrarum
926 1691 982 1745 in
1002 1690 1237 1760 iustitia.
1271 1692 1524 1763 Quisquis
1564 1696 1723 1759 enim,
1756 1696 1956 1766 inquit,

2073 499 2312 570 λότριος;
2362 501 2480 563 πῶς
2512 501 2570 554 δὲ
2617 499 2987 573 ἐλευθερώσει,
3032 503 3194 567 αὐτὸς
3231 503 3413 573 ενοχος
3457 502 3534 557 ὣν
3563 505 3665 576 τῷ·

2071 588 2222 660 ζυγῷ
2244 591 2345 661 τῆς
2369 592 2611 655 δουλείας
2633 608 2648 655 ;
2679 592 2841 644 Ὥστε
2865 592 2964 646 οὐκ
2988 594 3071 663 ἐφ’
3100 594 3304 664 ὁμοίοις
3331 594 3443 667 (56)
3473 595 3645 652 Πνεύ-

2073 683 2245 752 ματός
2303 685 2422 737 ἐστι
2477 685 2573 738 καὶ
2626 683 2875 752 ἀγγέλων
2919 686 2954 756 ἡ
2999 687 3206 757 μνήμη,
3253 686 3388 742 ἀλλά
3436 688 3500 742 τδ
3543 690 3645 759 μὲν

2069 772 2312 842 Πνεῦμα,
2354 773 2431 838 ὡς
2483 774 2633 845 ζωῆς
2678 775 2886 847 κύριον,
2916 777 2965 828 oi
2995 777 3041 829 δ’
3072 776 3292 845 ἄγγελοι
3329 778 3405 841 ὡς
3457 778 3643 847 βοηθοὶ

2067 864 2175 921 τῶν
2215 866 2543 935 ὁμοδούλων,
2588 868 2681 920 καὶ
2722 868 2903 921 πιστοὶ
2949 867 3224 938 μάρτυρες
3254 871 3352 940 τῆς
3383 868 3643 939 ἀληθείας

2069 956 2611 1028 παραλαμϐάνονται.
2652 957 2813 1022 Ἐθος
2844 958 2955 1030 γὰρ
2983 962 3095 1023 τοῖς
3134 959 3329 1027 ἁγίοις,
3361 960 3462 1024 τὰς
3494 965 3641 1015 ἐντο-

2065 1046 2163 1113 λὰς
2205 1048 2299 1102 τοῦ
2336 1049 2469 1102 Θεοῦ
2504 1050 2595 1102 ἐπὶ
2629 1050 2919 1121 μαρτύρων
2974 1050 3196 1104 διδόναιο
3223 1052 3298 1115 ὡς
3342 1054 3434 1106 καὶ
3477 1053 3643 1119 αὑτὸς

2065 1131 2217 1202 οὗτός
2253 1156 2383 1210 φησι
2413 1140 2689 1211 Τιμοθέῳο
2729 1143 2795 1195 "A
2827 1140 3156 1208 παρέλαϐες
3194 1146 3328 1211 παρ’
3353 1144 3502 1213 ἐμοῦ
3539 1144 3644 1198 ἐπὶ

2065 1228 2313 1283 πολλῶν
2326 1233 2659 1299 μαρτύρων,
2678 1231 2861 1285 ταῦτα
2882 1235 3147 1301 παράθου
3168 1235 3395 1302 πιστοῖς
3423 1236 3644 1305 ἀνθρώ-

2063 1334 2217 1386 ποις.
2267 1321 2376 1373 Καὶ
2415 1321 2510 1374 νῦν
2554 1323 2681 1387 τοὺς
2725 1324 2988 1392 ἀγγέλους
3017 1326 3481 1399 ὲπιμαρτύρεταιι
3525 1324 3638 1382 οἶδε

2062 1413 2191 1484 γὰρ,
2212 1414 2293 1466 ὅτι
2325 1414 2768 1485 συμπαρέσονται
2798 1415 3016 1484 ἄγγελοι
3037 1416 3114 1487 τῷ
3147 1421 3328 1489 κριτῇ,
3357 1420 3487 1472 ὅταν
3507 1419 3635 1492 ἔλθῃ

2061 1504 2121 1557 ἑν
2150 1506 2217 1575 τῇ
2245 1503 2370 1575 δόξῃ
2403 1504 2494 1558 τοῦ
2528 1505 2739 1577 Πατρὸς
2768 1510 2948 1577 κρῖναι
2976 1507 3077 1578 τὴν
3105 1509 3427 1581 οἰκουμένην
3467 1514 3527 1564 ἐν
3552 1511 3636 1564 δι-

2061 1593 2339 1669 καιοσύνῃ.
2377 1598 2482 1661 ’ος
2510 1596 2617 1665 γὰρ
2666 1595 2765 1655 ἂν,
2815 1597 2998 1668 φησὶν,
3044 1599 3390 1669 ὁμολογήσῃ
3418 1600 3531 1668 (57)
3564 1602 3637 1656 ἐν

2059 1685 2189 1755 ἐμοὶ
2235 1687 2573 1757 ἔμπροσθεν
2621 1685 2742 1740 τῶν
2766 1685 3107 1756 ἀνθρώπων,
3145 1690 3242 1744 καί
3285 1693 3318 1745 ὁ
3365 1691 3497 1757 Υἱὸς
3526 1691 3634 1748 τοῦ

389 1781 660 1850 confessus
689 1781 850 1851 fuerit
882 1798 963 1835 me
992 1799 1171 1836 coram
1201 1747 1524 1846 hominibus,
1570 1794 1621 1837 et
1653 1747 1848 1839 Filius1
1862 1785 1952 1840 Ιιο-

2059 1747 2373 1847 ἀνθρώπου
2422 1779 2783 1848 ὁμολογήσει
2921 1747 3105 1846 αὐτῷ,
3128 1747 3489 1849 ἔμπροσθεν’
3515 1747 3636 1838 τῶν

389 1875 546 1928 minis
578 1873 911 1942 conﬁtebitur
942 1889 1060 1927 eum
1094 1889 1275 1927 coram
1311 1875 1511 1944 angelis
1545 1875 1641 1930 Dei
1661 1892 1680 1930 :
1701 1879 1792 1946 qui
1835 1893 1955 1932 vero

387 1967 717 2035 abnegaverit
734 1982 813 2019 me
829 1981 1009 2019 coram
1029 1965 1350 2027 hominibus.
1380 1967 1725 2036 abnegabitur
1749 1969 1805 2021 in
1826 1986 1952 2023 con-

386 2065 562 2125 spectu
582 2054 887 2126 angelorum
920 2055 1069 2110 Dei”.
1109 2054 1174 2109 Et
1201 2054 1403 2111 Paulus
1434 2058 1561 2112 alibi
1595 2057 1748 2122 dicit,
1781 2057 1844 2112 In
1871 2076 1954 2113 re-

383 2147 636 2202 velatione
662 2146 875 2202 Domini
903 2147 1033 2202 Iesu
1060 2146 1128 2202 de
1156 2147 1285 2202 caelo
1323 2164 1439 2201 cum
1483 2149 1683 2220 angelis
1702 2149 1743 2202 ⁸.
1799 2149 1953 2205 Hanc

383 2238 456 2293 ob
503 2253 723 2294 causam
775 2238 864 2293 hic
910 2238 1024 2309 jam
1079 2245 1426 2296 contestatur
1484 2255 1669 2296 coram
1718 2241 1946 2313 angelis,

380 2328 612 2384 eximias
643 2328 747 2382 sibi
775 2342 1086 2399 praeparans
1115 2329 1472 2401 probationes
1499 2331 1567 2386 ad
1598 2346 1857 2402 magnum
1882 2333 1948 2386 il-

381 2419 475 2475 lud
506 2418 769 2476 tribunal.

448 2599 536 2656 30.
563 2597 750 2670 Neque
768 2600 861 2655 bic
883 2600 1069 2667 modo,
1091 2617 1281 2658 verum
1302 2604 1465 2659 etiam
1492 2618 1685 2661 omnes
1701 2603 1945 2668 omnino,

376 2690 579 2761 quibus
608 2691 825 2761 aliquod
856 2692 1009 2747 verbi
1050 2693 1414 2749 ministerium
1457 2696 1811 2751 commissum
1839 2704 1944 2761 est,

376 2783 531 2837 nullo
556 2788 802 2853 tempore
822 2786 1121 2840 contestari
1155 2794 1400 2847 cessant.
1429 2788 1541 2842 imo
1564 2796 1620 2843 et
1658 2788 1861 2844 caelum
1892 2798 1948 2844 et

375 2881 581 2928 terram
607 2873 924 2939 inclamant,
966 2884 1026 2930 ut
1050 2877 1192 2931 intra
1244 2876 1352 2949 25
1400 2893 1631 2948 quorum
1681 2880 1943 2935 ambitum

374 2966 560 3020 omnia
590 2982 739 3022 nunc
779 2974 1072 3038 gerantur,
1111 2984 1341 3040 quaeque
1380 2970 1436 3024 in
1463 2970 1715 3027 examine
1760 2987 1942 3027 rerum

2056 1870 2327 1940 ἀγγέλων
2361 1870 2467 1925 τοῦ
2495 1870 2642 1925 Θεοῦ
2681 1871 2791 1940 (58)
2811 1889 2825 1902 ·
2863 1875 2896 1927 ό
2926 1872 2995 1926 δὲ
3036 1873 3537 1944 ἀπαρνησάμενός
3555 1892 3636 1946 με

2054 1961 2309 2017 ἐνώπιον
2345 1962 2464 2016 τῶν
2502 1963 2827 2031 ἀνθρώπων
2857 1964 3342 2032 ἀπαρνηθήσεται
3375 1967 3636 2024 ἐνώπιον

2053 2052 2172 2106 τῶν
2196 2053 2466 2123 ἀγγέλων
2512 2053 2617 2108 τοῦ
2661 2054 2830 2110 Θεοῦ.
2871 2055 2981 2108 Καὶ
3018 2055 3227 2120 Παῦλος
3270 2056 3497 2129 ἑτέρωθί
3531 2076 3636 2131 φη-

2054 2160 2139 2197 σιν
2162 2160 2175 2174 ο
2224 2145 2319 2197 Ἑν
2342 2144 2416 2214 τῇ
2454 2145 2835 2215 ἀποκαλύψει
2866 2147 2973 2202 τοῦ
3013 2149 3235 2216 Κυρίου
3277 2149 3479 2217 Ἰησοῦ
3528 2153 3635 2206 ἀπ·

2051 2235 2311 2306 οὐρανοῦ
2339 2237 2447 2308 (59)
2485 2237 2615 2307 μετ’
2648 2238 2936 2308 ἀγγέλων.
2972 2240 3174 2293 Τούτου
3229 2241 3388 2314 χάριν
3446 2242 3637 2297 ἐντεῦ-

2050 2326 2141 2381 θεν
2168 2328 2267 2400 ἠδη
2298 2327 2720 2401 διαμαρτύρεται
2745 2330 2965 2383 ἐπὶτῶν
2995 2333 3262 2401 ἀγγέλων,
3291 2337 3371 2398 είς
3399 2335 3461 2388 τὸ
3486 2338 3634 2407 μέγα

2048 2419 2331 2491 κριτήριον
2363 2420 2653 2491 εὐπρεπεῖς
2692 2419 2803 2492 (60)
2835 2421 3011 2493 ἑαυτῷ
3049 2423 3148 2488 τὰς
3182 2424 3487 2491 ἀποδείξεις
3523 2446 3632 2481 πα-

2059 2511 2431 2579 ρασκευάξων.

2116 2608 2205 2663 '50.
2232 2608 2341 2661 Kal.
2365 2609 2463 2679 οὺχ
2490 2602 2643 2673 οὗτος
2689 2609 2866 2680 μόνον,
2898 2608 3032 2663 ἀλλὰ
3065 2611 3159 2663 καὶ
3196 2611 3396 2674 πάντες
3434 2610 3626 2675 ἀπλῶς

2046 2701 2095 2752 οἱ
2140 2700 2299 2769 λόγου
2330 2700 2454 2755 τινὰ
2492 2702 2764 2755 διακονίαν
2792 2703 3234 2773 πεπιστευμένοι,
3277 2704 3468 2757 οὐδένα
3505 2704 3631 2775 χρό-

2047 2806 2136 2842 νον
2166 2789 2657 2864 διαμαρτυρὸμενοι
2690 2792 2971 2854 παύονται,
3004 2793 3139 2846 ἀλλά
3159 2793 3252 2847 καὶ
3276 2794 3366 2848 τὸν
3394 2794 3628 2866 οὐρανὸν

2047 2880 2141 2932 καὶ
2175 2880 2276 2952 τὴν
2307 2881 2411 2951 γῆν
2439 2882 2763 2936 ἐπιϐοῶνται
2783 2900 2798 2914 θ
2829 2883 2904 2946 ὡς
2925 2884 3019 2937 καὶ
3045 2883 3138 2937 νῦν
3167 2885 3343 2955 πάσης
3373 2885 3631 2957 πράξεως

2048 2971 2179 3025 εἴσω
2200 2973 2378 3027 αὐτῶν
2409 2973 2758 3045 τελουμένης,
2795 2975 2888 3028 καὶ
2926 2976 2983 3028 ἐν
3024 2978 3088 3046 τῇ
3115 2974 3354 3039 ἐξετάσει
3392 2976 3499 3029 τῶν
3532 2978 3626 3047 βε-

373 3056 432 3110 in
456 3058 563 3111 bac
594 3056 703 3111 vita
735 3066 1007 3127 gestarum
1038 3060 1150 3113 sint
1172 3059 1334 3114 simul
1359 3074 1483 3116 cum
1506 3060 1825 3130 iudicandis
1858 3062 1945 3117 fu-

2054 3061 2330 3130 ὅιωμένων
2378 3063 2747 3134 συνεσομένων
2796 3067 2908 3128 τοῖς
2948 3066 3309 3137 κρινομένοις.
3346 3070 3624 3134 Προσπα-

372 3157 517 3203 tura.
543 3148 831 3204 Advocabit
846 3151 1005 3214 enim,
1031 3150 1230 3222 inquit,
1263 3153 1451 3207 caelum
1479 3170 1711 3219 sursum,
1742 3163 1794 3209 et
1838 3164 1943 3209 ter-

373 3257 512 3305 ram,
536 3241 605 3296 ad
623 3241 1022 3311 dijudicandum
1048 3244 1295 3311 populum
1320 3261 1473 3299 suum
1489 3246 1534 3299 '.
1554 3243 1711 3301 Unde
1731 3245 1943 3318 Moyses

370 3333 676 3388 traditurus
700 3332 917 3403 eloquia
950 3335 1172 3404 populo,
1218 3336 1426 3399 Testor,
1456 3337 1653 3407 inquit,
1672 3336 1817 3392 vobis
1846 3338 1943 3391 ho-

369 3425 458 3477 die
494 3434 543 3478 et
565 3424 753 3478 emtum
782 3434 834 3479 et
863 3434 1059 3479 terram
1080 3426 1122 3480 ³.
1165 3425 1231 3481 Ει
1262 3442 1457 3482 rursus
1498 3443 1621 3482 cum
1666 3428 1940 3483 canticum

370 3517 582 3572 diceret
618 3532 634 3569 :
667 3517 909 3583 Attende,
940 3517 1151 3583 cmlum,
1177 3528 1227 3572 et
1251 3518 1462 3588 loquar,
1495 3527 1546 3572 et
1577 3518 1762 3572 audiat
1800 3528 1943 3574 terra

367 3607 616 3663 verbaea:
647 3624 737 3661 ore
762 3608 933 3662 meo’.
983 3607 1114 3663 Item
1159 3607 1330 3665 Isaias
1369 3629 1383 3663 :
1429 3609 1593 3673 Audi,
1634 3609 1843 3671 caelum,
1890 3621 1941 3664 et

372 3699 590 3753 auribus
652 3701 874 3769 percipe,
938 3698 1478 3780 terra"..Jeremias
1541 3708 1721 3755 autem
1774 3701 1938 3755 etiam

369 3798 594 3861 stupore
639 3791 878 3862 quodam
934 3792 1250 3863 perculsum
1302 3791 1477 3846 fuisse
1515 3792 1715 3847 cmlum
1751 3801 1940 3847 narrat

368 3881 440 3936 ob
465 3883 649 3938 audita
678 3882 842 3952 impia
874 3881 1057 3952 populi
1090 3881 1232 3937 facta
1271 3902 1285 3937 :
1328 3881 1613 3952 Obstupuit
1634 3881 1819 3938 caelum
1846 3900 1939 3937 su-

365 3985 459 4038 per
487 3969 603 4037 hoc,
642 3980 693 4025 et
724 3971 1000 4026 exhorruit
1041 3973 1270 4041 amplius
1304 3972 1646 4041 vehementer,
1689 3976 1937 4046 quoniam

365 4059 472 4112 duo
494 4060 657 4113 etiam
685 4062 831 4114 mala
853 4060 975 4131 fecit
996 4050 1219 4130 populus
1239 4077 1382 4115 meus
1402 4061 1465 4116 “.
1493 4060 1682 4132 Itaque
1710 4071 1765 4117 et
1790 4063 1939 4134 Apo-

365 4152 544 4217 stolus
563 4152 744 4209 sciens
769 4156 991 4225 angelos
1021 4154 1336 4210 hominibus
1364 4154 1670 4225 prazl'ectos,
1690 4170 1789 4211 ceu
1827 4172 1937 4227 ptr-

364 4243 607 4315 dagogos
640 4246 928 4315 quospiam
971 4253 1064 4300 aut
1108 4261 1322 4301 morum
1370 4247 1789 4317 gubernatores,
1839 4264 1938 4303 vo-
1978 4302 1983 4307 .

2044 3150 2283 3207 λέσεται
2309 3152 2439 3221 γὰρ,
2469 3154 2622 3223 φησι,
2648 3152 2756 3206 τὸν
2786 3155 3047 3221 οὐρανὸν
3066 3154 3206 3216 ἂνω,
3225 3155 3324 3208 καὶ
3352 3156 3466 3222 τὴν
3484 3154 3623 3226 γῆν,

2043 3244 2149 3298 τοῦ
2177 3243 2467 3312 διακρῖναι
2493 3244 2600 3298 τὸν
2626 3245 2782 3298 λαὸν
2819 3246 3025 3299 αὐτοῦ.
3065 3245 3227 3299 Ὅθεν
3255 3248 3492 3316 Μωῡσῆς
3516 3264 3616 3301 ἰτα⁸

2049 3335 2360 3408 ρατίθεσθαι
2396 3337 2603 3407 μέλλων
2646 3337 2713 3390 τὰ
2748 3337 2903 3405 λόγια
2934 3337 3013 3408 τῷ
3060 3338 3193 3409 λαῷ,
3228 3341 3624 3407 Διαμαρτύρο-

2039 3444 2146 3496 μαι
2177 3426 2341 3497 ὑμῖν,
2378 3428 2531 3498 φησὶ,
2561 3427 2828 3495 σήμερον
2860 3429 2966 3480 τόν
2996 3444 3060 3481 τε
3089 3429 3348 3496 οὐρανὸν
3380 3429 3479 3482 καὶ
3506 3429 3626 3497 τὴν

2043 3517 2191 3586 γῆν·
2224 3518 2318 3570 καὶ
2340 3517 2500 3570 πάλιν
2528 3516 2627 3588 τὴν
2653 3517 2796 3588 ᾠδὴν
2827 3517 3000 3586 λέγων
3021 3534 3036 3548 ’
3064 3520 3349 3589 Πρόσεκε,
3377 3521 3619 3589 sipara,

2043 3607 2140 3660 καὶ
2169 3608 2441 3674 λαλήσω,
2464 3606 2563 3661 καὶ
2581 3607 2857 3662 ἀκουέτω
2876 3607 2953 3677 γῆ
2972 3607 3205 3676 ῥήματα
3226 3610 3297 3663 ἐκ
3323 3612 3622 3680 στόματός

2036 3715 2156 3766 μου
2177 3715 2188 3727 ·
2225 3699 2320 3751 καὶ
2354 3698 2609 3761 Ἦσαϊας·
2642 3700 2872 3764 Ἄκουε,
2907 3699 3145 3766 οὐρανέ.
3187 3702 3285 3754 καὶ
3317 3701 3616 3764 ἐνωτίζου,

2040 3787 2138 3856 γῆ.
2181 3787 2449 3859 Ἱερεμίας
2487 3788 2543 3841 δὲ
2575 3789 2668 3842 καὶ
2701 3789 2954 3843 ἓκστασίν
2995 3808 3115 3844 τινα
3152 3791 3243 3845 τοῦ
3270 3792 3498 3864 οὐρανοῦ
3523 3795 3619 3849 ἐπὶ

2038 3884 2105 3951 τῇ
2157 3882 2292 3953 ἀκοῇ
2342 3882 2450 3935 τῶν
2503 3881 2730 3935 ἀνοσίων
2782 3882 2959 3953 ἔργων
3004 3884 3099 3937 τοῦ
3139 3884 3270 3939 λαοῦ
3326 3886 3613 3956 διηγεῖται.

2052 3969 2303 4038 Ἐξέστη
2345 3973 2378 4024 ὁ
2421 3972 2677 4039 οἰιοανὸς
2721 3972 2821 4024 ἐπὶ
2858 3974 3065 4039 τούτῳ.
3098 3976 3196 4028 καὶ
3239 3974 3485 4045 ἔφριξεν
3513 3977 3614 4032 ἐπὶ

2040 4060 2250 4115 πλεῖον
2270 4060 2505 4129 σφόδρα
2529 4060 2663 4126 (61),
2697 4060 2786 4115 ὄτι
2814 4061 2924 4116 δύο
2951 4063 3049 4116 καὶ
3070 4067 3302 4133 πονηρὰ
3323 4065 3615 4134 ἐποίησεν

2039 4154 2073 4205 ὀ
2107 4154 2256 4216 λαός
2300 4168 2439 4220 μου.
2474 4151 2583 4203 Καὶ
2608 4152 2637 4203 ὁ
2683 4151 3005 4216 ’Λπὸστολος
3036 4153 3234 4217 τοίνυν,
3269 4154 3457 4228 ὥσπερ
3488 4174 3615 4211 παι-

2036 4240 2314 4310 δαγωγούς
2349 4256 2500 4305 τινας
2528 4240 2561 4311 ἢ
2610 4241 2968 4313 παιδονόμους
3011 4246 3469 4317 ἐπιτεταγμένους
3499 4249 3613 4319 (62)

363 4338 510 4389 cavit
552 4336 678 4393 illos
719 4336 775 4390 in
809 4337 1207 4393 testimonium.
1258 4339 1330 4392 At
1374 4336 1538 4395 Jesus
1576 4338 1727 4395 Nave
1766 4341 1930 4395 etiam

2054 4334 2149 4396 τοῖς
2177 4331 2482 4403 ἀνθρώποις
2511 4333 2637 4398 τοὺς
2673 4335 2938 4403 ἀγγέλους
2966 4334 3141 4399 εἰδὼς,
3183 4338 3263 4403 είς
3309 4340 3617 4412 μαρτυρῶν

366 4426 598 4496 lapidem
666 4435 859 4482 testem
914 4444 1229 4484 sermonum
1273 4431 1465 4485 statuit
1519 4430 1650 4501 (jam
1694 4444 1825 4485 vero
1877 4439 1932 4486 et

2054 4424 2428 4480 ἐπεκαλέσατο.
2476 4424 2683 4497 Ἰησοῦς
2708 4426 2765 4479 δὲ
2789 4428 2818 4480 ὁ
2847 4427 2941 4481 τοῦ
2980 4428 3134 4499 Ναυῆ
3166 4428 3261 4482 καὶ
3297 4429 3443 4483 λίθον
3474 4434 3618 4505 μάρ-

360 4518 518 4572 collis
542 4516 742 4572 alicubi
771 4518 929 4573 testis
962 4519 1265 4589 appellatus
1296 4528 1381 4573 est
1417 4536 1446 4573 a
1476 4518 1669 4591 Jacob)
1695 4521 1740 4552 ¹³
1766 4538 1781 4575 :
1809 4519 1929 4575 Erit

2054 4533 2185 4588 τυρα
2232 4515 2341 4569 τῶν
2386 4516 2560 4585 λόγων
2610 4516 2837 4588 ἔστησεν
2870 4518 2993 4591 (ἢδη
3033 4519 3093 4572 δέ
3131 4536 3233 4573 που
3283 4523 3375 4575 καὶ
3428 4522 3616 4593 βουνὸς

360 4611 522 4673 enim,
552 4609 749 4680 inquit,
789 4610 922 4679 lapis
944 4610 999 4663 in
1022 4610 1162 4664 vobis
1193 4609 1350 4664 hodie
1376 4611 1432 4664 in
1470 4611 1825 4665 testimonium
1874 4613 1929 4666 in

2054 4610 2263 4681 μάρτυς.
2298 4609 2446 4681 παρὰ
2476 4608 2570 4662 τοῦ
2609 4610 2804 4664 Ἰακὼϐ
2841 4609 3154 4682 ὠνομάσθη)
3177 4628 3192 4642 ο
3228 4614 3433 4668 Ἔσται
3479 4617 3612 4685 γὰρ.

358 4702 608 4758 extremis
630 4700 838 4767 diebus,
882 4717 1002 4755 cum
1032 4702 1242 4757 mentiti
1291 4701 1502 4770 fueritis
1547 4700 1777 4757 Domino
1821 4701 1928 4757 Deo

2054 4703 2227 4774 ρησὶν,
2247 4704 2281 4757 ὁ
2305 4704 2475 4768 ..ιίοος
2500 4701 2571 4756 ἐν
2593 4702 2737 4771 ὑμῖν
2758 4702 2868 4774 (65)
2884 4704 3150 4773 σήμερον
3177 4706 3265 4770 εὶς
3286 4708 3617 4776 μαρτύριον

2832 4858 2854 4891 ⁸
2892 4856 3049 4913 Deut.
3092 4876 3178 4923 tv,
3218 4859 3310 4916 23.
3382 4860 3404 4890 ’
3447 4864 3601 4915 υιειιι-

400 4818 471 4888 ’δ’
505 4856 551 4912 ll
589 4855 733 4912 Tim.
770 4872 852 4921 ιι,
891 4856 947 4911 9.
1021 4859 1045 4890 ⁸
1083 4855 1217 4911 Luc.
1256 4872 1370 4919 ιιιι,
1409 4858 1468 4921 8,
1537 4857 1591 4912 9.
1667 4857 1688 4888 '
1721 4856 1764 4912 ιι
1800 4857 1952 4911 Thes:

2057 4897 2071 4915 .
2115 4857 2166 4909 7.
2241 4864 2261 4894 τ
2300 4855 2447 4912 Psal.
2486 4872 2634 4923 χιιι,
2671 4858 2726 4913 4.

354 4942 527 4992 xxxn,
568 4927 619 4982 i.
697 4928 740 4959 “
774 4928 876 4982 lsa.
914 4943 953 4992 I,
989 4926 1043 4981 2.
1120 4929 1162 4963 ιι
1195 4926 1305 4982 Jer.
1342 4942 1402 4994 ιι,
1446 4927 1533 4993 12,
1575 4927 1663 4984 l5.
1740 4929 1784 4960 “
1821 4927 1952 4983 Gen.

2054 4943 2128 4981 m
2153 4965 2169 4991 ,
2201 4927 2291 4982 47.

425 5103 539 5173 (56)
603 5106 727 5160 Οὐκ
778 5106 870 5174 ἐφ’
928 5105 1172 5174 ὀμοίοιτι.
1237 5102 1374 5176 Reg.
1426 5106 1637 5165 mimus
1690 5109 1790 5164 οὐκ
1852 5112 1929 5168 ἔθ’

2110 5112 2223 5188 (60)
2258 5112 2615 5188 Εὐπρεπεῖς.
2654 5112 2797 5170 Editi
2854 5123 2907 5171 et
2942 5112 3098 5171 Colb.
3141 5113 3443 5188 εὐτρεπεῖς.
3504 5115 3610 5169 Alii

351 5174 555 5245 ὅμοιος.
580 5243 591 5245 _
850 5244 859 5245 ί
996 5242 1015 5245 _
1330 5174 1341 5176 ⁷
1409 5234 1415 5240 ,

2054 5174 2259 5241 :odices
2300 5192 2358 5237 ut
2390 5174 2444 5237 in
2473 5174 2754 5238 con-textu.

424 5245 536 5326 (§7)
564 5243 969 5326 ςομολογήσῃ.
995 5242 1074 5300 Ita
1098 5246 1345 5317 plerique
1371 5245 1496 5302 libri
1521 5253 1750 5304 veteres.
1783 5250 1925 5308 Editi

2109 5254 2224 5321 (61)
2266 5255 2541 5326 Σφόδρα.
2568 5252 2707 5308 Editi
2760 5253 2967 5309 addunt
3019 5255 3054 5315 ἡ
3092 5254 3198 5326 γῆ,
3253 5253 3348 5310 sed
3392 5253 3509 5309 haec
3554 5254 3612 5311 in

347 5314 694 5393 δμρὶργήρει-
737 5382 791 5393 ._
938 5314 941 5315 ⁷
1007 5384 1035 5393 -
1098 5314 1128 5393 ζ
1206 5314 1275 5393 -“
1320 5384 1373 5393 -_
1731 5388 1766 5393 __

2054 5314 2350 5379 III‘IIttCOd'.
2384 5314 2489 5378 nis.
2530 5324 2803 5393 leguntur.

420 5384 533 5463 {582
575 5382 879 5463 ᾎῃέλωίν
927 5384 1037 5463 gat?
1089 5385 1256 5441 Θεοῦ.
1318 5384 1410 5441 Sic
1461 5400 1596 5442 mss.
1649 5388 1865 5448 codices
1905 5411 1919 5447 :

2103 5393 2223 5463 (62)
2276 5382 2797 5463 Έπιτεταγῇἐνους
2857 5391 2945 5447 Sic
2970 5409 3160 5450 omnes
3197 5393 3368 5463 nostri
3392 5392 3612 5450 codices

2029 5461 2131 5534 pro
2158 5461 2246 5534 eo
2296 5464 2439 5531 quod
2481 5461 2680 5518 eratin
2718 5464 2881 5518 editis
2907 5465 3255 5529 ἐπιστάντος.
3292 5461 3429 5519 Tres
3455 5463 3608 5518 codi-

2026 5532 2119 5605 ces
2134 5603 2145 5605 _
2157 5532 2364 5605 habent
2394 5534 2509 5605 καὶᾲ
2525 5534 2902 5605 παῷονόμους.

2098 5602 2216 5673 (65)
2268 5605 2371 5657 Ἔν
2401 5602 2562 5672 ὑμῖν.
2602 5600 2929 5673 iPraapositio
2973 5602 3156 5659 addita
3210 5618 3275 5658 ex
3323 5600 3609 5673 codicibus

2098 5620 2195 5673 tuo
2269 5620 2371 5657 τεν
2401 5620 2562 5672 υμιν.
2609 5620 2726 5659 vra:
2802 5620 2929 5658 smo
2973 5620 3156 5659 nauita
3210 5620 3275 5658 ex
3323 5620 3605 5659 cantemus

2024 5686 2159 5731 mss.
2194 5620 2323 5729 haec
2357 5681 2537 5730 autem
2584 5620 2948 5731 Comﬁ’tisius
2976 5673 3287 5730 memoriter
3323 5688 3351 5727 ο
3381 5672 3605 5739 Basilio,

346 5453 478 5509 editi
509 5454 758 5522 ἀγγέλων
793 5454 979 5509 αὐτοῦ.

384 5523 549 5612 159)..
583 5524 1018 5612 Ἀπ’ἐουρανοῦ.
1056 5524 1148 5582 Sic
1176 5542 1369 5612 omnes
1392 5526 1651 5612 codices“:
1675 5528 1802 5585 editi
1824 5529 1923 5585 ἀπ’

345 5594 608 5665 οὐρανῶν.
662 5594 804 5673 Ante
858 5594 959 5652 has
1002 5612 1162 5654 voces
1220 5601 1460 5672 quinque
1518 5598 1736 5656 codices
1776 5614 1914 5657 mss.

345 5663 551 5720 addunt
570 5662 613 5718 Χ
623 5680 827 5737 ριστου.
