3972 6218
445 309 552 370 123

1751 301 1810 356 S.
1853 300 2097 356 BASILII
2137 301 2352 357 MAGNI

3605 301 3707 359 124

423 433 663 502 fciebant
700 428 769 483 ad
813 428 985 492 illum,
1019 427 1466 484 servabantur".
1501 424 1769 480 Similiter
1809 433 1864 480 et
1902 439 2020 495 quae

2128 443 2217 489 τες
2253 428 2335 489 εἰς
2364 425 2529 480 αὐτὸν
2553 425 2898 491 διεσώζοντο.
2929 422 3085 479 Οὕτω
3117 422 3180 495 δὴ
3212 425 3309 477 καὶ
3339 422 3411 477 τά
3448 423 3580 495 περὶ
3608 424 3708 495 τῆς

336 572 347 579 .
424 524 514 579 ‘de
564 523 780 579 eductis
828 520 1093 603 Israelitis
1138 519 1384 588 scripta,
1448 518 1514 572 ad
1564 516 2020 586 signiﬁcationem

443 631 633 670 eorum
680 615 773 684 qui
809 613 1082 682 baptismo
1129 610 1264 665 salvi
1312 610 1469 674 ﬁunt,
1521 618 1747 664 narrata
1799 616 1927 663 sunt
1953 609 2020 661 ".

445 708 674 765 Servata
699 715 831 762 sunt
849 706 994 761 enim
1021 705 1394 760 lsraelitarum
1420 701 1804 773 primogenita,
1831 716 2023 769 quem-

446 798 740 853 admodum
772 805 826 852 et
847 796 1248 866 baptizatorum
1273 807 1528 863 corpora,
1554 807 1679 847 cum
1714 792 1889 861 gratia
1919 791 2022 845 da-

446 899 536 945 tur
565 889 635 943 iis
662 889 756 958 qui
787 888 1058 958 sanguine
1092 886 1291 957 signati
1327 886 1569 939 fuerunt.
1606 878 2025 953 Sanguis‘enim

446 981 696 1051 pecudis,
730 982 900 1050 ﬁgura
926 979 1211 1050 sanguinis
1238 976 1480 1041 Christi;
1508 976 1868 1047 primogenita
1893 991 2023 1030 vero

445 1081 611 1145 typus
642 1072 905 1135 hominis,
947 1070 1041 1140 qui
1073 1070 1288 1140 primus
1320 1067 1577 1123 conditus
1610 1073 1729 1130 est;
1760 1066 1853 1136 qui
1884 1082 2024 1136 quo-

444 1165 592 1218 niam
645 1162 959 1218 necessario
1012 1162 1069 1216 in
1118 1161 1279 1216 nobis
1330 1171 1439 1222 est,
1481 1159 1612 1212 dum
1650 1158 2024 1214 successionis

445 1255 591 1310 serie
634 1271 811 1324 usque
843 1253 911 1307 ad
945 1252 1104 1308 linem
1136 1253 1554 1317 transmittitur,
1596 1252 1723 1306 ideo
1761 1251 1816 1305 in
1846 1249 2020 1304 Adam

446 1364 637 1403 omnes
669 1348 935 1402 morimur
959 1347 1028 1410 ",
1069 1355 1124 1401 et
1155 1346 1406 1415 regnavit
1433 1360 1583 1400 mors
1613 1361 1788 1415 usque
1838 1344 1906 1398 ad
1940 1345 2022 1399 le—

447 1440 533 1510 gis
574 1438 1130 1500 consummationem,
1165 1443 1219 1491 et
1268 1436 1473 1495 Christi
1514 1436 1831 1491 adventum.
1870 1436 2021 1491 Con-

448 1538 665 1586 servata
706 1536 889 1583 autem
922 1535 1054 1582 sunt
1079 1543 1109 1581 a
1144 1526 1255 1582 Deo
1290 1528 1677 1597 primogenita,
1713 1542 1777 1581 ne
1803 1541 1867 1581 ea
1898 1535 2025 1580 tan-

447 1629 598 1691 geret
622 1621 947 1683 exstiuctor,
973 1629 1032 1672 ut
1054 1619 1464 1679 ostenderetur,
1500 1634 1602 1673 nos
1621 1619 1737 1688 jam
1762 1635 1873 1672 non
1908 1634 2025 1672 am-

448 1706 592 1777 plius
632 1706 770 1759 mori
818 1705 874 1758 iu
921 1704 1119 1764 Adam,
1149 1704 1243 1773 qui
1277 1703 1331 1757 in
1374 1702 1597 1758 Christo
1631 1703 1883 1757 viviﬁcati
1929 1719 2023 1758 su-

2125 517 2409 587 ἐξαγωγῆς
2435 517 2546 586 (70)
2574 515 2670 570 τοῦ
2711 515 2929 588 Ἰσραὴλ
2967 518 3048 579 είς
3092 515 3314 582 ἔνδειξιν
3342 514 3452 569 τῶν
3489 515 3582 569 διὰ
3612 514 3709 568 τοῦ

2126 608 2502 678 βαπτίσματος
2547 607 2873 677 σωζομένων
2934 608 3233 678 ἱστόρηται.
3286 606 3532 676 Διεσώθη
3599 605 3713 678 γὰρ

2121 701 2232 753 τῶν
2268 699 2622 771 Ἰσραηλιτῶν
2648 700 2716 753 τά
2749 700 3068 772 πρωτότοκα
3087 741 3101 763 ,
3137 699 3213 763 ὡς
3244 701 3337 753 καὶ
3364 698 3472 752 τῶν
3514 700 3712 768 βαπτι-

2124 792 2366 863 ζομένων
2420 793 2491 846 τὰ
2544 792 2773 864 σώματα
2805 833 2819 851 .
2863 793 3148 863 διδομένης
3179 793 3290 863 (71)
3337 792 3437 863 τῆς
3484 793 3716 864 χάριτος

2122 890 2235 951 τοῖς
2284 886 2670 958 σημειωθεῖσιν
2718 887 2824 940 ὑπὸ
2862 886 2961 941 τοῦ
3002 887 3252 957 αἵματος.
3312 885 3386 939 Τὸ
3449 886 3550 954 μὲν
3601 884 3717 955 γὰρ

2124 972 2264 1049 αἷμα
2297 979 2392 1032 τοῦ
2431 979 2706 1050 προϐάτου
2743 979 2913 1041 τύπος
2950 978 3044 1033 τοῦ
3071 979 3300 1047 αἵματος
3321 976 3415 1030 τοῦ
3439 975 3713 1047 Χριστοῦ·

2121 1070 2191 1124 τὰ
2237 1071 2295 1124 δὲ
2349 1071 2672 1142 πρωτότοκα
2727 1070 2897 1135 τύπος
2962 1070 3056 1124 τοῦ
3111 1068 3539 1142 πρωτοπλάστου
3576 1085 3591 1098 ·
3654 1069 3717 1133 ὃς

2124 1161 2310 1229 ἐπειδὴ
2341 1162 2657 1231 ἀναγκαίως
2692 1164 2828 1233 ἡμῖν
2860 1163 3158 1233 ἐνυπάρχει
3191 1165 3256 1232 τῇ
3288 1161 3585 1231 ἀκολουθίᾳ
3613 1160 3717 1231 τῆς

2122 1248 2371 1324 διαδοχῆς
2424 1254 2587 1324 μέχρι
2637 1254 2825 1318 τέλους
2857 1254 3364 1325 παραπεμπόμενος
3388 1293 3403 1317 ,
3430 1252 3521 1305 διὰ
3550 1250 3717 1306 τοῦτο

2122 1346 2185 1399 ὲν
2205 1344 2284 1416 τῷ
2324 1344 2497 1414 Ἀδὰμ
2528 1346 2733 1409 πάντες
2757 1344 3203 1417 ἀποθνήσκομεν,
3235 1346 3329 1399 καὶ
3354 1344 3715 1397 ἐϐασίλευσεν

2123 1440 2151 1491 ό
2188 1437 2417 1501 Θάνατος
2443 1437 2559 1507 (72)
2589 1438 2752 1510 μέχρι
2778 1438 2879 1508 τῆς
2909 1436 3005 1491 τοῦ
3035 1437 3202 1508 νόμου
3229 1434 3588 1507 πληρώσεως.
3617 1437 3715 1489 καὶ

2124 1530 2222 1599 τῆς
2244 1529 2338 1582 τοῦ
2388 1528 2629 1599 Χριστοῦ
2665 1528 2989 1600 παρουσίας.
3024 1530 3329 1602 Διετηρήθη
3370 1529 3428 1582 δὲ
3458 1530 3575 1596 (75)
3607 1530 3715 1581 ὑπὸ

2122 1615 2215 1668 τοῦ
2265 1614 2401 1669 Θεοῦ
2439 1617 2509 1669 τὰ
2542 1617 2906 1687 πρωτότοκα,
2960 1617 3055 1670 τοῦ
3104 1619 3179 1689 μὴ
3232 1617 3404 1686 θίγειν
3451 1618 3544 1671 τὸν
3594 1618 3715 1672 όλος-

2127 1707 2410 1779 θρεῦοντα,
2439 1711 2519 1773 είς
2550 1709 2777 1777 ἔνδειξιν
2805 1709 2898 1764 τοῦ
2936 1710 3134 1782 μηκέτι
3165 1712 3312 1782 ἡμᾶς
3339 1711 3714 1781 ἀποθνήσκειν

446 1774 591 1853 inus.
620 1795 889 1851 Caeterum
921 1810 1075 1850 mare
1098 1802 1151 1849 et
1172 1794 1393 1857 nebula,
1412 1796 1466 1848 in
1489 1795 1742 1864 praesenti
1775 1794 2019 1863 quidem,

2128 1774 2181 1853 ὲν
2214 1801 2292 1870 τῷ
2339 1802 2544 1873 Ἀδὰμ,
2599 1774 2730 1867 τοὺς
2782 1774 3223 1874 ζωοποιηθέντας
3262 1805 3321 1856 ἐν
3356 1803 3435 1873 τῷ
3462 1774 3711 1876 Χριστῷ.

447 1889 742 1944 inducebat
775 1888 842 1941 ad
879 1886 1038 1942 ﬁdem
1069 1903 1167 1958 per
1200 1886 1656 1948 admirationem;
1692 1886 1746 1940 in
1776 1886 2021 1941 futurum

444 1992 651 2045 autem,
701 1989 967 2050 tanquam
1013 1988 1176 2051 typus
1220 1978 1451 2049 gratiam
1496 1986 1778 2031 venturam
1830 1979 2023 2048 praesi~

444 2071 670 2144 gnabat.
706 2071 837 2136 Quis
868 2071 1099 2139 sapiens,
1136 2079 1186 2124 et
1221 2069 1472 2139 intelliget
1511 2068 1723 2123 Iure"?
1750 2070 2025 2139 quomodo

444 2178 617 2226 mare,
653 2177 750 2231 per
773 2161 1000 2231 ﬁguram
1027 2160 1321 2230 baptisma,
1354 2175 1622 2229 separans
1657 2174 1687 2213 a
1713 2157 2021 2221 Pharaone.

445 2251 907 2321 quemadmodum
928 2260 981 2306 et
1000 2252 1278 2306 lavacrum
1302 2251 1405 2305 hoc
1429 2266 1459 2304 a
1482 2251 1687 2305 diaboli
1709 2251 2022 2320 tyrannide.

445 2340 583 2397 Illud
614 2342 813 2397 occidit
857 2343 1068 2397 hostem
1098 2344 1152 2396 in
1184 2358 1328 2405 sesc,
1361 2343 1594 2397 moritur
1623 2350 1677 2398 et
1713 2342 1801 2396 hic
1845 2343 2025 2397 inimi-

443 2436 594 2500 citia,
632 2451 754 2505 qua:
796 2436 958 2491 nobis
1004 2435 1108 2489 fuit
1161 2452 1287 2489 eum
1341 2435 1471 2490 Deo.
1526 2436 1609 2490 Ab
1662 2435 1756 2489 illo
1786 2437 2024 2505 populus

442 2529 577 2583 exiit
603 2528 844 2592 illzesus;
877 2528 1231 2581 ascendimus
1263 2534 1318 2581 et
1349 2542 1451 2582 nos
1482 2527 1552 2580 ab
1581 2528 1742 2597 aquis
1766 2536 2027 2596 tanquam

444 2633 512 2672 ex
554 2616 787 2670 mortuis
827 2615 959 2678 vivi,
996 2616 1198 2670 servati
1234 2630 1328 2685 per
1372 2615 1605 2683 gratiam
1643 2614 1765 2681 ejus
1794 2613 1889 2683 qui
1924 2629 2024 2666 vo-

445 2710 591 2765 cavit
621 2724 743 2764 nos.
776 2707 962 2763 Nubes
1001 2718 1184 2762 autem
1232 2708 1427 2761 umbra
1472 2706 1601 2761 doni
1632 2707 1897 2777 Spiritus,
1930 2707 2025 2776 qui

445 2799 731 2855 libidinum
786 2797 1062 2855 ﬂammam
1126 2799 1510 2853 mortiﬁcando
1561 2798 1807 2852 membra
1863 2799 2025 2853 τεο-ι»

445 2902 620 2964 gerat.

515 3157 607 3212 52.
646 3154 787 3223 Quid
812 3155 1016 3228 igitur?
1053 3171 1182 3210 num
1208 3154 1350 3227 ,quia
1383 3156 1563 3227 lypice
1601 3156 1655 3210 in
1684 3154 1903 3227 Moysen
1938 3156 2025 3211 ba-

445 3248 631 3319 ptizati
678 3255 827 3314 sunt,
876 3248 1012 3303 ideo
1048 3249 1242 3319 exigua
1291 3256 1376 3303 est
1406 3250 1581 3318 gratia
1628 3250 2023 3319 baptismatis?

447 3337 591 3393 Sane
624 3338 728 3392 hoc
755 3345 916 3408 pacto
946 3355 1047 3393 nec
1081 3339 1231 3392 aliud
1258 3338 1556 3408 quidquam
1586 3339 1637 3393 in
1669 3341 1876 3395 nostris
1906 3357 2026 3412 my-

444 3431 630 3486 steriis
672 3429 838 3485 fuerit
881 3445 1163 3501 magnum,
1202 3432 1249 3485 si
1294 3431 1441 3500 quod
1482 3431 1538 3484 in
1573 3432 1808 3501 singulis
1851 3447 2023 3501 augu-

444 3529 589 3577 stu-m
610 3530 715 3584 est,
752 3535 848 3592 pcr
882 3520 1254 3590 praecedentes
1286 3520 1490 3589 ﬁguras
1527 3520 1919 3590 deprimamus.
1945 3521 2024 3575 Ac

445 3627 515 3667 ne
560 3611 656 3668 Dei
711 3612 933 3681 quidem
979 3629 1108 3682 erga
1166 3613 1417 3667 homines
1467 3614 1710 3667 Charitas
1766 3629 2020 3683 magnum

444 3703 705 3774 quiddam
737 3712 792 3759 et
817 3704 1103 3767 eximium.
1148 3705 1243 3774 qui
1276 3705 1614 3775 unigenitum
1647 3704 1843 3758 Filium
1875 3705 2025 3760 dedit

444 3810 545 3865 pro
586 3795 824 3866 peccatis
862 3796 1071 3851 nostris
1103 3815 1115 3849 :
1162 3796 1610 3866 quandoquidem
1647 3804 1702 3852 et
1747 3797 2020 3852 Abraham

443 3888 557 3943 ﬁlio
608 3903 709 3943 suo
757 3904 867 3942 non
899 3889 1237 3958 pepercit".
1279 3888 1392 3943 Nec
1434 3889 1646 3943 Domini
1681 3891 1868 3959 passio
1906 3890 2023 3959 glo-

444 3981 622 4048 riosa;
660 3979 931 4050 siquidem
978 3981 1122 4035 aries
1172 3981 1293 4035 loco
1328 3982 1482 4035 Isaac
1525 3983 1758 4036 victima:
1795 3981 2020 4051 ﬁgttram

442 4073 763 4142 explevit”.
792 4071 980 4143 Neque
1018 4073 1322 4128 descensus
1364 4072 1431 4127 ad
1465 4073 1672 4129 inferos
1701 4075 2019 4143 horribilis;

443 4166 663 4236 quando
709 4166 931 4235 quidem
977 4164 1149 4221 Jonas
1191 4166 1370 4222 tribtts
1409 4165 1637 4229 diebus,
1682 4182 1746 4222 ac
1788 4168 2018 4223 totidem

445 4257 718 4318 noctibus,
770 4257 963 4311 mortis
1002 4258 1229 4328 ﬁguram
1285 4258 1437 4329 prius
1490 4259 1818 4324 explevit".
1873 4258 2018 4313 Idem

441 4365 574 4422 ergo
604 4350 733 4405 facit
754 4357 809 4404 et
841 4348 909 4405 de
936 4349 1280 4419 baptismate.
1310 4351 1402 4420 qui
1429 4351 1711 4405 veritatem
1745 4365 1869 4404 cum
1897 4366 2021 4404 um-

2136 1892 2294 1946 Ἡδὲ
2336 1893 2583 1948 θάλασσα
2620 1895 2716 1948 καὶ
2753 1896 2786 1965 ἡ
2837 1896 3041 1965 νεφέλη
3086 1895 3227 1965 πρὸς
3272 1896 3371 1966 μὲν
3421 1895 3485 1949 τὸ
3536 1898 3715 1967 παρὸν

2124 1984 2203 2047 εἰς
2241 1982 2420 2036 πίστιν
2449 1984 2610 2054 ἐνῆγε
2642 1984 2731 2038 διά
2778 1985 2882 2056 τῆς
2916 1986 3312 2057 καταπλήξεως
3338 2002 3351 2015 ·
3389 1987 3528 2057 πρὸς
3567 1987 3625 2041 δὲ
3654 1988 3717 2042 τὸ

2127 2073 2319 2143 μέλλον
2358 2074 2434 2138 ὡς
2485 2075 2656 2139 τύπος
2708 2077 2808 2148 τὴν
2863 2078 3132 2149 ἐσομένην
3186 2080 3346 2150 χάριν
3396 2080 3717 2151 προῦπεσήο

2128 2181 2307 2233 μαινε.
2364 2166 2460 2231 Τίς
2511 2167 2705 2236 σοφὸς
2738 2207 2765 2232 ,,
2796 2168 2895 2221 καὶ
2941 2170 3206 2235 συνθήσει
3246 2170 3476 2231 mora;
3516 2171 3635 2234 πῶς
3679 2174 3712 2240 ἡ

2126 2252 2369 2307 θάλασσα
2411 2254 2694 2325 βάπτισμα
2730 2257 3012 2321 τυπικῶς,
3044 2259 3324 2330 χωρισμὸν
3352 2259 3585 2312 ποιοῦσα
3619 2260 3713 2313 τοῦ

2124 2344 2324 2416 Φαραὼ
2342 2385 2357 2408 ,
2391 2346 2466 2409 ὡς
2500 2346 2593 2400 καὶ
2620 2346 2679 2400 τὸ
2712 2347 2936 2419 λουτρὸν
2967 2350 3127 2403 τοῦτο
3156 2351 3255 2421 τῆς
3281 2351 3594 2421 τυραννίδος
3616 2350 3714 2404 τοῦ

2123 2436 2392 2491 διαϐόλου.
2449 2438 2800 2491 Ἀπέκτεινεν
2836 2440 3021 2510 ἐκείνη
3059 2442 3116 2493 ὲν
3145 2441 3313 2512 ἑαυτῇ
3344 2440 3436 2494 τὸν
3479 2440 3674 2511 ἐχθρόν
3697 2456 3711 2470 ·

2126 2528 2459 2598 ἀποθνήσκει
2510 2529 2606 2582 καὶ¹
2663 2522 2765 2583 ὧδε
2822 2532 2854 2601 ἡ
2910 2531 3083 2602 ἔχθρα
3128 2533 3286 2604 ἡμῶν
3339 2534 3372 2603 ἡ
3424 2534 3504 2596 εἰς
3554 2532 3710 2587 Θεόν.

2139 2620 2394 2690 Ἐξῆλθεν
2427 2622 2521 2674 ἀπ’
2557 2621 2773 2692 ἐκείνης
2822 2624 3037 2694 ἀπαθὴς
3076 2626 3105 2676 ὁ
3149 2624 3309 2687 λαός·
3348 2624 3714 2694 ἀναϐαίνομεν

2127 2714 2222 2766 καὶ
2265 2715 2427 2783 ἡμεῖς
2471 2713 2547 2777 ὡς
2587 2716 2652 2767 ὲκ
2699 2715 2911 2785 νεκρῶν
2951 2716 3151 2780 ζῶντες
3188 2717 3298 2770 ἀπὸ
3349 2716 3444 2770 τοῦ
3494 2715 3710 2780 ὓδατος,

2127 2807 2316 2877 χάριτι
2362 2806 2627 2871 σωθέντες
2673 2810 2742 2879 τῇ
2792 2807 2886 2861 τοῦ
2940 2810 3270 2874 καλέσαντος
3321 2812 3493 2881 ἡμᾶς.
3551 2811 3617 2864 Ἦ
3656 2810 3716 2864 δὲ

2124 2896 2321 2969 νεφέλη
2355 2897 2481 2951 σκιά
2511 2897 2613 2968 τῆς
2645 2902 2707 2952 ὲκ
2733 2901 2826 2954 τοῦ
2858 2902 3173 2971 Πνεύματος
3207 2902 3447 2975 δωρεᾶς,
3483 2902 3577 2955 τοῦ
3612 2903 3715 2971 τὴν

2127 2987 2299 3058 φλόγα
2320 2988 2428 3040 τῶν
2457 2989 2645 3043 παθῶν
2674 2990 2760 3044 διὰ
2799 2992 2899 3061 τῆς
2931 2992 3253 3065 νεκρὼσεως
3278 2994 3384 3047 τῶν
3418 2994 3597 3065 μελῶν
3622 3012 3716 3048 κα-

2051 3112 2099 3168 6
2125 3077 2476 3149 ταψύχοντος.

2197 3172 2288 3228 32.
2333 3172 2398 3225 Τί
2443 3167 2566 3241 οὗνς
2598 3175 2785 3246 ἐπειδὴ
2830 3176 3074 3240 τυπικῶς
3101 3179 3181 3242 εἰς
3209 3180 3449 3250 Μωῦσῆν
3489 3180 3715 3234 ἐϐαπτίο

2127 3262 2332 3334 σθησαν
2356 3304 2369 3327 ,
2406 3264 2496 3318 διά
2538 3266 2695 3320 τοῦτο
2742 3268 2916 3337 μικρά
2945 3269 3056 3338 (ii)
3107 3271 3147 3341 ἡ
3184 3271 3279 3323 τοῦ
3334 3272 3714 3342 βαπτίσματος

2124 3354 2317 3424 χάριςς
2348 3354 2507 3409 Οΰτω
2539 3357 2639 3428 μὲν
2666 3355 2759 3411 οὖν
2790 3360 2900 3413 οὐδ’
2931 3361 2995 3414 ἃν
3029 3361 3156 3413 ἄλλο
3200 3380 3250 3415 τι
3285 3363 3427 3433 μέγα
3472 3364 3558 3433 εἴη
3600 3363 3721 3416 τῶν

2124 3446 2405 3519 ἡμετέρων
2438 3489 2453 3511 ,
2484 3450 2645 3522 εἴπερ
2675 3450 2736 3504 τὺ
2779 3453 2837 3504 ὲν
2866 3453 3082 3523 ἑκάστῳ
3128 3454 3325 3522 σεμνὸν
3366 3457 3479 3519 τοῖς
3517 3454 3719 3518 τύποις

2125 3537 2631 3610 προδιαϐάλλοιμεν.
2672 3540 2810 3595 Οΰτε
2862 3543 2972 3614 γὰρ
3025 3546 3057 3615 ἡ
3107 3547 3186 3608 είς
3240 3545 3563 3616 ἀνθρώπους
3614 3548 3723 3600 τοῦ

2124 3628 2257 3681 Θεοῦ
2288 3629 2475 3700 ἀγάπη
2510 3631 2652 3701 μέγα
2677 3650 2729 3685 τι
2756 3634 2851 3686 καὶ
2884 3635 3183 3705 ὑπερφυὲς.
3216 3635 3275 3699 ὃς
3314 3636 3404 3690 τὸν
3443 3638 3709 3708 μονογενῆ

2126 3719 2253 3773 Υίὸν
2279 3720 2479 3775 ἔδωκεν
2516 3722 2659 3794 ὑπὲρ
2696 3724 2804 3777 τῶν
2844 3726 3129 3797 ἁμαρτιῶν
3158 3727 3316 3797 ἡμῶν
3340 3745 3351 3756 ·
3389 3729 3578 3797 ἐπειδὴ
3614 3732 3714 3782 καὶ

2137 3811 2386 3884 ’Λϐραάμ
2411 3812 2504 3866 τοῦ
2547 3814 2678 3867 ίδίου
2717 3817 2834 3869 υἱοῦ
2871 3818 2970 3870 οὐκ
3020 3818 3274 3887 ἐφείσατο
3297 3835 3309 3850 ³
3345 3818 3465 3872 οὐδὲ
3502 3819 3562 3871 τὸ
3600 3820 3713 3873 πά-

2125 3902 2217 3967 θος
2232 3903 2326 3956 τοῦ
2345 3905 2549 3975 Κυρίου
2579 3905 2789 3972 ἔνδοξον
2812 3924 2827 3937 ’
2861 3910 3048 3980 ἐπειδὴ
3073 3910 3341 3981 πρόϐατον
3363 3910 3484 3963 ἀντὶ
3521 3911 3715 3966 Ἰσαὰκ

2122 3994 2214 4046 τὸν
2247 3994 2416 4048 τόπον
2445 3997 2683 4069 ἐπλήρου
2715 3998 2816 4068 τῆς
2848 4003 3164 4073 προσφορᾶς
3186 4019 3199 4032 ο
3232 4002 3354 4056 οὔτε
3396 4006 3428 4073 ἡ
3463 4006 3542 4065 εἰς
3576 4004 3709 4076 ᾇδοιι

2124 4083 2345 4149 κάθοδος
2386 4088 2591 4158 φοϐερά
2616 4106 2629 4119 ·
2682 4090 2870 4163 ἐπειδὴ
2928 4093 3112 4157 Ἰωνᾶς
3156 4096 3213 4148 ἐν
3258 4094 3435 4167 τρισὶν
3469 4096 3706 4168 ἡμέραις

2123 4178 2216 4229 καὶ
2248 4179 2536 4244 τοσαύταις
2574 4182 2695 4249 νυξὶ
2729 4184 2824 4238 τοῦ
2873 4184 3103 4241 θανάτου
3145 4188 3237 4242 τὸν
3282 4190 3450 4244 τύπον
3485 4191 3709 4262 προεξε-

2124 4266 2349 4339 πλήρου.
2398 4271 2605 4325 Ταὑτὸν
2652 4275 2833 4328 τοίνυν
2888 4281 3035 4331 ποιεῖ
3079 4280 3173 4333 καὶ
3227 4282 3319 4334 ἐπὶ
3362 4281 3456 4335 τοῦ
3514 4282 3709 4353 βαπτί-

2124 4374 2328 4429 σματος
2351 4362 2379 4413 ὁ
2408 4364 2473 4432 τῇ
2508 4364 2636 4435 σκιᾷ
2670 4367 2976 4443 συγκρίνων
3007 4368 3106 4439 τὴν
3142 4370 3402 4441 ἀλήθειαν
3421 4411 3437 4435 ,
3473 4374 3567 4425 καὶ
3592 4374 3705 4436 τοῖς

445 4442 544 4498 bra
581 4448 882 4511 comparat,
910 4450 965 4495 et
1002 4455 1127 4494 cum
1161 4442 1351 4510 ﬁguris
1385 4440 1601 4497 confert
1640 4456 1703 4495 ea
1736 4457 1857 4511 qua:
1884 4441 2019 4513 ﬁgu-

2128 4448 2313 4513 τόποις
2362 4453 2727 4522 παραϐάλλων
2785 4457 2856 4511 τά
2902 4462 3031 4530 παρ’
3078 4461 3257 4514 αὐτῶν
3307 4463 3704 4534 σημαινόμενα,

443 4535 522 4591 ris
545 4533 945 4604 signiﬁcantur,
970 4547 1035 4587 ac
1065 4547 1161 4602 per
1191 4531 1413 4603 Moysen
1447 4540 1501 4589 et
1531 4548 1681 4588 mare
1702 4533 1814 4603 2⁵1
1843 4541 2012 4588 lotam

443 4629 605 4685 simul
640 4627 1008 4697 evangelicam
1048 4624 1512 4694 dispensationem
1560 4625 1780 4681 elevare
1817 4640 2015 4696 aggre-

442 4723 611 4779 ditur.
649 4720 783 4776 Nam
828 4736 949 4791 qua:
987 4729 1333 4790 peccatorum
1387 4716 1661 4783 remissio,
1713 4734 1834 4789 qua:
1888 4720 2012 4775 vitae

2123 4541 2218 4593 καὶ
2266 4541 2357 4596 διὰ
2406 4546 2687 4611 Μωῦσέως
2737 4550 2829 4603 καὶ
2868 4551 2967 4622 τῆς
3012 4551 3288 4625 θαλάσσης
3338 4556 3518 4608 πᾶσαν
3566 4555 3705 4625 ὁμοῦ

2120 4631 2395 4705 διασύρειν
2448 4636 2558 4706 τὴν.
2602 4639 2965 4713 εὐαγγελικὴν
3020 4645 3329 4715 οἰκονομίαν
3386 4646 3706 4715 ἐπιχειρῶν.

2122 4725 2256 4778 Ποία
2286 4727 2394 4799 γὰρ
2442 4727 2636 4797 ἄφεσις
2685 4736 3155 4806 παραπτωμάτων
3190 4737 3339 4806 (75);
3385 4737 3513 4792 ποία
3557 4735 3705 4813 ζωῆῐ

511 4875 728 4957 '_‘Num.
771 4891 885 4957 ξιι,
922 4874 977 4931 9.
1052 4872 1281 4927 “Exod.
1322 4889 1417 4937 xu,
1461 4874 1547 4927 15.
1625 4872 1713 4925 ’³1
1751 4875 1881 4929 Cor.
1916 4891 2021 4943 xv,
2061 4876 2154 4934 ‘22.
2230 4880 2414 4939 “03c.
2458 4886 2711 4952 xxv,10.
2789 4888 2981 4944 "Gen.
3026 4907 3183 4957 tum,
3216 4892 3301 4946 l6.
3378 4893 3573 4949 "ibid.
3613 4894 3701 4951 15.

438 4947 486 4982 ⁸⁷
516 4946 643 5002 Jon.
681 4963 718 5001 ιι
771 4947 823 5000 1.

512 5122 624 5192 (70)
679 5123 1038 5194 Ἕξατωγῆς,
1070 5120 1433 5194 Consentium
1484 5121 1535 5175 in
1570 5123 1671 5178 hac
1694 5139 1842 5194 hvocc
1873 5142 2004 5180 mss.

442 5195 679 5249 codices.
740 5195 877 5246 Editi
916 5192 1292 5261 διεξαγωγῆς.
1361 5192 1619 5260 Displicet
1678 5192 2014 5250 Combelism

443 5263 654 5316 lirasmi
701 5266 1273 5333 interpretatiokquia
1329 5276 1436 5314 non
1489 5264 1672 5315 statim
1734 5263 1802 5317 de
1856 5270 2011 5322 exitu

443 5332 810 5387 Israelitarum
845 5331 1085 5401 loquitur
1112 5331 1385 5404 Basilius:
1419 5333 1512 5386 sed
1550 5334 1638 5385 illa
1668 5335 2013 5404 primogeni-

441 5411 623 5456 torum
675 5405 824 5458 salus
874 5416 958 5459 est
1007 5405 1154 5458 velut
1220 5403 1437 5456 initium
1489 5405 1672 5458 exitus

440 5488 585 5529 rum.

514 5543 637 5615 (ῃ),
665 5541 1001 5615 Διδομένης.
1027 5542 1157 5610 Reg.
1190 5543 1398 5615 primus
1422 5543 1803 5615 διαδιδομένης.

515 5612 626 5688 (7'2)
677 5613 738 5664 Ὀ
787 5613 1055 5688 θάνατος.
1093 5615 1229 5669 1·;ι1ιιί
1277 5614 1484 5669 addunt
1522 5612 1633 5670 ἀπο
1683 5612 1869 5688 Ἀδάμ,
1914 5617 2008 5676 sed

443 5682 557 5739 haec
580 5684 778 5739 desunt
805 5685 858 5738 in
888 5699 1014 5738 mss.

1735 5405 2015 5463 Israelita-

2183 5135 2295 5223 ςτζ»)
2328 5140 2663 5223 ,Δέετιηρρθη-
2692 5142 2778 5195 δέ’.
2808 5142 2915 5223 Pro
2950 5144 3036 5223 his
3068 5147 3297 5203 vocibus
3339 5158 3449 5223 tres
3477 5148 3696 5223 codices

2113 5207 2221 5342 se;
2245 5207 2508 5273 ἐσώζετο
2536 5210 2702 5265 Paulo
2732 5221 2855 5285 post
2894 5215 3116 5272 codices
3161 5235 3295 5273 mss.
3345 5218 3539 5287 θίγειν,
3565 5220 3692 5274 editi

2149 5295 2179 5342 η
2224 5295 2320 5330 ειν.

2357 5349 2567 5429 Μικρά.
2620 5348 2757 5429 Tres
2809 5352 3028 5429 codices
3073 5359 3286 5429 μικρόν.
3341 5356 3512 5413 Paulo
3572 5369 3694 5429 post

2113 5416 2244 5499 editi
2275 5427 2465 5500 contra
2496 5422 2739 5500 omnium
2777 5424 3027 5500 codicum
3050 5416 3187 5500 mss:
3221 5429 3379 5483 lidcm
3417 5416 3693 5500 παραϐάλ-

2119 5489 2322 5563 λοι-μεν,
2358 5489 2502 5543 unde
2535 5491 2813 5563 Erasmus,
2856 5498 2903 5547 si
2932 5496 3285 5563 conferamus.

2122 5558 2849 5697 μάξῗᾷΠαραπτωμὰτων.
2905 5558 3133 5632 Quidam
3176 5570 3391 5625 codices
3437 5570 3690 5642 ἀμαρτη-
