3972 6218
227 412 332 469 129
1402 417 1600 472 LIBER
1636 419 1727 475 DE
1760 421 2039 482 SPIRITU
2080 425 2378 485 SANCTO.
3397 436 3504 493 130

223 523 305 588 ὥς
327 521 539 587 nam
567 539 737 595 φησιν
771 526 803 578 ό
847 527 1091 599 μιμητὴς
1110 526 1206 583 τοῦ
1246 529 1506 600 Χριστοῦ·
1546 533 1817 602 Συμμορ-

1925 536 2055 605 ejus,
2091 537 2140 592 ei
2160 554 2262 607 quo
2303 537 2461 592 modo
2490 539 2789 617 perventum
2846 540 2917 594 ad
2955 542 3393 598 resurrectionem
3430 560 3500 601 ea:

227 616 534 685 φυόμενος
557 614 644 679 τῷ
672 615 917 684 θανάτῳ
957 619 1142 674 αὑτοῦ
1167 661 1182 684 ,
1206 620 1263 674 ει
1302 635 1429 687 πως
1466 626 1819 688 καταντήσω

1925 628 2538 697 mortuie“.Quomodo
2566 614 2732 702 igitur
2761 631 2840 699 ﬁt,
2896 642 2956 688 ut
2982 634 3157 689 simus
3201 634 3257 690 in
3301 637 3502 693 simili-

225 705 319 768 εις
339 701 459 770 τὴν
478 703 551 758 ἐκ
580 704 817 773 νεκρῶν
842 706 1274 771 ἐξανάστασιν.
1296 709 1428 773 ⁴Πῶς
1454 706 1547 762 οὖν
1560 710 1819 781 γινόμεθα

1925 720 2115 775 tudine
2147 722 2340 776 mortis
2372 721 2492 791 ejus
2509 701 2937 794 “lConsepulti
2972 740 3097 780 cum
3134 727 3228 781 illo
3262 743 3358 798 per
3406 729 3503 783 ba-

230 796 292 847 tv
340 793 422 864 τῷ
454 794 764 867 ὁμοιώματι
802 796 901 850 τοῦ
950 796 1179 853 θανάτου
1214 800 1410 865 αὐτοῦ;
1459 802 1819 871 Συνταφέντες

1925 812 2206 882 ptisma“.
2225 810 2366 878 Quis
2399 813 2566 883 igitur
2584 823 2670 869 est
2692 793 2887 870 modus
2914 818 3230 887 sepulturae,
3254 793 3348 873 aut
3376 820 3504 890 quis

230 883 386 954 αὖτῷ
426 883 518 937 διὰ
561 885 661 939 τοῦ
709 885 1110 958 βαπτίσματος.
1156 890 1254 953 Τίς
1298 885 1391 944 οὖν
1418 893 1448 944 ό
1486 891 1687 959 τρόπος
1723 893 1819 963 τῆς

1925 917 1991 957 ex
2031 904 2339 960 imitatione
2392 904 2646 962 fructus?
2705 906 2948 962 Primum
2997 910 3218 978 quidem
3275 926 3503 967 necesse

229 974 451 1043 ταφῆς
477 976 574 1028 καὶ
600 975 652 1028 τί
678 976 741 1029 τὺ
768 978 836 1030 ἐκ
862 977 965 1046 τῆς
998 980 1279 1052 μιμήσεως
1318 982 1589 1053 χρήσιμον
1615 1000 1629 1048 ;
1662 982 1819 1055 ﬂpt'b-

1925 1000 2007 1047 est
2044 994 2168 1048 vita}
2200 995 2401 1064 prioris
2428 997 2626 1051 seriem
2657 998 3009 1069 interrumpi.
3034 1000 3086 1052 Id
3120 1009 3302 1056 autem
3342 1016 3505 1055 nemo

231 1081 327 1118 τιν
360 1065 463 1134 μὲν
507 1065 807 1133 ἀναγκαῖον
826 1106 843 1131 ,
888 1069 988 1140 τὴν
1040 1069 1363 1125 ἀκολουθίαν
1412 1071 1508 1125 τοῦ
1556 1073 1819 1144 προτέρου

1925 1091 2104 1152 potest
2135 1086 2422 1155 consequi,
2474 1086 2581 1140 nisi
2631 1096 2794 1144 natus
2841 1065 3048 1154 denuo,
3088 1091 3248 1160 juxta
3287 1092 3502 1149 Domini

232 1153 358 1227 βίου
409 1155 760 1228 διακοπῆναι.
817 1159 994 1212 Τοῦτο
1041 1161 1098 1213 δὲ
1146 1160 1449 1229 ἀδύνατον,
1497 1162 1571 1233 μὴ
1621 1165 1819 1218 ἄνωθεν

1925 1174 2200 1228 vocem“:
2218 1177 2484 1245 siquidem
2515 1180 2875 1247 regeneratio,
2905 1171 3186 1251 uti'ipsmu
3220 1184 3384 1238 etiam
3411 1199 3506 1239 no-

234 1248 575 1319 γεννηθέντα
600 1290 615 1313 ,
668 1250 816 1304 κατὰ
863 1251 962 1322 τὴν
997 1252 1089 1306 τοῦ
1123 1254 1332 1325 Κυρίου
1370 1257 1575 1327 φωνήν.
1622 1257 1685 1310 Ἦ
1716 1258 1827 1330 γάρ

233 1339 633 1408 παλιγγενεσία
659 1381 674 1404 ,
696 1341 778 1406 ὡς
810 1343 904 1396 καὶ
949 1343 1079 1397 αὐτὸ
1122 1344 1274 1416 δηλοῖ
1303 1346 1364 1400 τὸ
1400 1347 1571 1419 ὄνομα
1592 1388 1608 1413 ,
1640 1347 1826 1403 δευτέ-

234 1446 336 1503 ρου
367 1429 489 1500 βίου
528 1432 682 1485 ἐστὶν
713 1434 881 1505 ἀρχή.
925 1434 1089 1488 Ὥστε
1118 1437 1248 1508 πρὶν
1275 1437 1545 1509 ἄρξασθαι
1578 1440 1670 1494 τοῦ
1703 1440 1826 1495 δευ-

233 1520 439 1592 τέρου,
474 1522 653 1592 πέρας
693 1524 807 1592 (87)
844 1525 952 1596 χρὴ
991 1525 1174 1581 δοῦναι
1214 1527 1295 1599 τῷ
1353 1530 1695 1600 προλαϐόντι.
1740 1531 1828 1597 Ὠς

233 1612 346 1683 γὰρ
375 1614 476 1666 ἐπὶ
505 1612 616 1668 τῶν
659 1614 750 1667 τὸν
781 1615 995 1669 δίαυλον
1021 1617 1485 1690 ἀνακαμπτόντων
1515 1622 1706 1686 στάσις
1743 1640 1827 1687 τις

233 1702 332 1755 καὶ
375 1703 735 1773 ὲπηρέμησις
761 1704 861 1768 τὰς
891 1707 1137 1771 ἐναντίας
1170 1710 1412 1779 κινήσεις
1436 1709 1790 1781 διαλαμϐάνει
1808 1729 1823 1743 ·

231 1792 383 1847 οὕτω
442 1795 541 1848 καὶ
594 1795 688 1848 ἐπὶ
719 1796 819 1866 τῆς
849 1796 961 1850 τῶν
1015 1797 1143 1868 βίων
1186 1800 1489 1873 μεταϐολῆς
1529 1803 1824 1871 ἀναγκαῖον

1924 1279 2049 1318 men
2078 1264 2342 1330 declarat,
2362 1269 2589 1324 alterius
2621 1273 2743 1325 vita:
2771 1271 2989 1325 initium
3018 1283 3123 1327 cst.
3145 1273 3327 1339 Quare
3345 1284 3502 1332 aute-

1925 1370 2088 1423 quam
2116 1357 2341 1412 alteram
2370 1359 2536 1413 vitam
2572 1360 2827 1432 incipias,
2868 1370 3085 1435 oportet
3124 1366 3293 1436 priori
3340 1367 3502 1423 ﬁnem

1925 1445 2225 1514 imponere.
2280 1448 2749 1514 Quemadmodum
2795 1455 2940 1508 enim
2974 1456 3027 1509 itt
3077 1456 3164 1512 bis
3195 1458 3288 1527 qui
3338 1460 3503 1514 stadii

1924 1534 2038 1605 29
2066 1535 2224 1592 ﬁnem
2265 1542 2503 1594 assecuti
2537 1557 2657 1597 sese
2697 1544 3004 1610 reﬂectunt,
3051 1548 3218 1602 statio
3253 1551 3503 1618 quaedam

1925 1636 1981 1682 et
2008 1631 2232 1700 requies
2253 1634 2398 1687 inter
2426 1635 2735 1690 contrarias
2781 1640 3055 1694 motiones
3088 1640 3456 1710 interponitur
3485 1661 3499 1697 .-

1927 1719 2010 1775 εἰσ
2041 1730 2095 1775 et
2151 1722 2205 1775 iu
2264 1727 2566 1780 mutatione
2615 1727 2743 1782 vitae
2777 1728 3064 1783 videbatur
3104 1733 3500 1794 necessarium,

1930 1815 1990 1861 ut
2019 1822 2165 1864 mons
2197 1810 2339 1865 inter
2376 1814 2614 1882 priorem
2655 1822 2710 1870 et
2751 1818 3110 1886 posteriorem
3139 1821 3305 1875 vitam
3338 1822 3505 1877 inter-

232 1885 412 1956 ἐφάνη
457 1885 691 1940 θάνατον
741 1889 1076 1961 ἀμφοτέροις
1132 1890 1450 1961 μεσιτεῦσαι
1492 1895 1608 1957 τοῖς
1654 1892 1819 1964 βίοις,

1928 1898 2166 1964 cederet,
2240 1919 2362 1972 quae
2405 1912 2459 1959 et
2520 1885 2880 1976 praecedentia
2935 1910 3112 1977 ﬁniat,
3164 1920 3220 1966 et
3286 1912 3504 1970 initium

233 1975 588 2049 περατοῦντα
608 1977 708 2048 μὲν
735 1979 805 2032 τά
835 1981 1165 2050 προάγοντα,
1195 1982 1370 2054 ἀρχὴν
1397 1982 1683 2039 δὲδιδόντα
1713 1988 1824 2050 τοῖς

233 2068 456 2138 ἔτεξῆς.
475 2067 605 2132 Πῶς
615 2065 709 2123 οὗν
726 2070 1097 2143 κατορθοῦμεν
1108 2074 1208 2144 τὴν
1220 2075 1300 2137 είς
1312 2074 1439 2145 ᾅδου
1454 2075 1676 2130 κάθοδον
1689 2075 1821 2148 (88);

232 2159 583 2231 Μιμούμενοι
627 2162 728 2233 τὴν
758 2163 934 2234 ταφὴν
981 2163 1076 2217 τοῦ
1125 2165 1361 2235 Χριστοῦ
1391 2167 1478 2220 διά
1500 2167 1594 2221 τοῦ
1631 2168 1825 2239 βαπτί-

234 2269 464 2320 σματος.
484 2254 667 2307 Οἱονεὶ
685 2254 795 2327 γὰρ
810 2255 1134 2309 ὲνθάπτεται
1158 2257 1236 2330 τῷ
1254 2256 1415 2313 ὕδατι
1436 2258 1545 2313 τῶν
1569 2258 1824 2330 βαπτιζο-

237 2345 415 2414 μένων
447 2346 521 2399 τὰ
580 2344 830 2416 σώματα.
896 2347 1180 2403 Ἀπόθεσιν
1232 2346 1326 2405 οὖν
1367 2350 1474 2404 τῶν
1499 2350 1674 2424 ἔργων
1723 2354 1824 2424 τῆς

234 2439 442 2508 σαρκὸς
491 2438 845 2509 συμϐολικῶς
894 2441 1181 2512 ὑποφαίνει
1232 2443 1345 2516 (89)
1390 2444 1452 2498 τὸ
1502 2444 1818 2517 βάπτισμα,

233 2527 378 2580 κατὰ
401 2528 498 2580 τὸν
537 2528 863 2582 ’Δπόστολον
892 2528 1138 2597 λέγοντα.
1167 2531 1249 2585 ὅτι
1275 2534 1710 2604 Περιετμήθητε
1728 2549 1824 2588 πε-

224 2615 443 2687 ριτομῇ
480 2618 936 2687 ἀχειροποιήτῳ,
964 2621 1034 2674 ἐν
1064 2619 1141 2689 τῇ
1171 2622 1500 2678 ἀπεκδύσει
1556 2625 1665 2680 τοῦ
1713 2624 1826 2679 σώ-

225 2725 419 2776 ματος
475 2708 592 2776 τῆς
660 2710 923 2778 σαρκὸς,
978 2711 1049 2764 ἐν
1089 2711 1167 2779 τῇ
1213 2712 1501 2783 περιτομῇ
1545 2714 1653 2770 τοῦ
1684 2718 1821 2784 Χρι-

229 2799 406 2864 στοῦ,
440 2799 865 2870 συνταφέντες
901 2801 1063 2869 αὐτῷ
1088 2804 1159 2857 ἐν
1184 2804 1265 2870 τῷ
1279 2806 1670 2876 βαπτίσματι.
1715 2809 1824 2862 Καὶ

228 2894 389 2947 οἱονεὶ
424 2893 734 2965 καθάρσιόν
766 2896 885 2948 ἐστι
927 2895 1106 2967 ψυχῆς
1136 2896 1231 2950 τοῦ
1273 2897 1381 2951 άπὸ
1428 2898 1522 2952 τοῦ
1554 2899 1822 2971 σαρκικοῦ

234 2985 593 3056 φρονήματος
640 2984 780 3056 αὐτῇ
829 2986 1264 3058 προσγενομένου
1324 2986 1535 3059 ῥύπου,
1576 2988 1718 3042 κατὰ
1764 2990 1825 3044 τὸ

229 3080 661 3151 γεγραμμένον,
709 3080 793 3132 ὅτι
838 3081 1100 3148 mum“;-
1154 3098 1266 3150 με,
1296 3081 1395 3134 καὶ
1448 3082 1600 3151 ὑπὲρ
1650 3085 1825 3152 χιόνα

228 3170 756 3239 ἁδυεπῆ-θήσομαι.
789 3170 888 3224 Διὰ
914 3170 1072 3225 τοῦτο
1094 3172 1217 3242 οὐχὶ
1256 3171 1560 3236 Ἰουδαῖώς
1589 3173 1673 3243 ἐφ’
1690 3173 1822 3227 ¹ἑκά-

228 3278 340 3333 στῳ
374 3262 697 3333 μολύσματι
729 3261 1129 3333 ἁπολουόμεθα,
1164 3263 1279 3316 ἀλλ’
1303 3262 1361 3316 ἓν
1388 3263 1606 3334 οἴδαμεν
1629 3264 1690 3318 τὸ
1723 3281 1822 3318 σω-

230 3350 419 3422 τήριον
474 3349 772 3421 βάπτισμα
794 3368 808 3382 ·
853 3351 1043 3420 ἐπειδὴ
1079 3344 1160 3413 εἷς
1193 3351 1340 3413 ἐστιν
1368 3351 1397 3403 ό
1426 3349 1566 3421 ὑπὲρ
1596 3350 1692 3402 τοῦ
1731 3350 1823 3404 κό-

230 3454 368 3508 σμου
424 3440 666 3504 Θάνατος
688 3481 703 3505 ,
745 3441 843 3494 καὶ
871 3440 970 3510 μία
1003 3440 1037 3510 ή
1074 3441 1140 3494 ὲκ
1172 3438 1381 3510 νεκρῶν
1425 3438 1818 3507 ἐξανάστασις,

229 3523 524 3595 ὧν⁶τύπος
579 3531 702 3584 ἐστὶ
742 3530 802 3583 τὸ
857 3529 1163 3601 βάπτισμα.
1212 3528 1417 3583 Τούτου
1462 3529 1621 3601 χάριν
1652 3531 1682 3584 ό
1722 3532 1822 3603 τὴν

229 3619 375 3694 ζωὴν
397 3624 435 3692 ἡ
444 3621 567 3692 μῶν
585 3621 699 3692 (9θ)
725 3621 1028 3693 οἰκονομῶν
1058 3622 1259 3694 Κύριος
1278 3621 1376 3693 τὴν
1394 3621 1489 3675 τοῦ
1515 3621 1824 3695 βαπτίσμα-

225 3727 318 3777 τος
344 3715 484 3784 ἡμῖν
512 3712 671 3767 ἔθετο
713 3713 980 3785 διαθήκην
1001 3755 1016 3779 ,
1072 3712 1303 3767 θανάτου
1350 3712 1518 3767 τύπον
1555 3715 1648 3768 καὶ
1677 3713 1820 3786 ζωῆς

230 3804 602 3875 περιέχουσαν
621 3820 639 3836 °
680 3805 781 3876 τὴν
828 3806 926 3875 μὲν
958 3803 1054 3857 τοῦ
1080 3802 1310 3858 θανάτου
1343 3805 1529 3858 εἰκόνα
1567 3804 1661 3858 τοῦ
1694 3804 1821 3859 ὓδα-

233 3908 322 3956 τος
361 3892 791 3964 ἐκπληροῦντος,
825 3893 916 3946 τὸν
943 3892 1000 3947 δὲ
1027 3892 1126 3963 τῆς
1160 3893 1305 3963 ζωῆς
1336 3893 1633 3965 ἀρραϐῶνα
1676 3914 1818 3968 παρ-

230 3984 493 4053 εχομένου
550 3984 647 4037 τοῦ
701 3985 1036 4055 Πνεύματος.
1097 3984 1259 4037 ’Ὥστε
1327 3987 1497 4055 σαφὲς
1551 3989 1681 4058 ἡμῖν
1735 3990 1820 4043 ὲν-

229 4074 420 4127 τεῦθεν
466 4075 665 4143 γέγονε
705 4075 768 4129 τὸ
811 4074 1174 4146 ζητούμενον,
1206 4076 1293 4130 διὰ
1324 4078 1379 4130 τί
1413 4076 1491 4148 τῷ
1540 4079 1817 4150 Πνεύματι

227 4166 290 4220 τὺ
340 4165 494 4237 ὕδωρ
544 4166 1010 4238 συμπαρελήφθη.
1053 4168 1176 4221 Ὅτι
1229 4167 1325 4221 δύο
1371 4169 1590 4225 σκοπῶν
1635 4173 1693 4225 ὲν
1738 4171 1819 4244 τῷ

231 4258 578 4329 βαπτίσματι
611 4260 1016 4330 προκειμένων,
1060 4260 1405 4332 καταργῆσαι
1435 4261 1536 4333 μὲν
1566 4263 1628 4316 τὸ
1658 4262 1818 4334 σῶμα

229 4350 328 4421 τῆς
358 4349 673 4420 ἁμαρτίας,
698 4350 794 4403 τοῦ
827 4352 1028 4422 μηκέτι
1056 4351 1190 4405 αὐτὸ
1220 4355 1589 4424 καρποφορεῖν
1619 4354 1696 4425 τῷ
1719 4354 1818 4408 θα·

229 4442 408 4513 νάτῳ,
442 4443 545 4513 ζῇν
576 4440 636 4494 δὲ
660 4440 740 4513 τῷ
770 4442 1049 4514 Πνεύματι
1068 4480 1084 4506 ,
1109 4443 1316 4497 καὶτὸν
1344 4443 1728 4515 καρπὺνέχειν
1760 4448 1821 4501 ἐν

1925 1985 2017 2040 det
2042 1991 2423 2057 sequentibus.
2468 1993 2752 2058 Quomodo
2803 1998 2970 2068 igitur
3017 2002 3372 2071 assequimur
3407 2003 3506 2060 do-

1925 2088 2181 2131 seensum
2207 2079 2276 2133 ad
2318 2082 2567 2138 inferos?
2593 2084 2801 2141 Christi
2835 2090 3175 2159 sepulturam
3218 2094 3503 2151 imitantes

1924 2179 2022 2234 per
2051 2167 2403 2235 baptismum.
2436 2170 2638 2228 Eorum
2686 2176 2831 2230 enim
2867 2180 2961 2248 qui
3000 2180 3351 2251 baptizantur
3378 2201 3505 2240 cor-

1925 2268 2081 2323 pora,
2112 2258 2520 2326 quodammodo
2555 2262 2610 2316 itt
2642 2267 2801 2333 aquis
2820 2267 3183 2334 sepeliuntur.
3207 2269 3371 2326 Proin
3400 2273 3501 2330 de-

1924 2343 2253 2413 positionem
2283 2361 2511 2416 operum
2567 2352 2754 2407 carnis
2791 2368 2995 2409 arcano
3030 2359 3192 2412 modo
3225 2361 3502 2429 signiﬁcat

1922 2433 2248 2504 baptismus.
2302 2439 2458 2508 juxta
2521 2439 2841 2511 Apostolum
2888 2447 3156 2502 dicentem
3196 2469 3211 2505 :
3260 2449 3503 2508 Circum-

1923 2523 2019 2576 ct'u'
2042 2525 2169 2579 estis
2200 2528 2602 2585 circumcisione
2628 2550 2733 2587 nou
2757 2534 2906 2603 facta
2937 2551 3120 2601 manu,
3157 2540 3214 2593 in
3240 2542 3504 2610 exspolia-

1925 2614 2064 2668 ϐίους
2083 2618 2316 2686 corporis
2346 2621 2542 2687 rantis,
2560 2621 2615 2675 in
2639 2624 3039 2679 circumcisione
3067 2625 3289 2694 Christi,
3310 2632 3502 2698 sepulti

1923 2721 2041 2759 cum
2075 2708 2169 2761 illo
2212 2710 2268 2763 in
2290 2709 2624 2778 baptismo“.
2657 2713 2739 2769 Ac
2773 2715 3041 2785 baptisma
3071 2720 3305 2787 quodam
3340 2724 3504 2779 modo

1923 2806 2182 2868 repurgat
2241 2801 2477 2856 animant
2537 2818 2569 2859 a
2636 2805 2915 2873 sordibus,
2967 2824 3091 2878 quae
3134 2811 3245 2866 eia
3293 2816 3503 2870 carnali

1925 2903 2089 2943 sensu
2117 2890 2409 2953 accedunt,
2433 2894 2591 2962 juxta
2627 2895 2678 2949 iJ
2708 2898 2853 2966 quod
2877 2900 3144 2970 scriptum
3167 2909 3252 2955 est
3286 2921 3299 2958 :
3325 2900 3504 2959 Lara-

1925 2979 2004 3034 bis
2028 2997 2125 3045 me,
2157 2992 2207 3036 et
2232 2999 2389 3053 super
2418 2987 2581 3040 nivem
2610 2987 2899 3044 dealbabor
2915 2989 2983 3047 “.
3007 2991 3161 3048 Hanc
3183 2996 3255 3049 ob
3277 3011 3502 3053 causam

1925 3086 2033 3126 non
2058 3070 2370 3130 Iudaeorum
2401 3093 2552 3132 more
2601 3079 2656 3134 in
2690 3084 3029 3152 quibuslibet
3074 3086 3504 3156 inquinamentis

1925 3164 2223 3228 abluimur,
2244 3166 2341 3222 sed
2362 3184 2526 3222 unum
2549 3171 2805 3230 novimus
2827 3175 3169 3232 salutiferum
3194 3179 3464 3251 baptisma
3483 3200 3502 3237 :

1925 3256 2370 3326 quandoquidem
2417 3274 2523 3313 una
2558 3268 2644 3316 est
2689 3279 2789 3334 pro
2825 3269 3029 3322 mundo
3080 3285 3251 3335 Iners,
3299 3280 3353 3327 et
3394 3289 3503 3328 una

1923 3359 1988 3400 ex
2020 3347 2256 3402 mortuis
2286 3353 2644 3416 resurrectio,
2703 3370 2933 3424 quarum
2977 3357 3149 3429 ﬁgura
3194 3369 3280 3417 est
3323 3363 3507 3435 baptio

1923 3448 2062 3489 sma.
2093 3434 2448 3508 QuaprOptcr
2476 3441 2568 3510 qui
2601 3451 2847 3499 nostram
2876 3446 3047 3501 vitam
3084 3448 3371 3521 dispensat
3393 3434 3503 3510 Do-

1921 3527 2130 3590 minus,
2178 3527 2528 3598 baptismatis
2570 3542 2788 3603 pactum
2842 3538 3004 3593 nobis
3044 3544 3264 3606 statuit,
3309 3547 3504 3603 mortis

1922 3629 1986 3670 ac
2014 3617 2137 3671 vitae
2169 3628 2355 3688 typum
2399 3620 2608 3677 habens
2651 3641 2666 3678 :
2707 3627 2901 3682 mortis
2943 3628 3163 3698 quidem
3211 3632 3503 3704 imaginem

1920 3708 2173 3777 explente
2197 3726 2360 3781 aqua,
2386 3712 2596 3782 Spiritu
2633 3730 2764 3771 vero
2794 3719 2916 3773 vita:
2944 3720 3162 3776 arrltam
3196 3727 3499 3794 praebente.

1921 3798 2059 3855 Hinc
2090 3802 2278 3873 itaque
2300 3804 2462 3860 nobis
2503 3807 2854 3878 perspicuum
2895 3820 2980 3867 est
3008 3816 3155 3883 quod
3210 3820 3499 3885 quaereba-

1921 3898 2031 3952 tur,
2058 3896 2414 3963 quamobrem
2463 3911 2605 3967 aqua
2654 3901 2952 3970 conjuncta
3024 3903 3187 3958 fuerit
3248 3906 3502 3979 Spiritui.

1926 3983 2067 4037 Cum
2098 3985 2243 4039 enim
2270 3986 2379 4041 duo
2412 3990 2561 4058 scopi
2605 3994 2872 4062 propositi
2923 3994 3034 4049 sint
3087 3997 3143 4051 in
3207 3998 3499 4069 baptismo,

1920 4075 2176 4130 videlicet
2236 4085 2296 4130 ut
2338 4079 2629 4135 abolentur
2672 4098 2874 4151 corpus
2913 4089 3149 4155 peccati,
3197 4105 3268 4145 ne
3308 4103 3499 4161 postea

1920 4165 2213 4221 fructiticet
2242 4172 2427 4235 morti,
2475 4182 2588 4226 tum
2611 4181 2669 4227 ut
2696 4175 2915 4230 vivatur
2946 4176 3176 4249 Spiritu,
3196 4188 3252 4236 et
3284 4183 3502 4240 fructus

1920 4257 2188 4313 habeatur
2221 4261 2278 4315 in
2317 4264 2794 4333 sanctiﬁcatione;
2839 4283 3004 4339 aqua,
3054 4275 3249 4329 mortis
3279 4275 3501 4334 exhibet

1922 4349 2251 4419 imaginem,
2308 4366 2514 4424 corpus
2568 4358 2718 4412 velut
2768 4359 2823 4415 in
2873 4364 3128 4432 sepulcro
3179 4368 3497 4438 recipiens;

1924 4439 2166 4511 Spiritus
2194 4459 2327 4499 vero
2350 4446 2457 4500 vim
2490 4448 2761 4505 viviﬁcam
2794 4452 3059 4521 immittit,
3091 4469 3124 4510 ι
3159 4467 3335 4514 morte
3364 4474 3496 4528 pec-

229 4532 495 4604 ἁγιασμῷ
512 4551 525 4563 ⁸
551 4534 617 4587 τὸ
649 4534 749 4605 μὲν
772 4533 915 4606 ὕδωρ
957 4534 1051 4588 τοῦ
1081 4535 1315 4590 θανάτου
1343 4535 1445 4608 τὴν
1469 4536 1653 4590 εἰκόνα
1679 4554 1819 4611 παρ-

1925 4536 2030 4590 cati
2064 4550 2333 4593 renovans
2358 4539 2571 4597 animas
2626 4551 2846 4601 nostras
2880 4545 2937 4600 in
2966 4549 3253 4618 pristinam
3305 4554 3494 4609 vitam.

229 4623 377 4695 ἕχει,
415 4621 611 4695 ὥσπερ
655 4626 716 4678 ὲν
753 4627 896 4697 ταφῇ
928 4625 990 4679 τὸ
1042 4625 1203 4697 σῶμα
1238 4627 1710 4699 παραδεχόμενον·
1757 4629 1819 4685 τὸ

228 4713 284 4768 δὲ
339 4714 573 4785 Πνεῦμα
614 4716 716 4787 τὴν
747 4715 1012 4781 ζωοποιδν
1061 4718 1236 4790 ἐνίησι
1284 4716 1546 4790 δύναμιν,
1576 4720 1686 4773 ἀπὸ
1717 4721 1818 4792 τῆς

231 4801 379 4857 κατὰ
426 4802 527 4875 τὴν
567 4806 845 4878 ἁμαρτίαν
893 4807 1219 4879 νεκρότητος
1274 4808 1357 4872 είς
1406 4808 1506 4880 τὴν
1554 4808 1613 4874 ἐξ
1644 4811 1817 4883 ἀρχῆς

232 4895 383 4965 ζωὴν
412 4895 515 4961 τὰς
562 4897 742 4969 ψυχὰς
785 4897 945 4970 ἡμῶν
977 4899 1345 4964 ἁνακαινίζον.
1379 4899 1552 4955 Τοῦτο
1576 4896 1671 4955 οὖν
1700 4904 1815 4956 ἐστι

230 4985 291 5039 τδ
312 4987 539 5041 ἄνωθεν»
557 4990 888 5061 γεννηθῆναι
914 4990 975 5057 ἐξ
1004 4989 1196 5055 ὓδατος
1232 4993 1327 5044 καὶ
1357 4990 1678 5063 Πνεύματος
1696 5010 1710 5024 ο
1738 4993 1817 5057 ὡς

230 5078 335 5148 τῆς
377 5079 479 5148 μὲν
505 5082 830 5153 νεκρώσεως
855 5083 916 5135 ἐν
950 5080 1033 5153 τῷ
1058 5081 1212 5136 ὕδατι
1235 5081 1564 5155 τελουμένης
1583 5123 1598 5150 ,
1630 5085 1729 5154 τῆς
1756 5084 1813 5138 δὲ

1924 4624 2039 4681 Hoc
2074 4627 2241 4698 igitur
2272 4639 2356 4685 est
2374 4631 2556 4686 denuo
2593 4637 2739 4690 nasci
2776 4652 2845 4693 ex
2892 4653 3034 4711 aqua
3077 4650 3133 4697 et
3167 4642 3377 4714 Spiritu
3400 4644 3447 4676 δ’
3477 4663 3492 4701 :

1922 4718 2124 4789 quippe
2157 4719 2286 4789 quia
2313 4736 2463 4778 mors
2516 4724 2802 4794 perﬁcitur
2848 4729 2902 4784 in
2950 4746 3113 4802 aqua,
3164 4735 3331 4788 vitam
3364 4749 3497 4790 vero

1923 4818 2173 4865 nostram
2204 4819 2465 4881 operatur
2494 4811 2754 4885 Spiritus.
2809 4817 3014 4878 Tribus
3065 4822 3235 4894 igitur
3283 4826 3494 4880 demer-

1920 4901 2193 4966 sionibus,
2234 4918 2299 4957 ae
2328 4904 2550 4960 totidem
2604 4909 3066 4979 iuvocationibus,
3093 4928 3351 4984 magnum
3399 4914 3493 4970 ba-

1921 4993 2194 5063 ptismatis
2231 4996 2553 5066 mysterium
2580 5002 2879 5071 peragitur,
2911 5011 2972 5057 ut
3001 5011 3057 5058 et
3100 5006 3294 5061 mortis
3323 5003 3495 5075 ﬁgura

1918 5098 2283 5155 exprtmatur,
2312 5095 2367 5142 et
2392 5103 2487 5157 per
2508 5090 2855 5150 traditionem
2885 5096 3084 5150 divina:
3109 5097 3354 5152 scientia:
3382 5102 3494 5155 ani-

300 5238 355 5325 ’ἴ
384 5233 615 5306 “3"”-
640 5254 746 5325 ,ἐπ’
787 5239 878 5308 ¹οι
919 5240 1007 5298 Η.
1079 5241 1124 5274 ιι
1160 5220 1398 5300 nam."
1425 5243 1518 5309 ,5.
1591 5244 1638 5276 δ’
1661 5244 1794 5300 ibid.

1962 5250 2009 5283 “
2026 5248 2184 5307 Joan.
2222 5266 2304 5316 tu,
2345 5249 2399 5305 5.
2474 5250 2520 5282 ⁵⁵
2551 5249 2769 5307 Coloss.
2811 5268 2872 5315 ιι.
2919 5252 3004 5309 Η.
3077 5254 3124 5288 ⁸³
3162 5256 3305 5314 Psal.
3336 5275 3400 5325 ι,
3435 5259 3491 5317 9.

236 5302 281 5336 δ’
314 5305 481 5362 Juan.
517 5302 598 5371 tti,
637 5308 693 5362 5.

445 5460 930 5537 [Ιρὶιξηᾶρξασθαι
973 5464 1080 5537 τοῦ
1111 5463 1416 5537 δευτέρου,
1441 5468 1653 5537 πέρας,
1692 5478 1802 5526 etc.

200 5534 203 5537 ’
239 5527 373 5584 Editi
394 5527 1068 5609 'tqr'jtéitloutt_&9§a69gt
1097 5536 1191 5588 τοῦ
1233 5527 1485 5609 δευτέρου
1510 5527 1658 5609 ’βίου,
1707 5540 1805 5593 πέ-

245 5615 353 5669 ρας,
380 5602 618 5675 etc._S_'ed
660 5604 818 5666 illud,
842 5602 921 5674 τῷ
952 5604 1217 5675 μέλλοντι,
1249 5608 1305 5661 in
1332 5602 1481 5662 nullo
1510 5602 1703 5664 codice
1727 5626 1808 5663 rc-

244 5678 462 5742 perstttr,
485 5670 606 5742 βίου
638 5670 903 5728 autemid
949 5670 1056 5730 uno
1100 5685 1331 5731 tantum.
1379 5677 1804 5734 Emendavimus

1901 5476 2116 5550 congiis
2131 5472 2358 5550 γάρ
2389 5473 2498 5550 egw
2529 5473 2734 5550 ἔπιτον
2753 5473 2967 5550 δίαυλον
2998 5477 3487 5550 ἀνακαμπτόντων.

1977 5541 2089 5611 (83)
2128 5541 2246 5622 Τῂγ
2267 5541 2355 5608 εὶς
2376 5543 2527 5611 ᾅδου
2551 5542 2833 5598 κάθοδον.
2858 5546 3099 5604 Colbett.
3127 5541 3338 5622 et'l’teg.
3372 5559 3489 5606 ter-

1905 5612 2019 5666 tius
2049 5612 2257 5665 κατάϐα
2266 5629 2366 5666 σιν.

1969 5682 2086 5747 (89)
2129 5682 2488 5752 ἰ’ποεραὶνει.
2538 5681 2632 5741 Sic
2670 5684 2891 5742 codices
2935 5702 3144 5744 omnes.
3176 5687 3322 5745 Editi
3353 5691 3488 5748 ὐπο-

245 5752 338 5807 ope
352 5740 504 5811 Regii
530 5743 718 5823 primi,
736 5759 799 5798 ex
825 5759 934 5814 quo
954 5748 1292 5828 sumpsimus
1313 5749 1467 5812 illud,
1490 5748 1637 5820 πρίν,
1661 5749 1807 5818 quod

247 5807 565 5871 tbtticuttatis
606 5813 744 5871 nihil
794 5829 1020 5886 prorsus
1065 5817 1344 5890 relinquit.
1391 5818 1511 5875 Mox
1551 5816 1687 5891 Reg.
1720 5833 1806 5877 se-

1925 5740 2179 5893 ιηὶιᾲῗὸνε

247 5807 565 5871 tbtticutiatis
606 5813 744 5871 nihil
794 5807 1020 5886 prorsus
1065 5807 1344 5890 relinquit.
1391 5807 1692 5891 Mox'ﬂeg:
1720 5833 1806 5877 se-

1999 5820 2088 5893 90)
2131 5820 2337 5893 Ἠμῶν.
2371 5821 2464 5882 Sic
2495 5823 2622 5884 libri
2651 5835 2879 5886 veteres.
2914 5825 3057 5885 Editi
3080 5830 3235 5899 ἡμῖν.
