3972 6218
454 368 571 431 ,131

1771 365 1828 421 S.
1871 365 2113 424 BASILII
2145 368 2359 424 MAG!!!
2462 387 2466 391 ‘

3613 370 3725 423 £32

473 499 597 539 Inus
625 483 930 539 illustretur
960 496 1151 537 eorum
1192 483 1278 554 qui
1336 483 1697 554 baptizantur.
1757 483 1947 552 Itaque
1991 484 2037 538 si

2147 483 2287 557 ζωῆς
2335 483 2492 556 ἡμῶν
2540 481 2936 555 ἐνεργουμένης
2977 481 3067 536 διὰ
3110 482 3203 536 τοῦ
3252 482 3585 551 Πνεύματος.
3625 475 3727 539 Ἔν

470 590 580 647 qua
607 586 691 630 est
711 576 883 645 gratia
916 574 972 629 iu
1015 591 1180 645 aqua,
1213 592 1322 630 non
1359 584 1442 631 est
1463 592 1533 634 ,ει
1560 576 1734 646 ipsius
1763 590 1918 646 aquae
1945 591 2041 629 ua-

472 675 617 731 tura,
643 667 739 722 sed
765 681 832 721 ex
865 664 1102 735 Spiritus
1131 668 1447 737 praesentia.
1480 666 1598 720 Non
1646 667 1791 719 enim
1833 675 1918 719 est
1947 666 2042 721 ba-

472 760 707 829 ptismus
736 758 1006 827 depositio
1039 759 1284 813 sordium
1335 759 1604 829 corporis,
1633 759 1728 814 sed
1764 758 2042 812 conscien-

472 851 562 903 tiae
586 849 744 903 bonae
768 849 1125 918 interrogatio
1149 849 1291 919 apud
1327 847 1495 904 Deum
1513 850 1580 902 ".
1620 849 1804 917 Itaque
1824 850 1891 903 ad
1920 865 2040 903 eam

470 941 661 1004 vitam,
722 956 844 1010 quae
872 948 956 995 est
986 957 1052 995 ex
1095 940 1522 1001 resurrectione,
1576 955 1892 1011 praeparans
1941 957 2040 996 nos

470 1031 756 1095 Dominus,
795 1040 961 1086 totam
986 1033 1362 1102 evangelicam
1396 1032 1868 1087 conversationem
1916 1047 2044 1103 pro-

473 1122 655 1190 ponit;
708 1130 767 1174 ut
799 1136 908 1175 non
940 1122 1269 1185 irascamur,
1321 1131 1381 1176 ut
1434 1122 1702 1176 malorum
1744 1121 2040 1176 tolerantes

470 1210 665 1274 simus,
687 1218 741 1264 et
771 1224 802 1263 a
827 1211 1167 1280 voluptatum
1193 1226 1381 1264 amore
1411 1211 1554 1281 puri,
1588 1218 1650 1263 nt
1677 1227 1706 1264 a
1741 1211 1927 1267 studio
1956 1226 2044 1279 pe-

453 1294 647 1354 cuniae
682 1316 862 1355 mores
902 1301 1012 1355 sint
1062 1301 1243 1367 liberi,
1282 1303 1666 1371 praescribens,
1708 1303 1786 1357 ita
1820 1310 1878 1355 ut
1918 1318 2041 1372 quae

470 1391 603 1445 illud
636 1392 897 1446 saeculum
920 1393 1073 1459 juxta
1098 1403 1351 1447 naturam
1384 1394 1647 1463 possidet,
1684 1409 1748 1448 ea
1773 1411 1877 1450 nos
1900 1410 2041 1464 prae-

469 1481 733 1551 cipientes
765 1498 832 1536 ex
861 1483 1025 1535 animi
1074 1484 1390 1538 inductione
1418 1500 1772 1553 peragamus.
1806 1483 2041 1539 Proinde

470 1573 518 1627 si
552 1572 676 1643 quis
707 1572 969 1651 definiens
1004 1574 1155 1628 dicat
1182 1574 1536 1645 Evangelium
1571 1592 1697 1631 esse
1733 1577 1880 1641 vitae,
1916 1592 2040 1648 quae

470 1671 555 1718 est
586 1680 653 1718 ex
687 1664 1109 1730 resurrectione,
1146 1665 1397 1734 ﬁguram,
1434 1666 1564 1719 mihi
1587 1681 1928 1736 nequaquam
1957 1667 2042 1721 vi-

470 1752 666 1807 deatur
699 1767 729 1805 a
759 1760 911 1807 recto
945 1753 1225 1809 aberrare.
1277 1754 1362 1808 Ad
1395 1769 1624 1824 scopum
1658 1754 1825 1826 igitur
1858 1770 2041 1810 rever-

471 1849 671 1896 tamur.

2145 577 2323 648 τρισὶν
2347 572 2439 630 οὖν
2465 575 2788 629 καταδύσεσι
2809 615 2824 639 ,
2856 575 2951 627 καὶ
2981 574 3289 646 ἰσαρίθμοις
3326 578 3447 639 ταῖς
3490 576 3723 647 ἐπικλή-

2148 683 2298 726 σεσι,
2333 666 2394 719 τὸ
2428 667 2571 736 μέγα
2615 667 2912 737 μυστήριον
2940 664 3035 719 τοῦ
3066 665 3438 737 βαπτίσματος
3484 666 3725 720 τελειοῦ-

2144 773 2266 823 ται,
2299 759 2385 811 ἵνα
2417 759 2510 811 καὶ
2548 760 2576 810 6
2609 757 2705 811 τοῦ
2740 756 2971 811 θανάτου
3009 756 3178 821 τύπος
3221 757 3555 828 ὲξεικονισθῇ
3577 798 3592 815 .
3621 759 3723 812 καὶ

2144 849 2211 917 τῇ
2246 834 2538 918 παραδόσει
2564 846 2664 915 τῆς
2691 847 3017 915 θεογνωσίας
3051 847 3150 910 τὰς
3171 847 3348 917 ψυχὰς
3376 847 3720 914 φωτισθῶσιν

2145 939 2196 993 οἰ
2227 935 2631 1008 βαπτιζόμενοι.
2667 937 2828 991 Ὥστε
2860 935 2915 989 εἴ
2950 936 3035 1000 τίς
3073 938 3219 991 ἐστιν
3244 939 3300 989 ἐν
3335 935 3415 1007 τῷ
3437 936 3587 990 ὕδατι
3620 937 3718 1007 χά-

2149 1046 2234 1101 ρις
2257 1067 2271 1091 ,
2303 1029 2405 1081 οὐκ
2444 1030 2508 1081 ἐκ
2540 1028 2642 1096 τῆς
2682 1026 2897 1097 φύσεώς
2930 1029 3046 1080 ἐστι
3081 1027 3175 1080 τοῦ
3230 1026 3420 1091 ὕδατος
3443 1067 3458 1090 ,
3498 1027 3613 1080 ἀλλ’
3652 1030 3717 1081 ἐκ

2145 1119 2246 1189 τῆς
2279 1118 2372 1171 τοῦ
2413 1117 2728 1188 Πνεύματος
2764 1118 3086 1189 παρουσίας.
3137 1118 3210 1171 Οὐ
3242 1119 3350 1189 γάρ
3377 1122 3492 1171 ἐστι
3526 1119 3589 1170 τὸ
3619 1118 3714 1188 βά-

2147 1225 2355 1278 πτισμα
2388 1208 2560 1278 ῥύπου
2598 1207 2801 1278 σαρκὸς
2842 1207 3134 1270 ἀπόθεσις,
3182 1206 3317 1259 ἀλλά
3361 1207 3716 1277 συνειδήσεως

2146 1297 2355 1368 ἀγαθῆς
2399 1296 2731 1369 ἐπερώτημα
2759 1300 2839 1361 εἰς
2866 1296 3016 1350 Θεόν.
3050 1297 3195 1367 Πρὸς
3236 1293 3328 1350 οὖν
3370 1297 3461 1349 τὸν
3501 1298 3563 1362 ἐξ
3592 1299 3717 1349 ἀνα-

2148 1391 2385 1453 στάσεως
2412 1389 2524 1460 βίον
2559 1388 2900 1462 καταρτίζων
2929 1391 3078 1460 ἡμᾶς
3111 1391 3140 1442 6
3173 1388 3377 1460 Κύριος
3395 1430 3411 1453 ,
3432 1389 3530 1460 τὴν
3556 1391 3721 1457 εὐαγ-

2145 1480 2367 1551 γελικὴν
2401 1484 2579 1535 πᾶσαν
2609 1480 2879 1535 ἐκτίθεται
2918 1480 3214 1545 πολιτείαν,
3249 1480 3310 1532 τὸ
3339 1480 3632 1551 ἀόργητον,
3658 1479 3720 1531 τὸ

2147 1571 2484 1637 ἀνεξίκακον,
2518 1570 2579 1624 τὸ
2611 1569 2918 1642 φιληδονίας
2948 1570 3270 1641 ἀῤῥύπωτον
3305 1570 3436 1639 (9|),
3467 1568 3529 1621 τὸ
3557 1567 3720 1636 ἀφιλ-

2146 1663 2382 1734 άργυρον
2420 1661 2514 1714 τοῦ
2546 1662 2747 1736 τρόπου
2791 1660 3098 1733 νομοθετῶν
3123 1678 3136 1691 ·
3171 1660 3313 1714 ὥστε
3339 1661 3483 1732 ειπερ
3512 1663 3542 1714 6
3585 1660 3721 1714 αἰὼν

2146 1755 2350 1817 ἐκεῖνος
2381 1752 2522 1806 κατά
2556 1754 2653 1825 τὴν
2690 1752 2850 1823 φύσιν
2878 1752 3180 1823 κέκτηται,
3216 1751 3390 1804 ταῦτα
3423 1751 3725 1823 προλαϐόν-

2144 1861 2242 1908 τας
2279 1845 2428 1914 ἡμᾶς
2456 1845 2519 1897 ἐκ
2559 1843 2931 1915 προαιρέσεως
2959 1840 3289 1912 ικατορθοῦν.
3340 1842 3405 1893 Εἰ
3435 1842 3612 1894 τοίνυν
3638 1860 3723 1904 τις

469 1936 819 2008 ὀργιζόμενος
848 1937 988 1990 εἴποι
1010 1936 1070 1989 τὸ
1101 1937 1430 2005 Εὐαγγέλιω
1454 1932 1594 1991 εἶναι
1627 1936 1721 1991 τοῦ
1782 1937 1841 2005 ἐξ
1898 1938 2246 2004 ἀναστάσεως
2278 1938 2393 2008 βίου
2433 1938 2892 2011 πῳδιατύπωσιν,
2928 1939 3027 1992 οὐκ
3073 1937 3137 1992 ἄν
3173 1955 3262 2009 μοι
3291 1937 3432 2007 ⁶δοκῇ
3473 1939 3585 2009 (92)
3624 1938 3723 1992 τοῦ

471 2033 839 2102 προσήκοντος
860 2033 1144 2103 ἁμαρτεῖν.
1192 2032 1315 2086 Ἐπὶ
1335 2028 1427 2086 οὖν
1460 2032 1551 2085 τὸν
1579 2032 1779 2087 σκοπὸν
1813 2033 2218 2106 ἐπανέλθωμεν.

541 2121 630 2176 36.
663 2121 766 2177 Per
812 2123 1075 2193 Spiritum
1115 2134 1369 2179 sanctum
1421 2123 1584 2179 datur
1627 2126 1682 2180 in
1720 2125 2035 2196 paradisum

468 2211 579 2282 3o
601 2215 898 2275 restitutio,
951 2213 1021 2267 ad
1051 2229 1280 2283 regnum
1340 2216 1605 2269 caelorum
1647 2232 1934 2279 ascensus,
1982 2216 2037 2270 in

471 2300 822 2370 adeptionem
860 2303 1095 2357 liliorum
1131 2304 1341 2358 reditus
1379 2322 1391 2359 :
1429 2305 1592 2359 datur
1629 2306 1825 2360 liducia
1868 2305 2037 2360 Deum

469 2391 775 2460 appellandi
818 2392 1037 2447 Patrem
1083 2408 1266 2456 suum,
1321 2406 1634 2450 consortem
1683 2397 1797 2451 ﬁeri
1846 2397 2042 2466 gratiae

469 2482 699 2547 Christi,
730 2485 901 2538 lilium
930 2486 1071 2540 lucis
1099 2488 1386 2556 appellari,
1420 2496 1640 2543 mterna:
1661 2490 1844 2560 gloria}
1872 2491 2042 2560 parti-

469 2571 646 2641 cipem
690 2588 854 2635 esse,
906 2584 961 2627 et.
1010 2581 1070 2626 ut
1107 2575 1274 2629 semel
1321 2576 1506 2628 omnia
1556 2577 1770 2640 dicam,
1817 2593 1941 2632 esse
1984 2578 2039 2633 in

472 2663 624 2717 omni
668 2663 1069 2718 benedictionis
1113 2664 1480 2733 plenitudine,
1521 2675 1634 2718 tum
1677 2666 1732 2719 in
1786 2662 2041 2736 praesenti

469 2755 576 2809 hoc
619 2755 843 2820 saeculo,
895 2764 1009 2808 tum
1057 2756 1115 2809 in
1157 2755 1343 2810 futuro
1395 2773 1419 2829 ε.
1466 2756 1834 2824 repositorum
1882 2757 2042 2813 nobis

473 2847 529 2900 in
560 2846 848 2916 promissis
881 2846 1171 2912 bonorum,
1210 2862 1331 2917 quae
1374 2862 1470 2917 per
1510 2848 1668 2901 ﬁdem
1700 2846 1922 2901 fruenda
1950 2864 2044 2902 ex-

468 2946 816 3009 spectamus,
870 2938 1095 3008 perinde
1144 2938 1300 3009 quasi
1364 2938 1475 3007 jam
1532 2937 1750 3002 adsint,
1811 2939 2041 3008 gratiam

472 3033 623 3086 velut
654 3030 710 3084 in
747 3033 973 3100 specqu
1009 3032 1465 3101 contemplantes.
1504 3029 1637 3084 Nam
1682 3034 1728 3086 si
1773 3031 1900 3087 talis
1957 3039 2041 3086 est

2212 2125 2301 2193 56.
2329 2125 2426 2179 Διά
2455 2124 2766 2196 Πνεύματος
2799 2124 2955 2195 ἁγίου
2993 2125 3026 2195 ἡ
3054 2125 3132 2187 εἰς
3156 2123 3479 2195 παράδεισον
3509 2125 3726 2176 ἀποκα-

2141 2217 2403 2280 τάστασις
2428 2233 2441 2247 ο
2494 2218 2527 2287 ὴ
2562 2218 2642 2280 εἰς
2689 2216 2966 2286 βασιλείαν
3009 2214 3255 2287 οὐρανῶν
3307 2215 3522 2278 ἄνοδος·
3561 2217 3596 2285 ἡ
3638 2218 3724 2275 εἰς

2143 2306 2410 2359 υἱοθεσίαν
2459 2306 2713 2370 ἐπάνοδος
2743 2323 2756 2339 ι
2800 2308 2832 2377 ἡ
2886 2305 3167 2377 παρρησία
3213 2304 3308 2357 τοῦ
3361 2304 3545 2357 καλεῖν
3590 2305 3725 2357 ἐαυ-

2141 2397 2249 2450 τῶν
2295 2398 2406 2469 (95)
2455 2398 2675 2468 Πατέρα
2715 2398 2804 2452 τὸν
2838 2398 2992 2463 Θεὸν,
3023 2397 3277 2451 κοινωνὸν
3325 2396 3580 2464 γενέσθαι
3616 2396 3723 2466 τῆς

2140 2487 2362 2558 χάριτος
2410 2487 2506 2540 τοῦ
2551 2485 2826 2558 Χριστοῦ,
2873 2489 3062 2541 τέκνον
3106 2486 3282 2557 φωτὸς
3334 2487 3717 2559 χρηματίζειν,

2139 2579 2297 2650 δόξης
2322 2579 2493 2632 ἀϊδίου
2518 2579 2797 2657 μετέχεινι
2819 2579 2913 2633 καὶ
2943 2576 3274 2643 ἁπαξαπλῶς
3293 2578 3352 2630 ἐν
3386 2578 3549 2630 παντί
3580 2577 3718 2648 πλη⁹

2143 2671 2355 2743 ρώματι
2389 2671 2635 2740 εὐλογίας
2660 2670 2911 2741 γενέσθαι
2944 2669 3002 2722 ἐν
3029 2687 3088 2723 τε
3120 2668 3198 2740 τῷ
3226 2669 3380 2722 αἰῶνι
3415 2669 3592 2740 τούτῳ
3621 2670 3718 2722 καὶ

2142 2766 2201 2817 ἐν
2228 2763 2307 2835 τῷ
2362 2762 2648 2834 μέλλοντι·
2692 2763 2799 2816 τῶν
2851 2764 2908 2816 ἐν
2946 2761 3295 2830 ἐπαγγελίαις
3340 2763 3720 2832 ἀποκειμένων

2143 2857 2274 2928 ἡμῖν
2333 2854 2574 2924 ἀγαθῶν,
2618 2848 2693 2907 ὧν
2742 2853 2831 2908 διὰ
2880 2854 3116 2918 πίστεως
3160 2853 3571 2924 ἀπεκδεχόμεθα
3615 2853 3719 2922 τὴν

2149 2946 2471 3008 ἀπόλαυσιν,
2498 2945 2572 3007 ὡς
2602 2945 2703 3015 ἤδη
2746 2944 3060 3015 παρόντων,
3088 2942 3187 3012 τὴν
3220 2942 3378 3013 χάριν
3404 2940 3719 3013 ἐνοπτριζόσ

2146 3054 2316 3108 μενοι.
2360 3037 2423 3090 Εἰ
2475 3037 2585 3107 γὰρ
2637 3037 2666 3088 6
2710 3034 2966 3106 ἀρραϐὼν
3005 3034 3263 3097 ceto-310;,
3300 3033 3487 3104 ἡλίκον
3522 3032 3585 3085 τὸ
3627 3033 3717 3086 τέ-

469 3123 728 3187 arrhabo,
761 3124 921 3192 quale
957 3133 1043 3177 est
1084 3123 1216 3177 illud
1270 3123 1415 3192 quod
1480 3122 1784 3192 perfectum
1828 3122 1954 3178 est?
1983 3130 2036 3177 et

2147 3127 2286 3180 λειον
2307 3143 2321 3191 ;
2346 3128 2439 3180 καὶ
2474 3127 2576 3196 εἰὴ
2603 3125 2826 3195 ἀπαρχὴ
2850 3124 3083 3195 τοσαύτη
3114 3123 3225 3194 (94)
3246 3166 3260 3186 ,
3290 3123 3373 3186 τίς
3407 3124 3440 3193 ἡ
3465 3121 3559 3174 τοῦ
3592 3122 3716 3176 ὅλου

471 3213 520 3267 si
552 3221 722 3267 tanta;
752 3220 880 3268 sunt
905 3214 1180 3283 primitiae.
1205 3229 1326 3286 qua:
1364 3214 1470 3268 erit
1502 3214 1670 3267 totius
1697 3229 2041 3269 consumma-

2145 3217 2459 3289 πλήρωσιςς
2511 3218 2630 3270 Ἔτι
2677 3214 2929 3268 κάκεῖθεν
2974 3214 3075 3284 τῆς
3114 3215 3222 3268 ἀπὸ
3266 3213 3359 3267 τοῦ
3399 3213 3718 3284 Πνεύματος

478 3305 598 3359 tio?
648 3305 877 3374 Insuper
916 3314 972 3359 et
1016 3305 1166 3359 illinc
1206 3306 1561 3376 cognoscitur
1590 3314 1854 3374 quantum
1895 3307 2037 3363 inter

2147 3308 2363 3380 χάριτος
2401 3308 2538 3378 πρὸς
2581 3307 2644 3360 τὸ
2700 3308 2757 3359 ὲν
2801 3305 2956 3360 ὕδατι
3006 3304 3289 3375 βάπτισμα
3327 3302 3604 3374 γνώριμον
3655 3302 3720 3356 τὺ

469 3410 590 3449 eam
620 3396 848 3466 gratiam
881 3411 1003 3465 quae
1031 3412 1061 3449 a
1090 3394 1298 3466 Spiritu
1333 3398 1723 3467 proﬁciscitur,
1767 3407 1823 3452 et
1864 3398 2037 3468 bapti-

2147 3398 2423 3469 διάφορον·
2457 3400 2538 3452 ὄτι
2577 3398 2829 3467 Ἰωάννης
2862 3397 2960 3465 μὲν
3011 3395 3303 3449 ἐϐάπτισεν
3351 3397 3409 3448 ἐν
3440 3393 3592 3447 ὕδατι
3632 3396 3718 3458 εἰς

469 3502 671 3550 smum,
716 3485 810 3556 qui
867 3502 1009 3556 aqua
1086 3495 1322 3550 constat,
1365 3488 1437 3541 sit
1490 3486 1847 3553 discriminis,
1891 3490 2037 3558 quod

2147 3489 2465 3558 μετάνοιαν,
2498 3490 2527 3541 6
2555 3487 2611 3540 δὲ
2637 3487 2841 3557 Κύριος
2864 3485 3018 3557 ἡμῶν
3051 3485 3260 3556 Ἰησοῦς
3285 3484 3517 3557 Χριστὸς
3551 3486 3611 3537 ἐν
3635 3484 3718 3554 τῷ

466 3572 709 3633 Joannes
755 3578 975 3647 quidem
1021 3578 1320 3647 baptizavit
1366 3580 1422 3633 in
1470 3594 1610 3648 aqua
1655 3580 1722 3633 ad
1771 3581 2037 3650 pmnitena

2147 3578 2418 3649 Πνεύματι
2456 3577 2534 3647 τῷ
2563 3578 2703 3648 ἀγίῳ
2721 3577 2855 3648 (95).
2886 3577 3028 3647 Ἐγὼ
3051 3576 3169 3646 μὲν
3201 3579 3310 3647 γὰρ
3339 3575 3495 3646 ὑμᾶς
3514 3616 3529 3641 ,
3554 3575 3715 3646 φησι,

467 3668 623 3731 tiam,
672 3668 940 3724 Dominus
987 3678 1170 3723 autem
1221 3676 1408 3723 noster
1449 3668 1610 3725 Jesus
1673 3668 1928 3724 Christus
1979 3670 2034 3724 in

2147 3670 2399 3734 βαπτίζω
2428 3671 2497 3723 ἐν
2528 3669 2696 3723 ὕδατι
2730 3671 2819 3734 εἰς
2840 3668 3168 3735 μετάνοιαν
3186 3684 3199 3698 ·
3232 3670 3265 3722 ό
3286 3666 3354 3720 δὲ
3380 3667 3571 3719 ὀπίσω
3598 3682 3716 3731 μου

470 3757 678 3830 Spiritu
711 3767 926 3816 sancto.
958 3758 1069 3828 Ego
1098 3760 1358 3830 equidem,
1391 3760 1593 3829 inquit,
1623 3759 1830 3828 baptizo
1864 3776 1951 3815 vos
1981 3761 2037 3814 in

2147 3762 2463 3832 ἐρχόμενος
2510 3760 2897 3828 ίσχυρότερός
2935 3759 3055 3828 μού
3086 3759 3287 3811 ἐστιν·
3325 3752 3397 3812 οὗ
3449 3758 3561 3811 οὐκ
3594 3755 3716 3825 εἰμι

468 3869 611 3923 aqua
655 3852 724 3906 ad
762 3853 1125 3921 paenitentiam
1176 3867 1196 3905 :
1240 3851 1331 3922 qui
1373 3860 1548 3905 autem
1585 3861 1703 3920 post
1747 3868 1827 3906 uie
1877 3853 2033 3915 venit,

2147 3854 2346 3919 ἰκανὸς
2391 3857 2465 3906 τὰ
2507 3851 2865 3919 ὑποδήματα
2910 3847 3267 3915 ,βαστάσαιο
3317 3848 3502 3915 αὐτὸς
3554 3847 3715 3917 ὑμᾶς

465 3944 732 4012 potentior
762 3960 847 3997 me
878 3952 999 4006 est;
1029 3941 1184 4010 cujus
1234 3959 1337 3996 non
1383 3959 1501 3995 sum
1540 3943 1728 4012 dignus
1758 3952 1816 3996 ut
1843 3954 2037 4012 gestem

465 4034 823 4089 calceamenta
846 4049 865 4087 :
905 4034 1015 4102 ipse
1054 4050 1142 4088 vos
1185 4032 1471 4102 baptizabit
1502 4035 1554 4087 in
1587 4034 1790 4102 Spiritu
1827 4045 2032 4099 saneto,

465 4135 516 4180 et
547 4126 656 4196 igni
688 4126 733 4158 ⁸⁸
763 4143 777 4192 ;
812 4126 955 4196 ignis
1005 4126 1341 4196 baptismum
1380 4126 1753 4196 probationem
1787 4143 1909 4197 quae
1946 4128 2037 4183 tiet

468 4217 525 4269 in
560 4216 791 4284 judicio,
821 4217 1033 4280 dicens,
1096 4217 1554 4287 quemadmodum
1590 4217 1883 4287 Apostolus
1914 4220 1988 4272 ait
2015 4238 2030 4274 :

471 4303 890 4375 Uniuscujusque
928 4322 1057 4375 opus
1096 4309 1249 4377 quale
1293 4309 1390 4370 sit,
1428 4309 1563 4378 ignis
1597 4308 1837 4376 probabit
1867 4310 1943 4376 “;
1979 4319 2034 4364 et

468 4414 661 4453 rursus
707 4416 720 4450 :
773 4399 894 4453 Dies
930 4399 1068 4452 enim
1105 4399 1419 4464 declarabit,
1458 4401 1595 4470 quod
1634 4401 1685 4454 in
1725 4403 1840 4471 igne
1884 4412 2035 4469 pate—

2134 3941 2424 4006 ,ϐαπτίσει
2471 3941 2542 3993 ἐν
2572 3941 2872 4008 Πνεύματι
2911 3938 3093 4006 ἁγίῳ,
3127 3937 3224 3991 καὶ
3281 3936 3425 4005 πυρί
3444 3950 3459 3965 ⁸
3490 3935 3569 3988 τὸ
3614 3935 3711 3989 τοῦ

2141 4031 2312 4103 πυρὸς
2335 4032 2616 4102 βάπτισμα
2648 4031 2748 4101 τὴν
2772 4032 2831 4083 ἐν
2859 4033 2924 4100 τῇ
2953 4029 3130 4100 κρίσει
3155 4028 3475 4099 δοκιμασίαν
3498 4027 3708 4094 λέγων,

2140 4124 2284 4178 καθά
2331 4140 2495 4194 φησιν
2541 4125 2569 4177 6
2621 4123 2940 4186 Ἀπόστοὶος
2975 4138 2991 4154 ο
3053 4120 3348 4175 Ἐκάστου
3410 4120 3479 4173 τὸ
3531 4119 3714 4188 ἔργον·

2141 4217 2351 4271 ὁποῖόν
2397 4216 2562 4281 ἐστι,
2606 4214 2674 4269 τὸ
2728 4216 2846 4284 πῦρ
2891 4216 3037 4270 αὐτὸ
3086 4215 3198 4287 (96)
3249 4213 3575 4283 δοκιμάσει·
3612 4215 3710 4266 καὶ

2141 4307 2330 4361 πάλιν
2374 4308 2444 4362 Ἠ
2473 4308 2582 4377 γὰρ
2617 4307 2808 4375 ἡμέρα
2837 4304 3095 4375 δηλώσει
3116 4347 3132 4372 ,
3176 4306 3261 4357 ὅτι
3289 4305 3361 4356 ἐν·
3388 4306 3530 4370 πυρί
3561 4303 3711 4356 ἁπο-

2140 4400 2521 4453 καλύπτεται.
2561 4399 2697 4469 Ἤδη
2744 4398 2801 4451 δέ
2838 4415 2982 4460 τινες
3017 4400 3074 4451 ἐν
3108 4399 3218 4460 τοῖς
3256 4396 3396 4467 ὑπὲρ
3429 4394 3711 4457 εὐσεϐείας

468 4491 530 4560 ﬁt
557 4489 626 4544 ⁵⁸.
657 4486 776 4542 Jam
812 4503 942 4543 vero
970 4499 1103 4542 sunt
1128 4478 1400 4552 nonnulli,
1433 4491 1523 4559 qui
1556 4492 1610 4544 in
1644 4491 2034 4547 certaminibus

2147 4488 2385 4558 ἀγῶσιν,
2421 4489 2650 4561 ἀληθείᾳ
2679 4492 2771 4543 καὶ
2809 4491 2870 4543 οὐ
2905 4491 3130 4560 μιμήσει
3177 4489 3268 4541 τὸν
3299 4487 3434 4557 ὑπὲρ
3473 4486 3709 4558 Χριστοῦ

465 4594 566 4649 pro
614 4577 834 4648 pietate,
887 4592 1073 4632 revera
1120 4594 1226 4632 non
1276 4578 1578 4632 imitatione
1631 4589 1858 4633 mortem
1920 4595 2019 4649 pro

463 4669 686 4726 Christo
713 4668 981 4740 perpessi,
1014 4669 1145 4722 nihil
1181 4669 1443 4737 symbolis
1471 4684 1592 4738 qua:
1630 4679 1759 4724 sunt
1798 4670 1851 4723 in
1885 4686 2028 4740 aqua

465 4776 605 4831 opus
645 4756 953 4814 habuerunt
985 4759 1054 4813 ad
1108 4759 1360 4824 salutem,
1408 4761 1666 4814 nimirum
1708 4761 1763 4814 iu
1805 4763 2055 4831 prOprio

465 4851 722 4922 baptizati
768 4852 1054 4920 sanguine.
1100 4848 1288 4919 Neque
1335 4850 1451 4904 hac
1492 4849 1568 4904 ita
1622 4851 1838 4920 loquor,
1876 4850 2026 4921 quod

464 4957 619 5015 aqua:
661 4941 933 5012 baptisma
975 4956 1250 5011 speruam,
1289 4940 1385 4995 sed
1435 4947 1494 4995 ut
1527 4940 1755 4996 istorum
1785 4942 2027 4997 rationes

557 5124 581 5156 '
617 5122 639 5177 ι
675 5122 820 5181 Petr.
850 5141 940 5191 ιιι,
982 5123 1071 5178 2i.
1162 5122 1207 5156 “
1245 5121 1433 5178 Matth.
1475 5137 1568 5185 ιιι,
1610 5121 1696 5177 ii.
1774 5121 1819 5154 ι’
1857 5120 1879 5176 I
1911 5120 2039 5177 Cor.

537 5303 649 5376 (9i)
694 5305 1082 5376 Ἀρῤύπωτον.
1114 5303 1230 5358 Duo
1252 5302 1471 5359 codices
1507 5318 1642 5376 mss.
1671 5302 1943 5374 ἀρῤυπον.

464 5372 651 5499 ὼωὲ)
681 5375 856 5442 Δοκῇ.
890 5377 982 5429 Sic
1010 5377 1132 5430 libri
1177 5382 1405 5437 veteres,
1451 5375 1644 5429 melius
1672 5372 1841 5443 quam
1895 5372 2028 5427 editi

528 5461 588 5498 κε
615 5482 630 5497 .

563 5461 630 5497 ει.

510 5462 630 5498 ικει.

510 5513 648 5634 ,(952
689 5511 966 5566 Ἐαυτῶν.
994 5515 1068 5568 Ita
1096 5513 1312 5568 codices
1339 5530 1470 5570 mss.
1509 5511 1647 5565 Editi
1674 5510 1891 5567 ἐαυτοῦ.
1922 5510 2031 5566 lbi-

510 5598 590 5634 em
641 5582 753 5634 {ea
785 5594 1029 5634 auartus.
1060 5584 1158 5634 τῆς
1194 5584 1367 5634 vani:
1394 5583 1488 5634 τοῦ
1519 5582 1774 5634 Χριστοῦ.

466 5582 590 5654 dein
609 5582 753 5654 _i{eg.
785 5594 1037 5654 quartus:
1052 5584 1158 5654 τῆς
1194 5584 1367 5654 χαρᾶς
1394 5583 1488 5637 τοῦ
1519 5582 1774 5654 Χριστοῦ.

512 5652 649 5723 ,(9όί
691 5653 975 5723 Τοσαύτη.
1007 5652 1096 5706 Sic
1118 5652 1349 5723 quatuor
1373 5652 1590 5708 codices
1618 5671 1630 5706 :
1657 5652 1745 5723 alii
1772 5667 1897 5723 cum
1915 5652 2027 5723 edi-

468 5721 811 5794 ιίετοιαύτη.
845 5724 1043 5779 Ibidem
1075 5722 1241 5778 editio
1283 5724 1611 5781 Basileeusis
1641 5722 1724 5786 τίς
1751 5724 1783 5793 ἡ
1817 5722 1910 5775 τοῦ
1942 5722 2025 5777 λό-

2085 5136 2190 5186 ιιι,
2230 5123 2317 5177 I5.

2142 4580 2369 4634 θάνατον
2404 4582 2734 4645 ὑποστάντες
2757 4622 2772 4643 ,
2798 4581 2950 4633 οὐδὲν
2981 4581 3086 4633 τῶν
3124 4581 3187 4632 ἐκ
3219 4580 3313 4631 τοῦ
3353 4578 3543 4640 ὓδατος
3571 4595 3709 4648 συμ-

2140 4668 2311 4723 ϐόλων
2339 4672 2419 4734 εἰς
2444 4671 2541 4741 τὴν
2565 4670 2835 4742 σωτηρίαν
2859 4669 3227 4740 ἐπεδεὴθησαν
3247 4709 3262 4733 ,
3289 4671 3346 4721 ἐν
3367 4667 3444 4739 τῷ
3476 4668 3590 4736 ἰδίῳ
3618 4668 3706 4720 αἰ-

2142 4777 2271 4830 ματι
2312 4760 2717 4830 βαπτισθέντες.
2763 4763 2872 4815 Καὶ
2903 4762 3003 4813 οὐκ
3040 4760 3245 4814 ἀθετῶν
3273 4760 3333 4813 τὸ
3361 4762 3419 4812 ἐν
3451 4757 3529 4828 τῷ
3556 4756 3706 4811 ὕδατι

2140 4851 2441 4923 βάπτισμα,
2468 4853 2640 4907 ταῦτα
2682 4854 2862 4921 λέγω,
2893 4852 3027 4906 ἀλλά
3069 4852 3197 4916 τοὺς
3238 4851 3532 4920 λογισμοὺς
3572 4848 3705 4901 καθ-

2134 4942 2302 5014 αιρῶν
2340 4943 2448 4997 τῶν
2483 4944 2857 5015 ἐπαιρομένων
2907 4942 3048 4997 κατά
3085 4942 3181 4996 τοῦ
3223 4942 3559 5012 Πνεύματος,
3613 4940 3708 4992 καὶ

2412 5123 2458 5155 ⁸ο
2495 5122 2627 5179 ibid.

2139 5320 2237 5375 γου
2286 5304 2585 5375 πλήρωσις,
2620 5319 2740 5372 quae
2792 5303 2964 5375 verba
3005 5304 3095 5375 sic
3124 5302 3358 5358 reddidit
3401 5301 3699 5375 Erasmus:

2143 5372 2274 5438 Quae
2302 5372 2411 5445 erit
2448 5375 2586 5427 verbi
2619 5372 3244 5445 consummatioIPaulo
3284 5383 3408 5445 post
3453 5374 3703 5428 addimus

2140 5444 2221 5507 εἰς
2254 5444 2540 5513 μετάνοιαν
2568 5459 2633 5496 ex
2666 5445 2842 5497 tribus
2874 5444 3173 5500 cod.cibus.

2209 5509 2331 5586 (9'5)
2352 5513 2435 5577 Τῷ
2453 5513 2615 5586 ἁγίῳ.
2653 5515 2792 5567 Editi
2824 5514 3031 5568 addunt
3055 5513 3246 5586 καὶτῷ
3271 5512 3425 5585 πυρί.
3457 5509 3562 5567 Sed
3589 5511 3703 5568 bam

2137 5581 2197 5636 in
2224 5584 2372 5635 nullo
2408 5583 2596 5635 codice
2630 5600 2730 5636 ms.

2208 5653 2317 5725 (96)
2338 5653 2513 5725 Αὺτό.
2547 5653 2768 5725 Legitur
2790 5668 2854 5709 ea
2873 5668 2975 5711 vox
2995 5655 3051 5711 in
3076 5653 3200 5711 cod.
3221 5652 3460 5712 Colbert.
3485 5659 3539 5709 et
3560 5650 3697 5725 Reg.

2133 5723 2345 5794 quinto,
2375 5724 2527 5778 abest
2558 5724 2626 5778 ab
2659 5724 2799 5778 aliis.
