3972 6218
398 388 504 443 153

1752 380 1810 435 ὅ.
1851 378 2096 435 ελειιιι
2134 380 2347 435 MAGNI

3540 380 3645 435 {36

469 498 562 553 $8.
601 494 723 552 lam
757 497 920 553 etlam
980 512 1047 554 ex
1078 496 1244 551 rebus
1309 494 1462 550 Initio
1495 493 1727 548 conditis
1789 492 1969 549 discas

2140 494 2228 550 38.
2270 495 2478 559 Μάθοις
2514 496 2558 548 δ’
2600 496 2666 550 ἀν
2696 497 2793 568 τὴν
2839 494 2974 567 πρὸς
3004 494 3220 565 Πατέρα
3255 493 3349 548 καὶ
3394 491 3521 546 Υίδν
3546 490 3645 545 τοῦ

397 589 528 645 licet
586 587 827 660 Spiritus
854 603 980 642 cum
1035 586 1198 643 Patre
1224 593 1277 642 et
1325 584 1464 639 Filio
1501 585 1967 641 communionem.

397 678 532 735 Nam
568 693 720 752 pura:
766 685 821 734 et
853 679 1218 748 intelligentes
1247 685 1302 731 et
1353 676 1811 747 snpermundana:
1860 677 1971 730 vir—

397 779 588 834 tutes,
650 777 854 824 sanctae
911 777 1026 822 tum
1067 779 1236 829 sunt,
1286 774 1399 819 tum
1449 765 1803 820 nominantur
1834 806 1850 831 ,
1903 780 1971 820 ex

401 859 577 930 gratia
610 873 640 911 a
674 859 879 927 Spiritu
934 866 1127 914 sancto
1171 855 1355 911 infusa
1393 856 1812 910 sanctimoniam
1839 870 1974 909 cono

401 958 625 1004 secutae.
683 948 865 1013 Quare
906 948 1127 1003 silentio
1183 946 1592 1015 praetermissus
1639 953 1727 1002 est
1776 947 1972 1000 modus

400 1042 697 1098 creationis
751 1042 1058 1096 cmlestinm
1098 1041 1411 1105 virtutum;
1461 1053 1584 1092 nam
1638 1053 1707 1093 ex
1737 1037 1972 1093 sensibi-

401 1136 545 1190 libus
582 1142 789 1188 tantum
820 1140 1120 1187 creatorem
1163 1131 1321 1186 nobis
1368 1131 1580 1200 aperuit
1619 1129 1667 1184 is
1717 1129 1807 1199 qui
1841 1144 1974 1183 con-

401 1227 499 1281 diti
554 1228 705 1283 orbis
759 1225 1089 1294 conscripsit
1148 1224 1452 1278 historiam.
1526 1221 1606 1275 Tu
1660 1237 1833 1284 vero,
1878 1223 1972 1291 qui

400 1317 714 1374 facultatem
765 1317 937 1371 babes
973 1330 1041 1371 ex
1080 1314 1391 1369 visibilibus
1438 1312 1733 1368 invisibilia
1779 1313 1973 1381 depre-

399 1410 703 1476 hendendi,
763 1408 1007 1481 gloriﬁca
1060 1406 1411 1462 Conditorem
1473 1406 1526 1460 in
1589 1420 1699 1474 quo
1753 1405 1973 1459 condita

402 1508 531 1574 sunt
558 1501 777 1565 omnia,
816 1500 933 1554 sire
990 1486 1228 1552 visibilia
1250 1536 1265 1559 ,
1299 1498 1414 1551 sive
1466 1495 1797 1557 invisibilia,
1857 1493 1974 1549 sive

404 1590 742 1661 principatus
764 1629 779 1652 ,
812 1590 929 1645 sive
974 1574 1273 1659 potestates
1300 1627 1314 1648 .
1381 1587 1495 1640 sive
1533 1587 1799 1646 virtutes.
1860 1584 1975 1639 sive

401 1682 612 1743 throni,
667 1681 782 1734 sive
820 1679 1227 1734 dominationes
1256 1677 1338 1743 ",
1375 1688 1429 1731 et
1463 1677 1511 1731 si
1546 1691 1669 1747 quae
1697 1676 1816 1730 alite
1846 1683 1975 1731 sunt

400 1773 701 1827 rationales
759 1782 1015 1836 natura},
1071 1786 1192 1841 qua:
1228 1770 1501 1824 nominari
1556 1784 1664 1823 non
1717 1776 1969 1838 possunt.

400 1865 462 1920 In
532 1865 726 1919 borum
790 1872 970 1918 autem
1032 1863 1313 1919 creatione
1370 1861 1552 1931 cogita
1611 1859 1742 1913 mihi
1773 1859 1977 1929 prima-

402 1955 543 2009 riam
592 1969 814 2009 causam
856 1967 1046 2008 eorum
1086 1968 1209 2023 qua:
1256 1952 1431 2010 ﬁunt.
1489 1949 1744 2015 Patrem;
1786 1946 1976 2002 condi-

402 2047 616 2109 triccm,
663 2043 894 2110 Filium;
952 2042 1350 2114 perfectricem,
1389 2040 1651 2111 Spiritum
1686 2050 1972 2095 sanctum:

405 2144 464 2189 ut
521 2135 799 2189 voluntate
854 2133 1070 2204 quidem
1123 2131 1306 2187 Patris
1354 2133 1465 2187 sint
1523 2127 1975 2186 administratorii

404 2227 679 2297 spiritus,
746 2224 869 2279 Filii
932 2240 1068 2279 vero
1116 2225 1437 2294 operatione
1498 2223 1869 2292 perducantur
1919 2226 1977 2271 ut

403 2322 536 2385 sint,
567 2317 806 2389 Spiritus
847 2327 1029 2373 autem
1060 2317 1351 2388 praesentia
1381 2315 1756 2385 perﬁciantur.
1802 2310 1978 2366 Porro

403 2414 723 2483 angelorum
774 2410 1036 2480 perfectio
1067 2416 1153 2464 est
1188 2408 1557 2464 sanctiﬁcatio
1589 2446 1604 2471 ,
1652 2413 1707 2460 et
1761 2404 1817 2458 in
1876 2402 1978 2456 bac

404 2503 832 2574 perseverantia.
896 2504 974 2556 Ac
1012 2516 1176 2556 nemo
1222 2516 1309 2555 me
1367 2501 1558 2554 credat
1590 2507 1702 2553 tres
1740 2494 1980 2565 origina-

404 2594 486 2650 les
510 2594 835 2665 bypostascs
859 2607 1082 2663 ponere,
1115 2600 1210 2646 aut
1248 2591 1371 2645 Filii
1400 2590 1771 2660 operationem
1796 2587 1979 2640 dicere

402 2687 799 2757 imperfectam.
840 2683 1180 2754 Principium
1241 2684 1388 2738 enim
1432 2697 1621 2737 eorum
1660 2693 1782 2750 qua:
1826 2684 1977 2739 sunt,

405 2791 573 2831 unum
601 2784 706 2837 est,
742 2790 838 2844 per
867 2773 1062 2828 Filium
1099 2774 1343 2829 condens
1372 2780 1426 2827 et
1456 2771 1742 2842 perﬁciens
1770 2767 1823 2821 in
1857 2763 1980 2833 Spi-
2022 2796 2025 2807 ι

403 2866 538 2920 ritu.
593 2868 673 2918 Ac
707 2879 809 2919 nec
852 2864 1030 2928 Pater,
1090 2866 1181 2934 qui
1224 2870 1485 2934 Operatur
1532 2859 1713 2915 omnia
1758 2857 1812 2911 in
1861 2868 1980 2908 om-

404 2957 610 3021 nibus,
652 2955 1025 3026 imperfectam
1078 2956 1274 3009 liabeat
1322 2954 1742 3025 operationem:
1803 2960 1871 3001 ne
1894 2959 1981 3012 ine

403 3044 581 3102 Filius
632 3046 1125 3100 inconsntnmatam
1171 3047 1527 3103 creationem.
1561 3043 1667 3097 nisi
1705 3055 1735 3093 a
1769 3037 1978 3108 Spiritu

404 3137 740 3207 perﬁciatur.
799 3134 914 3190 Hoc
936 3138 1082 3190 enim
1130 3146 1289 3208 pacto
1337 3151 1437 3191 nec
1482 3134 1643 3189 Pater
1694 3147 1836 3204 opus
1880 3129 1979 3183 ba-

405 3225 558 3282 bebit
597 3226 734 3280 Filio
760 3265 776 3291 ,
831 3226 948 3282 sola
977 3227 1260 3281 voluntate
1314 3241 1544 3291 creans;
1587 3224 1694 3295 32
1735 3231 1973 3276 attamen

404 3319 524 3374 vult
549 3333 739 3374 creare
773 3334 872 3389 per
901 3317 1121 3373 Filium.
1151 3317 1337 3389 Neque
1376 3318 1552 3374 Filius
1583 3316 1765 3387 egebit
1815 3315 1975 3369 auxi-

408 3411 507 3472 lio,
532 3412 686 3479 juxta
712 3410 894 3466 Patris
923 3411 1341 3465 similitudinem
1365 3424 1635 3481 Operans,
1668 3409 1763 3465 sed
1802 3417 1856 3463 et
1884 3407 1976 3461 Fi-

405 3500 516 3556 lius
547 3502 663 3554 vult
696 3517 792 3571 per
820 3501 1082 3573 Spiritum
1114 3502 1415 3572 perﬁcere:
1458 3519 1582 3558 nam
1647 3500 1810 3556 Verbo
1872 3501 1977 3555 Du-

407 3594 538 3646 mim’
570 3594 685 3647 cali
715 3594 920 3662 ﬁrmati
967 3606 1112 3659 sunt,
1148 3606 1196 3650 et
1241 3596 1447 3663 Spiritu
1493 3597 1603 3650 oris
1649 3597 1765 3665 ejus
1805 3595 1975 3648 omnis

408 3683 575 3738 virtus
604 3699 783 3738 eorum
805 3684 874 3737 ⁸³.
910 3684 1096 3755 Itaque
1135 3702 1236 3741 nec
1269 3684 1507 3742 Verbum
1565 3693 1651 3743 est
1701 3686 1978 3756 signiﬁca-

409 3777 520 3829 tiva
549 3777 694 3830 aeris
720 3778 1000 3846 percussio
1021 3794 1118 3849 per
1150 3780 1302 3835 vocis
1334 3781 1700 3834 instrumenta
1742 3781 1972 3849 prolata:

408 3882 511 3923 nec
563 3867 801 3944 Spiritiis
856 3872 969 3927 oris
1035 3872 1236 3928 halitus
1295 3872 1541 3942 partibus
1606 3874 1977 3943 reSpiratoriis

405 3957 621 4014 afﬂatus
660 3976 675 4013 :
715 3960 810 4015 sed
867 3961 1103 4017 Verbnm
1137 3970 1222 4017 est
1259 3963 1402 4031 quod
1429 3964 1482 4016 in
1543 3963 1814 4033 principio
1860 3973 1979 4018 erat

409 4050 554 4119 apud
602 4052 790 4117 Deum,
839 4063 892 4109 et
925 4054 1065 4109 Deus
1114 4066 1231 4109 erat
1250 4055 1318 4109 ".
1374 4053 1614 4126 Spiritus
1651 4065 1832 4111 autem
1863 4058 1978 4111 oris

410 4141 505 4197 Dei
534 4183 551 4204 ,
595 4142 834 4214 Spiritus
872 4154 956 4200 est
985 4149 1247 4213 veritatis,
1275 4150 1368 4218 qui
1402 4164 1429 4200 ιι
1458 4146 1617 4203 Patre
1645 4149 1974 4218 procedit“.

409 4234 599 4303 Itaque
675 4235 776 4288 tria
868 4236 1168 4305 intelligis.
1250 4240 1599 4295 mandantem
1647 4240 1976 4306 Dominum,

398 4329 604 4378 'creans
637 4321 893 4390 Verbum,
950 4334 1006 4382 et
1055 4328 1469 4384 conﬁrmantem
1506 4331 1790 4401 Spiritum.
1847 4332 1980 4400 Quae

408 4419 578 4475 porro
623 4406 730 4461 alia
774 4410 948 4476 possit
986 4426 1110 4467 esse
1146 4414 1523 4481 conﬁrmatio,
1566 4432 1731 4486 quam
1767 4419 1819 4471 in
1852 4435 1982 4474 san-

2070 585 2388 656 Πνεύματος
2418 587 2701 642 κοινωνίαν
2750 589 2844 640 καὶ
2874 589 2939 641 ὲκ
2975 586 3084 641 τῶν
3116 587 3192 657 (⁸5)
3227 583 3651 657 δημιουργημά·

2069 693 2176 729 των
2207 677 2317 730 τῶν
2358 677 2417 741 ἐξ
2459 677 2653 749 ἀρχῆς.
2701 677 2768 731 Αἱ
2800 677 2909 749 γὰρ
2941 676 3175 748 καθαραὶ
3207 678 3303 730 καὶ
3334 667 3649 746 νοεραὶθκαὶ

2072 769 2430 841 ὑπερκόσμιοι
2458 770 2715 841 δυνάμεις
2755 770 2910 839 ἆγιαι
2945 770 3038 823 καί
3067 772 3175 824 εἰσι
3220 770 3313 823 καὶ
3350 767 3651 837 ὀνομάζον-

2071 875 2183 922 ται,
2215 862 2278 913 ἐκ
2308 861 2408 931 τῆς
2455 862 2607 933 παρὰ
2641 862 2736 915 τοῦ
2785 862 2941 930 ἁγίου
2980 860 3296 931 Πνεύματος
3338 857 3650 928 ἐνδοθείσης

2071 951 2294 1019 χάριτος
2348 951 2440 1005 τὸν
2486 952 2755 1022 ἁγιασμὸν
2804 951 3160 1024 κεκτημέναι.
3220 950 3384 1002 Ὥστε
3441 948 3649 1001 ἀποσεο

2075 1040 2343 1111 σιώπηται
2378 1043 2477 1113 μὲν
2517 1046 2546 1096 6
2593 1044 2795 1116 τρόπος
2825 1043 2925 1113 τῆς
2970 1043 3198 1105 κτίσεως
3227 1040 3335 1093 τῶν
3377 1038 3650 1110 οὐρανίων

2072 1134 2386 1206 δυνάμεων·
2443 1135 2550 1189 ἀπὸ
2597 1135 2706 1206 γὰρ
2740 1133 2848 1187 τῶν
2897 1132 3170 1204 αἰσθητῶν
3200 1131 3357 1202 μόνον
3395 1129 3489 1182 τὸν
3539 1130 3650 1199 Δη-

2077 1227 2335 1298 μιουργὸν
2359 1228 2489 1298 ἡμῖν
2523 1227 2551 1278 ὁ
2579 1226 2677 1297 τὴν
2702 1225 3060 1295 κοσμογονίαν
3094 1224 3168 1294 (4i
3194 1220 3651 1291 συγγραιμιμενος

2074 1317 2409 1388 ἀπεκάλυψε.
2461 1317 2532 1369 ΣΞ)
2579 1316 2657 1379 δὲ,
2698 1315 2834 1386 ἔχων
2887 1315 3115 1383 δύναμιν
3167 1316 3232 1366 ὲκ
3279 1311 3388 1364 τῶν
3433 1306 3651 1381 ὁρατῶν

2072 1407 2482 1476 ἀναλογίζεσθαι
2510 1406 2580 1460 τά
2625 1409 2853 1478 ἀόρατα,
2887 1404 3073 1471 δόξαζε
3117 1405 3206 1457 τὸν
3236 1401 3469 1472 Ποιητὴν
3499 1402 3559 1453 ὲν
3596 1390 3652 1467 ᾧ

2073 1501 2294 1571 ἐκτίσθη
2340 1500 2409 1553 τὰ
2456 1499 2668 1562 πάντα,
2723 1499 2832 1551 εἴτε
2863 1498 3057 1569 ὁρατὰ,
3106 1495 3217 1549 εἴτε
3258 1495 3487 1566 ἀόρατα,
3534 1492 3650 1547 εἴτι

2073 1593 2257 1666 ἀρχαὶ,
2289 1592 2398 1644 εἴτε
2422 1590 2682 1658 ἐξουσίαι,
2716 1590 2826 1643 εἴτε
2850 1589 3130 1659 δυνάμεις,
3163 1587 3270 1640 εἴτε
3302 1585 3499 1657 θρόνοι,
3532 1582 3651 1637 εἴτε

2073 1684 2409 1757 κυριότητες,
2441 1683 2533 1737 καὶ
2559 1684 2612 1736 εί
2636 1683 2778 1746 τινές
2810 1683 2943 1735 εἰσιν
2969 1681 3154 1752 ἕτεραι
3186 1678 3400 1746 λογικαὶ
3429 1675 3645 1745 φύσεις,

2075 1776 2499 1846 ἀκατονόμαστοι
2528 1774 2625 1845 (5).
2671 1774 2758 1826 Ἐν
2782 1773 2838 1826 δὲ
2864 1776 2929 1844 τῇ
2968 1771 3171 1825 τούτων
3199 1768 3371 1822 κτίσει
3393 1767 3652 1838 ἐννόησόν

2081 1884 2169 1937 μοι
2196 1867 2294 1938 τὴν
2327 1866 2805 1938 προκαταρκτικὴν
2837 1864 3018 1918 αἰτίαν
3053 1861 3162 1915 τῶν
3205 1859 3526 1930 γινομένων,
3553 1857 3651 1910 τὸν

2077 1958 2293 2029 Πατέρα
2319 1977 2333 1991 ο
2378 1957 2477 2029 τὴν
2514 1957 2927 2029 δημιουργικὴν,
2955 1956 3044 2009 τὸν
3069 1953 3223 2006 Υἱὸν·
3258 1950 3356 2022 τὴν
3377 1949 3652 2002 τελειωτι-
3726 1996 3729 1997 ν

2077 2049 2196 2114 κῆν,
2221 2050 2282 2101 τὸ
2310 2049 2532 2121 Πνεῦμα
2554 2066 2567 2080 ο
2601 2048 2741 2102 ὥστε
2775 2048 3072 2118 βουλήματι
3108 2046 3206 2116 μὲν
3226 2042 3319 2096 τοῦ
3340 2040 3552 2110 Πατρὸς
3576 2038 3653 2093 τὰ

2026 2132 2029 2173 λ
2075 2140 2423 2208 λειτουργικὰ
2472 2139 2758 2211 πνεύματα
2804 2139 3091 2210 ὑπάρχειν,
3134 2133 3382 2205 ἐνεργείᾳ
3417 2132 3475 2186 δὲ
3512 2128 3651 2183 Υίοῦ

2076 2234 2157 2296 είς
2182 2232 2243 2285 τὸ
2274 2228 2415 2285 εἶναι
2439 2231 2803 2302 παράγεσθαι,
2833 2229 3104 2300 παρουσία
3128 2227 3185 2281 δὲ
3211 2224 3305 2278 τοῦ
3334 2221 3651 2291 Πνεύματος

2076 2322 2429 2378 τελειοῦσθαι.
2462 2324 2749 2386 Τελείωσις
2788 2321 2846 2376 δὲ
2877 2322 3120 2390 ἀγγέλων
3154 2314 3445 2386 ἁγιασμὸς,
3484 2311 3581 2366 καὶ
3612 2310 3650 2380 ἡ

2075 2418 2135 2469 ὲν
2175 2414 2350 2484 τούτῳ
2387 2414 2633 2487 διαμονή.
2688 2413 2797 2466 Καὶ
2841 2413 3027 2484 μηδεὶς
3074 2409 3268 2465 οἰέσθω
3313 2423 3381 2478 με
3421 2406 3455 2476 ἢ
3497 2404 3653 2473 τρεῖς

2076 2501 2213 2559 εἶναι
2244 2504 2423 2574 λέγειν
2467 2504 2697 2575 ἀρχικὰς
2744 2502 3089 2564 ὑποστάσεις,
3129 2501 3163 2570 ἢ
3213 2497 3375 2567 ἀτελῆ
3421 2494 3653 2564 φάσκειν

2076 2595 2171 2647 τοῦ
2195 2594 2325 2647 Υίοῦ
2367 2584 2466 2665 τὴν
2504 2594 2805 2665 ἐνέργειαν.
2850 2592 3015 2664 Ἀρχὴ
3046 2590 3154 2663 γὰρ
3192 2587 3300 2640 τῶν
3327 2586 3495 2639 ὄντων
3529 2579 3651 2652 μία,

2077 2687 2144 2741 δι’
2174 2687 2305 2740 Υἱοῦ
2346 2685 2777 2759 δημιουργοῦσα,
2810 2685 2901 2739 καὶ
2941 2682 3212 2737 τελειοῦσα
3242 2682 3300 2732 ὲν
3345 2676 3653 2746 Πνεύματι.

2078 2780 2188 2832 Καὶ
2234 2778 2356 2833 οὔτε
2408 2780 2615 2850 Πατὴρ,
2666 2781 2694 2832 6
2738 2779 2807 2831 τὰ
2857 2776 3032 2830 πάντα
3080 2776 3138 2827 ὲν
3180 2774 3344 2826 πᾶσιν
3387 2765 3650 2839 ἐνεργῶν,

2079 2871 2246 2942 ἁτελῆ
2276 2870 2388 2941 ἔχει
2425 2871 2522 2942 τὴν
2552 2871 2862 2943 ἐνέργειαψ
2892 2866 3019 2921 οὔτε
3048 2865 3171 2929 Υἱδς
3200 2862 3391 2931 ἐλλιπῆ
3419 2858 3517 2929 τὴν
3555 2856 3655 2928 δη·-

2083 2965 2390 3035 μιουργίαν,
2440 2962 2515 3034 μὴ
2559 2960 2939 3031 τελειουμένην
2981 2956 3134 3028 παρά
3167 2953 3261 3008 τοῦ
3310 2949 3649 3021 Πνεύματος.

2080 3053 2235 3108 Οὕτω
2278 3054 2385 3123 γάρ
2414 3052 2479 3105 ἂν
2518 3050 2641 3105 οὔτε
2685 3049 2873 3120 Πατὴρ
2901 3043 3261 3119 προσδεηθείη
3304 3040 3458 3102 Υἱοῦ,
3504 3037 3653 3108 μόνῳ

2080 3145 2158 3217 τῷ
2183 3145 2355 3199 θέλειν
2382 3144 2751 3216 δημιουργῶν,
2778 3142 2891 3196 ἀλλ’
2924 3142 3070 3212 ὅμως
3092 3137 3232 3193 θέλει
3260 3134 3338 3208 (6)
3367 3132 3457 3186 διὰ
3483 3129 3648 3185 Υἰοῦ·

2076 3236 2188 3290 οὔτ’
2210 3237 2276 3291 ἂν
2297 3236 2586 3308 συνεργίας
2603 3233 3068 3307 (7)προσδεηθείη,
3102 3229 3219 3284 καθ’
3251 3226 3542 3298 ὁμοιότητα
3554 3221 3652 3276 τοῦ

2078 3329 2292 3402 Πατρὸς
2322 3329 2578 3401 ἐνεργῶν·
2618 3328 2754 3383 ἀλλὰ
2782 3329 2876 3382 καὶ
2906 3326 3033 3388 Υἱὸς
3068 3323 3211 3376 θέλει
3238 3320 3325 3374 διὰ
3352 3317 3445 3371 τοῦ
3480 3313 3654 3370 Ilvati-

2081 3438 2248 3491 ματος
2279 3421 2543 3475 τελειοῦν·
2587 3421 2670 3488 Τῷ
2694 3421 2862 3491 Λόγῳ
2908 3418 3013 3490 γὰρ
3050 3415 3266 3484 Kvplov
3311 3413 3366 3465 οί
3405 3406 3653 3478 σι’Ῥανοι

2077 3510 2542 3579 ἐστερεώθησαν,
2597 3510 2697 3564 καί
2746 3508 2826 3575 τῷ
2867 3509 3159 3576 Πνεύματι
3208 3502 3316 3557 τοῦ
3351 3501 3653 3568 στόματος

2077 3603 2265 3658 αὐτοῦ
2310 3603 2476 3658 πᾶσα
2519 3605 2558 3672 ἠ
2609 3602 2862 3671 δύναμις
2906 3598 3124 3656 αὐτῶν.
3165 3594 3302 3649 Οὔτε
3345 3588 3438 3646 οὖν
3476 3590 3652 3657 Λόγος

2077 3693 2238 3765 ἀέρος
2271 3693 2512 3757 τύπωσις
2541 3692 2867 3765 σημαντικὴ,
2901 3690 2989 3744 διά
3036 3686 3358 3759 φωνητικῶν
3404 3682 3652 3755 ὀργάνων

2078 3786 2450 3858 ἐκφερομένη·
2487 3784 2608 3838 οὔτε
2647 3784 2866 3855 Πνεῦμα
2910 3781 3175 3852 στόματος
3207 3777 3396 3848 ἀτμὸς,
3441 3777 3505 3828 ἐκ
3541 3771 3652 3826 τῶν

2081 3877 2521 3932 ἀναπνευστικῶν
2577 3876 2760 3948 μερῶν
2816 3872 3216 3944 ἐξωθούμενος·
3283 3867 3418 3922 ἀλλά
3477 3865 3650 3932 Λόγος

2083 3972 2180 4041 μὲν
2207 3971 2235 4022 ό
2261 3971 2396 4042 πρὸς
2423 3970 2555 4024 Θεὸν
2586 3969 2662 4022 ὣν
2700 3970 2758 4021 ἐν
2788 3969 2949 4039 ἀρχῇ,
2983 3967 3077 4019 καὶ
3110 3965 3240 4027 Θεὸς
3266 3962 3341 4016 ὢν
3363 3979 3378 3992 ·
3424 3957 3652 4030 Πνεῦμα

2079 4060 2137 4114 δὲ
2168 4061 2431 4132 στόματος
2469 4061 2603 4115 Θεοῦ
2631 4061 2691 4113 τὸ
2729 4059 2952 4130 Πνεῦμα
2980 4058 3081 4127 τῆς
3110 4055 3391 4128 ἀληθείας,
3431 4052 3461 4106 ὃ
3498 4050 3653 4123 παρά

2078 4150 2174 4205 τοῦ
2227 4153 2441 4223 Πατρὸς
2485 4150 2860 4222 ἐκπορεύεται.
2932 4150 3073 4220 Τρία
3124 4149 3305 4202 τοίνυν
3356 4146 3519 4208 νοεῖς,
3557 4144 3651 4197 τὸν

2081 4245 2487 4314 προστάσσοντα
2527 4243 2749 4317 Κύριον,
2780 4224 2877 4298 τὸν
2900 4240 3334 4313 δημιουργοῦντα
3368 4238 3561 4306 Λόγον,
3590 4236 3655 4313 το

2082 4335 2334 4406 στερεοῦν
2359 4335 2432 4405 (8)
2460 4336 2520 4390 τὸ
2541 4336 2783 4408 Πνεῦμα.
2815 4335 2880 4391 Τί
2910 4335 2955 4389 δ’
2982 4334 3048 4387 ἂν
3073 4333 3201 4387 ἄλλο
3234 4331 3319 4402 εἴη
3346 4329 3651 4400 ,στερέωσις

2080 4425 2115 4496 ἢ
2145 4428 2178 4497 ὴ
2206 4426 2348 4480 κατὰ
2379 4427 2472 4480 τὸν
2514 4427 2783 4498 ἀγιασμὸν
2811 4426 3114 4488 τελείωσις,
3146 4423 3209 4477 τὸ
3245 4421 3523 4477 ἀνένδοτον
3557 4419 3652 4471 καὶ

409 4497 667 4554 ctimonia
699 4502 962 4570 perfectio
986 4521 1000 4570 ;
1026 4506 1461 4562 conﬁrmationis
1483 4524 1615 4565 voce
1639 4510 1976 4581 signiﬁcante

2081 4515 2348 4591 ἄτρεπτον
2389 4518 2484 4571 καὶ
2528 4497 2739 4586 παγίως
2790 4514 3178 4589 ὲρηρεισμένον
3222 4513 3281 4566 ὲν
3323 4507 3512 4579 ἀγαθῷ
3552 4509 3652 4578 τῆς

407 4592 809 4657 constantiam,
869 4592 1372 4652 immutabilitatem
1428 4609 1484 4654 et
1531 4600 1860 4659 soliditatem
1922 4609 1976 4660 in

2086 4608 2430 4682 στερεώτεως
2480 4609 2886 4682 έμφαινούσηςς
2946 4606 3241 4678 Ἀγιασμδς
3282 4605 3339 4659 δὲ
3388 4604 3489 4659 οὐκ
3520 4601 3652 4657 ἀνευ

410 4677 606 4734 bono?
659 4677 1035 4738 Sanctiﬁcatio
1074 4692 1257 4740 autem
1310 4702 1421 4743 non
1450 4699 1536 4746 est
1592 4692 1800 4764 absque
1854 4693 1980 4767 Spi-

2084 4700 2416 4773 Πνεύματος.
2450 4703 2525 4756 Οὐ
2562 4702 2671 4774 γὰρ
2699 4702 2860 4771 φύσει
2890 4702 3044 4770 ἅγιαι
3072 4703 3126 4755 αἱ
3157 4700 3265 4755 τῶν
3294 4698 3537 4770 οὐρανῶν
3568 4701 3652 4755 δυ-

479 4856 530 4887 “
563 4855 684 4911 Col.
724 4872 779 4923 ι,
816 4855 899 4913 16.
975 4858 1023 4891 ⁸³
1060 4857 1205 4916 Psal.
1247 4876 1421 4929 xxxii,
1455 4863 1511 4920 6.
1583 4867 1635 4899 ⁸⁸
1669 4866 1826 4925 Joan.
1869 4886 1911 4939 ι,
1945 4873 1968 4927 l

2078 4875 2120 4908 "
2155 4873 2319 4932 Joan.
2367 4893 2454 4943 xv,
2495 4878 2585 4934 25.

451 5103 463 5115 .
485 5033 560 5104 (3)
611 5036 713 5090 Ἐκ
739 5034 876 5119 τῶνς.
909 5037 1052 5093 Editi
1081 5040 1171 5119 hic
1201 5052 1407 5119 ponunt
1437 5044 1496 5112 ἐξ
1528 5048 1721 5119 ἀρχῆς.
1754 5051 1849 5105 sed
1878 5065 1974 5105 co-

410 5102 563 5184 dices
591 5121 722 5161 mss.
757 5109 908 5184 utin
931 5120 1099 5164 textu.
1134 5102 1304 5166 Pa'ulo
1335 5126 1453 5184 post
1476 5102 1849 5175 'edit'i‘o'P-aris
1879 5102 1974 5175 ἐέ-

412 5172 679 5254 δοθείσηςζ
706 5179 849 5254 quod
898 5181 949 5254 in
978 5197 1114 5254 Auno
1147 5172 1356 5254 tantum
1415 5186 1601 5242 codice
1655 5172 1974 5254 reperitur:

414 5243 508 5324 alii
536 5244 838 5324 ἐκδοθείσης
866 5251 947 5324 vel
974 5249 1237 5324 δοθείσης.
1278 5252 1451 5310 Habet
1481 5258 1643 5312 etiam
1675 5243 1844 5315 editio
1875 5243 1977 5315 Ba;

413 5314 668 5389 silefusis
699 5315 1021 5389 ὲνδνθείσης.

588 5381 1019 5471 Ῑξᾴσμοχονίιίν.
1066 5392 1234 5471 Colb._
1267 5401 1322 5449 et
1356 5411 1497 5451 unus
1526 5395 1657 5468 Reg.
1710 5403 1976 5471 κοσμογέ-

413 5467 581 5530 νειαν.
607 5458 761 5530 filius
789 5456 918 5525 urg.
951 5464 1314 5530 κοσμοποιίαν.

487 5521 563 5605 (ρὶ
607 5521 1119 5605 Ἀκατονὸλιιιστὸι.
1178 5536 1270 5587 Sic
1306 5547 1417 5605 tres
1469 5539 1675 5605 antiqui
1733 5539 1971 5595 codices.

415 5592 654 5678 Celtica.
686 5595 1147 5678 ἀκατωνόμαστοι,
1184 5604 1317 5678 editi
1359 5592 1815 5678 ἀκατανόμαστοι.
1851 5592 1969 5664 nos

416 5665 1163 5755 ούξρὶγενομένωηκήυιιξείυο
1198 5675 1321 5755 libri
1350 5686 1562 5755 veteres
1582 5665 1899 5755 γινομένων.

488 5733 568 5806 (ι)
602 5733 797 5806 mm
820 5733 996 5795 θέλέι.
1035 5733 1133 5799 uie
1159 5743 1288 5799 editi
1315 5755 1367 5801 et
1407 5745 1572 5817 infra,
1594 5733 1790 5806 'ubi‘de
1816 5747 1973 5816 Filio,

2078 5055 2285 5131 addunt
2309 5057 2403 5110 καὶ
2421 5056 2633 5128 πέφυκε
2664 5076 2677 5109 :
2707 5058 2760 5112 in
2782 5075 2893 5129 quo
2913 5075 3021 5115 non
3048 5060 3231 5116 minus
3256 5069 3497 5131 pugnant
3523 5077 3647 5119 cum

2079 5124 2263 5180 Basilii
2302 5124 2689 5196 sensujquam
2718 5124 2842 5183 cum
2877 5146 3008 5185 mss.
3041 5124 3340 5187 codicibus.

2156 5196 2232 5265 (7)
2262 5198 2605 5275 Συνεργίας.
2638 5196 2876 5275 P_ro__bac
2904 5216 3056 5264 voce,
3084 5216 3205 5275 qua!
3235 5199 3486 5275 in__editis
3514 5201 3648 5275 legi-

2083 5274 2174 5341 tur
2205 5276 2258 5318 et
2293 5267 2862 5341 in_tribu_scodeibus
2898 5286 3055 5328 tnss..
3096 5267 3253 5324 liabet
3284 5270 3414 5341 Reg.
3453 5267 3647 5328 terti'us

2082 5334 2850 5412 6qptoup_yia;,__Colbertinns_
2879 5356 3006 5393 vero
3033 5334 3519 5412 Πνεῦματοςξιιυειι
3545 5358 3646 5397 vox

2084 5407 2265 5478 addita
2300 5408 2399 5478 fuit
2429 5408 2533 5459 alia
2566 5423 2726 5478 manu
2759 5410 2852 5463 scil
2888 5418 3066 5463 tamen
3099 5407 3343 5478 antiqua.

2154 5475 2230 5543 (8)
2267 5476 2336 5530 Τὸ
2364 5476 2669 5550 στερεοῦν.
2713 5478 2803 5533 Sic
2833 5478 2961 5548 Reg.
3002 5475 3276 5535 secundus
3305 5490 3359 5534 et
3395 5487 3643 5550 quartus,

2081 5559 2220 5619 quos
2244 5548 2408 5619 sequi
2442 5549 2715 5619 maluimus
2744 5564 2905 5618 quam
2936 5559 3048 5619 tres
3082 5551 3242 5609 alios.
3275 5553 3327 5603 in
3367 5548 3569 5619 quibus
3594 5557 3650 5619 et

2082 5614 2137 5690 i_n
2190 5614 2354 5670 editis
2408 5618 2601 5690 legitur
2635 5617 2737 5690 :th
2762 5614 3120 5690 ’στερεοῦντω
3151 5614 3537 5677 Addunt-editi
3583 5618 3649 5676 τὸ

2082 5684 2256 5756 ᾶγιον,
2292 5687 2434 5758 quod
2458 5684 2609 5743 nullo
2633 5688 2689 5743 in
2721 5684 2909 5746 codice
2937 5704 3042 5746 ms.
3073 5691 3377 5764 reperitur.
