3972 6218
239 318 363 371 157

1310 304 1509 361 LIBER
1545 303 1634 359 DE
1670 300 1944 358 SPIRITU
1989 300 2277 357 SANCTO.

3406 306 3510 362 £38

231 433 471 503 νέμεις·
518 428 548 497 ἢ
601 425 748 480 οὕτω
794 427 845 495 γ’
877 425 942 479 ἂν
974 423 1048 495 (9)
1096 423 1350 493 οὐδεμίαν
1392 424 1529 495 πρὸς
1576 424 1638 476 τὸ
1675 422 1828 491 ἅγιον

1938 419 2066 474 ritu.
2101 418 2287 490 Neque
2319 420 2464 474 enim
2499 420 2764 476 calorum
2813 421 3048 477 virtutes
3077 432 3271 488 suapte
3306 433 3504 479 natura

230 522 472 593 Πνεῦμα
510 521 610 591 τὴν
639 519 908 590 διαφορὰν
939 517 1141 588 ἔχοιενο
1175 515 1313 570 ἀλλά
1355 516 1496 569 κατὰ
1535 513 1826 583 ἀναλογίαν

225 617 353 688 τῆς
392 615 518 686 πρὸς
547 613 787 684 ἀλλήλας
816 611 1115 685 ὑπεροχῆς,
1160 609 1254 663 τοῦ
1302 608 1579 681 ἁγιασμοῦ
1626 609 1689 663 τὸ
1735 609 1829 679 μέ-

227 727 272 762 τ
280 726 378 783 ρον
413 707 560 779 παρὰ
586 705 680 760 τοῦ
709 705 1028 775 Πνεῦματος
1065 702 1304 774 ἔχουσαι.
1361 701 1448 765 Ὧς
1487 700 1598 774 γὰρ
1634 703 1663 754 ὁ
1697 718 1829 754 καυ-

230 803 353 872 τὴρ
369 800 502 872 μετὰ
518 798 615 852 τοῦ
662 798 835 866 πυρὸς
868 798 1087 861 νοεῖται,
1118 795 1212 848 καὶ
1259 793 1385 849 ἄλλο
1423 794 1607 865 μέντοι
1631 794 1664 864 ή
1691 793 1829 846 ὐπο-

232 891 473 961 κειμένη
510 890 634 959 ῦλη,
678 890 772 942 καὶ
810 887 940 943 ἀλλο
983 887 1045 940 τὸ
1080 884 1217 958 πῦρ·
1268 884 1410 939 οὕτω
1447 884 1543 938 καὶ
1587 885 1679 937 ἐπὶ
1722 884 1829 937 τῶν

230 984 509 1055 οὐρανίων
558 981 864 1051 δυνάμεων,
918 979 952 1049 ἢ
1013 978 1111 1048 μὲν
1162 976 1322 1030 οὐσία
1376 975 1592 1039 αὐτῶν,
1646 975 1829 1048 ἀέριον

236 1075 461 1146 πνεῦμα
476 1064 611 1143 (10),
632 1071 877 1141 εἰτύχοι,
910 1071 942 1140 ἦ
976 1070 1086 1139 πῦρ
1106 1069 1289 1134 ἀῦλον,
1320 1069 1462 1122 κατά
1488 1068 1550 1121 τὸ
1576 1084 1823 1140 γεγραμο

237 1168 405 1238 μένον
425 1184 440 1196 ·
488 1167 543 1217 Ὀ
574 1162 765 1218 ποιῶν
796 1162 938 1227 τοὺς
959 1161 1254 1230 ἀγγέλους
1278 1160 1465 1214 αὐτοῦ
1495 1160 1826 1229 πνεύματα,

236 1259 338 1313 καὶ
367 1258 511 1322 τοὺς
542 1253 935 1323 ,λειτουργοὺς
968 1252 1155 1307 αὑτοῦ
1192 1250 1385 1319 πυρὸς
1426 1251 1626 1321 φλόγα
1678 1250 1790 1322 (Η)
1814 1268 1826 1280 ·

235 1351 322 1404 διδ
355 1351 455 1403 καὶ
492 1351 551 1401 ὲν
607 1348 758 1416 τόπῳ
803 1346 933 1401 εἰσὶ.
982 1347 1075 1399 καὶ
1119 1345 1305 1417 ὀρατοὶ
1353 1344 1614 1413 γίνονται,
1663 1346 1720 1397 ὲν
1754 1343 1831 1414 τῷ

237 1442 368 1494 εῖδει
417 1438 531 1491 τῶν
584 1438 803 1489 οἰκείων
838 1435 1017 1488 αὐτῶν
1054 1435 1322 1505 σωμάτων
1347 1438 1463 1498 τοῖς
1515 1433 1685 1498 ἀξίοις
1728 1436 1831 1503 ὲμ-

238 1527 620 1599 φανιζόμενοι.
691 1528 748 1580 Ὀ
799 1525 982 1597 μέντοι
1024 1525 1314 1594 ἁγιασμὸς,
1369 1524 1569 1591 ἔξωθεν
1614 1522 1690 1576 ὣν
1732 1524 1832 1593 τῆς

237 1622 447 1685 οὐσίας,
476 1620 580 1691 τὴν
614 1619 897 1675 τελείωσιν
929 1618 1113 1682 αὐτοῖς
1143 1617 1337 1686 ἐπάγει
1370 1617 1460 1671 διὰ
1501 1616 1604 1687 τῆς
1642 1632 1833 1669 κοινω-

237 1713 359 1779 νίας
401 1712 501 1766 τοῦ
544 1711 882 1781 Πνεῦματος.
939 1711 1276 1764 Φυλάσσουσι
1319 1711 1377 1764 δὲ
1424 1709 1522 1781 τὴν
1569 1709 1725 1773 ἀξίαν
1763 1712 1829 1780 τῇ

1933 521 2138 567 sanctae
2179 519 2356 577 sunt;
2399 514 2646 583 alioquin
2712 514 2846 570 nihil
2874 515 3158 570 differrent
3211 531 3243 571 a
3301 516 3509 588 Spiritu

1931 611 2170 669 sancto;
2215 604 2310 660 sed
2359 604 2519 674 juxta
2551 610 2964 677 proportionem
3020 624 3128 678 qua
3178 624 3239 665 se
3276 610 3509 667 invicem

1931 703 2218 762 superant,
2270 709 2300 747 a
2336 694 2547 763 Spiritu
2609 696 2811 753 habent
2849 698 3303 754 sanctiﬁcationis
3355 714 3512 754 men-

1931 800 2139 841 suram.
2186 783 2661 851 Quemadmodum
2702 788 2848 842 enim
2898 790 3202 845 cauterium
3256 806 3363 845 non
3392 791 3515 847 sine

1931 878 2056 950 igne
2094 878 2453 950 intelligitur,
2486 894 2612 935 cum
2650 880 2798 936 aliud
2839 881 2913 938 sit
2953 882 3203 952 subjecta
3257 884 3507 949 materia,

1931 977 1986 1025 et
2016 969 2166 1024 aliud
2200 970 2341 1040 ignis
2378 988 2393 1025 :
2425 970 2611 1025 itidem
2642 972 2772 1028 etin
2830 973 3151 1029 caelestibus
3190 974 3508 1041 virtutibus,

1933 1059 2244 1115 substantia
2273 1059 2497 1129 quidem
2528 1074 2740 1126 earum,
2768 1068 2902 1132 puta
2935 1064 3169 1133 spiritus
3194 1072 3278 1119 est
3303 1064 3509 1128 aerius,

1933 1157 2027 1203 aut
2084 1150 2227 1219 ignis
2280 1150 2690 1215 immaterialis,
2735 1152 2892 1222 juxta
2941 1154 2991 1206 id
3052 1155 3197 1224 quod
3241 1156 3510 1225 scriptum

1932 1250 2037 1306 est,
2073 1241 2178 1309 Qui
2227 1243 2360 1312 facit
2394 1242 2609 1313 angelos
2654 1260 2780 1299 suos
2834 1246 3075 1314 spiritus,
3133 1255 3184 1301 et
3237 1248 3513 1301 ministros

1932 1348 2057 1388 suos
2114 1333 2392 1401 ﬂammam
2439 1334 2579 1404 ignis
2622 1334 2710 1401 Ι⁵⁸;
2772 1345 3112 1406 quapropter
3170 1346 3227 1392 et
3280 1338 3336 1392 in
3390 1338 3516 1393 loco

1933 1434 2104 1488 sunt,
2165 1435 2221 1479 et
2260 1424 2399 1480 ﬁunt
2426 1426 2697 1490 visibiles.
2728 1427 2858 1482 dum
2899 1430 2968 1485 iis
2996 1430 3091 1500 qui
3144 1429 3295 1502 digni
3344 1440 3511 1496 sunt,

1933 1525 2198 1587 apparent
2246 1517 2305 1572 in
2368 1518 2548 1590 specie
2614 1521 2962 1591 propriorum
3028 1535 3344 1592 corporum.
3404 1522 3514 1578 Sed

1932 1607 2320 1671 sanctiﬁcatio,
2380 1624 2503 1679 quae
2560 1618 2647 1665 est
2671 1617 2828 1666 extra
2856 1611 3219 1667 substantiam
3266 1612 3512 1677 illorum,

1935 1699 2328 1769 perfectionem
2364 1702 2474 1759 illis
2530 1701 2686 1757 atl‘ert
2740 1718 2839 1774 per
2890 1705 3330 1761 communionem
3384 1702 3512 1775 Spi-

240 1806 477 1874 ἐπιμονῇ
512 1802 611 1855 τοῦ
662 1800 849 1866 καλοῦ,
888 1800 1108 1871 ἔχουσαι
1160 1799 1259 1871 μὲν
1306 1802 1364 1853 ἐν
1413 1798 1729 1871 προαιρέσει
1768 1798 1829 1850 τὸ

1938 1792 2094 1846 ritus.
2123 1791 2470 1848 Conservam
2504 1800 2687 1849 autem
2741 1794 3064 1865 dignitatem
3115 1810 3213 1865 per
3256 1811 3513 1866 perseve~

242 1896 614 1963 αὐτεξούσιον,
646 1895 901 1947 οὐδέποτε
942 1893 1000 1947 δὲ
1032 1895 1096 1945 ὲκ
1137 1893 1239 1963 τῆς
1276 1892 1370 1945 τοῦ
1417 1892 1582 1957 ὅντως
1623 1890 1829 1959 ἀγαθοῦ

243 1987 599 2061 προσεδρείας
632 1986 997 2040 ἐκπίπτουσαι
1027 2001 1041 2014 ’
1070 1984 1148 2047 ὡς
1188 1983 1283 2036 ἐὰν
1329 1983 1530 2056 ὑφέλῃς
1566 1981 1645 2053 τῷ
1690 1981 1833 2053 λόγῳ

238 2078 301 2130 τὸ
352 2076 622 2147 Πνεῦμα,
686 2075 935 2129 λέλυνται
991 2075 1090 2144 μὲν
1142 2071 1393 2141 ἀγγέλων
1440 2075 1648 2143 χορεῖαι
1696 2071 1829 2141 (12),

241 2172 549 2243 ἀνῄρηνται
596 2170 655 2224 δὲ
702 2167 1060 2241 ἀρχαγγέλων
1105 2164 1444 2227 ὲπιστασίαι,
1498 2164 1832 2233 συγκέχυται

239 2264 297 2317 6‘s
319 2263 392 2317 τὰ
413 2264 595 2317 πάντα
619 2277 633 2290 ·
654 2260 1068 2331 ἀνομοθέτητος,
1092 2255 1348 2319 ἄτακτος,
1377 2255 1629 2326 ἀόριστος
1655 2254 1833 2307 αὐτῶν

120 2413 126 2416 έ
239 2355 276 2421 ἡ
330 2350 473 2423 ζωή.
515 2351 647 2413 Πῶς
696 2351 794 2421 μὲν
834 2348 945 2419 γὰρ
993 2345 1221 2399 εἴπωσιν
1260 2344 1516 2413 ἄγγελοι·
1572 2345 1727 2407 Δόξα
1764 2344 1836 2395 ἐν

238 2443 533 2510 ὑψίστοις
568 2438 710 2504 Θεῷ,
744 2438 819 2510 μὴ
864 2435 1276 2508 δυναμωθέντες
1321 2434 1426 2487 ὑπὸ
1457 2433 1550 2486 τοῦ
1586 2432 1835 2504 Πνεῦμα-

238 2548 369 2596 τος;
400 2530 618 2596 Οὐδείς
662 2531 771 2600 γὰρ
798 2526 1048 2581 δύναται
1089 2523 1278 2578 εἰπεῖν
1317 2522 1537 2591 Κύριον
1568 2521 1832 2590 Ἰησοῦν,

236 2625 295 2675 εἰ
325 2622 417 2692 μὴ
453 2622 525 2675 ὲν
558 2621 853 2689 Πνεύματι
885 2618 1050 2686 ἁγίῳ,
1078 2614 1177 2669 καὶ
1205 2614 1407 2680 οὐδεὶς
1430 2615 1500 2667 ἐν
1538 2615 1835 2683 Πνεύματι

240 2715 396 2768 Θεοῦ
423 2711 634 2768 λαλῶν
680 2711 843 2782 ,λέγει
887 2709 1153 2779 ἀνάθεμα
1200 2708 1444 2775 Ἰησοῦν⁸
1466 2723 1479 2736 ⁸
1528 2708 1665 2776 ὅπερ
1692 2704 1835 2759 εἴποι

236 2802 309 2854 ἂν
346 2801 461 2871 (15)
503 2801 574 2854 τὰ
601 2800 814 2871 πονηρὰ
844 2798 941 2852 καὶ
967 2797 1319 2866 ἀντικείμενα
1354 2795 1660 2867 πνεύματα,
1694 2792 1770 2848 ὦν
1798 2796 1833 2866 ἡ

238 2894 569 2956 ἀπόπτωσις
622 2890 904 2962 συνίστησι
957 2889 1050 2942 τὸν
1092 2887 1271 2958 λόγον,
1322 2886 1417 2941 τοῦ
1454 2886 1835 2954 αὐτεξουσίους

236 2979 393 3036 εἶναι
424 2982 531 3047 τὰς
581 2981 848 3052 ἀοράτους
896 2980 1189 3051 δυνάμεις,
1246 2980 1549 3050 ἰσορρόπως
1604 2977 1835 3048 ἐχούσας

239 3076 385 3146 πρὸς
407 3074 606 3147 ἀρετὴν
635 3074 732 3127 καὶ
764 3072 987 3135 κακίαν,
1022 3072 1117 3125 καὶ
1146 3070 1237 3124 διὰ
1260 3069 1420 3123 τοῦτο
1443 3068 1704 3137 δεομένας
1733 3068 1835 3138 τῆς

1935 1883 2171 1936 rantiam
2227 1883 2289 1939 in
2325 1885 2514 1948 bono,
2559 1884 2823 1941 habentes
2882 1885 3104 1956 quidem
3146 1887 3201 1941 in
3264 1888 3516 1958 eligendo

1934 1972 2167 2027 liberum
2231 1974 2518 2029 arbitrium
2546 2015 2562 2040 ,
2603 1990 2887 2047 nunquam
2945 1986 3125 2032 tamen
3163 1978 3233 2031 ab
3264 1978 3386 2047 ejus
3420 1979 3516 2048 qui

1934 2078 2062 2118 vere
2102 2064 2282 2121 bonus
2328 2074 2413 2122 est
2456 2067 2741 2123 consortio
2790 2068 3156 2127 excidentes:
3222 2071 3296 2124 ita
3351 2079 3411 2125 ut
3466 2072 3517 2126 si

1934 2155 2263 2213 subduxeris
2311 2159 2527 2214 ratione
2590 2158 2856 2229 Spiritum
2885 2199 2901 2224 ,
2962 2161 3227 2231 perierint
3284 2163 3512 2233 angelo-

1934 2264 2055 2302 rum
2084 2249 2328 2314 choreae,
2362 2250 2591 2305 sublatae
2640 2251 2755 2306 siut
2779 2266 3001 2323 quoque
3056 2254 3517 2322 archangelorum

1935 2340 2275 2410 praefecturae
2302 2382 2316 2404 ,
2369 2348 2535 2411 atque
2577 2340 2810 2396 confusa
2866 2341 3072 2396 fuerint
3118 2343 3302 2395 omnia
3353 2343 3518 2397 :vita

1936 2432 2182 2503 ipsorum
2243 2432 2381 2486 nulli
2444 2433 2594 2503 legi.
2652 2433 2788 2487 nulli
2843 2434 3071 2500 ordini,
3122 2434 3259 2487 nulli
3316 2434 3519 2504 regulae

1936 2523 2241 2593 subjaccat.
2316 2522 2604 2589 Quomodo
2671 2525 2817 2579 enim
2860 2525 3044 2579 dicent
3075 2527 3254 2596 angeli
3286 2544 3299 2579 :
3330 2524 3517 2580 Gloria

1933 2616 1991 2668 in
2042 2614 2264 2669 excelsis
2319 2613 2517 2680 Deo”,
2581 2614 2686 2671 nisi
2745 2633 2777 2668 ιι
2840 2614 3047 2685 Spiritu
3095 2624 3321 2686 accepta
3362 2624 3517 2683 pote-

1935 2714 2077 2761 state
2105 2706 2129 2759 ?
2177 2705 2349 2760 Nemo
2386 2706 2660 2777 siquidem
2694 2716 2867 2775 potest
2898 2707 3077 2762 dicere
3107 2706 3398 2761 Dominum
3422 2705 3519 2762 Je-

1935 2811 2074 2863 sum,
2137 2797 2243 2850 nisi
2287 2798 2344 2851 in
2374 2795 2583 2866 Spiritu
2618 2807 2842 2861 sancto,
2900 2808 2952 2852 et
3003 2799 3185 2854 nullus
3220 2801 3274 2854 in
3312 2799 3519 2870 Spiritu

1935 2886 2035 2942 Dei
2066 2889 2285 2960 loquens
2339 2889 2476 2945 dixit
2526 2888 2712 2946 Iesum
2752 2891 3142 2959 anathema“;
3196 2893 3343 2963 quod
3384 2908 3520 2949 sane

1935 2983 2172 3037 dixerint
2195 2985 2349 3055 pravi
2397 2993 2453 3040 et
2497 2985 2796 3041 adversarii
2831 2988 3060 3057 spiritus
3087 3026 3104 3051 ,
3154 3002 3388 3057 quorum
3436 2988 3518 3041 la-

1935 3092 2069 3148 psus
2140 3076 2465 3148 comprobat
2516 3078 2665 3148 quod
2728 3077 2994 3147 dicimus,
3041 3080 3275 3136 virtutes
3325 3079 3519 3135 invisi-

240 3168 342 3222 τοῦ
397 3167 720 3237 Πνεῦματος
773 3163 1047 3238 βοηθείας.
1116 3162 1254 3231 Ἐγὼ
1312 3164 1405 3214 καὶ
1452 3162 1544 3213 τὸν
1592 3162 1631 3212 Γ
1634 3160 1831 3233 α6ριὴλ

1938 3172 2075 3227 biles
2128 3185 2253 3225 esse
2300 3168 2387 3223 sui
2421 3169 2672 3237 arbitrii,
2728 3185 2885 3240 teque
2940 3170 3010 3226 ad
3055 3172 3313 3227 virtutem
3356 3180 3521 3242 atque

244 3261 541 3334 προλέγειν
585 3260 656 3312 τὰ
702 3257 966 3330 μέλλοντα
1012 3256 1266 3328 οὐδαμῶς
1298 3255 1473 3317 ἄλλως
1516 3254 1660 3324 φημὶ
1696 3254 1730 3324 ἢ
1763 3255 1831 3324 τῇ

244 3352 560 3427 προγνώσει
592 3350 685 3404 τοῦ
719 3349 1059 3421 Πνεῦματος.
1096 3349 1239 3402 Διότι
1267 3346 1325 3400 ἓν
1357 3347 1467 3400 τῶν
1499 3346 1612 3416 (14)
1637 3349 1702 3399 ὲκ
1731 3345 1832 3415 τῆς
1868 3392 1869 3397 η

241 3444 570 3515 διαιρέσεως
602 3442 694 3496 τοῦ
726 3441 1041 3513 Πνεύματος
1071 3439 1422 3512 χαρισμάτων
1454 3437 1603 3490 ἐστὶν
1635 3439 1668 3507 ἠ
1698 3453 1833 3508 προ-

244 3537 471 3608 φητεία.
520 3536 578 3588 Ὀ
614 3535 672 3587 δὲ
697 3535 769 3587 τὰ
823 3533 1095 3604 μυστήρια
1136 3532 1235 3602 τῆς
1274 3531 1539 3593 ὀπτασίας
1573 3529 1650 3600 τῷ
1679 3530 1834 3601 ἀνδρὶ⁵

244 3630 359 3682 τῶν
408 3626 713 3697 ἐπιθυμιῶν
762 3622 1077 3694 ἐπιταχθεὶς
1114 3623 1454 3693 διαγγεῖλαι,
1485 3622 1649 3676 πόθεν
1682 3639 1834 3693 σοφι-

248 3721 405 3784 abat;
450 3715 566 3789 εἶχε
616 3718 889 3772 διδάσκειν
941 3715 1011 3769 τὰ
1074 3716 1469 3789 κεκρυμμένα,
1525 3716 1575 3769 εί
1628 3714 1704 3786 μὴ
1754 3715 1834 3784 τῷ

246 3811 537 3882 Πνεύματι
563 3809 643 3880 τῷ
689 3809 865 3878 ἁγίῳς
909 3807 1012 3877 τῆς
1051 3805 1447 3876 ἀποκαλύψεως
1485 3806 1594 3859 τῶν
1627 3822 1834 3876 μυστη-

248 3905 389 3974 ρίων
424 3901 571 3964 ἰδίως
598 3899 678 3971 τῷ
708 3899 990 3970 Πνεῦματι
1029 3897 1434 3970 προσηκούσης,
1471 3897 1611 3951 κατά
1651 3897 1713 3950 τὸ
1744 3912 1837 3966 γε-

246 3995 594 4068 γραμμένον,
624 3995 707 4047 ὅτι
746 3992 906 4063 Ἡμῖν
933 3991 1332 4060 ἀπεκάλυψεν
1369 3996 1401 4047 ό
1430 3991 1576 4059 Θεὸς
1605 3991 1704 4045 διὰ
1728 3989 1836 4044 τοῦ

243 4089 622 4156 ΙΙνεύματος.
674 4084 866 4155 Θρόνοι
908 4083 966 4137 δὲ
1010 4083 1104 4137 καὶ
1153 4085 1493 4155 κυριότητες,
1534 4085 1628 4137 καὶ
1668 4084 1836 4155 ἀρχαὶ

245 4181 346 4236 καὶ
388 4178 651 4242 ἐξουσίαι,
695 4175 813 4239 πῶς
857 4175 924 4228 ἂν
965 4174 1064 4246 τὴν
1112 4176 1387 4246 μακαρίαν
1436 4175 1546 4245 (15)
1592 4175 1836 4247 διεξῆγον

244 4269 419 4340 ζωὴν,
453 4272 505 4322 εί
551 4267 627 4339 μὴ
671 4267 759 4320 διὰ
800 4266 1000 4331 παντὸς
1038 4266 1266 4320 ἔϐλεπον
1313 4267 1375 4318 τὸ
1406 4267 1700 4338 πρόσωπον
1735 4266 1828 4319 τοῦ

244 4361 469 4431 Πατρὸς
512 4359 607 4413 τοῦ
654 4362 715 4412 ἐν
757 4360 1040 4430 οὐρανοῖς;
1080 4357 1154 4412 Τὸ
1183 4358 1241 4412 δὲ
1298 4357 1519 4428 βλέπειν
1548 4359 1651 4411 οὐκ
1702 4359 1831 4413 ἄνευ

245 4453 348 4507 τοῦ
384 4451 723 4523 Πνεῦματος.
771 4452 981 4523 Ὠσπερ
1024 4451 1133 4523 γὰρ
1173 4453 1231 4504 ὲν
1267 4453 1444 4514 νυκτὶ,
1491 4452 1586 4505 ἐὰν
1626 4452 1833 4525 ὑφέλῃς

249 4551 314 4602 τὸ
340 4548 460 4618 φῶς
488 4547 598 4602 ἀπὸ
627 4546 726 4617 τῆς
750 4545 943 4612 οἰκίας,
965 4544 1162 4614 τυφλαὶ
1195 4545 1294 4614 μὲν
1320 4546 1377 4598 αἱ
1409 4544 1579 4616 ὄψεις,
1615 4546 1835 4617 ἀνενέρ-

1936 3263 2004 3319 ad
2053 3263 2246 3317 vitium
2306 3263 2632 3329 'vertibiles,
2698 3273 2754 3320 et
2819 3264 2891 3320 ob
2937 3264 2992 3319 id
3051 3279 3192 3335 opus
3252 3264 3520 3319 habentes

1935 3354 2141 3409 auxilio
2174 3353 2437 3425 Spiritus.
2479 3353 2594 3425 Ego
2621 3369 2754 3411 vero
2798 3356 2982 3427 ipsum
3014 3354 3319 3413 Gabrieleui
3372 3355 3519 3412 haud

1935 3446 2044 3500 alio
2082 3446 2248 3500 modo
2274 3446 2512 3500 arbitror
2541 3446 2839 3518 praedicere
2871 3447 3058 3503 futura
3080 3448 3151 3516 “,
3181 3464 3344 3521 quam
3380 3440 3520 3521 prae-

1936 3536 2169 3593 scientia
2230 3537 2511 3606 Spiritus,
2573 3552 2640 3593 eo
2697 3539 2846 3610 quod
2897 3555 3068 3595 unum
3122 3555 3189 3596 ex
3246 3540 3522 3598 divisione

1935 3627 2203 3681 donorum
2236 3626 2475 3699 Spiritus
2512 3630 2585 3683 sit
2612 3632 2927 3701 prophetia.
2960 3630 3139 3691 Porro
3177 3635 3273 3706 qui
3310 3644 3523 3709 myste-

1938 3719 2026 3772 ria
2058 3720 2289 3775 visionis
2321 3721 2443 3774 viro
2494 3722 2895 3778 desideriorum
2919 3723 3113 3795 jussus
3156 3735 3276 3784 erat
3305 3744 3521 3787 annun-

1937 3813 2075 3866 tiare
2097 3811 2164 3880 θ’,
2224 3812 2370 3869 unde
2403 3822 2601 3870 nactus
2647 3824 2766 3870 erat
2811 3818 3175 3889 sapientiam,
3232 3830 3290 3875 ut
3333 3835 3522 3893 posset

1936 3901 2133 3958 docere
2184 3918 2406 3972 arcana,
2448 3905 2557 3961 nisi
2614 3921 2713 3977 per
2767 3907 3033 3979 Spiritum
3091 3916 3518 3990 sanctum?33

1936 4010 2061 4049 cum
2097 3996 2397 4065 patefactio
2439 4000 2832 4071 mysteriorum
2861 4004 3215 4072 peculiariter
3242 4007 3312 4062 ad
3343 4006 3521 4080 Spiri-

1941 4099 2054 4143 tum
2105 4094 2358 4145 sanctum
2408 4091 2701 4159 pertineat,
2749 4093 2908 4163 juxta
2963 4093 3018 4149 id
3058 4095 3208 4166 quod
3249 4100 3517 4171 scriptum

1935 4188 2023 4238 est
2055 4199 2067 4234 :
2102 4179 2272 4237 Nobis
2303 4185 2554 4238 reserauit
2593 4184 2736 4239 Deus
2774 4202 2868 4256 per
2896 4187 3157 4258 Spiritum
3184 4193 3250 4248 “.
3306 4193 3517 4252 Tltroni

1937 4290 2068 4331 vero
2097 4282 2153 4331 et
2215 4275 2650 4345 dominationes,
2701 4279 3041 4352 principatus
3101 4293 3156 4340 et
3194 4295 3518 4356 potestates.

1938 4364 2215 4435 quomodo
2260 4367 2475 4423 beatam
2532 4369 2890 4427 traducerent
2921 4374 3116 4444 vitam,
3156 4377 3264 4434 nisi
3299 4393 3522 4452 semper

1938 4456 2186 4512 viderent
2213 4458 2422 4513 vultum
2456 4458 2637 4517 Patris
2664 4464 2758 4533 qui
2807 4463 2865 4520 in
2893 4467 3048 4522 caelis
3077 4474 3163 4523 est
3179 4469 3265 4524 “1’
3286 4475 3358 4526 At
3380 4473 3520 4529 visio

1938 4563 2044 4601 non
2089 4556 2175 4604 est
2223 4551 2430 4621 absque
2474 4552 2703 4624 Spiritu.
2756 4553 3228 4622 Quemadmodum
3285 4564 3431 4618 enim
3471 4565 3519 4621 si

249 4656 415 4711 γητοι
445 4639 505 4692 δὲ
549 4636 969 4691 καταλείπονται
999 4638 1053 4690 αἱ
1106 4636 1384 4710 δυνάμεις²
1434 4636 1830 4706 ἀνεπίγνωστοι

1938 4639 1991 4692 in
2025 4656 2184 4697 noete
2222 4643 2380 4699 tollas
2414 4646 2694 4701 lucernam
2733 4666 2765 4703 e
2799 4647 2982 4715 domo,
3015 4653 3146 4707 caeci
3175 4661 3305 4709 sunt
3351 4656 3516 4718 oculi,

254 4732 318 4785 δὲ
353 4731 411 4783 αἱ
440 4730 611 4795 ἀξίαι,
643 4727 738 4782 καὶ
770 4726 971 4800 χρυσοῦ
1014 4726 1110 4781 καὶ
1147 4727 1368 4799 σιδήρου
1403 4727 1604 4798 ὁμοίως
1632 4744 1833 4782 πατου-

257 4823 445 4897 μένων
477 4820 568 4874 διὰ
605 4820 705 4891 τὴν
732 4818 955 4887 ἄγνοιαν
974 4834 987 4846 ·
1031 4816 1204 4883 οὕτως
1237 4819 1330 4871 ἐπὶ
1360 4818 1458 4889 τῆς
1486 4819 1686 4891 νοητῆς
1712 4819 1831 4873 δια-

1931 4732 2218 4790 facultates
2272 4736 2657 4807 relinquuntur
2727 4739 2970 4806 inertes,
3037 4758 3139 4799 nec
3204 4747 3520 4815 agnoscitur

1930 4839 2117 4879 rerum
2183 4825 2460 4898 dignitas,
2529 4829 2625 4885 sed
2703 4846 2802 4901 per
2878 4832 3246 4905 ignorantiam
3318 4852 3516 4893 aurum

326 4974 558 5056 ξένε-ιιι.
597 4989 714 5038 cun,
749 4975 809 5056 fa.
902 4974 947 5005 ⁸⁸
990 4972 1124 5028 Luc.
1166 4988 1227 5038 ιι,
1268 4973 1355 5026 ιι.
1430 4975 1477 5005 ⁸⁸
1517 4974 1537 5029 1
1576 4973 1704 5030 Cor.
1742 4991 1831 5042 xu,

2012 4978 2055 5010 ⁶¹
2095 4979 2231 5037 Luc.
2273 4999 2314 5050 ι,
2353 4982 2442 5039 26.
2520 4984 2565 5016 “
2590 4983 2726 5040 Dan.
2763 5002 2817 5049 χ,
2853 4987 2944 5045 10.
3020 4988 3066 5021 ⁸³
3102 4988 3123 5043 l
3159 4988 3289 5045 Cor.
3329 5006 3389 5056 ιι,
3423 4992 3513 5052 10.

252 5046 305 5080 ⁸⁸
338 5045 532 5100 Matth.
573 5062 724 5111 xvm,
744 5046 831 5100 10.

330 5159 409 5230 (9)
434 5162 511 5234 ’ᾙ
534 5161 686 5214 οὕτω
710 5162 761 5230 τ’
783 5160 881 5215 ἂν.
914 5160 1092 5234 Editio
1110 5162 1284 5234 Paris.
1310 5162 1344 5234 ἢ
1366 5162 1506 5215 οὓτω
1534 5162 1667 5234 γάρ,
1693 5176 1827 5234 con-

255 5239 350 5285 tra
382 5232 628 5285 codicum
678 5247 815 5286 mss.
855 5238 910 5285 et
953 5233 1208 5289 editionis
1260 5231 1822 5289 Ba‘sileensisﬁdem.

254 5301 435 5374 Paulo
444 5311 566 5374 post
575 5299 711 5374 Reg.
730 5301 1006 5374 secundus
1022 5304 1171 5374 παρὰ
1184 5302 1278 5356 τοῦ
1296 5303 1433 5355 Πνεύ
1442 5319 1608 5374 ματος
1622 5302 1744 5372 ἔχου
1752 5318 1823 5374 σι.

330 5371 447 5443 (10)
494 5371 716 5438 Ἀέριον
737 5372 990 5440 πνεῦμα.
1030 5371 1165 5426 Male
1202 5375 1259 5427 in
1287 5371 1453 5427 editis
1474 5371 1703 5443 additur
1741 5371 1823 5427 τό.

331 5374 426 5443 (10
494 5374 716 5438 Ἀέριον
737 5374 990 5440 πνεῦμα.
1030 5374 1165 5426 Male
1202 5375 1259 5427 in
1287 5374 1449 5427 editis
1481 5374 1703 5426 additur
1741 5374 1823 5427 τό.

331 5374 447 5513 (it;
474 5443 671 5513 Πυρύς
700 5443 917 5511 φλόγα.
968 5444 1059 5497 Sic
1104 5443 1348 5513 quinque
1385 5442 1603 5498 codices
1637 5460 1651 5496 ;
1685 5458 1826 5497 unus

255 5512 407 5583 eum,
420 5512 583 5566 editis
611 5513 722 5583 πῦρ
746 5513 962 5583 φλέγον.

331 5582 443 5654 (712)
470 5582 720 5654 Χορεῖαι.
752 5582 850 5637 Hic
878 5585 1137 5637 nonnulla
1160 5599 1261 5654 cpe
1277 5583 1525 5654 codicum
1544 5597 1678 5637 mss.
1703 5597 1833 5654 sus-

260 5651 738 5724 tulimus.ﬂabent
768 5655 912 5707 enim
949 5656 1080 5709 editi
1105 5673 1117 5707 :
1142 5651 1351 5724 χορεῖαι
1370 5654 1463 5706 καὶ
1488 5651 1825 5724 ἁγιασμὸς...

260 5722 592 5786 ὲπιστασίαι,
625 5724 719 5775 καὶ
746 5724 1023 5794 ἁγιασμοὶ,
1057 5722 1151 5777 xui
1165 5722 1567 5795 προφητεῖαι...
1609 5722 1825 5788 οὐκοῦν,

574 5821 850 5881 Paruon.
885 5820 997 5883 Gn.
1058 5824 1107 5884 Χ
1123 5823 1323 5882 XXI].

1931 5165 1998 5218 ἀν

1999 5162 2348 5233 ομοθέτητος.

2004 5181 2028 5215 ο
2073 5181 2348 5233 ουετητος.

2004 5181 2114 5314 (r23)
2145 5233 2506 5314 Ὅπερεῖπ-οι
2528 5235 2625 5289 ἄν.
2657 5234 2748 5291 Sic
2771 5251 2904 5291 mss.
2933 5235 3154 5314 codices
3180 5236 3511 5314 :_editi_61rep

1932 5303 2260 5358 ἂνεῖποιεν.
2296 5304 2419 5360 Mox
2450 5305 2587 5377 Reg.
2631 5315 2862 5376 quartus
2903 5306 3005 5370 τὰς
3030 5307 3317 5378 οὐρανίους
3353 5303 3511 5366 δυνάἰ-

2004 5389 2264 5522 ξῖὶλςΕγ
2288 5445 2425 5500 τῶν.
2462 5444 2605 5499 Editi
2634 5446 2693 5500 ἓν
2711 5463 2764 5500 τι
2787 5445 2916 5513 τῶν,
2950 5447 3047 5506 sed
3072 5459 3382 5522 repugnant
3412 5468 3512 5509 ve-

1935 5522 2081 5571 teres
2101 5516 2106 5518 ’
2125 5516 2268 5570 libri.

2008 5584 2119 5667 (
2149 5586 2476 5667 Μακαρίαν.
2679 5588 2885 5645 addunt
2915 5590 3152 5667 ἐκείνην.
3187 5591 3293 5649 Sed
3316 5608 3379 5648 ea
3404 5609 3512 5650 vox

1936 5656 2149 5711 abest'a
2184 5658 2425 5727 quinque
2460 5658 2762 5715 codicibus.
2993 5656 3009 5667 ’
3086 5656 3097 5665 ’
3508 5673 3519 5694 ι
