3972 6218
419 341 522 400 139

1654 342 1714 398 S.
1757 342 2001 399 BASILII
2034 345 2249 401 MAGNI

3579 349 3682 404 MO

415 456 642 528 perinde
685 470 749 511 ae
803 456 1008 513 ferrum
1062 457 1418 514 conculcatur
1455 473 1468 508 :
1524 457 1604 512 sic
1638 457 1696 512 in
1722 458 1988 528 spirituali

2099 461 2442 532 κοσμήσεως,
2480 459 2760 530 ἀμήχανον
2803 457 2900 530 τὴν
2929 457 3189 529 ἔνθεσμον
3217 457 3430 529 ἐκείνην
3465 458 3680 529 διαμοῖσ-

414 548 643 615 ordine,
699 549 1039 620 impossibile
1088 555 1174 606 est
1213 549 1360 620 piam
1406 549 1554 603 illam
1612 563 1677 602 ac
1737 555 1985 604 sanctam

413 639 583 697 vitam
635 653 956 711 permanere
989 641 1128 694 citra
1171 639 1437 711 Spiritum
1475 654 1490 692 :
1531 639 1702 694 nihilo
1741 638 1987 710 profecto

414 732 590 802 magis
645 745 812 801 quam
872 731 1147 787 exercitus
1203 731 1261 785 in
1315 737 1464 786 recto
1527 730 1719 786 ordine
1766 743 1988 785 manere

411 831 592 896 potest
645 825 872 880 absente
899 823 1058 890 duce,
1110 830 1205 878 aut
1258 823 1462 878 chorus
1506 824 1561 877 in
1596 823 1985 886 consonantia,

411 915 519 972 nisi
580 915 737 970 chori
797 914 1089 985 praefectus
1124 921 1388 984 temperet
1445 913 1808 969 harmoniam.
1881 913 1988 979 Qui

412 1013 639 1076 possent
706 1005 892 1062 dicere
951 1007 1250 1078 seraphim,
1287 1001 1542 1072 Sanctus,
1593 1015 1828 1072 sanctus,
1862 1023 1989 1061 san-

413 1100 615 1166 ctus",
676 1098 786 1154 nisi
846 1099 993 1154 docti
1044 1115 1143 1170 per
1212 1096 1512 1168 Spiritum,
1569 1098 1786 1169 quoties
1842 1098 1990 1168 pium

411 1188 579 1245 fuerit
643 1190 808 1260 hujus
863 1190 1278 1262 gloriﬁcationis
1338 1193 1505 1247 verba
1564 1192 1808 1248 canere?
1865 1190 1991 1248 Sive

410 1279 580 1350 igitur
615 1278 846 1334 laudant
885 1279 1055 1336 Deum
1102 1295 1295 1336 omnes
1333 1281 1512 1351 angeli
1557 1281 1677 1350 ejus
1706 1297 1770 1337 ac
1798 1296 1989 1337 omnes
2029 1303 2031 1308 ·

409 1369 642 1424 virtutes
673 1369 822 1440 ejus,
863 1369 925 1423 ﬁt
968 1368 1205 1440 Spiritus
1251 1385 1373 1440 ope.
1423 1368 1548 1426 Sive
1581 1378 1762 1427 astant
1793 1371 1990 1426 millies

412 1457 564 1512 mille
600 1457 804 1528 angeli,
855 1473 920 1513 ac
965 1458 1176 1514 centies
1219 1464 1438 1514 centum
1476 1459 1644 1514 millia
1676 1459 1992 1515 ministran-

411 1548 552 1602 tium
583 1547 894 1612 ,.oﬁlcium
953 1565 1116 1605 suum
1180 1550 1320 1604 citra
1387 1549 1869 1621 reprehensionem
1934 1549 1991 1604 in

410 1637 614 1693 virtute
645 1636 883 1708 Spiritus
919 1639 1232 1710 perﬁciunt.
1274 1639 1463 1709 itaque
1511 1647 1624 1694 tota
1665 1639 1760 1694 illa
1796 1653 1991 1709 super-

414 1731 659 1788 cmlestis
718 1739 772 1788 et
820 1732 1114 1788 ineﬁ‘abilis
1157 1733 1484 1798 harmonia,
1539 1739 1656 1786 tum
1722 1732 1781 1786 in
1841 1731 1992 1784 cultu

2096 569 2183 606 ναι
2200 552 2344 624 ζωὴν
2361 552 2488 606 ἄνευ
2508 551 2602 604 τοῦ
2620 549 2760 606 Πνεύ
2770 567 2936 620 ματος
2951 567 2965 580 ·
2997 549 3057 603 οὐ
3084 549 3280 620 μᾶλλόν
3306 550 3418 620 γεῆ
3456 567 3680 622 στρατο-

2095 646 2254 699 πέδου
2281 646 2378 716 τὴν
2400 643 2670 710 εὐταξίαν,
2695 642 2785 696 τοῦ
2810 641 3105 712 ταξιάρχου
3131 643 3207 713 μὴ
3234 643 3504 714 παρόντος
3530 641 3641 711 (iii)
3662 656 3677 673 '

2095 737 2129 808 ἢ
2160 736 2322 807 χοροῦ
2355 735 2452 807 τὴν
2481 734 2817 804 συμφωνίαν,
2847 734 2941 787 τοῦ
2971 733 3269 806 κορυφαίου
3304 732 3379 804 μὴ
3410 732 3685 802 συναρμό-

2096 828 2300 892 ζοντος.
2344 826 2470 891 Πῶς
2509 825 2624 900 [ἂν]
2658 827 2785 896 εἴπῃ
2823 825 2893 879 τὰ
2934 827 3196 897 σεραιρὶμ,
3234 825 3456 894 Ἄγιος,
3487 824 3680 892 ἅγιος,

2097 924 2280 994 ἅγιος,
2315 923 2388 994 μὴ
2409 920 2723 991 διδαχθέντα
2752 919 2904 992 παρὰ
2943 918 3039 973 τοῦ
3071 918 3414 988 Πνεύματος,
3447 917 3683 978 ποσάκις

2097 1017 2246 1069 ἐστὶν
2284 1013 2503 1077 εὐσεϐὲς
2560 1012 2657 1082 τὴν
2707 1011 3012 1079 δοξολογίαν
3069 1009 3274 1079 ταύτην
3332 1008 3681 1076 ἀναφωνείν;

2097 1106 2222 1160 Εἴτε
2244 1103 2337 1158 οῦν
2370 1103 2577 1158 αἱνοῦσι
2607 1101 2697 1155 τὸν
2731 1101 2862 1154 Θεὸν
2891 1101 3094 1164 πάντες
3123 1103 3172 1153 ot
3217 1097 3436 1167 ἄγγελοι
3481 1097 3677 1160 αὐτοῦ,

2098 1197 2191 1251 καὶ
2225 1193 2464 1250 αἰνοῦσιν
2500 1191 2662 1245 αὐτὸν
2685 1192 2855 1244 πᾶσαι
2883 1192 2937 1243 αί
2969 1191 3226 1260 δυνάμεις
3249 1187 3413 1242 αὐτοῦ
3430 1227 3446 1253 ,
3467 1187 3556 1240 διά
3579 1189 3684 1258 τῆς

2096 1287 2189 1342 τοῦ
2227 1285 2541 1357 Πνεύματος
2587 1283 2909 1355 συνεργείας
2945 1281 3094 1354 (17)·
3139 1281 3249 1334 εἴτε
3297 1281 3682 1351 παρεστήκασι

2097 1381 2264 1453 χίλιαι
2296 1376 2531 1450 χιλιάδες
2565 1374 2833 1442 ἀγγέλων,
2867 1374 2961 1429 καὶ
3010 1372 3202 1448 μύριαι
3252 1371 3510 1444 μυριάδες
3555 1371 3678 1423 λει-

2097 1469 2469 1542 τουργούντων
2502 1463 2646 1535 (18),
2696 1467 2754 1518 ἐν
2783 1467 2850 1536 τῇ
2879 1463 3104 1533 δυνάμει
3139 1460 3233 1514 τοῦ
3268 1459 3586 1530 Πνεύματος
3615 1459 3680 1511 τὺ

2097 1564 2294 1616 οἰκεῖον
2339 1559 2499 1631 ἔργον
2544 1558 2791 1632 ἀμώμως
2839 1551 3166 1608 ἐπιτελοῦσι.
3227 1553 3416 1606 Πᾶσαν
3450 1547 3542 1603 οὖν
3571 1549 3678 1619 τὴν

2099 1651 2487 1724 ὑπερουράνιον
2527 1650 2742 1719 ἐκείνην
2787 1646 2882 1700 καὶ
2905 1644 3144 1716 ἄρρητον
3182 1641 3467 1712 ἁρμονίαν,
3514 1637 3570 1691 έν
3613 1653 3676 1690 τε

2098 1743 2165 1814 τῇ
2203 1741 2514 1814 λειτουργίᾳ
2547 1739 2683 1795 Θεοῦ
2721 1736 2818 1793 καὶ
2840 1739 2906 1806 τῇ
2940 1734 3077 1806 πρὸς
3109 1731 3345 1803 ἀλλήλας
3375 1730 3481 1783 τῶν
3508 1731 3679 1798 ὑπερ-

411 1819 548 1886 Dei,
604 1828 721 1876 tum
799 1823 855 1876 in
912 1822 1493 1896 ultramundanarumt
1531 1822 1792 1876 virtutum
1834 1821 1988 1890 ,inter

2097 1833 2330 1904 κοσμίων
2370 1833 2646 1903 δυνάμεων
2681 1825 2991 1899 συμφωνίᾳ,
3036 1825 3296 1879 ἀδύνατον
3340 1822 3680 1892 φυλαχθῆναι

409 1911 561 1981 ipsas
585 1911 947 1967 consonantia
991 1927 1338 1983 nequaquam
1382 1910 1590 1967 servari
1625 1917 1842 1981 posset,
1876 1909 1987 1964 nisi

411 2010 673 2074 praeesset
721 2001 980 2073 Spiritus.
1015 2003 1108 2060 Sic
1148 2004 1316 2075 igitur
1345 2003 1402 2057 in
1433 2003 1713 2059 creatione
1741 2002 1829 2066 iis,
1873 2015 1996 2072 qua:

412 2108 525 2148 non
601 2093 941 2164 proﬁciendo
1024 2093 1353 2166 perveniunt
1424 2094 1492 2148 ad
1557 2091 1949 2164 perfectionem
1975 2131 1991 2156 ,

415 2183 511 2240 sed
535 2184 604 2240 ab
633 2187 754 2258 ipsa
785 2185 1037 2257 protinus
1062 2185 1341 2242 creatione
1361 2183 1603 2256 perfecta
1631 2190 1763 2241 sunt
1786 2223 1802 2248 ,
1840 2181 1996 2238 adest

416 2273 656 2348 Spiritus
676 2287 932 2345 sanctus;
972 2277 1030 2333 in
1047 2279 1173 2341 hoc,
1210 2283 1268 2331 ut
1294 2275 1606 2346 perﬁciatur
1635 2273 1995 2343 compleatur-

410 2383 520 2440 que
567 2367 784 2424 illorum
841 2368 1186 2432 substantia,
1233 2367 1463 2438 gratiam
1489 2379 1643 2421 suam
1679 2362 1991 2420 conferens.

483 2457 574 2514 '59.
638 2455 910 2513 Caeterum
980 2455 1420 2527 dispensationes
1494 2455 1643 2508 circa
1717 2453 1995 2506 hominem

413 2566 533 2622 quae
580 2547 740 2605 factae
791 2555 922 2604 sunt
960 2563 993 2602 a
1040 2563 1236 2618 magno
1283 2546 1416 2610 Deo,
1457 2553 1514 2602 et
1569 2545 1857 2600 Servatore
1890 2559 1991 2598 no-

414 2648 533 2696 stro
557 2637 690 2695 Jesu
721 2637 943 2694 Christo
986 2639 1144 2707 juxta
1193 2639 1494 2693 bonitatem
1533 2636 1678 2702 Dei,
1733 2637 1859 2706 quis
1899 2651 1997 2691 ne-

412 2730 565 2802 gabit
609 2745 707 2802 per
757 2729 996 2800 Spiritus
1045 2730 1272 2801 gratiam
1309 2744 1432 2785 esse
1454 2729 1820 2799 adimpletas?
1871 2726 1997 2784 Sive

417 2824 560 2879 velis
607 2820 792 2893 prisca
841 2830 1113 2892 spectare,
1171 2819 1608 2890 patriarcharum
1656 2817 1994 2872 benedictio-

413 2930 548 2980 nes,
593 2913 857 2970 auxilium
909 2927 1008 2983 per
1039 2911 1212 2983 legem
1259 2911 1469 2976 datum,
1505 2910 1724 2981 ﬁguras,
1759 2912 1994 2982 prophe-

397 3008 545 3074 tias,
576 3005 789 3062 fortiter
831 3004 887 3058 in
933 3003 1092 3060 bellis
1121 3011 1293 3074 gesta,
1354 3003 1617 3057 miracula
1651 3018 1748 3073 per
1775 3010 1995 3059 sanctos

414 3097 562 3155 edita
595 3112 610 3150 ι
643 3096 760 3151 sive
790 3109 911 3166 quae
955 3094 1102 3149 circa
1149 3093 1366 3148 Domini
1393 3094 1448 3148 in
1487 3108 1654 3148 carne
1699 3092 1993 3148 adventum

2098 1923 2288 1996 [εἰ]μὴ
2305 1926 2369 1995 τῇ
2389 1921 2682 1994 ἐπιστασίᾳ
2706 1919 2800 1974 τοῦ
2824 1916 3159 1988 Πνεύματος.
3194 1912 3349 1967 Οῦτω
3379 1914 3475 1982 μὲν
3498 1906 3589 1964 οὖν
3621 1911 3682 1961 ὲν

2094 2013 2424 2084 δημιουργίᾳ
2453 2012 2686 2084 πάρεστι
2716 2008 2776 2063 τό
2809 2006 3035 2078 Πνεῦμα
3068 2005 3127 2058 τὸ
3159 2004 3312 2072 ἆγιον
3335 2005 3448 2065 τοῖς
3470 2002 3571 2053 οὐκ
3613 2001 3680 2051 ἐκ

2097 2099 2384 2171 προκοπῆς
2417 2098 2832 2170 τελειουμένοις,
2861 2095 2976 2150 ἀλλ’
3003 2095 3096 2148 ἀπ’
3122 2093 3291 2163 αὐτῆς
3319 2092 3418 2162 τῆς
3447 2089 3679 2152 κτίσεως

2095 2191 2258 2255 εὐθὺς
2285 2191 2531 2256 τελείοις,
2554 2192 2633 2254 εἰς
2657 2189 2747 2243 τὸν
2776 2186 3123 2258 ἀπαρτισμὸν
3156 2185 3253 2239 καὶ
3283 2183 3681 2254 συμπλήρωσιν

2093 2281 2193 2352 τῆς
2252 2281 2600 2346 ὑποστάσεως
2651 2278 2830 2333 αὐτῶν
2891 2278 2992 2348 τὴν
3059 2277 3191 2346 παρ’
3254 2272 3448 2327 ἑαυτοῦ
3518 2272 3680 2343 χάριν

2097 2372 2598 2444 συνεισφερόμενον.

2162 2463 2252 2519 59.
2289 2464 2400 2526 Τὰς
2439 2462 2496 2514 δὲ
2540 2460 2670 2532 περὶ
2712 2459 2804 2512 τὸν
2861 2455 3148 2528 ἄνθρωπον
3199 2451 3535 2521 οἰκονομίας,
3577 2448 3682 2512 τὰς

2097 2553 2205 2607 ὑπὸ
2250 2552 2344 2606 τοῦ
2382 2552 2618 2624 μεγάλου
2669 2547 2802 2602 Θεοῦ
2848 2547 2944 2601 καὶ
2991 2545 3244 2615 Σωτῆρος
3292 2540 3450 2612 ἡμῶν
3500 2536 3680 2608 Ἰησοῦ

2098 2645 2338 2718 Χριστοῦ
2357 2645 2500 2699 κατὰ
2515 2644 2611 2716 τὴν
2629 2642 2939 2712 ἁγαθότητα
2965 2638 3059 2692 τοῦ
3076 2635 3209 2690 Θεοῦ
3234 2634 3344 2706 (19)
3358 2632 3678 2703 γενομένας,

2104 2738 2187 2802 τίς
2217 2739 2432 2809 ἀντερεῖ
2464 2737 2538 2808 μὴ
2563 2735 2686 2805 οὐχ).
2723 2735 2810 2788 διὰ
2842 2733 2942 2802 τῆς
2976 2730 3070 2784 τοῦ
3111 2729 3425 2798 Πνεύματος
3455 2725 3682 2796 χάριτος

2097 2825 2536 2898 πεπληροῦσθαι;
2563 2824 2688 2877 Εἴτε
2729 2821 2907 2892 βούλει
2944 2820 3014 2874 τὰ
3045 2817 3252 2872 παλαιὰ
3290 2818 3544 2868 σκοπεῖν·
3577 2813 3680 2876 τὰς

2096 2917 2207 2973 τῶν
2252 2914 2613 2988 πατριαρχῶν
2659 2912 2928 2982 εὐλογίας,
2970 2911 3068 2982 τὴν
3108 2910 3173 2961 ὲκ
3211 2909 3308 2978 τῆς
3358 2904 3681 2977 νομοθεσίας

2095 3009 2381 3081 δεδομένην
2419 3006 2692 3080 βοήθειαν,
2738 3006 2862 3068 τοὺς
2905 3001 3130 3065 τύπους,
3173 2997 3276 3062 τὰς
3314 2996 3679 3069 προφητείας,

2096 3105 2162 3158 τὰ
2190 3107 2247 3158 ὲν
2277 3103 2532 3174 πολέμοις
2567 3100 3055 3172 ἀνδραγαθήματα,
3088 3095 3159 3148 τὰ
3199 3095 3286 3148 διὰ
3313 3093 3422 3147 τῶν
3454 3091 3681 3146 δικαίων

397 3191 724 3262 dispensata
769 3197 898 3243 sunt
930 3205 944 3242 :
977 3202 1075 3263 per
1102 3184 1369 3257 Spiritum
1416 3192 1568 3257 gesta
1601 3192 1751 3242 sunt.
1808 3183 1988 3240 Primo

2098 3198 2325 3266 σημεῖα’
2381 3194 2492 3246 εἴτε
2545 3193 2616 3247 τά
2662 3192 2789 3263 περὶ
2843 3191 2941 3261 τὴν
2997 3187 3263 3259 ἒνσαρκον
3317 3183 3412 3238 τοῦ
3466 3183 3679 3254 Κυρίου

412 3283 561 3342 enim
603 3281 780 3336 adfuit
828 3279 932 3350 ipsi
987 3278 1143 3333 carni
1203 3276 1442 3343 Domini,
1489 3279 1620 3333 dum
1668 3276 1845 3332 factus
1889 3293 1990 3330 un-

413 3378 545 3442 ctio,
609 3383 667 3429 et
727 3371 1170 3442 inseparabiliter
1214 3371 1584 3441 conjunctus,
1639 3371 1787 3426 sicut
1848 3371 1988 3426 scri—

412 3475 567 3538 ptum
603 3475 688 3521 est
720 3482 732 3516 :
770 3463 938 3533 Super
975 3479 1128 3534 quem
1157 3463 1350 3517 videris
1387 3462 1653 3531 Spiritum
1680 3463 1992 3517 descenden-

416 3569 540 3622 tem,
576 3567 626 3612 et
677 3565 976 3613 umnentem
1033 3571 1190 3626 super
1218 3572 1360 3618 eum,
1393 3555 1477 3608 hic
1527 3563 1607 3609 est
1635 3552 1813 3609 Filius
1844 3571 1988 3607 meus

413 3648 638 3704 dilectus
670 3649 751 3711 °°;
806 3655 896 3715 et,
950 3644 1134 3700 Jesum
1189 3663 1223 3699 a
1278 3644 1576 3711 Nazareth,
1632 3661 1782 3715 quem
1837 3645 1989 3697 unxit

414 3741 556 3798 Deus
611 3740 815 3811 Spiritu
841 3749 1025 3796 sancto
1054 3741 1121 3793 ⁸⁷.
1167 3739 1432 3810 Deinceps
1478 3738 1659 3793 omnis
1686 3738 1830 3792 actio
1855 3753 1990 3806 prae-

415 3843 575 3893 sente
617 3833 843 3904 Spiritu
911 3832 1292 3904 peragebatur.
1348 3831 1446 3885 llic
1504 3845 1747 3901 praesens
1803 3829 1992 3884 aderat

413 3941 544 3982 cum
597 3933 654 3980 et
691 3939 724 3978 a
772 3923 991 3978 diabolo
1031 3929 1355 3976 tentaretur.
1400 3919 1668 3974 Deductus
1707 3928 1788 3972 est
1816 3919 1984 3981 enim,

414 4017 622 4088 inquit,
672 4015 832 4071 Jesus
872 4033 906 4069 a
957 4013 1161 4083 Spiritu
1214 4015 1269 4066 in
1310 4012 1572 4066 desertum
1605 4051 1620 4076 ,
1660 4020 1718 4064 ut
1759 4019 1990 4064 tentare-

416 4110 580 4164 tur“.
621 4107 758 4164 Tum
804 4107 988 4163 edenti
1046 4105 1313 4160 miracula
1351 4105 1624 4159 indivulse
1662 4103 1875 4157 aderat.
1928 4100 1988 4156 Si

411 4203 555 4256 enim
589 4216 704 4270 ego,
743 4199 946 4269 inquit,
988 4199 1040 4252 in
1082 4197 1289 4266 Spiritu
1321 4196 1420 4250 Dei
1460 4197 1613 4265 ejicio
1651 4192 1985 4248 dwmonia“.

411 4293 527 4350 Nec
563 4292 804 4348 deseruit
835 4292 1132 4346 excitatum
1177 4305 1208 4342 a
1249 4289 1500 4345 mortuis.
1544 4287 1808 4342 Dominus
1840 4286 1986 4340 enim

414 4399 687 4440 renovans
720 4383 829 4454 34
847 4382 1148 4444 hominem,
1186 4382 1348 4450 eique
1382 4381 1578 4434 iterum
1608 4376 1840 4432 reddens
1861 4389 1986 4445 gra-

412 4480 585 4544 tiam,
643 4491 807 4547 quam
871 4492 937 4530 ex
989 4473 1167 4527 aﬁlatu
1209 4471 1306 4527 Dei
1360 4477 1640 4540 acceptam
1688 4469 1982 4531 amiserat,

2093 3286 2389 3358 παρουσίαν
2417 3283 2842 3356 οίκονομηθέντα
2861 3298 2874 3311 ⁸
2907 3279 2996 3334 διὰ
3017 3277 3109 3332 τοῦ
3144 3276 3284 3330 Πνεύ
3295 3292 3484 3347 ματος.
3516 3273 3682 3344 Πρὼ-

2089 3393 2179 3430 τον
2227 3377 2325 3446 μὲν
2375 3375 2482 3446 γὰρ
2537 3375 2675 3445 αὐτῇ
2729 3375 2797 3444 τῇ
2845 3371 3009 3441 σαρκὶ
3068 3368 3163 3422 τοῦ
3216 3367 3423 3438 Κυρίου
3488 3365 3679 3434 συνῆν,

2092 3468 2303 3540 χρίσμα
2344 3466 2656 3538 γενόμενον,
2707 3466 2801 3518 καὶ
2851 3461 3172 3534 ἀχωρίστως
3217 3457 3390 3530 παρόν
3437 3455 3577 3510 κατὰ
3617 3455 3682 3509 τὸ

2089 3560 2493 3632 γεγραμμένον·
2523 3559 2642 3627 Ἐφ’
2669 3557 2742 3610 ὃν
2767 3557 2844 3611 ἂν
2879 3555 3014 3624 ἴδῃς
3041 3553 3107 3607 τὸ
3131 3551 3368 3620 Πνεῦμα
3401 3543 3683 3602 καταϐαῖ.

2090 3668 2220 3716 νον,
2273 3650 2371 3704 καὶ
2412 3651 2601 3720 μένον
2638 3649 2730 3703 ἐπ’
2782 3647 2990 3712 αὐτόν,
3037 3641 3216 3712 οὗτός
3263 3643 3434 3696 ἐστιν
3467 3645 3499 3695 ό
3544 3643 3681 3707 Υἱός

2085 3747 2252 3811 μουό
2283 3743 2592 3812 ἀγαπητός
2614 3760 2629 3772 ο
2665 3742 2780 3808 καὶ,
2831 3741 3076 3810 Ἰησοῦν
3110 3739 3218 3793 τὸν
3250 3736 3368 3792 ἀπὸ
3390 3734 3680 3803 Ναζαρὲτ,

2091 3834 2162 3886 ὃν
2187 3833 2432 3902 ἔχρισεν
2453 3839 2485 3888 ὀ
2517 3834 2660 3901 θεὸς
2691 3834 2771 3900 τῷ
2804 3834 3106 3902 Πνεύματι
3135 3829 3214 3896 τῷ
3242 3830 3406 3899 ἁγίῳ.
3447 3829 3682 3881 Ἔπειτα

2090 3926 2238 3978 πᾶσα
2284 3925 2535 3996 ἐνέργεια
2585 3926 2965 3996 συμπαρόντος
2999 3923 3095 3977 τοῦ
3146 3922 3465 3993 Πνεύματος
3509 3924 3679 3993 ἐνηρ-

2089 4020 2254 4084 γεῖτο.
2307 4019 2477 4072 Τοῦτο
2536 4019 2630 4073 καὶ
2689 4019 2795 4074 ὑπὸ
2846 4019 2939 4072 τοῦ
2994 4018 3243 4072 διαϐόλου
3294 4017 3678 4089 πειραζομένῳ

2088 4109 2288 4179 παρῆν.
2337 4109 2596 4177 Ἀνήχθη
2639 4111 2766 4184 γὰρ,
2817 4112 3003 4182 φησὶν,
3038 4114 3071 4164 ὀ
3139 4110 3368 4178 Ἰησοῦς
3403 4111 3521 4166 ὑπὸ
3564 4111 3676 4166 τοῦ

2089 4199 2434 4266 Πνεύματος
2505 4205 2595 4268 εὶς
2644 4201 2759 4268 τὴν
2805 4201 3029 4269 ἔρημον
3091 4201 3198 4255 τοῦ
3258 4198 3675 4268 πειρασθῆναι.

2088 4289 2197 4341 Κοιί
2215 4289 2521 4360 ὲνεργοῦντι
2543 4293 2640 4356 τὰς
2655 4293 2911 4362 δυνάμεις
2929 4293 3250 4364 άχιυρίστως
3276 4295 3440 4364 συνῆν
3456 4293 3588 4364 (9.0).
3603 4295 3680 4348 El

2086 4383 2197 4450 γὰρ
2235 4381 2385 4451 ἐγὼ,
2429 4385 2612 4456 φησὶν,
2644 4387 2712 4438 ἐν
2757 4385 3055 4454 Πνεύματι
3102 4385 3248 4438 Θεοῦ
3294 4385 3569 4440 ἐκϐάλλω
3600 4387 3679 4441 τὰ

2087 4472 2393 4542 δαιμόνια·
2445 4476 2540 4530 καὶ
2592 4479 2656 4530 ὲκ
2687 4477 2895 4547 νεκρῶν
2931 4475 3262 4539 ἀναστάντος
3308 4477 3408 4529 οὐκ
3454 4477 3680 4530 ἀπελεί-

414 4581 541 4622 cum
602 4545 925 4635 iitspirasset
987 4562 1044 4617 in
1114 4561 1307 4616 faciem
1365 4558 1794 4629 discipulorum,
1856 4557 1985 4626 quid

2097 4578 2243 4614 πετο.
2303 4564 2690 4630 Ἀνακαινίςων
2742 4545 2850 4636 γάρ
2901 4565 2990 4619 τὸν
3033 4565 3317 4636 ἄνθρωπον
3367 4569 3395 4618 ὁ
3444 4568 3674 4638 Κύριος,

414 4657 534 4714 ait?
598 4655 826 4726 Accipite
890 4653 1150 4722 Spiritum
1206 4662 1466 4705 sanctum.
1546 4648 1986 4718 Quorumcunque

412 4750 722 4805 remiseritis
760 4757 976 4817 peccata
1005 4785 1021 4810 ,
1063 4746 1405 4799 remittuntur
1439 4758 1458 4806 ,'
1520 4751 1570 4795 et
1630 4756 1987 4810 quorumcun-

411 4859 510 4912 que
560 4841 885 4897 minueritis
916 4879 932 4905 ,
973 4846 1178 4893 retenta
1213 4844 1336 4892 sunt
1363 4836 1429 4890 ⁷ο.
1470 4834 1589 4888 Jam
1627 4847 1758 4888 vero
1798 4832 1986 4886 Eccle-

412 4934 510 4989 siae
549 4934 684 4989 ordo
740 4939 795 4988 et
863 4930 1190 5002 gubernatio
1256 4943 1438 4982 nonne
1508 4927 1685 4996 palam
1736 4933 1791 4980 et
1840 4924 1981 4978 citra

483 5046 528 5076 "
562 5047 661 5099 lsa.
704 5061 782 5110 γι,
821 5045 875 5100 5.
951 5043 997 5075 “
1029 5041 1189 5098 Joan.
1226 5057 1265 5105 ι,
1305 5040 1394 5097 ⁸55.
1504 5039 1545 5069 ⁸⁷
1588 5039 1712 5092 Act.
1756 5053 1810 5104 κ,
1851 5037 1942 5091 58.

411 5114 482 5169 22
496 5155 512 5180 ,
551 5116 640 5169 25.

477 5266 593 5339 (16)
629 5268 727 5339 Μὴ
755 5264 1221 5339 παρόντοςε-Βιιο
1252 5261 1408 5333 Regii
1448 5261 1663 5339 codices
1695 5259 1978 5339 cum‘Col-

408 5332 554 5410 hert.
575 5332 664 5408 ’μὴ
692 5332 1195 5410 παρέχοντοςὲίῖθε.
1219 5332 1445 5410 quartus
1577 5332 1974 5410 συμπαρόντος.

478 5401 601 5479 (17)
628 5401 1324 5479 ΣυνέργνὲίαςέΝοιιίιῐιίιιο
1370 5405 1424 5479 in
1471 5401 1632 5479 editis
1677 5401 1973 5472 ἐνεργείας.

413 5472 523 5535 Sed
555 5472 652 5534 sex
677 5472 926 5532 codicum
956 5472 1254 5531 auctoritas
1283 5472 1640 5544 praeferenda.

481 5549 593 5619 (18)
623 5549 1152 5619 Λειτορργούιτων.
1184 5541 1326 5619 Editi
1355 5541 1976 5619 dpxuwélwviet‘roup:

410 5611 632 5688 γοῦντες
678 5611 845 5686 αὐτῷζ
875 5611 1120 5672 Ὀοὰἱοθε
1155 5625 1215 5688 ut
1267 5616 1324 5669 in
1355 5611 1633 5688 con—textu,
1672 5611 1786 5688 nisi
1829 5611 1975 5680 quad

411 5683 556 5745 unus
580 5689 737 5760 habet
763 5683 1131 5760 άρχαγγέλων.
1172 5685 1303 5760 Non
1321 5686 1490 5760 multo
1522 5692 1648 5760 post
1669 5683 1863 5760 iisdem
1889 5698 1975 5735 co-

406 5761 623 5818 dicibus
655 5759 778 5815 freti
804 5752 1139 5815 mutavimus
1163 5757 1306 5815 quod
1328 5764 1444 5813 erat
1470 5752 1539 5810 in,
1554 5753 1715 5811 editis
1738 5752 1976 5824 λειτουρ-

2055 5035 2100 5070 ⁶⁸
2139 5039 2328 5096 Mattb.
2369 5060 2438 5106 IV,
2478 5044 2530 5097 1.

2091 4654 2184 4705 καὶ
2226 4655 2292 4724 ἢν
2351 4655 2598 4710 ἀπώλεσε
2652 4657 2811 4730 χάριν
2865 4659 2931 4710 ἐκ
2979 4656 3072 4710 τοῦ
3131 4659 3524 4730 ὲμςρυσήματος
3575 4660 3677 4715 τοῦ

2088 4743 2258 4810 Θεοῦ,
2310 4747 2512 4819 ταύτην
2566 4747 2728 4801 πάλιν
2783 4747 3084 4813 ἀποδιδοὺς,
3137 4750 3461 4819 ἐμφυσήσας
3511 4751 3590 4811 εἰς
3612 4750 3677 4803 τὸ

2093 4838 2374 4907 πρόσωπον
2407 4839 2515 4894 τῶν
2558 4840 2842 4917 μαθητῶν,
2875 4839 2927 4893 τί
2955 4858 3117 4912 φησις
3163 4842 3384 4895 Λάϐετε
3424 4841 3675 4910 Πνεῦμα

2084 4926 2274 4994 ἅγιον.
2313 4932 2422 4985 Ἀν-
2438 4948 2617 5004 τινων
2638 4930 2752 5002 (21)
2773 4929 2964 5000 ἀφῆτε
2993 4932 3100 4996 τὰς
3129 4931 3439 5000 ἁμαρτίας,
3467 4934 3676 5000 ἀφίεν-

2608 5046 2652 5076 ⁶⁹
2693 5043 2883 5098 Matth.
2927 5061 3002 5098 xu
3028 5084 3044 5108 ,
3083 5043 3174 5098 28.
3266 5044 3313 5077 "°
3354 5042 3513 5097 Joan.
3563 5062 3628 5098 rx
3654 5086 3671 5107 ,

2080 5260 2231 5331 ﬂat;
2247 5268 2315 5331 ret
2341 5260 2403 5330 δη
2414 5278 2536 5331 μιου
2546 5261 2743 5331 ργίαις.

2154 5330 2277 5402 (19)
2301 5327 2425 5402 1έοῦ⁷
2440 5327 2608 5385 Θεοῦ,
2645 5332 2867 5386 Addunt
2893 5331 3021 5387 editi
3065 5332 3160 5385 καὶ
3191 5332 3425 5402 Πατρός,
3473 5339 3527 5386 et
3571 5327 3670 5387 οὖν

2081 5401 2454 5480 πισοβούλει,
2481 5410 2533 5480 et
2579 5404 2741 5480 paulo
2772 5411 2896 5473 post
2931 5403 3094 5480 iidem
3130 5401 3330 5480 habent
3365 5403 3670 5473 παρουσίαν

2081 5471 2173 5524 τοῦ
2201 5471 2458 5541 Χριστοῦ.
2484 5473 2714 5526 Codices
2748 5471 2880 5528 mss.
2915 5480 2973 5525 ut
3012 5474 3068 5524 in
3099 5479 3375 5526 contextu.

2153 5541 2264 5610 (‘20)
2290 5541 2516 5608 Eva-ﬁta
2557 5541 2647 5596 Sic
2693 5559 2826 5597 mss.
2857 5542 3119 5596 codices:
3171 5541 3299 5595 editi
3346 5541 3665 5612 συμπαρῆν,

2155 5612 2266 5683 (⁸2.1)
2305 5614 2418 5666 ’Ἂν
2461 5630 2656 5666 τινων.
2707 5612 2850 5665 Editi
2911 5613 3006 5664 ἐάν
3054 5628 3238 5683 τινων,
3275 5613 3438 5680 idque
3479 5615 3666 5666 statim

2081 5681 2354 5751 repetunt,
2386 5692 2439 5737 et
2465 5685 2624 5751 paulo
2651 5693 2772 5752 post
2797 5683 3003 5737 habent
3030 5683 3085 5733 αἱ
3110 5681 3493 5752 διακοσμήσεις
3523 5683 3668 5752 evap-

2082 5754 2322 5822 γούκιτπι.
2360 5755 2543 5810 Srcuti
2591 5751 2781 5810 sanius
2818 5755 2874 5808 in
2927 5760 3184 5806 contequ
3232 5751 3373 5808 mss.
3419 5751 3665 5810 codices-
