3972 6218
278 369 368 423 ιιι

1334 368 1539 424 LIBER
1576 370 1665 425 DE
1705 368 1975 426 SPlRlTU
2019 371 2305 433 SANCTO.

3418 384 3521 441 ηε

274 498 391 535 τοι·
418 480 515 534 καί
534 481 617 535 ἄν
635 498 813 534 τινων
835 480 1108 551 κρατῆτε,
1134 480 1544 550 κεκράτηνται·
1581 482 1644 536 Ἡ
1663 482 1721 536 δὲ
1752 484 1847 555 τῆς

1951 486 2442 543 contradictionem
2519 505 2615 559 per
2670 491 2934 563 Spiritum
3002 506 3254 552 sanctum
3305 514 3522 570 peragi-

287 572 610 643 Ἐκκλησίας
638 572 996 645 διακόσμησις
1035 574 1152 643 οὐχὶ
1181 573 1370 643 σαφῶς
1404 575 1500 628 καὶ
1528 575 1853 647 ἀναντιρῤή-

274 681 375 728 τως
420 665 511 718 διὰ
560 664 665 718 τοῦ
725 665 1038 736 Πνεύματος
1090 667 1426 737 ὲνεργεῖται;
1499 667 1691 733 Αὐτὸς
1740 667 1849 739 γὰρ

272 751 468 816 ἔδωκε,
511 755 680 824 φησὶ,
708 753 785 821 τῇ
822 755 1157 823 Ἐκκλησία
1179 753 1417 822 πρῶτον
1441 757 1847 824 ἀποστόλους,

270 842 550 912 δεύτερον
585 844 921 913 προφήτας,
948 846 1146 914 τρίτον
1182 845 1609 914 διδασκάλους,
1648 849 1853 913 ἔπειτα

270 932 574 1003 δυνάμεις,
626 934 833 988 ἔπειτα
880 937 1219 1004 χαρίσματα
1262 936 1522 1006 ἰαμάτων
1544 979 1560 1005 ,
1604 940 1850 1009 ἀντιλή-

270 1028 421 1095 ψεις,
454 1025 879 1095 κυϐερνήσεις,
914 1026 1057 1096 γένη
1110 1028 1409 1096 γλωσσῶν
1432 1068 1446 1082 .
1491 1029 1641 1102 Αὕτη
1683 1032 1789 1102 γὰρ
1817 1035 1851 1103 ἡ

270 1115 416 1180 τάξις
446 1117 596 1172 κατὰ
622 1118 723 1188 τὴν
749 1118 1011 1189 διαίρεσιν
1038 1118 1146 1174 τῶν
1177 1122 1240 1173 ἐκ
1265 1120 1357 1174 τοῦ
1397 1121 1715 1193 Πνεῦματος
1747 1123 1850 1177 δω-

272 1206 404 1277 ρεῶν
432 1209 815 1263 διατέτακται.

333 1319 420 1373 40.
457 1320 632 1391 Εὖροι
664 1321 722 1375 δὲ
751 1321 818 1375 ἄν
842 1339 947 1385 τις,
976 1323 1217 1393 ἀκριϐῶς
1238 1323 1607 1395 λογιζόμενος.
1645 1327 1739 1381 καὶ
1761 1329 1852 1382 ἐπὶ

270 1410 357 1464 τοῦ
378 1411 574 1482 καιροῦ
602 1413 713 1482 τῆς
730 1413 1186 1484 προσδοκωμένης
1209 1415 1532 1484 ἐπιφανείας
1561 1418 1656 1488 τῆς
1678 1417 1739 1483 ἐξ
1762 1421 1853 1472 οὑ-

272 1502 441 1573 ρανῶν
469 1500 569 1556 τοῦ
598 1504 813 1574 Κυρίου
836 1503 912 1575 μὴ
938 1504 1225 1568 ἀσυντελὲς
1256 1507 1318 1559 τὸ
1348 1506 1576 1577 Πνεῦμα
1592 1508 1654 1560 τὸ
1675 1509 1849 1578 ἅγιον,

269 1595 339 1658 ὥς
365 1611 505 1658 τινες
528 1593 774 1647 οῖονταν
803 1594 938 1648 ἀλλὰ
978 1597 1355 1667 συμπαρέσται
1399 1599 1508 1669 (22)
1561 1601 1656 1653 καὶ
1697 1602 1755 1655 ὲν
1781 1606 1849 1675 τῇ

271 1683 443 1755 ἡμέρᾳ
457 1684 561 1753 τῆς
590 1683 995 1755 ἀποκαλύψεως
1019 1684 1207 1750 αὐτοῦ,
1227 1686 1348 1740 καθ’
1377 1687 1443 1758 ἣν
1464 1693 1640 1759 κρινεῖ
1655 1691 1752 1763 τὴν
1770 1695 1851 1745 oi-

269 1775 532 1846 κουμὲνην
580 1776 646 1827 ὲν
686 1774 1003 1850 δικαιοσύνῃ
1040 1777 1070 1829 ὁ
1114 1777 1383 1849 μακάριος
1425 1780 1520 1833 καὶ
1553 1781 1716 1851 μόνος
1757 1782 1849 1835 δυ-

269 1868 480 1939 νάστης.
525 1871 629 1934 Τίς
669 1869 779 1941 γὰρ
814 1870 989 1935 οὕτως
1026 1872 1257 1943 ἀνήκοος
1288 1873 1398 1927 τῶν
1429 1875 1850 1946 ἡτοιμασμένων

269 1961 410 2035 παρὰ
436 1961 574 2015 Θεοῦ
609 1963 836 2032 ἀγαθῶν
880 1966 991 2027 τοῖς
1032 1963 1224 2029 ἀξίοις,
1252 1966 1329 2029 ὡς
1357 1967 1593 2035 ἀγνοεῖν,
1634 1969 1717 2022 ὅτι
1755 1970 1849 2023 καὶ

267 2050 369 2103 τῶν
385 2051 610 2106 δικαίων
642 2055 675 2107 ὁ
706 2053 971 2123 στέφανος
997 2054 1144 2125 ἡτοῦ
1178 2055 1493 2126 Πνεῦματός
1530 2060 1647 2110 ἐστι
1665 2058 1846 2131 χάρις,

267 2140 631 2213 δαψιλεστέρα
678 2144 799 2198 τάδε
836 2145 931 2198 καὶ¹
972 2145 1278 2219 τελεωτέρα
1303 2148 1673 2220 παρεχομένη,
1707 2149 1851 2205 κατά

267 2231 357 2303 τὴν
376 2233 678 2303 ἀναλογίαν
694 2233 805 2287 τῶν
826 2234 1139 2307 ἀνδραγαθη
1150 2237 1334 2307 μάτων
1357 2238 1457 2307 τῆς
1473 2239 1849 2310 πνευματικῆς

267 2322 413 2394 δόξης
445 2324 852 2397 διανεμομένης
890 2327 1143 2397 ἐκάστῳ;
1202 2330 1289 2381 Ἐν
1322 2329 1429 2401 γάρ
1451 2333 1574 2394 ταῖς
1605 2331 1850 2404 λαμπρά-

270 2433 387 2488 τησι
416 2417 527 2471 τῶν
556 2418 739 2487 ἁγίων
773 2420 931 2489 μοναὶ
960 2420 1153 2474 πολλαὶ
1175 2420 1325 2492 παρὰ
1345 2421 1424 2492 τῷ
1452 2423 1627 2495 Πατρί
1646 2441 1660 2454 ·
1691 2443 1849 2480 τουτ-

270 2507 424 2572 έστιν,
449 2509 789 2581 ἀξιωμάτων
821 2510 1093 2582 διαφοραί.
1139 2513 1232 2579 Ὡς
1251 2513 1359 2583 γὰρ
1378 2515 1575 2584 ἀστὴρ
1595 2518 1850 2587 ἀστέρος

270 2597 521 2669 διαφέρει
583 2602 664 2655 ἐν
691 2600 863 2671 δόξῃ,
905 2602 1059 2655 οὕτω
1091 2601 1193 2655 καί
1241 2604 1279 2671 ἠ
1343 2603 1680 2672 ἀνάστασις
1730 2607 1850 2662 τῶν

267 2689 503 2758 νεκρῶν.
536 2693 606 2746 Οἱ
640 2692 821 2746 τοίνυν
884 2693 1311 2764 σφραγισθέντες
1349 2696 1429 2767 τῷ
1459 2699 1737 2770 Πνεύματι
1770 2702 1848 2774 τῷ

269 2779 399 2851 ἁγίῳ
421 2784 503 2847 είς
529 2783 756 2855 ἡμέραν
784 2784 1231 2857 ἀπολυτρώσεως,
1252 2788 1349 2840 καὶ
1377 2789 1443 2859 ἢν
1467 2789 1660 2846 ἔλαϐον
1677 2793 1850 2866 ἀιπαρ⁸

268 2872 361 2942 χὴν
384 2873 476 2927 τοῦ
509 2874 838 2947 Πνεύματος
872 2876 983 2946 (25)
1012 2876 1268 2947 ἀκέραιον
1293 2879 1388 2931 καὶ
1429 2881 1701 2950 ἀμείωτον
1729 2884 1848 2938 δια-

271 2962 552 3031 σώσαντες,
569 2961 723 3021 οὗτοί
739 2969 874 3021 εἰσιν
892 2970 942 3021 οἱ
966 2968 1289 3032 ἀκούσοντες
1304 2985 1318 2998 ·
1341 2967 1449 3035 Εὖ,
1469 2971 1651 3029 δοῦλε
1666 2977 1849 3046 ἀγαθὲ

269 3053 359 3107 καί
409 3057 618 3123 mare,
654 3056 757 3111 ἐπὶ
806 3058 982 3127 ὀλίγα
1004 3055 1080 3128 ἧς
1102 3059 1339 3126 πιστὸς,
1369 3060 1469 3115 ἐπὶ
1505 3065 1752 3120 πολλῶν
1773 3081 1850 3122 σε

269 3146 650 3213 καταστήσω.
684 3148 918 3219 Ὁμοίως
933 3148 988 3202 δὲ
1009 3150 1103 3204 καὶ
1116 3151 1166 3203 οί
1191 3150 1529 3224 λυπήσαντες
1550 3156 1612 3208 τὸ
1624 3158 1849 3229 Πνεῦμα

270 3237 326 3290 τὸ
350 3236 499 3308 ἅγιον
522 3241 596 3310 τῇ
632 3239 868 3311 πονηρίᾳ
891 3240 1000 3293 τῶν
1036 3242 1483 3315 ἐπιτηδευμάτων
1505 3244 1705 3305 αὐτῶν,
1733 3243 1766 3316 ἢ
1796 3246 1845 3298 οἱ

274 3328 341 3401 μὴ
398 3332 849 3402 ὲπεργασάμενοι
906 3332 986 3403 τῷ
1031 3332 1273 3399 δοθέντι,
1325 3336 1783 3407 ἀφαιρεθήσονται
1818 3335 1849 3390 ὃ

271 3420 563 3493 εἰλήφασιν,
606 3423 692 3485 είς
739 3422 961 3495 ἑτέρους
998 3424 1428 3498 μετατιθεμένης
1452 3427 1552 3498 τῆς
1588 3428 1844 3499 χάριτοςο

270 3508 322 3581 ἦ,
354 3511 495 3567 κατά
538 3528 670 3564 τινα
711 3511 820 3567 τῶν
863 3512 1290 3582 εὐαγγελιστῶν,
1338 3515 1434 3569 καὶ
1490 3514 1849 3587 διχοτομηθή-

274 3616 443 3653 σονται
496 3600 818 3665 παντελῶς·
867 3603 966 3674 τῆς
1012 3604 1321 3676 διχοτομίας
1370 3607 1667 3677 νοουμένης
1708 3607 1850 3662 κατὰ

270 3689 361 3761 τὴν
385 3694 463 3755 είς
490 3694 554 3746 τὸ
572 3693 841 3758 παντελὲς
867 3694 976 3747 ἀπὸ
1001 3694 1098 3747 τοῦ
1131 3696 1272 3749 Πνεύ
1280 3714 1448 3768 ματος
1469 3697 1844 3769 ἀλλοτρίωσιν.

273 3781 400 3835 Οὔτε
426 3784 536 3854 γὰρ
560 3782 729 3854 σῶμα
760 3784 1069 3855 διαιρεῖται,
1122 3786 1198 3851 ὡς
1229 3787 1291 3840 τὸ
1329 3789 1425 3858 μὲν
1458 3789 1847 3860 παραδίδοσθαι

274 3875 334 3944 τῇ
358 3874 602 3941 κολάσει,
632 3875 695 3928 τὸ
745 3876 804 3929 δὲ
841 3877 1095 3947 ἀφίεσθαι
1125 3894 1140 3909 ·
1176 3878 1406 3949 μυθικὸν
1432 3881 1543 3952 γὰρ
1568 3880 1726 3934 τοῦτό
1758 3898 1843 3950 γε,

274 3965 363 4017 καὶ
403 3966 464 4018 οὐ
518 3964 670 4020 κατὰ
695 3964 903 4020 δίκαιον
936 3967 1151 4039 κριτὴν,
1184 3967 1305 4022 ὅλου
1347 3971 1747 4043 ἡμαρτηκότος,
1787 3975 1847 4041 ἐξ

274 4055 518 4125 ἡμισείας
557 4053 704 4110 εἶναι
741 4057 840 4128 τὴν
880 4057 1101 4112 κόλασιν
1124 4077 1135 4088 ·
1178 4058 1302 4113 οὔτε
1331 4060 1476 4133 ψυχὴ
1501 4062 1624 4133 διχῆ
1651 4064 1846 4135 τέμνε-

275 4164 360 4204 ται
392 4150 503 4220 (24)
522 4192 540 4218 ,
573 4150 673 4222 ὅλη
696 4151 763 4204 δι’
793 4151 914 4205 ὅλου
938 4152 999 4205 τὸ
1029 4152 1351 4225 ἁμαρτωλὸν
1379 4155 1631 4227 φρόνημα
1651 4173 1849 4229 κεκτη-

280 4239 427 4311 μένη,
455 4243 555 4295 καὶ
610 4242 1160 4315 συγκατεργαζομένη
1210 4234 1291 4314 τῷ
1327 4243 1539 4317 σώματι
1565 4246 1626 4299 τὸ
1654 4247 1844 4303 κακόν.

287 4330 439 4386 ’Δλλά
460 4333 767 4404 διχοτομία,
790 4332 977 4405 ὥσπερ
1007 4333 1163 4406 ἔφην,
1198 4337 1233 4407 ἡ
1261 4336 1371 4389 ἀπὸ
1397 4336 1489 4390 τοῦ
1522 4337 1847 4409 Πνεύματος

278 4422 352 4484 είς
374 4422 434 4475 τὸ
457 4424 711 4495 διηνεκὲς
735 4425 835 4495 τῆς
858 4423 1038 4495 ψυχῆς
1065 4424 1429 4498 ἀλλοτρίωσις.
1456 4428 1570 4482 Νῦν
1587 4428 1687 4499 μὲν
1715 4429 1848 4500 γὰρ,

280 4513 326 4564 εί
340 4512 429 4565 καὶ
452 4514 528 4586 μὴ
556 4513 930 4582 ἀνακέκραται
950 4516 1065 4579 τοῖς
1096 4514 1355 4582 ἀναξίοις,
1379 4514 1494 4569 ἀλλ’
1527 4512 1620 4570 οὖν
1653 4521 1848 4589 παρεῖ-

1881 1919 1922 1973 Β

1873 3276 1916 3335 C

1952 579 2087 632 tur?
2132 577 2254 646 Ipse
2292 581 2465 643 enim,
2509 582 2725 653 inquit,
2778 584 2925 641 dedit
2983 587 3238 645 Ecclesia:
3288 592 3521 662 primum

1952 671 2218 739 apostolos
2243 714 2260 737 ,
2299 674 2487 729 deinde
2535 680 2852 749 prophetas,
2915 685 3067 739 tertio
3117 685 3362 741 doctores
3394 705 3412 742 :
3453 686 3524 741 ad

1950 763 2060 817 lucc
2096 765 2334 831 virtutes,
2373 778 2629 837 pratterea
2665 772 2807 827 dona
2848 778 3210 841 sanationum,
3258 779 3520 842 subsidia,

1950 855 2399 925 gubernationes,
2491 878 2683 931 genera
2752 866 3149 937 linguarum".
3220 870 3320 924 Hic
3374 874 3522 927 enim

1952 946 2087 1002 ordo
2121 948 2277 1017 juxta
2320 950 2764 1039 distributionem
2810 957 3079 1013 donorum
3147 960 3387 1032 Spiritus
3441 964 3522 1018 di-

1952 1047 2138 1110 gestus
2163 1050 2249 1097 est

2021 1316 2114 1373 41).
2147 1318 2312 1385 Quin,
2351 1319 2398 1374 si
2433 1321 2557 1390 quis
2594 1324 2910 1380 accuratius
2938 1327 3272 1395 perpendat,
3305 1345 3526 1401 compc-

1952 1410 2075 1470 riet,
2117 1425 2184 1464 ne
2221 1411 2284 1464 in
2339 1419 2584 1481 tempore
2619 1414 2841 1483 quidem
2902 1417 3017 1481 illo,
3071 1435 3182 1488 quo
3209 1434 3524 1491 exspectata

1950 1500 2167 1556 Domini
2221 1504 2491 1573 apparitio
2529 1505 2619 1560 [iet
2641 1507 2710 1561 de
2749 1508 2924 1575 ctelo,
2971 1511 3209 1566 otiosum
3250 1513 3366 1570 fore
3407 1514 3526 1587 Spi-

1951 1592 2117 1646 ritum
2163 1605 2416 1649 sauctum
2452 1637 2466 1660 ,
2510 1604 2568 1650 ut
2596 1598 2818 1668 quidam
2880 1602 3215 1660 arbitrantur
3257 1623 3271 1658 :
3314 1608 3407 1662 sed
3455 1610 3526 1665 si-

1950 1684 2065 1737 mul
2116 1684 2294 1739 aderit
2337 1687 2393 1740 in
2448 1688 2546 1741 illo
2593 1674 2758 1743 etiam
2799 1690 2889 1746 die
2943 1694 3292 1752 revelationis
3330 1697 3521 1762 illius.

1951 1791 2061 1845 quo
2111 1776 2465 1846 judicaturus
2506 1788 2594 1836 est
2646 1782 2835 1837 orbem
2887 1791 3164 1841 terrarum
3215 1788 3271 1843 in
3308 1791 3523 1859 justitia

1951 1867 2043 1922 ille
2079 1868 2271 1925 beatus
2301 1877 2357 1924 et
2378 1871 2530 1926 solus
2571 1885 2787 1942 pomus.
2856 1875 2991 1942 Quis
3021 1878 3167 1933 enim
3211 1881 3347 1936 adeo
3377 1883 3526 1953 igna-

1950 1971 2046 2010 rus
2090 1965 2175 2013 est
2222 1958 2491 2013 bonorum
2519 2005 2533 2029 ,
2593 1977 2715 2032 quae
2760 1963 2904 2022 Deus
2947 1972 3275 2038 praeparavit
3316 1973 3520 2043 dignis,

1950 2053 2009 2099 ut
2029 2046 2240 2102 nesciat
2257 2049 2533 2117 justorum
2557 2067 2818 2109 coronam
2843 2071 2966 2112 esse
2997 2057 3235 2128 Spiritus
3266 2065 3524 2131 gratiam,

1948 2150 2071 2206 quas
2110 2138 2316 2208 largius
2359 2151 2490 2194 tunc
2522 2143 2928 2216 perfectiusque
2970 2149 3222 2217 dabitur,
3254 2153 3525 2222 spirituali

1947 2228 2123 2298 gloria
2149 2230 2348 2299 cuique
2376 2247 2477 2301 pro
2499 2241 2647 2288 recte
2681 2236 2851 2306 gestis
2879 2238 3172 2295 distributa
3200 2260 3215 2295 :
3250 2240 3308 2297 In
3336 2245 3524 2314 splen-

1946 2318 2176 2375 doribus
2224 2320 2372 2375 enim
2424 2331 2739 2380 sanctorum
2792 2329 3107 2387 mansiones
3156 2333 3342 2388 multae
3394 2342 3528 2390 sunt

1948 2408 2092 2478 apud
2117 2408 2333 2467 Patrem
2346 2413 2391 2445 ⁷²
2410 2454 2425 2480 ,
2444 2414 2549 2469 hoc
2575 2422 2681 2484 est,
2700 2417 2980 2488 dignitatis
3000 2421 3339 2479 discrimina.
3376 2425 3523 2482 Sicut

1947 2499 2087 2553 enim
2112 2501 2269 2557 stella
2299 2520 2334 2557 α
2370 2504 2527 2561 stella
2551 2506 2732 2578 di/fert
2765 2511 2820 2563 in
2862 2512 3135 2581 claritate,
3166 2516 3242 2569 ita
3269 2529 3318 2571 et
3348 2534 3526 2572 resur—

1948 2592 2112 2646 restio
2166 2604 2497 2651 mortuorum
2522 2599 2591 2655 ⁷³.
2647 2598 2838 2673 Itaque
2887 2606 2981 2673 qui
3031 2608 3337 2679 consignati
3395 2620 3525 2668 sunt

1951 2681 2157 2752 Spiritu
2191 2696 2385 2742 sancto
2405 2688 2463 2742 in
2495 2689 2642 2745 diem
2667 2694 3081 2763 redemptionis.
3115 2701 3317 2770 quique
3347 2701 3525 2771 Spiri-

1946 2780 2037 2827 tus
2066 2775 2356 2843 primitias,
2380 2793 2517 2848 quas
2538 2795 2819 2852 accepere,
2849 2800 3017 2855 puras
3042 2796 3095 2840 et
3121 2789 3365 2862 integras
3399 2808 3521 2849 scr-

1947 2867 2222 2930 vaverint,
2256 2869 2295 2924 ii
2327 2883 2455 2926 sunt
2481 2874 2577 2942 qui
2608 2876 2873 2932 audient:
2916 2877 3080 2950 Euge,
3114 2897 3258 2937 serve
3301 2887 3431 2939 bona
3470 2897 3525 2941 et

1948 2957 2125 3028 ﬁdelis
2151 3000 2166 3024 ,
2212 2978 2368 3031 super
2401 2982 2574 3035 pauca
2608 2969 2763 3036 fuisti
2804 2970 2981 3039 ﬁdelis
3003 3013 3019 3038 ,
3067 2989 3226 3042 super
3268 2978 3441 3032 multa
3475 2990 3526 3037 ιε

1949 3053 2269 3107 constituam
2300 3058 2366 3109 τι.
2399 3055 2665 3114 Similiter
2696 3069 2750 3117 et
2783 3064 2877 3132 qui
2908 3067 3358 3126 contristaverint
3400 3071 3525 3145 Spi-

1947 3145 2115 3199 ritum
2159 3155 2408 3203 sanctum
2458 3152 2725 3221 pravitate
2766 3157 3074 3214 studiorum
3122 3176 3347 3218 suorum
3373 3206 3390 3233 ,
3430 3176 3526 3222 aut

1948 3237 2042 3305 qui
2070 3252 2179 3292 non
2205 3236 2434 3295 fecerint
2464 3241 2679 3299 lui-rum
2705 3261 2736 3301 e
2767 3255 2915 3305 sorte
2938 3249 3084 3317 data,
3114 3254 3185 3309 ab
3216 3256 3285 3314 iis
3310 3258 3527 3316 aufere-

1949 3335 2039 3382 tur
2061 3328 2115 3384 id
2142 3331 2290 3400 quod
2318 3344 2671 3404 acceperunt,
2696 3337 2964 3396 beneﬂcio
2987 3345 3042 3397 in
3068 3345 3523 3410 aliostranslato:

1949 3428 2043 3474 aut
2069 3459 2086 3488 ,
2136 3424 2437 3479 secundum
2486 3425 2727 3498 aliquem
2770 3445 2835 3486 ex
2869 3435 3218 3505 evangelistis
3243 3440 3309 3504 ⁷⁸.
3359 3443 3527 3500 etiam

1949 3513 2167 3582 penitus
2221 3515 2644 3575 discindentur:
2696 3520 2960 3580 dissectio
3005 3528 3276 3598 siquidem
3324 3533 3528 3594 intelli-

1947 3606 2122 3675 genda
2172 3616 2257 3663 est
2292 3609 2351 3663 in
2399 3610 2526 3677 hoc,
2558 3613 2707 3684 quod
2739 3631 2968 3686 prorsus
3006 3634 3036 3674 a
3081 3618 3287 3692 Spiritu
3333 3639 3528 3684 sancto

1949 3698 2354 3758 alienabuntur.
2385 3700 2575 3774 Neque
2603 3707 2751 3761 enim
2782 3725 2986 3781 corpus
3015 3712 3299 3784 dividitur,
3331 3730 3391 3775 ut
3417 3737 3527 3777 una

1948 3800 2078 3856 pars
2109 3789 2359 3846 tradatur
2391 3796 2686 3866 supplicio,
2723 3799 2898 3855 altera
2931 3802 3270 3862 absolvatur.
3305 3808 3440 3865 Nam
3471 3812 3527 3869 id
3565 3852 3568 3856 ι

1946 3879 2164 3950 quidem
2190 3881 2520 3954 fabulosum,
2546 3904 2727 3961 neque
2746 3894 2900 3963 justo
2923 3895 3147 3967 dignum
3167 3900 3375 3969 judice,
3399 3919 3524 3960 cum

1949 3976 2121 4025 totum
2152 3976 2486 4044 peccaverit,
2519 3977 2807 4036 dimidium
2837 3983 3016 4040 addici
3044 4001 3238 4058 pmnaz.
3272 3989 3382 4047 Nec
3407 3995 3530 4048 ani-

1947 4075 2036 4114 ma
2071 4062 2127 4117 in
2158 4064 2296 4121 duas
2326 4074 2513 4138 partes
2560 4080 2816 4143 secatur,
2859 4089 2984 4130 cum
3038 4085 3157 4137 tota
3202 4097 3300 4153 per
3348 4091 3527 4143 totum

1946 4150 2205 4208 habuerit
2237 4158 2503 4226 peccandi
2531 4159 2809 4228 aﬂ‘ectum,
2840 4165 3115 4237 simulque
3140 4150 3266 4226 cum
3292 4176 3528 4247 carpere

1946 4241 2151 4297 malum
2185 4253 2465 4315 operetur.
2516 4246 2625 4304 Sed
2655 4250 2952 4319 dissectio,
2986 4266 3045 4310 ut
3076 4257 3229 4326 dixi,
3263 4241 3524 4335 perpetua

1945 4341 2031 4390 est
2056 4335 2255 4392 anima:
2285 4353 2318 4393 a
2341 4337 2551 4410 Spiritu
2579 4343 2860 4401 alienatio.
2898 4345 3057 4404 Nunc
3096 4353 3241 4407 enim
3260 4395 3275 4418 .
3307 4362 3527 4414 tametsi

1946 4441 2056 4481 non
2084 4427 2417 4486 admiscetur
2454 4431 2717 4505 indignis,
2752 4446 2993 4495 attamen
3020 4442 3209 4515 aliquo
3241 4456 3401 4517 pacto
3445 4452 3528 4504 vi-

1945 4519 2106 4574 detur
2132 4520 2326 4578 adesse
2363 4524 2533 4580 semel
2574 4525 2893 4597 baptizatis,
2930 4545 3258 4605 exSpectans
3291 4549 3348 4593 ut
3377 4541 3527 4596 salu-

282 4620 364 4658 ναι
391 4605 537 4659 δοκεῖ
561 4623 682 4671 πως
701 4608 814 4669 τοῖς
834 4604 981 4669 ἅπαξ
1027 4606 1505 4678 ἐσφραγισμένοις,
1529 4608 1628 4680 τὴν
1659 4610 1724 4663 ἐκ
1751 4611 1847 4682 τῆς

1954 4619 2061 4666 tem
2089 4627 2188 4682 per
2223 4617 2638 4672 conversionem
2678 4604 3119 4693 consequantur;
3156 4636 3272 4683 tum
3308 4645 3435 4686 vero
3470 4633 3526 4689 in

281 4692 609 4767 δπιστροφῆς
662 4696 934 4766 σωτηρίαν
969 4695 1149 4749 αὐτῶν
1176 4696 1444 4767 ἀναμένον
1465 4697 1576 4768 (25)
1600 4715 1614 4729 ·
1645 4698 1767 4752 τότε
1789 4700 1847 4752 δὲ

1951 4709 2126 4757 ιοιυω
2156 4705 2224 4757 ab
2254 4707 2458 4772 anima,
2489 4723 2611 4779 qua:
2643 4712 2874 4782 gratiam
2904 4714 3078 4783 ipsius
3113 4719 3487 4789 profanaverit
3508 4763 3524 4787 ,

284 4784 339 4852 ἐξ
381 4787 501 4841 ὅλου
556 4787 664 4858 τῆς
715 4787 1101 4861 βεὸηλωσάσης
1144 4788 1308 4843 αὐτοῦ
1351 4790 1452 4861 τὴν
1479 4792 1639 4863 χάριν
1667 4791 1847 4862 ψυχῆς

1951 4795 2312 4852 resecabitur.
2345 4797 2534 4871 quue
2562 4816 2675 4857 non
2702 4812 2788 4859 est
2812 4805 2867 4860 in
2898 4784 3230 4881 inferno‘qui
3261 4813 3524 4870 conﬁtea-

345 4948 390 4982 ’ί
425 4946 450 5003 l
481 4947 612 5005 Cor.
650 4964 752 5015 ιιι,
787 4947 882 5007 28.
968 4950 1014 4982 ⁷³
1058 4948 1218 5006 Joan.
1253 4965 1364 5014 xlv,
1395 4950 1452 5004 2.
1525 4951 1572 4984 ’³
1605 4950 1626 5004 l
1663 4950 1793 5006 Cor.
1826 4968 1918 5021 xv,
1956 4953 2049 5018 ll,
2087 4954 2176 5009 4'2.
2254 4956 2302 4988 ⁷⁸
2340 4955 2533 5014 Matth.
2576 4975 2702 5029 xxv,
2741 4962 2832 5018 2L
2907 4964 2955 4999 "
2992 4964 3192 5023 Matth.
3233 4984 3386 5035 xxiv,
3429 4971 3523 5028 51.

284 5123 478 5180 ibidem
509 5124 621 5181 duo
661 5126 883 5183 codices
915 5125 1118 5180 habent
1159 5126 1408 5195 ἀφίενται
1436 5127 1643 5191 αὐτοῖς.
1679 5127 1843 5183 Deest

286 5196 372 5248 καί
401 5195 455 5276 in
487 5196 765 5266 plerisque
798 5195 1082 5253 codicibus
1110 5203 1236 5250 ante
1259 5196 1360 5251 bas
1387 5212 1550 5252 voces
1583 5198 1648 5251 ἄν
1678 5216 1841 5253 τινων

285 5279 949 5405 κρῗῖἲῆτεὲυμπαρέσται.
1003 5332 1081 5390 Ita
1128 5348 1225 5391 sex
1267 5335 1487 5392 codices
1528 5352 1665 5393 mss.
1695 5335 1840 5392 Editi

290 5417 351 5456 συ
396 5406 744 5476 παρεστάναι.
1545 5474 1557 5486 _
1587 5474 1600 5487 _

301 5542 315 5556 '
353 5420 460 5556 ὃὸ)
486 5476 854 5556 μνεύματος.
886 5473 986 5556 llic
1010 5482 1072 5530 ut
1118 5490 1261 5545 saepe
1288 5474 1423 5556 alias
1472 5474 1604 5556 θίιιιι
1632 5475 1842 5556 addunt

291 5542 457 5616 ἀγίου.
486 5542 660 5616 Varia
678 5547 1021 5616 sequentium
1037 5542 1229 5600 vocum
1252 5546 1522 5616 scriptura
1547 5545 1603 5616 in
1632 5545 1837 5601 codici-

291 5610 386 5686 bus
423 5628 551 5671 mss.
613 5610 846 5681 Quidam
895 5617 1094 5686 habent
1146 5610 1431 5686 ἀκεραίαν.
1487 5614 1837 5686 Golbertinus
1948 5622 2210 5679 turbatur.
2271 5624 2504 5679 minime.
2561 5610 2646 5680 Sa}.

294 5681 532 5815 ἓμὶανων
573 5700 678 5756 pro
721 5686 1010 5756 ἀμείωτον,
1062 5681 1266 5757 Regius
1318 5685 1594 5742 secundus
1643 5683 1839 5739 διασώ-

324 5768 481 5815 οντες.

324 5768 481 5817 οντες.

2016 5132 2130 5220 ἐὲἑὶ
2158 5132 2303 5220 ιὲ.ικ⁷ῖ
2330 5135 2641 5220 {Metam
2669 5139 2902 5220 Quidam
2931 5144 3149 5220 codices
3171 5148 3316 5220 δίχα-

2017 5202 2129 5281 (2_5)
2167 5202 2507 5281 Ἀγαμέὴον.
2535 5202 2744 5281 Vitiosa
2768 5211 2989 5281 quidam
3021 5202 3390 5276 codiceé‘cinm
3416 5222 3530 5276 rdi-

1946 5272 2033 5326 tis’
2062 5272 2372 5362 ἀναμένων.
2403 5275 2522 5362 Non
2583 5272 2875 5362 absimilis
2900 5287 3171 5362 sententia
3223 5272 3430 5362 legitur
3456 5272 3527 5348 iit

1943 5345 2210 5426 prommio
2242 5344 2634 5426 commentarii
2670 5350 2725 5402 in
2761 5348 2966 5426 Isaiam
3012 5344 3526 5426 prophetai'nflvaiii

1944 5412 2184 5494 ⁰¹⁷¹ιηξέ²¹⁴³
2215 5414 2447 5494 uider
2475 5419 2550 5470 ait
2580 5420 2966 5494 θυοέοτρράεεε
3001 5412 3235 5494 spiam.
3258 5412 3523 5486 mea";

1941 5481 2037 5561 sed
2061 5483 2152 5546 iis,
2180 5481 2271 5554 qui
2292 5486 2415 5554 puri
2450 5495 2572 5561 sunt
2616 5481 2911 5555 a/fectibus,
2953 5481 3527 5561 peculiarerniveisilti—Iiet

1943 5554 2187 5637 virtutem
2207 5569 2228 5608 :
2255 5563 2310 5607 at
2333 5571 2465 5636 ,νει-ο
2500 5557 2594 5637 ἐξελ
2625 5554 2848 5637 quorum
2878 5554 3023 5637 mens
3054 5571 3258 5637 peccati
3297 5554 3524 5628 maculis

2684 5643 2742 5713 ρ.
2760 5630 2900 5713 idem
2926 5630 3092 5713 (docet
3120 5638 3410 5713 Origenes,
3435 5643 3524 5700 iu-

1946 5692 2138 5761 primis
2170 5691 2429 5751 Tractatu
2460 5696 2530 5754 30
2558 5704 2612 5754 et
2632 5691 2691 5753 5|
2722 5698 2777 5753 in
2799 5699 2993 5760 Matth.
