3972 6218
364 421 468 476 143

1640 415 1697 471 S.
1738 414 1983 470 BASILII
2025 414 2236 469 MAGNI

3525 413 3629 468 ιιι

361 544 486 603 tur,
517 551 691 605 neque
719 535 773 589 in
803 543 978 589 morte
1003 536 1094 603 qui
1118 549 1327 589 memor
1351 533 1424 589 sit
1453 533 1550 590 Dei
1574 534 1642 601 ",
1674 548 1799 588 cum
1826 534 1937 604 jam

2059 531 2509 604 ὶποτμηθήσεται.
2569 531 2667 585 Διά
2723 531 2883 585 τοῦτο
2933 532 3034 585 οὐκ
3087 530 3231 584 ἔστιν
3268 532 3326 583 ἐν
3352 530 3430 600 τῷ
3464 531 3569 604 ᾅδῃ
3603 533 3632 584 ὁ

362 642 474 682 non
522 626 669 683 adsit
726 627 906 681 sancti
956 625 1195 696 Spiritus
1248 625 1600 695 adjutorium.
1660 623 1945 691 Quomodo

361 722 527 793 igitur
557 719 784 790 intelligi
812 729 991 789 potest
1019 720 1226 788 absque
1253 716 1461 788 Spiritu
1490 723 1684 773 sancto
1712 716 1828 773 ﬁeri
1854 717 1946 788 ju-

361 810 590 874 dicium,
630 824 757 865 cum
796 809 1081 880 Scriptura
1116 807 1224 879 35
1257 807 1498 862 declaret
1533 807 1714 878 ipsum
1741 822 1864 863 esse
1892 815 1947 862 et

357 902 639 971 justorum
669 901 956 970 praemium
985 901 1052 965 ⁷⁷,
1079 899 1301 970 quando
1331 914 1432 969 pro
1461 898 1765 957 arrhabone
1792 899 1946 954 exhi-

362 994 581 1049 bebitur
613 992 762 1063 quod
809 992 1111 1063 perfectura
1149 1001 1271 1059 est;
1321 1000 1375 1047 et
1414 991 1648 1062 primam
1694 1001 1947 1061 peccato-

362 1099 486 1138 rum
516 1084 1030 1140 condemnationem
1051 1123 1065 1145 ,
1099 1098 1225 1139 cum
1257 1097 1325 1139 eo
1354 1083 1521 1139 etiam
1552 1083 1700 1154 quod
1746 1083 1947 1140 habere

360 1176 639 1240 videntur,
679 1176 899 1246 spoliati
936 1175 1183 1231 fuerint?
1226 1173 1402 1230 Porro
1445 1176 1744 1230 maximum
1783 1190 1948 1246 argu-

362 1274 608 1321 mentum
660 1267 1069 1337 conjunctionis
1119 1267 1291 1333 illius,
1333 1282 1499 1338 quam
1543 1264 1776 1336 Spiritus
1820 1281 1945 1321 cum

363 1355 522 1413 Patre
548 1365 603 1413 et
643 1355 783 1413 Filio
810 1358 1008 1423 habet,
1045 1358 1180 1414 illud
1211 1366 1330 1424 est,
1358 1357 1505 1429 quod
1545 1358 1737 1413 eodem
1786 1358 1947 1413 modo

362 1448 569 1504 dicitur
595 1449 801 1506 habere
837 1466 897 1506 se
930 1466 1059 1521 erga
1079 1442 1273 1515 Deum,
1297 1466 1407 1521 quo
1426 1465 1556 1521 erga
1585 1465 1947 1521 unumquem-

363 1557 470 1611 que
494 1550 744 1596 nostrum
771 1555 832 1596 se
860 1540 1024 1596 habet
1044 1540 1293 1611 spiritus,
1311 1541 1404 1612 qui
1422 1549 1508 1597 est
1529 1541 1586 1595 in
1603 1541 1782 1596 nobis.
1813 1540 1945 1605 Quis

362 1633 524 1697 enim,
566 1633 775 1701 inquit,
810 1631 1079 1686 hominum
1107 1633 1249 1687 novit
1276 1649 1338 1686 ea
1368 1649 1485 1703 qua:
1529 1641 1650 1687 sunt
1684 1632 1942 1697 hominis,

365 1722 471 1775 nisi
496 1723 716 1789 spiritus
770 1722 861 1791 qui
904 1730 983 1776 est
1044 1723 1101 1776 in
1128 1723 1243 1792 ipso
1266 1725 1290 1779 .9
1319 1721 1410 1777 Sic
1438 1732 1489 1777 et
1517 1740 1634 1793 qua:
1663 1722 1763 1776 Dei
1789 1732 1942 1787 sunt,

367 1828 515 1868 nemo
541 1813 716 1878 novit,
746 1813 853 1866 nisi
889 1812 1123 1882 Spiritus
1164 1814 1256 1884 qui
1284 1829 1350 1869 ea:
1393 1813 1500 1867 Deo
1528 1822 1605 1868 est
1639 1815 1705 1869 ⁷⁸.
1735 1811 1801 1865 Ει
1833 1811 1947 1869 haec

370 1905 591 1979 quidem
615 1905 903 1961 hactenus.

933 2017 1165 2075 CAPUT
1215 2017 1382 2073 XVII.

366 2133 632 2202 Adversus
662 2147 749 2186 eos
784 2132 875 2202 qui
908 2130 1096 2202 dicunt
1146 2146 1251 2183 non
1287 2131 1661 2202 connumerari
1695 2128 1864 2202 Patri
1886 2144 1948 2181 ac

441 2201 585 2259 Filio
612 2199 856 2256 sanctum
894 2200 1186 2271 Spiritum,
1216 2199 1307 2254 sed
1337 2201 1744 2271 subnumerari:
1777 2200 1866 2253 ubi
1898 2207 1948 2253 et

414 2273 505 2329 ’ἀι
533 2274 622 2342 pia
650 2270 1113 2328 connumeratione
1151 2271 1477 2326 summarius
1514 2270 1640 2341 ﬁdei
1669 2273 1945 2325 decursus.

434 2452 525 2507 41.
567 2451 838 2507 Caeterum
870 2448 1412 2505 subnumerationem
1446 2448 1578 2519 quid
1607 2448 1815 2515 dicant,
1854 2457 1950 2504 aut

367 2543 424 2599 in
458 2542 619 2613 cujus
658 2541 740 2597 rei
772 2539 1231 2608 signiﬁcationem
1256 2554 1446 2594 vocem
1485 2539 1629 2594 hanc
1661 2549 1946 2610 usurpent,

367 2646 440 2688 ne
468 2631 716 2702 cogitare
751 2628 974 2699 quidem
1001 2627 1165 2682 facile
1195 2636 1300 2682 est.
1340 2626 1476 2683 Nam
1515 2636 1572 2683 et
1607 2628 1752 2683 hanc
1788 2628 1949 2684 nobis

369 2740 402 2779 e
432 2722 619 2777 mundi
659 2720 930 2791 sapientia
964 2718 1137 2775 fuisse
1167 2719 1464 2784 invectam,
1496 2730 1689 2775 notum
1719 2728 1805 2774 est
1832 2734 1951 2774 om-

368 2813 535 2869 nibus
562 2820 618 2869 et
645 2820 1018 2884 perspectum.
1050 2811 1136 2867 An
1170 2826 1300 2867 vero
1332 2811 1571 2882 aliquam
1599 2812 1798 2867 habeat
1827 2826 1951 2882 pro-

368 2903 550 2974 priam
585 2904 861 2958 rationem
889 2903 955 2957 ad
995 2902 1050 2956 id
1082 2903 1227 2971 quod
1261 2918 1411 2958 nunc
1444 2903 1647 2973 agitur,
1682 2904 1786 2959 hoc
1816 2919 1949 2959 con~

368 2994 697 3051 sideremus.
735 2994 905 3049 Aiunt
944 2993 1111 3066 igitur
1145 2994 1241 3064 qui
1281 3008 1464 3048 rerum
1512 2994 1755 3049 inanium
1789 2997 1949 3066 periti

369 3096 522 3156 sunt,
556 3089 806 3160 quaedam
838 3088 1063 3143 nomina
1093 3102 1218 3143 esse
1240 3086 1576 3151 communia,
1608 3104 1841 3158 quorum
1868 3090 1951 3144 si-

368 3181 645 3253 gniﬁcatio
688 3180 861 3235 multa
900 3179 1324 3251 complectitur:
1366 3181 1473 3235 alia
1502 3182 1675 3251 magis
1705 3182 1946 3251 propria,

367 3280 423 3331 et
455 3272 564 3328 alia
597 3272 723 3328 aliis
766 3272 874 3326 vim
904 3271 1108 3327 habere
1149 3272 1325 3342 magis
1353 3273 1709 3342 peculiarem.
1748 3272 1947 3328 Exem-
1977 3256 2018 3312 Ο

369 3365 448 3437 pli
475 3378 665 3427 causa,
699 3378 994 3419 commune
1026 3377 1227 3417 nomen
1262 3372 1347 3421 est
1381 3365 1645 3429 essentia,
1678 3365 1825 3434 quod
1854 3379 1952 3436 pa-

368 3457 506 3513 riter
552 3455 621 3512 de
662 3455 919 3511 omnibus
962 3456 1323 3525 praedicatur,
1375 3455 1493 3512 sive
1540 3455 1800 3511 inanimis
1835 3456 1952 3511 sive

370 3549 650 3605 animatis.
676 3547 1019 3604 Peculiarius
1051 3556 1233 3603 autem
1257 3548 1486 3613 animal,
1520 3548 1667 3619 quod
1707 3548 1775 3603 de
1815 3563 1954 3619 pauo

370 3642 615 3699 cioribus
646 3638 868 3711 quidem
895 3638 1229 3710 praedicatur
1257 3653 1423 3709 quam
1468 3639 1605 3692 illud
1634 3638 1820 3708 prius,
1854 3638 1952 3694 sed

370 3742 556 3790 tamen
592 3732 714 3802 ejus
759 3731 1149 3801 contemplatio
1200 3732 1379 3803 magis
1417 3732 1747 3795 extenditur,
1787 3746 1950 3802 quam

370 3840 562 3882 eorum
589 3839 713 3896 qua;
747 3822 829 3878 illi
874 3821 1126 3893 subjecta
1165 3832 1313 3877 sunt.
1347 3820 1482 3876 Nam
1523 3822 1578 3876 in
1614 3837 1680 3878 eo
1709 3823 1952 3877 rationa-

375 3917 511 3972 iium
548 3915 714 3974 simul
760 3923 815 3972 et
864 3914 1267 3970 irrationalium
1304 3921 1503 3969 natura
1537 3915 1954 3985 comprehendi-

370 4018 482 4063 tur.
512 4005 756 4062 Rursum
778 4006 954 4076 magis
979 4005 1215 4076 speciale
1236 4019 1438 4059 nomen
1460 4012 1546 4060 est
1576 4005 1758 4070 homo,
1788 4019 1952 4075 quam

371 4098 571 4153 animal
596 4118 609 4152 :
644 4098 773 4154 item
805 4098 891 4153 vir
910 4096 1200 4168 specialius
1226 4104 1312 4153 est
1339 4112 1537 4153 nomen
1571 4112 1734 4167 quam
1764 4098 1948 4161 homo,

370 4197 428 4246 et
456 4189 575 4244 viro
609 4189 908 4259 specialius
932 4196 1016 4244 est
1047 4189 1138 4244 hic
1167 4194 1264 4243 aut
1303 4188 1393 4243 ille
1430 4189 1537 4254 vir,
1580 4199 1709 4259 puta
1738 4187 1952 4255 Petrus,

373 4288 469 4335 aut
492 4278 735 4345 Paulus,
769 4288 866 4334 aut
893 4276 1155 4335 Joannes.
1185 4278 1272 4334 An
1319 4280 1487 4351 igitur
1515 4278 1622 4334 hoc
1656 4280 1955 4335 subnume-

370 4371 643 4427 rationem
678 4385 805 4427 esse
846 4371 1129 4436 sentiunt,
1157 4370 1239 4426 rei
1278 4371 1591 4426 communis
1623 4372 1679 4425 in
1729 4385 1793 4427 ea
1833 4386 1956 4440 qua:

373 4460 625 4531 subjecta
653 4466 783 4516 sunt
807 4458 1182 4515 divisionem?
1221 4457 1293 4512 At
1321 4475 1433 4514 non
1473 4459 1800 4516 crediderim
1830 4460 1954 4517 illos

2051 622 2561 694 ἐξομολογούμενος,
2599 622 2722 676 οὐδὲ
2758 624 2815 675 ἐν
2856 622 2934 692 τῷ
2977 622 3191 692 θανάτῳ
3217 625 3245 675 ὁ
3274 623 3633 693 μνημονεύων

2050 713 2206 777 Θεοῦ,
2232 713 2413 767 οὐκέτι
2463 714 2562 784 τῆς
2596 713 2844 785 βοηθείας
2884 713 2977 767 τοῦ
3027 713 3342 784 Πνεύματος
3382 731 3634 786 συμπαρ-

2050 805 2238 877 ούσης.
2294 805 2418 870 Πῶς
2476 801 2568 859 οὖν
2619 804 2842 859 δυνατὸν
2891 805 3080 876 νοῆσαι
3118 806 3286 875 χωρὶς
3335 805 3428 858 τοῦ
3471 806 3633 873 ἁγίου

2053 896 2369 967 Πνεύματος
2395 896 2763 950 ἐπιτελεῖσθαι
2789 897 2887 968 τὴν
2922 896 3123 968 κρίσιν,
3159 898 3292 950 ὅπου
3322 914 3385 966 γε
3410 897 3439 950 ὁ
3473 897 3634 965 λόγος

2050 986 2341 1051 δείκνυσιν,
2372 987 2455 1040 ὅτι
2487 986 2617 1039 αὐτό
2634 988 2749 1040 ἐστι
2767 986 2862 1041 καὶ
2880 987 2939 1040 τὸ
2966 987 3073 1041 τῶν
3101 987 3321 1040 δικαίων
3355 986 3629 1057 βραϐεῖον,

2051 1080 2181 1132 ὅταν
2201 1080 2323 1132 ἀντὶ
2342 1077 2437 1132 τοῦ
2469 1078 2788 1151 ἁῤῥαϐὦνος
2817 1079 3135 1150 παρασχεθῇ
3165 1080 3227 1132 τὸ
3257 1078 3463 1133 τέλειον
3487 1095 3499 1107 ·
3535 1078 3633 1130 καὶ

2052 1172 2086 1241 ή
2116 1169 2306 1242 πρώτη
2367 1169 2476 1225 τῶν
2521 1170 2859 1242 ἁμαρτωλῶν
2892 1170 3180 1240 καταδίκη,
3202 1171 3329 1223 ὅταν
3354 1170 3449 1223 καὶ
3480 1169 3509 1222 ὃ
3538 1169 3632 1222 δο-

2052 1260 2238 1314 κοῦσιν
2275 1260 2418 1330 ἔχειν
2458 1259 2833 1332 ἀφαιρεθῶση
2863 1260 2936 1313 Τὸ
2969 1259 3026 1313 δὲ
3053 1260 3305 1330 μέγιστον
3327 1261 3631 1330 τεκμήριον

2050 1354 2149 1424 τῆς
2176 1354 2312 1426 πρὸς
2337 1352 2555 1424 Πατέρα
2579 1355 2673 1408 καὶ
2702 1354 2829 1407 Υἱὺν
2851 1353 2943 1406 τοῦ
2964 1352 3279 1423 Πνεύματος
3312 1351 3629 1421 συναφείας,

2052 1446 2132 1498 ὅτι
2155 1445 2327 1510 οὕτως
2345 1446 2490 1517 ἔχειν
2515 1446 2731 1515 λέγεται
2767 1446 2903 1516 πρὸς
2939 1446 3093 1510 Θεὸν,
3122 1446 3196 1509 ὼς
3236 1445 3373 1517 πρὸς
3400 1446 3632 1498 ἕκαστον

2052 1536 2164 1607 ἔχει
2202 1537 2263 1590 τὸ
2322 1537 2538 1607 πνεῦμα
2574 1538 2636 1591 τὸ
2668 1540 2725 1591 ἐν
2754 1538 2903 1608 ἡμῖν.
2956 1540 3052 1604 Τίς
3085 1539 3195 1607 γὰρ
3239 1533 3383 1602 οἶδε,
3441 1535 3628 1607 φησὶν,

2051 1626 2376 1696 ἀνθρώπων
2404 1626 2475 1680 τὰ
2498 1627 2604 1681 τοῦ
2633 1626 2973 1695 ἀνθρώπου,
3005 1629 3057 1680 ει
3084 1625 3171 1697 μὴ
3201 1624 3269 1679 τὸ
3302 1625 3538 1695 πνεῦμα
3563 1627 3630 1679 τὸ

2051 1718 2121 1772 ἐν
2159 1718 2353 1784 αὑτῷ;
2383 1720 2545 1772 Οὕτω
2569 1719 2667 1773 καὶ
2692 1719 2765 1772 τὰ
2789 1718 2895 1772 τοῦ
2931 1718 3078 1773 Θεοῦ
3106 1717 3305 1783 οὐδεὶς
3334 1718 3624 1787 ἔγνωκεν,

2050 1812 2102 1864 εί
2124 1810 2209 1878 μὴ
2234 1810 2300 1863 τὸ
2332 1810 2575 1881 Πνεῦμα
2621 1812 2687 1864 τὸ
2732 1810 2800 1863 ὲκ
2845 1809 2950 1864 τοῦ
2982 1808 3152 1863 Θεοῦ.
3186 1810 3294 1861 Καὶ
3328 1809 3499 1862 ταῦτα
3527 1810 3630 1880 μὲν

1978 1900 2024 1959 Β
2050 1902 2131 1966 είς
2160 1901 2412 1957 τοσοῦτον

2566 2014 2961 2069 ΚΕΦΑΛΔΙΟΝ
3007 2016 3106 2071 IZ'.

2050 2128 2205 2196 Πρὸς
2255 2126 2399 2193 τοὺς
2431 2125 2723 2196 ,λέγοντας
2756 2125 2843 2195 μὴ
2907 2126 3396 2196 συναριθμεῖσθαι
3445 2128 3631 2195 Harp!

2121 2196 2367 2266 xaij‘iqii
2393 2197 2461 2250 τὸ
2484 2198 2655 2266 ἅγιον
2680 2198 2943 2266 Πνεῦμα,
2961 2198 3102 2253 ἀλλ’
3130 2197 3585 2265 ὺπαριθμεῖσθαι
3611 2215 3627 2229 ·

2118 2269 2188 2321 ἐν
2210 2260 2258 2333 ᾧ
2285 2260 2383 2321 καὶ
2397 2260 2655 2339 περῖτῆς
2674 2260 2966 2339 εὐσεϐοῦς
3000 2260 3496 2339 συγαριθξιιήὸεως
3514 2268 3629 2339 (26)

2119 2336 2531 2407 κεφαλαιώδης
2560 2336 2851 2407 ἐπιδρομὴ
2881 2336 2991 2406 τῆς
3021 2336 3302 2404 πίστεως.

2118 2450 2204 2505 41.
2239 2451 2349 2521 Τὴν
2366 2447 2421 2503 δὲ
2450 2450 2826 2522 ύπαρίθμησιν
2854 2452 2882 2504 ὃ
2912 2468 2964 2504 τι
2988 2451 3081 2505 καὶ
3111 2450 3351 2520 λέγουσι,
3370 2450 3463 2502 καὶ
3489 2450 3633 2504 κατά

2048 2543 2189 2606 τίνος
2224 2541 2619 2612 σημαινομένου
2650 2541 2748 2613 τὴν
2801 2542 2983 2613 φωνὴν
3011 2542 3212 2614 ταύτην
3232 2542 3473 2611 ἄγουσιν,
3507 2542 3632 2597 οὐδὲ

2049 2632 2331 2702 ἐπινοῆσαι
2371 2631 2573 2703 ῥᾴδιον.
2608 2633 2729 2685 Ὅτι
2787 2633 2885 2703 μὲν
2918 2632 3027 2705 γὰρ
3075 2634 3137 2687 ἐν
3172 2632 3271 2702 τῆς
3298 2632 3391 2685 τοῦ
3421 2634 3632 2703 κόσμου

2053 2723 2243 2792 σοφίας
2296 2723 2391 2776 καὶ
2426 2712 2565 2794 αὑτὴ
2609 2725 2741 2794 ἡμῖν
2773 2722 3073 2795 ἐπεισήχθη
3129 2723 3263 2795 (27),
3298 2723 3460 2777 παντὶ
3488 2723 3635 2793 γνὼ-

2054 2831 2210 2885 ριμον
2234 2828 2247 2842 °
2290 2815 2339 2866 εί
2372 2813 2428 2867 δὲ
2483 2814 2593 2885 ἔχει
2641 2813 2763 2867 τινά
2794 2817 2990 2869 οἰκεῖον
3025 2815 3181 2883 λόγον
3238 2814 3374 2887 πρὸς
3404 2813 3474 2867 τά
3497 2832 3635 2887 προ-

2051 2907 2310 2979 κείμενα,
2384 2906 2543 2961 τοῦτο
2611 2907 3055 2979 ἐπισκεψώμεθα.
3114 2910 3252 2962 Φασὶ
3320 2909 3498 2962 τοίνυν
3581 2910 3633 2962 oi

2049 2999 2210 3053 δεινοὶ
2233 2998 2301 3053 τὰ
2329 2999 2554 3071 μάταια,
2581 3000 2652 3054 τὰ
2686 3001 2785 3072 μὲν
2825 2999 2979 3055 κοινά
3016 2995 3155 3053 εἶναι
3190 3000 3297 3053 τῶν
3329 3001 3633 3070 ὀνομάτων,

2050 3090 2144 3143 καὶ
2188 3090 2282 3142 ἐπὶ
2326 3090 2459 3143 πολὺ
2481 3092 2691 3162 διήκειν
2736 3096 2856 3156 ταῖς
2911 3095 3238 3165 σημασίαις·
3279 3093 3350 3147 τὰ
3379 3092 3638 3147 δὲίδικώ-

2051 3199 2220 3254 τερα’
2270 3184 2363 3237 καὶ
2403 3183 2537 3238 ἄλλα
2589 3183 2763 3238 ἄλλων
2813 3186 3185 3258 μερικωτέραν
3232 3187 3372 3257 ἔχειν
3404 3186 3501 3258 τὴν
3542 3185 3637 3239 δύ-

2051 3292 2233 3346 ναμιν.
2283 3272 2406 3330 Οἵον
2429 3316 2444 3339 ,
2482 3281 2657 3330 κοινὸν
2690 3278 2787 3349 μὲν
2823 3278 2993 3350 ὄνομα
3021 3283 3052 3350 ἡ
3086 3281 3262 3343 οὐσία,
3294 3282 3458 3334 πᾶσιν
3512 3281 3638 3335 ἐπι-

2050 3365 2338 3438 λεγομένη,
2388 3369 2483 3421 καὶ
2512 3368 2740 3439 ἀψύχοις
2763 3371 2855 3424 καὶ
2880 3370 3141 3441 ἐμψύχοις
3177 3371 3373 3442 ὁμοίως
3392 3390 3406 3403 ·
3454 3370 3638 3425 ἰδικώ-

2051 3474 2208 3529 τερον
2270 3458 2327 3511 δὲ
2370 3460 2432 3512 τὸ
2486 3458 2622 3523 ζῶον
2649 3478 2661 3489 ·
2698 3462 2784 3514 ἐπ’
2813 3461 3032 3516 ἔλαττον
3086 3463 3183 3533 μὲν
3211 3463 3304 3517 τοῦ
3361 3464 3634 3535 προτέρου

2050 3549 2365 3622 λεγόμενον,
2403 3553 2496 3605 ἐπὶ
2527 3552 2687 3606 πλέον
2720 3553 2776 3606 δὲ
2807 3554 2915 3607 τῶν
2950 3556 3040 3608 ὑπ’
3076 3555 3208 3609 αὐτὸ
3236 3554 3632 3627 θεωρούμενον.

2051 3642 2162 3695 Καὶ
2212 3641 2322 3713 γὰρ
2364 3644 2459 3696 καὶ
2508 3643 2740 3713 λογικῶν
2774 3644 2886 3715 (28)
2942 3645 3091 3717 αύτῷ
3141 3647 3246 3707 καὶ,
3269 3647 3476 3715 ἀλόγων
3533 3648 3637 3717 φύ-

2052 3747 2137 3794 σις
2191 3733 2597 3804 ἐμπεριέχεται.
2649 3734 2819 3787 Πάλιν
2870 3734 3177 3808 ίδικὼτερόν
3205 3738 3319 3790 ἐστι
3361 3737 3455 3790 τοῦ
3489 3736 3634 3802 ζώου

2050 3822 2079 3874 ὁ
2128 3820 2432 3892 ἄνθρωπος,
2482 3826 2576 3877 καὶ
2632 3823 2824 3877 τούτου
2858 3825 2886 3877 ὁ
2918 3827 3080 3898 ἀνὴρ,
3130 3828 3224 3882 καὶ
3264 3828 3358 3881 τοῦ
3385 3828 3575 3901 ἀνδρὸς
3603 3832 3635 3885 ὁ

2052 3913 2174 3967 καθ’
2225 3915 2474 3981 ἕκαστον,
2537 3918 2740 3988 Πέτρος
2789 3917 2821 3989 ἢ
2869 3919 3077 3984 Παῦλος
3112 3920 3144 3990 ἢ
3179 3922 3449 3990 Ἰωάννης.
3484 3918 3635 3993 τΑρα

2051 4001 2143 4058 οὖν
2160 4004 2318 4058 τοῦτο
2341 4007 2519 4061 νοοῦσι
2535 4009 2633 4080 τὴν
2648 4009 3045 4081 ὑπαρίθμησιν,
3069 4010 3167 4082 τὴν
3195 4012 3288 4065 τοῦ
3315 4012 3493 4066 κοινοῦ
3517 4014 3631 4086 (29)

2052 4099 2131 4160 είς
2162 4097 2228 4151 τὰ
2255 4098 2634 4170 ύπεσταλμένα
2664 4101 2926 4173 διαίρεσιν
2952 4119 2967 4167 ;
3008 4103 3145 4155 Ἀλλ’
3174 4105 3273 4157 οὐκ
3306 4104 3370 4158 ἂν
3410 4105 3634 4159 πιστεύ-

2055 4205 2209 4260 σαιμι
2258 4192 2338 4252 εἰς
2378 4190 2631 4244 τοσοῦτον
2683 4194 2881 4256 αὐτοὺς
2924 4194 3309 4265 παραπληξίας
3351 4195 3631 4264 ἐλαύνειν,

2053 4280 2193 4335 ὥστε
2220 4282 2382 4351 φάναι
2398 4282 2487 4335 τὸν
2505 4282 2637 4336 Θεὸν
2653 4284 2759 4338 τῶν
2788 4285 2943 4351 ὅλων,
2971 4285 3159 4359 ὥσπερ
3181 4289 3464 4358 κοινότητα
3483 4307 3630 4355 τινα,

2052 4371 2194 4443 λόγῳ
2235 4373 2382 4445 μόνῳ
2435 4373 2735 4447 θεωρητὴν,
2787 4378 2845 4430 ἐν
2892 4377 3118 4450 οὐδεμιᾷ
3155 4379 3213 4432 δὲ
3252 4380 3545 4434 ὑποστάσει
3569 4381 3635 4434 τὸ

2054 4459 2193 4520 εἶναι
2227 4465 2479 4536 ἔχουσαν,
2516 4469 2593 4532 είς
2620 4469 2689 4521 τὰ
2728 4470 3062 4542 ὑποκείμενα
3111 4472 3469 4545 διαιρεῖσθαι·
3509 4470 3633 4528 εἶτα

371 4552 444 4607 ad
481 4558 694 4606 tantum
738 4556 1019 4620 stuporem
1076 4550 1388 4615 devenisse,
1438 4558 1498 4604 ut
1542 4550 1731 4605 dicant
1782 4550 1949 4605 Deum

2059 4556 2154 4654 τὴν
2177 4557 2543 4629 ὑποδιαίρεσιν
2580 4559 2784 4632 ταύτην
2816 4563 2910 4616 καὶ
2953 4563 3327 4635 ὑπαρίθμησιν
3352 4565 3627 4634 λέγεσθαι.

374 4645 779 4710 universorum,
824 4642 977 4698 velut
1021 4641 1472 4698 communitatem
1507 4642 1822 4713 quamdam,
1859 4657 1951 4697 ra-

2057 4643 2136 4702 Ἦ
2177 4648 2337 4703 τοῦτο
2366 4651 2465 4721 μὲν
2511 4653 2618 4706 οὐδ’
2652 4653 2717 4707 ἂν
2746 4654 3185 4725 μελαγχολῶντες
3233 4660 3454 4714 εἴποιεν.
3485 4660 3633 4730 Πρὸς

370 4739 523 4796 tione
544 4739 662 4795 sola
689 4736 1093 4808 intelligibilem
1115 4773 1131 4801 ,
1158 4734 1313 4790 nulla
1339 4741 1523 4790 autem
1564 4735 1618 4790 in
1664 4734 1948 4807 hypostasi

2059 4738 2161 4812 γὰρ
2192 4743 2256 4813 τῇ
2281 4742 2507 4815 ἀσεϐείᾳ
2550 4745 2643 4798 καὶ
2683 4746 2774 4798 τὸν
2822 4747 3060 4801 ἐναντίον
3104 4747 3260 4817 λόγον
3292 4751 3388 4823 τῆς
3426 4751 3634 4816 οἰκείας

372 4831 786 4895 subsistentem,
814 4828 875 4885 in
903 4827 1155 4899 subjecta
1184 4827 1386 4882 dividi:
1421 4827 1617 4883 deinde
1643 4827 1785 4882 hanc
1817 4828 1949 4883 sub-

2059 4831 2259 4885 ἐαυτῶν
2305 4835 2676 4905 προαιρέσεως
2716 4839 3203 4903 κατασκευάζουσι.
3235 4839 3314 4893 Τὰ
3363 4842 3471 4913 γάρ
3496 4843 3632 4896 ὑπο-

372 4922 696 4980 divisionem
757 4922 929 4978 etiam
981 4919 1537 4977 'subnumerationem
1602 4919 1735 4975 dici.
1798 4918 1948 4975 lstud

2059 4923 2401 4997 Βιαιρούμενα
2435 4927 2535 4997 τῆς
2598 4929 2767 5000 αὐτῆς
2828 4932 2974 4985 ἐστιν
3029 4933 3257 4998 ἐκείνοις
3302 4934 3413 5005 (50)
3442 4935 3634 4999 οὐσίας

373 5029 507 5071 sane
535 5031 603 5070 ne
631 5013 815 5071 insani
838 5012 1061 5083 quidem
1086 5011 1347 5067 dixerint.
1376 5011 1510 5065 Nam
1539 5022 1735 5081 praeter
1759 5012 1949 5082 impie-

2059 5016 2146 5083 ἀφ’
2185 5009 2261 5069 ὧν
2319 5016 2620 5090 διῄρηνται.
2660 5019 2797 5073 Ἀλλ’
2839 5022 3095 5094 ἐοίκαμεν
3150 5025 3237 5078 διὰ
3294 5027 3490 5097 πολλὴν
3528 5027 3632 5095 τῆς

372 5112 538 5163 tatem
576 5107 740 5161 etiam
787 5120 1099 5163 sermonem
1142 5104 1480 5168 instituunt,
1517 5120 1643 5160 cum
1697 5122 1763 5162 eo
1802 5106 1947 5177 quod

2059 5108 2283 5171 ἀτοπίας
2313 5110 2599 5182 ἐνάργειαν
2628 5114 2853 5184 ἀπορεῖν
2882 5115 3074 5184 λόγων,
3098 5118 3190 5170 καὶ
3217 5118 3317 5171 οὐκ
3347 5118 3434 5188 ἔχε
3446 5137 3492 5171 ιν
3513 5120 3633 5183 πῶς

443 5259 489 5291 ’⁸
521 5258 667 5317 Psal.
699 5277 777 5327 Vl,
806 5261 860 5316 6.
924 5263 968 5294 '"
1011 5259 1029 5314 1
1060 5220 1209 5317 Petr.
1253 5276 1290 5325 ι,
1326 5260 1413 5315 12.
1490 5260 1537 5292 ⁷⁸
1576 5259 1597 5313 1
1634 5260 1763 5317 Cor.
1790 5276 1850 5327 ιι,
1895 5261 1981 5318 ll.

444 5377 561 5449 (26)
588 5379 1123 5449 Συναριθμήσεως.
1152 5377 1230 5433 ita
1267 5394 1403 5433 mss.
1446 5384 1581 5449 tres,
1611 5393 1750 5448 quos
1774 5393 1841 5433 eo
1879 5379 1950 5432 li-

372 5446 592 5520 bentius
631 5446 932 5520 seqUimur,
983 5448 1132 5520 quod
1172 5449 1390 5519 vulgata
1421 5446 1723 5520 scriptu—ra“
1750 5450 1949 5520 ύπαρι-

375 5517 632 5589 θμήσεως
664 5517 979 5589 continetur
1003 5517 1037 5572 a
1081 5517 1305 5582 Basilio,
1336 5517 1568 5589 ejusque
1607 5518 1817 5589 judicio
1849 5517 1952 5571 im-

376 5587 596 5659 pietatis
625 5595 809 5643 notam
829 5587 1083 5659 Aeﬂ‘ngere
1114 5604 1223 5642 non
1257 5591 1451 5659 possit.

448 5658 559 5728 (27)
604 5657 980 5727 Ἐπεισήχθηζ
1021 5658 1221 5722 Regius
1259 5657 1459 5713 tertius
1492 5666 1547 5715 et
1564 5658 1717 5713 Colb.
1764 5659 1926 5711 ύπεισ

2057 5378 2307 5433 codicum
2334 5394 2469 5434 mss.

2130 5448 2241 5517 (28)
2271 5450 2381 5519 Καὶ
2415 5446 2690 5518 λογικῶν.
2726 5447 3180 5519 Conjunctionem
3225 5452 3535 5508 addidimus
3561 5468 3633 5510 ex

2059 5518 2234 5572 tribus
2265 5518 2567 5574 codicibus.
2845 5518 2853 5519 ί
3608 5550 3613 5555 ι

2134 5587 2242 5662 (g9)
2287 5588 2397 5662 Τοῦ
2426 5587 2824 5662 κοινοῦέλιὶεε.
2852 5591 3047 5645 tertius
3080 5590 3171 5645 τοῦ
3210 5591 3419 5662 ὁμοίου.

2132 5657 2241 5732 (50)
2286 5659 2591 5732 ἶΕκείνοις.
2617 5658 2707 5732 Sic
2730 5657 2924 5732 omnes
2946 5663 3164 5717 codices
3195 5680 3208 5716 :
3238 5657 3369 5717 editi
3392 5662 3629 5732 ἐκείνης.

2060 5726 2182 5801 Mox
2219 5728 2496 5799 ἐνέργειαν
2533 5730 2585 5782 in
2620 5730 2782 5783 editis
2813 5739 2866 5783 et
2898 5731 3109 5786 duobus
3151 5733 3392 5801 antiquis
3420 5726 3632 5787 cndidi-

417 5730 541 5810 xfi'q.
573 5728 758 5810 Pa‘ulo.
778 5737 900 5798 post
931 5728 1061 5810 editi
1094 5729 1143 5810 οἱ
1172 5728 1332 5781 δεινο)⁵
1353 5731 1498 5810 ,περὶ
1552 5730 1619 5783 τά
1654 5729 1875 5810 μάταια,
1899 5735 1953 5810 et

2062 5800 2197 5864 bus;
2235 5802 2329 5855 sed
2362 5802 2530 5855 multo
2568 5801 2763 5855 melius
2797 5801 2887 5854 alii
2912 5809 3147 5871 quatuor
3170 5810 3228 5857 ut
3256 5800 3314 5857 in
3343 5812 3626 5858 contextu.

376 5727 541 5853 3x073.
573 5728 748 5784 Paulo
778 5737 900 5798 post
931 5728 1060 5781 editi
1095 5729 1143 5781 oi
1172 5728 1332 5781 δεινο)⁵
1371 5731 1498 5810 περὶ
1552 5730 1619 5783 τά
1654 5729 1875 5809 μάταια,
1899 5735 1953 5781 et

413 5800 567 5856 einde
589 5799 927 5870 εἰδικώτερα.
958 5798 1062 5853 Sed
1094 5788 1204 5853 haec
1252 5808 1582 5856 mutavimus
1624 5807 1953 5854 auctoritate
