3972 6218
387 349 500 404 145

1505 352 1706 409 LIBER
1747 354 1835 411 DE
1878 355 2154 413 SPIRITU
2202 355 2493 413 SANCTO.

3560 364 3663 419 “6

383 463 492 532 τῆς
527 463 752 533 ἀλογίας
791 466 975 520 αὐτῶν
1009 466 1365 538 καθαψάμεθα
1389 482 1402 495 ·
1447 467 1590 523 ὥστε
1631 470 1851 524 δοκοῦσί
1893 472 1977 540 μοί

2089 480 2399 541 proponunt
2429 481 2762 543 pugnantem
2790 491 2803 529 :
2838 473 3111 546 siquidem
3143 488 3265 544 quae
3300 474 3663 530 subdividuu-

384 570 443 606 τι
488 554 793 624 κερδαίνειν
836 556 990 627 παρά
1026 556 1121 628 τὴν
1167 558 1374 615 ἄνοιαν.
1430 560 1519 624 Ὠς
1567 561 1677 633 γὰρ
1734 562 1873 635 πρὸς
1908 562 1979 616 τὰ

392 642 618 709 μαλακὰ
673 646 769 698 καὶ
808 645 1101 699 ὑπείκοντα
1155 647 1264 700 τῶν
1320 647 1587 718 σωμάτων
1626 649 1759 719 (51),
1788 649 1867 720 τῷ
1901 650 1976 721 μὴ

389 731 539 802 ἔχειν
556 735 887 806 ἀντέρεισιν,
916 739 1016 792 οὐκ
1038 738 1152 791 ἐστι
1175 739 1429 807 γενναίαν
1451 740 1551 805 τὴν
1598 740 1805 813 πληγὴν
1826 742 1978 810 ἐνεγ-

389 827 511 878 κεῖν
530 842 545 855 ·
584 825 757 891 οὕτως
793 829 918 881 οὐδὲ
964 829 1073 883 τῶν
1116 830 1398 902 προδήλων
1440 832 1521 895 εἰς
1547 831 1735 886 ἄνοιαν
1755 832 1978 887 δυνατὸν

389 915 605 990 ἐλέγχῳ
645 918 880 991 νεανικῷ
911 920 1255 975 καθικέσθαι.
1287 922 1549 977 Λείπεται
1587 919 1682 977 οὖν
1716 927 1896 995 σιωπῇ
1916 926 1977 979 τὸ

391 1008 685 1080 βδελυκτὸν
743 1010 925 1064 αὐτῶν
976 1012 1077 1082 τῆς
1120 1011 1376 1076 ἀσεϐείας
1403 1012 1799 1085 παραδραμεῖν.
1841 1015 1980 1068 Ἀλλ’

389 1100 496 1153 οὐκ
535 1102 601 1170 ἐᾷ
647 1101 748 1172 τὴν
796 1100 1029 1172 ἡσυχίαν
1073 1101 1180 1154 τῶν
1213 1101 1459 1171 ἀδελφῶν
1492 1104 1525 1174 ἡ
1560 1103 1770 1173 ἀγάπη,
1804 1104 1898 1157 καὶ
1944 1106 1978 1176 ἡ

393 1191 642 1263 βαρύτης
665 1191 776 1245 τῶν
816 1193 1094 1247 ἐναντίων.

2084 567 2194 623 tur,
2217 561 2461 630 ejusdem
2495 571 2624 617 sunt
2640 565 2918 631 essentia,
2948 564 3111 634 cujus
3134 574 3265 620 sunt
3288 566 3379 619 illa
3405 580 3437 619 a
3457 566 3661 637 quibus

2082 650 2419 706 dividuntur.
2448 650 2553 708 Sed
2577 656 2646 710 ob
2667 670 2922 726 magnam
2947 656 3303 714 absurditatis
3332 656 3662 715 evidentiam

2082 740 2333 796 videmur
2363 744 2611 799 oratione
2635 744 2896 813 destitui,
2929 763 3030 805 nec
3073 748 3277 804 habere
3304 747 3505 819 quibus
3535 763 3665 802 ver-

2084 833 2169 889 bis
2229 834 2447 905 illorum
2499 839 2789 892 stultitiam
2853 839 3356 909 reprehendamus;
3411 839 3550 894 adeo
3598 848 3661 893 ut

2084 925 2218 980 mihi
2248 927 2538 983 vidcantur
2574 940 2794 1000 propter
2840 932 3134 987 amentiam
3183 930 3390 1000 aliquid
3434 928 3660 984 lucrifa-

2082 1033 2226 1073 cere.
2263 1017 2731 1086 Quemadmodum
2750 1022 2894 1077 enim
2920 1023 2976 1076 in
3001 1037 3232 1091 corpora
3258 1020 3439 1076 mollia
3461 1019 3662 1075 cedeu-
3683 1072 3715 1091 γ.

2082 1110 2266 1181 tiaque
2293 1125 2402 1166 non
2436 1112 2618 1182 possis
2657 1115 2929 1184 egregiam
2957 1114 3067 1185 36
3095 1115 3308 1185 plagam
3340 1072 3699 1182 impingerej

2082 1215 2150 1256 eo
2179 1203 2323 1272 quod
2351 1202 2618 1259 obsistere
2644 1214 2943 1275 contraque
2970 1206 3070 1260 niti
3088 1221 3196 1261 non
3217 1215 3453 1275 queant:
3478 1205 3551 1259 ita
3565 1219 3661 1259 eos

389 1286 487 1355 qui
519 1288 700 1355 palam
728 1285 1015 1341 insaniunt
1046 1303 1155 1341 non
1196 1288 1379 1358 possis
1424 1287 1555 1343 forti
1592 1304 1658 1343 ac
1700 1289 1850 1345 virili
1890 1293 2278 1366 redargutione
2303 1298 2619 1367 percellere.
2683 1298 2948 1371 Superest
3004 1299 3173 1371 igitur
3228 1307 3289 1355 ut
3342 1299 3665 1355 abominan-

390 1379 521 1432 dam
559 1379 782 1434 illorum
820 1380 1157 1450 impietatem
1203 1383 1423 1437 silentio
1465 1392 1878 1454 praetereamus.
1915 1387 1981 1441 At
2018 1405 2128 1444 non
2158 1392 2364 1460 patitur
2387 1392 2553 1449 silere
2581 1408 2668 1449 me
2692 1408 2797 1450 nec
2822 1393 3055 1449 fratrum
3077 1393 3343 1459 Charitas,
3403 1408 3507 1450 nec
3567 1391 3666 1446 ad—

387 1472 765 1525 versariorum
800 1471 1142 1540 improbitas.

463 1560 555 1615 42.
584 1561 652 1613 Τί
685 1559 795 1630 γὰρ
824 1560 1100 1629 λέγουσιν;
1145 1561 1337 1634 Ὁρᾶτε
1352 1562 1531 1617 αὐτῶν
1551 1564 1648 1635 τῆς
1666 1564 1980 1631 ἀλαζονείας

387 1650 463 1704 τὰ
500 1651 744 1720 ῥήματα.
801 1649 993 1721 Ἡμεῖς
1037 1655 1148 1715 τοῖς
1203 1653 1305 1724 μὲν
1350 1655 1633 1725 ὁμοτίμοις
1665 1659 1844 1729 φαμὲν
1881 1660 1981 1730 τὴν

2159 1566 2251 1621 42.
2278 1566 2419 1632 Quid
2446 1567 2613 1637 igitur
2631 1566 2868 1622 dicunt?
2888 1565 3081 1623 Videte
3098 1577 3305 1637 quanta
3327 1567 3401 1625 sit
3420 1568 3476 1623 in
3497 1568 3665 1629 dictis

2086 1657 2305 1712 illorum
2338 1659 2671 1729 arrogantia.
2705 1657 2853 1722 Nos,
2886 1658 3177 1728 inquiunt,
3211 1657 3560 1728 proﬁtemur,
3592 1663 3661 1718 iis

394 1740 793 1813 συναρίθμησιν
816 1741 1047 1813 πρέπειν
1069 1761 1079 1770 ·
1108 1743 1220 1805 τοῖς
1245 1742 1301 1796 δὲ
1326 1744 1461 1813 πρὸς
1489 1743 1551 1797 τὸ
1580 1749 1759 1817 χεῖρον
1774 1749 1977 1819 παρηλ-

2089 1750 2179 1819 qui
2203 1748 2407 1803 honore
2430 1764 2589 1819 pares
2611 1758 2736 1803 sunt
2759 1751 3056 1805 convenire
3074 1751 3615 1806 connumerationem
3643 1772 3658 1820 ;

388 1833 691 1904 λαγμένοις
710 1831 807 1903 τὴν
838 1832 1040 1903 ὐπαρίθ
1050 1850 1235 1904 μησιν.
1258 1835 1370 1887 Καὶ
1382 1834 1541 1888 τοῦτο
1556 1837 1607 1889 τί
1629 1855 1759 1891 ποτε
1775 1838 1981 1908 λέγετε;

389 1926 468 1978 Οὐ
501 1924 613 1995 γὰρ
646 1925 865 1997 συνίημι
889 1924 1040 1995 ὑμῶν
1061 1924 1160 1994 τῆς
1193 1924 1481 1979 ἀλλοκότου
1518 1928 1728 1996 σοφίας.
1750 1930 1983 2002 Πότερον

385 2017 473 2071 ὅτι
493 2017 697 2088 χρυσὸς
743 2017 842 2087 μὲν
882 2016 1070 2087 χρυσῷ
1109 2016 1542 2087 συναριθμεῖται,
1578 2020 1607 2071 ὁ
1634 2020 1692 2074 δὲ
1724 2020 1983 2091 μόλυϐδος

385 2110 577 2164 οὐκέτι
602 2110 704 2181 τῆς
728 2109 1177 2180 συναριθμήσεως
1191 2108 1359 2175 ἄξιος,
1380 2110 1516 2165 ἀλλὰ
1541 2111 1629 2167 διὰ
1647 2113 1708 2165 τὸ
1725 2114 1823 2184 τῆς
1850 2114 1982 2186 ὕλης

385 2198 593 2252 εὔωνον
633 2197 1148 2268 ὑπαριθμηθήσεται
1202 2197 1284 2268 τῷ
1318 2199 1544 2270 χρυσῷ;
1581 2201 1691 2256 Καὶ
1715 2201 1981 2272 τοσαύτην

385 2290 620 2361 δύναμιν
679 2288 758 2360 τῷ
806 2288 1027 2360 ἀριθμῷ
1057 2291 1404 2363 μαρτυρεῖτε,
1436 2290 1512 2355 ὡς
1553 2291 1586 2362 ἢ
1614 2290 1723 2346 τῶν
1746 2291 1981 2345 εὐτελῶν

384 2384 489 2453 τὴν
531 2383 691 2449 ἀξίαν
724 2382 1064 2454 ὑπεραίρειν,
1123 2380 1293 2455 ἡτῶν
1348 2383 1732 2455 πολυτιμήτων
1772 2384 1885 2455 (52)
1919 2383 1981 2437 τὺ

388 2476 592 2546 σεμνὸν
645 2475 1036 2540 καταϐάλλειν;
1069 2473 1276 2528 Οὐκοῦν
1316 2475 1479 2528 πάλιν
1525 2476 1620 2528 καὶ
1654 2475 1746 2530 τὸν
1780 2476 1980 2546 χρυσὸν

385 2568 504 2628 τοῖς
533 2564 859 2637 βαρυτίμοις
912 2564 1022 2617 τῶν
1050 2564 1213 2618 λίθων
1246 2564 1673 2637 ὑπαριθμήσεις.
1706 2566 1979 2620 κάκείνων

384 2661 501 2722 τοῖς
541 2658 1077 2729 εὐανθεστέροις,καὶ
1107 2658 1317 2727 μείζοσι
1368 2659 1495 2727 τοὺς
1533 2657 1982 2730 ἀλαμπεστέρους

387 2751 485 2802 καί
534 2749 916 2821 μικροτέρους.
991 2748 1151 2803 Ἀλλά
1195 2749 1250 2802 τί
1291 2749 1391 2803 οὐκ
1441 2748 1508 2803 ἂν
1551 2749 1755 2802 εἴποιεν
1804 2750 1853 2803 οἱ
1900 2751 1981 2812 είς

391 2839 561 2909 μηδὲν
621 2839 752 2894 ἄλλο
798 2838 1203 2910 εὐκαιροῦντες,
1250 2839 1283 2910 ἢ
1338 2838 1516 2907 λέγειν
1550 2857 1603 2892 τι
1638 2840 1730 2893 καὶ
1760 2838 1979 2893 ἀκούειν

389 2932 746 3000 καινότερον;
802 2930 1282 3001 ὐνομαζέσθωσαν
1336 2932 1521 2985 λοιπὸν
1557 2930 1696 3002 μετά
1724 2932 1979 2985 Στωϊκῶν

390 3023 489 3077 καὶ
549 3023 941 3095 Ἐπικουρείων
968 3025 1019 3077 οἱ
1063 3024 1421 3095 διαψηφισταὶ
1460 3023 1560 3094 τῆς
1585 3024 1857 3089 ἀσεϐείας.
1882 3025 1979 3088 Τίς

2084 1839 2155 1895 iis
2179 1855 2306 1895 vero
2335 1840 2430 1910 qui
2457 1840 2738 1895 inferioris
2758 1847 2887 1895 sunt
2910 1838 3269 1904 conditionis,
3297 1838 3664 1898 subnumera-

2083 1931 2313 1987 tionem.
2344 1931 2411 1985 Et
2455 1931 2603 1988 istud
2633 1947 2735 1986 cur
2767 1932 2987 1987 tandem
3017 1931 3243 1989 dicitis?
3283 1930 3475 2004 Neque
3512 1934 3662 1990 enim

2082 2023 2325 2094 intelligo
2364 2022 2659 2078 absurdam
2712 2029 2954 2077 vestram
2998 2022 3346 2093 sapientiam.
3378 2025 3465 2079 An
3512 2025 3660 2095 quod

2080 2132 2275 2171 aurum
2300 2131 2436 2172 auro
2458 2124 2911 2182 connumeratnr,
2938 2115 3223 2186 plumbum
3248 2131 3380 2171 vero
3398 2131 3510 2171 non
3530 2117 3661 2172 item

2080 2209 2187 2264 erit
2229 2208 2454 2278 dignum
2502 2207 2644 2278 quod
2679 2214 3136 2273 connumeretur,
3167 2207 3265 2263 sed
3310 2208 3384 2265 ob
3417 2210 3662 2265 materia:

2081 2300 2341 2355 vilitatem
2364 2298 2849 2355 subnumerabitur
2884 2312 3020 2354 auro
3040 2299 3063 2352 ‘3
3080 2298 3261 2369 Atque
3293 2300 3459 2356 etiam
3480 2300 3663 2357 vimne

2080 2399 2289 2446 tantam
2332 2391 2571 2447 tribuitis
2612 2407 2879 2458 numero,
2932 2399 2993 2446 ut
3039 2391 3089 2448 is
3117 2391 3204 2447 vel
3242 2407 3427 2448 rerum
3471 2393 3661 2447 vilium

2081 2484 2313 2555 pretium
2345 2484 2597 2540 attollere
2620 2523 2635 2547 ,
2672 2484 2760 2540 vel
2797 2484 3170 2555 pretiosarum
3198 2498 3384 2539 rerum
3424 2484 3663 2556 dignita-

2079 2585 2190 2633 tem
2219 2577 2458 2649 dejicere
2502 2578 2725 2633 valeat?
2761 2576 2906 2649 Ergo
2947 2589 3145 2633 rursus
3175 2588 3373 2631 aurum
3405 2575 3661 2643 pretiosis

2080 2668 2359 2739 lapidibus
2382 2668 2808 2724 subnumerabis
2832 2686 2846 2734 ;
2879 2674 3045 2737 atque
3070 2668 3127 2723 in
3148 2666 3239 2722 his
3260 2665 3417 2736 ipsis,
3442 2665 3664 2736 elegan-

2079 2759 2318 2815 tioribus
2347 2774 2413 2813 ac
2432 2744 2741 2829 majoribus
2776 2757 3204 2815 subnumerabis
3231 2758 3418 2813 minus
3444 2757 3662 2813 lucidos

2078 2863 2145 2903 ac
2175 2849 2437 2905 minores.
2470 2849 2581 2905 Sed
2607 2850 2739 2921 quid
2766 2865 2877 2906 non
2903 2850 3112 2916 dicant,
3143 2849 3238 2920 qui
3261 2850 3330 2906 ad
3352 2850 3491 2905 nihil
3510 2850 3661 2906 aliud

2078 2948 2296 3003 vacant,
2329 2941 2438 2997 nisi
2475 2949 2570 2996 aut
2597 2942 2664 2997 ad
2691 2941 3010 3010 dicendum,
3045 2948 3141 2997 aut
3180 2940 3516 2997 audiendum
3560 2943 3664 2996 ali—

2077 3033 2210 3105 quid
2253 3035 2424 3089 novi?
2455 3032 2696 3089 Posthac
2722 3050 2846 3092 cum
2898 3032 3098 3091 Stoicis
3144 3042 3201 3090 et
3232 3032 3528 3104 Epicureis
3556 3050 3662 3090 no-

390 3117 505 3186 γάρ
540 3116 607 3171 ἂν
637 3118 734 3171 καὶ
765 3117 977 3185 γένοιτο
1032 3118 1167 3189 πρὸς
1187 3118 1256 3169 τὰ
1286 3116 1559 3187 πολύτιμα
1580 3116 1688 3169 τῶν
1727 3116 1977 3187 ἀτιμοτέ-

2089 3123 2359 3177 minentur
2388 3124 2482 3192 qui
2514 3122 2846 3193 impietatem
2878 3124 3011 3178 inita
3040 3123 3424 3194 subductaque
3446 3124 3661 3178 ratione

392 3227 504 3280 ρων
556 3212 590 3280 ἡ
638 3209 1042 3281 ὑπαρίθμησις;
1090 3211 1146 3263 Ὀ
1200 3208 1435 3279 χαλκοῦς
1471 3207 1654 3271 ὀϐολὸς
1685 3207 1761 3278 τῷ
1790 3207 1976 3280 χρυσῷ

390 3300 625 3370 στατῆρι
670 3298 788 3362 πῶς
832 3298 1375 3371 ὐπαριθμηθήσεται;
1437 3298 1559 3351 Ὅτι
1607 3298 1668 3350 οὑ
1722 3297 1974 3368 λέγομεν,

389 3396 549 3461 φησι,
605 3390 700 3444 δύο
758 3390 1055 3463 κεκτῆσθαι
1102 3391 1446 3461 νομίσματα’
1502 3389 1616 3443 ἀλλ’
1656 3388 1714 3443 ἓν
1746 3390 1841 3443 καὶ
1892 3388 1972 3444 ἓν.

388 3485 633 3554 Πότερον
686 3479 779 3538 οὖν
806 3483 1009 3537 τούτων
1044 3484 1256 3555 ποτέρῳ
1302 3483 1724 3554 ὑπαριθμεῖται;
1767 3484 1976 3553 Ἐκφωυ

390 3577 563 3626 νεῖται
594 3573 695 3642 μὲν
723 3573 834 3643 γὰρ
857 3573 1060 3644 ὁμοίως
1094 3572 1376 3643 ἑκάτερον.
1436 3571 1561 3624 Ἐὰν
1590 3572 1691 3642 μὲν
1727 3567 1821 3626 οὖν
1852 3570 1978 3627 καθ’

390 3664 554 3718 ἑαυτὸ
584 3664 695 3734 (55)
722 3663 950 3718 ἕκαστον
981 3663 1317 3735 ἀριθμήσῃς,
1372 3662 1665 3733 ὁμοτιμίαν
1713 3665 1886 3726 ποιεῖς
1919 3664 1978 3715 έν

2082 3211 2300 3266 docent.
2331 3213 2468 3279 Quae
2497 3228 2736 3284 namque
2775 3213 2858 3268 vel
2898 3214 3074 3284 possit
3122 3215 3238 3268 lieri
3283 3229 3466 3270 rerum
3502 3215 3659 3270 vilio-

2082 3315 2202 3355 rum
2237 3301 2304 3355 ad
2342 3302 2692 3371 pretiosiores
2723 3303 3185 3358 subnumeratio?
3211 3303 3415 3359 Atheus
3460 3304 3662 3360 obolus

2082 3406 2253 3447 aureo
2296 3395 2486 3448 stateri
2518 3393 2792 3463 quomodo
2839 3393 3365 3450 subnumerabitur?
3392 3392 3663 3460 Quoniam

2081 3498 2188 3539 non
2218 3485 2450 3539 dicimus
2473 3524 2488 3548 ,
2515 3484 2772 3555 inquiunt
2796 3524 2812 3547 ,
2844 3485 2955 3541 duo
2985 3485 3254 3556 possideri
3288 3486 3619 3543 numismata
3644 3524 3660 3550 ,

2078 3575 2173 3631 sed
2221 3591 2390 3630 unum
2432 3585 2487 3632 et
2514 3593 2705 3633 unum.
2740 3575 2933 3632 Utrum
2967 3578 3135 3648 igitur
3163 3577 3273 3633 utri
3299 3576 3495 3632 borum
3530 3577 3662 3634 sub-

2078 3668 2454 3724 numcratur?
2504 3668 2642 3723 Nam
2700 3676 2997 3739 utrumque
3051 3669 3307 3731 similiter
3359 3668 3658 3740 profertur.

392 3754 471 3826 τῷ
508 3756 681 3826 ὁμοίῳ
723 3756 908 3825 τρόπῳ
946 3757 1043 3826 τῆς
1075 3755 1424 3827 ἀριθμήσεως
1454 3755 1564 3826 (54)
1595 3773 1607 3784 ·
1636 3754 1731 3808 ἐὰν
1766 3755 1823 3808 δὲ
1850 3772 1977 3808 συν-

2089 3757 2268 3829 Itaque
2301 3760 2348 3815 si
2396 3761 2652 3830 quodque
2681 3777 2779 3831 per
2810 3776 2870 3817 se
2898 3776 3178 3827 numeres,
3208 3760 3345 3817 facis
3374 3761 3663 3832 aequalita-

393 3848 538 3919 ἀψῃς
558 3846 722 3907 αὐτὰ,
759 3846 921 3899 πάλιν
948 3849 1086 3909 ὲνοῖς
1116 3846 1214 3917 τὴν
1242 3846 1419 3913 ἀξίαν,
1443 3846 1788 3918 συναριθμῶν
1816 3847 1977 3919 ἀλλή-

2089 3857 2191 3905 tem
2230 3852 2390 3922 pretii
2429 3852 2619 3908 eodem
2656 3853 2980 3909 numerandi
3027 3853 3225 3913 modo:
3256 3854 3341 3909 sin
3380 3861 3561 3910 autem
3596 3868 3662 3908 ea

392 3937 505 4000 λοις
530 3938 836 4009 ἀμφότερα.
856 3938 920 3991 Ei
950 3938 1007 3991 δὲ
1033 3939 1170 4009 ὅπερ
1190 3936 1254 3991 ἂν
1269 3938 1520 4010 δεύτερον
1547 3936 1825 4010 ἀριθμηθῇ
1845 3937 1977 4009 (55),

2089 3943 2460 4013 conjunxeris,
2489 3960 2686 4000 rursus
2707 3959 2871 3999 unam
2899 3954 2955 4000 et
2983 3946 3230 4001 eamdem
3253 3943 3392 3999 facis
3422 3942 3662 4014 dignita-

392 4028 554 4082 τοῦτο
584 4028 700 4093 ἕξει
728 4030 828 4099 τὴν
866 4028 1260 4100 ὑπαρίθμησιν,
1290 4033 1350 4084 ἐν
1375 4029 1451 4101 τῷ
1491 4029 1813 4102 ἀριθμοῦντί
1835 4032 1977 4083 ἐστιν

2089 4039 2191 4088 lem
2214 4077 2229 4101 ,
2263 4042 2556 4103 utrumque
2586 4035 2742 4089 alteri
2772 4050 3203 4090 connumerans.
3236 4033 3393 4102 Quod
3421 4034 3467 4091 si
3496 4033 3660 4105 quid-

395 4121 506 4174 ἀπὸ
554 4120 650 4173 τοῦ
687 4119 890 4191 χαλκοῦ
929 4122 1262 4191 νομίσματος
1293 4122 1394 4192 τῆς
1433 4121 1785 4193 ἀριθμήσεως
1812 4122 1977 4194 ἄρξα-

2089 4124 2213 4193 quid
2256 4124 2311 4178 in
2361 4125 2701 4180 numerando
2743 4125 3049 4195 posteriore
3095 4125 3220 4182 loco
3269 4126 3552 4197 posueris,
3603 4126 3661 4181 id

396 4212 544 4266 σθαι.
587 4211 752 4266 Ἀλλά
793 4211 893 4282 τῆς
942 4212 1181 4283 ἀμαθίας
1209 4211 1301 4266 τὸν
1330 4211 1552 4282 ἔλεγχον
1594 4211 1977 4282 ὑπερθέμενοι,

2089 4213 2304 4268 habebit
2328 4214 2892 4278 subnumerationem,
2926 4218 3240 4272 numeranti
3270 4218 3328 4272 in
3372 4232 3537 4271 manu
3573 4224 3660 4272 est

393 4303 490 4355 ἐπὶ
518 4303 588 4356 τὰ
617 4302 909 4373 συνέχοντα
938 4302 1031 4355 τὸν
1066 4301 1221 4370 λόγον
1246 4300 1555 4372 τρέφωμεν.

2089 4304 2152 4358 ab
2181 4318 2324 4360 aereo
2372 4306 2703 4361 numismate
2750 4307 3187 4364 numerationem
3236 4308 3501 4380 incipere.
3550 4307 3657 4362 Sed

393 4395 686 4462 imperitiae
723 4392 1151 4448 confutationem
1184 4394 1241 4448 in
1286 4392 1435 4448 aliud
1498 4401 1714 4462 tempus
1780 4392 2125 4463 rejicientes,
2159 4397 2227 4452 ad
2292 4412 2355 4453 ea
2405 4412 2528 4467 quas
2572 4413 2689 4453 rem
2718 4412 3055 4470 causamque
3086 4405 3403 4470 continent,
3450 4400 3660 4456 oratio-

394 4501 521 4541 nem
553 4494 857 4540 vertamus.
1593 4491 1596 4494 ’

465 4578 557 4633 45.
590 4579 704 4632 Καὶ¹
721 4576 814 4631 τὸν
835 4577 961 4632 Υἱὸν
997 4578 1417 4651 ὑπαριθμεῖσθαι
1445 4577 1524 4650 τῷ
1560 4578 1736 4649 Ila-cpi.
1765 4578 1974 4646 λέγετε,

2153 4577 2241 4631 45.
2274 4575 2523 4631 Etiamne
2570 4576 2769 4632 Filium
2817 4577 3002 4634 dicitis
3045 4578 3430 4637 subnumerari
3485 4581 3652 4642 Patri.

394 4672 493 4725 καὶ
539 4671 603 4724 τὸ
646 4670 876 4741 Πνεῦμα
915 4669 993 4741 τῷ
1029 4670 1164 4742 Υίῷ,
1193 4671 1226 4743 ἢ
1254 4670 1332 4743 τῷ
1380 4668 1658 4742 Πνεύματι
1709 4673 1852 4741 μόνῳ
1876 4669 1976 4741 τὴν

2089 4682 2146 4723 ac
2170 4667 2437 4738 Spiritum
2472 4666 2649 4736 Filio;
2683 4684 2753 4724 an
2780 4669 2881 4723 soli
2914 4666 3143 4740 Spiritui
3172 4670 3417 4726 tribuitis
3445 4672 3657 4730 subnu-

397 4762 775 4834 ὑπαρίθμησιν
812 4762 1136 4834 ἀφορίζετε;
1188 4764 1252 4817 Εἰ
1286 4763 1385 4835 μὲν
1435 4762 1545 4834 γὰρ
1595 4763 1690 4816 καὶ
1729 4762 1820 4814 τὸν
1847 4760 1976 4814 Υίὸν

2089 4759 2479 4817 merationem?
2502 4760 2713 4816 Etenim
2741 4763 2787 4816 si
2815 4759 3014 4816 Filium
3041 4777 3263 4833 quoque
3294 4761 3657 4820 subnumera-

396 4856 783 4929 ὑπαριθμεῖτε,
833 4857 994 4911 πάλιν
1032 4858 1123 4912 τὸν
1177 4859 1339 4913 αὑτὸν
1389 4858 1548 4927 λόγον
1589 4858 1688 4928 τῆς
1722 4855 1976 4919 ἀσεϐείας

2089 4853 2177 4918 tis,
2211 4868 2408 4910 rursus
2436 4853 2682 4910 eamdem
2714 4853 3012 4925 impietatis
3041 4855 3656 4922 doctrinamjustaurza

399 4947 798 5014 ἀνακαινίζετε,
833 4948 895 5001 τὸ
918 4948 1167 5020 ἀνόμοιον
1200 4951 1300 5022 τῆς
1341 4950 1550 5014 οὐσίας,
1585 4948 1682 5020 τὴν
1704 4946 1798 5001 τοῦ
1823 4945 1977 5014 ἀξιώ-

2089 4946 2156 5003 Iis
2180 4984 2197 5011 ,
2226 4944 2725 5013 dissimilitudinem
2756 4950 3013 5010 essentia:
3037 4996 3052 5020 ,
3083 4956 3368 5027 dignitatis
3395 4959 3659 5030 dejectio-

405 5056 572 5111 ματος
624 5039 1012 5111 ταπεινότητα,
1059 5040 1157 5112 τὴν
1213 5043 1271 5095 ὲν
1329 5041 1539 5113 ὑστέρῳ
1593 5039 1828 5109 γένεσιν,
1885 5037 1977 5093 καὶ

2089 5054 2230 5111 nem,
2250 5045 2587 5101 nativitatem
2609 5054 2852 5116 tempore
2870 5047 3250 5118 posteriorem,
3268 5049 3396 5106 etin
3418 5066 3653 5116 summa.

401 5130 734 5196 ἁπαξαπλῶς
755 5130 937 5195 πάσας
979 5130 1112 5202 ὁμοῦ
1154 5131 1248 5197 τὰς
1278 5135 1357 5198 είς
1385 5133 1475 5188 τὸν
1506 5131 1783 5204 Μονογενῆ
1814 5130 1975 5203 βλασ-

2089 5149 2275 5191 omnes
2303 5135 2464 5191 simul
2494 5135 2866 5206 blasphemias
2895 5137 2951 5190 in
2977 5134 3328 5207 Unigenitnm
3356 5141 3522 5197 unico
3548 5142 3655 5197 isto

401 5224 614 5294 φημξας
642 5223 711 5275 δι’
744 5223 862 5286 ἑνὸς
892 5222 1081 5276 τούτου
1110 5225 1352 5294 ῥήματος
1400 5223 1830 5287 ἀνακυκλῶντες
1858 5225 1974 5277 ἐπι-

2089 5224 2246 5279 verbo
2273 5225 2554 5281 revolvere
2596 5225 2963 5282 ostendemini
2995 5245 3007 5281 :
3043 5228 3243 5296 quibus
3278 5231 3653 5288 contradicere

397 5311 748 5384 δειχθήσεσθε
769 5330 785 5345 θ
816 5308 898 5378 οἷς
918 5314 1215 5383 ἀντιλέγειν
1264 5317 1598 5388 μακρότερον
1634 5315 1669 5387 ἢ
1696 5315 1837 5371 κατά
1871 5315 1970 5387 τὴν

2089 5315 2343 5384 prolixius
2370 5324 2475 5381 est,
2514 5333 2676 5387 quam
2706 5332 2803 5386 pro
2832 5318 3086 5386 praesenti
3121 5320 3393 5385 instituto,
3422 5338 3652 5392 praeser-

473 5466 586 5537 (51)
628 5468 751 5522 Τῶν
779 5469 1090 5539 σωμάτων.
1127 5468 1333 5525 Desunt
1362 5469 1445 5524 ha:
1494 5484 1657 5524 voces
1686 5470 1742 5525 in
1772 5469 1969 5539 pleris-

397 5553 509 5607 que
550 5538 875 5594 codicihus.’
899 5538 1023 5593 Mox
1063 5539 1193 5595 editi
1236 5542 1569 5607 ἐπενεγκεῖν.
1603 5538 1707 5595 Sex
1751 5538 1969 5595 eOdices

399 5616 464 5681 ut
504 5610 558 5661 in
585 5617 861 5681 contextu.
882 5608 1095 5681 iisdem
1123 5609 1440 5681 auctoribus
1476 5611 1637 5679 paulo
1665 5618 1786 5681 post
1815 5609 1964 5665 dele.

398 5678 596 5748 vimus
614 5679 1055 5748 coniunctionem
1080 5688 1206 5735 ante
1231 5678 1496 5748 λέγουσιν.

478 5747 589 5817 (52)
617 5747 1053 5820 Πολυτιμήτων.
1106 5747 1311 5821 Regius
1358 5757 1584 5820 quartus
1639 5748 1967 5820 πολυτίμων.

2148 5468 2271 5549 (53),
2310 5469 2452 5549 Ἐὰν
2946 5471 3145 5549 ἑαυτό.
3202 5472 3295 5549 Sic
3329 5484 3440 5549 tres
3500 5475 3647 5549 Regii

2076 5540 2471 5612 cumtlolbert.
2511 5539 2651 5612 ξδᾱίιὶ
2691 5540 2828 5612 Ἀλλ’
2868 5541 2962 5595 ἐὰν
2996 5543 3093 5612 μὲν
3125 5544 3243 5597 καθ’
3272 5547 3481 5600 ἑαυτόν.

2299 5608 2712 5687 ῘᾼΡίθμήᾳὲωὲ
2744 5611 2875 5683 “38-
2901 5608 3175 5687 SECiJD‘dllS
3199 5615 3643 5687 ὑπαριθμήσεως.

2149 5667 2278 5757 ἰ
2299 5667 2635 5757 Ἀᾆεέθᾷιή-(ὶῇ.
2662 5667 2901 5738 Unus?!
2925 5680 3108 5757 Regiis
3128 5667 3479 5757 {iptﬂ
3495 5667 3647 5745 alitis

2075 5748 2334 5820 ἀριθμῇς.
2375 5747 2491 5803 uos
2528 5747 2658 5821 Reg.
2700 5762 2924 5822 quartus
2955 5747 3397 5826 ἀπαριθμήὰεώς.
