  <div class='ocr_page' id='page_1' title='image "/cluster/home/n/w/nwhite01/storage/ocr_20150623/32/mdp.39015011915462/084.png"; bbox 0 0 3972 6218; ppageno 0'>
   <div class='ocr_carea' id='block_1_1' title="bbox 245 402 346 459">
    <p class='ocr_par' dir='ltr' id='par_1_1' title="bbox 245 402 346 459">
     <span class='ocr_line' id='line_1_1' title="bbox 245 402 346 459; baseline 0.02 -2"><span class='ocrx_word' id='word_1_1' title='bbox 245 402 346 459; x_wconf 77' lang='lat' dir='ltr'><strong>H9</strong></span> 
     </span>
    </p>
   </div>
   <div class='ocr_carea' id='block_1_2' title="bbox 1370 386 2347 451">
    <p class='ocr_par' dir='ltr' id='par_1_2' title="bbox 1370 386 2347 451">
     <span class='ocr_line' id='line_1_2' title="bbox 1370 386 2347 451; baseline -0.008 0"><span class='ocrx_word' id='word_1_2' title='bbox 1370 395 1572 451; x_wconf 80' lang='lat' dir='ltr'><strong>LIBER</strong></span> <span class='ocrx_word' id='word_1_3' title='bbox 1611 395 1701 451; x_wconf 88' lang='lat' dir='ltr'><strong>DE</strong></span> <span class='ocrx_word' id='word_1_4' title='bbox 1736 391 2016 448; x_wconf 82' lang='lat' dir='ltr'><strong>SPlRlTU</strong></span> <span class='ocrx_word' id='word_1_5' title='bbox 2055 386 2347 445; x_wconf 80' lang='lat' dir='ltr'><strong>SANCTO.</strong></span> 
     </span>
    </p>
   </div>
   <div class='ocr_carea' id='block_1_3' title="bbox 3413 373 3526 430">
    <p class='ocr_par' dir='ltr' id='par_1_3' title="bbox 3413 373 3526 430">
     <span class='ocr_line' id='line_1_3' title="bbox 3413 373 3526 430; baseline -0.018 0"><span class='ocrx_word' id='word_1_6' title='bbox 3413 373 3526 430; x_wconf 72' lang='lat'><strong>150</strong></span> 
     </span>
    </p>
   </div>
   <div class='ocr_carea' id='block_1_4' title="bbox 241 488 1851 586">
    <p class='ocr_par' dir='ltr' id='par_1_4' title="bbox 241 508 1851 586">
     <span class='ocr_line' id='line_1_4' title="bbox 241 508 1851 586; baseline -0.007 -15"><span class='ocrx_word' id='word_1_7' title='bbox 241 519 347 573; x_wconf 77' lang='grc' dir='ltr'><strong>τῶν</strong></span> <span class='ocrx_word' id='word_1_8' title='bbox 375 517 561 571; x_wconf 74' lang='grc' dir='ltr'>ἄλλων</span> <span class='ocrx_word' id='word_1_9' title='bbox 589 517 664 570; x_wconf 77' lang='grc' dir='ltr'><strong>ἐκ</strong></span> <span class='ocrx_word' id='word_1_10' title='bbox 694 514 794 585; x_wconf 76' lang='grc' dir='ltr'>τῆς</span> <span class='ocrx_word' id='word_1_11' title='bbox 837 515 945 581; x_wconf 77' lang='grc' dir='ltr'>τοῦ,</span> <span class='ocrx_word' id='word_1_12' title='bbox 978 510 1215 586; x_wconf 84' lang='grc' dir='ltr'>ἀριθμοῦ</span> <span class='ocrx_word' id='word_1_13' title='bbox 1242 509 1564 582; x_wconf 77' lang='grc' dir='ltr'>προσθήκης</span> <span class='ocrx_word' id='word_1_14' title='bbox 1606 508 1851 563; x_wconf 83' lang='grc' dir='ltr'>ἀλλοιου-</span> 
     </span>
    </p>
   </div>
   <div class='ocr_carea' id='block_1_5' title="bbox 1961 488 3530 586">
    <p class='ocr_par' dir='ltr' id='par_1_5' title="bbox 1961 488 3530 558">
     <span class='ocr_line' id='line_1_5' title="bbox 1961 488 3530 558; baseline -0.013 0"><span class='ocrx_word' id='word_1_15' title='bbox 1961 518 2075 558; x_wconf 80' lang='lat' dir='ltr'><strong>cum</strong></span> <span class='ocrx_word' id='word_1_16' title='bbox 2109 502 2257 557; x_wconf 87' lang='lat' dir='ltr'><strong>nulla</strong></span> <span class='ocrx_word' id='word_1_17' title='bbox 2290 499 2397 555; x_wconf 91' lang='lat' dir='ltr'><strong>alia</strong></span> <span class='ocrx_word' id='word_1_18' title='bbox 2427 507 2517 555; x_wconf 81' lang='lat' dir='ltr'><strong>res</strong></span> <span class='ocrx_word' id='word_1_19' title='bbox 2544 497 2615 552; x_wconf 86' lang='lat' dir='ltr'><strong>ob</strong></span> <span class='ocrx_word' id='word_1_20' title='bbox 2649 494 2863 550; x_wconf 86' lang='lat' dir='ltr'><strong>numeri</strong></span> <span class='ocrx_word' id='word_1_21' title='bbox 2907 491 3283 549; x_wconf 78' lang='lat' dir='ltr'><strong>accessionem</strong></span> <span class='ocrx_word' id='word_1_22' title='bbox 3330 488 3530 542; x_wconf 81' lang='lat' dir='ltr'><strong>inmm-</strong></span> 
     </span>
    </p>
   </div>
   <div class='ocr_carea' id='block_1_6' title="bbox 246 595 1845 681">
    <p class='ocr_par' dir='ltr' id='par_1_6' title="bbox 246 595 1845 681">
     <span class='ocr_line' id='line_1_6' title="bbox 246 595 1845 681; baseline -0.009 -19"><span class='ocrx_word' id='word_1_23' title='bbox 246 606 429 681; x_wconf 79' lang='grc' dir='ltr'>μένου,</span> <span class='ocrx_word' id='word_1_24' title='bbox 462 599 631 661; x_wconf 70' lang='grc' dir='ltr'>οὗτοι.</span> <span class='ocrx_word' id='word_1_25' title='bbox 656 606 748 658; x_wconf 75' lang='grc' dir='ltr'>ἐπὶ</span> <span class='ocrx_word' id='word_1_26' title='bbox 774 604 877 675; x_wconf 76' lang='grc' dir='ltr'>τῆς</span> <span class='ocrx_word' id='word_1_27' title='bbox 917 603 1068 665; x_wconf 84' lang='grc' dir='ltr'>θείας</span> <span class='ocrx_word' id='word_1_28' title='bbox 1107 601 1325 671; x_wconf 86' lang='grc' dir='ltr'>φύσεως</span> <span class='ocrx_word' id='word_1_29' title='bbox 1360 598 1718 653; x_wconf 79' lang='grc' dir='ltr'>εὐλαϐοῦνται</span> <span class='ocrx_word' id='word_1_30' title='bbox 1753 595 1845 648; x_wconf 81' lang='grc' dir='ltr'><strong>τὸν</strong></span> 
     </span>
    </p>
   </div>
   <div class='ocr_carea' id='block_1_7' title="bbox 247 685 1846 771">
    <p class='ocr_par' dir='ltr' id='par_1_7' title="bbox 247 685 1846 771">
     <span class='ocr_line' id='line_1_7' title="bbox 247 685 1846 771; baseline -0.008 -18"><span class='ocrx_word' id='word_1_31' title='bbox 247 698 527 771; x_wconf 66' lang='grc' dir='ltr'>ἅριθμδν,</span> <span class='ocrx_word' id='word_1_32' title='bbox 712 696 784 749; x_wconf 79' lang='grc' dir='ltr'>δι’</span> <span class='ocrx_word' id='word_1_33' title='bbox 837 694 1005 749; x_wconf 78' lang='grc' dir='ltr'>αὐτοῦ</span> <span class='ocrx_word' id='word_1_34' title='bbox 1053 693 1164 763; x_wconf 70' lang='grc'><strong>(40)</strong></span> <span class='ocrx_word' id='word_1_35' title='bbox 1213 693 1313 763; x_wconf 82' lang='grc' dir='ltr'><strong>τῆς</strong></span> <span class='ocrx_word' id='word_1_36' title='bbox 1362 690 1719 763; x_wconf 77' lang='grc' dir='ltr'><strong>ὀφειλομένης</strong></span> <span class='ocrx_word' id='word_1_37' title='bbox 1770 685 1846 757; x_wconf 83' lang='grc' dir='ltr'>τῷ</span> 
     </span>
    </p>
   </div>
   <div class='ocr_carea' id='block_1_8' title="bbox 247 777 1848 862">
    <p class='ocr_par' dir='ltr' id='par_1_8' title="bbox 247 777 1848 862">
     <span class='ocr_line' id='line_1_8' title="bbox 247 777 1848 862; baseline -0.006 -16"><span class='ocrx_word' id='word_1_38' title='bbox 247 787 605 862; x_wconf 76' lang='grc' dir='ltr'>Παρακλήτῳ</span> <span class='ocrx_word' id='word_1_39' title='bbox 663 787 834 858; x_wconf 82' lang='grc' dir='ltr'>τιμῆς</span> <span class='ocrx_word' id='word_1_40' title='bbox 887 785 1167 856; x_wconf 77' lang='grc' dir='ltr'>ὑπερϐῶσι</span> <span class='ocrx_word' id='word_1_41' title='bbox 1211 783 1272 836; x_wconf 82' lang='grc' dir='ltr'>τὸ</span> <span class='ocrx_word' id='word_1_42' title='bbox 1320 782 1538 854; x_wconf 79' lang='grc' dir='ltr'><strong>μέτρον.</strong></span> <span class='ocrx_word' id='word_1_43' title='bbox 1596 781 1757 846; x_wconf 81' lang='grc' dir='ltr'>Ἀλλ’,</span> <span class='ocrx_word' id='word_1_44' title='bbox 1801 777 1848 837; x_wconf 82' lang='grc' dir='ltr'><strong>ὧ</strong></span> 
     </span>
    </p>
   </div>
   <div class='ocr_carea' id='block_1_9' title="bbox 246 871 1849 948">
    <p class='ocr_par' dir='ltr' id='par_1_9' title="bbox 246 871 1849 948">
     <span class='ocr_line' id='line_1_9' title="bbox 246 871 1849 948; baseline -0.005 -16"><span class='ocrx_word' id='word_1_45' title='bbox 246 878 602 948; x_wconf 74' lang='grc' dir='ltr'>σοφώτατοι,</span> <span class='ocrx_word' id='word_1_46' title='bbox 648 877 882 948; x_wconf 81' lang='grc' dir='ltr'>μάλιστα</span> <span class='ocrx_word' id='word_1_47' title='bbox 942 875 1038 946; x_wconf 84' lang='grc' dir='ltr'><strong>μὲν</strong></span> <span class='ocrx_word' id='word_1_48' title='bbox 1096 874 1238 942; x_wconf 78' lang='grc' dir='ltr'>ὑπὲρ</span> <span class='ocrx_word' id='word_1_49' title='bbox 1290 873 1525 944; x_wconf 75' lang='grc' dir='ltr'>ἀριθμὸν</span> <span class='ocrx_word' id='word_1_50' title='bbox 1579 871 1721 925; x_wconf 78' lang='grc' dir='ltr'>ἔστω</span> <span class='ocrx_word' id='word_1_51' title='bbox 1778 872 1849 925; x_wconf 83' lang='grc' dir='ltr'>τὰ</span> 
     </span>
    </p>
   </div>
   <div class='ocr_carea' id='block_1_10' title="bbox 245 962 1848 1037">
    <p class='ocr_par' dir='ltr' id='par_1_10' title="bbox 245 962 1848 1037">
     <span class='ocr_line' id='line_1_10' title="bbox 245 962 1848 1037; baseline -0.003 -17"><span class='ocrx_word' id='word_1_52' title='bbox 245 969 519 1036; x_wconf 76' lang='grc' dir='ltr'><strong>ἀνέφικτα</strong></span> <span class='ocrx_word' id='word_1_53' title='bbox 540 985 555 996; x_wconf 92' lang='grc'><strong>·</strong></span> <span class='ocrx_word' id='word_1_54' title='bbox 591 966 674 1030; x_wconf 84' lang='grc' dir='ltr'>ὡς</span> <span class='ocrx_word' id='word_1_55' title='bbox 697 968 731 1037; x_wconf 79' lang='grc' dir='ltr'>ἡ</span> <span class='ocrx_word' id='word_1_56' title='bbox 761 965 968 1019; x_wconf 74' lang='grc' dir='ltr'>παλαιὰ</span> <span class='ocrx_word' id='word_1_57' title='bbox 990 964 1096 1018; x_wconf 84' lang='grc' dir='ltr'><strong>τῶν</strong></span> <span class='ocrx_word' id='word_1_58' title='bbox 1117 962 1385 1034; x_wconf 77' lang='grc' dir='ltr'>Ἐϐραίων</span> <span class='ocrx_word' id='word_1_59' title='bbox 1416 962 1671 1016; x_wconf 77' lang='grc' dir='ltr'>εὐλάϐεια</span> <span class='ocrx_word' id='word_1_60' title='bbox 1697 962 1848 1027; x_wconf 79' lang='grc' dir='ltr'>ἰδίοις</span> 
     </span>
    </p>
   </div>
   <div class='ocr_carea' id='block_1_11' title="bbox 249 1053 1851 1130">
    <p class='ocr_par' dir='ltr' id='par_1_11' title="bbox 249 1053 1851 1130">
     <span class='ocr_line' id='line_1_11' title="bbox 249 1053 1851 1130; baseline -0.006 -17"><span class='ocrx_word' id='word_1_61' title='bbox 249 1058 500 1130; x_wconf 77' lang='grc' dir='ltr'><strong>σημείοις</strong></span> <span class='ocrx_word' id='word_1_62' title='bbox 538 1058 609 1112; x_wconf 85' lang='grc' dir='ltr'><strong>τὸ</strong></span> <span class='ocrx_word' id='word_1_63' title='bbox 650 1055 1032 1128; x_wconf 80' lang='grc' dir='ltr'>ἀνεκφὼνητον</span> <span class='ocrx_word' id='word_1_64' title='bbox 1061 1055 1231 1125; x_wconf 79' lang='grc' dir='ltr'>ὄνομα</span> <span class='ocrx_word' id='word_1_65' title='bbox 1263 1053 1359 1108; x_wconf 82' lang='grc' dir='ltr'><strong>τοῦ</strong></span> <span class='ocrx_word' id='word_1_66' title='bbox 1385 1053 1520 1108; x_wconf 87' lang='grc' dir='ltr'><strong>Θεοῦ</strong></span> <span class='ocrx_word' id='word_1_67' title='bbox 1562 1053 1851 1124; x_wconf 85' lang='grc' dir='ltr'>διεχάρασ-</span> 
     </span>
    </p>
   </div>
   <div class='ocr_carea' id='block_1_12' title="bbox 250 1144 1847 1219">
    <p class='ocr_par' dir='ltr' id='par_1_12' title="bbox 250 1144 1847 1219">
     <span class='ocr_line' id='line_1_12' title="bbox 250 1144 1847 1219; baseline -0.003 -18"><span class='ocrx_word' id='word_1_68' title='bbox 250 1165 309 1201; x_wconf 75' lang='grc' dir='ltr'><strong>σε</strong></span> <span class='ocrx_word' id='word_1_69' title='bbox 340 1148 479 1219; x_wconf 77' lang='grc'><strong>(41),</strong></span> <span class='ocrx_word' id='word_1_70' title='bbox 513 1149 620 1202; x_wconf 72' lang='grc' dir='ltr'><strong>καὶ</strong></span> <span class='ocrx_word' id='word_1_71' title='bbox 662 1151 727 1202; x_wconf 84' lang='grc' dir='ltr'>ὲκ</span> <span class='ocrx_word' id='word_1_72' title='bbox 754 1148 948 1201; x_wconf 84' lang='grc' dir='ltr'>τούτου</span> <span class='ocrx_word' id='word_1_73' title='bbox 992 1147 1090 1218; x_wconf 76' lang='grc' dir='ltr'>τὴν</span> <span class='ocrx_word' id='word_1_74' title='bbox 1123 1146 1265 1199; x_wconf 69' lang='grc' dir='ltr'>κατὰ</span> <span class='ocrx_word' id='word_1_75' title='bbox 1314 1145 1533 1198; x_wconf 84' lang='grc' dir='ltr'>πάντων</span> <span class='ocrx_word' id='word_1_76' title='bbox 1572 1144 1847 1217; x_wconf 79' lang='grc' dir='ltr'>ὑπεροχὴν</span> 
     </span>
    </p>
   </div>
   <div class='ocr_carea' id='block_1_13' title="bbox 251 1236 1848 1312">
    <p class='ocr_par' dir='ltr' id='par_1_13' title="bbox 251 1236 1848 1312">
     <span class='ocr_line' id='line_1_13' title="bbox 251 1236 1848 1312; baseline -0.003 -20"><span class='ocrx_word' id='word_1_77' title='bbox 251 1239 624 1312; x_wconf 66' lang='grc' dir='ltr'>παριστῶσαθ</span> <span class='ocrx_word' id='word_1_78' title='bbox 679 1241 729 1292; x_wconf 79' lang='grc' dir='ltr'>εἰ</span> <span class='ocrx_word' id='word_1_79' title='bbox 780 1240 838 1293; x_wconf 80' lang='grc' dir='ltr'><strong>δὲ</strong></span> <span class='ocrx_word' id='word_1_80' title='bbox 888 1238 997 1310; x_wconf 80' lang='grc' dir='ltr'>ἄρα</span> <span class='ocrx_word' id='word_1_81' title='bbox 1031 1238 1112 1292; x_wconf 80' lang='grc' dir='ltr'>δεῖ</span> <span class='ocrx_word' id='word_1_82' title='bbox 1142 1239 1238 1293; x_wconf 70' lang='grc' dir='ltr'>καὶ</span> <span class='ocrx_word' id='word_1_83' title='bbox 1285 1236 1573 1308; x_wconf 86' lang='grc' dir='ltr'>ἀριθμεῖν,</span> <span class='ocrx_word' id='word_1_84' title='bbox 1624 1236 1848 1307; x_wconf 76' lang='grc' dir='ltr'>μήτοιγε</span> 
     </span>
    </p>
   </div>
   <div class='ocr_carea' id='block_1_14' title="bbox 254 1329 1848 1402">
    <p class='ocr_par' dir='ltr' id='par_1_14' title="bbox 254 1329 1848 1402">
     <span class='ocr_line' id='line_1_14' title="bbox 254 1329 1848 1402; baseline -0.002 -19"><span class='ocrx_word' id='word_1_85' title='bbox 254 1332 344 1383; x_wconf 76' lang='grc' dir='ltr'>καὶ</span> <span class='ocrx_word' id='word_1_86' title='bbox 364 1332 425 1383; x_wconf 80' lang='grc' dir='ltr'>ὲν</span> <span class='ocrx_word' id='word_1_87' title='bbox 456 1330 649 1401; x_wconf 82' lang='grc' dir='ltr'>τούτῳ</span> <span class='ocrx_word' id='word_1_88' title='bbox 671 1334 1005 1402; x_wconf 79' lang='grc' dir='ltr'>κακουργεῖν</span> <span class='ocrx_word' id='word_1_89' title='bbox 1031 1330 1132 1401; x_wconf 81' lang='grc' dir='ltr'>τὴν</span> <span class='ocrx_word' id='word_1_90' title='bbox 1158 1330 1432 1400; x_wconf 79' lang='grc' dir='ltr'>ἀλήθειαν.</span> <span class='ocrx_word' id='word_1_91' title='bbox 1452 1329 1524 1382; x_wconf 85' lang='grc' dir='ltr'><strong>Ἢ</strong></span> <span class='ocrx_word' id='word_1_92' title='bbox 1542 1329 1652 1400; x_wconf 81' lang='grc' dir='ltr'>γὰρ</span> <span class='ocrx_word' id='word_1_93' title='bbox 1672 1329 1848 1398; x_wconf 76' lang='grc' dir='ltr'>σιωπῇ</span> 
     </span>
    </p>
   </div>
   <div class='ocr_carea' id='block_1_15' title="bbox 254 1418 1847 1493">
    <p class='ocr_par' dir='ltr' id='par_1_15' title="bbox 254 1418 1847 1493">
     <span class='ocr_line' id='line_1_15' title="bbox 254 1418 1847 1493; baseline -0.001 -20"><span class='ocrx_word' id='word_1_94' title='bbox 254 1419 509 1492; x_wconf 77' lang='grc' dir='ltr'>τιμάσθω</span> <span class='ocrx_word' id='word_1_95' title='bbox 534 1420 611 1475; x_wconf 75' lang='grc' dir='ltr'>τὰ</span> <span class='ocrx_word' id='word_1_96' title='bbox 643 1421 884 1493; x_wconf 73' lang='grc' dir='ltr'>ἄρρητα,</span> <span class='ocrx_word' id='word_1_97' title='bbox 908 1420 943 1492; x_wconf 86' lang='grc' dir='ltr'>ἢ</span> <span class='ocrx_word' id='word_1_98' title='bbox 968 1420 1207 1484; x_wconf 77' lang='grc' dir='ltr'>εὐσεϐῶς</span> <span class='ocrx_word' id='word_1_99' title='bbox 1232 1418 1571 1492; x_wconf 81' lang='grc' dir='ltr'>ἀριθμείσθω</span> <span class='ocrx_word' id='word_1_100' title='bbox 1600 1420 1669 1472; x_wconf 82' lang='grc' dir='ltr'>τὰ</span> <span class='ocrx_word' id='word_1_101' title='bbox 1697 1418 1847 1486; x_wconf 80' lang='grc' dir='ltr'>ἆγια.</span> 
     </span>
    </p>
   </div>
   <div class='ocr_carea' id='block_1_16' title="bbox 255 1506 1847 1584">
    <p class='ocr_par' dir='ltr' id='par_1_16' title="bbox 255 1506 1847 1584">
     <span class='ocr_line' id='line_1_16' title="bbox 255 1506 1847 1584; baseline -0.001 -19"><span class='ocrx_word' id='word_1_102' title='bbox 255 1508 345 1576; x_wconf 78' lang='grc' dir='ltr'><strong>Εἷς</strong></span> <span class='ocrx_word' id='word_1_103' title='bbox 371 1513 509 1576; x_wconf 82' lang='grc' dir='ltr'>Θεὸς</span> <span class='ocrx_word' id='word_1_104' title='bbox 540 1512 662 1583; x_wconf 66' lang='grc'><strong>(42)</strong></span> <span class='ocrx_word' id='word_1_105' title='bbox 706 1513 806 1566; x_wconf 76' lang='grc' dir='ltr'>καὶ</span> <span class='ocrx_word' id='word_1_106' title='bbox 854 1513 1065 1584; x_wconf 80' lang='grc' dir='ltr'>Πατὴρ,</span> <span class='ocrx_word' id='word_1_107' title='bbox 1107 1512 1203 1566; x_wconf 72' lang='grc' dir='ltr'><strong>καὶ</strong></span> <span class='ocrx_word' id='word_1_108' title='bbox 1236 1506 1318 1577; x_wconf 75' lang='grc' dir='ltr'><strong>εἷς</strong></span> <span class='ocrx_word' id='word_1_109' title='bbox 1370 1511 1665 1582; x_wconf 81' lang='grc' dir='ltr'>μονογενὴς</span> <span class='ocrx_word' id='word_1_110' title='bbox 1699 1511 1847 1574; x_wconf 80' lang='grc' dir='ltr'>Υἱὸς,</span> 
     </span>
    </p>
   </div>
   <div class='ocr_carea' id='block_1_17' title="bbox 255 1600 1850 1673">
    <p class='ocr_par' dir='ltr' id='par_1_17' title="bbox 255 1600 1850 1673">
     <span class='ocr_line' id='line_1_17' title="bbox 255 1600 1850 1673; baseline -0.002 -18"><span class='ocrx_word' id='word_1_111' title='bbox 255 1603 348 1656; x_wconf 76' lang='grc' dir='ltr'><strong>καὶ</strong></span> <span class='ocrx_word' id='word_1_112' title='bbox 376 1600 436 1655; x_wconf 81' lang='grc' dir='ltr'>ἓν</span> <span class='ocrx_word' id='word_1_113' title='bbox 487 1602 730 1672; x_wconf 79' lang='grc' dir='ltr'>Πνεῦμα</span> <span class='ocrx_word' id='word_1_114' title='bbox 786 1602 965 1670; x_wconf 76' lang='grc' dir='ltr'>ἅγιον.</span> <span class='ocrx_word' id='word_1_115' title='bbox 1014 1601 1282 1673; x_wconf 80' lang='grc' dir='ltr'>Ἐκάστην</span> <span class='ocrx_word' id='word_1_116' title='bbox 1333 1601 1441 1654; x_wconf 89' lang='grc' dir='ltr'><strong>τῶν</strong></span> <span class='ocrx_word' id='word_1_117' title='bbox 1500 1600 1850 1654; x_wconf 75' lang='grc' dir='ltr'>ὑποστάσιων</span> 
     </span>
    </p>
   </div>
   <div class='ocr_carea' id='block_1_18' title="bbox 258 1688 1850 1761">
    <p class='ocr_par' dir='ltr' id='par_1_18' title="bbox 258 1688 1850 1761">
     <span class='ocr_line' id='line_1_18' title="bbox 258 1688 1850 1761; baseline -0.002 -19"><span class='ocrx_word' id='word_1_118' title='bbox 258 1690 508 1761; x_wconf 81' lang='grc' dir='ltr'>μοναχῶς</span> <span class='ocrx_word' id='word_1_119' title='bbox 565 1689 1009 1761; x_wconf 56' lang='grc' dir='ltr'>ἐξαγγέλλομεν</span> <span class='ocrx_word' id='word_1_120' title='bbox 1062 1689 1282 1744; x_wconf 77' lang='grc' dir='ltr'>ἐπειδὰν</span> <span class='ocrx_word' id='word_1_121' title='bbox 1332 1690 1391 1743; x_wconf 86' lang='grc' dir='ltr'>δὲ</span> <span class='ocrx_word' id='word_1_122' title='bbox 1450 1688 1850 1760; x_wconf 86' lang='grc' dir='ltr'>συναριθμῆσαι</span> 
     </span>
    </p>
   </div>
   <div class='ocr_carea' id='block_1_19' title="bbox 255 1779 1850 1853">
    <p class='ocr_par' dir='ltr' id='par_1_19' title="bbox 255 1779 1850 1853">
     <span class='ocr_line' id='line_1_19' title="bbox 255 1779 1850 1853; baseline -0.002 -18"><span class='ocrx_word' id='word_1_123' title='bbox 255 1781 366 1853; x_wconf 77' lang='grc' dir='ltr'>δὲῃ,</span> <span class='ocrx_word' id='word_1_124' title='bbox 388 1782 513 1853; x_wconf 75' lang='grc' dir='ltr'>οὐχὶ</span> <span class='ocrx_word' id='word_1_125' title='bbox 544 1781 871 1853; x_wconf 81' lang='grc' dir='ltr'>ἀπαιδεύτῳ</span> <span class='ocrx_word' id='word_1_126' title='bbox 908 1780 1200 1853; x_wconf 82' lang='grc' dir='ltr'>ἀριθμήσει</span> <span class='ocrx_word' id='word_1_127' title='bbox 1251 1781 1389 1853; x_wconf 83' lang='grc' dir='ltr'>πρὸς</span> <span class='ocrx_word' id='word_1_128' title='bbox 1433 1779 1726 1844; x_wconf 79' lang='grc' dir='ltr'>πολυθεῖας</span> <span class='ocrx_word' id='word_1_129' title='bbox 1763 1779 1850 1833; x_wconf 75' lang='grc' dir='ltr'><strong>ἔν-</strong></span> 
     </span>
    </p>
   </div>
   <div class='ocr_carea' id='block_1_20' title="bbox 258 1871 1714 1944">
    <p class='ocr_par' dir='ltr' id='par_1_20' title="bbox 258 1871 1714 1944">
     <span class='ocr_line' id='line_1_20' title="bbox 258 1871 1714 1944; baseline 0.002 -21"><span class='ocrx_word' id='word_1_130' title='bbox 258 1889 400 1926; x_wconf 86' lang='grc' dir='ltr'>νοιαν</span> <span class='ocrx_word' id='word_1_131' title='bbox 431 1871 820 1944; x_wconf 63' lang='grc' dir='ltr'>ὲκφερόμεθα.</span> <span class='ocrx_word' id='word_1_132' title='bbox 1697 1908 1714 1926; x_wconf 84' lang='grc'><strong>.</strong></span> 
     </span>
    </p>
   </div>
   <div class='ocr_carea' id='block_1_21' title="bbox 322 1957 1849 2032">
    <p class='ocr_par' dir='ltr' id='par_1_21' title="bbox 322 1957 1849 2032">
     <span class='ocr_line' id='line_1_21' title="bbox 322 1957 1849 2032; baseline -0.002 -18"><span class='ocrx_word' id='word_1_133' title='bbox 322 1961 413 2016; x_wconf 61' lang='lat'><strong>55.</strong></span> <span class='ocrx_word' id='word_1_134' title='bbox 446 1962 526 2015; x_wconf 80' lang='grc' dir='ltr'><strong>Οὐ</strong></span> <span class='ocrx_word' id='word_1_135' title='bbox 568 1961 690 2032; x_wconf 77' lang='grc' dir='ltr'><strong>γὰρ</strong></span> <span class='ocrx_word' id='word_1_136' title='bbox 733 1962 876 2015; x_wconf 84' lang='grc' dir='ltr'><strong>κατὰ</strong></span> <span class='ocrx_word' id='word_1_137' title='bbox 922 1959 1171 2014; x_wconf 86' lang='grc' dir='ltr'>σύνθεσιν</span> <span class='ocrx_word' id='word_1_138' title='bbox 1211 1957 1575 2031; x_wconf 81' lang='grc' dir='ltr'>ἀριθμοῦμεν,</span> <span class='ocrx_word' id='word_1_139' title='bbox 1607 1958 1701 2028; x_wconf 82' lang='grc' dir='ltr'><strong>ἀφ’</strong></span> <span class='ocrx_word' id='word_1_140' title='bbox 1731 1958 1849 2022; x_wconf 83' lang='grc' dir='ltr'>ὲνδς</span> 
     </span>
    </p>
   </div>
   <div class='ocr_carea' id='block_1_22' title="bbox 261 2046 1850 2122">
    <p class='ocr_par' dir='ltr' id='par_1_22' title="bbox 261 2046 1850 2122">
     <span class='ocr_line' id='line_1_22' title="bbox 261 2046 1850 2122; baseline -0.003 -18"><span class='ocrx_word' id='word_1_141' title='bbox 261 2051 338 2115; x_wconf 82' lang='grc' dir='ltr'><strong>είς</strong></span> <span class='ocrx_word' id='word_1_142' title='bbox 369 2051 583 2122; x_wconf 80' lang='grc' dir='ltr'>πλῆθος</span> <span class='ocrx_word' id='word_1_143' title='bbox 618 2051 941 2122; x_wconf 78' lang='grc' dir='ltr'>ποιούμενοι</span> <span class='ocrx_word' id='word_1_144' title='bbox 992 2049 1091 2120; x_wconf 77' lang='grc' dir='ltr'>τὴν</span> <span class='ocrx_word' id='word_1_145' title='bbox 1131 2048 1495 2119; x_wconf 80' lang='grc' dir='ltr'>παραύξησιν.</span> <span class='ocrx_word' id='word_1_146' title='bbox 1538 2046 1597 2101; x_wconf 81' lang='grc' dir='ltr'>ἓν</span> <span class='ocrx_word' id='word_1_147' title='bbox 1631 2048 1727 2102; x_wconf 75' lang='grc' dir='ltr'><strong>καὶ</strong></span> <span class='ocrx_word' id='word_1_148' title='bbox 1756 2046 1850 2101; x_wconf 85' lang='grc' dir='ltr'><strong>δύο</strong></span> 
     </span>
    </p>
   </div>
   <div class='ocr_carea' id='block_1_23' title="bbox 260 2139 1852 2215">
    <p class='ocr_par' dir='ltr' id='par_1_23' title="bbox 260 2139 1852 2215">
     <span class='ocr_line' id='line_1_23' title="bbox 260 2139 1852 2215; baseline -0.003 -19"><span class='ocrx_word' id='word_1_149' title='bbox 260 2143 352 2196; x_wconf 75' lang='grc' dir='ltr'>καὶ</span> <span class='ocrx_word' id='word_1_150' title='bbox 392 2143 523 2215; x_wconf 82' lang='grc' dir='ltr'>τρὶα</span> <span class='ocrx_word' id='word_1_151' title='bbox 564 2143 851 2211; x_wconf 84' lang='grc' dir='ltr'>λέγοντες,</span> <span class='ocrx_word' id='word_1_152' title='bbox 893 2141 1012 2194; x_wconf 80' lang='grc' dir='ltr'>οὐδὲ</span> <span class='ocrx_word' id='word_1_153' title='bbox 1046 2140 1283 2211; x_wconf 81' lang='grc' dir='ltr'>πρῶτον,</span> <span class='ocrx_word' id='word_1_154' title='bbox 1325 2139 1420 2192; x_wconf 75' lang='grc' dir='ltr'><strong>καὶ</strong></span> <span class='ocrx_word' id='word_1_155' title='bbox 1451 2139 1722 2210; x_wconf 79' lang='grc' dir='ltr'>δεύτερον,</span> <span class='ocrx_word' id='word_1_156' title='bbox 1757 2139 1852 2192; x_wconf 77' lang='grc' dir='ltr'>καὶ</span> 
     </span>
    </p>
   </div>
   <div class='ocr_carea' id='block_1_24' title="bbox 261 2227 1849 2307">
    <p class='ocr_par' dir='ltr' id='par_1_24' title="bbox 261 2227 1849 2307">
     <span class='ocr_line' id='line_1_24' title="bbox 261 2227 1849 2307; baseline -0.002 -21"><span class='ocrx_word' id='word_1_157' title='bbox 261 2235 459 2307; x_wconf 81' lang='grc' dir='ltr'>τρίτον.</span> <span class='ocrx_word' id='word_1_158' title='bbox 728 2234 839 2304; x_wconf 75' lang='grc' dir='ltr'>γὰρ</span> <span class='ocrx_word' id='word_1_159' title='bbox 881 2232 1025 2298; x_wconf 75' lang='grc' dir='ltr'>Θεὸς</span> <span class='ocrx_word' id='word_1_160' title='bbox 1072 2229 1340 2299; x_wconf 77' lang='grc' dir='ltr'>πρῶτος,</span> <span class='ocrx_word' id='word_1_161' title='bbox 1404 2229 1505 2283; x_wconf 74' lang='grc' dir='ltr'>καὶ</span> <span class='ocrx_word' id='word_1_162' title='bbox 1558 2228 1673 2299; x_wconf 69' lang='grc' dir='ltr'><strong>ἐγὼ</strong></span> <span class='ocrx_word' id='word_1_163' title='bbox 1700 2227 1849 2298; x_wconf 81' lang='grc' dir='ltr'>μετὰ</span> 
     </span>
    </p>
   </div>
   <div class='ocr_carea' id='block_1_25' title="bbox 258 2321 1853 2396">
    <p class='ocr_par' dir='ltr' id='par_1_25' title="bbox 258 2321 1853 2396">
     <span class='ocr_line' id='line_1_25' title="bbox 258 2321 1853 2396; baseline -0.004 -18"><span class='ocrx_word' id='word_1_164' title='bbox 258 2325 459 2379; x_wconf 77' lang='grc' dir='ltr'>ταῦτα.</span> <span class='ocrx_word' id='word_1_165' title='bbox 498 2324 778 2396; x_wconf 77' lang='grc' dir='ltr'>Δεύτερον</span> <span class='ocrx_word' id='word_1_166' title='bbox 809 2325 866 2378; x_wconf 87' lang='grc' dir='ltr'>δὲ</span> <span class='ocrx_word' id='word_1_167' title='bbox 911 2323 1042 2376; x_wconf 76' lang='grc' dir='ltr'>Θεὸν</span> <span class='ocrx_word' id='word_1_168' title='bbox 1074 2322 1285 2377; x_wconf 78' lang='grc' dir='ltr'>οὐδέπω</span> <span class='ocrx_word' id='word_1_169' title='bbox 1310 2322 1406 2376; x_wconf 72' lang='grc' dir='ltr'><strong>καὶ</strong></span> <span class='ocrx_word' id='word_1_170' title='bbox 1444 2322 1684 2393; x_wconf 81' lang='grc' dir='ltr'>τήμερον</span> <span class='ocrx_word' id='word_1_171' title='bbox 1720 2321 1853 2390; x_wconf 82' lang='grc' dir='ltr'>ἀκη-</span> 
     </span>
    </p>
   </div>
   <div class='ocr_carea' id='block_1_26' title="bbox 261 2412 1852 2486">
    <p class='ocr_par' dir='ltr' id='par_1_26' title="bbox 261 2412 1852 2486">
     <span class='ocr_line' id='line_1_26' title="bbox 261 2412 1852 2486; baseline -0.003 -17"><span class='ocrx_word' id='word_1_172' title='bbox 261 2415 493 2485; x_wconf 70' lang='grc' dir='ltr'>κύαμενο</span> <span class='ocrx_word' id='word_1_173' title='bbox 544 2415 692 2469; x_wconf 71' lang='grc' dir='ltr'>Θεδν</span> <span class='ocrx_word' id='word_1_174' title='bbox 744 2414 854 2486; x_wconf 77' lang='grc' dir='ltr'>γὰρ</span> <span class='ocrx_word' id='word_1_175' title='bbox 898 2417 963 2469; x_wconf 86' lang='grc' dir='ltr'>ὲκ</span> <span class='ocrx_word' id='word_1_176' title='bbox 992 2413 1128 2468; x_wconf 85' lang='grc' dir='ltr'>Θεοῦ</span> <span class='ocrx_word' id='word_1_177' title='bbox 1171 2412 1624 2485; x_wconf 78' lang='grc' dir='ltr'>προσκυνοῦντες,</span> <span class='ocrx_word' id='word_1_178' title='bbox 1658 2412 1754 2467; x_wconf 81' lang='grc' dir='ltr'>καὶ</span> <span class='ocrx_word' id='word_1_179' title='bbox 1788 2412 1852 2465; x_wconf 83' lang='grc' dir='ltr'><strong>τὸ</strong></span> 
     </span>
    </p>
   </div>
   <div class='ocr_carea' id='block_1_27' title="bbox 263 2501 1850 2573">
    <p class='ocr_par' dir='ltr' id='par_1_27' title="bbox 263 2501 1850 2573">
     <span class='ocr_line' id='line_1_27' title="bbox 263 2501 1850 2573; baseline 0 -15"><span class='ocrx_word' id='word_1_180' title='bbox 263 2505 458 2568; x_wconf 68' lang='grc' dir='ltr'>ἰδιάζον</span> <span class='ocrx_word' id='word_1_181' title='bbox 481 2505 598 2558; x_wconf 89' lang='grc' dir='ltr'><strong>τῶν</strong></span> <span class='ocrx_word' id='word_1_182' title='bbox 655 2505 1007 2558; x_wconf 81' lang='grc' dir='ltr'>ὑποστάσεων</span> <span class='ocrx_word' id='word_1_183' title='bbox 1037 2502 1432 2573; x_wconf 84' lang='grc' dir='ltr'>ὁμολογοῦμεν,</span> <span class='ocrx_word' id='word_1_184' title='bbox 1462 2503 1560 2557; x_wconf 82' lang='grc' dir='ltr'><strong>καὶ</strong></span> <span class='ocrx_word' id='word_1_185' title='bbox 1615 2501 1850 2572; x_wconf 83' lang='grc' dir='ltr'>μένομεν</span> 
     </span>
    </p>
   </div>
   <div class='ocr_carea' id='block_1_28' title="bbox 264 2593 1849 2669">
    <p class='ocr_par' dir='ltr' id='par_1_28' title="bbox 264 2593 1849 2669">
     <span class='ocr_line' id='line_1_28' title="bbox 264 2593 1849 2669; baseline -0.001 -19"><span class='ocrx_word' id='word_1_186' title='bbox 264 2598 353 2650; x_wconf 73' lang='grc' dir='ltr'><strong>ἐπὶ</strong></span> <span class='ocrx_word' id='word_1_187' title='bbox 390 2600 492 2669; x_wconf 83' lang='grc' dir='ltr'>τῆς</span> <span class='ocrx_word' id='word_1_188' title='bbox 539 2596 886 2667; x_wconf 78' lang='grc' dir='ltr'>μοναρχίας,</span> <span class='ocrx_word' id='word_1_189' title='bbox 917 2597 998 2658; x_wconf 79' lang='grc' dir='ltr'><strong>εἰς</strong></span> <span class='ocrx_word' id='word_1_190' title='bbox 1043 2595 1249 2666; x_wconf 82' lang='grc' dir='ltr'>πλῆθος</span> <span class='ocrx_word' id='word_1_191' title='bbox 1297 2593 1696 2665; x_wconf 83' lang='grc' dir='ltr'>ἀπεσχισμένον</span> <span class='ocrx_word' id='word_1_192' title='bbox 1735 2593 1849 2664; x_wconf 71' lang='grc'><strong>(45)</strong></span> 
     </span>
    </p>
   </div>
   <div class='ocr_carea' id='block_1_29' title="bbox 262 2687 1851 2760">
    <p class='ocr_par' dir='ltr' id='par_1_29' title="bbox 262 2687 1851 2760">
     <span class='ocr_line' id='line_1_29' title="bbox 262 2687 1851 2760; baseline 0 -20"><span class='ocrx_word' id='word_1_193' title='bbox 262 2688 354 2759; x_wconf 71' lang='grc' dir='ltr'>τὴν</span> <span class='ocrx_word' id='word_1_194' title='bbox 382 2689 676 2758; x_wconf 75' lang='grc' dir='ltr'>θεολογίαν</span> <span class='ocrx_word' id='word_1_195' title='bbox 718 2689 792 2760; x_wconf 79' lang='grc' dir='ltr'>μὴ</span> <span class='ocrx_word' id='word_1_196' title='bbox 829 2687 1211 2752; x_wconf 79' lang='grc' dir='ltr'>ωιεδαννύντες</span> <span class='ocrx_word' id='word_1_197' title='bbox 1234 2729 1251 2755; x_wconf 90' lang='grc'><strong>,</strong></span> <span class='ocrx_word' id='word_1_198' title='bbox 1283 2687 1372 2742; x_wconf 79' lang='grc' dir='ltr'>διὰ</span> <span class='ocrx_word' id='word_1_199' title='bbox 1397 2688 1458 2742; x_wconf 85' lang='grc' dir='ltr'>τὸ</span> <span class='ocrx_word' id='word_1_200' title='bbox 1493 2687 1622 2759; x_wconf 83' lang='grc' dir='ltr'>μίαν</span> <span class='ocrx_word' id='word_1_201' title='bbox 1647 2689 1706 2741; x_wconf 84' lang='grc' dir='ltr'>ὲν</span> <span class='ocrx_word' id='word_1_202' title='bbox 1732 2687 1851 2759; x_wconf 83' lang='grc' dir='ltr'><strong>Θεῷ</strong></span> 
     </span>
    </p>
   </div>
   <div class='ocr_carea' id='block_1_30' title="bbox 265 2779 1849 2853">
    <p class='ocr_par' dir='ltr' id='par_1_30' title="bbox 265 2779 1849 2853">
     <span class='ocr_line' id='line_1_30' title="bbox 265 2779 1849 2853; baseline 0 -20"><span class='ocrx_word' id='word_1_203' title='bbox 265 2779 435 2852; x_wconf 59' lang='lat' dir='ltr'><strong>Harp).</strong></span> <span class='ocrx_word' id='word_1_204' title='bbox 467 2781 569 2834; x_wconf 77' lang='grc' dir='ltr'><strong>καὶ</strong></span> <span class='ocrx_word' id='word_1_205' title='bbox 631 2780 751 2852; x_wconf 80' lang='grc' dir='ltr'>Θεῴ</span> <span class='ocrx_word' id='word_1_206' title='bbox 800 2783 1080 2851; x_wconf 87' lang='grc' dir='ltr'>μονογενεί</span> <span class='ocrx_word' id='word_1_207' title='bbox 1120 2781 1221 2852; x_wconf 81' lang='grc' dir='ltr'><strong>τὴν</strong></span> <span class='ocrx_word' id='word_1_208' title='bbox 1260 2780 1425 2835; x_wconf 73' lang='grc' dir='ltr'>οἱονεὶ</span> <span class='ocrx_word' id='word_1_209' title='bbox 1463 2781 1677 2853; x_wconf 85' lang='grc' dir='ltr'>μορφὴν</span> <span class='ocrx_word' id='word_1_210' title='bbox 1712 2779 1849 2834; x_wconf 88' lang='grc' dir='ltr'>θεω-</span> 
     </span>
    </p>
   </div>
   <div class='ocr_carea' id='block_1_31' title="bbox 270 2869 1853 2942">
    <p class='ocr_par' dir='ltr' id='par_1_31' title="bbox 270 2869 1853 2942">
     <span class='ocr_line' id='line_1_31' title="bbox 270 2869 1853 2942; baseline 0.003 -21"><span class='ocrx_word' id='word_1_211' title='bbox 270 2870 494 2940; x_wconf 81' lang='grc' dir='ltr'>ρεῖσθαι,</span> <span class='ocrx_word' id='word_1_212' title='bbox 541 2869 635 2941; x_wconf 81' lang='grc' dir='ltr'>τῷ</span> <span class='ocrx_word' id='word_1_213' title='bbox 670 2869 1077 2942; x_wconf 81' lang='grc' dir='ltr'>ὰπαραλλάκτῳ</span> <span class='ocrx_word' id='word_1_214' title='bbox 1115 2871 1215 2941; x_wconf 83' lang='grc' dir='ltr'>τῆς</span> <span class='ocrx_word' id='word_1_215' title='bbox 1242 2871 1494 2942; x_wconf 85' lang='grc' dir='ltr'>θεότητος</span> <span class='ocrx_word' id='word_1_216' title='bbox 1532 2871 1853 2938; x_wconf 80' lang='grc' dir='ltr'>ὲνεικονιξο-</span> 
     </span>
    </p>
   </div>
   <div class='ocr_carea' id='block_1_32' title="bbox 272 2959 1851 3034">
    <p class='ocr_par' dir='ltr' id='par_1_32' title="bbox 272 2959 1851 3034">
     <span class='ocr_line' id='line_1_32' title="bbox 272 2959 1851 3034; baseline 0.003 -22"><span class='ocrx_word' id='word_1_217' title='bbox 272 2960 429 3031; x_wconf 78' lang='grc' dir='ltr'>μένην</span> <span class='ocrx_word' id='word_1_218' title='bbox 452 2961 590 3031; x_wconf 48' lang='lat' dir='ltr'><strong>(id).</strong></span> <span class='ocrx_word' id='word_1_219' title='bbox 631 2961 759 3025; x_wconf 80' lang='grc' dir='ltr'>Υἱὸς</span> <span class='ocrx_word' id='word_1_220' title='bbox 804 2959 915 3031; x_wconf 83' lang='grc' dir='ltr'>γὰρ</span> <span class='ocrx_word' id='word_1_221' title='bbox 947 2962 1005 3014; x_wconf 79' lang='grc' dir='ltr'><strong>ἐν</strong></span> <span class='ocrx_word' id='word_1_222' title='bbox 1046 2961 1123 3033; x_wconf 76' lang='grc' dir='ltr'><strong>τῷ</strong></span> <span class='ocrx_word' id='word_1_223' title='bbox 1148 2961 1358 3034; x_wconf 77' lang='grc' dir='ltr'>Πατρὶ,</span> <span class='ocrx_word' id='word_1_224' title='bbox 1404 2962 1500 3016; x_wconf 76' lang='grc' dir='ltr'><strong>καὶ</strong></span> <span class='ocrx_word' id='word_1_225' title='bbox 1550 2961 1742 3034; x_wconf 83' lang='grc' dir='ltr'>Πατὴρ</span> <span class='ocrx_word' id='word_1_226' title='bbox 1792 2965 1851 3016; x_wconf 79' lang='grc' dir='ltr'>ὲν</span> 
     </span>
    </p>
   </div>
   <div class='ocr_carea' id='block_1_33' title="bbox 267 3047 1848 3122">
    <p class='ocr_par' dir='ltr' id='par_1_33' title="bbox 267 3047 1848 3122">
     <span class='ocr_line' id='line_1_33' title="bbox 267 3047 1848 3122; baseline 0.003 -19"><span class='ocrx_word' id='word_1_227' title='bbox 267 3050 341 3121; x_wconf 79' lang='grc' dir='ltr'>τῷ</span> <span class='ocrx_word' id='word_1_228' title='bbox 370 3051 513 3122; x_wconf 79' lang='grc' dir='ltr'><strong>Υξῶ·</strong></span> <span class='ocrx_word' id='word_1_229' title='bbox 563 3052 763 3122; x_wconf 74' lang='grc' dir='ltr'>ἐπειδὴ</span> <span class='ocrx_word' id='word_1_230' title='bbox 807 3053 904 3105; x_wconf 77' lang='grc' dir='ltr'>καὶ</span> <span class='ocrx_word' id='word_1_231' title='bbox 953 3047 1107 3116; x_wconf 69' lang='grc' dir='ltr'>οὗτος</span> <span class='ocrx_word' id='word_1_232' title='bbox 1145 3051 1407 3120; x_wconf 82' lang='grc' dir='ltr'>τοιοῦτος,</span> <span class='ocrx_word' id='word_1_233' title='bbox 1449 3048 1561 3117; x_wconf 75' lang='grc' dir='ltr'>οἷος</span> <span class='ocrx_word' id='word_1_234' title='bbox 1619 3054 1848 3117; x_wconf 79' lang='grc' dir='ltr'>ἐκεῖνος,</span> 
     </span>
    </p>
   </div>
   <div class='ocr_carea' id='block_1_34' title="bbox 270 3133 1850 3212">
    <p class='ocr_par' dir='ltr' id='par_1_34' title="bbox 270 3133 1850 3212">
     <span class='ocr_line' id='line_1_34' title="bbox 270 3133 1850 3212; baseline -0.001 -18"><span class='ocrx_word' id='word_1_235' title='bbox 270 3142 516 3204; x_wconf 73' lang='grc' dir='ltr'>κάκεῖνος</span> <span class='ocrx_word' id='word_1_236' title='bbox 555 3136 791 3211; x_wconf 75' lang='grc' dir='ltr'>οἷόσπερ</span> <span class='ocrx_word' id='word_1_237' title='bbox 818 3133 1009 3204; x_wconf 77' lang='grc' dir='ltr'>οὗτος·</span> <span class='ocrx_word' id='word_1_238' title='bbox 1048 3141 1144 3195; x_wconf 74' lang='grc' dir='ltr'><strong>καὶ</strong></span> <span class='ocrx_word' id='word_1_239' title='bbox 1187 3142 1246 3194; x_wconf 82' lang='grc' dir='ltr'>ὲν</span> <span class='ocrx_word' id='word_1_240' title='bbox 1284 3140 1460 3212; x_wconf 87' lang='grc' dir='ltr'>τούτῳ</span> <span class='ocrx_word' id='word_1_241' title='bbox 1484 3142 1547 3194; x_wconf 86' lang='grc' dir='ltr'>τὸ</span> <span class='ocrx_word' id='word_1_242' title='bbox 1583 3141 1663 3195; x_wconf 79' lang='grc' dir='ltr'><strong>ἓν.</strong></span> <span class='ocrx_word' id='word_1_243' title='bbox 1689 3141 1850 3194; x_wconf 79' lang='grc' dir='ltr'>Ὥστε</span> 
     </span>
    </p>
   </div>
   <div class='ocr_carea' id='block_1_35' title="bbox 1955 583 3529 658">
    <p class='ocr_par' dir='ltr' id='par_1_35' title="bbox 1955 583 3529 658">
     <span class='ocr_line' id='line_1_35' title="bbox 1955 583 3529 658; baseline -0.011 -7"><span class='ocrx_word' id='word_1_244' title='bbox 1955 605 2118 658; x_wconf 88' lang='lat' dir='ltr'><strong>tetur,</strong></span> <span class='ocrx_word' id='word_1_245' title='bbox 2149 603 2332 650; x_wconf 84' lang='lat' dir='ltr'><strong>tamen</strong></span> <span class='ocrx_word' id='word_1_246' title='bbox 2367 594 2423 647; x_wconf 91' lang='lat' dir='ltr'><strong>in</strong></span> <span class='ocrx_word' id='word_1_247' title='bbox 2456 592 2642 647; x_wconf 82' lang='lat' dir='ltr'><strong>divina</strong></span> <span class='ocrx_word' id='word_1_248' title='bbox 2672 597 2870 644; x_wconf 88' lang='lat' dir='ltr'><strong>natura</strong></span> <span class='ocrx_word' id='word_1_249' title='bbox 2913 600 3203 642; x_wconf 79' lang='lat' dir='ltr'><strong>numerum</strong></span> <span class='ocrx_word' id='word_1_250' title='bbox 3255 583 3529 643; x_wconf 83' lang='lat' dir='ltr'><strong>metuunt,</strong></span> 
     </span>
    </p>
   </div>
   <div class='ocr_carea' id='block_1_36' title="bbox 1954 672 3531 756">
    <p class='ocr_par' dir='ltr' id='par_1_36' title="bbox 1954 672 3531 756">
     <span class='ocr_line' id='line_1_36' title="bbox 1954 672 3531 756; baseline -0.014 -13"><span class='ocrx_word' id='word_1_251' title='bbox 1954 703 2024 742; x_wconf 89' lang='lat' dir='ltr'><strong>ne</strong></span> <span class='ocrx_word' id='word_1_252' title='bbox 2067 687 2277 743; x_wconf 76' lang='lat' dir='ltr'><strong>scilicet</strong></span> <span class='ocrx_word' id='word_1_253' title='bbox 2315 699 2414 756; x_wconf 89' lang='lat' dir='ltr'><strong>per</strong></span> <span class='ocrx_word' id='word_1_254' title='bbox 2450 698 2577 737; x_wconf 92' lang='lat' dir='ltr'><strong>eum</strong></span> <span class='ocrx_word' id='word_1_255' title='bbox 2626 681 2853 736; x_wconf 82' lang='lat' dir='ltr'><strong>honoris</strong></span> <span class='ocrx_word' id='word_1_256' title='bbox 2881 676 3170 732; x_wconf 85' lang='lat' dir='ltr'><strong>Paracleto</strong></span> <span class='ocrx_word' id='word_1_257' title='bbox 3211 672 3379 729; x_wconf 82' lang='lat' dir='ltr'><strong>debiti</strong></span> <span class='ocrx_word' id='word_1_258' title='bbox 3412 684 3531 724; x_wconf 75' lang='lat' dir='ltr'><strong>mo-</strong></span> 
     </span>
    </p>
   </div>
   <div class='ocr_carea' id='block_1_37' title="bbox 1955 764 3533 844">
    <p class='ocr_par' dir='ltr' id='par_1_37' title="bbox 1955 764 3533 844">
     <span class='ocr_line' id='line_1_37' title="bbox 1955 764 3533 844; baseline -0.011 -11"><span class='ocrx_word' id='word_1_259' title='bbox 1955 780 2083 834; x_wconf 89' lang='lat' dir='ltr'><strong>dum</strong></span> <span class='ocrx_word' id='word_1_260' title='bbox 2129 777 2419 834; x_wconf 77' lang='lat' dir='ltr'><strong>excedant.</strong></span> <span class='ocrx_word' id='word_1_261' title='bbox 2460 774 2589 844; x_wconf 87' lang='lat' dir='ltr'><strong>Sed,</strong></span> <span class='ocrx_word' id='word_1_262' title='bbox 2620 789 2654 828; x_wconf 89' lang='lat' dir='ltr'><strong>o</strong></span> <span class='ocrx_word' id='word_1_263' title='bbox 2696 769 3120 843; x_wconf 86' lang='lat' dir='ltr'><strong>sapientissimi,</strong></span> <span class='ocrx_word' id='word_1_264' title='bbox 3154 768 3267 823; x_wconf 88' lang='lat' dir='ltr'><strong>sint</strong></span> <span class='ocrx_word' id='word_1_265' title='bbox 3293 764 3533 819; x_wconf 80' lang='lat' dir='ltr'><strong>maxime</strong></span> 
     </span>
    </p>
   </div>
   <div class='ocr_carea' id='block_1_38' title="bbox 1955 852 3528 941">
    <p class='ocr_par' dir='ltr' id='par_1_38' title="bbox 1955 852 3528 941">
     <span class='ocr_line' id='line_1_38' title="bbox 1955 852 3528 941; baseline -0.011 -17"><span class='ocrx_word' id='word_1_266' title='bbox 1955 886 2120 941; x_wconf 82' lang='lat' dir='ltr'><strong>supra</strong></span> <span class='ocrx_word' id='word_1_267' title='bbox 2176 883 2500 933; x_wconf 84' lang='lat' dir='ltr'><strong>numerum,</strong></span> <span class='ocrx_word' id='word_1_268' title='bbox 2561 880 2686 936; x_wconf 78' lang='lat' dir='ltr'><strong>quae</strong></span> <span class='ocrx_word' id='word_1_269' title='bbox 2738 878 2849 918; x_wconf 89' lang='lat' dir='ltr'><strong>non</strong></span> <span class='ocrx_word' id='word_1_270' title='bbox 2915 871 3212 932; x_wconf 85' lang='lat' dir='ltr'><strong>possumus</strong></span> <span class='ocrx_word' id='word_1_271' title='bbox 3264 852 3528 925; x_wconf 80' lang='lat' dir='ltr'><strong>assequi;</strong></span> 
     </span>
    </p>
   </div>
   <div class='ocr_carea' id='block_1_39' title="bbox 1956 942 3529 1031">
    <p class='ocr_par' dir='ltr' id='par_1_39' title="bbox 1956 942 3529 1031">
     <span class='ocr_line' id='line_1_39' title="bbox 1956 942 3529 1031; baseline -0.013 -15"><span class='ocrx_word' id='word_1_272' title='bbox 1956 959 2419 1031; x_wconf 89' lang='lat' dir='ltr'><strong>quemadmodum</strong></span> <span class='ocrx_word' id='word_1_273' title='bbox 2466 958 2648 1027; x_wconf 86' lang='lat' dir='ltr'><strong>prisca</strong></span> <span class='ocrx_word' id='word_1_274' title='bbox 2682 953 3034 1009; x_wconf 68' lang='lat' dir='ltr'><strong>Hebraeorum</strong></span> <span class='ocrx_word' id='word_1_275' title='bbox 3074 947 3248 1019; x_wconf 87' lang='lat' dir='ltr'><strong>pietas</strong></span> <span class='ocrx_word' id='word_1_276' title='bbox 3291 942 3529 1031; x_wconf 66' lang='lat' dir='ltr'><strong>propriis</strong></span> 
     </span>
    </p>
   </div>
   <div class='ocr_carea' id='block_1_40' title="bbox 1956 1028 3528 1123">
    <p class='ocr_par' dir='ltr' id='par_1_40' title="bbox 1956 1028 3528 1123">
     <span class='ocr_line' id='line_1_40' title="bbox 1956 1028 3528 1123; baseline -0.015 -15"><span class='ocrx_word' id='word_1_277' title='bbox 1956 1028 2022 1107; x_wconf 80' lang='lat' dir='ltr'><strong>ac</strong></span> <span class='ocrx_word' id='word_1_278' title='bbox 2057 1050 2422 1123; x_wconf 82' lang='lat' dir='ltr'><strong>peculiaribus</strong></span> <span class='ocrx_word' id='word_1_279' title='bbox 2456 1050 2607 1103; x_wconf 87' lang='lat' dir='ltr'><strong>notis</strong></span> <span class='ocrx_word' id='word_1_280' title='bbox 2653 1044 2926 1103; x_wconf 73' lang='lat' dir='ltr'><strong>ineffabile</strong></span> <span class='ocrx_word' id='word_1_281' title='bbox 2962 1041 3058 1096; x_wconf 86' lang='lat' dir='ltr'><strong>Dei</strong></span> <span class='ocrx_word' id='word_1_282' title='bbox 3092 1052 3295 1095; x_wconf 83' lang='lat' dir='ltr'><strong>nomen</strong></span> <span class='ocrx_word' id='word_1_283' title='bbox 3333 1028 3528 1123; x_wconf 60' lang='grc' dir='ltr'><strong>εἵω-</strong></span> 
     </span>
    </p>
   </div>
   <div class='ocr_carea' id='block_1_41' title="bbox 1956 1122 3532 1206">
    <p class='ocr_par' dir='ltr' id='par_1_41' title="bbox 1956 1122 3532 1206">
     <span class='ocr_line' id='line_1_41' title="bbox 1956 1122 3532 1206; baseline -0.012 -10"><span class='ocrx_word' id='word_1_284' title='bbox 1956 1122 2070 1205; x_wconf 80' lang='lat' dir='ltr'><strong>bat,</strong></span> <span class='ocrx_word' id='word_1_285' title='bbox 2104 1140 2232 1195; x_wconf 89' lang='lat' dir='ltr'><strong>inde</strong></span> <span class='ocrx_word' id='word_1_286' title='bbox 2259 1140 2423 1194; x_wconf 91' lang='lat' dir='ltr'><strong>etiam</strong></span> <span class='ocrx_word' id='word_1_287' title='bbox 2464 1138 2586 1206; x_wconf 83' lang='lat' dir='ltr'><strong>ejus</strong></span> <span class='ocrx_word' id='word_1_288' title='bbox 2618 1150 2784 1206; x_wconf 86' lang='lat' dir='ltr'><strong>supra</strong></span> <span class='ocrx_word' id='word_1_289' title='bbox 2818 1130 3007 1186; x_wconf 85' lang='lat' dir='ltr'><strong>omnia</strong></span> <span class='ocrx_word' id='word_1_290' title='bbox 3047 1125 3403 1184; x_wconf 73' lang='lat' dir='ltr'><strong>eminentiam</strong></span> <span class='ocrx_word' id='word_1_291' title='bbox 3431 1122 3532 1179; x_wconf 82' lang='lat' dir='ltr'><strong>de-</strong></span> 
     </span>
    </p>
   </div>
   <div class='ocr_carea' id='block_1_42' title="bbox 1958 1217 3528 1296">
    <p class='ocr_par' dir='ltr' id='par_1_42' title="bbox 1958 1217 3528 1296">
     <span class='ocr_line' id='line_1_42' title="bbox 1958 1217 3528 1296; baseline -0.013 -10"><span class='ocrx_word' id='word_1_292' title='bbox 1958 1234 2197 1286; x_wconf 89' lang='lat' dir='ltr'><strong>clarans.</strong></span> <span class='ocrx_word' id='word_1_293' title='bbox 2227 1229 2385 1296; x_wconf 85' lang='lat' dir='ltr'><strong>Quod</strong></span> <span class='ocrx_word' id='word_1_294' title='bbox 2417 1228 2464 1284; x_wconf 90' lang='lat' dir='ltr'><strong>si</strong></span> <span class='ocrx_word' id='word_1_295' title='bbox 2502 1238 2557 1281; x_wconf 92' lang='lat' dir='ltr'><strong>et</strong></span> <span class='ocrx_word' id='word_1_296' title='bbox 2602 1238 2866 1280; x_wconf 88' lang='lat' dir='ltr'><strong>numerus</strong></span> <span class='ocrx_word' id='word_1_297' title='bbox 2913 1217 3256 1276; x_wconf 87' lang='lat' dir='ltr'><strong>adhibendus</strong></span> <span class='ocrx_word' id='word_1_298' title='bbox 3295 1221 3403 1281; x_wconf 88' lang='lat' dir='ltr'><strong>est,</strong></span> <span class='ocrx_word' id='word_1_299' title='bbox 3429 1228 3528 1267; x_wconf 86' lang='lat' dir='ltr'><strong>ne-</strong></span> 
     </span>
    </p>
   </div>
   <div class='ocr_carea' id='block_1_43' title="bbox 1955 1300 3529 1394">
    <p class='ocr_par' dir='ltr' id='par_1_43' title="bbox 1955 1300 3529 1394">
     <span class='ocr_line' id='line_1_43' title="bbox 1955 1300 3529 1394; baseline -0.015 -15"><span class='ocrx_word' id='word_1_300' title='bbox 1955 1337 2227 1394; x_wconf 87' lang='lat' dir='ltr'><strong>quaquam</strong></span> <span class='ocrx_word' id='word_1_301' title='bbox 2257 1328 2312 1376; x_wconf 87' lang='lat' dir='ltr'><strong>et</strong></span> <span class='ocrx_word' id='word_1_302' title='bbox 2337 1316 2434 1391; x_wconf 85' lang='lat' dir='ltr'><strong>per</strong></span> <span class='ocrx_word' id='word_1_303' title='bbox 2462 1332 2586 1373; x_wconf 87' lang='lat' dir='ltr'><strong>eum</strong></span> <span class='ocrx_word' id='word_1_304' title='bbox 2617 1311 2963 1385; x_wconf 83' lang='lat' dir='ltr'><strong>depravanda</strong></span> <span class='ocrx_word' id='word_1_305' title='bbox 2999 1308 3221 1364; x_wconf 80' lang='lat' dir='ltr'><strong>veritas.</strong></span> <span class='ocrx_word' id='word_1_306' title='bbox 3252 1304 3360 1358; x_wconf 83' lang='lat' dir='ltr'><strong>Aut</strong></span> <span class='ocrx_word' id='word_1_307' title='bbox 3379 1300 3529 1358; x_wconf 85' lang='lat' dir='ltr'><strong>enim</strong></span> 
     </span>
    </p>
   </div>
   <div class='ocr_carea' id='block_1_44' title="bbox 1956 1401 3531 1472">
    <p class='ocr_par' dir='ltr' id='par_1_44' title="bbox 1956 1401 3531 1472">
     <span class='ocr_line' id='line_1_44' title="bbox 1956 1401 3531 1472; baseline -0.016 0"><span class='ocrx_word' id='word_1_308' title='bbox 1956 1416 2176 1472; x_wconf 87' lang='lat' dir='ltr'><strong>silentio</strong></span> <span class='ocrx_word' id='word_1_309' title='bbox 2205 1416 2553 1469; x_wconf 84' lang='lat' dir='ltr'><strong>honorentur</strong></span> <span class='ocrx_word' id='word_1_310' title='bbox 2587 1405 2910 1467; x_wconf 70' lang='lat' dir='ltr'><strong>ineffabilia,</strong></span> <span class='ocrx_word' id='word_1_311' title='bbox 2945 1409 3041 1457; x_wconf 91' lang='lat' dir='ltr'><strong>aut</strong></span> <span class='ocrx_word' id='word_1_312' title='bbox 3060 1401 3147 1471; x_wconf 90' lang='lat' dir='ltr'><strong>pie</strong></span> <span class='ocrx_word' id='word_1_313' title='bbox 3168 1402 3531 1454; x_wconf 84' lang='lat' dir='ltr'><strong>numeremur</strong></span> 
     </span>
    </p>
   </div>
   <div class='ocr_carea' id='block_1_45' title="bbox 1957 1485 3531 1574">
    <p class='ocr_par' dir='ltr' id='par_1_45' title="bbox 1957 1485 3531 1574">
     <span class='ocr_line' id='line_1_45' title="bbox 1957 1485 3531 1574; baseline -0.017 -10"><span class='ocrx_word' id='word_1_314' title='bbox 1957 1516 2169 1564; x_wconf 90' lang='lat' dir='ltr'><strong>sancta.</strong></span> <span class='ocrx_word' id='word_1_315' title='bbox 2204 1506 2364 1561; x_wconf 90' lang='lat' dir='ltr'><strong>Unus</strong></span> <span class='ocrx_word' id='word_1_316' title='bbox 2408 1500 2519 1574; x_wconf 76' lang='lat'><strong>38</strong></span> <span class='ocrx_word' id='word_1_317' title='bbox 2564 1499 2707 1556; x_wconf 90' lang='lat' dir='ltr'><strong>Deus</strong></span> <span class='ocrx_word' id='word_1_318' title='bbox 2732 1504 2787 1553; x_wconf 91' lang='lat' dir='ltr'><strong>et</strong></span> <span class='ocrx_word' id='word_1_319' title='bbox 2806 1496 2990 1559; x_wconf 89' lang='lat' dir='ltr'><strong>Pater,</strong></span> <span class='ocrx_word' id='word_1_320' title='bbox 3026 1499 3083 1549; x_wconf 84' lang='lat' dir='ltr'><strong>et</strong></span> <span class='ocrx_word' id='word_1_321' title='bbox 3106 1504 3252 1547; x_wconf 88' lang='lat' dir='ltr'><strong>unus</strong></span> <span class='ocrx_word' id='word_1_322' title='bbox 3280 1485 3531 1558; x_wconf 79' lang='lat' dir='ltr'><strong>unigeni-</strong></span> 
     </span>
    </p>
   </div>
   <div class='ocr_carea' id='block_1_46' title="bbox 1956 1580 3531 1667">
    <p class='ocr_par' dir='ltr' id='par_1_46' title="bbox 1956 1580 3531 1667">
     <span class='ocr_line' id='line_1_46' title="bbox 1956 1580 3531 1667; baseline -0.016 -13"><span class='ocrx_word' id='word_1_323' title='bbox 1956 1609 2046 1655; x_wconf 90' lang='lat' dir='ltr'><strong>tus</strong></span> <span class='ocrx_word' id='word_1_324' title='bbox 2081 1596 2282 1662; x_wconf 89' lang='lat' dir='ltr'><strong>Filius,</strong></span> <span class='ocrx_word' id='word_1_325' title='bbox 2325 1603 2380 1651; x_wconf 89' lang='lat' dir='ltr'><strong>et</strong></span> <span class='ocrx_word' id='word_1_326' title='bbox 2426 1608 2572 1649; x_wconf 91' lang='lat' dir='ltr'><strong>unus</strong></span> <span class='ocrx_word' id='word_1_327' title='bbox 2602 1590 2844 1663; x_wconf 73' lang='lat' dir='ltr'><strong>Spiritus</strong></span> <span class='ocrx_word' id='word_1_328' title='bbox 2876 1594 3126 1642; x_wconf 84' lang='lat' dir='ltr'><strong>sanctus.</strong></span> <span class='ocrx_word' id='word_1_329' title='bbox 3154 1580 3531 1667; x_wconf 81' lang='lat' dir='ltr'><strong>Unamquam-</strong></span> 
     </span>
    </p>
   </div>
   <div class='ocr_carea' id='block_1_47' title="bbox 1955 1676 3530 1761">
    <p class='ocr_par' dir='ltr' id='par_1_47' title="bbox 1955 1676 3530 1761">
     <span class='ocr_line' id='line_1_47' title="bbox 1955 1676 3530 1761; baseline -0.016 -15"><span class='ocrx_word' id='word_1_330' title='bbox 1955 1706 2061 1761; x_wconf 91' lang='lat' dir='ltr'><strong>que</strong></span> <span class='ocrx_word' id='word_1_331' title='bbox 2082 1688 2420 1760; x_wconf 82' lang='lat' dir='ltr'><strong>hypostasim</strong></span> <span class='ocrx_word' id='word_1_332' title='bbox 2461 1682 2825 1756; x_wconf 72' lang='lat' dir='ltr'><strong>singulariter</strong></span> <span class='ocrx_word' id='word_1_333' title='bbox 2850 1677 3130 1734; x_wconf 77' lang='lat' dir='ltr'><strong>efferimus</strong></span> <span class='ocrx_word' id='word_1_334' title='bbox 3154 1690 3171 1740; x_wconf 88' lang='lat'><strong>;</strong></span> <span class='ocrx_word' id='word_1_335' title='bbox 3198 1686 3322 1727; x_wconf 89' lang='lat' dir='ltr'><strong>cum</strong></span> <span class='ocrx_word' id='word_1_336' title='bbox 3350 1676 3530 1761; x_wconf 87' lang='lat' dir='ltr'><strong>autem</strong></span> 
     </span>
    </p>
   </div>
   <div class='ocr_carea' id='block_1_48' title="bbox 1957 1760 3534 1848">
    <p class='ocr_par' dir='ltr' id='par_1_48' title="bbox 1957 1760 3534 1848">
     <span class='ocr_line' id='line_1_48' title="bbox 1957 1760 3534 1848; baseline -0.016 -10"><span class='ocrx_word' id='word_1_337' title='bbox 1957 1760 2352 1839; x_wconf 82' lang='lat' dir='ltr'><strong>connumerare</strong></span> <span class='ocrx_word' id='word_1_338' title='bbox 2404 1792 2544 1848; x_wconf 88' lang='lat' dir='ltr'><strong>opus</strong></span> <span class='ocrx_word' id='word_1_339' title='bbox 2598 1774 2784 1837; x_wconf 75' lang='lat' dir='ltr'><strong>fuerit,</strong></span> <span class='ocrx_word' id='word_1_340' title='bbox 2835 1769 3261 1839; x_wconf 85' lang='lat' dir='ltr'><strong>haudquaquam</strong></span> <span class='ocrx_word' id='word_1_341' title='bbox 3309 1760 3534 1816; x_wconf 85' lang='lat' dir='ltr'><strong>indocte</strong></span> 
     </span>
    </p>
   </div>
   <div class='ocr_carea' id='block_1_49' title="bbox 1878 1850 3529 1939">
    <p class='ocr_par' dir='ltr' id='par_1_49' title="bbox 1878 1850 3529 1939">
     <span class='ocr_line' id='line_1_49' title="bbox 1878 1850 3529 1939; baseline -0.018 -6"><span class='ocrx_word' id='word_1_342' title='bbox 1878 1880 1920 1934; x_wconf 86' lang='grc' dir='ltr'><strong>Β</strong></span> <span class='ocrx_word' id='word_1_343' title='bbox 1951 1870 2294 1927; x_wconf 89' lang='lat' dir='ltr'><strong>numerando</strong></span> <span class='ocrx_word' id='word_1_344' title='bbox 2320 1867 2388 1923; x_wconf 91' lang='lat' dir='ltr'><strong>ad</strong></span> <span class='ocrx_word' id='word_1_345' title='bbox 2408 1865 2650 1939; x_wconf 90' lang='lat' dir='ltr'><strong>plurium</strong></span> <span class='ocrx_word' id='word_1_346' title='bbox 2674 1864 2901 1918; x_wconf 92' lang='lat' dir='ltr'><strong>deorum</strong></span> <span class='ocrx_word' id='word_1_347' title='bbox 2924 1856 3206 1913; x_wconf 90' lang='lat' dir='ltr'><strong>notionem</strong></span> <span class='ocrx_word' id='word_1_348' title='bbox 3227 1850 3529 1910; x_wconf 79' lang='lat' dir='ltr'><strong>eﬂ‘erimur.</strong></span> 
     </span>
    </p>
   </div>
   <div class='ocr_carea' id='block_1_50' title="bbox 2024 1948 3567 2030">
    <p class='ocr_par' dir='ltr' id='par_1_50' title="bbox 2024 1948 3567 2030">
     <span class='ocr_line' id='line_1_50' title="bbox 2024 1948 3567 2030; baseline -0.015 -12"><span class='ocrx_word' id='word_1_349' title='bbox 2024 1962 2116 2018; x_wconf 70' lang='lat'><strong>45.</strong></span> <span class='ocrx_word' id='word_1_350' title='bbox 2169 1958 2359 2030; x_wconf 86' lang='lat' dir='ltr'><strong>Neque</strong></span> <span class='ocrx_word' id='word_1_351' title='bbox 2395 1958 2543 2013; x_wconf 90' lang='lat' dir='ltr'><strong>enim</strong></span> <span class='ocrx_word' id='word_1_352' title='bbox 2578 1956 2737 2026; x_wconf 78' lang='lat' dir='ltr'><strong>juxta</strong></span> <span class='ocrx_word' id='word_1_353' title='bbox 2780 1948 3238 2022; x_wconf 73' lang='lat' dir='ltr'><strong>compositionem</strong></span> <span class='ocrx_word' id='word_1_354' title='bbox 3267 1955 3567 2021; x_wconf 27' lang='lat' dir='ltr'><strong>numerac.</strong></span> 
     </span>
    </p>
   </div>
   <div class='ocr_carea' id='block_1_51' title="bbox 1954 2038 3532 2118">
    <p class='ocr_par' dir='ltr' id='par_1_51' title="bbox 1954 2038 3532 2118">
     <span class='ocr_line' id='line_1_51' title="bbox 1954 2038 3532 2118; baseline -0.013 -11"><span class='ocrx_word' id='word_1_355' title='bbox 1954 2067 2100 2117; x_wconf 88' lang='lat' dir='ltr'><strong>mus,</strong></span> <span class='ocrx_word' id='word_1_356' title='bbox 2133 2051 2202 2105; x_wconf 84' lang='lat' dir='ltr'><strong>ab</strong></span> <span class='ocrx_word' id='word_1_357' title='bbox 2230 2063 2343 2104; x_wconf 91' lang='lat' dir='ltr'><strong>uno</strong></span> <span class='ocrx_word' id='word_1_358' title='bbox 2386 2047 2457 2102; x_wconf 57' lang='grc' dir='ltr'>ὦ</span> <span class='ocrx_word' id='word_1_359' title='bbox 2494 2046 2654 2118; x_wconf 83' lang='lat' dir='ltr'><strong>plura</strong></span> <span class='ocrx_word' id='word_1_360' title='bbox 2707 2041 2972 2097; x_wconf 76' lang='lat' dir='ltr'><strong>facientes</strong></span> <span class='ocrx_word' id='word_1_361' title='bbox 3008 2038 3433 2099; x_wconf 85' lang='lat' dir='ltr'><strong>incrementum,</strong></span> <span class='ocrx_word' id='word_1_362' title='bbox 3469 2038 3532 2087; x_wconf 88' lang='lat' dir='ltr'><strong>ut</strong></span> 
     </span>
    </p>
   </div>
   <div class='ocr_carea' id='block_1_52' title="bbox 1955 2129 3534 2203">
    <p class='ocr_par' dir='ltr' id='par_1_52' title="bbox 1955 2129 3534 2203">
     <span class='ocr_line' id='line_1_52' title="bbox 1955 2129 3534 2203; baseline -0.013 -4"><span class='ocrx_word' id='word_1_363' title='bbox 1955 2144 2206 2199; x_wconf 88' lang='lat' dir='ltr'><strong>dicamus</strong></span> <span class='ocrx_word' id='word_1_364' title='bbox 2243 2153 2438 2203; x_wconf 90' lang='lat' dir='ltr'><strong>unum,</strong></span> <span class='ocrx_word' id='word_1_365' title='bbox 2478 2137 2611 2200; x_wconf 93' lang='lat' dir='ltr'><strong>duo,</strong></span> <span class='ocrx_word' id='word_1_366' title='bbox 2653 2134 2783 2200; x_wconf 88' lang='lat' dir='ltr'><strong>tria,</strong></span> <span class='ocrx_word' id='word_1_367' title='bbox 2823 2147 3000 2202; x_wconf 90' lang='lat' dir='ltr'><strong>neque</strong></span> <span class='ocrx_word' id='word_1_368' title='bbox 3031 2129 3293 2201; x_wconf 89' lang='lat' dir='ltr'><strong>primum,</strong></span> <span class='ocrx_word' id='word_1_369' title='bbox 3330 2139 3534 2181; x_wconf 89' lang='lat' dir='ltr'><strong>secun-</strong></span> 
     </span>
    </p>
   </div>
   <div class='ocr_carea' id='block_1_53' title="bbox 1956 2220 3533 2299">
    <p class='ocr_par' dir='ltr' id='par_1_53' title="bbox 1956 2220 3533 2299">
     <span class='ocr_line' id='line_1_53' title="bbox 1956 2220 3533 2299; baseline -0.011 -10"><span class='ocrx_word' id='word_1_370' title='bbox 1956 2235 2087 2290; x_wconf 94' lang='lat' dir='ltr'><strong>dum</strong></span> <span class='ocrx_word' id='word_1_371' title='bbox 2141 2248 2211 2289; x_wconf 90' lang='lat' dir='ltr'><strong>ae</strong></span> <span class='ocrx_word' id='word_1_372' title='bbox 2261 2233 2507 2286; x_wconf 85' lang='lat' dir='ltr'><strong>tertium.</strong></span> <span class='ocrx_word' id='word_1_373' title='bbox 2553 2226 2668 2299; x_wconf 81' lang='lat' dir='ltr'><strong>Ego</strong></span> <span class='ocrx_word' id='word_1_374' title='bbox 2717 2226 2857 2281; x_wconf 81' lang='lat' dir='ltr'><strong>enim</strong></span> <span class='ocrx_word' id='word_1_375' title='bbox 2905 2223 3049 2278; x_wconf 80' lang='lat' dir='ltr'><strong>Deus</strong></span> <span class='ocrx_word' id='word_1_376' title='bbox 3080 2220 3305 2291; x_wconf 78' lang='lat' dir='ltr'><strong>primus,</strong></span> <span class='ocrx_word' id='word_1_377' title='bbox 3350 2226 3402 2272; x_wconf 84' lang='lat' dir='ltr'><strong>et</strong></span> <span class='ocrx_word' id='word_1_378' title='bbox 3436 2231 3533 2289; x_wconf 77' lang='lat' dir='ltr'><strong>ego</strong></span> 
     </span>
    </p>
   </div>
   <div class='ocr_carea' id='block_1_54' title="bbox 1954 2312 3530 2394">
    <p class='ocr_par' dir='ltr' id='par_1_54' title="bbox 1954 2312 3530 2394">
     <span class='ocr_line' id='line_1_54' title="bbox 1954 2312 3530 2394; baseline -0.012 -12"><span class='ocrx_word' id='word_1_379' title='bbox 1954 2335 2074 2394; x_wconf 80' lang='lat' dir='ltr'><strong>post</strong></span> <span class='ocrx_word' id='word_1_380' title='bbox 2112 2324 2223 2381; x_wconf 79' lang='lat' dir='ltr'><strong>hwc</strong></span> <span class='ocrx_word' id='word_1_381' title='bbox 2272 2324 2341 2377; x_wconf 76' lang='grc'><strong>⁸⁸.</strong></span> <span class='ocrx_word' id='word_1_382' title='bbox 2399 2319 2714 2379; x_wconf 88' lang='lat' dir='ltr'><strong>Secundum</strong></span> <span class='ocrx_word' id='word_1_383' title='bbox 2770 2322 2953 2373; x_wconf 88' lang='lat' dir='ltr'><strong>autem</strong></span> <span class='ocrx_word' id='word_1_384' title='bbox 3016 2312 3189 2368; x_wconf 87' lang='lat' dir='ltr'><strong>Deum</strong></span> <span class='ocrx_word' id='word_1_385' title='bbox 3244 2324 3530 2380; x_wconf 86' lang='lat' dir='ltr'><strong>nunquam</strong></span> 
     </span>
    </p>
   </div>
   <div class='ocr_carea' id='block_1_55' title="bbox 1957 2401 3528 2483">
    <p class='ocr_par' dir='ltr' id='par_1_55' title="bbox 1957 2401 3528 2483">
     <span class='ocr_line' id='line_1_55' title="bbox 1957 2401 3528 2483; baseline -0.009 -11"><span class='ocrx_word' id='word_1_386' title='bbox 1957 2419 2226 2474; x_wconf 80' lang='lat' dir='ltr'><strong>hactenus</strong></span> <span class='ocrx_word' id='word_1_387' title='bbox 2267 2414 2580 2471; x_wconf 82' lang='lat' dir='ltr'><strong>audivimus</strong></span> <span class='ocrx_word' id='word_1_388' title='bbox 2625 2430 2642 2468; x_wconf 89' lang='lat'><strong>:</strong></span> <span class='ocrx_word' id='word_1_389' title='bbox 2695 2410 2900 2483; x_wconf 88' lang='lat' dir='ltr'><strong>quippe</strong></span> <span class='ocrx_word' id='word_1_390' title='bbox 2937 2405 3111 2463; x_wconf 88' lang='lat' dir='ltr'><strong>Deum</strong></span> <span class='ocrx_word' id='word_1_391' title='bbox 3139 2419 3207 2461; x_wconf 83' lang='lat' dir='ltr'><strong>ex</strong></span> <span class='ocrx_word' id='word_1_392' title='bbox 3242 2403 3356 2459; x_wconf 90' lang='lat' dir='ltr'><strong>Deo</strong></span> <span class='ocrx_word' id='word_1_393' title='bbox 3392 2401 3528 2458; x_wconf 86' lang='lat' dir='ltr'><strong>ado-</strong></span> 
     </span>
    </p>
   </div>
   <div class='ocr_carea' id='block_1_56' title="bbox 1956 2497 3525 2578">
    <p class='ocr_par' dir='ltr' id='par_1_56' title="bbox 1956 2497 3525 2578">
     <span class='ocr_line' id='line_1_56' title="bbox 1956 2497 3525 2578; baseline -0.009 -15"><span class='ocrx_word' id='word_1_394' title='bbox 1956 2516 2164 2574; x_wconf 72' lang='lat' dir='ltr'><strong>rantes,</strong></span> <span class='ocrx_word' id='word_1_395' title='bbox 2188 2506 2351 2565; x_wconf 89' lang='lat' dir='ltr'><strong>etiam</strong></span> <span class='ocrx_word' id='word_1_396' title='bbox 2375 2505 2767 2578; x_wconf 84' lang='lat' dir='ltr'><strong>proprietatem</strong></span> <span class='ocrx_word' id='word_1_397' title='bbox 2794 2498 3116 2573; x_wconf 76' lang='lat' dir='ltr'><strong>proﬁtemur</strong></span> <span class='ocrx_word' id='word_1_398' title='bbox 3136 2497 3525 2570; x_wconf 81' lang='lat' dir='ltr'><strong>bypostaseon,</strong></span> 
     </span>
    </p>
   </div>
   <div class='ocr_carea' id='block_1_57' title="bbox 1955 2589 3530 2671">
    <p class='ocr_par' dir='ltr' id='par_1_57' title="bbox 1955 2589 3530 2671">
     <span class='ocr_line' id='line_1_57' title="bbox 1955 2589 3530 2671; baseline -0.008 -15"><span class='ocrx_word' id='word_1_399' title='bbox 1955 2598 2349 2671; x_wconf 78' lang='lat' dir='ltr'><strong>manemusq‘ue</strong></span> <span class='ocrx_word' id='word_1_400' title='bbox 2396 2600 2453 2654; x_wconf 92' lang='lat' dir='ltr'><strong>in</strong></span> <span class='ocrx_word' id='word_1_401' title='bbox 2499 2612 2609 2653; x_wconf 89' lang='lat' dir='ltr'><strong>uno</strong></span> <span class='ocrx_word' id='word_1_402' title='bbox 2656 2595 2991 2667; x_wconf 87' lang='lat' dir='ltr'><strong>principatu,</strong></span> <span class='ocrx_word' id='word_1_403' title='bbox 3038 2605 3160 2663; x_wconf 37' lang='lat' dir='ltr'><strong>non.</strong></span> <span class='ocrx_word' id='word_1_404' title='bbox 3196 2589 3530 2660; x_wconf 86' lang='lat' dir='ltr'><strong>dissipantes</strong></span> 
     </span>
    </p>
   </div>
   <div class='ocr_carea' id='block_1_58' title="bbox 1956 2679 3532 2762">
    <p class='ocr_par' dir='ltr' id='par_1_58' title="bbox 1956 2679 3532 2762">
     <span class='ocr_line' id='line_1_58' title="bbox 1956 2679 3532 2762; baseline -0.009 -17"><span class='ocrx_word' id='word_1_405' title='bbox 1956 2691 2285 2762; x_wconf 79' lang='lat' dir='ltr'><strong>theologiam</strong></span> <span class='ocrx_word' id='word_1_406' title='bbox 2313 2690 2370 2744; x_wconf 89' lang='lat' dir='ltr'><strong>in</strong></span> <span class='ocrx_word' id='word_1_407' title='bbox 2397 2688 2629 2745; x_wconf 89' lang='lat' dir='ltr'><strong>scissam</strong></span> <span class='ocrx_word' id='word_1_408' title='bbox 2658 2683 3087 2751; x_wconf 88' lang='lat' dir='ltr'><strong>multitudinem,</strong></span> <span class='ocrx_word' id='word_1_409' title='bbox 3111 2696 3180 2737; x_wconf 90' lang='lat' dir='ltr'><strong>eo</strong></span> <span class='ocrx_word' id='word_1_410' title='bbox 3200 2679 3346 2753; x_wconf 89' lang='lat' dir='ltr'><strong>quod</strong></span> <span class='ocrx_word' id='word_1_411' title='bbox 3364 2693 3532 2733; x_wconf 88' lang='lat' dir='ltr'><strong>unam</strong></span> 
     </span>
    </p>
   </div>
   <div class='ocr_carea' id='block_1_59' title="bbox 1958 2769 3533 2849">
    <p class='ocr_par' dir='ltr' id='par_1_59' title="bbox 1958 2769 3533 2849">
     <span class='ocr_line' id='line_1_59' title="bbox 1958 2769 3533 2849; baseline -0.008 -13"><span class='ocrx_word' id='word_1_412' title='bbox 1958 2782 2014 2837; x_wconf 92' lang='lat' dir='ltr'><strong>in</strong></span> <span class='ocrx_word' id='word_1_413' title='bbox 2042 2781 2154 2836; x_wconf 90' lang='lat' dir='ltr'><strong>Deo</strong></span> <span class='ocrx_word' id='word_1_414' title='bbox 2184 2779 2346 2836; x_wconf 90' lang='lat' dir='ltr'><strong>Patre</strong></span> <span class='ocrx_word' id='word_1_415' title='bbox 2392 2786 2450 2837; x_wconf 89' lang='lat' dir='ltr'><strong>et</strong></span> <span class='ocrx_word' id='word_1_416' title='bbox 2482 2779 2596 2835; x_wconf 90' lang='lat' dir='ltr'><strong>Deo</strong></span> <span class='ocrx_word' id='word_1_417' title='bbox 2628 2776 2921 2849; x_wconf 87' lang='lat' dir='ltr'><strong>Unigenito</strong></span> <span class='ocrx_word' id='word_1_418' title='bbox 2962 2773 3218 2837; x_wconf 79' lang='lat' dir='ltr'><strong>formam,</strong></span> <span class='ocrx_word' id='word_1_419' title='bbox 3257 2779 3320 2825; x_wconf 91' lang='lat' dir='ltr'><strong>ut</strong></span> <span class='ocrx_word' id='word_1_420' title='bbox 3351 2769 3425 2826; x_wconf 87' lang='lat' dir='ltr'><strong>ita</strong></span> <span class='ocrx_word' id='word_1_421' title='bbox 3455 2770 3533 2824; x_wconf 92' lang='lat' dir='ltr'><strong>lo-</strong></span> 
     </span>
    </p>
   </div>
   <div class='ocr_carea' id='block_1_60' title="bbox 1956 2861 3532 2945">
    <p class='ocr_par' dir='ltr' id='par_1_60' title="bbox 1956 2861 3532 2945">
     <span class='ocr_line' id='line_1_60' title="bbox 1956 2861 3532 2945; baseline -0.01 -15"><span class='ocrx_word' id='word_1_422' title='bbox 1956 2889 2118 2945; x_wconf 86' lang='lat' dir='ltr'><strong>quar,</strong></span> <span class='ocrx_word' id='word_1_423' title='bbox 2160 2873 2618 2945; x_wconf 90' lang='lat' dir='ltr'><strong>contemplamur,</strong></span> <span class='ocrx_word' id='word_1_424' title='bbox 2686 2870 2746 2925; x_wconf 94' lang='lat' dir='ltr'><strong>in</strong></span> <span class='ocrx_word' id='word_1_425' title='bbox 2802 2882 2916 2925; x_wconf 88' lang='lat' dir='ltr'><strong>una</strong></span> <span class='ocrx_word' id='word_1_426' title='bbox 2968 2875 3026 2924; x_wconf 89' lang='lat' dir='ltr'><strong>et</strong></span> <span class='ocrx_word' id='word_1_427' title='bbox 3081 2865 3309 2923; x_wconf 85' lang='lat' dir='ltr'><strong>omnino</strong></span> <span class='ocrx_word' id='word_1_428' title='bbox 3360 2861 3532 2918; x_wconf 87' lang='lat' dir='ltr'><strong>simili</strong></span> 
     </span>
    </p>
   </div>
   <div class='ocr_carea' id='block_1_61' title="bbox 1956 2955 3528 3038">
    <p class='ocr_par' dir='ltr' id='par_1_61' title="bbox 1956 2955 3528 3038">
     <span class='ocr_line' id='line_1_61' title="bbox 1956 2955 3528 3038; baseline -0.008 -16"><span class='ocrx_word' id='word_1_429' title='bbox 1956 2967 2157 3023; x_wconf 91' lang='lat' dir='ltr'><strong>deitate</strong></span> <span class='ocrx_word' id='word_1_430' title='bbox 2193 2980 2531 3038; x_wconf 81' lang='lat' dir='ltr'><strong>expressam.</strong></span> <span class='ocrx_word' id='word_1_431' title='bbox 2562 2963 2735 3019; x_wconf 87' lang='lat' dir='ltr'><strong>Filius</strong></span> <span class='ocrx_word' id='word_1_432' title='bbox 2765 2962 2916 3020; x_wconf 91' lang='lat' dir='ltr'><strong>enim</strong></span> <span class='ocrx_word' id='word_1_433' title='bbox 2945 2961 3003 3016; x_wconf 93' lang='lat' dir='ltr'><strong>in</strong></span> <span class='ocrx_word' id='word_1_434' title='bbox 3034 2959 3218 3024; x_wconf 87' lang='lat' dir='ltr'><strong>Patre,</strong></span> <span class='ocrx_word' id='word_1_435' title='bbox 3263 2966 3320 3013; x_wconf 88' lang='lat' dir='ltr'><strong>et</strong></span> <span class='ocrx_word' id='word_1_436' title='bbox 3363 2955 3528 3011; x_wconf 83' lang='lat' dir='ltr'><strong>Pater</strong></span> 
     </span>
    </p>
   </div>
   <div class='ocr_carea' id='block_1_62' title="bbox 1958 3045 3530 3127">
    <p class='ocr_par' dir='ltr' id='par_1_62' title="bbox 1958 3045 3530 3127">
     <span class='ocr_line' id='line_1_62' title="bbox 1958 3045 3530 3127; baseline -0.01 -14"><span class='ocrx_word' id='word_1_437' title='bbox 1958 3059 2015 3113; x_wconf 90' lang='lat' dir='ltr'><strong>in</strong></span> <span class='ocrx_word' id='word_1_438' title='bbox 2046 3056 2190 3113; x_wconf 89' lang='lat' dir='ltr'><strong>Filio</strong></span> <span class='ocrx_word' id='word_1_439' title='bbox 2230 3077 2244 3111; x_wconf 93' lang='lat'>:</span> <span class='ocrx_word' id='word_1_440' title='bbox 2284 3053 2729 3127; x_wconf 89' lang='lat' dir='ltr'><strong>quandoquidem</strong></span> <span class='ocrx_word' id='word_1_441' title='bbox 2778 3052 2871 3107; x_wconf 88' lang='lat' dir='ltr'><strong>hic</strong></span> <span class='ocrx_word' id='word_1_442' title='bbox 2910 3050 3041 3106; x_wconf 88' lang='lat' dir='ltr'><strong>talis</strong></span> <span class='ocrx_word' id='word_1_443' title='bbox 3070 3055 3177 3117; x_wconf 87' lang='lat' dir='ltr'><strong>est,</strong></span> <span class='ocrx_word' id='word_1_444' title='bbox 3207 3046 3387 3118; x_wconf 87' lang='lat' dir='ltr'><strong>qualis</strong></span> <span class='ocrx_word' id='word_1_445' title='bbox 3417 3045 3530 3112; x_wconf 88' lang='lat' dir='ltr'><strong>ille,</strong></span> 
     </span>
    </p>
   </div>
   <div class='ocr_carea' id='block_1_63' title="bbox 1958 3135 3532 3220">
    <p class='ocr_par' dir='ltr' id='par_1_63' title="bbox 1958 3135 3532 3220">
     <span class='ocr_line' id='line_1_63' title="bbox 1958 3135 3532 3220; baseline -0.01 -15"><span class='ocrx_word' id='word_1_446' title='bbox 1958 3162 2012 3205; x_wconf 87' lang='lat' dir='ltr'><strong>et</strong></span> <span class='ocrx_word' id='word_1_447' title='bbox 2049 3149 2140 3205; x_wconf 85' lang='lat' dir='ltr'><strong>ille</strong></span> <span class='ocrx_word' id='word_1_448' title='bbox 2172 3149 2351 3220; x_wconf 89' lang='lat' dir='ltr'><strong>qualis</strong></span> <span class='ocrx_word' id='word_1_449' title='bbox 2384 3148 2513 3215; x_wconf 88' lang='lat' dir='ltr'><strong>hic;</strong></span> <span class='ocrx_word' id='word_1_450' title='bbox 2548 3154 2711 3217; x_wconf 89' lang='lat' dir='ltr'><strong>atque</strong></span> <span class='ocrx_word' id='word_1_451' title='bbox 2743 3143 2801 3199; x_wconf 89' lang='lat' dir='ltr'><strong>in</strong></span> <span class='ocrx_word' id='word_1_452' title='bbox 2826 3142 2932 3199; x_wconf 91' lang='lat' dir='ltr'><strong>hoc</strong></span> <span class='ocrx_word' id='word_1_453' title='bbox 2957 3155 3128 3197; x_wconf 90' lang='lat' dir='ltr'><strong>unum</strong></span> <span class='ocrx_word' id='word_1_454' title='bbox 3159 3146 3310 3195; x_wconf 87' lang='lat' dir='ltr'><strong>sunt.</strong></span> <span class='ocrx_word' id='word_1_455' title='bbox 3341 3135 3532 3208; x_wconf 83' lang='lat' dir='ltr'><strong>itaque</strong></span> 
     </span>
    </p>
   </div>
   <div class='ocr_carea' id='block_1_64' title="bbox 269 3227 1851 3310">
    <p class='ocr_par' dir='ltr' id='par_1_64' title="bbox 269 3227 1848 3304">
     <span class='ocr_line' id='line_1_64' title="bbox 269 3227 1848 3304; baseline -0.001 -18"><span class='ocrx_word' id='word_1_456' title='bbox 269 3232 406 3286; x_wconf 63' lang='lat' dir='ltr'><strong>me</strong></span> <span class='ocrx_word' id='word_1_457' title='bbox 448 3233 549 3301; x_wconf 79' lang='grc' dir='ltr'><strong>μὲν</strong></span> <span class='ocrx_word' id='word_1_458' title='bbox 594 3232 703 3302; x_wconf 75' lang='grc' dir='ltr'>τὴν</span> <span class='ocrx_word' id='word_1_459' title='bbox 737 3232 973 3302; x_wconf 82' lang='grc' dir='ltr'>ἰδιότητα</span> <span class='ocrx_word' id='word_1_460' title='bbox 1017 3231 1125 3286; x_wconf 87' lang='grc' dir='ltr'><strong>τῶν</strong></span> <span class='ocrx_word' id='word_1_461' title='bbox 1151 3233 1457 3304; x_wconf 85' lang='grc' dir='ltr'>προσώπων</span> <span class='ocrx_word' id='word_1_462' title='bbox 1483 3228 1566 3297; x_wconf 78' lang='grc' dir='ltr'>εἷς</span> <span class='ocrx_word' id='word_1_463' title='bbox 1603 3234 1698 3287; x_wconf 77' lang='grc' dir='ltr'><strong>καὶ</strong></span> <span class='ocrx_word' id='word_1_464' title='bbox 1747 3227 1848 3299; x_wconf 78' lang='grc' dir='ltr'>εἷς,</span> 
     </span>
    </p>
   </div>
   <div class='ocr_carea' id='block_1_65' title="bbox 1961 3227 3528 3310">
    <p class='ocr_par' dir='ltr' id='par_1_65' title="bbox 1961 3232 3528 3310">
     <span class='ocr_line' id='line_1_65' title="bbox 1961 3232 3528 3310; baseline -0.008 -15"><span class='ocrx_word' id='word_1_465' title='bbox 1961 3241 2108 3309; x_wconf 76' lang='lat' dir='ltr'><strong>iuxta</strong></span> <span class='ocrx_word' id='word_1_466' title='bbox 2154 3253 2531 3310; x_wconf 80' lang='lat' dir='ltr'><strong>personarum</strong></span> <span class='ocrx_word' id='word_1_467' title='bbox 2588 3235 2975 3307; x_wconf 65' lang='lat' dir='ltr'><strong>proprietatem</strong></span> <span class='ocrx_word' id='word_1_468' title='bbox 3003 3271 3018 3297; x_wconf 93' lang='lat'><strong>,</strong></span> <span class='ocrx_word' id='word_1_469' title='bbox 3075 3245 3222 3286; x_wconf 87' lang='lat' dir='ltr'><strong>unus</strong></span> <span class='ocrx_word' id='word_1_470' title='bbox 3282 3236 3413 3285; x_wconf 88' lang='lat' dir='ltr'><strong>sunt</strong></span> <span class='ocrx_word' id='word_1_471' title='bbox 3470 3232 3528 3283; x_wconf 85' lang='lat' dir='ltr'><strong>et</strong></span> 
     </span>
    </p>
   </div>
   <div class='ocr_carea' id='block_1_66' title="bbox 271 3322 1851 3399">
    <p class='ocr_par' dir='ltr' id='par_1_66' title="bbox 271 3322 1851 3398">
     <span class='ocr_line' id='line_1_66' title="bbox 271 3322 1851 3398; baseline 0.001 -22"><span class='ocrx_word' id='word_1_472' title='bbox 271 3324 405 3376; x_wconf 73' lang='grc' dir='ltr'>κατὰ</span> <span class='ocrx_word' id='word_1_473' title='bbox 428 3323 487 3376; x_wconf 84' lang='grc' dir='ltr'>δὲ</span> <span class='ocrx_word' id='word_1_474' title='bbox 513 3324 577 3375; x_wconf 82' lang='grc' dir='ltr'><strong>τὸ</strong></span> <span class='ocrx_word' id='word_1_475' title='bbox 615 3322 792 3376; x_wconf 82' lang='grc' dir='ltr'>κοινὸν</span> <span class='ocrx_word' id='word_1_476' title='bbox 825 3324 926 3394; x_wconf 80' lang='grc' dir='ltr'><strong>τῆς</strong></span> <span class='ocrx_word' id='word_1_477' title='bbox 960 3323 1175 3394; x_wconf 81' lang='grc' dir='ltr'>φύσεως</span> <span class='ocrx_word' id='word_1_478' title='bbox 1208 3324 1266 3377; x_wconf 80' lang='grc' dir='ltr'>ἓν</span> <span class='ocrx_word' id='word_1_479' title='bbox 1296 3327 1347 3377; x_wconf 78' lang='grc' dir='ltr'><strong>οἱ</strong></span> <span class='ocrx_word' id='word_1_480' title='bbox 1374 3325 1693 3398; x_wconf 77' lang='grc' dir='ltr'>ἀμφότεροι.</span> <span class='ocrx_word' id='word_1_481' title='bbox 1726 3326 1851 3390; x_wconf 90' lang='grc' dir='ltr'>Πῶς</span> 
     </span>
    </p>
   </div>
   <div class='ocr_carea' id='block_1_67' title="bbox 1961 3322 3527 3399">
    <p class='ocr_par' dir='ltr' id='par_1_67' title="bbox 1961 3329 3527 3399">
     <span class='ocr_line' id='line_1_67' title="bbox 1961 3329 3527 3399; baseline -0.005 -14"><span class='ocrx_word' id='word_1_482' title='bbox 1961 3346 2144 3398; x_wconf 91' lang='lat' dir='ltr'><strong>unus;</strong></span> <span class='ocrx_word' id='word_1_483' title='bbox 2189 3338 2245 3384; x_wconf 87' lang='lat' dir='ltr'><strong>at</strong></span> <span class='ocrx_word' id='word_1_484' title='bbox 2278 3330 2433 3399; x_wconf 77' lang='lat' dir='ltr'><strong>juxta</strong></span> <span class='ocrx_word' id='word_1_485' title='bbox 2476 3341 2820 3384; x_wconf 89' lang='lat' dir='ltr'><strong>communem</strong></span> <span class='ocrx_word' id='word_1_486' title='bbox 2853 3333 3129 3389; x_wconf 88' lang='lat' dir='ltr'><strong>naturam,</strong></span> <span class='ocrx_word' id='word_1_487' title='bbox 3171 3338 3340 3379; x_wconf 91' lang='lat' dir='ltr'><strong>unum</strong></span> <span class='ocrx_word' id='word_1_488' title='bbox 3377 3329 3527 3379; x_wconf 87' lang='lat' dir='ltr'><strong>sunt.</strong></span> 
     </span>
    </p>
   </div>
   <div class='ocr_carea' id='block_1_68' title="bbox 273 3406 1851 3489">
    <p class='ocr_par' dir='ltr' id='par_1_68' title="bbox 273 3406 1851 3485">
     <span class='ocr_line' id='line_1_68' title="bbox 273 3406 1851 3485; baseline 0.002 -21"><span class='ocrx_word' id='word_1_489' title='bbox 273 3409 379 3476; x_wconf 77' lang='grc' dir='ltr'>οὖν,</span> <span class='ocrx_word' id='word_1_490' title='bbox 413 3412 574 3484; x_wconf 81' lang='grc' dir='ltr'>εἴπερ</span> <span class='ocrx_word' id='word_1_491' title='bbox 610 3406 692 3475; x_wconf 85' lang='grc' dir='ltr'><strong>εἷς</strong></span> <span class='ocrx_word' id='word_1_492' title='bbox 724 3413 819 3465; x_wconf 81' lang='grc' dir='ltr'><strong>καὶ</strong></span> <span class='ocrx_word' id='word_1_493' title='bbox 851 3410 953 3476; x_wconf 84' lang='grc' dir='ltr'>εἷς,</span> <span class='ocrx_word' id='word_1_494' title='bbox 996 3413 1118 3483; x_wconf 66' lang='grc' dir='ltr'>οὐχ).</span> <span class='ocrx_word' id='word_1_495' title='bbox 1138 3413 1231 3466; x_wconf 87' lang='grc' dir='ltr'><strong>δύο</strong></span> <span class='ocrx_word' id='word_1_496' title='bbox 1261 3413 1417 3479; x_wconf 84' lang='grc' dir='ltr'>Θεοί;</span> <span class='ocrx_word' id='word_1_497' title='bbox 1446 3416 1568 3468; x_wconf 76' lang='grc' dir='ltr'>Ὀτι</span> <span class='ocrx_word' id='word_1_498' title='bbox 1601 3413 1851 3485; x_wconf 80' lang='grc' dir='ltr'>βασιλεὺς</span> 
     </span>
    </p>
   </div>
   <div class='ocr_carea' id='block_1_69' title="bbox 1961 3406 3531 3489">
    <p class='ocr_par' dir='ltr' id='par_1_69' title="bbox 1961 3417 3531 3489">
     <span class='ocr_line' id='line_1_69' title="bbox 1961 3417 3531 3489; baseline -0.005 -15"><span class='ocrx_word' id='word_1_499' title='bbox 1961 3418 2240 3487; x_wconf 81' lang='lat' dir='ltr'><strong>Quomodo</strong></span> <span class='ocrx_word' id='word_1_500' title='bbox 2280 3418 2472 3489; x_wconf 84' lang='lat' dir='ltr'><strong>igitur,</strong></span> <span class='ocrx_word' id='word_1_501' title='bbox 2511 3417 2560 3473; x_wconf 91' lang='lat' dir='ltr'><strong>si</strong></span> <span class='ocrx_word' id='word_1_502' title='bbox 2601 3430 2746 3471; x_wconf 91' lang='lat' dir='ltr'><strong>unus</strong></span> <span class='ocrx_word' id='word_1_503' title='bbox 2780 3423 2836 3471; x_wconf 90' lang='lat' dir='ltr'><strong>et</strong></span> <span class='ocrx_word' id='word_1_504' title='bbox 2875 3430 3022 3471; x_wconf 90' lang='lat' dir='ltr'><strong>unus</strong></span> <span class='ocrx_word' id='word_1_505' title='bbox 3063 3422 3214 3480; x_wconf 91' lang='lat' dir='ltr'><strong>sunt,</strong></span> <span class='ocrx_word' id='word_1_506' title='bbox 3242 3428 3354 3470; x_wconf 90' lang='lat' dir='ltr'><strong>non</strong></span> <span class='ocrx_word' id='word_1_507' title='bbox 3397 3420 3531 3468; x_wconf 89' lang='lat' dir='ltr'><strong>sunt</strong></span> 
     </span>
    </p>
   </div>
   <div class='ocr_carea' id='block_1_70' title="bbox 278 3502 1851 3579">
    <p class='ocr_par' dir='ltr' id='par_1_70' title="bbox 278 3502 1851 3579">
     <span class='ocr_line' id='line_1_70' title="bbox 278 3502 1851 3579; baseline 0.001 -19"><span class='ocrx_word' id='word_1_508' title='bbox 278 3502 493 3572; x_wconf 78' lang='grc' dir='ltr'>λέγεται</span> <span class='ocrx_word' id='word_1_509' title='bbox 514 3504 624 3558; x_wconf 66' lang='grc' dir='ltr'><strong>καὶ</strong></span> <span class='ocrx_word' id='word_1_510' title='bbox 643 3507 677 3574; x_wconf 88' lang='grc' dir='ltr'><strong>ἡ</strong></span> <span class='ocrx_word' id='word_1_511' title='bbox 710 3504 806 3558; x_wconf 85' lang='grc' dir='ltr'><strong>τοῦ</strong></span> <span class='ocrx_word' id='word_1_512' title='bbox 833 3504 1110 3574; x_wconf 64' lang='grc' dir='ltr'>βασιλέως</span> <span class='ocrx_word' id='word_1_513' title='bbox 1137 3506 1322 3571; x_wconf 78' lang='grc' dir='ltr'>εἰκὼν,</span> <span class='ocrx_word' id='word_1_514' title='bbox 1353 3508 1447 3561; x_wconf 71' lang='grc' dir='ltr'><strong>καὶ</strong></span> <span class='ocrx_word' id='word_1_515' title='bbox 1488 3509 1549 3561; x_wconf 82' lang='grc' dir='ltr'><strong>οὐ</strong></span> <span class='ocrx_word' id='word_1_516' title='bbox 1575 3508 1669 3562; x_wconf 90' lang='grc' dir='ltr'><strong>δύο</strong></span> <span class='ocrx_word' id='word_1_517' title='bbox 1698 3508 1851 3579; x_wconf 88' lang='grc' dir='ltr'>βασι-</span> 
     </span>
    </p>
   </div>
   <div class='ocr_carea' id='block_1_71' title="bbox 1961 3502 3531 3579">
    <p class='ocr_par' dir='ltr' id='par_1_71' title="bbox 1961 3506 3531 3577">
     <span class='ocr_line' id='line_1_71' title="bbox 1961 3506 3531 3577; baseline -0.006 -10"><span class='ocrx_word' id='word_1_518' title='bbox 1961 3513 2067 3567; x_wconf 92' lang='lat' dir='ltr'><strong>duo</strong></span> <span class='ocrx_word' id='word_1_519' title='bbox 2093 3510 2222 3564; x_wconf 86' lang='lat' dir='ltr'><strong>Dii?</strong></span> <span class='ocrx_word' id='word_1_520' title='bbox 2249 3508 2517 3576; x_wconf 87' lang='lat' dir='ltr'><strong>Quoniam</strong></span> <span class='ocrx_word' id='word_1_521' title='bbox 2550 3522 2645 3562; x_wconf 83' lang='lat' dir='ltr'><strong>rex</strong></span> <span class='ocrx_word' id='word_1_522' title='bbox 2681 3507 2883 3562; x_wconf 91' lang='lat' dir='ltr'><strong>dicitur</strong></span> <span class='ocrx_word' id='word_1_523' title='bbox 2911 3514 2967 3562; x_wconf 92' lang='lat' dir='ltr'><strong>et</strong></span> <span class='ocrx_word' id='word_1_524' title='bbox 3006 3506 3152 3577; x_wconf 87' lang='lat' dir='ltr'><strong>regis</strong></span> <span class='ocrx_word' id='word_1_525' title='bbox 3176 3507 3377 3575; x_wconf 81' lang='lat' dir='ltr'><strong>imago,</strong></span> <span class='ocrx_word' id='word_1_526' title='bbox 3419 3518 3531 3558; x_wconf 92' lang='lat' dir='ltr'><strong>non</strong></span> 
     </span>
    </p>
   </div>
   <div class='ocr_carea' id='block_1_72' title="bbox 275 3590 1851 3668">
    <p class='ocr_par' dir='ltr' id='par_1_72' title="bbox 275 3590 1851 3666">
     <span class='ocr_line' id='line_1_72' title="bbox 275 3590 1851 3666; baseline 0.003 -21"><span class='ocrx_word' id='word_1_527' title='bbox 275 3590 403 3655; x_wconf 83' lang='grc' dir='ltr'><strong>λείς.</strong></span> <span class='ocrx_word' id='word_1_528' title='bbox 429 3590 573 3645; x_wconf 77' lang='grc' dir='ltr'>Οὔτε</span> <span class='ocrx_word' id='word_1_529' title='bbox 611 3591 721 3663; x_wconf 82' lang='grc' dir='ltr'>γὰρ</span> <span class='ocrx_word' id='word_1_530' title='bbox 749 3590 813 3644; x_wconf 85' lang='grc' dir='ltr'>τὸ</span> <span class='ocrx_word' id='word_1_531' title='bbox 844 3592 1044 3662; x_wconf 87' lang='grc' dir='ltr'>κράτος</span> <span class='ocrx_word' id='word_1_532' title='bbox 1078 3593 1341 3662; x_wconf 79' lang='grc' dir='ltr'>σχίζεται,</span> <span class='ocrx_word' id='word_1_533' title='bbox 1374 3592 1499 3646; x_wconf 78' lang='grc' dir='ltr'>οὔτε</span> <span class='ocrx_word' id='word_1_534' title='bbox 1526 3595 1559 3666; x_wconf 79' lang='grc' dir='ltr'>ἡ</span> <span class='ocrx_word' id='word_1_535' title='bbox 1586 3595 1714 3661; x_wconf 80' lang='grc' dir='ltr'>δόξα</span> <span class='ocrx_word' id='word_1_536' title='bbox 1740 3596 1851 3649; x_wconf 90' lang='grc' dir='ltr'>δια-</span> 
     </span>
    </p>
   </div>
   <div class='ocr_carea' id='block_1_73' title="bbox 1961 3590 3530 3668">
    <p class='ocr_par' dir='ltr' id='par_1_73' title="bbox 1961 3594 3530 3668">
     <span class='ocr_line' id='line_1_73' title="bbox 1961 3594 3530 3668; baseline -0.004 -14"><span class='ocrx_word' id='word_1_537' title='bbox 1961 3610 2138 3656; x_wconf 87' lang='lat' dir='ltr'><strong>autem</strong></span> <span class='ocrx_word' id='word_1_538' title='bbox 2182 3598 2294 3653; x_wconf 91' lang='lat' dir='ltr'><strong>duo</strong></span> <span class='ocrx_word' id='word_1_539' title='bbox 2335 3613 2514 3668; x_wconf 85' lang='lat' dir='ltr'><strong>reges.</strong></span> <span class='ocrx_word' id='word_1_540' title='bbox 2554 3595 2745 3668; x_wconf 90' lang='lat' dir='ltr'><strong>Neque</strong></span> <span class='ocrx_word' id='word_1_541' title='bbox 2782 3597 2930 3653; x_wconf 90' lang='lat' dir='ltr'><strong>enim</strong></span> <span class='ocrx_word' id='word_1_542' title='bbox 2960 3604 3206 3667; x_wconf 86' lang='lat' dir='ltr'><strong>potestas</strong></span> <span class='ocrx_word' id='word_1_543' title='bbox 3238 3594 3530 3661; x_wconf 80' lang='lat' dir='ltr'><strong>scinditur,</strong></span> 
     </span>
    </p>
   </div>
   <div class='ocr_carea' id='block_1_74' title="bbox 282 3683 1851 3761">
    <p class='ocr_par' dir='ltr' id='par_1_74' title="bbox 282 3683 1851 3758">
     <span class='ocr_line' id='line_1_74' title="bbox 282 3683 1851 3758; baseline 0.004 -24"><span class='ocrx_word' id='word_1_544' title='bbox 282 3683 555 3756; x_wconf 75' lang='grc' dir='ltr'>μερίζεται</span> <span class='ocrx_word' id='word_1_545' title='bbox 583 3683 723 3755; x_wconf 69' lang='grc'><strong>(45).</strong></span> <span class='ocrx_word' id='word_1_546' title='bbox 765 3683 852 3746; x_wconf 81' lang='grc' dir='ltr'>Ὠς</span> <span class='ocrx_word' id='word_1_547' title='bbox 876 3683 984 3754; x_wconf 78' lang='grc' dir='ltr'>γὰρ</span> <span class='ocrx_word' id='word_1_548' title='bbox 1009 3685 1043 3753; x_wconf 84' lang='grc' dir='ltr'>ἡ</span> <span class='ocrx_word' id='word_1_549' title='bbox 1077 3684 1351 3754; x_wconf 78' lang='grc' dir='ltr'>κρατοῦσα</span> <span class='ocrx_word' id='word_1_550' title='bbox 1379 3685 1534 3755; x_wconf 86' lang='grc' dir='ltr'>ἡμῶν</span> <span class='ocrx_word' id='word_1_551' title='bbox 1577 3687 1719 3758; x_wconf 81' lang='grc' dir='ltr'>ἀρχὴ</span> <span class='ocrx_word' id='word_1_552' title='bbox 1758 3688 1851 3741; x_wconf 76' lang='grc' dir='ltr'><strong>καὶ</strong></span> 
     </span>
    </p>
   </div>
   <div class='ocr_carea' id='block_1_75' title="bbox 1961 3683 3529 3761">
    <p class='ocr_par' dir='ltr' id='par_1_75' title="bbox 1964 3685 3529 3761">
     <span class='ocr_line' id='line_1_75' title="bbox 1964 3685 3529 3761; baseline -0.005 -15"><span class='ocrx_word' id='word_1_553' title='bbox 1964 3706 2139 3761; x_wconf 90' lang='lat' dir='ltr'><strong>neque</strong></span> <span class='ocrx_word' id='word_1_554' title='bbox 2162 3691 2338 3760; x_wconf 79' lang='lat' dir='ltr'><strong>gloria</strong></span> <span class='ocrx_word' id='word_1_555' title='bbox 2372 3688 2657 3745; x_wconf 82' lang='lat' dir='ltr'><strong>dividitur.</strong></span> <span class='ocrx_word' id='word_1_556' title='bbox 2691 3687 3164 3755; x_wconf 88' lang='lat' dir='ltr'><strong>Quemadmodum</strong></span> <span class='ocrx_word' id='word_1_557' title='bbox 3189 3687 3337 3743; x_wconf 88' lang='lat' dir='ltr'><strong>enim</strong></span> <span class='ocrx_word' id='word_1_558' title='bbox 3374 3685 3529 3757; x_wconf 86' lang='lat' dir='ltr'><strong>prin-</strong></span> 
     </span>
    </p>
   </div>
   <div class='ocr_carea' id='block_1_76' title="bbox 280 3772 1851 3851">
    <p class='ocr_par' dir='ltr' id='par_1_76' title="bbox 280 3772 1851 3846">
     <span class='ocr_line' id='line_1_76' title="bbox 280 3772 1851 3846; baseline 0.001 -18"><span class='ocrx_word' id='word_1_559' title='bbox 280 3775 546 3844; x_wconf 78' lang='grc' dir='ltr'>ήὲξουσία</span> <span class='ocrx_word' id='word_1_560' title='bbox 575 3775 698 3846; x_wconf 80' lang='grc' dir='ltr'>μία,</span> <span class='ocrx_word' id='word_1_561' title='bbox 730 3772 873 3828; x_wconf 74' lang='grc' dir='ltr'>οὕτω</span> <span class='ocrx_word' id='word_1_562' title='bbox 902 3774 996 3827; x_wconf 75' lang='grc' dir='ltr'><strong>καὶ</strong></span> <span class='ocrx_word' id='word_1_563' title='bbox 1020 3775 1054 3843; x_wconf 81' lang='grc' dir='ltr'><strong>ἡ</strong></span> <span class='ocrx_word' id='word_1_564' title='bbox 1083 3776 1213 3844; x_wconf 83' lang='grc' dir='ltr'>παρ’</span> <span class='ocrx_word' id='word_1_565' title='bbox 1243 3773 1400 3845; x_wconf 82' lang='grc' dir='ltr'>ἡμῶν</span> <span class='ocrx_word' id='word_1_566' title='bbox 1425 3775 1700 3844; x_wconf 83' lang='grc' dir='ltr'>δοξολογία</span> <span class='ocrx_word' id='word_1_567' title='bbox 1732 3777 1851 3846; x_wconf 86' lang='grc' dir='ltr'>μία,</span> 
     </span>
    </p>
   </div>
   <div class='ocr_carea' id='block_1_77' title="bbox 1961 3772 3534 3851">
    <p class='ocr_par' dir='ltr' id='par_1_77' title="bbox 1961 3778 3534 3851">
     <span class='ocr_line' id='line_1_77' title="bbox 1961 3778 3534 3851; baseline -0.003 -15"><span class='ocrx_word' id='word_1_568' title='bbox 1961 3782 2175 3851; x_wconf 86' lang='lat' dir='ltr'><strong>cipatus</strong></span> <span class='ocrx_word' id='word_1_569' title='bbox 2210 3796 2274 3836; x_wconf 91' lang='lat' dir='ltr'><strong>ac</strong></span> <span class='ocrx_word' id='word_1_570' title='bbox 2302 3787 2546 3851; x_wconf 89' lang='lat' dir='ltr'><strong>potestas</strong></span> <span class='ocrx_word' id='word_1_571' title='bbox 2595 3780 2754 3836; x_wconf 88' lang='lat' dir='ltr'><strong>nobis</strong></span> <span class='ocrx_word' id='word_1_572' title='bbox 2802 3780 3093 3837; x_wconf 84' lang='lat' dir='ltr'><strong>dominans</strong></span> <span class='ocrx_word' id='word_1_573' title='bbox 3124 3793 3235 3833; x_wconf 85' lang='lat' dir='ltr'><strong>una</strong></span> <span class='ocrx_word' id='word_1_574' title='bbox 3267 3786 3353 3833; x_wconf 89' lang='lat' dir='ltr'><strong>est</strong></span> <span class='ocrx_word' id='word_1_575' title='bbox 3385 3795 3400 3832; x_wconf 91' lang='lat'><strong>:</strong></span> <span class='ocrx_word' id='word_1_576' title='bbox 3451 3778 3534 3837; x_wconf 83' lang='lat' dir='ltr'><strong>sic</strong></span> 
     </span>
    </p>
   </div>
   <div class='ocr_carea' id='block_1_78' title="bbox 283 3866 1851 3941">
    <p class='ocr_par' dir='ltr' id='par_1_78' title="bbox 283 3866 1851 3939">
     <span class='ocr_line' id='line_1_78' title="bbox 283 3866 1851 3939; baseline 0 -18"><span class='ocrx_word' id='word_1_577' title='bbox 283 3869 370 3921; x_wconf 80' lang='grc' dir='ltr'>καὶ</span> <span class='ocrx_word' id='word_1_578' title='bbox 395 3869 455 3921; x_wconf 83' lang='grc' dir='ltr'><strong>οῦ</strong></span> <span class='ocrx_word' id='word_1_579' title='bbox 486 3867 718 3921; x_wconf 78' lang='grc' dir='ltr'>πολλαί·</span> <span class='ocrx_word' id='word_1_580' title='bbox 750 3868 886 3921; x_wconf 84' lang='grc' dir='ltr'>διότι</span> <span class='ocrx_word' id='word_1_581' title='bbox 916 3869 948 3932; x_wconf 79' lang='grc' dir='ltr'><strong>ἡ</strong></span> <span class='ocrx_word' id='word_1_582' title='bbox 976 3868 1076 3938; x_wconf 82' lang='grc' dir='ltr'><strong>τῆς</strong></span> <span class='ocrx_word' id='word_1_583' title='bbox 1110 3867 1317 3931; x_wconf 74' lang='grc' dir='ltr'>εἰκόνος</span> <span class='ocrx_word' id='word_1_584' title='bbox 1338 3866 1472 3938; x_wconf 79' lang='grc' dir='ltr'>τιμὴ</span> <span class='ocrx_word' id='word_1_585' title='bbox 1500 3869 1593 3920; x_wconf 79' lang='grc' dir='ltr'><strong>ἐπὶ</strong></span> <span class='ocrx_word' id='word_1_586' title='bbox 1626 3868 1687 3922; x_wconf 86' lang='grc' dir='ltr'><strong>τὸ</strong></span> <span class='ocrx_word' id='word_1_587' title='bbox 1716 3885 1851 3939; x_wconf 79' lang='grc' dir='ltr'><strong>πρω-</strong></span> 
     </span>
    </p>
   </div>
   <div class='ocr_carea' id='block_1_79' title="bbox 1961 3866 3532 3941">
    <p class='ocr_par' dir='ltr' id='par_1_79' title="bbox 1961 3869 3532 3941">
     <span class='ocr_line' id='line_1_79' title="bbox 1961 3869 3532 3941; baseline -0.003 -14"><span class='ocrx_word' id='word_1_588' title='bbox 1961 3878 2014 3927; x_wconf 90' lang='lat' dir='ltr'><strong>et</strong></span> <span class='ocrx_word' id='word_1_589' title='bbox 2062 3869 2386 3941; x_wconf 80' lang='lat' dir='ltr'><strong>gloriﬁcatio</strong></span> <span class='ocrx_word' id='word_1_590' title='bbox 2430 3885 2595 3940; x_wconf 89' lang='lat' dir='ltr'><strong>quam</strong></span> <span class='ocrx_word' id='word_1_591' title='bbox 2647 3870 2730 3925; x_wconf 92' lang='lat' dir='ltr'><strong>illi</strong></span> <span class='ocrx_word' id='word_1_592' title='bbox 2770 3869 3068 3926; x_wconf 76' lang='lat' dir='ltr'><strong>deferimus</strong></span> <span class='ocrx_word' id='word_1_593' title='bbox 3110 3884 3219 3924; x_wconf 86' lang='lat' dir='ltr'><strong>una</strong></span> <span class='ocrx_word' id='word_1_594' title='bbox 3268 3878 3374 3932; x_wconf 87' lang='lat' dir='ltr'><strong>est,</strong></span> <span class='ocrx_word' id='word_1_595' title='bbox 3418 3882 3532 3923; x_wconf 85' lang='lat' dir='ltr'><strong>non</strong></span> 
     </span>
    </p>
   </div>
   <div class='ocr_carea' id='block_1_80' title="bbox 282 3956 1851 4034">
    <p class='ocr_par' dir='ltr' id='par_1_80' title="bbox 282 3956 1851 4033">
     <span class='ocr_line' id='line_1_80' title="bbox 282 3956 1851 4033; baseline 0.001 -19"><span class='ocrx_word' id='word_1_596' title='bbox 282 3963 502 4015; x_wconf 80' lang='grc' dir='ltr'>τάτυπον</span> <span class='ocrx_word' id='word_1_597' title='bbox 542 3962 836 4015; x_wconf 77' lang='grc' dir='ltr'>διαϐαίνει.</span> <span class='ocrx_word' id='word_1_598' title='bbox 871 3964 936 4015; x_wconf 83' lang='grc' dir='ltr'><strong>’Ὀ</strong></span> <span class='ocrx_word' id='word_1_599' title='bbox 961 3956 1053 4015; x_wconf 83' lang='grc' dir='ltr'><strong>οῦν</strong></span> <span class='ocrx_word' id='word_1_600' title='bbox 1088 3963 1235 4014; x_wconf 73' lang='grc' dir='ltr'>ἐστιν</span> <span class='ocrx_word' id='word_1_601' title='bbox 1265 3962 1501 4015; x_wconf 73' lang='grc' dir='ltr'>ἐνταῦθα</span> <span class='ocrx_word' id='word_1_602' title='bbox 1545 3961 1851 4033; x_wconf 74' lang='grc' dir='ltr'>μιμητικῶς</span> 
     </span>
    </p>
   </div>
   <div class='ocr_carea' id='block_1_81' title="bbox 1961 3956 3526 4034">
    <p class='ocr_par' dir='ltr' id='par_1_81' title="bbox 1963 3959 3526 4034">
     <span class='ocr_line' id='line_1_81' title="bbox 1963 3959 3526 4034; baseline -0.002 -17"><span class='ocrx_word' id='word_1_603' title='bbox 1963 3963 2147 4017; x_wconf 87' lang='lat' dir='ltr'><strong>multae</strong></span> <span class='ocrx_word' id='word_1_604' title='bbox 2180 3979 2195 4027; x_wconf 92' lang='lat'><strong>;</strong></span> <span class='ocrx_word' id='word_1_605' title='bbox 2241 3977 2367 4017; x_wconf 89' lang='lat' dir='ltr'><strong>nam</strong></span> <span class='ocrx_word' id='word_1_606' title='bbox 2403 3961 2660 4034; x_wconf 76' lang='lat' dir='ltr'><strong>imaginis</strong></span> <span class='ocrx_word' id='word_1_607' title='bbox 2690 3962 2868 4019; x_wconf 89' lang='lat' dir='ltr'><strong>honor</strong></span> <span class='ocrx_word' id='word_1_608' title='bbox 2895 3962 2962 4017; x_wconf 87' lang='lat' dir='ltr'><strong>ad</strong></span> <span class='ocrx_word' id='word_1_609' title='bbox 2989 3961 3271 4032; x_wconf 77' lang='lat' dir='ltr'><strong>exemplar</strong></span> <span class='ocrx_word' id='word_1_610' title='bbox 3302 3959 3526 4016; x_wconf 86' lang='lat' dir='ltr'><strong>transit.</strong></span> 
     </span>
    </p>
   </div>
   <div class='ocr_carea' id='block_1_82' title="bbox 283 4052 1851 4126">
    <p class='ocr_par' dir='ltr' id='par_1_82' title="bbox 283 4053 1851 4125">
     <span class='ocr_line' id='line_1_82' title="bbox 283 4053 1851 4125; baseline 0 -17"><span class='ocrx_word' id='word_1_611' title='bbox 283 4056 316 4124; x_wconf 73' lang='grc' dir='ltr'><strong>ἡ</strong></span> <span class='ocrx_word' id='word_1_612' title='bbox 341 4054 520 4119; x_wconf 78' lang='grc' dir='ltr'>εἰκὼν,</span> <span class='ocrx_word' id='word_1_613' title='bbox 552 4055 717 4107; x_wconf 85' lang='grc' dir='ltr'>τοῦτο</span> <span class='ocrx_word' id='word_1_614' title='bbox 742 4056 860 4107; x_wconf 79' lang='grc' dir='ltr'>ἐκεῖ</span> <span class='ocrx_word' id='word_1_615' title='bbox 886 4053 1185 4123; x_wconf 75' lang='grc' dir='ltr'>φυσικῶςὸ</span> <span class='ocrx_word' id='word_1_616' title='bbox 1229 4053 1376 4117; x_wconf 85' lang='grc' dir='ltr'>Υἱός.</span> <span class='ocrx_word' id='word_1_617' title='bbox 1415 4054 1526 4107; x_wconf 74' lang='grc' dir='ltr'>Καὶ</span> <span class='ocrx_word' id='word_1_618' title='bbox 1549 4053 1739 4125; x_wconf 81' lang='grc' dir='ltr'>ὥσπερ</span> <span class='ocrx_word' id='word_1_619' title='bbox 1768 4055 1851 4109; x_wconf 71' lang='grc' dir='ltr'><strong>ἐπὶ</strong></span> 
     </span>
    </p>
   </div>
   <div class='ocr_carea' id='block_1_83' title="bbox 1961 4052 3535 4126">
    <p class='ocr_par' dir='ltr' id='par_1_83' title="bbox 1961 4052 3535 4126">
     <span class='ocr_line' id='line_1_83' title="bbox 1961 4052 3535 4126; baseline -0.003 -15"><span class='ocrx_word' id='word_1_620' title='bbox 1961 4054 2115 4120; x_wconf 89' lang='lat' dir='ltr'><strong>Quod</strong></span> <span class='ocrx_word' id='word_1_621' title='bbox 2162 4054 2328 4125; x_wconf 86' lang='lat' dir='ltr'><strong>igitur</strong></span> <span class='ocrx_word' id='word_1_622' title='bbox 2366 4053 2459 4108; x_wconf 88' lang='lat' dir='ltr'><strong>hic</strong></span> <span class='ocrx_word' id='word_1_623' title='bbox 2505 4063 2592 4109; x_wconf 87' lang='lat' dir='ltr'><strong>est</strong></span> <span class='ocrx_word' id='word_1_624' title='bbox 2640 4068 2738 4124; x_wconf 91' lang='lat' dir='ltr'><strong>per</strong></span> <span class='ocrx_word' id='word_1_625' title='bbox 2763 4053 3142 4126; x_wconf 80' lang='lat' dir='ltr'><strong>imitationem</strong></span> <span class='ocrx_word' id='word_1_626' title='bbox 3192 4053 3394 4124; x_wconf 82' lang='lat' dir='ltr'><strong>imago,</strong></span> <span class='ocrx_word' id='word_1_627' title='bbox 3427 4052 3535 4107; x_wconf 87' lang='lat' dir='ltr'><strong>hoc</strong></span> 
     </span>
    </p>
   </div>
   <div class='ocr_carea' id='block_1_84' title="bbox 285 4143 1856 4216">
    <p class='ocr_par' dir='ltr' id='par_1_84' title="bbox 285 4143 1856 4216">
     <span class='ocr_line' id='line_1_84' title="bbox 285 4143 1856 4216; baseline 0.001 -19"><span class='ocrx_word' id='word_1_628' title='bbox 285 4143 384 4197; x_wconf 82' lang='grc' dir='ltr'><strong>τῶν</strong></span> <span class='ocrx_word' id='word_1_629' title='bbox 422 4145 689 4216; x_wconf 81' lang='grc' dir='ltr'>τεχνικῶν</span> <span class='ocrx_word' id='word_1_630' title='bbox 729 4144 838 4215; x_wconf 66' lang='lat'><strong>(46)</strong></span> <span class='ocrx_word' id='word_1_631' title='bbox 889 4144 1035 4198; x_wconf 75' lang='grc' dir='ltr'>κατὰ</span> <span class='ocrx_word' id='word_1_632' title='bbox 1078 4145 1177 4215; x_wconf 79' lang='grc' dir='ltr'><strong>τὴν</strong></span> <span class='ocrx_word' id='word_1_633' title='bbox 1228 4145 1441 4215; x_wconf 75' lang='grc' dir='ltr'>μορφὴν</span> <span class='ocrx_word' id='word_1_634' title='bbox 1484 4146 1518 4214; x_wconf 81' lang='grc' dir='ltr'><strong>ἡ</strong></span> <span class='ocrx_word' id='word_1_635' title='bbox 1575 4145 1856 4215; x_wconf 84' lang='grc' dir='ltr'>ὁμοίωσις,</span> 
     </span>
    </p>
   </div>
   <div class='ocr_carea' id='block_1_85' title="bbox 287 4233 1857 4308">
    <p class='ocr_par' dir='ltr' id='par_1_85' title="bbox 287 4233 1857 4308">
     <span class='ocr_line' id='line_1_85' title="bbox 287 4233 1857 4308; baseline 0.001 -20"><span class='ocrx_word' id='word_1_636' title='bbox 287 4233 448 4300; x_wconf 73' lang='grc' dir='ltr'>οὕτως</span> <span class='ocrx_word' id='word_1_637' title='bbox 482 4238 577 4290; x_wconf 80' lang='grc' dir='ltr'>ἐπὶ</span> <span class='ocrx_word' id='word_1_638' title='bbox 626 4239 729 4307; x_wconf 80' lang='grc' dir='ltr'>τῆς</span> <span class='ocrx_word' id='word_1_639' title='bbox 775 4235 926 4300; x_wconf 83' lang='grc' dir='ltr'>θείας</span> <span class='ocrx_word' id='word_1_640' title='bbox 956 4236 1050 4289; x_wconf 76' lang='grc' dir='ltr'>καὶ</span> <span class='ocrx_word' id='word_1_641' title='bbox 1097 4235 1393 4289; x_wconf 85' lang='grc' dir='ltr'>ἀσυνθέτου</span> <span class='ocrx_word' id='word_1_642' title='bbox 1439 4234 1655 4303; x_wconf 82' lang='grc' dir='ltr'>φύσεως</span> <span class='ocrx_word' id='word_1_643' title='bbox 1687 4238 1744 4288; x_wconf 77' lang='grc' dir='ltr'><strong>ἐν</strong></span> <span class='ocrx_word' id='word_1_644' title='bbox 1790 4239 1857 4308; x_wconf 81' lang='grc' dir='ltr'>τῇ</span> 
     </span>
    </p>
   </div>
   <div class='ocr_carea' id='block_1_86' title="bbox 1960 4142 3535 4215">
    <p class='ocr_par' dir='ltr' id='par_1_86' title="bbox 1960 4142 3535 4215">
     <span class='ocr_line' id='line_1_86' title="bbox 1960 4142 3535 4215; baseline 0 -17"><span class='ocrx_word' id='word_1_645' title='bbox 1960 4146 2072 4199; x_wconf 92' lang='lat' dir='ltr'><strong>illic</strong></span> <span class='ocrx_word' id='word_1_646' title='bbox 2105 4152 2301 4199; x_wconf 88' lang='lat' dir='ltr'><strong>natura</strong></span> <span class='ocrx_word' id='word_1_647' title='bbox 2342 4143 2536 4199; x_wconf 85' lang='lat' dir='ltr'><strong>Filius.</strong></span> <span class='ocrx_word' id='word_1_648' title='bbox 2582 4142 2650 4198; x_wconf 87' lang='lat' dir='ltr'><strong>Et</strong></span> <span class='ocrx_word' id='word_1_649' title='bbox 2681 4143 3142 4215; x_wconf 89' lang='lat' dir='ltr'><strong>quemadmodum</strong></span> <span class='ocrx_word' id='word_1_650' title='bbox 3192 4146 3249 4200; x_wconf 90' lang='lat' dir='ltr'><strong>in</strong></span> <span class='ocrx_word' id='word_1_651' title='bbox 3296 4143 3366 4199; x_wconf 85' lang='lat' dir='ltr'><strong>iis</strong></span> <span class='ocrx_word' id='word_1_652' title='bbox 3409 4158 3535 4214; x_wconf 62' lang='lat' dir='ltr'><strong>quas</strong></span> 
     </span>
    </p>
   </div>
   <div class='ocr_carea' id='block_1_87' title="bbox 1958 4236 3534 4304">
    <p class='ocr_par' dir='ltr' id='par_1_87' title="bbox 1958 4236 3534 4304">
     <span class='ocr_line' id='line_1_87' title="bbox 1958 4236 3534 4304; baseline 0.001 -14"><span class='ocrx_word' id='word_1_653' title='bbox 1958 4245 2074 4291; x_wconf 85' lang='lat' dir='ltr'><strong>arte</strong></span> <span class='ocrx_word' id='word_1_654' title='bbox 2108 4236 2262 4300; x_wconf 84' lang='lat' dir='ltr'><strong>ﬁunt,</strong></span> <span class='ocrx_word' id='word_1_655' title='bbox 2294 4236 2599 4292; x_wconf 88' lang='lat' dir='ltr'><strong>similitudo</strong></span> <span class='ocrx_word' id='word_1_656' title='bbox 2626 4244 2712 4292; x_wconf 88' lang='lat' dir='ltr'><strong>est</strong></span> <span class='ocrx_word' id='word_1_657' title='bbox 2752 4236 3052 4292; x_wconf 89' lang='lat' dir='ltr'><strong>secundum</strong></span> <span class='ocrx_word' id='word_1_658' title='bbox 3103 4236 3337 4293; x_wconf 84' lang='lat' dir='ltr'><strong>formam</strong></span> <span class='ocrx_word' id='word_1_659' title='bbox 3386 4255 3401 4304; x_wconf 91' lang='lat'><strong>;</strong></span> <span class='ocrx_word' id='word_1_660' title='bbox 3456 4237 3534 4292; x_wconf 87' lang='lat' dir='ltr'><strong>ita</strong></span> 
     </span>
    </p>
   </div>
   <div class='ocr_carea' id='block_1_88' title="bbox 289 4316 1851 4403">
    <p class='ocr_par' dir='ltr' id='par_1_88' title="bbox 289 4316 1851 4398">
     <span class='ocr_line' id='line_1_88' title="bbox 289 4316 1851 4398; baseline -0.001 -19"><span class='ocrx_word' id='word_1_661' title='bbox 289 4316 535 4398; x_wconf 67' lang='grc' dir='ltr'>κοινιυνίᾳ</span> <span class='ocrx_word' id='word_1_662' title='bbox 558 4327 662 4396; x_wconf 79' lang='grc' dir='ltr'>τῆς</span> <span class='ocrx_word' id='word_1_663' title='bbox 694 4325 945 4397; x_wconf 59' lang='lat' dir='ltr'><strong>(iacientes;</strong></span> <span class='ocrx_word' id='word_1_664' title='bbox 975 4327 1122 4379; x_wconf 79' lang='grc' dir='ltr'>ἐστιν</span> <span class='ocrx_word' id='word_1_665' title='bbox 1155 4326 1188 4396; x_wconf 83' lang='grc' dir='ltr'>ὴ</span> <span class='ocrx_word' id='word_1_666' title='bbox 1223 4325 1438 4389; x_wconf 80' lang='grc' dir='ltr'>ἒνωσις.</span> <span class='ocrx_word' id='word_1_667' title='bbox 1473 4326 1568 4378; x_wconf 87' lang='grc' dir='ltr'>Ἓν</span> <span class='ocrx_word' id='word_1_668' title='bbox 1588 4325 1645 4377; x_wconf 86' lang='grc' dir='ltr'>δὲ</span> <span class='ocrx_word' id='word_1_669' title='bbox 1677 4326 1769 4379; x_wconf 80' lang='grc' dir='ltr'><strong>καὶ</strong></span> <span class='ocrx_word' id='word_1_670' title='bbox 1798 4326 1851 4379; x_wconf 69' lang='grc' dir='ltr'>τὲ</span> 
     </span>
    </p>
   </div>
   <div class='ocr_carea' id='block_1_89' title="bbox 1961 4316 3535 4403">
    <p class='ocr_par' dir='ltr' id='par_1_89' title="bbox 1962 4330 3535 4403">
     <span class='ocr_line' id='line_1_89' title="bbox 1962 4330 3535 4403; baseline 0.001 -18"><span class='ocrx_word' id='word_1_671' title='bbox 1962 4332 2018 4385; x_wconf 91' lang='lat' dir='ltr'><strong>in</strong></span> <span class='ocrx_word' id='word_1_672' title='bbox 2068 4330 2255 4386; x_wconf 84' lang='lat' dir='ltr'><strong>divina</strong></span> <span class='ocrx_word' id='word_1_673' title='bbox 2299 4331 2773 4403; x_wconf 84' lang='lat' dir='ltr'><strong>incompositaque</strong></span> <span class='ocrx_word' id='word_1_674' title='bbox 2813 4341 3033 4399; x_wconf 88' lang='lat' dir='ltr'><strong>natura,</strong></span> <span class='ocrx_word' id='word_1_675' title='bbox 3063 4333 3118 4387; x_wconf 91' lang='lat' dir='ltr'><strong>in</strong></span> <span class='ocrx_word' id='word_1_676' title='bbox 3150 4332 3535 4389; x_wconf 81' lang='lat' dir='ltr'><strong>communione</strong></span> 
     </span>
    </p>
   </div>
   <div class='ocr_carea' id='block_1_90' title="bbox 291 4419 1859 4492">
    <p class='ocr_par' dir='ltr' id='par_1_90' title="bbox 291 4419 1859 4492">
     <span class='ocr_line' id='line_1_90' title="bbox 291 4419 1859 4492; baseline -0.001 -18"><span class='ocrx_word' id='word_1_677' title='bbox 291 4420 431 4488; x_wconf 75' lang='grc' dir='ltr'>ἅγιον</span> <span class='ocrx_word' id='word_1_678' title='bbox 452 4421 705 4491; x_wconf 78' lang='grc' dir='ltr'>Πνεῦμα,</span> <span class='ocrx_word' id='word_1_679' title='bbox 739 4422 836 4475; x_wconf 75' lang='grc' dir='ltr'><strong>καὶ</strong></span> <span class='ocrx_word' id='word_1_680' title='bbox 877 4422 1009 4475; x_wconf 74' lang='grc' dir='ltr'>αὐτὸ</span> <span class='ocrx_word' id='word_1_681' title='bbox 1039 4419 1344 4492; x_wconf 85' lang='grc' dir='ltr'>μοναδικῶς</span> <span class='ocrx_word' id='word_1_682' title='bbox 1377 4420 1859 4491; x_wconf 78' lang='grc' dir='ltr'>ἐξαγγελλόμενον,</span> 
     </span>
    </p>
   </div>
   <div class='ocr_carea' id='block_1_91' title="bbox 381 4581 867 4646">
    <p class='ocr_par' dir='ltr' id='par_1_91' title="bbox 381 4581 867 4646">
     <span class='ocr_line' id='line_1_91' title="bbox 381 4581 867 4646; baseline -0.002 -10"><span class='ocrx_word' id='word_1_683' title='bbox 381 4584 422 4615; x_wconf 79' lang='grc'><strong>⁸¹</strong></span> <span class='ocrx_word' id='word_1_684' title='bbox 456 4582 566 4638; x_wconf 90' lang='lat' dir='ltr'><strong>lsa.</strong></span> <span class='ocrx_word' id='word_1_685' title='bbox 611 4598 758 4646; x_wconf 79' lang='lat' dir='ltr'><strong>xuv,</strong></span> <span class='ocrx_word' id='word_1_686' title='bbox 811 4581 867 4636; x_wconf 87' lang='lat'><strong>6.</strong></span> 
     </span>
    </p>
   </div>
   <div class='ocr_carea' id='block_1_92' title="bbox 358 4733 1588 4809">
    <p class='ocr_par' dir='ltr' id='par_1_92' title="bbox 358 4733 1588 4809">
     <span class='ocr_line' id='line_1_92' title="bbox 358 4733 1588 4809; baseline -0.002 -19"><span class='ocrx_word' id='word_1_687' title='bbox 358 4736 466 4809; x_wconf 60' lang='grc'><strong>(40)</strong></span> <span class='ocrx_word' id='word_1_688' title='bbox 496 4738 580 4791; x_wconf 77' lang='grc' dir='ltr'><strong>Δι’</strong></span> <span class='ocrx_word' id='word_1_689' title='bbox 602 4736 811 4809; x_wconf 59' lang='grc' dir='ltr'>αὐτοῦ.</span> <span class='ocrx_word' id='word_1_690' title='bbox 844 4733 979 4809; x_wconf 72' lang='lat' dir='ltr'><strong>Reg.</strong></span> <span class='ocrx_word' id='word_1_691' title='bbox 1008 4745 1239 4809; x_wconf 75' lang='lat' dir='ltr'><strong>quartus</strong></span> <span class='ocrx_word' id='word_1_692' title='bbox 1271 4734 1359 4787; x_wconf 87' lang='grc' dir='ltr'>διὰ</span> <span class='ocrx_word' id='word_1_693' title='bbox 1380 4733 1588 4809; x_wconf 63' lang='grc' dir='ltr'>τούτου.</span> 
     </span>
    </p>
   </div>
   <div class='ocr_carea' id='block_1_93' title="bbox 360 4800 1855 4876">
    <p class='ocr_par' dir='ltr' id='par_1_93' title="bbox 360 4800 1855 4876">
     <span class='ocr_line' id='line_1_93' title="bbox 360 4800 1855 4876; baseline -0.001 -17"><span class='ocrx_word' id='word_1_694' title='bbox 360 4800 466 4875; x_wconf 71' lang='grc'><strong>(41)</strong></span> <span class='ocrx_word' id='word_1_695' title='bbox 496 4805 889 4876; x_wconf 80' lang='grc' dir='ltr'>Διεχάρασσε.</span> <span class='ocrx_word' id='word_1_696' title='bbox 930 4800 1250 4876; x_wconf 81' lang='lat' dir='ltr'><strong>Legendum</strong></span> <span class='ocrx_word' id='word_1_697' title='bbox 1273 4813 1456 4876; x_wconf 80' lang='lat' dir='ltr'><strong>putat</strong></span> <span class='ocrx_word' id='word_1_698' title='bbox 1476 4800 1855 4876; x_wconf 75' lang='lat' dir='ltr'><strong>_Combei_isius</strong></span> 
     </span>
    </p>
   </div>
   <div class='ocr_carea' id='block_1_94' title="bbox 296 4870 1857 4947">
    <p class='ocr_par' dir='ltr' id='par_1_94' title="bbox 296 4870 1857 4947">
     <span class='ocr_line' id='line_1_94' title="bbox 296 4870 1857 4947; baseline -0.003 -18"><span class='ocrx_word' id='word_1_699' title='bbox 296 4870 725 4947; x_wconf 12' lang='lat' dir='ltr'><strong>abietexa&#39;tpiécrs,</strong></span> <span class='ocrx_word' id='word_1_700' title='bbox 757 4892 862 4947; x_wconf 83' lang='lat' dir='ltr'><strong>non</strong></span> <span class='ocrx_word' id='word_1_701' title='bbox 890 4870 1167 4947; x_wconf 70' lang='lat' dir='ltr'><strong>exurebat,</strong></span> <span class='ocrx_word' id='word_1_702' title='bbox 1194 4870 1321 4943; x_wconf 75' lang='lat' dir='ltr'><strong>quia</strong></span> <span class='ocrx_word' id='word_1_703' title='bbox 1349 4874 1604 4929; x_wconf 83' lang='lat' dir='ltr'><strong>videlicet</strong></span> <span class='ocrx_word' id='word_1_704' title='bbox 1632 4870 1857 4947; x_wconf 82' lang='lat' dir='ltr'><strong>l_)ei_no-</strong></span> 
     </span>
    </p>
   </div>
   <div class='ocr_carea' id='block_1_95' title="bbox 300 4941 1857 5016">
    <p class='ocr_par' dir='ltr' id='par_1_95' title="bbox 300 4941 1857 5016">
     <span class='ocr_line' id='line_1_95' title="bbox 300 4941 1857 5016; baseline 0.001 -19"><span class='ocrx_word' id='word_1_705' title='bbox 300 4946 421 4997; x_wconf 90' lang='lat' dir='ltr'><strong>mini</strong></span> <span class='ocrx_word' id='word_1_706' title='bbox 448 4941 681 5016; x_wconf 68' lang='lat' dir='ltr'><strong>propria:</strong></span> <span class='ocrx_word' id='word_1_707' title='bbox 706 4946 975 5000; x_wconf 88' lang='lat' dir='ltr'><strong>motiones</strong></span> <span class='ocrx_word' id='word_1_708' title='bbox 1005 4941 1392 5013; x_wconf 68' lang='lat' dir='ltr'><strong>ascriptienon</strong></span> <span class='ocrx_word' id='word_1_709' title='bbox 1412 4951 1597 5016; x_wconf 88' lang='lat' dir='ltr'><strong>erant.</strong></span> <span class='ocrx_word' id='word_1_710' title='bbox 1628 4941 1740 5016; x_wconf 88' lang='lat' dir='ltr'><strong>_Sed</strong></span> <span class='ocrx_word' id='word_1_711' title='bbox 1769 4958 1857 4999; x_wconf 86' lang='lat' dir='ltr'><strong>re-</strong></span> 
     </span>
    </p>
   </div>
   <div class='ocr_carea' id='block_1_96' title="bbox 300 5013 1853 5135">
    <p class='ocr_par' dir='ltr' id='par_1_96' title="bbox 300 5013 1853 5135">
     <span class='ocr_line' id='line_1_96' title="bbox 300 5013 1853 5135; baseline 0.001 -70"><span class='ocrx_word' id='word_1_712' title='bbox 300 5013 769 5135; x_wconf 51' lang='lat' dir='ltr'><strong>pugnant&#39;omnes</strong></span> <span class='ocrx_word' id='word_1_713' title='bbox 817 5028 976 5073; x_wconf 88' lang='lat' dir='ltr'><strong>mss.,</strong></span> <span class='ocrx_word' id='word_1_714' title='bbox 1004 5028 1106 5068; x_wconf 89' lang='lat' dir='ltr'><strong>nec</strong></span> <span class='ocrx_word' id='word_1_715' title='bbox 1151 5015 1458 5070; x_wconf 88' lang='lat' dir='ltr'><strong>necessaria</strong></span> <span class='ocrx_word' id='word_1_716' title='bbox 1518 5013 1853 5083; x_wconf 86' lang='lat' dir='ltr'><strong>conjectura.</strong></span> 
     </span>
     <span class='ocr_line' id='line_1_97' title="bbox 341 5082 1853 5135; baseline 0 0"><span class='ocrx_word' id='word_1_717' title='bbox 341 5087 582 5135; x_wconf 84' lang='lat' dir='ltr'><strong>ersnicna</strong></span> <span class='ocrx_word' id='word_1_718' title='bbox 622 5092 709 5135; x_wconf 83' lang='lat' dir='ltr'><strong>est</strong></span> <span class='ocrx_word' id='word_1_719' title='bbox 744 5085 890 5135; x_wconf 87' lang='lat' dir='ltr'><strong>enim</strong></span> <span class='ocrx_word' id='word_1_720' title='bbox 937 5082 1127 5135; x_wconf 81' lang='lat' dir='ltr'><strong>Basilii</strong></span> <span class='ocrx_word' id='word_1_721' title='bbox 1172 5084 1467 5135; x_wconf 88' lang='lat' dir='ltr'><strong>sententia.</strong></span> <span class='ocrx_word' id='word_1_722' title='bbox 1517 5084 1611 5135; x_wconf 88' lang='lat' dir='ltr'><strong>Dei</strong></span> <span class='ocrx_word' id='word_1_723' title='bbox 1654 5098 1853 5135; x_wconf 84' lang='lat' dir='ltr'><strong>nomen</strong></span> 
     </span>
    </p>
   </div>
   <div class='ocr_carea' id='block_1_97' title="bbox 341 5082 1857 5154">
    <p class='ocr_par' dir='ltr' id='par_1_97' title="bbox 341 5082 1857 5154">
     <span class='ocr_line' id='line_1_98' title="bbox 341 5082 1857 5154; baseline 0 -17"><span class='ocrx_word' id='word_1_724' title='bbox 341 5087 582 5154; x_wconf 84' lang='lat' dir='ltr'><strong>erspicua</strong></span> <span class='ocrx_word' id='word_1_725' title='bbox 622 5092 709 5139; x_wconf 88' lang='lat' dir='ltr'><strong>est</strong></span> <span class='ocrx_word' id='word_1_726' title='bbox 744 5085 890 5139; x_wconf 91' lang='lat' dir='ltr'><strong>enim</strong></span> <span class='ocrx_word' id='word_1_727' title='bbox 937 5082 1127 5138; x_wconf 82' lang='lat' dir='ltr'><strong>Basilii</strong></span> <span class='ocrx_word' id='word_1_728' title='bbox 1172 5084 1468 5150; x_wconf 86' lang='lat' dir='ltr'><strong>sententia,</strong></span> <span class='ocrx_word' id='word_1_729' title='bbox 1517 5082 1857 5154; x_wconf 27' lang='lat' dir='ltr'><strong>Deifnomen</strong></span> 
     </span>
    </p>
   </div>
   <div class='ocr_carea' id='block_1_98' title="bbox 305 5153 1855 5224">
    <p class='ocr_par' dir='ltr' id='par_1_98' title="bbox 305 5153 1855 5224">
     <span class='ocr_line' id='line_1_99' title="bbox 305 5153 1855 5224; baseline 0.001 -20"><span class='ocrx_word' id='word_1_730' title='bbox 305 5153 437 5222; x_wconf 80' lang='lat' dir='ltr'><strong>apud</strong></span> <span class='ocrx_word' id='word_1_731' title='bbox 470 5156 744 5219; x_wconf 71' lang='lat' dir='ltr'><strong>Hebms,</strong></span> <span class='ocrx_word' id='word_1_732' title='bbox 786 5160 1012 5224; x_wconf 83' lang='lat' dir='ltr'><strong>nonut</strong></span> <span class='ocrx_word' id='word_1_733' title='bbox 1050 5154 1155 5224; x_wconf 83' lang='lat' dir='ltr'><strong>alia</strong></span> <span class='ocrx_word' id='word_1_734' title='bbox 1187 5154 1428 5220; x_wconf 88' lang='lat' dir='ltr'><strong>nomina,</strong></span> <span class='ocrx_word' id='word_1_735' title='bbox 1460 5154 1553 5209; x_wconf 86' lang='lat' dir='ltr'><strong>sed</strong></span> <span class='ocrx_word' id='word_1_736' title='bbox 1587 5153 1855 5224; x_wconf 83' lang='lat' dir='ltr'><strong>singulari</strong></span> 
     </span>
    </p>
   </div>
   <div class='ocr_carea' id='block_1_99' title="bbox 303 5223 1199 5290">
    <p class='ocr_par' dir='ltr' id='par_1_99' title="bbox 303 5223 1199 5290">
     <span class='ocr_line' id='line_1_100' title="bbox 303 5223 1199 5290; baseline 0.004 -18"><span class='ocrx_word' id='word_1_737' title='bbox 303 5224 525 5290; x_wconf 80' lang='lat' dir='ltr'><strong>quadam</strong></span> <span class='ocrx_word' id='word_1_738' title='bbox 558 5226 769 5280; x_wconf 87' lang='lat' dir='ltr'><strong>ratione</strong></span> <span class='ocrx_word' id='word_1_739' title='bbox 800 5223 967 5279; x_wconf 87' lang='lat' dir='ltr'><strong>scribi</strong></span> <span class='ocrx_word' id='word_1_740' title='bbox 1003 5223 1199 5278; x_wconf 90' lang='lat' dir='ltr'><strong>solere.</strong></span> 
     </span>
    </p>
   </div>
   <div class='ocr_carea' id='block_1_100' title="bbox 370 5291 1856 5418">
    <p class='ocr_par' dir='ltr' id='par_1_100' title="bbox 370 5291 1856 5418">
     <span class='ocr_line' id='line_1_101' title="bbox 370 5291 1856 5418; baseline -0.002 -67"><span class='ocrx_word' id='word_1_741' title='bbox 370 5291 614 5418; x_wconf 48' lang='lat' dir='ltr'><strong>$321,5le</strong></span> <span class='ocrx_word' id='word_1_742' title='bbox 646 5297 808 5360; x_wconf 85' lang='grc' dir='ltr'>Θεός.</span> <span class='ocrx_word' id='word_1_743' title='bbox 828 5293 931 5349; x_wconf 85' lang='lat' dir='ltr'><strong>Hic</strong></span> <span class='ocrx_word' id='word_1_744' title='bbox 965 5293 1157 5364; x_wconf 90' lang='lat' dir='ltr'><strong>incipit</strong></span> <span class='ocrx_word' id='word_1_745' title='bbox 1188 5302 1354 5363; x_wconf 88' lang='lat' dir='ltr'><strong>caput</strong></span> <span class='ocrx_word' id='word_1_746' title='bbox 1387 5293 1454 5348; x_wconf 69' lang='grc'><strong>18</strong></span> <span class='ocrx_word' id='word_1_747' title='bbox 1485 5294 1541 5349; x_wconf 89' lang='lat' dir='ltr'><strong>in</strong></span> <span class='ocrx_word' id='word_1_748' title='bbox 1579 5292 1856 5365; x_wconf 87' lang='lat' dir='ltr'><strong>plerisque</strong></span> 
     </span>
    </p>
   </div>
   <div class='ocr_carea' id='block_1_101' title="bbox 306 5376 594 5419">
    <p class='ocr_par' dir='ltr' id='par_1_101' title="bbox 306 5376 594 5419">
     <span class='ocr_line' id='line_1_102' title="bbox 306 5376 594 5419; baseline 0.017 -5"><span class='ocrx_word' id='word_1_749' title='bbox 306 5376 594 5419; x_wconf 74' lang='lat' dir='ltr'><strong>CﬂtliCIDUS.</strong></span> 
     </span>
    </p>
   </div>
   <div class='ocr_carea' id='block_1_102' title="bbox 370 5431 1854 5502">
    <p class='ocr_par' dir='ltr' id='par_1_102' title="bbox 370 5431 1854 5502">
     <span class='ocr_line' id='line_1_103' title="bbox 370 5431 1854 5502; baseline 0.001 -17"><span class='ocrx_word' id='word_1_750' title='bbox 370 5432 477 5499; x_wconf 68' lang='grc'><strong>(45)</strong></span> <span class='ocrx_word' id='word_1_751' title='bbox 519 5433 1003 5502; x_wconf 77' lang='grc' dir='ltr'>Ἀπεσχισμένον.</span> <span class='ocrx_word' id='word_1_752' title='bbox 1057 5431 1157 5487; x_wconf 84' lang='lat' dir='ltr'><strong>Sic</strong></span> <span class='ocrx_word' id='word_1_753' title='bbox 1198 5431 1324 5488; x_wconf 87' lang='lat' dir='ltr'><strong>libri</strong></span> <span class='ocrx_word' id='word_1_754' title='bbox 1352 5439 1587 5497; x_wconf 82' lang='lat' dir='ltr'><strong>veteres,</strong></span> <span class='ocrx_word' id='word_1_755' title='bbox 1636 5448 1746 5488; x_wconf 89' lang='lat' dir='ltr'><strong>non</strong></span> <span class='ocrx_word' id='word_1_756' title='bbox 1793 5442 1854 5487; x_wconf 91' lang='lat' dir='ltr'><strong>ut</strong></span> 
     </span>
    </p>
   </div>
   <div class='ocr_carea' id='block_1_103' title="bbox 307 5500 871 5575">
    <p class='ocr_par' dir='ltr' id='par_1_103' title="bbox 307 5500 871 5575">
     <span class='ocr_line' id='line_1_104' title="bbox 307 5500 871 5575; baseline 0.007 -22"><span class='ocrx_word' id='word_1_757' title='bbox 307 5500 428 5575; x_wconf 73' lang='lat' dir='ltr'><strong>editi</strong></span> <span class='ocrx_word' id='word_1_758' title='bbox 462 5500 871 5575; x_wconf 60' lang='grc' dir='ltr'>ὑπεσχημένον.</span> 
     </span>
    </p>
   </div>
   <div class='ocr_carea' id='block_1_104' title="bbox 335 5570 1859 5649">
    <p class='ocr_par' dir='ltr' id='par_1_104' title="bbox 335 5570 1859 5649">
     <span class='ocr_line' id='line_1_105' title="bbox 335 5570 1859 5649; baseline -0.001 -23"><span class='ocrx_word' id='word_1_759' title='bbox 335 5639 347 5649; x_wconf 85' lang='lat'>_</span> <span class='ocrx_word' id='word_1_760' title='bbox 376 5572 483 5649; x_wconf 64' lang='grc' dir='ltr'><strong>(μ)</strong></span> <span class='ocrx_word' id='word_1_761' title='bbox 516 5570 1069 5649; x_wconf 62' lang='grc' dir='ltr'>Ἐνίὲικονιζομένην.</span> <span class='ocrx_word' id='word_1_762' title='bbox 1099 5570 1193 5649; x_wconf 87' lang='lat' dir='ltr'><strong>S_ic</strong></span> <span class='ocrx_word' id='word_1_763' title='bbox 1218 5579 1456 5649; x_wconf 67' lang='lat' dir='ltr'><strong>quatuor</strong></span> <span class='ocrx_word' id='word_1_764' title='bbox 1475 5571 1713 5649; x_wconf 77' lang='lat' dir='ltr'><strong>codices.</strong></span> <span class='ocrx_word' id='word_1_765' title='bbox 1738 5572 1859 5649; x_wconf 61' lang='lat' dir='ltr'><strong>Edi-</strong></span> 
     </span>
    </p>
   </div>
   <div class='ocr_carea' id='block_1_105' title="bbox 311 5641 1856 5713">
    <p class='ocr_par' dir='ltr' id='par_1_105' title="bbox 311 5641 1856 5713">
     <span class='ocr_line' id='line_1_106' title="bbox 311 5641 1856 5713; baseline 0 -17"><span class='ocrx_word' id='word_1_766' title='bbox 311 5641 375 5713; x_wconf 77' lang='lat' dir='ltr'><strong>ti,</strong></span> <span class='ocrx_word' id='word_1_767' title='bbox 394 5641 522 5713; x_wconf 79' lang='lat' dir='ltr'><strong>Reg.</strong></span> <span class='ocrx_word' id='word_1_768' title='bbox 554 5644 826 5699; x_wconf 87' lang='lat' dir='ltr'><strong>secundus</strong></span> <span class='ocrx_word' id='word_1_769' title='bbox 853 5655 908 5698; x_wconf 89' lang='lat' dir='ltr'><strong>et</strong></span> <span class='ocrx_word' id='word_1_770' title='bbox 936 5643 1178 5698; x_wconf 89' lang='lat' dir='ltr'><strong>secunda</strong></span> <span class='ocrx_word' id='word_1_771' title='bbox 1215 5657 1378 5697; x_wconf 86' lang='lat' dir='ltr'><strong>manu</strong></span> <span class='ocrx_word' id='word_1_772' title='bbox 1412 5644 1654 5698; x_wconf 82' lang='lat' dir='ltr'><strong>Colbert.</strong></span> <span class='ocrx_word' id='word_1_773' title='bbox 1678 5643 1856 5713; x_wconf 53' lang='lat' dir='ltr'><strong>evnie-</strong></span> 
     </span>
    </p>
   </div>
   <div class='ocr_carea' id='block_1_106' title="bbox 319 5711 1858 5780">
    <p class='ocr_par' dir='ltr' id='par_1_106' title="bbox 319 5711 1858 5780">
     <span class='ocr_line' id='line_1_107' title="bbox 319 5711 1858 5780; baseline 0.001 -15"><span class='ocrx_word' id='word_1_774' title='bbox 319 5711 494 5780; x_wconf 64' lang='grc' dir='ltr'>μένην,</span> <span class='ocrx_word' id='word_1_775' title='bbox 547 5716 766 5768; x_wconf 79' lang='lat' dir='ltr'><strong>unitum.</strong></span> <span class='ocrx_word' id='word_1_776' title='bbox 817 5713 1117 5769; x_wconf 81' lang='lat' dir='ltr'><strong>Cornarius</strong></span> <span class='ocrx_word' id='word_1_777' title='bbox 1169 5722 1224 5766; x_wconf 90' lang='lat' dir='ltr'><strong>ct</strong></span> <span class='ocrx_word' id='word_1_778' title='bbox 1273 5713 1552 5769; x_wconf 89' lang='lat' dir='ltr'><strong>Scultetus</strong></span> <span class='ocrx_word' id='word_1_779' title='bbox 1603 5712 1858 5768; x_wconf 74' lang='lat' dir='ltr'><strong>videntur</strong></span> 
     </span>
    </p>
   </div>
   <div class='ocr_carea' id='block_1_107' title="bbox 320 5779 1854 5857">
    <p class='ocr_par' dir='ltr' id='par_1_107' title="bbox 320 5779 1854 5857">
     <span class='ocr_line' id='line_1_108' title="bbox 320 5779 1854 5857; baseline 0.001 -20"><span class='ocrx_word' id='word_1_780' title='bbox 320 5779 499 5850; x_wconf 63' lang='lat' dir='ltr'><strong>legisse</strong></span> <span class='ocrx_word' id='word_1_781' title='bbox 514 5783 913 5857; x_wconf 75' lang='grc' dir='ltr'>ἐνιζανομένην·</span> <span class='ocrx_word' id='word_1_782' title='bbox 941 5783 1021 5841; x_wconf 88' lang='lat' dir='ltr'><strong>sic</strong></span> <span class='ocrx_word' id='word_1_783' title='bbox 1043 5782 1187 5840; x_wconf 88' lang='lat' dir='ltr'><strong>enim</strong></span> <span class='ocrx_word' id='word_1_784' title='bbox 1220 5783 1473 5850; x_wconf 88' lang='lat' dir='ltr'><strong>reddunt,</strong></span> <span class='ocrx_word' id='word_1_785' title='bbox 1512 5785 1854 5853; x_wconf 73' lang='lat' dir='ltr'><strong>imperatum-</strong></span> 
     </span>
    </p>
   </div>
   <div class='ocr_carea' id='block_1_108' title="bbox 1961 4421 3534 4493">
    <p class='ocr_par' dir='ltr' id='par_1_108' title="bbox 1961 4421 3534 4493">
     <span class='ocr_line' id='line_1_109' title="bbox 1961 4421 3534 4493; baseline 0.002 -18"><span class='ocrx_word' id='word_1_786' title='bbox 1961 4421 2180 4479; x_wconf 85' lang='lat' dir='ltr'><strong>deitatis</strong></span> <span class='ocrx_word' id='word_1_787' title='bbox 2222 4431 2309 4480; x_wconf 90' lang='lat' dir='ltr'><strong>est</strong></span> <span class='ocrx_word' id='word_1_788' title='bbox 2340 4424 2495 4478; x_wconf 89' lang='lat' dir='ltr'><strong>unio.</strong></span> <span class='ocrx_word' id='word_1_789' title='bbox 2533 4421 2687 4479; x_wconf 86' lang='lat' dir='ltr'><strong>Unus</strong></span> <span class='ocrx_word' id='word_1_790' title='bbox 2716 4431 2901 4477; x_wconf 87' lang='lat' dir='ltr'><strong>autem</strong></span> <span class='ocrx_word' id='word_1_791' title='bbox 2926 4431 3013 4479; x_wconf 88' lang='lat' dir='ltr'><strong>est</strong></span> <span class='ocrx_word' id='word_1_792' title='bbox 3042 4430 3098 4477; x_wconf 92' lang='lat' dir='ltr'><strong>et</strong></span> <span class='ocrx_word' id='word_1_793' title='bbox 3124 4422 3367 4493; x_wconf 87' lang='lat' dir='ltr'><strong>Spiritus</strong></span> <span class='ocrx_word' id='word_1_794' title='bbox 3402 4436 3534 4480; x_wconf 80' lang='lat' dir='ltr'><strong>san-</strong></span> 
     </span>
    </p>
   </div>
   <div class='ocr_carea' id='block_1_109' title="bbox 1887 4729 2641 4790">
    <p class='ocr_par' dir='ltr' id='par_1_109' title="bbox 1887 4729 2641 4790">
     <span class='ocr_line' id='line_1_110' title="bbox 1887 4729 2641 4790; baseline -0.009 0"><span class='ocrx_word' id='word_1_795' title='bbox 1887 4735 1933 4790; x_wconf 87' lang='lat' dir='ltr'><strong>D</strong></span> <span class='ocrx_word' id='word_1_796' title='bbox 1962 4731 2054 4786; x_wconf 81' lang='lat' dir='ltr'><strong>bili</strong></span> <span class='ocrx_word' id='word_1_797' title='bbox 2088 4730 2285 4785; x_wconf 79' lang='lat' dir='ltr'><strong>Deitati</strong></span> <span class='ocrx_word' id='word_1_798' title='bbox 2312 4729 2641 4784; x_wconf 79' lang='lat' dir='ltr'><strong>insidentem.</strong></span> 
     </span>
    </p>
   </div>
   <div class='ocr_carea' id='block_1_110' title="bbox 2031 4797 3040 4872">
    <p class='ocr_par' dir='ltr' id='par_1_110' title="bbox 2031 4797 3040 4872">
     <span class='ocr_line' id='line_1_111' title="bbox 2031 4797 3040 4872; baseline 0.003 -18"><span class='ocrx_word' id='word_1_799' title='bbox 2031 4801 2141 4872; x_wconf 69' lang='lat'><strong>(45)</strong></span> <span class='ocrx_word' id='word_1_800' title='bbox 2171 4798 2583 4872; x_wconf 63' lang='grc' dir='ltr'>Διαμερίζεται.</span> <span class='ocrx_word' id='word_1_801' title='bbox 2631 4797 2769 4872; x_wconf 74' lang='lat' dir='ltr'><strong>&#39;_l_&#39;res</strong></span> <span class='ocrx_word' id='word_1_802' title='bbox 2790 4798 3040 4872; x_wconf 86' lang='lat' dir='ltr'><strong>_codices</strong></span> 
     </span>
    </p>
   </div>
   <div class='ocr_carea' id='block_1_111' title="bbox 1959 4865 3530 4942">
    <p class='ocr_par' dir='ltr' id='par_1_111' title="bbox 1959 4865 3530 4942">
     <span class='ocr_line' id='line_1_112' title="bbox 1959 4865 3530 4942; baseline -0.004 -17"><span class='ocrx_word' id='word_1_803' title='bbox 1959 4865 2133 4942; x_wconf 71' lang='lat' dir='ltr'><strong>etiam</strong></span> <span class='ocrx_word' id='word_1_804' title='bbox 2153 4865 2318 4942; x_wconf 70' lang='lat' dir='ltr'><strong>paulo</strong></span> <span class='ocrx_word' id='word_1_805' title='bbox 2343 4865 2473 4942; x_wconf 74' lang='lat' dir='ltr'><strong>post</strong></span> <span class='ocrx_word' id='word_1_806' title='bbox 2497 4870 2553 4924; x_wconf 91' lang='lat' dir='ltr'><strong>in</strong></span> <span class='ocrx_word' id='word_1_807' title='bbox 2581 4869 2774 4942; x_wconf 74' lang='lat' dir='ltr'><strong>tribus</strong></span> <span class='ocrx_word' id='word_1_808' title='bbox 2790 4866 2975 4942; x_wconf 65' lang='lat' dir='ltr'><strong>Regiis</strong></span> <span class='ocrx_word' id='word_1_809' title='bbox 2999 4865 3288 4942; x_wconf 73' lang='lat' dir='ltr'><strong>codicibus</strong></span> <span class='ocrx_word' id='word_1_810' title='bbox 3304 4872 3375 4942; x_wconf 62' lang='lat' dir='ltr'><strong>9t</strong></span> <span class='ocrx_word' id='word_1_811' title='bbox 3393 4865 3530 4920; x_wconf 87' lang='lat' dir='ltr'><strong>edit.</strong></span> 
     </span>
    </p>
   </div>
   <div class='ocr_carea' id='block_1_112' title="bbox 1959 4934 3533 5009">
    <p class='ocr_par' dir='ltr' id='par_1_112' title="bbox 1959 4934 3533 5009">
     <span class='ocr_line' id='line_1_113' title="bbox 1959 4934 3533 5009; baseline -0.003 -14"><span class='ocrx_word' id='word_1_812' title='bbox 1959 4940 2126 4998; x_wconf 85' lang='lat' dir='ltr'><strong>Basil.</strong></span> <span class='ocrx_word' id='word_1_813' title='bbox 2156 4934 2459 4995; x_wconf 74' lang='grc' dir='ltr'>’ἀναϐαίνει</span> <span class='ocrx_word' id='word_1_814' title='bbox 2510 4955 2610 5009; x_wconf 86' lang='lat' dir='ltr'><strong>pro</strong></span> <span class='ocrx_word' id='word_1_815' title='bbox 2653 4934 2940 5009; x_wconf 72' lang='grc' dir='ltr'>διαόαἰνὲι.</span> <span class='ocrx_word' id='word_1_816' title='bbox 2995 4938 3262 4995; x_wconf 81' lang='lat' dir='ltr'><strong>Observat</strong></span> <span class='ocrx_word' id='word_1_817' title='bbox 3300 4934 3533 5009; x_wconf 57' lang='lat' dir='ltr'><strong>Ducarus</strong></span> 
     </span>
    </p>
   </div>
   <div class='ocr_carea' id='block_1_113' title="bbox 1961 5007 3530 5081">
    <p class='ocr_par' dir='ltr' id='par_1_113' title="bbox 1961 5007 3530 5081">
     <span class='ocr_line' id='line_1_114' title="bbox 1961 5007 3530 5081; baseline -0.005 -15"><span class='ocrx_word' id='word_1_818' title='bbox 1961 5013 2207 5067; x_wconf 90' lang='lat' dir='ltr'><strong>codicem</strong></span> <span class='ocrx_word' id='word_1_819' title='bbox 2257 5007 2620 5081; x_wconf 56' lang='lat' dir='ltr'><strong>Anglicanam</strong></span> <span class='ocrx_word' id='word_1_820' title='bbox 2668 5008 2872 5081; x_wconf 81' lang='lat' dir='ltr'><strong>habere</strong></span> <span class='ocrx_word' id='word_1_821' title='bbox 2915 5009 3203 5073; x_wconf 79' lang='grc' dir='ltr'>διαϐαίνει,</span> <span class='ocrx_word' id='word_1_822' title='bbox 3249 5014 3416 5081; x_wconf 82' lang='lat' dir='ltr'><strong>atqu_e</strong></span> <span class='ocrx_word' id='word_1_823' title='bbox 3457 5007 3530 5060; x_wconf 79' lang='lat' dir='ltr'><strong>ila</strong></span> 
     </span>
    </p>
   </div>
   <div class='ocr_carea' id='block_1_114' title="bbox 1961 5076 3536 5153">
    <p class='ocr_par' dir='ltr' id='par_1_114' title="bbox 1961 5076 3536 5153">
     <span class='ocr_line' id='line_1_115' title="bbox 1961 5076 3536 5153; baseline -0.004 -16"><span class='ocrx_word' id='word_1_824' title='bbox 1961 5081 2262 5153; x_wconf 79' lang='lat' dir='ltr'><strong>etiam_legi</strong></span> <span class='ocrx_word' id='word_1_825' title='bbox 2295 5076 2371 5153; x_wconf 76' lang='lat' dir='ltr'><strong>in</strong></span> <span class='ocrx_word' id='word_1_826' title='bbox 2386 5078 2614 5153; x_wconf 78' lang='lat' dir='ltr'><strong>synodo</strong></span> <span class='ocrx_word' id='word_1_827' title='bbox 2646 5078 2897 5153; x_wconf 64' lang='lat' dir='ltr'><strong>septima,</strong></span> <span class='ocrx_word' id='word_1_828' title='bbox 2928 5087 3034 5153; x_wconf 78' lang='lat' dir='ltr'><strong>act.</strong></span> <span class='ocrx_word' id='word_1_829' title='bbox 3074 5081 3128 5144; x_wconf 77' lang='lat'><strong>3,</strong></span> <span class='ocrx_word' id='word_1_830' title='bbox 3169 5086 3225 5136; x_wconf 87' lang='lat' dir='ltr'><strong>et</strong></span> <span class='ocrx_word' id='word_1_831' title='bbox 3262 5080 3320 5133; x_wconf 89' lang='lat' dir='ltr'><strong>in</strong></span> <span class='ocrx_word' id='word_1_832' title='bbox 3360 5076 3536 5153; x_wconf 42' lang='grc' dir='ltr'><strong>δην-(ιτ</strong></span> 
     </span>
    </p>
   </div>
   <div class='ocr_carea' id='block_1_115' title="bbox 1962 5146 3533 5220">
    <p class='ocr_par' dir='ltr' id='par_1_115' title="bbox 1962 5146 3533 5220">
     <span class='ocr_line' id='line_1_116' title="bbox 1962 5146 3533 5220; baseline -0.004 -14"><span class='ocrx_word' id='word_1_833' title='bbox 1962 5153 2088 5206; x_wconf 88' lang='lat' dir='ltr'><strong>dico</strong></span> <span class='ocrx_word' id='word_1_834' title='bbox 2126 5146 2401 5208; x_wconf 77' lang='lat' dir='ltr'><strong>Tbéodori</strong></span> <span class='ocrx_word' id='word_1_835' title='bbox 2429 5146 2757 5220; x_wconf 69' lang='lat' dir='ltr'><strong>patriarchae</strong></span> <span class='ocrx_word' id='word_1_836' title='bbox 2787 5148 3310 5220; x_wconf 81' lang='lat' dir='ltr'><strong>Hierosolymorum,</strong></span> <span class='ocrx_word' id='word_1_837' title='bbox 3341 5162 3398 5220; x_wconf 84' lang='lat' dir='ltr'><strong>p.</strong></span> <span class='ocrx_word' id='word_1_838' title='bbox 3426 5146 3533 5200; x_wconf 68' lang='grc'><strong>454</strong></span> 
     </span>
    </p>
   </div>
   <div class='ocr_carea' id='block_1_116' title="bbox 1962 5218 3528 5284">
    <p class='ocr_par' dir='ltr' id='par_1_116' title="bbox 1962 5218 3528 5284">
     <span class='ocr_line' id='line_1_117' title="bbox 1962 5218 3528 5284; baseline -0.005 -8"><span class='ocrx_word' id='word_1_839' title='bbox 1962 5222 2094 5276; x_wconf 88' lang='lat' dir='ltr'><strong>edit.</strong></span> <span class='ocrx_word' id='word_1_840' title='bbox 2127 5220 2405 5284; x_wconf 79' lang='lat' dir='ltr'><strong>Romanae,</strong></span> <span class='ocrx_word' id='word_1_841' title='bbox 2431 5218 2526 5275; x_wconf 76' lang='lat' dir='ltr'><strong>ubi</strong></span> <span class='ocrx_word' id='word_1_842' title='bbox 2574 5220 2690 5274; x_wconf 75' lang='lat' dir='ltr'><strong>haec</strong></span> <span class='ocrx_word' id='word_1_843' title='bbox 2718 5219 2901 5274; x_wconf 85' lang='lat' dir='ltr'><strong>Basilii</strong></span> <span class='ocrx_word' id='word_1_844' title='bbox 2941 5218 3213 5275; x_wconf 82' lang='lat' dir='ltr'><strong>sententia</strong></span> <span class='ocrx_word' id='word_1_845' title='bbox 3254 5218 3528 5272; x_wconf 85' lang='lat' dir='ltr'><strong>laudatur.</strong></span> 
     </span>
    </p>
   </div>
   <div class='ocr_carea' id='block_1_117' title="bbox 1963 5288 3531 5358">
    <p class='ocr_par' dir='ltr' id='par_1_117' title="bbox 1963 5288 3531 5358">
     <span class='ocr_line' id='line_1_118' title="bbox 1963 5288 3531 5358; baseline -0.004 -13"><span class='ocrx_word' id='word_1_846' title='bbox 1963 5292 2265 5347; x_wconf 83' lang='lat' dir='ltr'><strong>Conﬁrmat</strong></span> <span class='ocrx_word' id='word_1_847' title='bbox 2311 5292 2557 5346; x_wconf 90' lang='lat' dir='ltr'><strong>eamdem</strong></span> <span class='ocrx_word' id='word_1_848' title='bbox 2613 5290 2939 5358; x_wconf 87' lang='lat' dir='ltr'><strong>scripturam</strong></span> <span class='ocrx_word' id='word_1_849' title='bbox 2969 5291 3054 5344; x_wconf 87' lang='lat' dir='ltr'><strong>vir</strong></span> <span class='ocrx_word' id='word_1_850' title='bbox 3082 5288 3531 5358; x_wconf 73' lang='lat' dir='ltr'><strong>doctissimuscx</strong></span> 
     </span>
    </p>
   </div>
   <div class='ocr_carea' id='block_1_118' title="bbox 1966 5357 3529 5430">
    <p class='ocr_par' dir='ltr' id='par_1_118' title="bbox 1966 5357 3529 5430">
     <span class='ocr_line' id='line_1_119' title="bbox 1966 5357 3529 5430; baseline -0.005 -13"><span class='ocrx_word' id='word_1_851' title='bbox 1966 5363 2107 5417; x_wconf 91' lang='lat' dir='ltr'><strong>libro</strong></span> <span class='ocrx_word' id='word_1_852' title='bbox 2136 5361 2363 5416; x_wconf 79' lang='lat' dir='ltr'><strong>Adriani</strong></span> <span class='ocrx_word' id='word_1_853' title='bbox 2394 5375 2547 5430; x_wconf 68' lang='lat' dir='ltr'><strong>papae</strong></span> <span class='ocrx_word' id='word_1_854' title='bbox 2587 5359 2666 5414; x_wconf 86' lang='lat' dir='ltr'><strong>De</strong></span> <span class='ocrx_word' id='word_1_855' title='bbox 2690 5357 3027 5428; x_wconf 76' lang='lat' dir='ltr'><strong>imaginibus.</strong></span> <span class='ocrx_word' id='word_1_856' title='bbox 3070 5376 3205 5430; x_wconf 80' lang='lat' dir='ltr'><strong>cap.-</strong></span> <span class='ocrx_word' id='word_1_857' title='bbox 3229 5359 3281 5425; x_wconf 88' lang='lat'><strong>8,</strong></span> <span class='ocrx_word' id='word_1_858' title='bbox 3314 5374 3368 5429; x_wconf 90' lang='lat' dir='ltr'><strong>p.</strong></span> <span class='ocrx_word' id='word_1_859' title='bbox 3405 5357 3529 5430; x_wconf 54' lang='lat' dir='ltr'><strong>Hii,</strong></span> 
     </span>
    </p>
   </div>
   <div class='ocr_carea' id='block_1_119' title="bbox 1966 5426 3531 5501">
    <p class='ocr_par' dir='ltr' id='par_1_119' title="bbox 1966 5426 3531 5501">
     <span class='ocr_line' id='line_1_120' title="bbox 1966 5426 3531 5501; baseline -0.003 -16"><span class='ocrx_word' id='word_1_860' title='bbox 1966 5434 2060 5486; x_wconf 88' lang='lat' dir='ltr'><strong>ubi</strong></span> <span class='ocrx_word' id='word_1_861' title='bbox 2086 5433 2289 5487; x_wconf 88' lang='lat' dir='ltr'><strong>citatur</strong></span> <span class='ocrx_word' id='word_1_862' title='bbox 2317 5426 2447 5484; x_wconf 77' lang='lat' dir='ltr'><strong>illud</strong></span> <span class='ocrx_word' id='word_1_863' title='bbox 2468 5426 2686 5494; x_wconf 39' lang='lat' dir='ltr'><strong>‘Basilii,</strong></span> <span class='ocrx_word' id='word_1_864' title='bbox 2711 5426 2849 5500; x_wconf 76' lang='lat' dir='ltr'><strong>quod</strong></span> <span class='ocrx_word' id='word_1_865' title='bbox 2877 5430 3122 5501; x_wconf 80' lang='lat' dir='ltr'><strong>imaginis</strong></span> <span class='ocrx_word' id='word_1_866' title='bbox 3143 5426 3401 5484; x_wconf 43' lang='lat' dir='ltr'><strong>&#39;Itonor—in</strong></span> <span class='ocrx_word' id='word_1_867' title='bbox 3418 5426 3531 5496; x_wconf 84' lang='lat' dir='ltr'><strong>pri-</strong></span> 
     </span>
    </p>
   </div>
   <div class='ocr_carea' id='block_1_120' title="bbox 1966 5501 3233 5570">
    <p class='ocr_par' dir='ltr' id='par_1_120' title="bbox 1966 5501 3233 5570">
     <span class='ocr_line' id='line_1_121' title="bbox 1966 5501 3233 5570; baseline -0.002 -13"><span class='ocrx_word' id='word_1_868' title='bbox 1966 5519 2108 5557; x_wconf 85' lang='lat' dir='ltr'><strong>mam</strong></span> <span class='ocrx_word' id='word_1_869' title='bbox 2143 5502 2368 5570; x_wconf 82' lang='lat' dir='ltr'><strong>formam</strong></span> <span class='ocrx_word' id='word_1_870' title='bbox 2399 5501 2612 5570; x_wconf 63' lang='lat' dir='ltr'><strong>transit.</strong></span> <span class='ocrx_word' id='word_1_871' title='bbox 2813 5568 2821 5570; x_wconf 80' lang='lat'><strong><em>_</em></strong></span> <span class='ocrx_word' id='word_1_872' title='bbox 3228 5520 3233 5524; x_wconf 90' lang='grc'>·</span> 
     </span>
    </p>
   </div>
   <div class='ocr_carea' id='block_1_121' title="bbox 2037 5568 3533 5644">
    <p class='ocr_par' dir='ltr' id='par_1_121' title="bbox 2037 5568 3533 5644">
     <span class='ocr_line' id='line_1_122' title="bbox 2037 5568 3533 5644; baseline -0.006 -17"><span class='ocrx_word' id='word_1_873' title='bbox 2037 5568 2151 5644; x_wconf 71' lang='grc' dir='ltr'><strong>(ιθ)</strong></span> <span class='ocrx_word' id='word_1_874' title='bbox 2186 5569 2503 5644; x_wconf 70' lang='grc' dir='ltr'>Τεχνικῶν.</span> <span class='ocrx_word' id='word_1_875' title='bbox 2548 5568 2693 5644; x_wconf 64' lang='lat' dir='ltr'><strong>Haec</strong></span> <span class='ocrx_word' id='word_1_876' title='bbox 2716 5568 3009 5644; x_wconf 75' lang='lat' dir='ltr'><strong>scriptura,</strong></span> <span class='ocrx_word' id='word_1_877' title='bbox 3042 5570 3148 5626; x_wconf 91' lang='lat' dir='ltr'><strong>etsi</strong></span> <span class='ocrx_word' id='word_1_878' title='bbox 3177 5570 3233 5625; x_wconf 90' lang='lat' dir='ltr'><strong>in</strong></span> <span class='ocrx_word' id='word_1_879' title='bbox 3265 5583 3377 5644; x_wconf 79' lang='lat' dir='ltr'><strong>uno</strong></span> <span class='ocrx_word' id='word_1_880' title='bbox 3407 5573 3533 5644; x_wconf 81' lang='lat' dir='ltr'><strong>tan-</strong></span> 
     </span>
    </p>
   </div>
   <div class='ocr_carea' id='block_1_122' title="bbox 1964 5635 3530 5723">
    <p class='ocr_par' dir='ltr' id='par_1_122' title="bbox 1964 5635 3530 5723">
     <span class='ocr_line' id='line_1_123' title="bbox 1964 5635 3530 5723; baseline -0.005 -26"><span class='ocrx_word' id='word_1_881' title='bbox 1964 5635 2081 5723; x_wconf 75' lang='lat' dir='ltr'><strong>tum</strong></span> <span class='ocrx_word' id='word_1_882' title='bbox 2106 5635 2377 5710; x_wconf 74' lang='lat' dir='ltr'><strong>reperitur</strong></span> <span class='ocrx_word' id='word_1_883' title='bbox 2409 5638 2542 5721; x_wconf 57' lang='grc' dir='ltr'><strong>[ξοδ.</strong></span> <span class='ocrx_word' id='word_1_884' title='bbox 2567 5640 2753 5723; x_wconf 64' lang='lat' dir='ltr'><strong>tertio,</strong></span> <span class='ocrx_word' id='word_1_885' title='bbox 2790 5635 2950 5723; x_wconf 73' lang='lat' dir='ltr'><strong>longe</strong></span> <span class='ocrx_word' id='word_1_886' title='bbox 2982 5651 3160 5723; x_wconf 69' lang='lat' dir='ltr'><strong>tamen</strong></span> <span class='ocrx_word' id='word_1_887' title='bbox 3191 5635 3530 5723; x_wconf 44' lang='lat' dir='ltr'><strong>praefer-epes</strong></span> 
     </span>
    </p>
   </div>
   <div class='ocr_carea' id='block_1_123' title="bbox 1964 5705 3531 5782">
    <p class='ocr_par' dir='ltr' id='par_1_123' title="bbox 1964 5705 3531 5782">
     <span class='ocr_line' id='line_1_124' title="bbox 1964 5705 3531 5782; baseline -0.001 -16"><span class='ocrx_word' id='word_1_888' title='bbox 1964 5705 2198 5782; x_wconf 70' lang='lat' dir='ltr'><strong>vulgatae</strong></span> <span class='ocrx_word' id='word_1_889' title='bbox 2239 5705 2522 5781; x_wconf 79' lang='grc' dir='ltr'>τεχνιτῶνῖ</span> <span class='ocrx_word' id='word_1_890' title='bbox 2567 5705 2771 5766; x_wconf 84' lang='lat' dir='ltr'><strong>Ibidem</strong></span> <span class='ocrx_word' id='word_1_891' title='bbox 2821 5705 2950 5767; x_wconf 78' lang='lat' dir='ltr'><strong>editi</strong></span> <span class='ocrx_word' id='word_1_892' title='bbox 2979 5711 3119 5766; x_wconf 74' lang='grc' dir='ltr'>οὕτω</span> <span class='ocrx_word' id='word_1_893' title='bbox 3159 5705 3253 5767; x_wconf 66' lang='grc' dir='ltr'><strong>καὶ</strong></span> <span class='ocrx_word' id='word_1_894' title='bbox 3280 5708 3392 5764; x_wconf 76' lang='grc' dir='ltr'><strong>ἐπί.</strong></span> <span class='ocrx_word' id='word_1_895' title='bbox 3420 5705 3531 5765; x_wconf 82' lang='lat' dir='ltr'><strong>Co-</strong></span> 
     </span>
    </p>
   </div>
   <div class='ocr_carea' id='block_1_124' title="bbox 1966 5781 2775 5839">
    <p class='ocr_par' dir='ltr' id='par_1_124' title="bbox 1966 5781 2775 5839">
     <span class='ocr_line' id='line_1_125' title="bbox 1966 5781 2775 5839; baseline -0.005 -1"><span class='ocrx_word' id='word_1_896' title='bbox 1966 5781 2115 5839; x_wconf 82' lang='lat' dir='ltr'><strong>dices</strong></span> <span class='ocrx_word' id='word_1_897' title='bbox 2145 5795 2277 5838; x_wconf 88' lang='lat' dir='ltr'><strong>mss.</strong></span> <span class='ocrx_word' id='word_1_898' title='bbox 2313 5787 2374 5836; x_wconf 87' lang='lat' dir='ltr'><strong>ut</strong></span> <span class='ocrx_word' id='word_1_899' title='bbox 2404 5781 2458 5837; x_wconf 90' lang='lat' dir='ltr'><strong>in</strong></span> <span class='ocrx_word' id='word_1_900' title='bbox 2495 5788 2775 5838; x_wconf 82' lang='lat' dir='ltr'><strong>contextu.</strong></span> 
     </span>
    </p>
   </div>
   <div class='ocr_carea' id='block_1_125' title="bbox 3159 4790 3532 4883">
    <p class='ocr_par' dir='ltr' id='par_1_125' title="bbox 3159 4790 3532 4883">
     <span class='ocr_line' id='line_1_126' title="bbox 3159 4790 3532 4883; baseline 0 0"><span class='ocrx_word' id='word_1_901' title='bbox 3159 4798 3385 4883; x_wconf 60' lang='grc' dir='ltr'>είξξτιιε·</span> <span class='ocrx_word' id='word_1_902' title='bbox 3403 4880 3417 4883; x_wconf 65' lang='lat'><strong>-</strong></span> <span class='ocrx_word' id='word_1_903' title='bbox 3436 4790 3532 4883; x_wconf 63' lang='grc' dir='ltr'>ἕξει</span> 
     </span>
    </p>
   </div>
  </div>
