3972 6218
421 439 519 497 151

1648 438 1709 493 S.
1751 438 1997 494 BASILII
2037 439 2254 495 MAGNI

3572 454 3691 511 153

421 565 569 623 ctus,
599 566 767 629 atque
796 558 916 629 ipse
942 559 1299 631 singulariter
1320 560 1663 624 enuntiatur,
1702 575 1799 628 per
1832 575 1999 613 unum

2108 562 2171 615 δι’
2214 561 2334 625 ἑνὸς
2363 562 2493 615 Υίοῦ
2533 563 2611 633 τῷ
2662 565 2742 617 ἑνὶ
2783 567 2957 637 Πατρὶ
2995 567 3421 637 συναπτόμενον,
3468 569 3564 622 καὶ
3606 570 3686 622 δι’

420 649 621 705 Filium
673 652 767 706 uni
810 649 959 707 Patri
1011 655 1321 723 copulatus,
1370 668 1434 707 ac
1477 667 1575 722 per
1621 668 1681 707 se
1718 652 2000 720 complens

419 739 833 811 glorificandam
866 757 1034 812 super
1064 743 1249 799 omnia
1279 757 1345 797 ac
1380 742 1594 796 beatam
1623 740 1948 796 Trinitatem
1982 760 1997 796 :

417 832 582 901 cujus
625 848 752 887 cum
796 832 957 889 Patre
1005 843 1061 890 et
1124 833 1265 889 Filio
1305 835 1646 889 consortium
1688 834 1825 887 satis
1866 833 1999 888 illud

419 921 687 988 declarat,
718 922 868 992 quod
901 923 956 977 in
999 923 1161 978 turba
1203 930 1584 978 creaturarum
1631 922 1845 992 positus
1888 936 1999 977 non

419 1021 529 1077 est,
560 1013 656 1068 sed
690 1015 940 1069 solitarie
971 1007 1273 1085 profertur.
1320 1013 1510 1083 Neque
1543 1014 1688 1069 enim
1729 1030 1874 1068 unus
1915 1022 2001 1070 est

421 1104 488 1160 de
531 1105 765 1172 multis;
817 1105 914 1161 sed
970 1121 1115 1162 unus
1161 1113 1266 1162 est.
1323 1104 1798 1172 Quemadmodum
1851 1107 1998 1160 enim

424 1211 567 1251 unus
594 1206 678 1252 est
714 1195 898 1263 Pater,
941 1205 997 1251 et
1028 1211 1173 1252 unus
1205 1194 1380 1251 Filius
1423 1213 1436 1249 :
1485 1198 1561 1250 ita
1616 1203 1673 1252 et
1724 1212 1867 1252 unus
1913 1204 2000 1252 est

424 1286 668 1357 Spiritus
723 1297 971 1345 sanctus.
1026 1287 1095 1342 Et
1128 1303 1261 1344 vero
1301 1303 1332 1342 a
1376 1295 1757 1343 creaturarum
1801 1297 1998 1342 natura

421 1388 635 1435 tantum
670 1388 1005 1447 semovetur,
1058 1389 1327 1451 quantum
1364 1395 1467 1452 par
1494 1387 1580 1435 est
1616 1380 1669 1434 id
1700 1380 1846 1449 quod
1880 1380 1993 1434 sin-

419 1470 612 1538 gulare
644 1479 750 1529 est.
784 1486 815 1523 a
859 1471 1169 1526 collectivis
1203 1479 1260 1526 et
1305 1470 1715 1525 multitudinem
1748 1470 2000 1525 habenti-

418 1562 524 1617 bus
593 1564 820 1619 distare.
892 1560 1040 1617 Patri
1101 1571 1286 1616 autem
1343 1579 1409 1618 ac
1476 1560 1615 1616 Filio
1663 1563 1717 1614 in
1786 1568 1997 1615 tantum

420 1655 616 1711 uuitus
654 1665 772 1722 est,
815 1666 1085 1726 quantum
1126 1655 1390 1710 consortii
1438 1654 1601 1709 habet
1650 1656 1831 1710 unitas
1872 1669 1997 1708 cum

419 1750 658 1805 unitate.

488 1840 728 1913 46.,Sed
771 1855 872 1894 nec
912 1840 1043 1895 hinc
1074 1841 1255 1896 solum
1298 1839 1564 1910 probatur
1607 1845 1817 1893 natura:
1849 1853 1999 1894 com—

417 1931 628 1991 munio,
673 1945 863 1984 verum
904 1930 1056 1985 illinc
1097 1944 1341 2000 quoque,
1395 1930 1542 1999 quod
1601 1946 1664 1982 ex
1723 1928 1832 1983 Deo
1878 1943 2000 1983 esse

417 2016 671 2085 dicitur;
713 2033 823 2073 non
878 2019 1025 2074 sicut
1066 2034 1133 2074 ex
1167 2018 1278 2074 Deo
1318 2027 1450 2074 sunt
1486 2019 1695 2083 omnia,
1736 2018 1832 2074 sed
1880 2030 1997 2073 tan-

416 2125 581 2180 quam
625 2125 694 2164 ει
737 2109 851 2164 Deo
883 2109 1189 2179 procedens
1232 2127 1248 2174 ;
1291 2124 1401 2164 non
1425 2124 1522 2179 per
1557 2110 1994 2181 generationem,

415 2201 879 2273 quemadmodum
910 2196 1108 2267 Filius,
1153 2203 1253 2258 sed
1297 2211 1561 2273 tanquam
1607 2200 1850 2272 Spiritus
1884 2204 1998 2259 oris

416 2293 560 2362 ejus.
603 2291 844 2349 Omnino
890 2302 1075 2350 autem
1136 2310 1240 2350 nec
1277 2309 1343 2350 os
1394 2295 1702 2351 membrum
1753 2303 1859 2359 est,
1897 2311 1999 2351 nec

417 2384 659 2456 Spiritus
701 2394 788 2442 est
853 2386 1013 2442 [latus
1071 2387 1427 2452 resolubilis;
1478 2387 1576 2443 sed
1620 2394 1677 2443 et
1712 2402 1796 2451 os,
1834 2397 1999 2458 prout

416 2476 530 2534 Deo
553 2479 833 2542 convenit,
861 2479 1086 2543 dicitur,
1121 2488 1176 2534 et
1220 2476 1465 2549 Spiritus
1507 2479 1752 2535 essentia
1784 2480 1993 2543 vivens,

412 2570 871 2629 sanctificationis
907 2570 1156 2631 domina,
1184 2570 1257 2624 ita
1299 2579 1359 2624 ut
1405 2572 1746 2626 consortium
1774 2569 1996 2636 quidem

416 2661 546 2716 inde
572 2652 907 2725 declaretur,
932 2661 1130 2716 modus
1164 2669 1349 2716 autem
1380 2663 1714 2717 exsistentise
1753 2662 1999 2717 ineffabi-

418 2750 489 2806 lis
519 2761 795 2806 servetur.
820 2750 933 2822 39
964 2750 1110 2817 Quin
1150 2760 1205 2808 et
1246 2750 1486 2823 Spiritus
1529 2754 1733 2809 Christi
1770 2754 1994 2816 dicitur,

414 2850 678 2911 tanquam
726 2842 808 2897 illi
862 2851 1060 2898 natura
1108 2842 1465 2913 conjunctus.
1514 2844 1723 2916 quue,
1774 2843 1835 2899 Si
1880 2847 1995 2916 quis

417 2931 622 2991 Christi
666 2934 929 3006 Spiritum
972 2955 1079 2993 non
1117 2938 1299 3002 habet,
1339 2940 1426 2994 hic
1476 2958 1582 2995 non
1625 2951 1703 2995 est
1749 2942 1865 3012 ejus
1926 2942 1993 2995 ⁸¹.

419 3023 577 3081 Unde
597 3028 750 3084 solus
781 3027 1020 3099 Spiritus
1042 3031 1205 3100 digne
1232 3032 1505 3101 glorificat
1548 3033 1859 3088 Dominum.
1895 3032 1999 3088 Ille

417 3120 580 3184 enim,
619 3118 821 3189 inquit,
872 3136 953 3175 me
988 3121 1317 3192 gloriﬁcabit
1347 3124 1415 3187 ⁸³,
1464 3140 1574 3178 non
1616 3132 1677 3178 ut
1721 3133 1992 3185 creatura,

419 3210 515 3267 sed
576 3218 836 3281 tanquam
911 3211 1156 3283 Spiritus
1206 3215 1479 3279 veritatis,
1529 3216 1769 3272 dilucide
1821 3216 1876 3271 in
1938 3233 1999 3271 se

2102 653 2296 707 ἑαυτοῦ
2339 655 2693 727 συμπληροῦν
2726 657 2825 727 τὴν
2852 656 3224 729 πολυύμνητον
3271 661 3362 711 καὶ
3398 661 3689 730 μακαρίαν

2101 746 2341 816 Τριάόα⁶
2398 740 2461 799 οὗ
2499 747 2598 818 τὴν
2632 748 2767 818 πρὸς
2805 736 3027 820 Πατέρα
3076 751 3170 803 καὶ
3223 750 3348 804 Υἰὸν
3400 753 3687 805 οἰκείωσιν

2106 836 2307 900 ἱκανῶς
2345 838 2601 909 ἐμφαίνει
2648 839 2709 891 τὸ
2736 839 2810 910 μὴ
2857 841 2914 891 ἐν
2959 839 3036 910 τῷ
3061 839 3255 911 πλήθει
3302 841 3402 910 τῆς
3446 842 3689 906 κτίσεως

2099 928 2380 999 τετάχθαι,
2408 929 2544 984 ἀλλὰ
2573 930 2824 1001 μοναχῶς
2848 931 3228 1000 ἐκφωνεῖσθαι.
3253 933 3327 984 Οὐ
3350 932 3457 1000 γὰρ
3480 933 3538 985 ἓν
3566 933 3687 985 τῶν

2101 1021 2311 1074 πολλῶν
2340 1023 2486 1075 ἐστιν
2506 1040 2518 1053 ·
2550 1022 2664 1076 ἀλλ’
2686 1023 2744 1076 ἓν
2774 1027 2940 1080 ἐστιν.
2976 1026 3061 1088 Ὠς
3085 1026 3193 1096 γὰρ
3221 1021 3300 1088 εἷς
3328 1026 3516 1096 Πατὴρ
3537 1027 3683 1094 (47),

2100 1115 2194 1167 καὶ
2246 1108 2327 1178 εἷς
2358 1115 2506 1180 Υίὸς,
2557 1115 2700 1169 οὕτω
2739 1118 2834 1170 καὶ
2865 1116 2923 1169 ἓν
2956 1116 3180 1188 Πνεῦμα
3208 1117 3384 1186 ἆγιον.
3419 1119 3529 1188 Τῆς
3577 1119 3685 1188 μὲν

2099 1202 2191 1259 οὖν
2225 1208 2448 1278 κτιστῆς
2492 1208 2708 1277 φύσεως
2745 1208 2999 1262 τοσοῦτον
3042 1209 3505 1282 ἀποκεχώρηκεν,
3553 1210 3685 1263 ὅσον

2101 1298 2248 1363 εἰκὸς
2291 1300 2351 1353 τὺ
2400 1300 2686 1372 μοναδικδν
2716 1300 2827 1354 τῶν
2873 1301 3297 1371 συστηματικῶν
3333 1303 3428 1356 καὶ
3470 1302 3685 1371 πληθυ-

2102 1392 2237 1460 σμὺν
2294 1392 2533 1473 ἑχόντων
2551 1409 2565 1423 ·
2615 1392 2791 1463 Πατρὶ
2834 1392 2892 1445 δὲ
2937 1393 3032 1446 καὶ
3084 1392 3198 1462 Υἱῴ
3235 1392 3377 1446 κατὰ
3426 1393 3683 1446 τοσοῦτον

2098 1482 2326 1551 ἥνωται,
2358 1482 2587 1536 καθόσον
2619 1483 2730 1552 ἔχει
2763 1481 2930 1554 μονὰς
2964 1483 3100 1555 πρὸς
3129 1484 3331 1554 μονάδα
3350 1484 3449 1555 τὴν
3488 1485 3687 1538 οἰκειό-

2097 1590 2257 1644 τητα.

2173 1840 2262 1895 46.
2290 1841 2398 1893 Kal.
2426 1841 2527 1893 οὐκ
2562 1840 2810 1894 ἐντεῦθεν
2854 1842 3012 1912 μόνον
3051 1840 3152 1911 τῆς
3205 1841 3349 1894 κατὰ
3389 1840 3488 1910 τὴν
3516 1839 3683 1909 φύσιν

2100 1912 2386 1993 κοινωνίας
2408 1931 2463 1982 αἱ
2491 1928 2793 1994 ἀποδείξεις
2812 1930 2945 2001 (48),
2966 1930 3081 1985 ἀλλ’
3111 1931 3192 1985 ὅτι
3222 1931 3314 1983 καὶ
3339 1930 3402 1982 ὲκ
3424 1928 3520 1982 τοῦ
3538 1928 3681 1982 Θεοῦ

2098 2017 2240 2075 εἶναι
2265 2019 2485 2088 λέγεται
2507 2035 2520 2047 ·
2548 2022 2645 2089 οὐχ
2666 2019 2743 2082 ὡς
2772 2019 2843 2073 τά
2872 2020 3052 2073 πάντα
3075 2021 3139 2073 ὲκ
3170 2019 3263 2073 τοῦ
3285 2018 3442 2081 Θεοῦ,
3461 2017 3578 2072 ἀλλ’
3601 2018 3680 2082 ὡς

2097 2117 2163 2169 ἐκ
2193 2113 2289 2167 τοῦ
2314 2112 2450 2166 Θεοῦ
2492 2111 2785 2184 προελθὸν·
2816 2113 2876 2166 οὑ
2907 2112 3182 2182 γεννητῶς
3216 2112 3292 2176 ὡς
3320 2113 3348 2164 ὁ
3380 2110 3530 2175 Υἱὸς,
3560 2109 3678 2164 ἀλλ’

2095 2209 2171 2271 ὡς
2227 2206 2452 2277 Πνεῦμα
2509 2205 2778 2277 στόματος
2818 2205 3009 2259 αὐτοῦ.
3056 2205 3281 2267 Πάντως
3335 2203 3393 2256 δὲ
3446 2201 3573 2256 οὔτε
3618 2207 3682 2256 τδ

2098 2300 2275 2371 στόμα
2311 2299 2491 2370 μέλος,
2537 2297 2659 2365 οὔτε
2694 2297 2832 2367 πνοὴ
2867 2295 3101 2368 λυομένη
3132 2297 3194 2350 τὸ
3235 2295 3489 2366 Πνεῦμαο
3539 2295 3682 2348 ἀλλὰ

2098 2392 2193 2445 καὶ
2218 2390 2278 2443 τὸ
2306 2390 2482 2461 στόμα
2509 2387 2848 2460 θεοπρεπῶς,
2869 2389 2963 2441 καὶ
2985 2388 3045 2440 τὸ
3068 2380 3291 2457 Πνεῦμα
3320 2388 3478 2440 οὐσία
3501 2385 3678 2451 ζῶσα,

2099 2482 2369 2554 ἁγιασμοῦ
2420 2482 2617 2552 κυρία·
2671 2482 2773 2550 τῆς
2821 2479 2920 2551 μὲν
2958 2479 3286 2548 οἰκειότητος
3340 2477 3680 2548 δηλουμένης

2099 2574 2368 2636 ἐντεῦθεν,
2402 2573 2496 2627 τοῦ
2527 2573 2583 2627 δὲ
2615 2572 2818 2644 τρόπου
2850 2573 2949 2641 τῆς
2982 2569 3266 2642 ὑπάρξεως
3296 2570 3539 2641 ἀρρήτου
3562 2566 3679 2637 (49)

2098 2665 2531 2736 φυλασσομένου.
2562 2664 2724 2717 Ἀλλά
2763 2663 2857 2716 καὶ
2899 2660 3124 2732 Πνεῦμα
3161 2658 3398 2732 Χριστοῦ
3435 2659 3677 2728 λέγεται,

2095 2759 2172 2822 ὡς
2197 2758 2541 2830 ᾠκειωμένον
2580 2756 2722 2809 κατὰ
2753 2755 2851 2826 τὴν
2879 2752 3041 2823 φύσιν
3067 2751 3235 2823 αὐτῷ.
3263 2750 3361 2805 Διὰ
3384 2750 3544 2804 τοῦτο
3563 2749 3682 2822 (50)

2097 2851 2172 2905 ΕΖ
2191 2868 2282 2916 τις
2305 2848 2547 2919 Πνεῦμα
2571 2845 2828 2915 Χριστοῦ
2854 2848 2965 2899 οὐκ
2994 2844 3141 2914 ἔχει,
3171 2841 3349 2910 οὗτος
3374 2845 3484 2897 οὐκ
3505 2842 3684 2896 ἐστιν

2096 2942 2304 2997 αὑτοῦ.
2325 2940 2492 2994 Ὅθεν
2524 2941 2683 3011 μόνον
2705 2937 2871 3003 ἀξίως
2900 2936 3113 3001 δοξάζει
3135 2936 3225 2989 τὸν
3255 2934 3478 3011 Κύριον.
3497 2933 3680 2987 Ἐκεῖ-

2096 3053 2204 3101 νος
2230 3035 2341 3103 γὰρ
2371 3032 2477 3103 ἐμὲ
2508 3031 2781 3098 δοξάσει,
2823 3032 3007 3101 φησιν,
3037 3031 3135 3100 οὐχ
3162 3030 3239 3092 ὡς
3269 3031 3303 3099 ἡ
3334 3028 3509 3090 κτίσις
3539 3026 3679 3097 (51),

2098 3127 2212 3181 ἀλλ’
2252 3127 2328 3190 ὡς
2359 3125 2588 3197 Πνεῦμα
2616 3125 2716 3195 τῆς
2754 3123 3033 3194 ἀληθείας,
3077 3120 3290 3193 τρανῶς
3335 3121 3588 3189 ἐκφαῖνον
3623 3120 3682 3171 ὲν

2100 3216 2278 3287 ἑαυτῷ
2318 3217 2418 3285 τὴν
2462 3216 2751 3286 ἀλήθειανο
2806 3212 2899 3266 καὶ
2948 3212 3023 3274 ὡς
3070 3209 3294 3280 Πνεῦμα
3338 3208 3530 3276 σοφίας
3584 3208 3682 3260 τὸν

421 3303 544 3373 ipso
572 3301 867 3359 declarans
894 3304 1180 3360 veritatem
1215 3324 1230 3374 ;
1263 3315 1320 3360 et
1351 3315 1612 3376 tanquam
1645 3306 1885 3377 Spiritus
1916 3326 1998 3363 sa-

2108 3308 2354 3380 Χριστὸν,
2387 3307 2485 3379 τὴν
2531 3305 2625 3360 τοῦ
2669 3303 2804 3358 Θεοῦ
2852 3303 3100 3374 δύναμιν,
3135 3301 3232 3355 καὶ
3273 3301 3373 3370 τὴν
3403 3298 3497 3351 τοῦ
3540 3297 3680 3351 Θεοῦ

421 3395 665 3465 ρίεηιὶιε,
695 3395 979 3452 Christum
1002 3397 1096 3467 qui
1121 3405 1209 3452 est
1240 3397 1334 3453 Dei
1367 3399 1544 3454 virtus
1572 3408 1629 3454 et
1656 3399 1749 3454 Dei
1781 3403 1987 3470 sapien-

420 3488 519 3549 tia,
543 3488 599 3540 in
629 3503 729 3543 sua
759 3487 1133 3558 magnitudine
1159 3489 1432 3544 revelans.
1464 3487 1711 3559 Denique
1736 3497 1998 3560 tanquam

421 3574 752 3634 Co'nsolator
796 3580 851 3634 in
896 3579 1081 3650 seipso
1109 3579 1373 3649 exprimit
1397 3575 1806 3645 Consolatoris,
1835 3598 1861 3633 a
1890 3598 2001 3650 quo

422 3672 627 3727 missus
649 3678 756 3735 est,
789 3670 1131 3728 bonitatem:
1175 3681 1231 3728 et
1268 3673 1325 3727 in
1352 3687 1450 3728 sua
1488 3672 1706 3743 propria
1736 3672 2001 3740 dignitate

418 3764 545 3833 ejus
574 3782 605 3819 a
636 3779 748 3836 quo
777 3764 1068 3835 processit,
1099 3765 1440 3836 majestatem
1479 3765 1718 3821 exhibet.
1768 3764 1866 3821 Est
1902 3767 2001 3836 igi-

423 3868 515 3912 tur
540 3859 736 3928 gloria,
773 3859 883 3913 alia
905 3858 1130 3929 quidem
1159 3859 1455 3924 naturalis,
1492 3859 1660 3914 veluti
1699 3859 1871 3930 gloria
1907 3877 1999 3916 so-

416 3949 493 4007 lis
522 3958 607 4006 est
650 3950 835 4006 lumen
866 3968 883 4018 ;
914 3950 1025 4006 alia
1060 3962 1309 4015 externa,
1341 3966 1465 4020 qua:
1495 3966 1562 4006 ex
1594 3950 1770 4007 libera
1805 3952 2000 4006 volun—

422 4048 534 4096 tate
573 4056 696 4094 cum
725 4040 937 4110 judicio
974 4041 1159 4112 dignis
1208 4039 1474 4097 defertur.
1514 4040 1585 4094 At
1631 4041 1745 4096 haec
1778 4058 1999 4096 rursum

423 4134 640 4205 gemina
670 4143 774 4190 est.
808 4132 989 4188 Filius
1031 4136 1193 4199 enim,
1223 4134 1425 4205 inquit,
1470 4135 1737 4206 glori/ient
1773 4146 2000 4203 patrem,

422 4235 472 4280 et
502 4242 681 4280 servus
714 4225 987 4281 dominum
1015 4244 1171 4282 suum
1196 4228 1263 4282 ⁸⁸.
1291 4227 1480 4297 Itaque
1523 4242 1591 4282 ex
1636 4228 1721 4282 his
1765 4226 1999 4288 duabus,

424 4333 492 4374 ea
541 4333 664 4387 qua:
713 4319 932 4376 servilis
972 4327 1079 4382 est,
1115 4336 1146 4372 a
1198 4327 1452 4373 creatura
1494 4318 1741 4373 defertur
1782 4334 1797 4382 ;
1831 4317 2002 4370 altera

425 4424 555 4465 vero
585 4423 729 4479 quae,
761 4417 823 4462 ut
858 4409 933 4463 ila
967 4409 1182 4479 loquar,
1219 4408 1630 4462 contubernalis
1660 4412 1764 4468 est,
1799 4422 1830 4459 a
1881 4406 2004 4474 Spi-

427 4501 538 4556 ritu
599 4509 911 4571 praestatur.
986 4498 1455 4566 Quemadmodum
1516 4499 1662 4551 enim
1703 4498 1770 4552 de
1823 4496 2003 4565 seipso

2101 3402 2294 3471 σοφίαν
2325 3402 2381 3453 ἐν
2412 3398 2491 3470 τῷ
2524 3397 2714 3452 ἑαυτοῦ
2747 3395 2968 3466 μεγέθει
3002 3393 3408 3448 ἀποκαλύπτον.
3453 3391 3565 3445 Καὶ
3602 3391 3682 3454 ὡς

2099 3492 2456 3563 Παράκλητος
2483 3491 2540 3543 δὲ
2568 3492 2626 3543 ὲν
2657 3488 2836 3558 ἑαυτῷ
2869 3486 3267 3558 χαρακτηρίζει
3308 3482 3404 3537 τοῦ
3428 3484 3683 3536 ἀποστεί-

2101 3583 2289 3645 λαντος
2323 3582 2484 3635 αὐτὸν
2510 3580 2869 3652 Παρακλήτου
2892 3578 2990 3650 τὴν
3021 3577 3333 3646 ἀγαθότητα
3351 3593 3364 3607 ·
3390 3574 3484 3629 καὶ
3515 3576 3574 3626 ἐν
3600 3573 3683 3643 τῷ

2101 3673 2295 3729 ἑαυτοῦ
2329 3673 2600 3744 ἀξιώματι
2640 3671 2739 3743 τὴν
2767 3669 3156 3741 μεγαλωσύνην
3186 3666 3441 3738 ἐμφαίνει
3461 3664 3561 3734 τὴν
3581 3664 3680 3718 τοῦ

2100 3766 2222 3821 ὅθεν
2256 3764 2547 3836 προῆλθεν.
2574 3764 2762 3817 Ἔστιν
2792 3758 2885 3814 οὖν
2906 3761 3033 3827 δόξα
3058 3762 3091 3831 ἡ
3118 3759 3216 3831 μέν
3240 3775 3325 3821 τις
3355 3756 3577 3827 φυσικὴ,
3603 3756 3682 3819 ὡς

2101 3858 2228 3925 δόξα
2276 3857 2427 3928 ἡλίου
2460 3856 2522 3909 τὸ
2572 3855 2721 3923 φῶς·
2757 3857 2790 3921 ἡ
2825 3853 2885 3906 δέ.
2921 3869 3006 3916 τις
3055 3850 3275 3915 ἔξωθεν,
3308 3852 3342 3920 ἠ
3377 3850 3442 3901 ὲκ
3482 3864 3682 3918 προαι-

2106 3950 2339 4020 ρέσεως,
2376 3947 2717 4019 κεκριμένως
2747 3943 2859 4016 (52)
2903 3947 3013 4006 τοῖς
3058 3941 3229 4007 ἀξίοις
3270 3938 3682 4010 προσαγομένη.

2101 4040 2274 4110 Διπλῆ
2303 4039 2360 4092 δὲ
2381 4039 2477 4092 καὶ
2504 4035 2666 4106 αῦτη.
2688 4035 2818 4101 Υἱὸς
2840 4034 2975 4104 γὰρ,
3004 4032 3158 4102 φησὶ,
3184 4030 3414 4096 δοξάζει
3433 4029 3681 4098 πατέρα,

2104 4131 2202 4186 καὶ
2232 4130 2454 4195 δοῦλος
2484 4127 2592 4181 τὸν
2631 4126 2842 4194 κύριον
2890 4124 3100 4178 αὐτοῦ.
3149 4123 3368 4175 Τούτων
3414 4120 3593 4173 τοίνυν
3645 4122 3684 4190 ἡ

2106 4224 2204 4293 μὲν
2244 4221 2466 4291 δουλικὴ
2507 4218 2663 4290 παρὰ
2703 4219 2802 4288 τῆς
2850 4217 3079 4279 κτίσεως
3125 4214 3491 4285 προσάγεται·
3527 4215 3562 4284 ἡ
3600 4212 3680 4277 δὲ,

2104 4314 2171 4368 ἵν’
2204 4313 2375 4377 οὕτως
2405 4311 2564 4375 εἴπω,
2605 4310 2857 4379 οἰκειακὴ
2895 4309 3048 4379 παρὰ
3084 4307 3176 4359 τοῦ
3219 4305 3541 4376 Πνεῦματος
3587 4305 3683 4357 ἐκ·

2104 4403 2426 4476 πληροῦται.
2465 4403 2553 4466 Ὠς
2590 4402 2700 4475 γὰρ
2746 4400 2877 4472 περὶ
2925 4398 3119 4453 ἑαυτοῦ
3166 4398 3380 4467 ἔλεγεν·
3426 4395 3566 4465 Ἐγώ
3607 4412 3686 4449 σε

2102 4496 2372 4561 ἐδόξασα
2400 4495 2499 4548 ἐπὶ
2532 4493 2641 4563 τῆς
2664 4491 2798 4563 γῆς,
2830 4491 2897 4545 τὸ
2929 4491 3107 4560 ἔργον
3131 4490 3450 4543 ἐτελείωσα
3481 4487 3512 4540 ὃ
3536 4485 3684 4541 ἐδω-

426 4593 566 4650 dixit
595 4614 608 4649 :
647 4592 759 4663 Ego
800 4604 848 4647 te
867 4591 1163 4663 gloriﬁcavi
1201 4606 1358 4660 super
1402 4598 1625 4650 terram,
1652 4604 1780 4656 opus
1805 4588 2001 4657 perfeci

2108 4587 2218 4653 κάς
2239 4604 2341 4656 μοι
2366 4586 2467 4639 ἵνα
2501 4583 2766 4653 ποιήσω·
2807 4579 2953 4634 οὓτω
2983 4583 3077 4634 καὶ
3110 4581 3237 4649 περὶ
3268 4576 3360 4631 τοῦ
3392 4576 3687 4650 Παρακλή-

423 4685 564 4756 qztod
600 4686 793 4741 dedisti
825 4686 954 4739 mihi
996 4694 1053 4737 ut
1084 4684 1387 4753 perﬁcerent
1414 4681 1460 4713 ⁸³
1488 4699 1504 4746 ;
1539 4682 1620 4736 sic
1648 4689 1702 4734 et
1737 4681 1804 4735 de
1836 4679 2002 4732 Para-

427 4777 568 4833 cleto
584 4779 792 4834 dictum
811 4786 895 4833 est
919 4795 934 4832 :
956 4775 1053 4831 Ille
1080 4792 1159 4829 me
1180 4772 1523 4845 glori/icabit,
1547 4772 1797 4841 quoniam
1814 4770 1877 4825 de
1893 4788 2001 4825 meo

426 4869 671 4934 accipiet,
700 4880 751 4924 et
776 4866 1116 4922 annuntiabit
1142 4865 1288 4920 vobis
1318 4864 1388 4918 “.
1425 4863 1491 4918 Et
1539 4863 1999 4933 quemadmodum

426 4957 604 5016 Filius
640 4962 982 5033 glorificatur
1013 4974 1043 5013 a
1074 4957 1256 5021 Patre,
1295 4957 1388 5028 qui
1435 4957 1531 5021 ait,
1578 4955 1647 5009 Et
1683 4956 1999 5026 gloriﬁcavi.

498 5094 544 5126 ⁸⁹
588 5094 745 5148 Rom.
782 5110 902 5157 vui,
935 5092 992 5148 9.
1064 5093 1112 5126 ⁸³
1147 5089 1305 5146 Joan.
1344 5108 1459 5157 xw,
1500 5092 1586 5146 M.
1663 5092 1709 5122 ⁸²⁵
1744 5092 1972 5146 Malach.
2008 5110 2043 5155 ι,
2081 5092 2134 5148 6.

501 5212 616 5278 (47)
654 5212 750 5277 Ὠς
791 5212 902 5282 γὰρ
934 5209 1023 5279 εἷς
1068 5211 1289 5281 Πατήρ.
1341 5210 1697 5282 νοοιιιαγάρ
1728 5209 1911 5282 addita
1936 5227 2008 5282 ex

428 5283 708 5338 veteribus
739 5280 895 5339 libris
954 5283 1124 5338 Paulo
1158 5293 1282 5352 post
1313 5292 1426 5337 tres
1452 5280 1671 5352 codices
1700 5280 1762 5333 τὸ
1791 5280 2007 5351 μοναδι-

433 5353 551 5424 κόν,
573 5352 776 5424 melius
804 5355 1131 5424 quamediti
1160 5350 1258 5407 τὸν
1294 5350 1600 5424 μοναδικόν.

505 5422 617 5492 (48)
646 5423 716 5475 At
749 5423 1109 5491 ἀποδείξεις.
1165 5425 1257 5477 Sic
1297 5422 1370 5478 ex
1398 5422 1676 5479 omnibus
1724 5422 2008 5477 codicibus

2107 4696 2234 4733 του⁸
2274 4679 2535 4745 Ἐκεῖνος
2570 4676 2675 4747 ἐμὲ
2701 4675 2981 4741 δοξάσει,
3019 4674 3109 4727 ὅτι
3136 4673 3204 4726 ἐκ
3245 4672 3351 4726 τοῦ
3394 4671 3541 4741 ἐμοῦ
3575 4671 3687 4738 λή-

2109 4775 2285 4839 ψεται
2307 4770 2442 4841 (55),
2474 4768 2574 4823 καὶ
2599 4765 2922 4837 ἀναγγελεῖ
2952 4765 3116 4836 ὑμῖν.
3151 4765 3262 4818 Καὶ
3299 4764 3374 4827 ὡς
3400 4762 3685 4830 δοξάζεται

2110 4865 2239 4928 Υἱὸς
2265 4863 2416 4935 παρὰ
2441 4862 2535 4916 τοῦ
2563 4862 2796 4934 Πατρδς,
2822 4861 3069 4930 λέγοντος
3090 4878 3103 4891 ·
3135 4859 3244 4914 Καὶ
3265 4858 3549 4923 ἐδόξασα,
3585 4859 3683 4910 καὶ

2110 4958 2297 5012 πάλιν
2317 4957 2587 5022 δοξάσω·
2625 4957 2768 5010 οῦτω
2795 4956 3078 5022 δοξάζεται
3106 4955 3167 5008 τὺ
3199 4953 3423 5023 Πνεῦμα
3455 4952 3546 5006 διὰ
3586 4951 3688 5021 τῆς

2245 5093 2292 5126 ⁸³
2330 5092 2490 5147 Joan.
2534 5109 2667 5157 xvn,
2694 5094 2748 5147 4.
2846 5094 2894 5125 ⁸⁸
2930 5091 3089 5146 Joan.
3131 5107 3242 5154 xvi,
3276 5091 3365 5144 Μ.

2194 5210 2304 5279 (51)
2346 5212 2408 5266 Ἠ
2457 5210 2674 5275 κτίσις.
2738 5209 2831 5265 Sic
2873 5225 2965 5264 sex
3011 5224 3143 5279 mss.
3187 5206 3406 5279 codices
3440 5222 3452 5259 :
3489 5203 3621 5279 editi
3651 5204 3685 5274 ἡ

2115 5275 2348 5355 γεννητῇ
2380 5280 2559 5355 φῦσις.
2594 5280 2671 5355 [ἔκ
2702 5278 3212 5355 iisdenrcodioibus
3240 5276 3564 5355 paule~post
3603 5275 3683 5328 le-

2115 5346 2293 5422 gimus
2323 5346 2405 5405 liis
2431 5350 2647 5422 ἑαυτοῦ,
2675 5367 2800 5422 cum
2833 5350 2964 5404 editi
2992 5349 3256 5422 haberent
3279 5346 3465 5399 αὐτοῦ.

2183 5421 2296 5491 (52)
2328 5418 2712 5491 Κεκριμένως.
2765 5418 2900 5487 Reg.
2946 5419 3142 5491 tertius
3189 5416 3264 5479 ὡς
3316 5413 3678 5491 κεκριμένως.

432 5486 534 5577 pro
559 5486 625 5547 eo
648 5494 803 5577 quod
838 5486 1047 5577 eratin
1068 5486 1251 5577 'editis
1293 5497 1326 5564 ἠ
1351 5493 1651 5577 ,ἀπόδειξις
1691 5492 1858 5575 Paulo
1888 5503 2001 5562 post

2114 5486 2314 5577 lhiilgp
2500 5486 2693 5577 tertius
2718 5486 3037 5577 connexion;
3063 5486 3470 5577 προσαγομένηᾶ

434 5561 599 5618 iidem
628 5561 848 5633 Codices
876 5565 937 5616 οὐ
967 5564 1261 5633 γεννητῶς,
1299 5561 1359 5616 ed
1389 5566 1425 5617 ti
1458 5562 1579 5616 οὐδὲ
1604 5561 1896 5633 γεννητῶς.

506 5633 616 5700 (49)
660 5632 959 5706 ᾎρῤήτου.
980 5620 1157 5706 ᾟιιιίε
1185 5620 1261 5688 εἶ
1285 5634 1468 5705 Regiis
1499 5620 1882 5706 υιιηὶεοιίιετί.
1908 5634 2006 5706 ἀρ-

434 5706 633 5775 ρήτως.
668 5702 836 5775 Paulo
864 5712 987 5775 post
1018 5702 1221 5775 Regius
1234 5702 1475 5775 quartus
1504 5705 1893 5775 οξκειούμενον.

507 5774 616 5841 (50)
650 5772 753 5827 Διὰ
795 5774 989 5829 τοῦτο.
1023 5773 1203 5829 Editio
1233 5773 1601 5846 Paris._adilit
1636 5772 1818 5846 φησίν,
1855 5773 1998 5845 quod

434 5845 587 5900 abest
617 5860 648 5898 a
681 5845 962 5901 codicibus
994 5859 1125 5902 mss.
1155 5852 1207 5900 et
1237 5844 1366 5900 edit.
1406 5843 1569 5898 Basil.

2185 5562 2296 5626 (53)
2328 5553 2614 5629 Λήίψεται.
2649 5560 2785 5614 Tres
2830 5553 2980 5628 Regii
3019 5553 3398 5629 co_dices'cum

2111 5625 2613 5702 ).ap.6dv5t.'Paulo
2651 5639 2775 5702 post
2801 5625 2947 5702 umis
2979 5645 3044 5683 ex
3073 5626 3262 5702 Regiis
3284 5625 3675 5702 cquolltert.

2110 5692 2203 5754 καῖ
2225 5702 2344 5772 ἐγὼ
2367 5701 2594 5765 ὲδόξασά
2617 5692 2699 5772 σε.
2728 5698 2873 5754 Infra
2898 5697 3032 5772 Reg.
3059 5692 3334 5756 secundus
3359 5695 3422 5748 δι’
3445 5692 3680 5765 ἀοράτου

2109 5771 2391 5843 δυνάμεως
2420 5771 2770 5844 φωτιστικῆς.
