3972 6218
341 393 451 451 553
1486 396 1685 450 LIBER
1728 395 1815 449 DE
1854 395 1909 449 SI

2041 395 2127 452 TU
2163 396 2449 453 SANCTO.
3508 399 3609 455 154

340 507 486 577 πρὸς
531 508 759 578 Πατέρα
800 509 894 560 καὶ
942 507 1071 561 Υίὸν
1110 507 1421 571 κοινωνίας,
1453 510 1545 562 καὶ
1586 509 1673 561 διὰ
1709 513 1807 579 τῆς
1842 527 1908 562 το

2041 519 2092 563 et
2135 510 2324 563 iterum
2367 508 2679 581 glori/icabo
2710 507 2757 539 ⁸⁷
2814 526 2827 561 :
2874 505 2955 562 sic
3000 506 3340 577 gloriﬁcatur
3376 505 3609 576 Spiritus

339 598 694 667 Μονογενοῦς
759 599 1086 670 μαρτυρίας,
1138 600 1418 667 λέγοντος·
1470 600 1643 655 Πᾶσα
1682 601 1907 668 ἁμαρτία

2042 616 2136 671 per
2166 602 2510 657 consortium
2541 599 2688 671 quod
2723 598 2888 654 habet
2931 614 3058 654 cum
3091 596 3250 653 Patre
3274 606 3329 651 et
3367 597 3528 657 Filio.
3556 607 3610 654 et

335 692 439 745 καὶ
482 692 867 760 βλασφημιά
927 691 1291 761 ἀφεθήσεται
1340 691 1483 761 ὑμῖν
1527 693 1652 758 τοῖς
1708 692 1903 761 ἀνθρώ

2041 708 2134 763 per
2181 691 2461 764 Unigeniti
2507 692 2918 755 testimonium,
2952 691 3191 746 dicentis
3229 709 3243 744 :
3283 689 3450 746 Omne
3493 705 3609 752 pec-

334 779 512 848 ποιςξ
526 785 573 851 ἡ
594 782 663 837 δὲ
697 783 804 837 τοῦ
824 784 1166 853 Πνεύματος
1195 784 1560 853 ,ϐλασφημία
1579 786 1688 837 οὐκ
1706 781 1897 851 ἀφεθή

2040 793 2213 837 catum
2239 793 2288 838 et
2311 783 2633 853 blasphemia
2656 786 2950 839 remittetur
2971 780 3114 837 vobis
3165 781 3485 846 hominibus,
3518 780 3608 834 sed

332 892 537 929 σεται.

2033 874 2087 928 in
2122 872 2384 941 Spiritum
2417 874 2747 943 blasphemia
2775 891 2879 929 non
2911 874 3206 928 remittetur
3242 871 3309 927 ⁸⁸.

403 968 499 1022 47.
543 969 768 1040 Ἐπειδὴ
794 970 853 1022 δὲ
872 969 963 1023 διὰ
991 968 1270 1040 δυνάμεως
1292 971 1625 1041 φωτιστικῆς
1646 969 1723 1041 τῷ
1745 970 1929 1025 κάλλει

2099 966 2191 1020 47.
2237 965 2377 1021 Cum
2413 974 2595 1021 autem
2644 981 2743 1036 per
2781 968 2892 1021 vim
2941 964 3388 1020 illuminatricem
3426 962 3606 1016 inten-

329 1063 434 1129 τῆς
468 1058 575 1111 τοῦ
597 1059 738 1112 Θεοῦ
766 1059 862 1113 τοῦ
903 1060 1134 1131 ἀοράτου
1165 1059 1370 1123 εἰκόνος
1407 1060 1803 1131 ὲνατενίξομεν,
1836 1079 1897 1115 κα

2038 1053 2213 1109 dimus
2253 1055 2445 1111 oculos
2491 1055 2548 1109 in
2587 1055 3056 1126 pulchritudinem
3096 1054 3354 1123 imaginis
3383 1050 3481 1106 Dei
3524 1053 3606 1104 in-

328 1148 396 1200 δι⁹
430 1150 615 1219 αὐτῆς
646 1149 963 1220 ἁναγὸμεθα
1006 1151 1098 1204 ἐπὶ
1139 1152 1199 1205 τὸ
1230 1150 1534 1222 ὑπέρκαλον
1562 1151 1655 1204 τοῦ
1693 1151 1894 1222 ἀρχετύ

2034 1145 2285 1210 visibilis,
2332 1160 2539 1216 perque
2587 1147 2731 1201 hanc
2783 1146 3143 1202 subvehimur
3187 1145 3256 1199 ad
3296 1144 3602 1213 pulcherri-

331 1258 434 1292 που
472 1241 687 1311 θέαμα,
719 1242 885 1295 αὑτοῦ
923 1260 1024 1296 που
1065 1242 1326 1314 πάρεστιν
1367 1243 1685 1315 ἀχωρίστως
1720 1243 1781 1297 τὺ
1824 1244 1899 1313 τῆη

2034 1251 2175 1291 mum
2224 1237 2600 1306 spectaculum
2638 1236 2964 1308 archetypi;
3020 1236 3096 1290 ibi
3144 1236 3404 1292 videlicet
3445 1232 3602 1289 adest

328 1329 603 1397 γνώσεως
630 1333 740 1401 (5-4)
784 1332 1039 1404 Πνεῦμα,
1085 1334 1181 1404 τὴν
1233 1335 1538 1405 ὲποπτικὴν
1578 1334 1678 1405 τῆς
1720 1334 1893 1387 είκόνο

2032 1326 2467 1397 inseparabiliter
2504 1327 2839 1398 cognitionis
2888 1326 3151 1397 Spiritus.
3190 1327 3301 1381 vim
3346 1326 3600 1396 imaginis

327 1421 575 1490 δύναμιν
620 1424 679 1475 ἐν
725 1422 903 1492 ἐαυτῷ
949 1424 1319 1495 παρεχόμενον
1359 1427 1470 1488 τοῖς
1521 1424 1620 1492 τῆς
1667 1423 1891 1494 ἀληθεία

2031 1422 2416 1491 speculativam
2464 1421 2521 1476 in
2560 1424 2744 1493 seipso
2786 1423 3054 1478 exhibens
3094 1423 3188 1485 iis,
3225 1423 3320 1493 qui
3353 1423 3599 1477 veritatis

329 1514 755 1585 φιλοθεάμοσιν,
786 1517 889 1568 οὐκ
911 1514 1107 1579 ἔξωθεν
1131 1516 1230 1585 τὴν
1254 1516 1417 1582 δεῖξιν
1441 1515 1780 1584 ποιούμενον,
1807 1515 1897 1568 ἁλὶ

2029 1514 2482 1583 contemplatione
2529 1514 2915 1582 delectantur;
2955 1531 3064 1570 non
3107 1514 3244 1570 loris
3278 1513 3597 1577 ostendens,

326 1607 386 1658 ὲν
414 1606 610 1677 ἑαυτῷ
640 1610 863 1676 εἰσάγον
892 1608 1031 1678 πρὸς
1056 1606 1154 1678 τὴν
1195 1607 1511 1676 ἐπίγνωσιν.
1563 1607 1651 1669 Ὠς
1679 1607 1789 1677 γὰρ
1826 1607 1885 1658 οὐ

2031 1604 2116 1660 sed
2157 1604 2214 1659 in
2268 1606 2450 1675 seipso
2503 1605 2770 1661 inducens
2812 1606 2878 1660 ad
2922 1607 3279 1677 agnitionem.
3327 1603 3599 1671 Quemad-

323 1697 438 1759 δεῖς
484 1695 603 1751 οἶδε
650 1699 741 1752 τὸν
790 1700 1011 1769 Πατέρα
1043 1701 1091 1751 εί
1129 1700 1203 1770 μὴ
1248 1700 1277 1752 ὁ
1329 1698 1490 1762 Υἱὸς,
1527 1698 1698 1759 οὕτως
1746 1699 1887 1751 οὐδεὶ

2024 1697 2241 1752 modum
2274 1699 2419 1753 enim
2450 1713 2612 1753 nemo
2659 1700 2811 1754 novit
2853 1698 3072 1754 Patrem
3114 1701 3223 1754 nisi
3269 1697 3444 1754 Filius
3480 1698 3527 1732 ”
3579 1717 3592 1753 :

324 1790 560 1843 δύναται
603 1794 779 1845 εἰπεῖν
825 1792 1030 1863 Κύριον
1093 1789 1300 1861 Ἰησοῦν
1346 1792 1393 1843 εί
1424 1790 1497 1861 μὴ
1540 1792 1599 1842 ὲν
1641 1789 1892 1862 Πνεῦματ

2026 1788 2101 1844 sic
2130 1789 2312 1843 nullus
2358 1798 2541 1860 potest
2590 1789 2774 1845 dicere
2813 1790 3101 1845 Dominum
3148 1789 3358 1853 Jesum,
3401 1789 3507 1843 nisi
3540 1789 3594 1843 in

324 1881 492 1951 ἁγίῳ.
545 1884 625 1937 Οὐ
671 1884 810 1954 γὰρ,
839 1884 939 1937 Διὰ
969 1884 1311 1954 Πνεύματος,
1356 1883 1590 1953 εἴρηται,
1637 1880 1772 1945 ἀλλ’,
1815 1883 1892 1935 ’Ei

2027 1877 2229 1948 Spiritu
2261 1886 2456 1935 sancto
2481 1880 2549 1935 ⁸⁸.
2585 1879 2701 1937 Non
2747 1880 2891 1935 enim
2941 1881 3151 1935 dictum
3186 1887 3288 1946 est,
3326 1879 3431 1934 Per
3465 1878 3595 1949 Spi-

325 1974 669 2042 Πνεύματι·
715 1972 831 2038 καὶ,
864 1972 1107 2043 Πνεῦμα
1133 1975 1168 2026 ὁ
1200 1971 1376 2037 Θεόςο
1416 1969 1512 2024 καὶ
1552 1969 1693 2035 τοὺς
1724 1985 1893 2037 προσ·

2023 1969 2201 2027 ritum.
2246 1972 2362 2036 sed,
2422 1969 2487 2025 In
2518 1969 2720 2040 Spiritu
2749 1990 2768 2037 ;
2797 1981 2872 2036 et,
2914 1971 3147 2043 Spiritus
3189 1981 3268 2027 est
3314 1970 3501 2034 Deus;
3543 1981 3591 2025 et

323 2058 680 2125 κυνοῦντας
720 2062 908 2113 αὐτόν
954 2060 1024 2114 ὲν
1058 2061 1355 2129 Πνεύματι
1400 2058 1497 2111 καὶ
1542 2058 1792 2126 ἀληθείᾳ
1825 2059 1891 2113 δε

2030 2059 2100 2120 yui
2141 2059 2371 2112 adorant
2395 2075 2535 2124 eum,
2565 2061 2619 2113 in
2652 2058 2853 2128 Spiritu
2882 2070 2931 2113 et
2960 2062 3179 2114 ueritate
3220 2065 3422 2129 oportet
3464 2062 3598 2117 ado~

322 2152 742 2218 προσκυνεῖν
781 2152 966 2216 καθὼς
997 2153 1340 2226 γέγραπται·
1377 2153 1481 2206 Ἐν
1509 2149 1588 2216 τῷ
1618 2151 1768 2220 φωτί
1796 2167 1890 2204 σοι

2025 2166 2131 2204 ναι-ε
2192 2150 2269 2217 ⁹¹;
2325 2150 2468 2206 sicut
2512 2151 2779 2221 scriptum
2806 2161 2893 2207 est
2933 2172 2947 2207 :
2984 2151 3048 2206 In
3093 2153 3292 2208 lumine
3333 2163 3424 2207 tuo
3449 2156 3593 2209 uide-

323 2240 604 2309 ὁψόμεθα
637 2240 763 2309 φῶς
783 2258 798 2271 °
827 2240 1121 2307 τουτέστιν,
1149 2243 1207 2294 ὲν
1231 2241 1309 2312 τῷ
1336 2241 1599 2311 φωτισμῷ
1624 2240 1717 2293 τοῦ
1744 2240 1891 2292 Πνεύ·

2023 2240 2182 2296 bimus
2210 2242 2382 2296 lumen
2412 2244 2459 2275 ⁹¹
2487 2260 2501 2309 ;
2542 2243 2647 2298 hoc
2679 2251 2787 2306 est,
2820 2245 2875 2298 in
2904 2244 3281 2299 illustratione
3315 2245 3556 2314 Spiritus
3576 2288 3591 2310 ,

325 2349 522 2402 ματος,
554 2331 684 2398 Φῶς
708 2332 775 2386 τὸ
806 2332 1120 2400 ἀληθινὸν,
1154 2331 1185 2384 ὃ
1218 2330 1444 2401 φωτίζει
1474 2331 1668 2383 πάντα
1692 2329 1893 2397 ἅνθρω

2026 2332 2210 2388 Lumen
2236 2350 2436 2400 verum,
2467 2336 2607 2405 quod
2655 2335 2929 2389 illuminat
2972 2353 3177 2391 omnem
3220 2336 3481 2393 hominem
3507 2356 3594 2393 ue‘

321 2437 440 2477 πον
472 2424 814 2493 ἐρχόμενον
853 2426 941 2490 εἰς
985 2423 1093 2477 τὸν
1132 2423 1382 2493 κόσμον.
1423 2423 1585 2475 Ὥστε
1632 2423 1692 2474 ἐν
1736 2422 1889 2491 eam]

2024 2424 2237 2478 tientem
2265 2425 2321 2478 in
2349 2424 2604 2479 mundum
2650 2425 2719 2480 ”.
2764 2426 2950 2497 Itaque
2992 2426 3049 2482 in
3106 2429 3289 2497 seipso
3350 2430 3592 2483 ostendit

319 2516 567 2569 δείκνυσι
595 2516 697 2586 τὴν
728 2515 887 2582 δόξαν
932 2514 1024 2569 τοῦ
1056 2514 1415 2585 Μονογενοῦς,
1456 2515 1550 2567 καὶ
1577 2516 1689 2577 τοῖς
1720 2512 1887 2581 ἀληθιι

2023 2512 2291 2583 Unigeniti
2319 2514 2578 2585 gloriam,
2609 2523 2663 2570 et
2700 2517 2847 2572 veris
2879 2516 3263 2571 adoratoribus
3312 2520 3365 2571 in
3409 2519 3591 2587 seipso

321 2607 431 2669 νοίς
481 2607 898 2676 προπυνηταῖς
935 2605 992 2659 ὲν
1030 2602 1208 2673 ἐαυτῷ
1247 2603 1345 2674 τὴν
1391 2602 1485 2655 τοῦ
1533 2601 1666 2655 Θεοῦ
1711 2601 1889 2669 γνῶσιε

2022 2603 2106 2658 Dei
2138 2604 2505 2675 cognitionem
2532 2606 2756 2676 praebet.
2790 2607 3024 2663 Proinde
3052 2608 3138 2662 via
3171 2610 3237 2661 ad
3282 2607 3374 2662 Dei
3404 2610 3590 2678 cogni-

320 2697 655 2767 παρέχεται.
686 2698 751 2750 Ἦ
779 2696 958 2750 τοίνυν
992 2695 1109 2760 ὁδὸς
1141 2696 1241 2767 τῆς
1270 2694 1594 2764 θεογνωσίας
1629 2694 1776 2746 ἐστὶν
1804 2694 1888 2745 ἀπὶ

2023 2696 2215 2749 Lionem
2261 2702 2347 2750 est
2397 2696 2466 2750 ab
2510 2712 2622 2752 uno
2657 2697 2886 2767 Spiritu,
2932 2711 3031 2766 per
3067 2712 3236 2751 unum
3282 2696 3481 2749 Filium
3520 2695 3591 2749 ad

320 2790 438 2855 ἑνὸς
472 2790 803 2861 Πνεῦματος
830 2788 919 2842 διὰ
961 2788 1055 2841 τοῦ
1098 2787 1215 2851 ἑνὸς
1244 2786 1376 2840 Υίοῦ
1408 2786 1500 2838 ἐπὶ
1525 2786 1617 2838 τὸν
1660 2785 1756 2838 ἕνα
1793 2785 1888 2837 Πα-

2024 2801 2182 2839 mum
2225 2785 2466 2841 Patrem.
2517 2788 2597 2841 Ac
2626 2803 2843 2851 rursus,
2868 2788 3055 2841 nativa
3098 2787 3318 2842 bonitas
3346 2794 3400 2841 et
3430 2793 3592 2840 natu-

318 2883 471 2953 τέρα.
515 2882 630 2934 Καὶ
653 2881 942 2941 ἀνάπαλιν,
970 2882 1003 2950 ἡ
1035 2878 1234 2949 φυσικὴ
1261 2877 1553 2947 ἁγαθότης,
1585 2878 1680 2932 καὶ
1717 2878 1744 2929 ὁ
1770 2893 1886 2928 κατέ

2024 2876 2147 2931 ralis
2186 2877 2553 2932 sanctimonia
2598 2885 2653 2932 et
2701 2879 2908 2949 regalis
2940 2878 3182 2948 dignitas
3213 2894 3277 2932 ex
3307 2877 3592 2948 Patreper

322 2975 484 3045 φύσιν
515 2975 806 3045 ἁγιασμὸς,
837 2973 934 3027 καὶ
971 2973 1031 3026 τὸ
1064 2971 1341 3043 βασιλικὸν
1362 2970 1580 3040 ἀξίωμα
1602 2970 1667 3022 ὲκ
1696 2968 1890 3039 Πατρὸε

2024 2966 2363 3039 Unigenitum
2415 2971 2482 3023 ad
2529 2968 2796 3040 Spiritum
2843 2979 3151 3042 permanat.
3185 2972 3266 3024 Ad
3298 2970 3445 3024 hunc
3472 2985 3592 3025 mo-

317 3063 405 3118 διὰ
441 3063 544 3116 τοῦ
579 3061 921 3131 Μονογενοῦς
950 3061 1041 3114 ἐπὶ
1070 3061 1130 3114 τὸ
1154 3059 1377 3130 Πνεῦμα
1408 3058 1601 3128 διήκει.
1631 3056 1786 3110 Οὕτω
1817 3074 1885 3109 κα

2022 3061 2139 3115 ium
2161 3068 2215 3115 et
2239 3061 2565 3132 hypostases
2592 3061 2936 3132 proﬁtemur,
2961 3078 3064 3117 nec
3086 3063 3236 3131 pium
3259 3061 3590 3116 monarchia:

320 3156 375 3209 αἱ
413 3155 748 3217 ὑποστάσεις
780 3152 1197 3224 ὁμολογοῦνται,
1239 3152 1333 3205 καὶ
1365 3151 1424 3205 τὺ
1471 3149 1693 3211 εὐσεϐὲς
1731 3150 1888 3220 δόγμα

2021 3151 2205 3221 logma
2250 3153 2634 3208 labefactatur.
2677 3151 2948 3207 Caeterum
3003 3153 3096 3223 qui
3147 3153 3589 3208 sulmumeratio-

320 3207 415 3315 τῆς
445 3207 753 3316 μοναρχίαξ
784 3207 846 3297 οῦ
884 3207 1196 3298 διαπίπτειί
1215 3244 1278 3297 Οἱ
1319 3244 1375 3296 δὲ
1409 3242 1506 3313 τὴν
1533 3207 1888 3313 ὐπαρίομγξσιπ

2020 3260 2132 3298 nem
2160 3253 2395 3314 ponunt,
2436 3245 2683 3300 dicentes
2722 3246 2982 3315 primum,
3015 3245 3318 3300 secundum
3369 3260 3434 3300 ac
3476 3256 3588 3301 tcr-

320 3336 375 3388 ὲν
412 3335 499 3406 τῷ
529 3335 748 3406 πρῶτον
789 3336 883 3388 καί
916 3333 1166 3403 δεύτερον
1194 3334 1288 3386 καὶ
1323 3333 1504 3402 τρίτον
1540 3332 1719 3400 λέγειν
1759 3330 1888 3383 τιθέ-

2018 3334 2189 3398 tium,
2235 3335 2416 3391 sciant
2458 3350 2583 3391 sese
2633 3337 2863 3390 deorum
2919 3336 3328 3390 multitudinem
3356 3377 3372 3402 ,
3427 3336 3586 3405 juxta

322 3444 474 3497 μενοι
519 3426 981 3497 γνωριζέσθωσαν
1024 3425 1088 3478 τὸ
1142 3424 1401 3477 πολύθεον
1449 3424 1547 3494 τῆς
1590 3422 1890 3493 Ἑλληνικῆς

2022 3425 2249 3496 gentium
2286 3441 2556 3491 errorem,
2603 3428 2658 3480 in
2709 3427 2978 3481 illibatam
3015 3424 3450 3481 Christianorum
3479 3426 3590 3499 ω

319 3516 533 3587 πλάνης
563 3519 632 3588 τῇ
667 3516 921 3587 ἀχράντῳ
939 3515 1186 3587 θεολογίᾳ
1214 3515 1322 3569 τῶν
1346 3513 1687 3588 Χριστιανῶν
1719 3516 1876 3567 ὲπεισ

2021 3519 2339 3589 .heologiam
2382 3519 2664 3575 inducere.
2716 3520 2798 3575 Ad
2854 3521 2993 3575 nihil
3031 3522 3175 3576 enim
3220 3520 3369 3574 aliud
3411 3522 3589 3576 tendit

320 3610 570 3679 ἄγοντες.
607 3612 702 3672 Εἰς
739 3609 890 3661 οὐδὲν
916 3607 1028 3680 γὰρ
1077 3607 1262 3680 ἕτερον
1290 3606 1444 3677 φέρει
1468 3607 1567 3677 τῆς
1592 3605 1888 3675 ὑπαριθμή-

2020 3610 2521 3666 suhnumerationis
2569 3610 2760 3666 dolosa
2805 3611 3077 3679 inventio,
3110 3622 3276 3682 Quam
3321 3619 3381 3665 ut
3421 3614 3588 3681 proli-

322 3719 461 3767 σεως
495 3700 560 3754 τὸ
605 3698 1073 3770 κακούργημα,ῆ
1121 3697 1261 3751 ὥστε
1318 3697 1536 3769 πρῶτον
1576 3697 1669 3749 καὶ
1722 3694 1890 3748 δεύτε-

2017 3706 2218 3754 teamur
2248 3697 2417 3753 Deum
2446 3698 2703 3769 primum,
2737 3699 3039 3755 secundum
3090 3714 3156 3754 ac
3197 3699 3444 3755 tertium.
3477 3697 3585 3755 Sed

327 3812 416 3866 ρον
461 3793 599 3847 Θεὸν
642 3792 776 3862 (55)
829 3792 925 3843 καί
976 3790 1158 3862 τρίτον
1214 3790 1513 3859 ὁμολογεῖν.
1584 3787 1722 3841 Ἀλλ’
1775 3789 1895 3859 ἡμῖν

2014 3789 2167 3845 nobis
2207 3789 2407 3844 suﬂicit
2448 3805 2479 3844 a
2525 3788 2759 3845 Domino
2802 3791 3157 3861 praescriptus
3206 3790 3363 3852 ordo,
3419 3806 3582 3861 quem

321 3884 572 3958 ἀρκοῦσα
604 3885 639 3954 ἡ
671 3882 823 3952 παρὰ
856 3881 954 3935 τοῦ
993 3881 1200 3952 Κυρίου
1238 3881 1549 3935 ὲπιτεοεῖσα
1592 3880 1889 3935 ἀκολουθία.

2017 3881 2101 3951 qui
2137 3880 2439 3958 confundet
2486 3887 2595 3937 non
2646 3883 2831 3938 minus
2874 3882 3147 3952 peccabit,
3194 3896 3358 3952 quam
3396 3892 3585 3953 peccat

321 3976 387 4047 ἢν
436 3976 467 4029 ὁ
520 3973 771 4044 συγχέων
820 3974 919 4026 οὐκ
967 3972 1185 4027 ἔλαττον
1245 3973 1347 4044 τῆς
1400 3972 1604 4026 τούτων
1656 3971 1889 4034 ἀσεϐείας

2020 3984 2253 4047 .storunt
2285 3977 2559 4047 impietas.
2595 3976 2753 4043 Quod
2792 3992 2922 4047 ergo
2952 3977 3226 4032 naturalis
3264 3977 3588 4031 communio

323 4068 734 4139 παρανομήσει.
779 4066 898 4118 Ὀτι
938 4065 1036 4136 μὲν
1070 4060 1163 4118 οὖν
1191 4064 1364 4129 οὐδὲν,
1402 4065 1476 4128 ὡς
1517 4060 1659 4118 οὗτοι
1701 4065 1891 4118 πεπλά-

2010 4043 2381 4137 ηριιιιοίιῆοιη-
2426 4066 2590 4121 modo
2661 4043 3172 4122 subnumerationis
3240 4066 3578 4126 dissolvitur.

325 4174 536 4229 νηνται,
571 4159 605 4226 ἡ
667 4155 808 4209 κατὰ
839 4153 938 4225 τὴν
980 4154 1141 4224 φύσιν
1169 4154 1420 4208 κοινωνία
1455 4154 1532 4226 τῷ
1578 4155 1764 4227 τρόπῳ
1807 4155 1893 4225 τῆς

2015 4160 2157 4214 velut
2204 4159 2297 4214 isti
2346 4158 2583 4213 errando
2630 4165 2844 4228 putant,
2895 4159 3031 4214 satis
3071 4159 3279 4213 dictum
3327 4167 3432 4215 est.
3475 4158 3583 4215 Sed

324 4248 762 4320 ὑπαριθμήσεως
814 4245 1188 4316 παραλύεται,
1238 4246 1437 4309 ἱκανῶς
1478 4246 1711 4318 εἴρηται.
1748 4246 1892 4299 Ἀ).λέ

2015 4252 2383 4307 concedamus
2412 4252 2685 4320 pertinaci
2720 4260 2775 4306 et
2799 4251 3040 4307 inaniter
3066 4252 3331 4323 sapienti,
3366 4252 3583 4307 demus-

326 4341 675 4410 συνέλθωμεν
701 4338 781 4409 τῷ
821 4337 1111 4409 φιλονείκῳ
1142 4337 1237 4391 καὶ
1269 4338 1646 4410 ματαιόφρονι,
1683 4338 1776 4392 καὶ
1804 4337 1894 4390 διῖμ

2014 4359 2116 4413 que
2156 4344 2211 4397 id
2258 4343 2407 4413 quod
2447 4343 2634 4414 aliquo
2666 4344 2940 4413 posterius
2982 4350 3089 4409 est,
3124 4345 3206 4399 sic
3235 4344 3489 4414 exprimi,
3521 4354 3582 4397 ut

327 4450 427 4504 μεν
452 4432 513 4485 τὸ
545 4430 799 4501 δεύτερόν
825 4427 939 4499 (56)
966 4446 1114 4492 τινος
1142 4428 1265 4482 καθ’
1296 4428 1669 4499 ὐπαρίθμησιν
1697 4429 1895 4481 ἐκείνου

2015 4435 2059 4490 ei
2088 4435 2538 4491 subnumeretur.
2574 4434 2867 4492 Videamus
2893 4437 3008 4506 jam
3051 4438 3182 4509 quid
3220 4452 3286 4492 ex
3332 4437 3436 4492 hoc
3465 4452 3583 4492 ser-

323 4523 603 4594 λέγεσθαι.
644 4520 873 4593 ’ῐδωμεν
922 4520 1104 4574 τοίνυν
1152 4518 1207 4573 τί
1250 4520 1311 4573 τὸ
1364 4520 1612 4576 ἐκϐαῖνον
1652 4519 1760 4573 ἀπὸ
1808 4519 1891 4573 τοί

2014 4542 2171 4583 mone
2209 4535 2604 4597 consequatur.
2640 4526 2882 4595 Primus,
2910 4528 3110 4599 inquit,
3139 4529 3316 4593 homo,
3347 4527 3411 4583 de
3439 4538 3582 4582 terra

322 4614 505 4686 λόγου,
564 4616 629 4668 '0
681 4612 953 4682 πρῶτος,
1026 4612 1229 4683 φησιν,
1301 4611 1610 4681 ἅνθρωπος
1671 4613 1739 4665 ἐκ
1795 4611 1890 4682 γῆς

2008 4625 2241 4673 terrenus
2282 4633 2302 4671 :
2345 4618 2608 4671 secundus
2650 4616 2805 4672 homo
2853 4617 3138 4686 Dominus,
3185 4619 3249 4673 de
3299 4619 3426 4673 coelo
3468 4617 3517 4650 “
3560 4634 3576 4678 ;

328 4709 560 4776 χοϊκός*
588 4710 622 4760 ό
651 4705 930 4773 δεύτερος
971 4703 1280 4773 ἄνθρωπος
1313 4707 1346 4757 d
1386 4705 1599 4772 Κύριος
1630 4704 1698 4769 ἐξ
1732 4707 1896 4772 eima-

2007 4713 2059 4761 et
2084 4707 2236 4774 alibi,
2277 4705 2402 4761 Non
2442 4709 2695 4777 primum,
2743 4706 2940 4779 inquit,
2971 4709 3113 4779 quod
3154 4709 3431 4778 spirituale
3475 4716 3575 4770 est,

325 4799 436 4854 νοῦ
460 4814 474 4827 ’
504 4798 601 4851 καὶ
630 4800 692 4850 ὲν
727 4796 931 4862 ἄλλοις,
958 4797 1041 4851 Οὐ
1074 4794 1328 4865 πρῶτον,
1357 4797 1509 4867 φησι,
1543 4796 1607 4849 τὸ
1646 4812 1893 4865 πνευμα-

2012 4797 2094 4852 ted
2141 4797 2281 4867 quod
2326 4798 2582 4863 animale,
2628 4797 2821 4854 deinde
2853 4799 2992 4870 quod
3037 4798 3315 4869 spirituale
3340 4799 3407 4853 ⁸⁸.
3437 4797 3580 4864 Ergo

327 4888 512 4947 τικύν.
544 4888 710 4943 ἀλλὰ
742 4888 808 4941 τὸ
835 4888 1125 4956 ψυχικὸν,
1153 4887 1359 4941 ἔπειτα
1389 4887 1455 4940 τὸ
1481 4890 1895 4956 πνευματικόν.

2011 4889 2053 4944 si
2082 4889 2262 4959 primo
2301 4889 2728 4945 subnumeratur
2777 4891 3100 4956 secundum,
3131 4891 3182 4945 id
3223 4899 3402 4945 autem
3433 4889 3579 4960 quod

329 4980 392 5033 Ei
420 4980 603 5033 τοίνυν
635 4978 715 5049 τῷ
758 4976 963 5049 πρώτῳ
1009 4977 1399 5048 ὑπαριθμεῖται
1431 4978 1489 5031 τὸ
1535 4977 1785 5049 δεύτερον
1807 5021 1821 5044 ,
1849 4978 1897 5031 τὲ

2013 4980 2457 5045 subnumeratur,
2478 4980 2642 5043 vilius
2660 4990 2744 5036 est
2760 4998 2826 5037 eo
2844 4984 2932 5036 cui
2947 4981 3367 5036 subnumeratur
3387 5001 3399 5036 :
3417 4981 3581 5051 igitur

326 5071 381 5125 δὲ
415 5071 900 5144 ὐπαριθμοῦμενον
931 5070 1253 5142 ἀτιμότερον
1297 5071 1415 5124 ἐστι
1448 5069 1541 5125 τοῦ
1566 5071 1700 5140 πρὸς
1738 5070 1767 5123 ὃ
1796 5070 1894 5140 ἔχει

2011 5072 2313 5128 secundum
2352 5086 2452 5127 vos
2484 5071 2648 5127 vilior
2674 5081 2759 5127 est
2787 5072 3093 5143 spiritualis
3121 5071 3367 5139 animali,
3397 5081 3453 5129 et
3479 5073 3579 5127 ho-

327 5165 420 5237 τὴν
443 5165 824 5237 ὑπαρίθμησιν
843 5181 858 5196 ’
887 5164 1208 5236 ἀτιμότερος
1236 5159 1329 5217 οὖν
1355 5164 1479 5217 καθ’
1511 5164 1655 5234 ὑμᾶς
1682 5162 1775 5217 τοῦ
1804 5164 1895 5233 ψυ-

1132 5180 1208 5228 >ος
1236 5159 1329 5217 οὖν
1355 5164 1479 5217 καθ’
1511 5164 1655 5234 ὑμᾶς
1682 5162 1775 5217 τοῦ
1804 5164 1909 5233 ψυ-
2009 5165 2157 5219 mine
2184 5172 2407 5219 terreno
2440 5165 2700 5220 cmlestis.

327 5256 476 5325 χικοῦ
512 5259 542 5310 ὁ
584 5256 956 5327 πνευματικὸς
977 5295 994 5324 ,
1032 5257 1128 5309 καὶ
1165 5255 1259 5309 τοῦ
1309 5254 1493 5325 χοϊκοῦ
1552 5255 1839 5327 ἀνθρώπου
1873 5259 1900 5309 ὁ
1937 5256 2258 5327 ἐπουράνιος

392 5436 437 5470 ⁸⁷
474 5433 633 5489 Joan.
688 5449 812 5496 xu,
845 5432 938 5489 28.
1013 5432 1060 5465 ³⁸
1093 5431 1280 5487 Matth.
1322 5448 1421 5496 xu,
1456 5432 1545 5486 3i.
1621 5433 1665 5465 ⁸ο
1706 5431 1894 5486 Matth.
1938 5448 2014 5491 xl,
2050 5432 2138 5486 27.
2224 5434 2269 5464 ⁹⁰
2305 5431 2323 5484 ι
2360 5428 2487 5484 Cor.
2529 5446 2627 5494 xu,
2662 5430 2713 5484 3.
2790 5432 2835 5463 "
2874 5429 3031 5484 Joan.
3077 5447 3146 5494 tv,
3181 5431 3272 5484 24.
3347 5432 3392 5464 ⁸⁸
3432 5429 3573 5485 Psal.

329 5519 485 5570 xxxv,
526 5505 615 5560 10.
715 5503 762 5537 ³⁸
797 5503 961 5559 Joan.
993 5519 1033 5569 ι,
1063 5503 1118 5559 9.
1212 5502 1261 5535 ”
1298 5501 1315 5555 I
1354 5504 1483 5558 Cor.
1524 5519 1613 5569 xv,
1644 5503 1735 5559 47.
1817 5503 1863 5534 ⁸⁸

590 5516 615 5558 l.
715 5503 762 5537 ”
797 5503 961 5559 Joan.
993 5519 1033 5569 1,
1063 5503 1118 5559 9.
1212 5502 1261 5535 ”
1298 5501 1315 5555 I
1354 5504 1483 5558 Cor.
1524 5519 1613 5569 xv,
1644 5503 1735 5559 47.
1817 5503 1863 5534 ⁸⁸
1903 5503 2032 5558 ibid.
2071 5503 2158 5558 46.

395 5659 506 5730 (54)
546 5659 665 5725 Τῆς
694 5658 995 5729 γνώσεως.
1018 5658 1173 5730 Golb.
1200 5659 1297 5730 τῆς
1328 5659 1564 5729 χάριτος.
1628 5726 1651 5730 Α
1706 5726 1715 5730 Δ

2006 5660 2196 5730 tertius
2242 5656 2549 5730 ΔἈὶᾲιῖςιῖιμῖν
2590 5655 2834 5724 ἀρκέσει.
2877 5657 3119 5711 Subinde
3161 5653 3295 5724 Reg.
3344 5662 3574 5723 quartus

391 5725 503 5815 (55)
541 5725 835 5815 afugng
875 5728 1221 5815 Qeo'rzfgditi
1252 5725 1589 5815 tr‘a‘iis‘l'ertrnt.
1761 5740 1899 5815 npost

2003 5728 2203 5815 ἱκανῶς
2230 5725 2621 5815 ἁπρδέδεικτμι.
2657 5796 2712 5815 m
2765 5795 2777 5807 O
3133 5795 3164 5815 Γ
3198 5796 3207 5804 θ
3241 5793 3263 5815 Ω
3460 5789 3485 5803 .

330 5793 523 5870 τρίτον.
568 5793 801 5857 Codices
835 5814 969 5855 mss.
1009 5807 1069 5854 ut
1099 5800 1153 5854 in
1188 5807 1464 5857 ςοηιενῑει.
1520 5798 1718 5853 Ibidem
1760 5793 1890 5868 Reg.

2068 5798 2177 5867 (56)
2211 5796 2514 5864 Δεύτερον.
2545 5797 2635 5851 Sic
2657 5795 2780 5851 libri
2805 5804 3013 5851 veteres
3040 5816 3050 5849 :
3082 5795 3210 5849 editi
3236 5793 3568 5847 δευτεοεῦον.
