3972 6218
425 329 530 385 155

1005 448 1234 507 CAPUT
1273 452 1413 510 XIX.

454 558 723 615 Aduersus
777 577 865 614 eos
915 563 1006 632 qui
1042 564 1224 639 dicunt
1264 581 1367 619 non
1403 583 1514 622 esse
1551 568 1965 639 glorificandum

1076 632 1353 702 Spiritum.

488 720 581 777 48.
618 720 712 776 Sit
740 721 848 788 ita,
884 723 1172 795 inquiunt,
1217 735 1273 782 at
1306 744 1369 783 ea
1417 729 1595 799 gloria
1641 732 1795 788 nullo
1834 743 1997 805 pacto

418 810 654 868 debetur
696 813 968 883 Spiritui,
998 826 1060 870 ut
1107 832 1138 871 a
1188 820 1348 875 nobis
1381 821 1873 891 gloriﬁcationibus
1923 826 1996 881 sit

418 904 791 961 extollendus.
824 905 982 962 Unde
1005 908 1172 979 igitur
1200 912 1488 980 probaturi
1526 929 1719 973 sumus
1756 917 1995 988 Spiritus

416 991 746 1062 dignitatem
807 996 1148 1054 intellectum
1211 1017 1428 1059 omnem
1496 1015 1883 1076 superantem,
1947 1012 1995 1067 si

417 1081 602 1142 Patris
631 1095 687 1142 et
714 1088 841 1142 Filii
873 1094 1186 1150 communio
1215 1094 1331 1151 visa
1354 1105 1440 1152 est
1469 1096 1590 1153 istis
1612 1100 1836 1157 minime
1854 1101 1996 1157 sulli-

416 1173 573 1229 ciens
603 1176 671 1231 ad
704 1177 758 1231 id
785 1179 1234 1237 testiﬁcandum?
1267 1183 1412 1241 Sane
1433 1200 1732 1255 possumus
1756 1198 1812 1246 et
1836 1192 1903 1247 ad
1928 1208 1993 1248 ea

415 1280 543 1334 quae
580 1268 899 1325 nominibus
951 1272 1334 1343 signiﬁcantur
1383 1278 1778 1347 respicientes,
1819 1290 1873 1337 et
1922 1282 1993 1337 ad

414 1358 800 1425 operationum
851 1360 972 1430 ejus
1021 1363 1452 1433 magnitudinem
1477 1406 1493 1431 ,
1524 1374 1579 1422 et
1608 1368 1677 1423 ad
1728 1370 1992 1427 beneﬁcia

416 1462 539 1518 qua;
568 1448 623 1502 in
668 1465 804 1515 nos,
842 1451 956 1506 imo
999 1469 1125 1524 quae
1162 1455 1220 1509 in
1249 1470 1463 1512 omnem
1503 1468 1811 1516 creaturam
1858 1478 1993 1518 con-

415 1539 544 1604 fert,
582 1554 683 1610 pro
711 1541 935 1597 modulo
964 1552 1158 1600 nostro
1191 1553 1400 1602 naturae
1424 1549 1576 1606 illius
1600 1551 1991 1610 sublimitatem

413 1645 480 1685 ac
509 1632 812 1700 potentiam
860 1634 1475 1707 incomprehensibilem
1507 1644 1807 1713 percipere.
1863 1644 1989 1716 Spi-

411 1722 555 1779 ritus
588 1733 814 1782 vocatus
844 1734 950 1794 est,
981 1735 1042 1783 ut
1064 1738 1149 1784 est
1176 1731 1333 1798 illud,
1365 1731 1597 1802 Spiritus
1630 1734 1773 1791 Deus
1800 1737 1878 1806 “;
1911 1745 1986 1807 et,

1764 339 1823 396 ε.
1855 340 2103 398 BASlLll
2140 343 2354 403 MAGNI

3567 351 3687 410 £56

2682 466 2935 521 ΚΕΦΔΛ.
2971 465 3068 521 18⁸.

2168 573 2328 642 Πρὸς
2367 573 2512 643 τοὺς
2549 574 2841 699 λέγοντῧς
2877 575 2961 657 μὴ
3003 576 3154 631 εἶναι
3192 574 3494 641 δοξαστὸν
3531 576 3602 631 τὸ

2804 663 3014 699 νευαα.

2804 663 3014 716 νευμα.

2165 732 2255 788 48.
2291 734 2473 788 Ἔστω
2503 735 2697 802 ταῦτα,
2720 737 2904 808 φησὶν,
2940 736 3055 791 ἀλλ’
3093 736 3213 808 οὐχὶ
3245 738 3339 791 καὶ
3380 736 3505 804 δόξα
3534 738 3684 792 πάνι-

2094 843 2202 892 τως
2222 828 2546 899 ὀφειλομένη
2579 829 2696 881 ἐστὶ
2725 828 2802 899 τῷ
2838 829 3136 900 Πνεύματι,
3174 829 3315 882 ὥστε
3342 827 3681 898 δοξολογίαις

2095 918 2425 986 ἁνυψοῦσθαι
2475 920 2603 993 παρ’
2646 920 2822 992 ἡμῶν.
2877 920 3049 974 Πόθεν
3097 920 3165 974 ἂν
3215 916 3308 974 οὖν
3345 920 3445 991 τῆς
3497 921 3680 990 ὑπερ-

2095 1011 2326 1082 εχούσης
2380 1012 2561 1066 πάντα
2637 1012 2761 1065 νοῦν
2825 1011 2981 1077 ἀξίας
3013 1009 3136 1065 γτοῦ
3198 1011 3514 1083 Πνεόματος
3565 1013 3681 1077 τὰς

2094 1101 2395 1167 ἀποδείξεις
2431 1103 2689 1174 λάϐοιμεν
2718 1103 2854 1176 (57),
2886 1104 3103 1176 εἶπερὴ
3138 1104 3352 1176 Πατρὸς
3401 1106 3495 1158 καὶ
3530 1104 3675 1159 Υἱοῦ

2093 1191 2347 1243 κοινωνία
2412 1192 2485 1263 μὴ
2543 1191 2853 1257 ἀξιόπιστος
2919 1194 3102 1257 αὐτοῖς
3157 1192 3295 1263 πρὸς
3357 1194 3675 1267 μαρτυρίαν

2092 1280 2403 1351 ἀξιώματος
2444 1283 2738 1354 ἐνομίσθη;
2784 1284 3001 1350 Ἔξεστί
3040 1302 3103 1354 γε
3161 1285 3268 1357 μὴν
3315 1285 3450 1357 πρός
3489 1303 3552 1339 τε
3597 1285 3676 1340 τὰ

2091 1374 2157 1425 ἐκ
2197 1373 2305 1425 τῶν
2347 1374 2625 1444 ὀνομάτων
2673 1375 3088 1446 ἀποϐλέψαντας
3127 1378 3520 1449 σημαινόμενα,
3570 1379 3673 1432 καὶ

2091 1463 2228 1535 πρὸς
2255 1464 2324 1518 τὰ
2351 1464 2460 1517 τῶν
2485 1467 2774 1538 ἐνεργειῶν
2800 1467 2962 1520 αὐτοῦ
3004 1469 3231 1540 μεγέθη,
3263 1468 3357 1522 καὶ
3384 1468 3520 1539 πρὸς
3565 1467 3673 1532 τὰς

2089 1557 2170 1619 είς
2197 1558 2365 1627 ἡμᾶς,
2396 1557 2594 1628 μᾶλλον
2632 1558 2689 1611 δὲ
2725 1560 2804 1622 είς
2831 1560 3007 1612 πᾶσαν
3048 1559 3146 1632 τὴν
3189 1559 3365 1613 κτίσιν
3397 1577 3672 1632 χορηγου-

2092 1646 2260 1717 μένας
2286 1648 2602 1720 εὐεργεσίας
2640 1649 2772 1721 (58),
2806 1652 2906 1720 τῆς
2949 1651 3320 1722 μεγαλοφυίας
3361 1652 3527 1706 αὑτοῦ
3566 1652 3672 1706 καὶ

2088 1738 2188 1808 τῆς
2208 1738 2498 1808 ἀνεφίκτου
2524 1741 2805 1810 δυνάμεως
2833 1742 2926 1794 ἐπὶ
2956 1742 3119 1794 ποσὸν
3155 1740 3284 1810 γοῦν
3325 1744 3384 1795 ἐν
3413 1741 3669 1813 περινοίᾳ

409 1812 643 1883 Spiritus
672 1817 843 1872 vultus
873 1821 1061 1886 nostri,
1092 1820 1335 1878 Christus
1369 1801 1625 1882 Dominus
1649 1828 1714 1882 ³⁷.
1748 1828 1980 1887 Sanctus

2090 1801 2364 1895 γενέσθαι.
2401 1828 2626 1900 Πνεῦμα
2658 1801 2971 1901 ῶνόμασται
2989 1849 3002 1863 ·
3030 1832 3128 1894 ὡς.
3153 1801 3397 1901 Πνεῦμα
3415 1835 3448 1886 ό
3474 1801 3662 1897 ὸεόςἰ

411 1904 635 1970 dicitur,
671 1906 1134 1977 quemadmodum
1172 1922 1401 1970 sanctus
1456 1916 1639 1984 Pater,
1676 1927 1731 1974 et
1761 1929 1985 1978 sanctus

409 1992 603 2051 Filius.
622 1996 901 2055 Creaturae
916 2002 1186 2073 siquidem
1204 2005 1426 2063 inducta
1444 2016 1530 2065 est
1548 2010 1771 2068 aliunde
1787 2013 1987 2071 sancti-

410 2086 631 2154 monia;
673 2086 904 2158 Spiritui
943 2107 1073 2148 vero
1111 2098 1375 2153 sanctitas
1412 2100 1735 2170 completiva
1765 2110 1850 2157 est
1885 2118 1986 2158 ua-

409 2182 567 2230 turae.
614 2178 851 2251 Ideoque
894 2197 1004 2238 non
1055 2185 1453 2254 sanctiﬁcatur,
1505 2190 1601 2246 sed
1654 2193 1980 2247 sanctiﬁcat.

408 2262 595 2321 Bonus
625 2267 756 2323 item
788 2269 995 2327 dicitur
1025 2274 1168 2329 sicut
1196 2274 1359 2331 Pater
1387 2277 1567 2336 bonus
1599 2290 1716 2347 est,
1755 2291 1810 2337 et
1839 2284 1983 2339 sicut

407 2353 586 2410 bonus
615 2364 699 2411 est
729 2357 776 2413 is
807 2360 900 2428 qui
931 2376 999 2415 ex
1025 2361 1170 2418 bono
1200 2374 1362 2420 natus
1385 2374 1471 2423 est
1500 2386 1515 2422 ε
1548 2370 1639 2423 cui
1662 2369 1879 2427 bonitas
1896 2379 1982 2427 est

405 2442 527 2512 ipsa
557 2449 817 2503 essentia.
862 2448 1067 2507 Rectus
1110 2463 1359 2518 vocatur,
1393 2464 1455 2511 ut
1488 2469 1672 2516 rectus
1715 2460 1981 2519 Dominus

407 2531 553 2588 Deus
581 2536 647 2601 ",
677 2551 743 2591 eo
772 2541 919 2608 quod
962 2557 1060 2611 per
1100 2559 1161 2599 se
1193 2546 1265 2601 sit
1309 2547 1428 2616 ipsa
1478 2551 1714 2616 veritas,
1759 2562 1815 2608 et
1860 2555 1980 2624 ipsa

400 2623 639 2693 justitia,
673 2644 776 2684 nec
807 2631 862 2684 in
888 2632 1030 2687 hanc
1058 2651 1161 2690 nec
1181 2637 1238 2691 in
1270 2638 1416 2693 illum
1442 2653 1653 2711 partem
1679 2660 1738 2699 se
1761 2654 1979 2702 vertens

406 2720 501 2766 aut
528 2712 774 2783 ﬂectens,
809 2728 1033 2790 propter
1052 2727 1793 2789 naturaeimmutabilitatem.
1819 2734 1980 2791 Para-

404 2801 582 2856 cletus
612 2819 961 2877 nuncupatur
991 2812 1137 2866 velut
1164 2812 1491 2885 Unigenitus
1521 2839 1532 2873 :
1563 2820 1706 2875 sicut
1735 2824 1852 2894 ipse
1875 2825 1974 2890 ait,

405 2890 520 2962 Ego
565 2896 761 2965 rogabo
803 2899 1021 2955 Patrem
1066 2920 1270 2971 meum,
1321 2916 1372 2961 et
1416 2908 1563 2965 dabit
1613 2890 1774 2968 vobis—
1811 2916 1977 2971 alium

405 2983 832 3044 Paracletum”.
874 2990 989 3047 Hoc
1018 3005 1180 3064 pacto
1220 3002 1533 3055 communia
1583 3012 1712 3058 sunt
1754 3008 1976 3061 nomina

404 3073 577 3142 Patri,
606 3078 747 3136 Filio
770 3090 824 3136 et
858 3082 1082 3154 Spiritui
1112 3097 1333 3153 sancto,
1372 3092 1467 3161 qui
1516 3093 1617 3149 has
1659 3098 1977 3166 appellatio-

404 3181 503 3220 nes
534 3182 600 3222 ex
633 3179 842 3226 natura:
863 3178 1142 3232 consortio
1166 3178 1348 3235 habet.
1382 3181 1536 3238 Unde
1559 3185 1701 3238 enim
1720 3188 1979 3245 aliunde?
2007 3159 2047 3215 Ο

404 3256 645 3315 Rursum
677 3263 915 3333 Spiritus
955 3268 1307 3340 principalis,
1333 3283 1388 3328 et
1431 3272 1670 3343 Spiritus
1700 3280 1977 3348 veritatis,

402 3358 458 3405 et
509 3349 751 3421 Spiritus
791 3359 1074 3426 sapientia:
1119 3361 1307 3418 dictus
1356 3374 1460 3421 est.
1502 3367 1736 3439 Spiritus
1769 3373 1979 3427 divinus

402 3445 494 3514 qui
525 3462 607 3499 me
653 3446 777 3515 fecit
810 3451 863 3516 ‘;
897 3459 979 3518 et,
1015 3453 1274 3522 Beseleel,
1327 3457 1539 3528 inquit,
1580 3463 1809 3529 implevit
1838 3464 1978 3523 Deus

401 3534 507 3606 41
551 3537 757 3607 Spiritu
790 3540 966 3597 diuino
1004 3547 1276 3615 sapientia:
1313 3558 1361 3604 et
1389 3552 1688 3610 intellectus
1717 3566 1765 3611 et
1805 3560 1978 3615 scien-

405 3628 494 3681 tiw
524 3629 566 3683 ².
602 3629 754 3685 Talia
802 3633 970 3704 igitur
1002 3643 1229 3694 nomina
1276 3643 1474 3699 eximia
1519 3647 1614 3701 illa
1659 3651 1880 3719 quidem
1925 3664 1980 3708 et

400 3731 620 3787 magna,
647 3735 751 3775 nec
773 3729 978 3789 tamen,
1004 3728 1148 3796 quod
1172 3731 1241 3784 ad
1267 3731 1495 3801 gloriam
1517 3737 1730 3805 attinet,
1749 3753 1979 3812 exagge-

403 3808 673 3866 rationem
711 3812 879 3867 ullam
909 3816 1189 3873 habentia.

470 3900 562 3955 49.
592 3902 663 3956 At
686 3907 1034 3975 operationes
1063 3912 1255 3980 quales
1297 3916 1465 3970 sunt?
1496 3917 1807 3978 lneﬂ'abiles
1851 3924 1976 3994 qui-

401 3990 525 4046 dem
583 3995 656 4049 ob
714 3999 1186 4072 magnitudinem,
1242 4007 1675 4069 innumerabiles
1725 4029 1857 4069 vero
1905 4017 1978 4071 ob

402 4084 830 4142 multitudinem.
859 4087 996 4145 Nam
1030 4108 1141 4163 quo
1179 4105 1342 4166 pacto
1372 4098 1736 4170 intelligemus
1764 4119 1827 4157 ea
1857 4119 1977 4173 quae

401 4174 627 4230 fuerunt
656 4188 785 4236 ante
832 4186 1069 4240 saecula?
1096 4203 1218 4257 quae
1255 4198 1415 4245 erant
1448 4192 1599 4249 illius
1629 4198 1976 4265 operationes

403 4274 534 4322 ante
584 4278 892 4327 creaturam
946 4276 1384 4347 intelligibilem?
1429 4294 1636 4354 quanta
1689 4296 1872 4344 autem
1907 4291 1977 4346 ab

400 4359 495 4412 illo
519 4359 781 4417 beneﬁcia
806 4365 864 4419 in
891 4372 1238 4425 creaturam?
1266 4373 1332 4428 ad
1351 4375 1487 4441 lucc,
1510 4393 1629 4447 quae
1645 4388 1887 4449 potestas
1907 4384 1975 4438 ad

2089 1919 2202 1983 καὶ,
2236 1918 2480 1990 Πνεῦμα
2519 1920 2624 1975 τοῦ
2663 1921 2985 1989 προσώπου
3020 1921 3209 1991 ἡμῶν,
3259 1923 3509 1992 Χριστὸς
3546 1924 3668 1978 Κύ-

2080 2030 2231 2080 ριος.
2264 2011 2484 2082 Ἀγιον·
2517 2014 2592 2078 ὡς
2614 2015 2768 2084 ἅγιος
2815 2019 2843 2070 6
2875 2015 3086 2086 Πατὴρ,
3121 2016 3213 2070 καὶ
3243 2014 3397 2084 ἆγιος
3434 2015 3465 2067 6
3511 2016 3661 2080 Υἱός.

2089 2104 2168 2175 Τῇ
2204 2104 2300 2175 μὲν
2327 2104 2436 2177 γὰρ
2459 2106 2633 2159 κτίσει
2656 2106 2921 2179 ἑτέρωθεν
2953 2104 3252 2178 ἐπεισήγθη
3285 2107 3314 2159 ὁ
3353 2106 3658 2176 ἁγιασμός·

2087 2196 2165 2267 τῷ
2188 2196 2245 2250 δέ
2267 2198 2545 2269 Πνεύματι
2578 2199 3009 2271 συμπληρωτικὴ
3042 2199 3142 2269 τῆς
3180 2198 3394 2268 φύσεώς
3434 2200 3586 2253 ἐστιν
3623 2201 3659 2271 ἡ

2089 2285 2332 2356 ἀγιότης.
2376 2287 2575 2358 Διόπερ
2610 2290 2731 2360 οὐχὶ
2772 2289 3131 2360 ἀγιαζόμενόν
3161 2290 3326 2352 ἐστιν,
3356 2288 3469 2342 ἀλλ’
3498 2290 3665 2353 ἀγιά-

2087 2376 2201 2441 ζον.
2240 2377 2498 2445 Ἀγαθόν·
2525 2377 2601 2441 ὡς
2626 2377 2827 2447 ἀγαθὸς
2858 2381 2886 2431 ὁ
2918 2380 3129 2461 Πατὴρ,
3169 2380 3265 2433 καὶ
3300 2378 3501 2448 ἀγαθὸς
3532 2381 3563 2431 6
3595 2379 3662 2432 ἐκ

2084 2468 2178 2522 τοῦ
2200 2468 2404 2537 ἀγαθοῦ
2432 2470 2740 2541 γεννηθείςο
2783 2470 2970 2524 οὐσίαν
3016 2470 3138 2542 έχον
3179 2469 3288 2540 (59)
3320 2469 3417 2541 τὴν
3455 2471 3663 2538 ἀγαθά.-

2084 2575 2243 2630 τητα.
2278 2558 2482 2623 Εὐθές·
2528 2558 2604 2623 ὡς
2649 2560 2814 2630 εὒθὴς
2858 2560 3063 2631 Κύριος
3104 2563 3132 2614 ό
3178 2560 3344 2624 Θεός⁶
3384 2559 3463 2631 τῷ
3517 2556 3661 2616 εἶναι

2083 2648 2460 2721 αὐτοαλήθεια,
2506 2651 2602 2703 καὶ
2638 2649 3104 2719 αὐτοδικαιοσύνη,
3142 2647 3533 2721 παρεκτροπάς
3563 2649 3662 2704 ἐπὶ

2084 2741 2288 2815 θάτερα
2316 2743 2411 2797 καὶ
2435 2742 2704 2806 ἐκκλίσεις
2729 2742 2829 2796 οὐκ
2852 2741 2994 2812 ἕχον,
3029 2742 3118 2795 διὰ
3149 2741 3209 2794 τὸ
3251 2742 3519 2811 ἄτρεπτον
3553 2739 3662 2809 τῆς

2082 2834 2287 2898 οὐσίας.
2328 2834 2714 2906 Παρὰκλητος·
2769 2834 2844 2897 ὡς
2878 2837 2906 2887 ό
2939 2832 3282 2903 Μονογενής·
3338 2831 3520 2894 καθὼς
3559 2831 3659 2884 αὖα

2080 2926 2172 2990 τός
2199 2925 2309 2996 (60)
2332 2943 2514 2995 φησιν,
2535 2926 2614 2979 ὅτι
2644 2924 2782 2994 Ἐγὼ
2814 2923 3092 2993 ἐρωτήσω
3118 2922 3227 2975 τὸν
3267 2921 3497 2990 Πατέρα
3511 2939 3659 2991 μου,

2081 3020 2178 3074 καί
2202 3019 2377 3074 δώσει
2403 3019 2547 3089 ὑμῖν
2578 3021 2773 3074 ἄλλον
2801 3019 3210 3089 Παράπλητον.
3229 3017 3384 3072 Οὕτω
3409 3017 3564 3071 κοινά
3588 3017 3662 3070 τὰ

2080 3114 2319 3183 ὀνόματα
2343 3114 2477 3184 πρὸς
2505 3111 2727 3183 Πατέρα
2749 3113 2844 3165 καὶ
2873 3111 2999 3166 Υίδν
3020 3110 3100 3181 τῷ
3131 3110 3428 3180 Πνεύματι.
3467 3110 3533 3161 ἐκ
3554 3110 3662 3195 τῆς

2081 3203 2222 3257 κατὰ
2259 3202 2356 3274 τὴν
2398 3203 2557 3270 φύσιν
2588 3200 2915 3270 οἰκειότητος
2960 3200 3066 3254 τῶν
3107 3197 3487 3270 προσηγοριῶν
3530 3199 3663 3252 τού-

2077 3312 2185 3348 των
2217 3296 2452 3365 τυχόντι.
2482 3293 2652 3347 Πόθεν
2679 3293 2787 3364 γὰρ
2817 3292 3038 3348 ἄλλοθεν
3059 3309 3074 3353 ;
3099 3292 3267 3345 Πάλιν
3299 3292 3656 3363 ἡγεμονικὸν,

2079 3387 2171 3439 καὶ
2212 3386 2439 3456 Πνεῦμα
2467 3386 2568 3456 τῆς
2600 3386 2878 3457 ἀληθείας,
2906 3384 3000 3437 καὶ
3039 3382 3263 3453 Πνεῦμα
3294 3383 3485 3451 σοφίας
3517 3382 3661 3436 ὠνό-

2081 3496 2300 3548 μασται.
2349 3479 2588 3547 Πνεῦμα
2627 3478 2786 3532 θεῖον
2824 3476 2889 3530 τὸ
2917 3474 3185 3544 ποιῆσάν
3212 3492 3308 3545 με.
3363 3476 3494 3538 Καὶ,
3540 3473 3662 3528 Τὸν

2077 3568 2386 3636 Βεσελεὶιλ
2413 3568 2501 3633 δὲ,
2538 3569 2721 3640 φησιν,
2766 3567 3110 3635 ἐνέπλησεν
3152 3568 3185 3619 o'
3233 3563 3376 3630 Θεὸς
3407 3563 3657 3632 Πνεῦμα

2077 3661 2236 3714 θεῖον
2271 3661 2492 3729 σοφίας
2535 3659 2634 3713 καὶ
2672 3658 2980 3724 συνέσεως
3021 3657 3118 3711 καί
3171 3656 3526 3726 ἐπιστήμης.
3568 3655 3658 3709 Τὰ

2079 3752 2178 3821 μὲν
2228 3748 2321 3804 οὖν
2375 3751 2614 3821 ὀνόματα
2664 3749 2883 3803 τοιαῦτα
2932 3749 3044 3818 (61)
3095 3747 3344 3818 ὑπερφυῆ
3390 3747 3484 3800 καὶ
3554 3763 3657 3815 με·

2073 3840 2216 3909 γάλα
2237 3861 2246 3871 ι
2275 3840 2535 3911 οῦμενουν
2568 3841 2759 3911 ἔχοντά
2777 3857 2897 3893 τινα
2925 3841 3004 3903 εἰς
3025 3838 3179 3905 δόξαν
3200 3837 3526 3909 ὑπερϐολήν.

2144 3933 2232 3987 49.
2261 3933 2401 3985 Λίδέ
2428 3932 2697 4002 ἐνέργειαι
2718 3932 2894 3998 τίνεςς
2924 3933 3187 4002 "Apsum:
3218 3930 3316 4001 μὲν
3339 3929 3428 3983 διὰ
3457 3929 3519 3981 τὸ
3553 3928 3655 3999 μέ-

2074 4025 2251 4093 γεθος,
2283 4024 2708 4095 ἀνεξαρίθμητοι
2728 4023 2786 4076 δὲ
2814 4021 2901 4075 διὰ
2930 4022 2989 4075 τὸ
3012 4021 3233 4092 πλῆθος.
3268 4021 3393 4084 Πῶς
3419 4021 3517 4089 μὲν
3538 4020 3653 4090 γὰρ

2074 4120 2339 4187 νοήσομεν
2372 4116 2439 4168 τὰ
2481 4116 2587 4168 τῶν
2622 4113 3157 4179 αἱώνωνέπὲκεινω
3194 4113 3338 4175 τίνες
3365 4107 3501 4182 ἦσαν
3544 4111 3650 4164 αὐ-

2073 4207 2165 4259 τοῦ
2215 4206 2319 4269 πρὸ
2351 4207 2447 4277 τῆς
2498 4206 2696 4276 νοητῆς
2740 4206 2971 4269 κτίσεως
3026 4207 3080 4258 αἱ
3125 4204 3431 4275 ἐνέργειαι;
3482 4204 3650 4256 πόσαι

2072 4295 2115 4347 δ’
2143 4296 2240 4347 ἀπ’
2274 4279 2438 4347 αὑτοῦ
2469 4296 2598 4366 περὶ
2625 4296 2723 4366 τὴν
2764 4294 2941 4348 κτίσιν
2976 4294 3089 4365 (62)
3119 4292 3380 4364 χάριτες;
3415 4292 3493 4354 τίς
3521 4292 3578 4344 δὲ
3610 4295 3646 4361 ἡ

2075 4385 2210 4457 πρὸς
2238 4386 2361 4449 τοὺς
2401 4385 2602 4448 αἰῶνας
2632 4387 2760 4449 τοὺς
2792 4385 3194 4457 ἐπερχομένους
3237 4383 3493 4452 δύναμιςς
3536 4377 3650 4434 Ἦν

400 4460 628 4505 ventura
656 4457 903 4511 saecula?
935 4458 1066 4515 Erat
1097 4464 1274 4530 enim,
1305 4473 1360 4521 et
1390 4476 1518 4524 ante
1547 4479 1696 4538 erat,
1726 4479 1780 4528 et
1808 4474 1971 4529 simul

2089 4479 2175 4547 μὲν
2208 4477 2336 4548 γὰρ,
2368 4478 2462 4531 καὶ
2497 4478 2670 4549 προῆν
2700 4477 2833 4550 (65),
2876 4478 2969 4530 καὶ
3015 4476 3306 4546 συμπαρῆν
3345 4473 3423 4545 τῷ
3469 4475 3650 4545 Πςιιτρλ⁸

400 4541 592 4597 aderat
639 4559 766 4599 cum
818 4546 977 4606 Patre
1029 4561 1084 4607 et
1140 4551 1281 4609 Filio
1337 4567 1463 4613 ante
1513 4562 1733 4617 sarcula.
1788 4563 1968 4630 Quare

2089 4569 2169 4623 ιαὶ
2186 4570 2264 4639 τῷ
2305 4568 2417 4640 Υἰῷ
2448 4570 2555 4641 πρὸ
2582 4570 2690 4623 τῶν
2723 4569 2954 4623 αἰώνων.
2988 4570 3172 4633 Ὥστε,
3211 4568 3312 4621 κᾶν
3348 4584 3401 4619 τι
3442 4569 3647 4639 νοήσῃς

396 4632 613 4691 etiamsi
635 4637 765 4707 quid
796 4642 1056 4711 cogitaris
1084 4656 1210 4701 ante
1241 4649 1460 4716 saecula,
1493 4651 1597 4708 hoc
1621 4662 1801 4710 tamen
1820 4672 1970 4728 repe-

468 4789 514 4821 "
548 4787 706 4881 Jgan.
756 4807 828 4846 tv.
865 4794 954 4848 ΞΔ».
1031 4796 1074 4827 ⁸⁷
1116 4794 1319 4854 Tbren.
1360 4817 1430 4865 Iv,
1472 4801 1561 4858 ‘20.
1637 4805 1684 4837 ⁸³
1724 4805 1867 4866 Psal.
1909 4824 1973 4864 xc

2096 4812 2150 4870 6.
2226 4813 2273 4848 ⁹⁹
2309 4812 2467 4870 Joan.
2505 4830 2616 4881 XIV,
2651 4813 2738 4870 16.

395 4872 546 4924 xm,
588 4861 640 4917 5.

467 4993 577 5075 (ξξἹ)
610 4996 919 5075 Λάὸριμεν.
948 4997 1025 5052 lta
1051 5010 1282 5075 quatuor
1306 5002 1454 5075 Regii
1480 5022 1604 5060 cum
1627 5007 1962 5075 Colbcrtmo,

392 5065 592 5119 melius
640 5065 811 5122 multo
860 5085 1022 5137 quam
1056 5065 1110 5124 i'n
1156 5072 1317 5126 editis
1360 5065 1592 5130 λάϐοιεν.
1639 5077 1793 5134 Unde
1841 5065 1967 5134 Era;

395 5145 550 5218 smus
582 5150 772 5218 parum
816 5150 943 5209 apte
983 5140 1338 5198 reddiderat:
1381 5142 1527 5200 Unde
1560 5148 1722 5217 igitur
1767 5150 1964 5218 proba-

398 5203 505 5255 turi
532 5214 674 5266 sunt,
706 5214 812 5261 etc.
853 5203 869 5209 ’
1099 5223 1105 5230 ’

467 5272 994 5354 Εὑεργεσίας.
1030 5278 1346 5354 Siculegere
1379 5286 1671 5343 maluimus
1710 5303 1833 5343 cum
1868 5303 1966 5345 sex

393 5343 703 5426 eodjcibus.
731 5343 911 5426 quam
929 5343 1052 5403 cum
1085 5343 1249 5426 editis
1268 5354 1566 5426 ἐνεργείας.

467 5412 577 5493 (59)
608 5412 838 5493 Quot—ar
880 5419 1065 5493 ἔχοιςΔ
1092 5420 1188 5493 Sic
1239 5412 1478 5493 quatuor
1521 5412 1658 5483 mss.
1701 5427 1961 5483 codices:

393 5482 524 5536 editi
562 5482 759 5557 οὐσίαν
798 5482 957 5557 ἔχων.
994 5487 1194 5546 Ibidem
1247 5482 1414 5550 editio
1466 5494 1640 5551 Paris.
1695 5512 1820 5551 cum
1858 5482 1966 5553 uno

397 5559 609 5640 tantum
644 5556 834 5640 codice
848 5556 961 5640 ms.
1004 5560 1164 5640 εὐθὺς
1188 5563 1402 5640 Κύριος
1441 5568 1469 5619 ό
1497 5565 1629 5632 Θεὸς
1657 5566 1832 5640 ἡμῶν.
1859 5569 1965 5623 Alii

397 5622 613 5677 codices
643 5639 775 5678 mss.
806 5634 867 5680 ut
896 5628 948 5681 in
978 5622 1258 5687 contektu.

466 5692 578 5764 (60)
613 5694 820 5765 Καθὼς
851 5699 1051 5766 αὑτός.
1092 5697 1181 5757 Sic
1211 5719 1346 5764 mss.
1377 5704 1614 5764 codices.
1645 5705 1822 5766 Editio
1859 5709 1959 5766 Pa~

2072 4660 2180 4714 τῶν
2214 4660 2424 4715 αἰώνων
2447 4662 2722 4727 ἐπέκεινα,
2746 4660 2903 4715 τοῦτο
2928 4661 3178 4732 εὑρήσεις
3203 4660 3298 4714 τοῦ
3328 4658 3649 4730 Πνεύματος

2843 4817 2861 4845 ί
2900 4811 3003 4868 Job
3034 4826 3206 4867 sum
3231 4852 3245 4877 ,
3275 4813 3330 4868 4.
3408 4814 3428 4845 ⁸
3467 4811 3642 4869 Exod.

2070 5010 2170 5065 ris.
2205 5016 2259 5065 et
2282 5008 2450 5064 Basil.
2485 5008 2728 5063 secunda
2759 5008 2955 5071 Καθὼς
2984 5008 3077 5062 καὶ
3106 5009 3286 5073 αὐτός.
3318 5007 3436 5063 Non
3470 5011 3646 5063 multo

2072 5087 2305 5161 postue;
2340 5080 2529 5161 iisdem
2576 5078 2857 5134 codicibus
2890 5078 3120 5149 legimus
3157 5079 3392 5151 τυχόντι,
3427 5093 3537 5133 non
3581 5091 3639 5136 ut

2070 5148 2089 5204 ἱ
2094 5166 2126 5203 ιι
2148 5148 2681 5231 'EQl‘liiTU‘LX&V-)\Et.
2740 5218 2754 5231 _

2142 5219 2264 5300 (ϐξ).
2292 5217 2556 5300 Τοιαῦτα.
2587 5218 2713 5300 Post
2740 5218 2881 5300 lianc
2906 5234 3096 5300 vocem
3126 5217 3257 5274 editi
3289 5218 3497 5274 addunt
3519 5218 3638 5283 καί,

2070 5289 2612 5375 qupdninﬁve‘ter‘ibus
2644 5289 2798 5375 libris
2828 5305 2939 5375 non
2963 5291 3179 5375 legitur.
3198 5358 3327 5375 rw
3412 5361 3425 5375 ο
3477 5360 3491 5375 ι
3578 5358 3590 5375 ε

2142 5359 2253 5445 (62)
2279 5359 2556 5445 Περί-τῂν
2581 5359 2799 5415 κτίσιν.
2830 5358 2923 5443 S_ic
2953 5375 3087 5416 mss.
3120 5358 3337 5415 codices
3364 5377 3380 5414 :
3408 5360 3501 5413 ἐπὶ
3539 5358 3641 5430 τὴν

2072 5429 2247 5483 κτίσιν
2278 5430 2330 5483 iu
2364 5429 2546 5484 editis.
2849 5432 2860 5443 ’

2144 5499 2253 5580 (65)
2289 5498 2511 5580 Προῆν.
2538 5497 2767 5580 Legitur
2801 5499 2853 5552 in
2888 5497 3102 5580 duobus
3134 5496 3320 5580 Regiis
3355 5498 3638 5580 codicibus

2073 5570 2175 5642 καὶ.Δ
2196 5568 2406 5642 πρώην.
2432 5568 2867 5642 er_at;et_'pridem.
2911 5568 3083 5636 Quam
3112 5568 3440 5640 scripturam
3463 5568 3642 5624 miror

2070 5638 2312 5698 arridere
2340 5638 2687 5698 Combeﬁsio.
