3972 6218
309 374 415 429 157

1451 383 1652 442 LIBER
1690 385 1778 441 DF
1819 386 2093 444 SPIRITU
2136 388 2427 448 SANCTO.

3457 405 3570 463 158

302 488 623 561 κατωτέρω.
661 490 790 545 Ἐάν
831 510 892 546 τε
921 492 1022 565 τὴν
1054 493 1230 549 κτίσιν
1266 492 1598 567 ὲνθυμηθῇς,
1632 495 1872 566 ἐστερεώ

1995 497 2109 556 rias
2162 498 2372 571 Spiritu
2416 516 2541 559 esse
2590 503 2886 574 posterius.
2936 506 3093 573 Quod
3142 510 3188 567 si
3231 514 3568 572 creationem

302 576 480 650 ϐησαν
508 583 565 635 αί
593 582 702 636 τῶν
747 585 996 655 οὐρανῶν
1037 587 1299 657 δυνάμεις
1328 587 1477 658 παρά
1511 588 1605 642 τοῦ
1640 589 1894 662 Πνεῦμα-

297 688 427 735 co;-
455 675 560 743 τῆς
593 674 947 745 περεὼσεως
980 677 1226 747 δηλονότι
1276 680 1370 732 ἐπὶ
1404 679 1467 733 τὸ
1503 679 1892 750 δυσμετάπτω-

297 779 396 818 τον
432 763 538 832 τῆς
570 764 680 818 ἀπὺ
711 765 822 818 τῶν
853 767 1075 835 ἀγαθῶν
1109 767 1279 832 ἕξεως
1308 770 1623 841 νοουμένης.
1678 772 1744 824 Ἦ
1781 771 1889 843 γὰρ

298 851 443 923 πρὸς
473 854 609 907 Θεον
638 855 934 922 οἰκείωσις,
961 858 1057 911 καὶ
1099 856 1159 911 τὸ
1189 859 1326 930 πρὸς
1371 860 1569 913 κακίαν
1597 860 1889 933 ἄτρεπτον,

297 944 399 999 καὶ
416 945 482 997 τὸ
500 946 559 998 ὲν
592 947 954 1017 μακαριότητι
978 947 1221 1019 διαρκὲς,
1252 952 1405 1021 παρὰ
1440 950 1537 1005 τοῦ
1570 951 1888 1023 Πνεῦματος

295 1035 425 1097 ταῖς
490 1033 754 1105 δυνάμεσι
983 1037 1225 1108 Χριστοῦ
1293 1038 1595 1111 ἐπιδημία·
1671 1042 1765 1095 καὶ¹
1824 1042 1886 1096 τὸ

294 1123 531 1195 Πνεῦμα
584 1127 896 1197 προτρέχει.
952 1129 1256 1201 Ἔνσαρκος
1322 1134 1624 1204 παρουσία·
1677 1135 1774 1189 καὶ
1826 1136 1888 1190 τὸ

295 1216 529 1287 Πνεῦμα
554 1218 883 1291 ἀχώριστον.
939 1221 1319 1294 Ἐνεργήματα
1383 1224 1686 1296 δυνάμεων,
1736 1228 1892 1301 χαρί-

297 1325 488 1380 σματα
511 1311 777 1379 ἰαμάτων,
800 1312 888 1366 διὰ
912 1311 1005 1366 τοῦ
1025 1313 1167 1366 Πνεύ
1176 1332 1343 1385 ματος
1379 1316 1473 1371 τοῦ
1498 1318 1670 1387 ἁγίου.
1694 1321 1890 1391 Δαίμο-

293 1416 388 1463 νες
435 1400 810 1471 ἀπηλαύνοντο
843 1403 901 1456 ὲν
937 1402 1017 1474 τῷ
1048 1405 1326 1477 Πνεῦματι
1371 1406 1466 1461 τοῦ
1504 1404 1671 1463 Θεοῦῖ
1702 1410 1887 1464 Διάϐο-

293 1489 387 1555 λος
428 1495 760 1563 κατηργεῖτο
800 1496 1178 1566 συμπαρόντος
1233 1496 1346 1569 (65)
1397 1498 1494 1552 τοῦ
1517 1501 1880 1572 ,Πνεῦμα-τος.

305 1580 622 1654 ’Δμαρτιιῖιν
671 1584 1044 1659 ἀπολύτρωσις
1077 1587 1135 1640 ὲν
1178 1590 1246 1658 τῇ
1296 1589 1477 1660 χάριτι
1506 1589 1601 1642 τοῦ
1636 1590 1885 1662 Πνεύμα-

292 1690 405 1738 τος.
456 1675 902 1731 Ἀπελούσασθε
923 1678 1035 1748 τὰρ
1054 1678 1155 1732 καὶ
1188 1678 1518 1749 ἡγιάσθητε
1538 1682 1607 1736 ἐν
1637 1682 1716 1749 τῷ
1745 1685 1882 1737 ὀνό-

285 1785 433 1840 ματι
459 1768 570 1822 τοῦ
605 1770 830 1837 Κυρίου
870 1770 1043 1839 ἡμῶν
1082 1771 1291 1839 Ἰησοῦ
1334 1774 1619 1841 Χριστοῦ,
1670 1776 1768 1829 καὶ
1809 1777 1879 1830 ἐν

1994 597 2239 659 reputes,
2268 592 2621 648 consolidata:
2660 602 2791 649 sunt
2822 596 3090 653 caelorum
3118 600 3350 658 virtutes
3373 618 3403 656 a
3439 603 3569 674 Spi-

1991 681 2136 746 ritu,
2166 682 2244 736 ita
2286 690 2349 738 ut
2390 685 2884 741 consolidationem
2913 688 3190 761 intelligas
3227 691 3566 764 ﬁrmitatem,

1989 786 2113 841 qua
2163 789 2275 829 non
2326 773 2488 829 facile
2538 775 2808 831 bonorum
2845 778 3034 833 habitu
3078 782 3317 837 excidat.
3352 783 3567 842 Etenim

1988 864 2138 936 quod
2185 864 2299 920 Deo
2332 868 2645 937 conjuncta:
2693 877 2856 937 sunt,
2889 872 3148 943 quodque
3187 875 3255 929 ad
3302 879 3567 933 malitiam

1991 956 2131 1010 verti
2165 971 2275 1010 non
2307 965 2537 1026 queunt,
2568 958 2824 1029 quodque
2856 960 2913 1014 in
2942 960 3283 1021 beatitudine
3304 974 3568 1037 perpetuo

1991 1057 2346 1116 perseverant
2391 1049 2665 1116 virtutes,
2718 1051 2773 1105 id
2815 1050 2925 1106 illis
2973 1067 3004 1105 ιι
3063 1052 3272 1124 Spiritu
3331 1059 3563 1114 accedit.

1986 1137 2192 1193 Christi
2235 1139 2533 1206 adventus;
2567 1139 2808 1211 Spiritus
2835 1148 3150 1212 praecurrit.
3178 1146 3238 1202 ln
3276 1163 3443 1206 carne
3468 1151 3567 1205 ad-

1984 1235 2203 1296 ventus,
2230 1237 2285 1284 et
2313 1228 2554 1300 Spiritus
2575 1231 2980 1302 inseparabilis.
3005 1233 3368 1306 Operationcs
3388 1241 3566 1296 virtu-

1984 1328 2123 1385 tum,
2150 1321 2292 1376 dona
2325 1323 2711 1390 sanationum;
2743 1326 2839 1379 sed
2865 1341 2963 1395 per
2987 1326 3250 1397 Spiritum
3279 1341 3560 1391 sanctum.

1985 1409 2270 1469 Daemones
2300 1414 2513 1483 expulsi
2562 1415 2618 1469 in
2666 1412 2878 1485 Spiritu
2905 1416 3025 1473 Dei.
3059 1417 3323 1477 Diabolus
3356 1424 3563 1494 spolia-

1984 1512 2076 1558 tus
2097 1512 2181 1558 est
2204 1505 2437 1574 imperio
2458 1505 2622 1560 simul
2650 1516 2918 1577 praesente
2942 1507 3174 1581 Spiritu.
3204 1512 3560 1572 Peccatorum

1982 1594 2126 1649 facta
2153 1597 2406 1651 remissio
2428 1638 2443 1664 ,
2476 1596 2571 1652 sed
2602 1598 2657 1651 in
2685 1599 2856 1668 gratia
2888 1599 3147 1671 Spiritus.
3183 1602 3372 1658 Abluti
3419 1607 3561 1660 enim

1981 1689 2108 1741 estis
2149 1697 2199 1741 et
2248 1689 2569 1757 sanctiﬁcati
2606 1692 2662 1744 in
2707 1692 2917 1746 nomine
2966 1694 3180 1748 Domini
3225 1698 3393 1751 nostri
3428 1698 3561 1754 Iesu

1984 1779 2203 1843 Christi,
2232 1790 2281 1834 et
2312 1782 2366 1833 in
2389 1780 2595 1850 Spiritu
2617 1792 2802 1837 sancto
2831 1786 2871 1837 ³.
2899 1783 3237 1855 Conjunctio
3289 1802 3415 1842 cum
3445 1787 3560 1844 Deo

292 1862 377 1928 τῷ
410 1863 713 1930 Πνεῦματι
735 1863 818 1929 τῷ
842 1864 989 1933 ἁγίῳ
1018 1864 1153 1936 (66).
1172 1867 1462 1932 Οίκείωσις
1491 1869 1627 1938 πρὸς
1639 1869 1772 1923 Θεὸν
1792 1870 1872 1925 διὰ

1978 1870 2040 1925 ﬁt
2088 1887 2186 1942 per
2232 1870 2521 1941 Spiritum.
2558 1871 2711 1927 Misit
2753 1877 2893 1928 enim
2931 1875 3075 1929 Deus
3117 1875 3376 1946 Spiritum
3423 1877 3558 1933 Filii

288 1953 385 2007 τοῦ
402 1954 739 2025 Πνεῦματος.
777 1954 1202 2020 Ἔξαπέστειλε
1226 1959 1338 2028 γὰρ
1367 1961 1400 2013 ὀ
1428 1959 1571 2027 Θεὸς
1598 1962 1668 2014 τὸ
1693 1961 1879 2016 Πνεῦ-

285 2064 375 2116 μα
396 2048 507 2102 τοῦ
535 2047 673 2102 Υίοῦ
699 2048 888 2102 αὐτοῦ
911 2049 981 2101 ἐν
1020 2048 1152 2115 ταῖς
1202 2049 1474 2117 καρδίαις
1508 2051 1708 2120 ἡμῶν,
1740 2051 1879 2122 κρά-

289 2137 423 2200 ζον·
469 2138 645 2193 Ἀϐϐᾶ
682 2143 716 2194 ό
745 2140 973 2208 Πατήρ.
1019 2140 1087 2193 Ἠ
1136 2142 1201 2195 ἐκ
1246 2141 1455 2212 νεκρῶν
1498 2141 1873 2210 ἐξανάστασις,

284 2233 354 2303 τῇ
386 2232 645 2303 ἐνεργείᾳ
677 2231 771 2285 τοῦ
798 2231 1139 2303 Πνεύματος.
1175 2232 1634 2301 Ἐξαποστελεῒς
1666 2235 1777 2306 γὰρ
1807 2237 1875 2290 τὸ

285 2321 537 2392 Πνεῦμά
564 2339 705 2386 σου,
742 2325 840 2377 καὶ
876 2324 1334 2393 κτισθήσονται,
1381 2326 1481 2380 καὶ
1508 2327 1875 2394 ἀνακαινιεῒς

282 2413 355 2467 τὸ
382 2415 716 2481 πρόσωπον
750 2414 859 2483 τῆς
883 2414 1017 2485 γῆς.
1053 2416 1180 2470 Εἴτε
1210 2416 1310 2489 τὴν
1348 2418 1526 2472 κτίσιν
1555 2437 1639 2483 τις
1668 2418 1876 2490 ἐκλαμ-

284 2503 444 2559 ϐάνοι
487 2505 586 2559 ἐπὶ
634 2506 737 2576 τῆς
788 2506 898 2559 τῶν
935 2506 1289 2562 διαλυθέντων
1326 2508 1708 2573 ἁναϐιώσεως,
1756 2507 1875 2572 πῶς

282 2597 347 2651 οὐ
401 2597 615 2667 μεγάλη
668 2597 764 2650 τοῦ
796 2596 1116 2669 Πνεύματος
1144 2601 1179 2670 ή
1216 2599 1485 2672 ἐνέργεια,
1530 2599 1626 2653 τοῦ
1669 2602 1873 2654 οἰκονο-

283 2684 519 2757 μοῦντος
551 2689 683 2759 ἡμῖν
714 2688 805 2741 τὸν
832 2689 892 2753 ἐξ
917 2688 1268 2754 ἀναστάσεως
1293 2689 1426 2760 βίον,
1464 2690 1560 2745 καὶ
1596 2691 1734 2763 πρὸς
1769 2691 1870 2762 τὴν

280 2779 676 2852 πνευματικὴν
709 2780 926 2851 ἐκείνην
971 2781 1118 2853 ζωὴν
1158 2783 1258 2847 τὰς
1292 2783 1471 2854 ψυχὰς
1500 2784 1660 2855 ἡμῶν
1706 2800 1872 2854 μετα-

282 2870 684 2941 ρυθμίζοντοςς
709 2869 835 2925 Εἴτε
883 2871 1093 2941 λέγοιτο
1123 2872 1299 2936 κτίσις
1326 2875 1359 2945 ἡ
1388 2872 1624 2928 ἐνταῦθα
1661 2874 1769 2927 τῶν
1810 2873 1869 2941 ἐξ

280 2963 565 3034 ἁμαρτίας
598 2964 1060 3017 διαπεπτωκότων
1098 2964 1191 3017 ἐπὶ
1218 2964 1280 3017 τὸ
1318 2963 1524 3035 βέλτιον
1554 2965 1669 3036 (67)
1706 2982 1869 3036 μετα-

278 3051 559 3121 κόσμησις
581 3051 836 3120 (λέγεται
864 3052 973 3124 γὰρ
993 3052 1088 3105 καὶ¹
1118 3054 1261 3106 οὕτω
1290 3054 1430 3108 κατὰ
1450 3054 1549 3126 τὴν
1583 3056 1868 3127 συνήθειαν

1977 1963 2064 2016 sui
2094 1964 2150 2016 in
2172 1962 2339 2017 corda
2385 1973 2591 2027 nostra,
2627 1963 2966 2029 clamantem,
3000 1966 3152 2020 Abba
3182 1966 3347 2021 Pater
3372 1968 3414 2021 ⁸.
3447 1967 3557 2024 Re-

1976 2055 2252 2109 surrectio
2283 2070 2314 2109 a
2342 2059 2599 2118 mortuis,
2630 2054 2873 2125 Spiritus
2898 2058 3118 2113 virtute.
3147 2057 3373 2113 Emittes
3392 2061 3559 2130 siqui-

1975 2145 2093 2199 dem
2112 2144 2369 2216 Spiritum
2415 2156 2584 2209 tuum,
2614 2156 2665 2201 et
2694 2146 3034 2213 creabantur,
3069 2158 3120 2203 et
3162 2150 3437 2205 renovabis
3463 2151 3556 2221 [a-

1975 2237 2109 2291 ciem
2160 2245 2315 2291 terra:
2342 2238 2384 2291 ⁸.
2438 2237 2566 2292 Sive
2616 2238 2742 2308 quis
2797 2239 3132 2295 creationem
3193 2241 3432 2311 accipiat
3486 2242 3557 2299 de

1972 2328 2371 2383 esstinctorum
2399 2329 2812 2395 reviviscentia;
2839 2345 2905 2383 an
2946 2345 3054 2384 non
3084 2345 3283 2401 magna
3316 2330 3555 2402 Spiritus

1971 2417 2247 2486 operatio,
2277 2417 2370 2487 qui
2417 2417 2577 2472 nobis
2608 2418 2920 2489 suppeditat
2970 2418 3138 2474 vitam
3185 2435 3251 2474 ex
3300 2435 3553 2477 resurre-

1971 2507 2173 2571 ctione,
2197 2516 2253 2562 et
2278 2507 2344 2561 ad
2368 2506 2708 2577 spiritualem
2738 2506 2885 2559 illam
2906 2508 3072 2559 vitam
3101 2507 3314 2561 animas
3334 2521 3554 2571 noswas

1970 2594 2233 2665 adoptat?
2264 2594 2392 2650 Sive
2440 2595 2648 2649 creatio
2680 2595 2896 2649 dicatur
2925 2611 3050 2650 esse
3085 2612 3299 2660 eorum,
3339 2598 3431 2667 qui
3461 2596 3554 2656 hb

1969 2700 2067 2755 per
2094 2692 2379 2755 peccatum
2409 2684 2548 2748 lapsi
2581 2692 2749 2761 sunt,
2775 2683 2831 2737 in
2876 2684 3158 2738 meliorem
3192 2692 3394 2738 statum
3426 2701 3553 2740 mu-

1969 2776 2268 2848 tatiotnam
2299 2776 2374 2830 ita
2405 2790 2624 2844 quoque
2657 2790 3053 2843 nonnunquam
3076 2783 3375 2845 usurpatur
3392 2777 3552 2847 juxta

1970 2863 2273 2936 Scriptura:
2303 2862 2780 2937 consuetudinem,
2814 2864 2968 2918 velut
2999 2879 3124 2917 cum
3155 2861 3362 2919 Paulus
3390 2865 3549 2929 dicit,

1966 2956 2026 3011 Si
2063 2972 2168 3028 qua
2211 2958 2267 3011 in
2311 2954 2522 3011 Christo
2551 2972 2683 3009 nova
2710 2964 2958 3008 creatura
2992 2952 3066 3024 ³),
3104 2955 3388 3009 renovatio
3431 2969 3555 3024 quae

1966 3050 2057 3105 hic
2082 3052 2174 3115 ﬁt,
2210 3059 2267 3105 et
2298 3066 2329 3104 a
2359 3051 2472 3105 vita
2503 3051 2754 3105 terrestri
2802 3063 2867 3103 ac
2906 3048 3240 3102 turbulentis
3265 3046 3554 3104 aﬂectibus

278 3141 386 3210 τῆς
426 3141 669 3212 Γραφῆς,
710 3141 785 3204 ὡς
808 3142 937 3195 ὅταν
959 3142 1170 3205 Παῦλος
1210 3143 1343 3213 λέγῃ
1364 3161 1378 3173 ’
1406 3143 1481 3197 Εἴ
1508 3161 1599 3210 τις
1627 3144 1698 3197 ἐν
1734 3147 1869 3212 Χρι-

1975 3143 2208 3198 obnoxia
2233 3143 2301 3197 ad
2324 3143 2603 3198 cmlestem
2632 3142 3113 3197 conversationem
3138 3140 3550 3204 transmutatio,

278 3230 416 3296 στῷ
452 3232 631 3299 καινὴ
661 3233 913 3303 κτίσις),
965 3232 1059 3286 καὶ
1086 3235 1115 3286 ὁ
1151 3234 1386 3287 ἐνταῦθα
1420 3235 1600 3288 τοίνυν
1637 3237 1867 3289 ἀνακαι-

278 3322 501 3391 νισμὺς,
532 3323 628 3376 καὶ
669 3325 704 3395 ἡ
754 3324 862 3377 ἀπὸ
886 3324 988 3394 τῆς
1016 3325 1211 3394 γηῖνης
1261 3326 1356 3379 καὶ
1401 3324 1685 3396 ὲμπαθοῦς
1721 3326 1867 3398 ζωῆς

279 3414 384 3468 ἐπὶ
405 3413 505 3486 τὴν
538 3414 789 3486 οὐράνιον
815 3414 1091 3469 πολιτείαν
1118 3416 1423 3489 μεταϐολὴ,
1453 3418 1542 3472 διὰ
1577 3420 1673 3472 τοῦ
1699 3420 1869 3475 Ilvati-

283 3523 462 3577 ματος
500 3508 630 3579 ἡμῖν
650 3508 934 3581 γινομένη,
971 3510 1064 3563 ἐπὶ
1092 3512 1273 3563 πᾶσαν
1317 3510 1624 3583 ὑπερϐολὴν
1659 3510 1870 3582 θαύμα..

276 3615 381 3662 τος
410 3598 513 3663 τὰς
542 3599 721 3670 ψυχὰς
749 3601 907 3672 ἡμῶν
958 3602 1170 3671 ἀνάγει.
1212 3602 1337 3656 Ἐπὶ
1385 3602 1596 3666 τούτοις
1642 3603 1868 3674 πότερον

281 3690 619 3762 φοὸηθῶμεν
642 3691 716 3763 μὴ
745 3692 843 3763 τὴν
867 3692 1023 3759 ἀξίαν
1046 3693 1375 3766 ὑπερϐῶμεν
1400 3697 1521 3758 ταῖς
1546 3695 1868 3766 ὑπερϐολαῖς

279 3782 397 3834 τῶν
419 3782 624 3852 τιμῶνε
660 3782 694 3852 ἦ
716 3782 777 3836 τὸ
794 3784 1055 3850 ἐναντίον,
1097 3784 1172 3856 μὴ
1217 3786 1297 3849 είς
1324 3786 1576 3839 ταπεινὸν
1599 3785 1710 3855 (68)
1735 3803 1866 3839 κατ-

278 3872 589 3943 αγάγωμεν
634 3872 733 3944 τὴν
766 3875 895 3945 περὶ
940 3874 1104 3928 αὐτοῦ
1140 3874 1369 3939 ἔννοιαν,
1407 3876 1513 3930 κᾶν
1547 3875 1616 3929 τὰ
1640 3876 1869 3947 μέγιστα

276 3962 526 4032 δόξωμεν
567 3964 654 4015 ἐπ’
685 3963 834 4035 αὐτῷ
873 3965 984 4017 τῶν
1024 3963 1085 4029 ἐξ
1129 3964 1478 4037 ἀνθρωπίνης
1508 3966 1747 4031 διανοίας
1774 3968 1870 4020 καὶ

277 4040 535 4123 γλώττης
579 4053 1007 4125 προφερομένων
1043 4053 1411 4123 φθέγγεσθαι;
1441 4054 1580 4108 Τάδε
1629 4053 1775 4123 λέγει
1806 4055 1868 4108 τὸ

277 4143 512 4214 Πνεῦμα
536 4144 600 4196 τὸ
632 4146 807 4213 ἆγιον,
834 4146 909 4208 ὼς
942 4144 1068 4199 τάδε
1094 4144 1242 4214 λέγει
1277 4145 1481 4215 Κύριος
1500 4162 1515 4176 ·
1548 4146 1864 4214 Κατάϐηθι,

276 4236 384 4290 καί
418 4238 683 4304 πορεύου
724 4236 846 4290 σὺν
880 4237 1117 4303 αὐτοῖς,
1166 4236 1361 4305 μηδὲν
1399 4237 1864 4307 διακρινόμενος,

276 4329 435 4385 διότι
462 4328 579 4398 ἐγὼ
607 4328 834 4394 αὐτοὺς
859 4328 1235 4382 ἀπέσταλκα.
1283 4330 1377 4401 Μὴ
1409 4330 1664 4382 ταπεινοῦ
1694 4329 1867 4384 ταῦτα

278 4422 380 4476 καὶ
423 4421 833 4491 κατεπτηχότας
870 4421 940 4474 τὰ
984 4423 1049 4492 et,
1061 4438 1240 4492 ματα,
1282 4422 1627 4491 Ἀφορίσατε
1657 4421 1732 4488 δή
1764 4440 1867 4492 μοι

278 4513 601 4581 Βαρνάϐαν
626 4512 728 4566 καὶ
758 4512 868 4566 τὸν
888 4512 1133 4566 Σαῦλον
1170 4515 1258 4578 είς
1293 4513 1359 4565 τὸ
1400 4514 1576 4582 ἔργον
1605 4512 1636 4564 ὃ
1679 4527 1867 4579 προσ-

280 4605 578 4674 κέκλημαι
606 4605 851 4670 ιιύτούς.
878 4604 971 4673 Μὴ
987 4603 1173 4667 δοῦλος
1203 4602 1348 4657 οὕτω
1391 4603 1722 4673 φθέγγεται;
1751 4603 1866 4657 Καὶ

279 4699 315 4749 ὁ
351 4694 582 4759 Ἡσαΐας
602 4713 615 4725 ·
648 4697 868 4763 Κύριος
891 4693 1243 4749 ἀπέσταλκε
1263 4711 1361 4763 με,
1389 4694 1487 4747 καὶ
1520 4692 1586 4746 τὸ
1624 4692 1869 4763 Πνεῦμα

281 4788 501 4843 αὑτοῦ·
554 4789 684 4854 καὶ,
731 4788 960 4856 Κατέϐη
1003 4787 1249 4855 Πνεῦμα
1281 4786 1441 4855 παρὰ
1485 4786 1729 4853 Κυρίου,
1767 4784 1868 4839 καὶ

378 4941 400 4973 ³
439 4942 458 4994 l
494 4941 626 4996 Cor.
666 4958 743 5006 vt,
781 4941 869 4995 Η.
972 4940 995 4973 ’⁵
1032 4941 1210 4996 Galat.
1254 4957 1328 5001 tv,
1364 4940 1416 4995 6.

360 5144 474 5216 (64)
500 5144 1014 5217 ΔυνάμεσικᾼΕιίἰιὶ
1063 5143 1272 5199 addunt
1320 5145 1672 5217 προσγέγονε.
1725 5142 1859 5215 Reg.

286 5214 562 5271 secundus
578 5214 811 5285 γίνεται.
830 5214 1094 5269 Neutrum
1122 5214 1440 5285 occurrit'in
1472 5214 1595 5269 aliis
1623 5214 1863 5285 quinque

284 5285 592 5340 codicibus.
634 5284 739 5340 Sed
772 5287 891 5340 haec
917 5285 1176 5339 videntur
1202 5284 1483 5340 addidisse
1530 5284 1779 5348 librarii,
1803 5292 1865 5338 ut

281 5356 569 5424 erplerent
600 5356 748 5425 quod
794 5369 1051 5409 mancum
1081 5362 1137 5409 et
1168 5353 1548 5424 imperfectum
1585 5370 1693 5408 non
1722 5362 1861 5419 erat,

284 5428 382 5481 sed
413 5440 538 5480 esse
568 5427 880 5480 videbatur.

353 5493 467 5561 (65)
523 5496 974 5563 Συμπαρόντος.
1027 5493 1121 5549 Sic
1168 5492 1388 5550 codices
1437 5508 1574 5549 mss.
1624 5508 1860 5550 omnes:

281 5565 411 5636 editi
437 5567 799 5636 ἐμπαρόντος.

354 5631 574 5708 (ϐϐχτῷ
588 5631 772 5708 tirio).
803 5634 1024 5690 Addunt
1044 5633 1153 5708 duo
1171 5631 1503 5708 codicesjroﬁ
1522 5636 1656 5708 Θεοῦ
1680 5636 1858 5708 ἡμῶν.

284 5704 404 5778 llos
446 5704 601 5775 Regii
624 5714 859 5778 quartus
877 5714 950 5778 _et
988 5706 1215 5778 quin_tus
1250 5704 1498 5778 καρδίαις
1527 5704 1856 5778 ημῶνζίΝιιο

284 5776 456 5830 multo
498 5772 847 5847 post'editio
874 5772 1049 5834 Paris.
1098 5775 1220 5831 Εἴτε
1264 5772 1357 5830 οὖν
1388 5776 1505 5848 τήν.
1548 5772 1679 5834 Mss.
1727 5777 1849 5831 Εἴτε

1520 4941 1542 4971 ⁵
1580 4938 1725 4995 Psal.
1770 4954 1887 5001 cur,
1918 4938 2005 4994 50.

283 5013 308 5044 ⁸
342 5013 448 5067 lsa.
491 5027 687 5075 xum.
729 5011 817 5066 16.
894 5011 939 5043 "
979 5013 1276 5073 Isa.uttt,
1316 5010 1404 5065 14.
1471 5012 1515 5042 ¹⁰
1554 5009 1700 5065 Psal.
1732 5025 1916 5074 Lxxvt,
1957 5010 2049 5066 21.

1968 3249 2092 3305 quae
2122 3233 2181 3287 tit
2210 3234 2268 3288 in
2296 3234 2457 3289 nobis
2502 3249 2598 3304 per
2637 3233 2939 3304 Spiritum,
2970 3230 3038 3285 ad
3069 3246 3338 3287 summam
3371 3230 3550 3285 admi-

1968 3326 2241 3380 rationem
2264 3324 2485 3379 deducit
2513 3324 2730 3379 animos
2751 3333 2994 3378 nostros.
3021 3320 3081 3375 lu
3111 3322 3196 3376 bis
3223 3329 3404 3374 utrum
3435 3335 3554 3374 me-

1970 3424 2128 3472 tuere
2154 3416 2439 3477 debemus,
2469 3431 2538 3469 ne
2561 3415 2881 3485 dignitatem
2911 3412 3222 3467 immodicis
3248 3410 3551 3467 honoribus

1968 3509 2437 3580 transgrediamur
2459 3508 2482 3561 ?
2500 3523 2568 3561 an
2591 3514 2807 3573 contra,
2826 3522 2896 3560 ne
2911 3506 3060 3560 illius
3076 3506 3350 3559 notionem
3366 3503 3432 3558 ad
3448 3503 3552 3558 hu-

1968 3600 2115 3654 milia
2129 3600 2521 3670 deprimamus,
2539 3598 2751 3653 etiamsi
2768 3597 3048 3652 videamur
3068 3596 3302 3649 maxima
3316 3595 3382 3650 de
3392 3610 3456 3648 eo
3470 3595 3550 3649 lo-

1969 3691 2084 3760 qui,
2107 3706 2230 3761 quaa
2246 3690 2468 3761 quidem
2486 3690 2721 3743 humana
2736 3696 2918 3743 mente
2933 3687 3145 3756 concipi
3168 3727 3183 3752 ,
3204 3687 3551 3757 humanaque

1969 3781 2151 3854 lingua
2173 3783 2410 3852 proferri
2432 3782 2704 3852 possunt?
2736 3779 2858 3834 Hmc
2874 3780 3010 3834 dicit
3033 3777 3272 3848 Spiritus
3298 3786 3546 3846 sanctus,

1968 3875 2112 3927 sicut
2128 3873 2242 3928 hac
2257 3873 2389 3928 dicit
2408 3872 2701 3927 Dominus:
2720 3869 3005 3933 Descende,
3028 3880 3075 3924 et
3096 3884 3247 3939 perge
3273 3885 3391 3921 cum
3411 3869 3546 3933 illis,

1968 3964 2100 4017 nihil
2121 3964 2394 4027 hwsitans,
2413 3964 2664 4034 quoniam
2678 3978 2769 4031 ego
2787 3961 2907 4014 misi
2932 3959 3053 4012 illos
3075 3959 3117 4012 ".
3138 3957 3274 4012 Num
3295 3958 3408 4012 haec
3420 3966 3548 4013 sunt

1968 4057 2164 4124 abiecti
2179 4070 2243 4110 ac
2262 4065 2407 4110 metu
2430 4056 2766 4110 consternati
2787 4055 2947 4108 verba
2964 4053 3245 4121 ?Separale
3260 4051 3389 4105 mihi
3406 4050 3546 4105 Bar-

1969 4149 2161 4201 nabam
2176 4156 2224 4200 et
2239 4146 2461 4201 Saulum
2492 4147 2545 4199 in
2564 4161 2691 4214 opus
2708 4145 2777 4197 ad
2797 4144 2904 4215 42
2919 4144 3056 4213 quod
3088 4143 3337 4197 accersiri
3360 4142 3479 4195 illos
3500 4140 3543 4193 ⁸.

1966 4237 2106 4292 Νυιιι
2137 4253 2329 4292 servus
2358 4238 2433 4290 ita
2466 4237 2745 4306 loquitur?
2776 4235 2841 4288 Et
2866 4235 3035 4290 Isaias
3069 4252 3080 4285 :
3112 4233 3369 4288 Dominus
3402 4234 3547 4287 misit

1968 4348 2069 4397 me,
2097 4339 2147 4385 et
2172 4329 2405 4399 Spiritus
2435 4329 2549 4398 ejus
2591 4332 2647 4396 ⁹;
2681 4335 2736 4383 et
2758 4368 2772 4393 ,
2810 4328 3088 4382 Descendit
3115 4327 3344 4396 Spiritus
3372 4344 3405 4380 a
3436 4325 3548 4379 Do-

1971 4423 2137 4487 mino,
2164 4432 2215 4475 et
2257 4420 2477 4474 deduxit
2505 4420 2628 4474 illos
2658 4421 2729 4475 ν’.
2768 4419 2840 4472 At
2867 4421 2934 4473 ne
2964 4434 3160 4473 rursus
3196 4417 3328 4471 mibi
3370 4414 3546 4472 dedu-

1970 4514 2204 4569 ctionem
2249 4512 2491 4583 accipias
2521 4527 2619 4583 pro
2654 4511 2849 4566 bumili
2898 4510 3224 4565 ministerio.
3272 4507 3406 4562 Nam
3440 4508 3547 4562 hoc

1968 4621 2107 4676 opus
2136 4605 2303 4660 etiam
2344 4604 2440 4660 Dei
2469 4621 2593 4661 esse
2624 4612 2860 4660 testatur
2896 4602 3203 4673 Scriptura.
3238 4599 3541 4662 Deduxisti,

1967 4696 2174 4765 inquit,
2204 4696 2343 4750 sicut
2377 4712 2494 4750 oves
2524 4695 2774 4765 populum
2807 4708 2956 4748 tuum
2979 4696 3059 4761 ⁸⁰;
3088 4704 3169 4758 et,
3200 4692 3303 4758 Qui
3333 4690 3543 4747 deducis

1969 4785 2108 4840 velut
2130 4803 2273 4842 ovem
2304 4784 2500 4858 Ioseph
2530 4788 2609 4855 “;
2644 4796 2720 4853 et,
2753 4785 2986 4841 Deduxit
3013 4801 3100 4840 eos
3128 4787 3182 4839 in
3219 4800 3330 4853 spe,
3359 4793 3411 4838 et
3438 4799 3543 4837 non

2112 4941 2133 4973 ⁸
2171 4941 2213 4994 ll
2246 4940 2372 4996 Cor.
2403 4958 2456 5004 ν,
2501 4942 2587 4994 Π.
2661 4943 2682 4972 ⁷
2720 4943 2837 4995 Act.
2874 4958 2929 5003 ι,
2955 4940 3043 4993 20.
3119 4939 3141 4971 ⁸
3180 4937 3297 4992 Act.
3328 4952 3446 5001 xm,
3480 4937 3539 4991 2.

2128 5013 2166 5042 “
2209 5010 2353 5065 Psal.
2396 5028 2593 5078 LXXIX,
2636 5012 2685 5065 1.

1967 5148 2085 5218 τήν,
2118 5155 2172 5201 et
2208 5146 2374 5203 Basil.
2398 5148 2529 5204 edit.

1974 5214 2150 5357 faé£67)
2185 5219 2454 5273 Βέλτιον.
2483 5218 2574 5274 Sic
2613 5233 2804 5275 omnes
2834 5234 2965 5275 mss.
2998 5217 3252 5274 codices:
3307 5214 3435 5272 editi
3478 5216 3540 5271 τὺ

2066 5306 2266 5341 τιστον.

2066 5306 2266 5341 τιστον.

2040 5358 2147 5428 (68)
2176 5362 2280 5424 Εὶς
2307 5361 2610 5414 ταπεινόν.
2645 5358 2774 5428 Reg.
2801 5357 2997 5428 tertius
3029 5356 3537 5428 cum»Colbert._t-:ig

1968 5424 2348 5499 ταπεινότητα.
2375 5431 2665 5498 Aliquanto
2695 5424 2817 5497 post
2838 5426 2966 5481 editi
2988 5427 3068 5479 ὅτι
3089 5426 3198 5499 ὲλγῲ
3219 5424 3536 5499 ἀπέσταλκα

1970 5497 2183 5559 αὐτούς.
2207 5494 2436 5554 Codices
2459 5494 2593 5553 mss.
2623 5494 2758 5551 ut’in
2789 5506 3066 5552 contextu.
3098 5494 3339 5551 Subinde
3364 5497 3529 5548 trium

1969 5567 2221 5637 codicum
2260 5570 2587 5637 scripturam
2624 5566 2988 5637 rprtetulimus
3039 5565 3416 5637 vulgatze_rdv
3471 5579 3531 5617 τι

1968 5636 2255 5709 Βαρνάϐαν
2284 5635 2386 5709 και
2408 5638 2505 5709 τὸν
2528 5635 2757 5709 Παῦλον.
2791 5638 3088 5695 Aliuuanto
3113 5635 3251 5693 infra
3281 5635 3411 5707 Reg.
3441 5648 3531 5690 se-

1965 5707 2178 5764 cundus
2209 5708 2435 5777 Πνεῦμα
2466 5707 2691 5779 Κυρίου.
