3972 6218
517 329 620 386 459
1826 324 1884 379 s.
1927 323 2172 381 BASlLll
2210 302 2441 382 ment
3668 317 3790 374 too

513 449 802 503 timuerunt
834 445 897 498 “.
947 442 1183 499 Proinde
1228 458 1353 499 cum
1398 443 1676 506 audieris,
1725 441 1855 498 Cum
1902 446 2067 499 reneri

2194 444 2516 514 ὡδήγησεν
2552 444 2792 509 αὐτούς.
2825 443 2935 496 Και
2980 457 3052 513 μη
3084 459 3172 513 μοι
3219 439 3319 512 τὴν
3345 439 3569 509 ὁδηγίαν
3614 439 3795 493 πάλιν

512 537 834 593 Paracletus
855 577 870 598 ,
901 536 991 590 ille
1028 536 1172 590 vobis
1203 546 1472 605 suggeret,
1497 552 1569 588 ac
1598 552 1685 589 vos
1712 536 1865 588 ducet
1898 536 1949 588 in
1980 552 2063 589 om

2198 537 2276 598 είς
2304 535 2564 606 ταπεινὴν
2590 535 2865 588 διακονίαν
2897 534 3155 607 ὲκλάϐῃς.
3178 532 3349 586 Τοῦτο
3378 531 3489 605 γὰρ
3515 530 3610 584 καὶ
3634 527 3794 583 Θεοῦ

511 649 633 688 nem
664 633 934 685 veritatem
960 631 1003 662 ¹³
1030 648 1042 683 :
1071 629 1252 700 cogita
1278 627 1685 692 deductionem,
1708 626 1872 682 sicuti
1896 625 2067 682 doctu:

2197 626 2355 698 ἔργον
2404 623 2541 681 εἶναι
2589 629 2618 681 ὁ
2680 626 2839 694 λόγος
2885 624 3331 697 διαμαρτύρεται.
3389 622 3791 691 Ὧδήγυησας,

506 739 607 790 es;
642 740 713 778 ne
738 722 1094 777 calumnieris
1125 720 1448 789 cogitatum.

2197 718 2382 789 φησὶν,
2406 717 2484 783 ὡς
2516 718 2779 784 πρόϐατα
2806 715 2913 769 τὸν
2938 715 3095 769 λαόν
3125 731 3242 769 σου
3260 729 3275 744 ’
3303 716 3415 776 καὶ,
3451 715 3507 765 '0
3536 708 3795 781 ὁδηγῶν

508 817 655 872 ὡσεὶ
692 818 985 886 πρόϐατον
1016 815 1123 869 τὸν
1184 813 1429 882 Ἰωσήφο
1477 814 1592 878 καὶ,
1664 810 2001 881 Ὠδήγησεν
2044 813 2267 878 αὐτοὺς
2330 813 2423 865 ἐπ’
2464 812 2695 876 ἐλπίδι,
2729 812 2828 866 καὶ
2863 814 2973 866 οὐκ
3019 810 3383 865 ἐδειλίασαν.
3411 811 3575 863 Ὥστε
3640 810 3792 861 ὅταν

507 909 768 981 ἀκούσῃς,
817 910 898 961 ὅτι
960 908 1145 961 Ὅταν
1173 906 1320 973 ἕλοῃ
1363 908 1396 959 ό
1431 904 1844 974 Παρακλητος,
1878 905 2111 970 ἐκεῖνος
2148 904 2304 975 ὑμᾶς
2341 905 2681 975 ἀναμνήσει
2725 904 2824 958 καὶ
2878 901 3164 973 ὁδηγήσει
3226 900 3337 973 (69)
3371 899 3522 970 πρὸς
3563 898 3791 954 πᾶσαν

509 1003 626 1072 τὴν
667 1002 975 1071 ἀλήθειαν,
1007 1003 1106 1073 τὴν
1145 1000 1388 1071 ὁδηγίαν,
1420 1001 1496 1063 ὼς
1539 1001 1841 1071 ἐδιδάχθης,
1866 1001 2004 1053 νόειο
2043 1000 2117 1071 μὴ
2156 1000 2481 1069 συκοφάντει
2514 999 2610 1070 τὴν
2637 999 2861 1052 ἔννοιαν.
3444 986 3447 991 ’

585 1094 675 1149 50.
713 1092 815 1152 At.
845 1093 1081 1162 inquies,
1113 1091 1293 1145 Etiam
1322 1093 1624 1161 interpellat
1668 1108 1763 1161 pro
1809 1095 1956 1149 nobis
1989 1094 2033 1125 “

2262 1094 2349 1147 50.
2402 1092 2561 1146 Ἀλλά
2601 1092 2710 1147 Καὶ
2752 1089 3123 1159 ἐντυγχάνει,
3162 1090 3347 1159 φησιν,
3388 1085 3540 1155 ὑπὲρ
3577 1084 3782 1156 ἡμῶν·

507 1184 737 1255 proinde
762 1192 1027 1254 quantum
1056 1184 1105 1239 is
1133 1183 1224 1253 qui
1258 1185 1488 1254 supplex
1534 1195 1619 1238 εει
1639 1226 1655 1249 ,
1705 1184 1956 1240 beneﬁcii
1988 1200 2067 1239 au-

2191 1183 2351 1235 Ὥστε
2370 1182 2491 1235 ὅσον
2517 1180 2702 1253 ἱκέτης
2722 1179 2814 1234 τοῦ
2842 1179 3126 1252 εὐεργέτου
3150 1177 3415 1240 λείπεται,
3435 1175 3697 1229 τοσοῦτον
3716 1175 3788 1228 τὸ

507 1282 665 1329 ctore
702 1273 932 1328 inferior
957 1281 1077 1341 est,
1105 1282 1314 1328 tantum
1352 1289 1572 1344 quoque
1603 1274 1842 1343 Spiritus
1871 1277 2067 1330 ratione

2188 1274 2414 1344 Πνεῦμα
2454 1274 2596 1327 κατά
2627 1273 2726 1344 τὴν
2770 1271 2927 1338 ἀξίαν
2969 1271 3334 1325 ἀποπέπτωκε
3369 1269 3462 1323 τοῦ
3498 1268 3658 1322 θεοῦ.
3697 1270 3783 1322 Σὺ

508 1364 795 1433 dignitatis
818 1379 848 1416 a
880 1362 991 1417 Deo
1018 1371 1287 1418 remotus.
1317 1364 1387 1415 At
1418 1372 1474 1416 tu
1505 1364 1746 1418 nondum
1780 1363 1983 1418 audisti
2013 1363 2067 1419 de

2187 1365 2243 1417 δὲ
2268 1365 2419 1417 οὔπω
2458 1366 2697 1436 ἤκουσας
2736 1365 2865 1436 περὶ
2897 1363 2989 1418 τοῦ
3030 1361 3389 1430 Μονογενοῦς,
3418 1363 3501 1414 ὃτι
3528 1362 3683 1414 ἐστὶν
3718 1362 3788 1413 ὲν

510 1453 828 1525 Unigenito,
856 1452 1003 1523 quod
1032 1454 1080 1509 is
1105 1463 1189 1509 est
1214 1455 1271 1508 in
1298 1453 1521 1519 dextera
1544 1454 1660 1520 Dei,
1686 1463 1742 1511 et
1773 1456 2067 1525 interpella]

2188 1456 2340 1528 δεξιᾷ
2374 1456 2464 1510 τοῦ
2500 1457 2659 1521 Θεοῦ,
2692 1457 2787 1509 καὶ
2819 1457 3134 1527 ἐντυγχάνει
3162 1455 3300 1526 ὑπὲρ
3322 1453 3513 1525 ήμῶν;
3545 1454 3638 1523 Μὴ
3675 1449 3784 1506 οῦν

514 1561 616 1617 pro
654 1546 820 1600 nobis
847 1546 929 1599 “’7
965 1545 1152 1613 Itaque
1192 1547 1321 1615 quia
1373 1546 1611 1615 Spiritus
1660 1548 1716 1601 in
1763 1553 1816 1602 te
1865 1555 1983 1610 est,
2038 1563 2066 1602 s

2187 1551 2267 1603 ὅτι
2304 1550 2365 1602 τὸ
2391 1549 2614 1619 Πνεῦμα
2639 1552 2696 1604 ὲν
2721 1550 2802 1602 σοὶ
2831 1549 3009 1619 (εἴπερ
3039 1547 3102 1618 δὴ
3130 1548 3266 1611 ὅλως
3294 1549 3351 1600 ὲν
3377 1546 3502 1617 σοι),
3530 1547 3655 1617 μηδ’
3685 1547 3781 1599 ὅτι

509 1645 693 1691 tamen
722 1635 949 1690 omnino
986 1637 1044 1690 in
1091 1645 1145 1690 te
1173 1624 1277 1702 est,
1309 1642 1362 1690 et
1408 1635 1537 1704 quia
1567 1650 1668 1690 nos
1696 1644 1993 1691 excaecatos
2019 1651 2067 1690 at

2189 1639 2676 1706 ἀποτυφλωθέντας
2725 1640 2873 1710 ἡμᾶς
2926 1639 3061 1710 πρὸς
3098 1638 3197 1710 τὴν
3232 1638 3461 1709 ἐκλογὴν
3492 1637 3585 1690 τοῦ
3623 1654 3780 1708 συμ-

509 1726 820 1797 eligendum
861 1726 1008 1796 quod
1039 1726 1175 1783 utile
1222 1734 1344 1793 est,
1387 1727 1578 1791 docet,
1607 1727 1968 1796 deducitque,
2019 1744 2067 1783 ne

2188 1733 2445 1802 φέροντος
2493 1731 2765 1796 διδάσκει,
2809 1732 2904 1785 καὶ
2951 1731 3168 1803 ὁδηγεῖ,
3194 1730 3383 1784 τούτου
3431 1731 3614 1784 ἕνεκεν
3666 1731 3779 1801 τὴν

510 1834 631 1874 eam
660 1819 731 1874 ob
762 1835 986 1874 causam
1017 1819 1163 1890 piam
1207 1834 1271 1874 ac
1310 1826 1554 1874 sanctam
1583 1816 1649 1871 de
1679 1833 1744 1871 eo
1774 1817 2067 1886 opinionen

2188 1822 2383 1893 εὐσεϐῆ
2430 1823 2525 1876 καὶ
2557 1823 2711 1876 ὁσίαν
2756 1824 2882 1895 περὶ
2909 1823 3074 1877 αὐτοῦ
3121 1822 3278 1887 δόξαν
3301 1822 3411 1894 (70)
3455 1821 3777 1893 ζημιωθῇς.

510 1912 750 1966 amittas.
780 1910 915 1965 Nam
947 1911 1192 1982 profecto
1224 1926 1472 1966 summus
1500 1910 1664 1964 fuerit
1696 1910 1893 1979 Ingrati
1916 1909 2085 1963 animi

507 2004 732 2073 gradus,
759 2002 1152 2059 benefacientis
1174 2003 1569 2056 humanitatem
1602 2002 1668 2056 ad
1692 2001 1892 2071 ingrati
1915 2000 2084 2055 animi

505 2095 854 2149 occasionem
887 2102 1121 2148 vertere.
1170 2092 1353 2147 Nolite
1395 2093 1563 2163 igitur
1597 2093 1927 2146 contristare
1957 2091 2082 2159 Spi-

505 2186 667 2239 ritum
695 2194 943 2238 sanctum
969 2184 1033 2237 “.
1066 2184 1264 2238 Audite
1287 2183 1418 2252 quid
1449 2182 1595 2238 dicat
1625 2192 1927 2252 martyrum
1968 2180 2084 2251 pri-

503 2281 672 2334 mitiae
722 2279 1075 2349 Stephanus,
1136 2276 1566 2331 inobedientiam
1616 2290 1681 2329 ac
1725 2274 2081 2329 rebellionem

503 2370 844 2440 exprobrans
896 2368 1122 2437 p0pulo.
1172 2366 1311 2431 Vos,
1354 2367 1552 2435 inquit,
1611 2379 1815 2431 semper
1858 2361 2082 2430 Spiritui

501 2470 685 2519 sancto
716 2461 971 2515 resistitis
1006 2460 1069 2512 ιτ.
1103 2457 1171 2511 Ει
1216 2473 1437 2513 rursum
1466 2457 1636 2513 Isaias
1664 2475 1678 2510 :
1716 2454 2071 2509 Exacerbave-

500 2562 624 2607 runt
654 2550 915 2620 Spiritum
945 2559 1189 2603 sanctum
1208 2587 1225 2612 ,
1255 2557 1305 2602 et
1347 2565 1526 2603 versus
1559 2556 1636 2601 est
1670 2548 1780 2601 illis
1817 2549 1872 2600 in
1900 2548 2083 2600 inimi-

501 2642 770 2696 citiam".
810 2640 877 2693 Et
907 2640 1072 2703 alibi,
1113 2638 1315 2693 Domus
1337 2637 1506 2693 Iacob
1542 2639 1777 2691 irritavit
1821 2637 2080 2706 Spiritum

498 2733 717 2788 Domini
746 2731 811 2788 ¹⁹.
862 2731 1095 2796 Audite,
1140 2732 1363 2801 inquam
1382 2769 1397 2795 ,
1432 2745 1502 2785 an
1530 2746 1640 2785 non
1667 2730 1783 2785 hate
1809 2745 2079 2786 summam

499 2824 799 2895 potentiam
844 2822 1160 2879 declarent?
1196 2820 1415 2876 Judicio
1462 2821 1757 2899 legentium
1800 2821 2077 2890 permitto,

498 2931 638 2986 quas
669 2914 891 2969 tandem
932 2921 1182 2983 Oporteat
1205 2928 1301 2968 eos
1322 2955 1338 2979 ,
1367 2912 1463 2983 qui
1493 2913 1609 2968 hate
1655 2911 1919 2977 audiunt,
1960 2912 2079 2982 epi-

498 3007 691 3061 niones
718 3006 1044 3075 concipere;
1075 3013 1258 3058 utrum
1291 3004 1653 3076 tanquamde
1685 3003 2074 3066 instrumento,

496 3098 673 3168 deque
701 3097 1011 3163 obediente,
1047 3105 1102 3152 et
1144 3112 1333 3167 parem
1363 3095 1735 3151 conditionem
1765 3110 1889 3150 cum
1917 3110 2072 3150 crea-

493 3199 619 3245 tura
660 3190 889 3253 sortito,
921 3190 1159 3260 denique
1204 3188 1366 3245 nobis
1413 3203 1681 3244 conservo
1731 3187 1968 3253 sentire;
2001 3201 2071 3241 an

495 3281 881 3351 gravissimum
930 3282 1017 3337 vel
1074 3281 1244 3336 verbo
1303 3281 1424 3335 solo
1478 3281 1622 3334 hanc
1674 3278 2067 3348 blasphemiam

494 3374 710 3444 piorum
767 3389 930 3431 aures
985 3374 1218 3431 subire?
1274 3373 1505 3430 Servum
1562 3373 1704 3429 dicis
1764 3373 2072 3443 Spiritum?

497 3461 603 3519 Sed
639 3480 864 3528 servus,
912 3464 1134 3535 inquit,
1166 3480 1278 3519 non
1314 3465 1468 3519 novit
1505 3463 1635 3534 quid
1683 3462 1847 3518 faciat
1890 3463 2068 3518 domi-

494 3570 601 3611 nus
627 3555 800 3625 ipsius
826 3557 873 3588 ¹⁰
910 3575 923 3611 :
959 3555 1200 3627 Spiritus
1228 3564 1409 3610 autem
1443 3570 1553 3610 non
1583 3555 1742 3609 aliter
1771 3553 1922 3608 novit
1950 3569 2070 3623 qua:

493 3655 624 3703 sunt
657 3646 773 3714 Dei,
802 3662 967 3718 quam
1002 3648 1233 3718 spiritus
1261 3646 1507 3704 hominis
1531 3648 1686 3702 novit
1714 3661 1836 3717 quae
1865 3646 1919 3699 in
1951 3647 2069 3716 ipso

492 3745 622 3795 sunt
644 3738 710 3791 ἰ.

1086 3846 1317 3903 CAPUT
1337 3846 1457 3902 XX.

490 3957 753 4016 Adversus
783 3976 909 4025 eos,
943 3958 1033 4029 qui
1083 3959 1266 4013 dicunt
1314 3958 1572 4028 Spiritum
1618 3976 1711 4013 nec
1750 3961 1806 4012 in
1851 3959 2063 4021 servili,

559 4044 652 4083 nec
678 4030 731 4082 in
759 4029 912 4084 herili
942 4029 1245 4085 conditione
1268 4047 1402 4095 esse,
1431 4030 1521 4084 sed
1554 4034 1609 4083 in
1632 4030 1928 4084 conditione
1947 4030 2068 4084 libe-

560 4115 765 4155 rarum.

561 4188 653 4244 5i.
711 4188 900 4259 Neque
962 4205 1197 4253 servus,
1252 4190 1471 4260 inquit,
1531 4206 1713 4261 neque
1772 4190 2062 4253 dominus,

488 4279 586 4336 sed
619 4280 774 4334 liber.
818 4280 863 4335 O
893 4281 1093 4335 mirum
1134 4289 1418 4351 stuporem
1439 4320 1455 4345 ,
1488 4297 1523 4337 ο
1559 4280 1926 4337 miserandam
1963 4296 2064 4333 au-

2200 1914 2507 1986 Ύπερΰολὴ
2537 1915 2645 1987 γὰρ
2686 1915 3078 1988 ἀγνωμοσύνης
3114 1915 3272 1968 τοῦτό
3298 1931 3386 1983 γε,
3426 1915 3524 1985 τὴν
3568 1913 3776 1983 φιλαν-

2188 2002 2432 2074 θρωπίαν
2470 2004 2563 2057 τοῦ
2608 2004 2894 2075 εὐεργέτου
2933 2003 3184 2074 ἀφορμὴν
3222 2002 3542 2074 ἀχαριστίας
3588 2006 3776 2054 ποιεῖν

2187 2095 2333 2150 σθαι.
2376 2096 2466 2167 Μὴ
2502 2091 2594 2149 οῦν
2636 2095 2856 2149 λυπεῖτε
2902 2096 2962 2148 τὸ
2993 2095 3217 2165 Πνεῦμα
3253 2094 3314 2147 τὸ
3355 2094 3526 2162 ἅγιον.
3571 2094 3777 2147 Ἀκού-

2186 2204 2317 2239 σατε
2362 2186 2414 2239 τί
2447 2204 2610 2257 φησιν
2667 2189 2700 2257 ὴ
2737 2187 2959 2258 ἀπαρχὴ
2991 2187 3099 2239 τῶν
3148 2186 3438 2256 μαρτύρων
3467 2185 3772 2253 Στέφανος,

2182 2278 2243 2331 τὸ
2288 2277 2576 2341 δυσπειθὲς
2623 2278 2719 2331 καὶ
2762 2278 3133 2331 ἀνυπότακτον
3184 2277 3262 2346 τῷ
3318 2274 3433 2346 λαῷ
3465 2275 3769 2338 ὀνειδίζων.

2195 2370 2411 2439 Ὑμεῖς,
2455 2371 2648 2441 φησιν,
2689 2370 2782 2424 ἀεὶ
2834 2367 2914 2435 τῷ
2939 2370 3237 2438 Πνεύματι
3284 2368 3362 2434 τῷ
3414 2369 3559 2438 ἁγίῳ
3599 2370 3772 2422 ἀντι-

2182 2462 2448 2517 πίπτετε.
2512 2462 2623 2516 Καὶ
2673 2461 2834 2516 πάλιν
2878 2462 2907 2513 ὁ
2960 2462 3188 2524 Ἡσαΐας
3212 2477 3224 2491 ο
3280 2454 3647 2527 Hapchqu
3694 2460 3768 2513 τὸ

2181 2551 2423 2621 Πνεῦμα
2446 2551 2511 2605 τὸ
2534 2551 2724 2621 ἅγιον,
2750 2550 2846 2603 καὶ
2873 2549 3140 2618 ἐστράφη
3170 2548 3374 2613 αὐτοῖς
3393 2551 3478 2614 είς
3499 2550 3729 2618 ἔχθραν
3747 2566 3763 2579 °

2181 2645 2276 2699 καὶ
2321 2645 2579 2716 ἑτέρωθι·
2620 2645 2683 2697 '0
2710 2640 2874 2708 οἶκος
2900 2642 3007 2695 τοῦ
3043 2641 3250 2696 Ἰακὼϐ
3283 2641 3617 2711 παρώργισε
3642 2642 3766 2711 (71)

2180 2737 2246 2789 τὸ
2277 2734 2519 2803 Πνεῦμα
2545 2733 2767 2801 Κυρίου
2789 2749 2801 2761 ·
2836 2734 2885 2785 εί
2919 2731 2994 2802 μὴ
3022 2731 3433 2801 ὲξουσιαστικῆς
3473 2730 3766 2801 δυνάμεως

2181 2825 2565 2897 παραστατικά
2612 2825 2682 2878 τὰ
2732 2822 2993 2889 τοιαῦτα;
3023 2824 3100 2893 Τῇ
3163 2823 3269 2875 τῶν
3323 2823 3766 2892 ἐντυγχανόντων

2180 2918 2355 2989 κρίσει
2385 2917 2643 2988 παρίημι,
2683 2916 2855 2970 ταῦτα
2886 2914 3180 2974 ἀκούοντας
3227 2913 3417 2976 ὁποίας
3464 2913 3617 2976 τινάς
3649 2917 3763 2984 χρὴ

2178 3007 2276 3072 τὰς
2344 3008 2641 3078 ὑπολήψεις
2694 3006 2872 3077 ἔχειν·
2908 3004 2981 3068 ὼς
3029 3003 3157 3074 περὶ
3203 3003 3466 3075 ὀργάνου,
3511 3002 3606 3054 καὶ
3651 3002 3764 3054 ὐπι

2179 3097 2363 3168 ηκὸου,
2386 3098 2479 3151 καὶ
2499 3098 2762 3168 ὀμοτίμου
2783 3098 2847 3168 τῇ
2876 3095 3073 3158 κτίσει,
3100 3094 3195 3148 καὶ
3214 3095 3343 3164 ἡμῖν
3365 3091 3656 3163 ὁμοδούλου
3676 3109 3693 3154 ;
3722 3094 3759 3162 ἢ

2178 3187 2477 3258 βαρύτατον
2509 3188 2604 3240 καὶ
2634 3190 2841 3259 ῥήματι
2878 3186 3024 3258 μόνῳ
3052 3185 3149 3257 τὴν
3171 3184 3518 3255 βλασφημίαν
3546 3183 3761 3255 ταύτην

2178 3279 2432 3334 ὑποδῦναι
2460 3283 2572 3343 τοῖς
2618 3279 2895 3343 εὐσεϐέσι;
2944 3278 3138 3330 Δοῦλον
3170 3276 3349 3345 λέγεις
3389 3275 3449 3328 τὸ
3486 3276 3758 3346 Πνεῦμα;

2189 3371 2375 3425 Ἀλλ’ὁ
2404 3371 2607 3435 δοῦλος,
2661 3371 2846 3442 φησιν,
2882 3371 2983 3423 οὐκ
3036 3364 3146 3422 οἶδε
3190 3369 3243 3421 τί
3292 3369 3433 3420 ποιεῖ
3477 3368 3507 3420 ὁ
3562 3367 3760 3438 κύριος

2175 3465 2371 3520 αὐτοῦ·
2403 3466 2463 3518 τὸ
2506 3466 2562 3518 δὲ
2607 3464 2832 3536 Πνεῦμα
2878 3463 3049 3527 οὕτως
3072 3458 3178 3515 οἶδε
3221 3463 3291 3515 τὰ
3338 3462 3432 3515 τοῦ
3481 3461 3642 3525 Θεοῦ,
3677 3461 3759 3519 ὡς

2175 3561 2267 3612 καὶ
2294 3558 2356 3612 τὸ
2383 3558 2597 3629 πνεῦμα
2634 3556 2727 3610 τοῦ
2754 3555 3043 3627 ἀνθρώπου
3078 3554 3147 3608 τά
3180 3555 3238 3606 ὲν
3262 3553 3407 3623 αὐτῷ
3431 3552 3570 3624 (72).

2706 3847 3100 3903 ΚΕΦΑΛΑΙΟΝ
3137 3848 3221 3900 K'.

2172 3964 2329 4032 Πρὸς
2361 3964 2503 4029 τοὺς
2535 3964 2827 4031 λέγοντας
2844 3961 2995 4031 μήτε
3015 3962 3085 4013 ἐν
3106 3957 3374 4032 δουλικῇ
3396 3959 3757 4032 τάξειᾷμήεοε

2242 4036 2312 4086 ἐν
2342 4029 2670 4101 δεσποτικῇ
2695 4029 2854 4086 εἶναι
2882 4032 2948 4085 τὸ
2974 4030 3235 4099 Πνεῦμα,
3267 4031 3405 4083 ἀλλ’
3429 4030 3498 4082 ἐν
3519 4029 3604 4099 τῇ
3631 4032 3755 4086 τῶν

2243 4103 2593 4169 ἐλευθέρων.

2242 4197 2331 4251 51.
2371 4195 2507 4248 Οῦτε
2530 4194 2716 4247 δοῦλόν
2757 4210 2942 4265 φησιν,
2982 4192 3105 4246 οὐτε
3133 4192 3418 4262 δεσπότην,
3448 4182 3563 4244 ἀλῖ
3586 4193 3752 4246 ἐλεύ-

2172 4286 2346 4358 θερον.
2390 4287 2454 4337 ’Ὠ
2508 4285 2608 4354 τῆς
2642 4284 2822 4354 δεινῆς
2864 4282 3229 4353 ἀναλγησίας,
3276 4280 3322 4334 ὣ
3365 4282 3463 4352 τῆς
3501 4282 3750 4353 ἐλεεινῆς

489 4370 701 4425 daciam
768 4370 874 4425 ista
934 4371 1312 4441 loquentium!
1372 4372 1515 4439 Quid
1576 4373 1813 4442 amplius
1875 4372 2064 4441 deplo-

2179 4377 2401 4447 ἀφοϐίας
2457 4376 2563 4429 τῶν
2617 4375 2788 4430 ταῦτα
2848 4374 3150 4442 λεγόντωνι
3216 4372 3281 4425 Τί
3348 4372 3507 4426 πλέον
3559 4373 3750 4426 αὐτῶν

488 4474 650 4516 rem!
706 4470 890 4516 utrum
955 4463 1262 4529 inscitiam,
1326 4478 1397 4518 an
1473 4463 1867 4533 blasphemiam
1925 4463 2061 4518 isto-

485 4552 662 4608 rum?
718 4554 813 4623 qui
876 4551 1096 4621 quidem
1166 4553 1235 4607 de
1299 4552 1411 4609 Deo
1480 4554 1736 4624 dogmata
1799 4552 2060 4609 humanis

484 4644 752 4715 exemplis
806 4644 1176 4711 dedecorant;
1230 4660 1296 4699 ac
1348 4646 1634 4700 hominum
1702 4645 2058 4700 consuetudi--

483 4751 651 4801 nem,
702 4750 799 4805 per
848 4750 1012 4805 quam
1065 4735 1254 4805 dispar
1285 4743 1370 4791 est
1422 4736 1746 4807 dignitatum
1783 4737 2058 4791 excellen-

482 4827 581 4891 tia,
619 4827 687 4882 ad
718 4827 960 4882 divinam
991 4835 1044 4882 et
1079 4827 1407 4883 incﬂ‘abilem
1441 4836 1693 4882 naturam
1729 4842 2050 4882 accommo-

481 4919 706 4975 modare
743 4920 998 4974 nituntur
1033 4936 1046 4974 :
1081 4919 1227 4974 haud
1264 4928 1581 4990 reputantes
1612 4920 1754 4990 apud
1805 4920 2053 4976 homines

481 5009 703 5077 quidem
734 5010 946 5064 nullum
973 5024 1099 5065 esse
1123 5018 1322 5064 natura
1353 5025 1594 5065 servum.
1631 5011 1739 5065 Aut
1765 5011 1911 5067 enim
1958 5028 2055 5083 po-

555 5183 598 5216 "
634 5183 779 5239 Psal.
818 5201 1023 5250 Lxxvn,
1064 5187 1152 5241 55.

485 5251 526 5283 ³⁷
566 5255 688 5308 Act.
720 5271 827 5321 vn,
860 5257 948 5312 51.

554 5407 669 5483 (ῥῼ)
701 5412 812 5483 Kal
845 5411 1150 5483 ὁδηγήσει.
1183 5414 1308 5471 Haec
1347 5413 1531 5468 addita
1570 5429 1601 5469 e
1624 5430 1715 5471 sex
1745 5419 2048 5474 codicibus.

555 5480 668 5551 (70)
698 5482 832 5554 Kal“
860 5480 1039 5554 ὁσίαν
1063 5485 1197 5554 περὶ
1239 5484 1426 5538 αὐτοῦ
1469 5483 1676 5547 δόξαν.
1710 5485 1800 5542 Sic
1832 5489 2051 5545 codices

485 5563 677 5627 omnes
705 5570 752 5627 L
751 5551 881 5627 editi
917 5554 1010 5607 καὶ
1037 5551 1185 5627 θείαν
1214 5555 1369 5627 δόξαν
1396 5555 1523 5627 περὶ
1559 5556 1767 5610 τούτου.

560 5619 672 5703 (⁸7])
698 5620 1054 5703 Παρώρπςισε.
1089 5625 1180 5680 Sic
1208 5619 1583 5703 chices_mss.
1614 5641 1823 5703 omnes,
1859 5646 1956 5699 pro
1984 5645 2049 5683 eo

486 5689 633 5760 quOd
654 5689 751 5747 est
775 5692 831 5745 in
880 5692 1041 5750 editis
1083 5695 1383 5765 παρώξυνε.
1417 5694 1593 5766 Caput
1636 5689 1954 5755 vicesimum
1990 5702 2044 5755 in

1267 5187 1311 5219 "
1337 5186 1494 5243 Joan.
1540 5205 1649 5252 xw,
1699 5189 1807 5255 26;
1866 5207 1977 5254 xw,
2035 5191 2123 5248 i3.

1042 5258 1085 5289 ⁸⁸
1125 5256 1223 5313 lsa.
1268 5273 1436 5324 uin,
1480 5260 1565 5315 10.
1643 5262 1686 5293 ¹⁹
1726 5261 1868 5317 Psal.
1910 5278 1997 5325 cv,
2032 5263 2120 5316 52.

2168 4467 2478 4539 ὁδὺρωμαι;
2514 4466 2574 4520 τὸ
2612 4465 2822 4537 ἀμαθὲς
2866 4464 2975 4536 (75)
2998 4505 3012 4529 ,
3042 4464 3074 4534 ἢ
3115 4464 3176 4516 τὸ
3214 4462 3559 4535 βλάσφημον;
3593 4465 3651 4516 οἵ
3678 4483 3748 4532 γε

2165 4559 2236 4612 τὰ
2295 4560 2396 4631 τῆς
2442 4559 2719 4627 θεολογίας
2769 4558 3011 4627 δόγματα
3065 4554 3425 4626 ἀνθρωπίνοις
3476 4555 3744 4626 παραδεί-

2163 4667 2336 4720 γμασι
2380 4648 2768 4720 καθυϐρίζουσι
2791 4689 2805 4713 ,
2846 4647 2940 4701 καὶ
2974 4646 3073 4717 τὴν
3106 4639 3208 4698 ὦδε
3255 4644 3743 4717 συνήθειαν,παρ-

2159 4737 2502 4809 ηλλαγμένην
2570 4736 2799 4808 ἔχουσαν
2845 4736 2952 4788 τῶν
3018 4734 3342 4806 ἀξιωμάτων
3392 4736 3491 4806 τὴν
3543 4735 3741 4805 διαφο-

2164 4831 2284 4902 ρὰν,
2310 4832 2376 4900 τῇ
2419 4829 2539 4899 θείᾳ
2576 4829 2669 4883 καὶ
2708 4829 2932 4900 ἀρρήτῳ
2961 4827 3119 4895 φύσει
3163 4826 3569 4900 προσαρμόζειν
3612 4828 3742 4880 επι-

2159 4920 2465 4991 χειροῦσινο
2496 4921 2597 4974 οὐκ
2618 4917 2958 4981 ἐννοοῦντες,
2985 4919 3066 4970 ὅτι
3097 4916 3247 4987 παρά
3296 4918 3392 4988 μὲν
3423 4916 3739 4990 ἀνθρώποις

2158 5014 2225 5083 τῇ
2267 5011 2425 5079 φύσει
2454 5010 2636 5074 δοῦλος
2672 5009 2867 5072 οὐδείς.
2907 5009 2976 5062 Ἢ
3004 5009 3113 5080 γὰρ
3146 5009 3739 5075 καταδυναπευθέντες

2863 5192 2906 5223 ³⁸
2946 5193 3076 5247 ibid.
3184 5192 3229 5223 "
3265 5189 3464 5259 Ephes.
3517 5203 3604 5254 Iv,
3637 5188 3729 5244 50.

2770 5268 2814 5294 ἰ
2852 5260 2875 5315 l
2909 5263 3038 5318 Cor.
3083 5278 3158 5326 ιι,
3197 5261 3285 5315 Η.

2232 5193 2276 5223 ¹⁵
2317 5187 2472 5245 Rom.
2506 5207 2625 5254 vm,
2659 5191 2749 5246 54.

2197 5263 2242 5294 ⁸ο
2280 5260 2439 5316 Joan.
2481 5279 2570 5325 xv,
2610 5262 2695 5316 15.

2157 5420 2434 5474 nonnullis
2485 5417 2769 5473 codicibus
2811 5417 3000 5486 incipit
3049 5416 3118 5470 ab
3161 5415 3246 5472 bis
3279 5414 3482 5472 verbis.
3530 5416 3731 5471 Δοῦλον

2154 5490 2331 5557 λέγεις
2356 5489 2417 5542 τὸ
2462 5490 2707 5558 Πνεῦμα.
2742 5487 2856 5543 lmo
2884 5490 3045 5543 etiam
3079 5503 3244 5557 supra
3292 5486 3350 5539 in
3397 5501 3508 5541 uno
3536 5488 3733 5544 codice

2155 5561 2223 5615 ab
2253 5560 2395 5618 istis.
2432 5559 2567 5611 ἀλλὰ
2598 5560 2690 5611 καὶ
2718 5558 3050 5628 ἐντυγχάνει.

2222 5630 2333 5695 (72)
2372 5628 2445 5683 Τὰ
2470 5629 2539 5681 ἐν
2564 5630 2740 5693 αὐτῷ.
2766 5626 2995 5682 Codices
3021 5627 3265 5682 nonnulli
3298 5628 3359 5680 τὸ
3383 5629 3450 5698 ὲν,
3468 5626 3637 5698 αὐτῷ.

2222 5700 2333 5771 (73)
2374 5700 2442 5754 Τὸ
2474 5700 2716 5769 ἀμαθές.
2747 5698 2878 5770 Reg.
2914 5706 3143 5769 quartus
3172 5698 3233 5751 τὸ
3268 5697 3507 5760 ἀπειθές.
