3972 6218
238 398 336 457 i8i

1348 395 1548 449 LIBER
1578 395 1664 449 DE
1706 393 1977 451 SPIRITU
2024 394 2312 451 SANCTO.

3400 378 3505 453 1'62

238 516 347 569 ὑπὸ
388 515 553 583 ζυγὸν
599 514 850 577 δουλείας
907 512 1147 584 ἤχθησαν
1186 510 1320 581 (74),
1353 511 1427 574 ὡς
1464 512 1520 563 ἐν
1559 509 1831 580 αἰχμαλω-

1937 509 2105 563 tentia
2138 509 2412 579 oppressi,
2439 508 2543 563 sub
2578 508 2774 578 jugum
2820 509 3105 565 servitutis
3145 508 3252 580 43
3294 508 3506 563 inducti

241 606 389 669 σίαις
409 624 422 636 ·
450 607 484 675 ἦ
509 606 600 659 διὰ
621 606 816 658 πενίαν
843 602 1343 672 κατεδουλώθησαν,
1369 602 1444 664 ὡς
1469 603 1519 654 οἱ
1544 601 1826 668 Αἰγύπτιοι

239 698 323 768 τῷ
348 700 550 769 Φαραώ
569 712 584 725 ‘
618 699 651 768 ἢ
693 698 834 751 κατά
860 713 981 749 τινα
1014 696 1181 766 σοφὴν
1212 697 1306 749 καὶ
1333 688 1642 765 ἀπόρρητον
1685 695 1826 747 οίκο-

241 790 441 861 νομίαν
470 793 520 842 οἱ
551 790 768 859 χείρους
810 788 919 841 τῶν
956 786 1160 839 παίδων
1207 788 1270 838 ἐκ
1310 786 1410 855 τῆς
1441 785 1549 837 τῶν
1578 783 1827 856 πατέρων

242 880 433 949 φωνῆς
450 884 563 941 τοῖς
586 879 1010 950 φρονιμωτέροις
1029 877 1120 929 καὶ
1154 875 1384 944 βελτίοσι
1422 872 1689 926 δουλεύειν
1706 889 1828 925 κατ-

244 971 650 1041 εδικάσθησαν·
711 972 780 1041 ἦν
829 968 949 1021 οὐδὲ
988 966 1317 1034 καταδίκην,
1354 964 1465 1018 ἀλλ’
1512 963 1827 1034 εὐεργεσίαν

244 1064 394 1115 εἴποι
424 1079 507 1125 τις
547 1061 613 1115 ἂν
639 1060 846 1122 δίκαιος
873 1059 981 1111 τῶν
1026 1059 1327 1127 γινομένων
1366 1054 1679 1124 ἐξεταστὴς.
1724 1054 1826 1105 Τὸν

245 1153 358 1224 γὰρ
389 1154 458 1205 δι’
488 1152 693 1204 ἔνδειαν
729 1149 823 1203 τοῦ
861 1151 1075 1221 φρονεῖν
1103 1149 1202 1201 οὐκ
1238 1147 1429 1216 ἔχοντα
1469 1146 1527 1199 ἐν
1559 1145 1735 1214 ἐαυτῷ
1767 1144 1828 1196 τὸ

246 1245 397 1298 κατά
447 1244 607 1311 φύσιν
638 1242 837 1314 ἄρχον,
886 1241 1069 1293 τοῦτον
1115 1241 1301 1310 ἑτέρου
1340 1240 1524 1309 κτῆμα
1572 1239 1825 1307 γενέσθαι

244 1336 709 1405 λυσιτελέστερον,
763 1332 872 1395 ἴνα,
933 1329 1009 1400 τῷ
1057 1329 1148 1383 τοῦ
1204 1328 1530 1400 κρατοῦντος
1582 1328 1828 1399 λογισμῷ

244 1427 680 1497 διευειυνόμενος,
715 1426 899 1495 ὅμοιος
1002 1422 1208 1493 ἆρματι
1239 1424 1452 1493 ἡνίοχον
1486 1420 1826 1486 ἀναλαϐόντι,

246 1520 344 1572 καὶ
371 1518 548 1588 πλοίῳ
576 1517 914 1587 κυϐερνήτην
944 1514 1118 1585 ἔχοντι
1149 1514 1241 1566 ἐπί
1269 1514 1467 1567 οίάκων
1497 1514 1825 1583 καθήμενον.

246 1610 349 1663 Διά
379 1608 541 1662 τοῦτο
591 1606 786 1660 Ἰακὼϐ
809 1605 997 1677 κύριος
1024 1604 1116 1657 τοῦ
1158 1602 1326 1665 Ἦ,σαῦ
1352 1606 1416 1656 ἐκ
1450 1602 1550 1672 τῆς
1580 1603 1829 1669 εὐλογίας

245 1702 344 1755 τοῦ
379 1700 608 1772 πατρὸς,
636 1701 725 1751 ἴνα
748 1698 843 1750 καὶ
879 1696 953 1767 μὴ
991 1695 1306 1766 βουλόμενος
1334 1694 1485 1765 παρά
1520 1694 1613 1747 τοῦ
1641 1693 1827 1766 φρονί-

250 1809 354 1864 μου
377 1790 737 1862 εὐεργετῆται
764 1791 792 1842 ὁ
816 1788 1025 1858 ἄφρων,
1051 1788 1150 1840 οὐκ
1173 1785 1312 1857 ἔχων
1339 1787 1429 1838 τὸν
1455 1788 1650 1838 οἰκεῖον
1674 1785 1829 1856 κηδε-

1933 592 2083 665 sun't,
2117 602 2268 655 velut
2299 601 2355 654 in
2399 601 2543 655 bello
2579 601 2724 670 capti
2764 618 2777 655 :
2815 607 2909 653 aut
2951 600 3021 654 ob
3060 608 3408 670 pauperatem
3448 599 3507 654 in

1933 693 2255 746 servitutem
2287 692 2466 747 adacti
2500 703 2651 757 sunt,
2701 692 2851 747 velut
2891 691 3137 763 zEgyptii
3179 692 3454 747 Pharaoni
3487 709 3504 747 :

1934 795 2027 838 aut
2051 784 2211 853 juxta
2234 784 2538 854 sapientem
2567 784 2863 854 quamdam
2904 792 2958 839 et
2988 799 3248 839 arcanam
3278 785 3506 855 dispen-

1932 877 2229 941 sationem,
2262 878 2353 947 qui
2389 877 2533 931 inter
2557 877 2699 931 lilios
2721 877 3026 932 deteriores
3050 885 3198 942 sunt,
3221 888 3506 948 parentum

1933 982 2101 1031 voce,
2143 967 2571 1037 sapientioribus
2608 983 2673 1023 ac
2717 970 3039 1024 melioribus
3080 970 3137 1024 in
3187 971 3508 1027 servitutem

1934 1058 2136 1111 addicti
2160 1067 2318 1124 sunt;
2344 1074 2508 1129 quam
2531 1059 2954 1130 haudquaquam
2972 1063 3505 1129 condemnationem,

1933 1149 2029 1203 sed
2061 1148 2384 1203 beneﬁcium
2411 1150 2594 1220 potius
2618 1150 2820 1221 dixerit
2850 1167 3040 1222 aequus
3064 1168 3246 1207 rerum
3271 1154 3513 1208 aestima-

1934 1246 2042 1292 tor.
2086 1235 2221 1291 Nam
2253 1239 2347 1308 qui
2374 1239 2445 1292 ob
2479 1254 2677 1296 sensus
2712 1240 2977 1311 inopiam,
3020 1258 3128 1296 non
3160 1243 3321 1299 habet
3349 1245 3407 1299 in
3433 1260 3513 1300 se-

1934 1347 1993 1385 se
2016 1320 2075 1385 id
2102 1330 2248 1400 quod
2282 1338 2473 1385 natura
2504 1334 2759 1403 imperat,
2783 1334 2914 1389 huic
2947 1336 3138 1393 utilius
3167 1346 3252 1393 est
3285 1340 3511 1397 alterius

1936 1420 2048 1473 ﬁeri
2084 1421 2440 1490 mancipium,
2471 1433 2531 1475 ut
2565 1422 2693 1476 dum
2730 1423 3067 1482 dominantis
3093 1430 3383 1498 prudentia
3425 1432 3514 1487 di-

1934 1511 2153 1581 rigitur,
2183 1511 2382 1567 similis
2415 1514 2488 1566 sit
2516 1515 2704 1569 currui
2739 1517 2835 1585 qui
2858 1518 3103 1588 aurigam
3133 1521 3379 1591 recepit,
3415 1531 3512 1576 aut

1934 1604 2059 1658 navi
2100 1619 2221 1673 qua:
2255 1605 2573 1659 nauclerum
2605 1606 2767 1662 habet
2796 1608 2953 1663 clavo
2982 1609 3335 1666 assidentem.
3361 1610 3513 1668 Hanc

1933 1693 2003 1747 ob
2037 1709 2262 1749 causam
2312 1694 2482 1751 Jaeoh
2522 1697 2779 1753 dominus
2829 1697 2971 1755 Esau
3009 1716 3076 1755 ex
3126 1701 3514 1758 benedictione

1935 1787 2105 1856 patris
2132 1789 2199 1854 ",
2228 1795 2289 1840 ut
2312 1788 2514 1841 stultus
2549 1802 2580 1841 a
2613 1789 2859 1857 sapiente
2887 1791 2973 1845 vel
3000 1792 3206 1847 invitus
3234 1792 3511 1848 beneﬁcio

251 1882 389 1953 μόνα
420 1882 511 1933 τὸν
544 1879 688 1933 νοῦν.
727 1881 836 1932 Καὶ
866 1878 1085 1932 Χαναὰν
1117 1880 1244 1940 παῖς
1278 1878 1491 1946 οἰκέτης
1520 1877 1630 1947 (75)
1677 1877 1829 1929 ἔσται

1937 1874 2257 1943 afficeretur,
2305 1877 2509 1947 quippe
2563 1893 2673 1931 non
2709 1878 2917 1934 habens
2967 1883 3250 1950 proprium
3294 1889 3515 1938 curato-

246 1975 362 2034 τοῖς
395 1970 666 2038 ἀδελφοῖς,
693 1967 878 2040 ἐπειδὴ
916 1967 1193 2029 ἀδίδακτος
1218 1962 1285 2037 ἦν
1313 1966 1411 2035 τῆς
1429 1966 1648 2036 ἀρετῆς,
1671 1967 1835 2018 ἀσύν-

248 2080 370 2118 ετον
402 2061 543 2132 ἔχων
564 2062 657 2113 τὸν
686 2060 876 2112 ἑαυτοῦ
917 2060 1127 2128 πατέρα
1160 2058 1251 2110 τὸν
1282 2059 1429 2126 Χὰμ.
1463 2051 1587 2109 Ὧδε
1617 2057 1714 2126 μὲν
1740 2054 1833 2111 ὀῦν

246 2154 423 2216 οὕτως
440 2156 490 2206 ot
508 2152 702 2205 δοῦλοι·
726 2150 997 2220 ἐλεύθεροι
1024 2151 1102 2214 δὲ,
1123 2151 1172 2202 oi
1200 2148 1550 2217 διαφυγόντες
1578 2147 1766 2199 πενίαν
1797 2149 1829 2218 ἢ

248 2246 513 2315 πόλεμον,
534 2244 568 2313 ἦ
594 2244 693 2313 τῆς
727 2243 931 2313 ἑτέρων
958 2240 1277 2311 κηδεμονίας
1303 2238 1639 2308 ἀπροσδεεῖς.
1674 2238 1831 2289 Ὥστε

248 2338 354 2390 κᾶν
375 2338 403 2388 ὁ
422 2337 521 2405 μὲν
547 2334 832 2401 δεσπότης,
860 2332 958 2386 ὁδε
974 2332 1187 2403 οἰκέτης
1200 2331 1444 2401 λέγηται,
1465 2329 1579 2382 ἀλλ’
1593 2324 1683 2381 οὖν
1700 2330 1836 2381 παν-

245 2445 340 2491 τες
368 2429 465 2482 καί
500 2426 644 2479 κατά
675 2426 774 2495 τὴν
815 2424 950 2494 πρὸς
990 2422 1249 2493 ἀλλήλους
1280 2421 1591 2492 ὁμοτιμίαν,
1638 2421 1732 2472 καὶ
1759 2420 1835 2483 ὡς

248 2521 511 2588 κτήματα
529 2516 638 2585 (76)
658 2514 752 2567 τοῦ
780 2513 1136 2583 πεποιηκότος
1164 2514 1196 2582 ἡ
1207 2513 1331 2581 μᾶς,
1364 2511 1657 2580 ὁμόδουλοι.
1691 2510 1836 2563 Ἐκεῖ

246 2610 304 2663 δὲ
342 2609 399 2660 τί
429 2608 658 2659 δύνασαι
705 2605 804 2672 τῆς
841 2602 1083 2665 δουλείας
1114 2601 1509 2667 ὑπεξαγαγείνς
1552 2597 1717 2668 Ὀμοῦ
1773 2613 1833 2649 τε

249 2702 364 2772 γὰρ
418 2697 682 2768 ἐκτίσθη,
737 2698 833 2750 καὶ
887 2695 948 2748 τὸ
996 2692 1180 2747 δοῦλον
1232 2692 1343 2761 (77)
1406 2686 1546 2744 εῖναι
1592 2705 1833 2757 συγκατ-

248 2791 603 2844 εσκεύασται.
678 2787 942 2858 Ἀλλήλων
1006 2785 1103 2856 μὲν
1156 2783 1265 2853 γὰρ
1298 2783 1359 2835 ού
1435 2781 1829 2852 κατάρχουσιν,

248 2879 443 2948 ἐπειδὴ
476 2875 787 2941 πλεονεξίας
816 2876 1018 2946 ἄμοιρα
1045 2873 1112 2927 τὰ
1144 2873 1398 2943 οὐράνια”
1433 2869 1553 2938 Θεῷ
1576 2869 1632 2921 δὲ
1657 2870 1833 2921 πάντα

249 2968 584 3032 ὑποκύπτει,
618 2968 713 3021 καὶ
743 2968 818 3029 ὡς
851 2964 1083 3036 δεσπότῃ
1120 2963 1210 3016 τὸν
1258 2961 1601 3031 ὀφειλόμενον
1647 2959 1829 3028 φόϐον,

246 3063 342 3116 καὶ
390 3063 468 3125 ὡς
518 3057 832 3130 δημιουργῷ
881 3057 980 3127 τὴν
1012 3054 1406 3108 ἐπιϐάλλουσαν
1438 3051 1592 3114 δόξαν
1638 3049 1829 3102 ἀποδι-

242 3155 431 3206 δόντα.
469 3151 605 3217 Υἱός
636 3153 745 3220 γὰρ
792 3147 1019 3213 δοξάζει
1047 3146 1303 3213 πατέρα,
1338 3144 1434 3197 καί
1476 3143 1698 3207 δοῦλος
1725 3140 1833 3194 τὸν

1937 1985 2072 2035 rem,
2096 1969 2353 2023 videlicet
2370 1978 2630 2024 mentem.
2662 1969 2728 2023 Et
2749 1969 3006 2025 Chanaan
3032 1972 3175 2028 ﬁlius
3198 1989 3390 2030 servus
3407 1975 3512 2029 erit

1937 2064 2201 2119 fratribus
2230 2063 2347 2118 suis
2383 2064 2450 2129 “,
2494 2064 2755 2134 quoniam
2798 2065 3052 2120 indocilis
3083 2076 3199 2122 erat
3229 2068 3298 2122 ad
3329 2071 3511 2124 virtu-

1935 2160 2067 2219 tem,
2103 2152 2500 2223 imprudentem
2533 2154 2741 2209 habens
2762 2166 2995 2224 patrem,
3015 2155 3271 2211 videlicet
3302 2159 3502 2215 Cham.

1934 2241 2018 2296 Ad
2046 2244 2191 2297 hunc
2228 2244 2396 2313 igitur
2424 2242 2645 2297 modum
2677 2244 2767 2299 hic
2800 2244 2936 2299 ﬁunt
2970 2248 3150 2313 servi;
3187 2248 3343 2303 liberi
3382 2266 3514 2305 vero

1938 2343 2087 2397 sunt,
2117 2334 2209 2403 qui
2242 2334 2548 2405 effugerunt
2584 2343 2986 2405 paupertatem,
3023 2347 3115 2391 aut
3148 2338 3376 2404 bellum,
3412 2353 3511 2395 aut

1935 2425 2026 2493 qui
2082 2425 2314 2477 aliorum
2364 2439 2495 2477 cura
2530 2439 2640 2478 non
2686 2432 2866 2494 egent.
2904 2423 3091 2495 Itaque
3128 2433 3378 2497 quamvis
3424 2430 3514 2484 hic

1935 2516 2124 2579 bcrus,
2156 2516 2246 2569 ille
2283 2531 2475 2570 servus
2502 2516 2825 2586 appelletur,
2859 2532 3051 2573 omnes
3081 2527 3265 2573 tamen
3295 2526 3348 2574 et
3380 2537 3513 2590 qua-

1934 2616 2093 2662 tenus
2127 2621 2319 2661 sumus
2357 2605 2600 2674 ejusdem
2636 2605 2780 2660 inter
2812 2622 2913 2661 nos
2936 2608 3289 2676 conditionis,
3314 2618 3366 2663 et
3390 2618 3514 2664 tan-

1934 2712 2098 2767 quam
2148 2697 2295 2752 illius
2340 2697 2434 2767 qui
2485 2713 2585 2752 nos
2620 2697 2866 2751 condidit
2919 2700 3226 2769 mancipia,
3263 2701 3515 2756 conservi

1943 2806 2162 2845 sumus.
2200 2790 2315 2843 Illic
2343 2805 2509 2858 porro
2543 2792 2674 2861 quid
2704 2798 2860 2859 potes
2894 2806 2924 2845 e
2962 2792 3225 2848 servitute
3251 2793 3519 2849 eximere?

1932 2880 2068 2935 Nam
2100 2883 2284 2936 statim
2317 2897 2379 2936 ac
2411 2882 2633 2937 condita
2663 2890 2811 2947 sunt,
2840 2883 3003 2939 simul
3027 2900 3151 2938 cum
3185 2887 3264 2941 eis
3294 2887 3515 2942 condita

1934 2977 2192 3031 servitus.
2231 2975 2347 3029 Sibi
2371 2976 2516 3029 enim
2552 2976 2784 3030 invicem
2808 2991 2917 3029 non
2950 2977 3240 3047 imperant,
3274 2992 3339 3034 eo
3362 2979 3513 3048 quod

1932 3065 2177 3120 cmlestia
2212 3066 2336 3135 plus
2376 3065 2611 3119 habendi
2642 3082 2752 3120 non
2783 3074 3037 3121 tenentur
3068 3068 3363 3123 desiderio.
3404 3068 3516 3124 Deo

1932 3164 2112 3209 autem
2148 3153 2393 3223 subjecta
2435 3156 2650 3219 omnia,
2710 3170 2772 3209 ac
2831 3164 3092 3226 tanquam
3140 3158 3361 3213 domino
3422 3159 3520 3215 de-

246 3248 463 3314 κύριον
489 3243 677 3298 αὑτοῦ
709 3242 839 3313 (78).
870 3240 978 3293 Καὶ
1018 3241 1238 3292 ἀπαιτεῖ
1262 3237 1477 3299 πάντως
1509 3234 1617 3287 τῶν
1645 3233 1739 3286 δύο
1769 3234 1831 3286 τὸ

1937 3249 2106 3302 bitum
2173 3248 2474 3313 timorem,
2545 3263 2610 3302 ac
2679 3255 2942 3319 tanquam
3022 3251 3292 3306 conditori
3359 3255 3517 3308 debi-

246 3338 439 3408 ἕτερον
466 3336 496 3388 ὁ
526 3334 677 3396 Θεός.
707 3333 774 3384 El
816 3330 926 3400 γὰρ
958 3328 1160 3397 Πατήρ
1203 3330 1319 3397 ειμι
1362 3325 1497 3396 ἐγὼ,
1529 3324 1647 3378 ποῦ
1675 3326 1828 3387 ἐστι,

246 3429 438 3498 φησιν,
471 3428 512 3494 ἡ
545 3425 695 3488 δόξα
724 3437 878 3491 μους
903 3422 995 3474 καὶ
1036 3423 1088 3473 εὶ
1130 3420 1340 3487 Κύριός
1373 3421 1489 3487 ειμι
1530 3416 1665 3487 ἐγὼ,
1713 3415 1832 3469 ποῦ

244 3522 425 3573 ἐστιν
456 3521 489 3572 ό
520 3519 697 3586 φόϐος
729 3530 878 3583 μου;
912 3509 991 3566 Ἦ
1023 3512 1239 3565 πάντων
1272 3510 1336 3564 ἂν
1373 3510 1455 3579 εἴη
1490 3508 1830 3577 ὲλεεινοτάτη

250 3611 371 3682 ζωὴ
401 3611 537 3680 (79),
571 3610 646 3680 μὴ
678 3607 781 3661 ὑπὸ
810 3605 908 3676 τὴν
941 3604 1242 3673 ἐπισκοπὴν
1281 3602 1373 3655 τοῦ
1410 3601 1681 3654 Δεσπότου
1716 3616 1832 3652 κει-

251 3704 394 3774 μένη
456 3700 671 3754 Ὀποῖαί
696 3701 832 3752 εἰσιν
862 3699 915 3750 αἱ
952 3696 1311 3750 ἀποστατικαί
1337 3694 1610 3764 δυνάμεις,
1642 3695 1697 3745 αί
1743 3692 1832 3745 διὰ

246 3796 312 3847 τὸ
344 3792 709 3864 τραχηλιάσαι
768 3790 912 3843 κατὰ
952 3787 1087 3840 Θεοῦ
1124 3786 1582 3857 παντοκράτορος)
1604 3784 1833 3855 ἀφηνιά-

248 3884 445 3948 ζουσαι
464 3883 564 3951 τῆς
587 3880 830 3942 δουλείας
849 3895 863 3907 ·
896 3879 956 3931 ού
987 3877 1065 3947 τῷ
1101 3877 1300 3946 ἑτέρως
1338 3875 1668 3945 πεφυκέναι,
1698 3873 1832 3926 ἀλλὰ

247 3974 330 4045 τῷ
353 3973 743 4032 ἀνυποτάκτως
770 3969 914 4039 ἔχειν
946 3968 1081 4038 πρὸς
1107 3967 1197 4019 τὸν
1222 3968 1542 4035 ποιήσαντα.
1580 3966 1713 4018 Τίνα
1740 3962 1833 4018 οὖν

249 4066 433 4134 λέγεις
472 4063 755 4131 ἐλεύθερον
776 4078 791 4126 ;
816 4062 919 4113 Τὸν
946 4059 1328 4123 ἀϐασίλευτον;
1363 4058 1454 4111 τὸν
1480 4060 1615 4128 μήτε
1645 4057 1833 4127 ἄρχειν

251 4159 442 4228 ἑτέρου
471 4154 701 4223 δύναμιν
745 4152 935 4222 ἔχοντα
955 4191 970 4214 ,
1004 4152 1139 4222 μήτε
1180 4148 1437 4220 ἄρχεσθαι
1465 4149 1834 4220 καταδεχόμε-

253 4263 379 4311 νον;
418 4235 575 4297 "AD!
606 4241 727 4295 οὔτε
754 4241 868 4294 ἐστι
901 4258 983 4304 τις
1016 4239 1237 4309 τοιαύτη
1269 4238 1430 4308 φύσις
1459 4240 1518 4291 ὲν
1546 4241 1657 4301 τοῖς
1692 4235 1830 4302 οὖσι,

252 4340 351 4392 καὶ
375 4337 534 4390 τοῦτο
562 4334 674 4406 (80)
706 4333 954 4402 ἐννοῆσαι
986 4332 1125 4386 κατά
1148 4330 1242 4383 τοῦ
1274 4329 1585 4400 Πνεύματος
1611 4329 1832 4382 ἀσέϐεια

252 4427 585 4497 περιφανής.
623 4425 786 4476 Ὥστε
828 4425 877 4475 εί
919 4421 1017 4493 μὲν
1057 4421 1322 4484 ἔκτισται,
1355 4418 1595 4472 δουλεύει
1622 4419 1831 4493 ,δηλαδὴ

257 4521 398 4592 μετὰ
423 4520 640 4572 πάντων
660 4533 673 4547 ·
716 4517 792 4570 Τὰ
817 4517 929 4585 γὰρ
962 4517 1303 4597 σύμπαντα,
1333 4514 1486 4583 φησὶ,
1514 4512 1701 4567 δοῦλα
1726 4512 1827 4565 σά·

251 4615 306 4665 εἰ
339 4613 398 4665 δὲ
435 4611 576 4677 ὑπὲρ
604 4611 706 4680 τὴν
737 4607 912 4661 κτίσιν
940 4607 1088 4671 ἐστὶ,
1132 4604 1232 4675 τῆς
1267 4603 1542 4674 βασιλείας
1571 4605 1686 4657 ἐστὶ
1715 4622 1831 4658 κοι-

253 4703 447 4755 κενόν.

1934 3348 2042 3393 tam
2091 3340 2320 3410 gloriam
2359 3341 2696 3411 persolvunt.
2741 3340 2928 3411 Filius~
2958 3343 3097 3396 enim
3143 3344 3316 3414 gloria
3360 3346 3518 3416 aﬂicil

1932 3443 2157 3500 patrem,
2186 3442 2236 3486 et
2264 3450 2441 3487 servus
2470 3434 2743 3486 dominum
2776 3451 2929 3489 suum
2962 3435 3050 3488 '3'.
3070 3434 3137 3488 Et
3167 3453 3235 3491 ex
3258 3437 3343 3492 bis
3378 3438 3517 3493 duo-

1933 3523 2037 3576 bus
2079 3523 2312 3577 alterum
2342 3524 2569 3577 omnino
2593 3522 2737 3579 Deus
2770 3525 3021 3594 requirit.
3063 3524 3205 3579 Nam
3235 3531 3280 3581 si
3329 3527 3513 3594 Pater,

1931 3612 2131 3680 inquit,
2167 3628 2283 3665 sum
2320 3629 2432 3681 ego,
2483 3613 2573 3665 ubi
2618 3622 2696 3666 est
2732 3613 2906 3682 gloria
2952 3618 3109 3671 mea?
3148 3615 3209 3670 Si
3254 3616 3515 3677 Dominus

1933 3716 2050 3752 sum
2078 3716 2193 3769 ego,
2230 3701 2321 3753 ubi
2352 3711 2429 3754 est
2459 3703 2618 3754 timor
2648 3718 2792 3757 meus
2823 3702 2908 3756 “‘i
2933 3703 3154 3774 Alioqui
3180 3707 3290 3759 vita
3326 3718 3517 3762 custo-

1932 3790 2037 3845 diae
2080 3806 2143 3845 ac
2173 3791 2504 3861 inspectioni
2550 3791 2766 3847 Domini
2813 3809 2923 3847 non
2976 3796 3219 3860 subdita,
3270 3798 3515 3851 omnium

1933 3883 2171 3937 maxime
2210 3882 2543 3937 miserabilis
2572 3882 2734 3937 foret.
2763 3884 3087 3954 Cujusmodi
3119 3894 3249 3940 sunt
3288 3889 3517 3941 virtutes

1932 3973 2284 4038 desertrices,
2316 3989 2440 4044 qua:
2468 3976 2613 4044 quod
2636 3978 2902 4032 cervicem
2926 3983 3221 4031 erexerunt
3250 3977 3516 4034 adversus

1933 4063 2104 4118 Deum
2157 4066 2615 4135 omnipotentem,
2666 4068 2983 4123 servitutem
3022 4068 3358 4134 detrectant,
3405 4085 3515 4126 non

1934 4153 2080 4224 quod
2119 4155 2276 4208 aliter
2308 4166 2505 4209 natura
2534 4166 2863 4227 comparatae
2888 4160 3019 4223 sint,
3052 4158 3149 4214 sed
3181 4160 3325 4231 quod
3371 4161 3517 4216 sub-

1932 4246 2059 4300 ditae
2089 4261 2212 4300 esse
2242 4248 2419 4301 nolint
2445 4247 2712 4304 Creatori.
2747 4250 2917 4316 Quem
2959 4251 3126 4322 igitur
3169 4253 3413 4322 appellas
3447 4254 3517 4308 lio

1934 4337 2152 4392 herum?
2174 4337 2314 4392 Eum
2356 4339 2451 4409 qui
2498 4340 2615 4395 sine
2665 4356 2792 4411 rege
2826 4342 2944 4397 est?
2984 4342 3078 4413 qui
3122 4359 3299 4413 neque
3342 4344 3517 4415 impe-

1934 4428 2090 4483 randi
2121 4430 2278 4484 alteri
2308 4438 2634 4501 potestatem
2659 4433 2843 4499 habet,
2870 4450 3048 4505 neque
3086 4436 3311 4491 alterius
3343 4436 3516 4507 impe-

1936 4521 2076 4575 rium
2105 4522 2368 4577 admittit?
2397 4524 2467 4577 At
2489 4538 2589 4579 nec
2607 4535 2691 4579 est
2719 4524 3027 4581 istiusmodi
3052 4538 3244 4582 natura
3274 4530 3327 4583 in
3353 4529 3514 4582 rebus

1938 4610 2195 4675 conditis,
2225 4620 2279 4667 et
2319 4612 2420 4667 hoc
2453 4615 2519 4668 de
2551 4612 2759 4684 Spiritu
2787 4615 3026 4684 cogitare
3050 4627 3233 4685 aperta
3264 4617 3515 4685 impietas

1938 4711 2042 4757 est.
2075 4702 2256 4769 Quare
2286 4704 2333 4760 si
2360 4705 2599 4775 Spiritus
2641 4712 2862 4760 creatus
2892 4713 2973 4760 est
2996 4743 3011 4768 ,
3061 4706 3307 4775 profecto
3350 4705 3517 4760 servit

255 4808 387 4846 cum
412 4789 690 4846 omnibus.
724 4786 919 4842 Omnia
945 4788 1106 4851 enim,
1139 4786 1338 4856 inquit,
1365 4785 1597 4838 serviunt
1644 4784 1740 4838 tibi
1770 4787 1839 4851 ²⁵;
1877 4790 1963 4844 sin
1994 4807 2160 4863 supra
2184 4805 2491 4850 creaturam
2530 4804 2634 4861 est,
2675 4797 2827 4866 regni
2877 4812 3095 4866 quoque
3144 4811 3372 4850 consors
3408 4806 3512 4851 est.

333 4954 380 4985 ”
417 4949 553 5004 Gen.
595 4963 765 5011 nvu,
800 4948 892 5003 57.
965 4948 1012 4979 ’³
1047 4944 1181 5001 Gen.
1219 4960 1293 5011 lx,
1332 4944 1425 4998 25.
1498 4944 1565 4975 "'
1600 4943 1829 4998 Malaeh.

1941 4944 1994 4998 6.
2070 4947 2118 4979 ”
2162 4947 2293 5001 ibid.
2374 4950 2419 4982 ³⁵
2450 4948 2592 5004 Psal.
2633 4966 2778 5014 cxvr,
2815 4951 2904 5004 9|.

340 5062 451 5132 (⁷⁵)
482 5062 814 5129 Ἠχθησαν.
837 5061 929 5115 Sic
958 5072 1147 5114 omnes
1175 5057 1392 5132 codices
1419 5074 1434 5124 ;
1458 5057 1586 5132 editi
1609 5054 1834 5132 ἠνεχβη-

259 5127 385 5188 σαν.
414 5127 582 5185 Paulo
608 5139 731 5199 post
760 5132 982 5198 quidam
1007 5143 1140 5184 mss.
1165 5128 1381 5183 codices
1412 5127 1581 5197 σοφὴν
1613 5131 1704 5181 καὶ
1735 5129 1835 5197 ἄῤ-

262 5208 753 5346 0123501271?th
770 5279 901 5346 Acte.
920 5268 1079 5346 Δξύ(ιίιί
1109 5267 1328 5346 οἰκέ-της
1352 5268 1484 5346 ’ἐστὶ
1514 5269 1627 5330 τοῖς
1684 5266 1839 5346 ἁδελ-

260 5335 387 5412 φοῖς
420 5335 608 5406 αὐτοῦ,
643 5335 830 5412 ἐπειδὴ
879 5339 1178 5402 ἀδίδακτος.
1215 5335 1366 5392 Libri
1415 5345 1623 5393 veteres
1667 5346 1729 5391 ut
1784 5337 1843 5389 in

259 5421 782 5553 ωῗῖἓῖῐιιξξήματα.
831 5480 935 5553 Sic
976 5495 1108 5553 mss.
1138 5478 1404 5553 quinque.
1441 5475 1584 5530 Editi
1632 5477 1836 5546 κτῆμα.

263 5549 388 5608 Hos
420 5549 553 5619 Reg.
582 5549 857 5607 secundus
884 5550 935 5603 τι
967 5549 1217 5603 δύνασθε.

337 5624 447 5697 ιη)
471 5616 725 5697 Nemor-
761 5623 837 5697 lla
870 5637 1001 5697 ess:
1037 5618 1404 5697 δηρίίιυξιηεε
1430 5616 1613 5697 WE!“
1658 5616 1842 5697 ρῑιιιῖρθ

264 5685 651 5775 aiiiu'quihus
677 5692 874 5761 legitur
894 5691 1083 5760 δούλῳ.
1109 5685 1262 5744 Alius
1283 5688 1445 5743 habet
1466 5685 1671 5750 δοῦλος,
1700 5685 1842 5739 Editi

491 5831 605 5885 Τὸν
633 5831 845 5899 κύριον
864 5829 1065 5884 αὐτοῦ.
1090 5829 1435 5884 Colbertinus
1461 5827 1632 5882 codex
1663 5834 1713 5881 et
1736 5824 1844 5878 duo

1931 5057 2021 5131 alii
2048 5075 2075 5111 a
2093 5056 2420 5131 C_ombeﬂsio
2449 5062 2596 5115 citati
2619 5063 2823 5117 addunt
2848 5061 3108 5131 φοϐεῖται.
3137 5058 3240 5113 Sed
3257 5058 3366 5131 hoc
3394 5074 3516 5131 ver-

1933 5128 2064 5199 bum
2096 5129 2164 5182 ah
2198 5130 2318 5199 ipso
2333 5131 2557 5194 Basilio,
2586 5134 2841 5185 omnibus
2862 5128 3003 5183 'mss.
3023 5129 3511 5194 consentientibus,

1936 5198 2294 5272 omittitur-Ain
2323 5216 2443 5271 cap.
2471 5201 2538 5254 18
2560 5202 2725 5272 hujus
2754 5202 2900 5264 libri,
2933 5200 3022 5253 ubi
3074 5199 3215 5253 idem
3264 5201 3513 5253 testimo-

1938 5268 2091 5320 nium
2128 5267 2408 5326 refertur.‘
2588 5297 2605 5313 ο

2013 5337 2140 5410 (79),
2164 5339 2316 5406 Ζωή.
2352 5340 2494 5394 Editi
2524 5354 2645 5410 post
2681 5341 3040 5410 hanc‘vocem
3070 5337 3276 5410 addunt
3316 5339 3385 5410 εί,
3419 5338 3516 5393 sed

1944 5405 2470 5478 deest‘inomnibus
2497 5405 2799 5465 codicibus.
2833 5407 3036 5478 Ibidem
3069 5405 3200 5478 Reg.
3238 5409 3431 5478 tertius
3462 5417 3516 5461 et

1936 5475 2092 5531 Colb.
2120 5477 2225 5530 ὑπὸ
2246 5479 2344 5548 τὴν
2369 5480 2578 5548 σκέπην
2600 5478 2718 5540 τοῦ,
2747 5478 2854 5533 Sub
2885 5476 3050 5531 tutela
3078 5475 3310 5532 Domini.
3346 5476 3517 5532 Paulo

1940 5554 2062 5618 post
2092 5548 2224 5601 editi
2274 5547 2651 5618 ἀφηνιάζουσι,
2699 5549 2844 5618 quod
2901 5551 3224 5603 auctoritate
3272 5550 3516 5618 quinque

1938 5616 2187 5669 codicum
2222 5616 2576 5672 mutavimus.

2011 5687 2120 5756 (80)
2140 5687 2249 5739 Καὶ
2270 5687 2466 5741 τοῦτο.
2489 5688 2582 5742 Sic
2608 5688 2952 5744 emendatum
2976 5702 3077 5757 ope
3109 5687 3262 5757 Regii
3287 5685 3513 5757 secundi

1941 5757 2086 5824 quod
2106 5772 2270 5826 prave
2295 5757 2349 5811 in
2376 5758 2500 5813 aliis
2521 5773 2653 5814 mss.
2681 5771 2736 5815 et
2764 5762 2819 5813 in
2840 5756 3300 5828 editislegebatur
3319 5758 3412 5809 καὶ
3432 5756 3510 5809 τό.
