3972 6218
445 368 554 427 163

1033 481 1263 537 CAPUT
1306 478 1445 537 XXI.

450 593 778 652 Testimonia
825 610 891 649 ex
928 594 1218 665 Scripturis
1254 593 1512 663 Spiritum
1558 594 1814 663 appertari
1847 591 2029 647 Domi-

1168 682 1316 719 num.

521 756 612 812 52.
647 755 753 811 Sed
774 756 903 826 quid
923 771 1059 823 opus
1075 765 1157 810 est
1177 771 1242 810 ex
1268 755 1432 810 rebus
1457 753 1758 807 humilibus
1786 767 2030 822 pugnan-

452 855 557 912 tes,
600 847 866 903 doctrina:
900 847 1135 915 turpiter
1186 861 1381 916 parare
1410 846 1717 909 victoriam,
1764 842 1873 914 44
1903 859 2027 896 cum

452 938 985 993 liceatillustriorum
1012 938 1376 1008 oppositione,
1422 936 1608 1005 gloria:
1626 936 2026 998 excellentiam,

452 1030 544 1084 cui
589 1028 893 1083 contradici
934 1044 1045 1083 non
1076 1031 1287 1098 possit,
1329 1026 1741 1082 demonstrare?
1787 1025 1941 1092 Quod
1982 1026 2030 1080 si

451 1119 792 1190 proferemus
820 1135 885 1174 ea
921 1134 1042 1190 qua:
1080 1134 1183 1173 nos
1210 1117 1492 1187 Scriptura
1530 1117 1756 1183 docuit,
1803 1116 2031 1170 forsitan

452 1226 651 1281 magno
703 1211 1120 1280 vehementique
1167 1208 1408 1264 clamore
1448 1207 1933 1270 vociferabuntur,
1978 1217 2032 1262 et

452 1304 681 1358 auribus
704 1303 978 1357 obturatis
1003 1299 1485 1356 Pneumatomachi
1517 1300 1771 1354 tollentes
1801 1298 2028 1369 lapides,

453 1402 549 1447 aut
569 1394 835 1464 quidquid
860 1392 1001 1447 forte
1029 1391 1355 1455 occurrerit,
1387 1391 1442 1443 in
1475 1405 1626 1444 arma
1655 1390 1889 1460 quisque
1908 1404 2030 1445 ver-

452 1492 652 1546 tentes,
695 1483 752 1537 in
778 1498 881 1537 nos
911 1483 1143 1536 irruent.
1184 1479 1293 1535 Sed
1324 1494 1433 1533 non
1455 1489 1541 1534 est
1563 1479 1723 1533 nobis
1744 1477 2032 1533 incolumi-

453 1582 542 1629 tas
580 1574 959 1643 anteponenda
1006 1570 1248 1626 veritati.
1313 1568 1625 1625 Invenimus
1680 1569 1846 1640 igitur
1888 1568 2031 1639 apud

452 1665 776 1736 Apostolum
813 1683 826 1719 :
860 1663 1121 1718 Dominus
1154 1673 1328 1717 autem
1358 1661 1559 1732 dirigat
1580 1660 1745 1717 corda
1773 1670 1945 1716 vestra
1976 1662 2033 1714 in

454 1757 784 1812 dilectionem
808 1755 928 1821 Dei,
957 1764 1007 1810 et
1034 1756 1421 1823 inpatientiam
1447 1752 1650 1808 Christi
1675 1769 1770 1821 pro
1801 1751 2030 1806 tribula-

457 1850 689 1903 tionibus
720 1848 786 1902 ³⁸.
816 1820 954 1913 Quis
997 1855 1084 1902 est
1106 1820 1376 1901 Dominus
1406 1844 1647 1915 dirigens
1678 1820 1750 1898 in
1787 1843 2035 1899 dilectio—
2064 1820 2108 1879 Β

454 1955 583 1995 nem
614 1939 734 2004 Dei,
763 1947 817 1994 et
855 1940 911 1992 in
941 1937 1262 2009 patientiam
1297 1936 1505 1992 Christi
1531 1950 1631 2005 pro
1659 1936 2037 1990 tribulationi-

454 2031 596 2087 bus?
629 2030 1018 2101 Respondeant
1049 2031 1231 2094 nobis,
1267 2010 1363 2099 qui
1401 2028 1665 2098 Spiritum
1716 2028 1772 2082 in
1803 2028 2037 2082 servitu-

457 2130 565 2178 tem
618 2123 862 2193 adigunt.
917 2120 1044 2176 Sive
1082 2122 1227 2177 enim
1273 2122 1342 2175 de
1380 2120 1492 2175 Deo
1532 2126 1587 2175 et
1630 2119 1793 2175 Patre
1843 2118 2037 2174 fuisset

456 2229 675 2279 sermo,
721 2213 945 2268 omnino
990 2212 1226 2267 dixisset
1271 2230 1284 2266 :
1326 2210 1585 2266 Dominus
1630 2228 1715 2266 vos
1749 2210 1945 2280 dirigat
1982 2214 2037 2263 in

456 2306 789 2361 dilectionem
813 2306 898 2359 sui
932 2322 951 2358 :
982 2306 1097 2360 sive
1128 2303 1196 2358 de
1237 2302 1397 2367 Filio,
1429 2303 1769 2367 addidisset,
1798 2304 1853 2355 iu
1884 2318 2037 2355 suam

455 2396 622 2467 ipsius
662 2396 996 2463 patientiam.
1028 2393 1288 2460 Quaerant
1328 2395 1496 2463 igitur
1528 2406 1781 2462 quaenam
1818 2393 1890 2445 sit
1931 2392 2037 2446 alia

456 2499 715 2556 persona,
743 2500 908 2554 quam
939 2483 1156 2537 Domini
1200 2481 1469 2536 vocabulo
1510 2486 1704 2535 deceat
1754 2479 2035 2534 honorari.

457 2576 599 2631 Huic
632 2575 788 2631 aliine
817 2585 902 2630 est
946 2584 1001 2630 et
1036 2573 1211 2639 illud,
1254 2573 1401 2643 quod
1435 2572 1567 2625 alibi
1614 2573 1850 2641 positum
1890 2579 1973 2626 est
2020 2590 2034 2626 :

456 2667 718 2722 Dominus
742 2683 829 2721 vos
859 2667 1074 2733 impleat
1101 2674 1150 2719 et
1178 2663 1452 2718 abundare
1481 2664 1646 2731 faciat
1677 2663 1956 2725 cltaritate,
1985 2663 2040 2715 in

458 2775 547 2815 uos
576 2760 793 2812 invicem
819 2766 869 2811 et
899 2759 953 2811 in
982 2772 1182 2821 omnes,
1208 2753 1652 2826 quemadmodum
1673 2762 1720 2805 et
1740 2769 1834 2806 nos
1855 2755 1904 2804 in
1927 2768 2036 2815 vos,

459 2847 529 2902 ad
567 2848 993 2918 conﬁrmandum
1032 2846 1198 2900 corda
1251 2854 1424 2899 vestra
1464 2842 1946 2912 irrepreltensibilia
1984 2842 2040 2894 in

458 2938 901 3007 sanctificatione,
942 2952 1123 2989 coram
1163 2935 1273 2989 Deo
1307 2944 1356 2988 et
1387 2933 1551 2988 Putre
1598 2943 1779 2988 nostro
1802 2974 1817 2998 ,
1850 2933 1905 2985 in
1939 2933 2039 2985 ad-

459 3037 614 3083 uentu
640 3026 857 3081 Domini
887 3026 1057 3079 nostri
1078 3024 1210 3080 Iesu
1238 3024 1440 3080 Christi
1466 3040 1588 3078 cum
1631 3025 1874 3078 omnibus
1913 3040 2039 3077 san-

460 3120 558 3173 ctis
584 3118 694 3173 suis
719 3117 784 3171 '7.
832 3114 1008 3182 Quem
1048 3115 1335 3171 Dominum
1372 3124 1658 3185 precatur,
1706 3128 1894 3168 coram
1927 3113 2038 3170 Deo

459 3218 517 3266 et
545 3207 706 3264 Patre
741 3217 931 3263 nostro
959 3208 1017 3261 in
1048 3207 1285 3261 adventu
1327 3206 1545 3260 Domini
1583 3205 1760 3260 nostri
1800 3204 2036 3275 irrepre-

460 3298 753 3354 hensibilia
791 3296 1033 3351 fidelium
1063 3294 1639 3351 Thessalonicensium
1667 3294 1857 3360 corda,
1901 3309 2037 3349 con-

458 3387 674 3442 firmata
707 3388 762 3441 in
790 3388 1083 3441 sanctitate
1110 3385 1497 3440 constabilire?
1526 3383 1909 3454 Respondeant
1936 3400 2037 3438 no-

460 3478 569 3541 bis,
589 3476 684 3547 qui
705 3491 828 3531 cum
858 3475 1270 3532 ministratoriis
1292 3475 1600 3546 spiritibus,
1628 3476 1722 3545 qui
1749 3476 2037 3529 mittuntur

461 3567 531 3622 ad
562 3567 969 3631 ministerium,
1019 3567 1294 3621 collocant
1334 3565 1600 3637 Spiritum
1644 3576 1917 3622 sanctum.
1966 3567 2037 3619 At

461 3675 571 3714 non
601 3659 800 3716 habent
826 3657 973 3729 quod
1011 3659 1400 3729 respondeant.
1436 3657 1782 3729 Quapmpter
1807 3658 2037 3714 audiant

460 3765 518 3808 et
553 3753 699 3807 aliud
724 3751 1119 3817 testimonium,
1145 3752 1431 3806 evidenter
1474 3750 1742 3822 Spiritum
1784 3759 2035 3807 sanctum

462 3846 743 3917 appellans
796 3843 1109 3898 Dominum.
1162 3842 1422 3898 Dominus
1453 3884 1470 3910 ,
1521 3845 1737 3915 inquit,
1802 3843 2035 3915 Spiritus

460 3947 538 3990 est
560 3936 640 4004 ²⁸;
671 3942 725 3990 et
765 3950 988 3990 rursum
1023 3953 1036 3989 :
1074 3934 1352 4006 Tanquam
1387 3951 1420 3987 a
1462 3934 1689 3992 Domino
1724 3934 1930 4007 Spiritu
1965 3936 2033 3988 ³ο,

461 4026 540 4082 Ne
567 4043 697 4083 vero
726 4028 835 4082 ulla
866 4030 1209 4103 relinquatur
1229 4033 1448 4088 occasio
1466 4031 1900 4094 contradicendi,
1919 4030 2037 4101 ipsa

462 4120 707 4188 Apustoli
730 4124 894 4180 verba
917 4125 1189 4195 proferam
1220 4125 1276 4179 in
1306 4124 1544 4179 medium
1582 4143 1595 4178 :
1637 4123 1808 4194 Usque
1845 4121 1914 4175 ad
1943 4122 2038 4175 Ito-

462 4216 705 4270 diernum
735 4217 873 4270 enim
904 4216 1043 4271 diem
1071 4216 1211 4271 idem
1243 4216 1478 4271 velamen
1499 4216 1555 4270 in
1578 4215 1797 4270 lectione
1842 4213 2035 4267 Veteris

465 4305 786 4361 Testamenti
813 4318 1020 4374 manet,
1067 4326 1172 4362 non
1202 4308 1520 4372 revelatum,
1559 4307 1697 4379 quod
1740 4309 1795 4360 in
1824 4305 2036 4360 Christo

464 4396 770 4468 abrogatur.
792 4398 924 4453 Cum
952 4408 1127 4453 autem
1148 4416 1430 4454 conversus
1447 4400 1608 4470 fuerit
1635 4398 1703 4453 ad
1724 4397 2033 4461 Dominum,

1751 361 1813 419 S.
1854 361 2099 417 BASILII
2140 358 2351 415 MAGNI

3601 351 3704 409 161

2643 474 3038 528 ΚΕΦΑΛΑΙΟΝ
3088 473 3196 527 KA'

2129 587 2455 655 Maptvplat
2478 585 2549 639 ἐκ
2578 582 2696 637 τῶν
2722 581 3105 706 Γιῖῗφεᾶιῖὦοῦ
3133 577 3609 649 κυριολοτσῖσθαι
3639 578 3705 631 τὸ

2839 671 2876 706 ν
2908 670 2944 706 υ
3032 692 3046 705 .

2839 668 3046 722 νεῦμα.

2199 747 2290 800 52.
2332 746 2443 800 Καὶ
2476 745 2526 799 τί
2555 746 2661 810 δεῖ,
2689 745 2754 797 ὲκ
2784 744 2892 797 τῶν
2933 741 3202 797 ταπεινῶν
3232 738 3705 811 ἀπομαχομένους,

2129 836 2368 909 αἰσχρῶς
2405 835 2504 908 τὴν
2542 837 2697 906 νίκην
2740 833 3113 888 κατακτᾶσθαι
3161 832 3240 903 τῷ
3275 832 3438 902 λόγῳ,
3473 831 3596 895 ἐξὸν
3639 834 3708 901 τῇ

2130 928 2431 1000 παραθέσει
2460 927 2569 980 τῶν
2608 925 2945 996 σεμνοτέρων
2982 924 3372 995 ἀναντίρρητον
3400 923 3499 992 τὴν
3542 923 3712 990 ὑπερ·

2131 1020 2290 1090 ϐολὴν
2315 1020 2415 1090 τῆς
2440 1019 2598 1089 δόξης
2619 1015 2983 1070 ἐπιδεικνύναι
3006 1034 3020 1083 ;
3049 1017 3111 1069 Ei
3139 1015 3196 1068 δὲ
3224 1015 3477 1085 λέγοιμεν
3497 1014 3533 1067 ἀ
3553 1013 3711 1085 παρά

2130 1113 2228 1184 τῆς
2256 1112 2479 1183 Γραφῆς
2521 1109 2916 1180 ἐδιδάχθημεν,
2958 1108 3099 1177 τάχα
3133 1124 3236 1159 που
3272 1106 3415 1177 μέγα
3452 1107 3546 1157 καὶ
3578 1121 3711 1173 σφο-

2129 1205 2254 1276 δρὸν
2284 1203 2705 1276 ἀνακράξονται,
2736 1202 2829 1255 καὶ
2858 1201 3146 1270 συσχόντες
3174 1198 3241 1252 τά
3268 1193 3411 1262 ὦτα,
3442 1196 3714 1268 ἀράμενοι

2130 1297 2332 1363 λίθους,
2358 1298 2391 1369 ἢ
2423 1298 2451 1350 ὅ
2482 1314 2535 1349 τι
2557 1296 2622 1349 ἂν
2652 1294 2806 1366 τύχοι
2836 1293 3189 1364 παραφανὲν,
3215 1290 3371 1344 τοῦτο
3402 1290 3510 1342 τῶν
3536 1291 3713 1342 Πνευ-

2135 1391 2467 1463 μτομάχων
2505 1389 2732 1452 ἕκαστος
2779 1387 2942 1440 ὅπλον
2996 1385 3393 1454 ποιησάμενος,
3436 1383 3521 1452 ἐφ’
3559 1383 3715 1451 ἡμᾶς

2130 1485 2370 1554 ἥξουσιν.
2420 1484 2496 1536 Οὐ
2531 1483 2637 1553 μὴν
2665 1481 2770 1553 πρό
2799 1498 2864 1549 γε
2897 1479 2997 1550 τῆς
3034 1476 3291 1549 ἀληθείας
3314 1475 3549 1547 τιμητέα
3578 1476 3716 1543 ἡμῖν

2130 1579 2164 1648 ἡ
2191 1575 2478 1646 ἀσφάλεια.
2501 1575 2748 1648 Εΰρομεν
2767 1574 2945 1627 τοίνυν
2965 1571 3115 1642 παρὰ
3132 1569 3210 1641 τῷ
3243 1568 3546 1638 Ἀποστόλῳ
3573 1566 3713 1637 (81)*

2144 1667 2198 1719 '0
2229 1666 2297 1720 δὲ
2333 1667 2548 1734 Κύριος
2580 1664 2938 1719 κατευθύναι
2980 1662 3149 1731 ὑμῶν
3190 1659 3299 1726 τὰς
3338 1657 3587 1727 καρδίας
3624 1660 3715 1723 εὶς

2132 1757 2248 1827 τὴν
2278 1758 2518 1828 ἀγάπην
2542 1755 2650 1810 τοῦ
2677 1755 2845 1820 Θεοῦ,
2876 1754 2973 1808 καὶ
3002 1755 3090 1819 είς
3111 1750 3227 1820 τὴν
3255 1749 3575 1820 ὑπομονὴν
3604 1749 3716 1803 τοῦ

2134 1850 2390 1919 Χριστοῦ
2436 1850 2590 1919 ὑπὲρ
2622 1846 2742 1902 τῶν
2779 1848 3043 1916 θλίψεων
3072 1844 3204 1916 (82).
3248 1844 3344 1907 Τίς
3383 1845 3413 1897 ὁ
3448 1841 3718 1896 κατευθύε-

2135 1958 2239 1994 νων
2283 1939 2486 2013 Κύριος
2526 1944 2607 2004 εἰς
2641 1941 2740 2012 τὴν
2773 1940 2868 1992 τοῦ
2916 1937 3051 1993 Θεοῦ
3094 1937 3335 2008 ἀγάπην,
3371 1937 3464 1990 καὶ
3496 1938 3577 2000 εἰς
3612 1936 3717 2007 τὴν

2135 2032 2275 2102 ὑπὲρ
2302 2031 2410 2085 τῶν
2451 2031 2683 2101 θλίψεων
2705 2030 2799 2084 τοῦ
2829 2030 3066 2102 Χριστοῦ
3100 2030 3411 2101 ὑπομονήν;
3460 2030 3721 2100 Ἀποκρι-

2135 2124 2417 2179 νὰσθωσαν
2445 2127 2576 2195 ἡμῖν
2603 2127 2653 2177 ot
2683 2125 2745 2177 τὸ
2782 2123 3007 2195 Πνεῦμα
3043 2120 3529 2193 καταδουλούμενοι
3585 2122 3717 2175 Εἴτε

2135 2218 2242 2289 γὰρ
2271 2217 2400 2288 περὶ
2428 2218 2521 2271 τοῦ
2548 2218 2684 2271 Θεοῦ
2717 2218 2812 2271 καὶ
2839 2215 3052 2288 Πατρὸς
3081 2216 3190 2286 (85)
3231 2217 3260 2269 ὁ
3289 2214 3465 2282 λόγος,
3496 2213 3720 2276 πάντως

2138 2310 2205 2364 ἂν
2232 2311 2417 2381 εἴρητο
2436 2328 2448 2343 ·
2490 2312 2553 2362 '0
2581 2310 2649 2363 δὲ
2680 2311 2898 2377 Κύριος
2920 2306 3078 2377 ὑμᾶς
3103 2308 3457 2362 κατευθύναι
3486 2309 3575 2371 εις
3599 2306 3722 2373 τὴν

2136 2399 2353 2453 ἑαυτοῦ
2373 2398 2618 2469 ἀγάπην
2636 2417 2649 2429 ·
2680 2400 2790 2452 εἴτε
2815 2396 3054 2468 περὶτοῦ
3080 2396 3212 2450 Υἱοῦ
3236 2396 3367 2466 (8.1),
3393 2397 3721 2467 προσέκειτο

2137 2490 2224 2559 ἂν,
2248 2494 2337 2558 εὶς
2365 2490 2481 2560 τὴν
2512 2491 2729 2546 ἑαυτοῦ
2774 2489 3109 2559 ὑπομονήν.
3151 2490 3494 2561 Ζητείτωσαν
3536 2484 3630 2542 οὖν
3664 2489 3718 2541 τί

2138 2583 2285 2635 ἐστιν
2329 2581 2456 2636 ἄλλο
2483 2582 2808 2652 πρόσωπον,
2837 2581 2866 2635 δ
2893 2583 2958 2653 τῇ
2998 2579 3336 2653 προσηγορίᾳ
3373 2582 3467 2635 τοῦ
3505 2579 3718 2649 Κυρίου

2135 2671 2401 2741 τιμᾶσθαι
2433 2672 2601 2737 ἄξιον.
2643 2673 3033 2745 Παραπλήσιον
3067 2672 3125 2725 δὲ
3155 2672 3330 2742 τούτῳ
3365 2671 3477 2742 (85)
3517 2672 3614 2725 καὶ
3656 2673 3721 2724 τὺ

2139 2764 2364 2835 ἑτέρωθι
2389 2765 2668 2835 κείμενον,
2698 2766 2759 2818 τό
2781 2781 2796 2797 ⁸
2836 2762 3019 2834 ’Υμᾶς
3059 2763 3128 2818 δὲ
3152 2767 3186 2818 ό
3217 2765 3428 2832 Κύριος
3455 2763 3719 2817 πλεονά-

2138 2870 2243 2908 σαι
2267 2856 2365 2909 καὶ
2405 2858 2806 2925 περισσεύσαι
2834 2856 2912 2925 τῇ
2936 2855 3134 2926 ἀγάπῃ
3160 2857 3246 2921 εὶς
3270 2854 3585 2921 ἀλλήλους
3616 2853 3720 2907 καί

2137 2947 2227 3011 εὶς
2252 2943 2506 3025 πάντας,
2548 2945 2815 3015 καθάπερ
2840 2946 2939 2999 καὶ
2979 2942 3150 3014 ἡμεῖς
3185 2946 3273 3009 είς
3302 2943 3480 3013 ὑμᾶς,
3512 2945 3603 3007 είς
3651 2942 3719 2995 τὸ

2138 3037 2416 3106 στηρίξαι
2442 3036 2611 3107 ὑμῶν
2651 3038 2758 3104 τὰς
2801 3036 3047 3105 καρδίας
3075 3034 3418 3105 ἀμέμπτους
3439 3035 3508 3087 ἐν
3541 3035 3720 3103 ἁγιω-

2064 3156 2107 3216 c
2138 3128 2298 3197 σύνῃ
2348 3127 2690 3196 ἔμπροσθεν
2727 3126 2834 3180 τοῦ
2883 3123 3030 3179 Θεοῦ
3062 3125 3163 3216 καὶ
3190 3124 3419 3216 Πατρὸς
3448 3121 3618 3191 ἡμῶν
3649 3123 3723 3175 ἐν

2139 3216 2215 3288 τῇ
2248 3222 2552 3287 παρουσίᾳ
2597 3218 2706 3272 τοῦ
2749 3218 2971 3285 Κυρίου
3010 3214 3181 3286 ἡμῶν
3229 3215 3422 3283 Ἰησοῦ
3455 3214 3722 3283 Χριστοῦ

2134 3306 2287 3376 μετά
2329 3306 2572 3361 πάντων
2598 3305 2718 3360 τῶν
2748 3307 2932 3378 ἁγίων
2964 3306 3169 3360 αὐτοῦ.
3202 3307 3361 3359 Ποῖον
3391 3303 3593 3376 Κύριον
3635 3303 3724 3357 εῦ-

2140 3413 2293 3467 χεται
2321 3396 2628 3470 ἔμπροσθεν
2670 3395 2766 3450 τοῦ
2797 3397 2932 3451 Θεοῦ
2977 3398 3073 3451 καὶ
3122 3396 3334 3468 Πατρὸς
3369 3396 3526 3467 ἡμῶν
3556 3397 3613 3449 ὲν
3651 3399 3722 3468 τῇ

2141 3490 2416 3561 παρουσίᾳ
2442 3488 2537 3541 τοῦ
2580 3487 2785 3560 Κυρίου
2824 3488 2981 3560 ἡμῶν
3006 3487 3331 3559 ἀμέμπτους
3354 3488 3452 3550 τὰς
3490 3487 3722 3557 καρδίας

2141 3580 2538 3650 ὲστηριγμὲνας
2601 3582 2658 3633 ὲν
2721 3578 2999 3651 ἁγιωσύνῃ
3058 3578 3167 3633 τῶν
3233 3579 3291 3631 ἐν
3352 3577 3723 3651 Θεσσαλονίκῃ

2141 3669 2346 3724 πιστῶν
2389 3670 2675 3743 στηρίξαι;
2741 3669 3257 3743 Ἀποκρινάσθωσαν
3304 3672 3437 3740 ἡμῖν
3483 3672 3531 3722 ot
3580 3671 3725 3740 μετά

2139 3761 2248 3816 τῶν
2292 3762 2678 3835 λειτουργικῶν
2719 3764 3044 3835 πνευμάτων
3102 3762 3211 3816 τῶν
3256 3763 3393 3833 πρὸς
3442 3762 3724 3815 διακονίαν

2140 3854 2436 3908 ἀποστελλο
2443 3855 2619 3925 μένων
2639 3855 2702 3908 τὸ
2725 3854 2880 3924 ἅγιον
2917 3856 3142 3926 Πνεῦμα
3162 3854 3421 3918 τιθέντες.
3457 3854 3595 3908 Ἀλλ’
3617 3855 3726 3908 οὐκ

2140 3945 2342 4017 ἔχουσι.
2390 3946 2590 4018 Διόπερ
2632 3948 2982 4001 ἀκουέτωσαν
3023 3949 3119 4001 καὶ
3165 3948 3357 4019 ἐτέρας
3412 3948 3725 4019 μαρτυρίας

2140 4034 2434 4107 διαρρήδην
2467 4036 2562 4089 καὶ
2602 4036 2773 4107 αὐτῆς
2801 4035 3227 4107 κυριολογούσης
3259 4036 3319 4089 τὸ
3358 4036 3603 4106 Πνεῦμα.
3657 4036 3725 4091 '0

2140 4125 2209 4179 δὲ
2237 4127 2472 4194 Κύριος,
2490 4128 2644 4197 φησὶ,
2657 4129 2721 4180 τὸ
2744 4127 2987 4197 Πνεῦμά
3007 4129 3139 4183 ἐστι
3158 4146 3170 4158 ·
3200 4129 3294 4182 καὶ
3314 4128 3474 4181 πάλιν
3490 4145 3503 4157 ·
3527 4128 3728 4183 Καθὼ-

2141 4234 2253 4285 περ
2326 4218 2446 4272 ἀπὸ
2504 4221 2723 4287 Κυρίου
2773 4222 3137 4290 Πνεύματος.
3201 4222 3361 4274 Ὥστε
3433 4221 3490 4275 δὲ
3555 4222 3728 4292 μηδε-

2144 4308 2271 4379 μίαν
2299 4309 2410 4380 (86)
2432 4311 2743 4379 ἀντιλογίας
2763 4312 3019 4383 ἀφορμὴν
3041 4312 3382 4375 καταλιπεῖν,
3414 4312 3581 4383 αὐτὴν
3612 4330 3722 4366 πα-

2144 4400 2450 4472 ραθήσομαι
2469 4401 2563 4455 τοῦ
2603 4403 2921 4457 ’Δποστόλου
2950 4404 3049 4476 τὴν
3074 4403 3218 4469 λέξιν
3238 4420 3252 4434 ⁸
3283 4405 3447 4474 Ἄχρι
3476 4404 3586 4475 γὰρ
3610 4404 3729 4474 τῆς

465 4489 678 4544 tolletur
697 4490 947 4545 velamen.
975 4490 1232 4544 Dominus
1257 4499 1436 4544 autem
1463 4489 1695 4559 Spiritus
1718 4503 1796 4544 est
1830 4488 1897 4543 ³⁸.
1928 4485 2035 4541 Cur

2144 4490 2409 4559 σήμερον
2439 4491 2506 4545 τὸ
2535 4494 2679 4547 αὐτὸ
2713 4493 2994 4564 κάλυμμα
3023 4495 3123 4548 ἐπὶ
3149 4493 3226 4563 τῇ
3248 4495 3583 4565 ἀναγνώσει
3609 4494 3731 4563 τῆς

463 4582 569 4638 hoc
598 4580 764 4659 dicit?
792 4581 1059 4648 Quoniam
1082 4582 1175 4652 qui
1201 4582 1349 4636 nudo
1376 4582 1678 4637 intellectui
1713 4581 1911 4635 litteras
1937 4596 2032 4637 as-

464 4672 626 4737 sidet,
654 4679 709 4728 et
738 4672 851 4727 illic
881 4672 1028 4728 circa
1053 4672 1253 4744 legales
1281 4672 1698 4728 observationes
1731 4680 2032 4743 occupatus

2138 4580 2411 4648 Παλαιᾶς
2442 4582 2741 4652 Διαθήκης
2766 4585 2935 4654 μένει
2954 4626 2977 4649 ,λ
2999 4585 3086 4656 μὴ
3126 4586 3728 4655 ἀνακαλυπτόμενον,

2138 4672 2172 4726 ὅ
2198 4691 2252 4727 τι
2282 4674 2353 4728 ἐν
2381 4674 2613 4743 Χριστῷ
2650 4676 3043 4746 καταργεῖται.
3064 4677 3251 4731 Ὅταν
3275 4676 3345 4731 δὲ
3383 4677 3729 4748 ἐπιστρέψῃ

535 4851 581 4883 ²⁶
604 4848 649 4904 ll
677 4849 872 4906 Thess.
915 4864 994 4914 ιιι,
1028 4849 1082 4905 5.
1158 4851 1200 4882 ³⁷
1225 4849 1242 4903 Ι
1271 4849 1465 4908 Thess.
1498 4866 1581 4915 ιιι,
1616 4849 1704 4917 12,
1738 4849 1825 4903 15.
1901 4849 1946 4881 ³⁸
1968 4846 2014 4902 ll

2152 4889 2165 4904 .
2202 4863 2282 4912 ιιι,
2318 4848 2406 4903 1Ἰ.
2482 4852 2526 4885 ’⁸
2546 4850 2679 4907 ibid.
2714 4852 2803 4907 18.
2875 4852 2921 4885 ³⁸
2944 4852 3077 4908 ibid.
3110 4854 3198 4922 14,
3230 4852 3316 4921 16,
3348 4854 3437 4909 17.

535 5034 646 5107 (81)
690 5035 775 5101 Τῷ
814 5037 1176 5104 Ἀποστόλῳ.
1230 5036 1451 5090 Addunt
1499 5036 1627 5089 editi
1677 5038 1735 5089 ἐν
1773 5038 1840 5105 τῇ
1878 5035 2040 5107 -πρὸς

462 5102 877 5179 Θεσσαλονι-κεῖς
904 5102 1154 5179 δευτέρα,
1186 5107 1282 5163 sed
1311 5109 1424 5162 haec
1447 5108 1599 5161 nullo
1620 5102 1848 5176 prorsus
1876 5105 1934 5160 in
1950 5102 2042 5161 co-

462 5176 586 5231 dice
616 5192 719 5231 ms.
754 5177 1028 5231 letzuntur.
1065 5176 1076 5179 ⁷
1109 5176 1120 5179 ⁷
1572 5208 1585 5219 .

535 5193 586 5231 :e
616 5193 719 5231 ms.
754 5193 800 5230 te
843 5193 1028 5231 untur.
1572 5208 1585 5219 ο

535 5246 649 5318 (82)
666 5246 697 5318 Α·
711 5193 865 5313 Υπὲρ
885 5246 1004 5299 τῶν
1020 5244 1724 5318 θλίψεων-,Ειιιεηᾱιιπι-εει
1744 5245 1859 5318 haec
1874 5246 2041 5318 verba

462 5316 642 5385 neque
662 5316 717 5370 in
749 5329 907 5385 sacro
930 5325 1188 5372 contextu
1214 5317 1344 5385 legi,
1373 5327 1426 5370 et
1468 5318 1524 5370 in
1555 5316 1731 5385 tribus
1759 5317 1924 5385 hujus
1974 5317 2043 5369 li-

462 5333 717 5385 nequem
749 5333 907 5369 sacro
930 5333 1188 5372 contextu
1214 5333 1234 5371 ι
1308 5333 1344 5381 ι,
1373 5333 1426 5370 et
1468 5333 1524 5370 in
1555 5333 1731 5369 ll'lDus
1759 5333 1924 5385 nutus
1974 5333 2042 5369 n-

461 5386 546 5441 bri
567 5400 700 5440 mss.
719 5383 1003 5441 codicibus
1022 5333 1395 5452 deesse.e6uin
1410 5389 1570 5441 etiam
1594 5386 1644 5438 in
1662 5383 1831 5455 Regio
1850 5385 2042 5455 quinto

464 5470 575 5509 non
598 5463 896 5509 occurrunt
925 5457 1032 5510 nisi
1062 5456 1302 5514 secunda
1326 5472 1513 5511 manu.
1542 5454 1648 5509 Sed
1681 5454 1879 5509 tamen
1912 5470 2038 5510 cum

464 5525 630 5596 paulo
651 5532 774 5594 post
802 5540 833 5576 a
856 5522 1057 5596 Basilio
1089 5535 1425 5596 repetantur,
1455 5534 1514 5579 ut
1537 5541 1568 5580 e
1595 5540 1755 5596 sacro
1779 5533 2040 5581 contextu

466 5593 996 5672 desuin:pta;_nolim
1028 5611 1089 5649 ea
1120 5593 1343 5672 delere;
1377 5612 1442 5672 a_c
1480 5595 1833 5651 verisimilius
1862 5606 2042 5672 estex

467 5665 774 5728 codicibus,
803 5665 859 5716 in
884 5665 1086 5733 quibus
1112 5669 1331 5731 desunt,
1369 5668 1440 5721 ob
1470 5682 1591 5721 eam
1619 5680 1841 5720 causam
1871 5666 2043 5721 fuisse

465 5734 701 5806 sublata,
726 5733 853 5805 quia
875 5749 984 5791 non
1006 5737 1320 5808 legebantur
1346 5736 1492 5809 apud
1511 5737 1852 5807 Apostolum,
1875 5751 2039 5807 quam

2145 5039 2265 5118 sine
2298 5048 2465 5089 causa
2497 5033 2552 5087 in
2601 5034 2741 5091 alios
2787 5034 3029 5099 codices,
3070 5035 3129 5089 in
3172 5037 3371 5106 quibus
3401 5046 3729 5107 occurrunt,

2145 5107 2364 5175 injecta.

2216 5177 2328 5243 (85)
2361 5174 2499 5241 Περὶ
2528 5174 2636 5227 τοῦ
2681 5174 2831 5229 Θεοῦ
2873 5175 2971 5229 καὶ
3013 5177 3267 5243 Πατρός.
3297 5174 3373 5230 Ita
3410 5192 3543 5231 mss.
3585 5186 3729 5240 tres.

2146 5246 2342 5327 melius
2362 5259 2536 5327 quam
2563 5245 2619 5325 in
2640 5246 2971 5327 ἕψῃς-περὶ
3011 5244 3106 5327 τοῦ
3131 5247 3266 5299 Θεοῦ
3306 5247 3521 5327 illam;
3547 5249 3642 5301 καὶ

2217 5315 2328 5388 (Si)
2353 5314 2493 5388 Περὶ
2510 5314 2619 5368 τοῦ
2640 5313 2933 5388 Tigillino
2943 5315 3178 5388 “codices
3201 5313 3443 5388 περὶτοῦ
3462 5317 3729 5388 Χριστοῦ,

2217 5385 2327 5455 (85)
2362 5384 2573 5450 Τούτῳ,
2597 5392 2704 5440 etc.
2722 5384 2866 5457 Editi
2877 5384 3036 5457 τοῦτο
3059 5386 3229 5457 καὶτὸ
3239 5384 3301 5457 ἐν
3315 5386 3401 5439 ὲτέ
3411 5384 3729 5457 ρωϋί,ιιιιο(1

2146 5455 2313 5509 trium
2350 5470 2481 5509 mss.
2506 5468 2608 5526 ope
2653 5455 3082 5526 emendavimus.
3119 5456 3244 5511 Mox
3272 5455 3477 5526 Regius
3519 5455 3729 5512 secun-

2145 5526 2249 5599 dus
2281 5522 2970 5599 nsptccadcarévavann,
3010 5534 3065 5581 et
3105 5528 3270 5596 paulo
3302 5522 3422 5595 νόει
3447 5527 3545 5590 τάς
3581 5543 3729 5599 καρ-

2143 5595 2262 5654 δίας
2300 5593 2603 5665 ἀμέμπτως
2638 5596 2696 5647 ὲν
2724 5593 2999 5665 ἀγεασμζῷ.

2216 5662 2693 5738 (86)ςΜηδ;εμίαγ.
2738 5663 2815 5720 Ita
2853 5662 2986 5722 mss.
3031 5673 3164 5735 tres,
3196 5682 3296 5738 pro
3324 5682 3390 5725 eo
3418 5667 3562 5738 quod
3605 5677 3733 5724 erat

2144 5736 2201 5791 in
2225 5733 2385 5791 editis
2416 5733 2704 5806 μηδεμιᾶς.
