3972 6218
300 342 409 400 165

1464 357 1667 413 LIBER
1702 361 1789 415 DE
1829 360 2103 420 SPIRITU
2146 363 2440 423 SANCTO.

3465 383 3569 441 166

298 465 450 533 πρὸς
484 465 731 534 Κύριον,
783 469 1159 539 περιαιρεῖται
1209 472 1318 543 (87)
1355 473 1419 528 τὸ
1460 475 1761 546 κάλυμμα.
1821 479 1847 528 ’‹

1984 490 2089 545 est,
2128 479 2357 537 Judaica
2397 485 2594 540 littera:
2641 485 3098 556 interpretatione
3126 493 3285 561 quasi
3322 495 3440 550 velo
3484 505 3568 552 te-

297 559 514 626 Κύριος
537 558 609 611 τὸ
648 561 899 630 Πνεῦμα
929 563 1080 616 ἐστι.
1133 565 1197 617 Τί
1239 566 1397 619 τοῦτο
1436 567 1638 636 λέγων;
1687 572 1807 623 ’Ότι

1985 578 2132 626 ctum
2165 573 2328 629 habet
2352 590 2450 630 cor
2478 593 2492 629 :
2523 585 2685 646 atque
2714 577 2770 631 id
2795 578 2874 632 illi
2897 582 3117 647 accidit,
3141 558 3208 638 eo
3229 586 3376 655 quod
3406 587 3567 657 igno-

295 647 427 720 ψιλῇ
457 651 528 721 τῇ
560 649 775 722 διανοίᾳ
805 651 899 704 τοῦ
924 653 1251 725 γράμματος
1281 657 1752 729 προσκαθήμενος,
1790 678 1847 714 κο

1982 669 2070 716 ret
2114 666 2456 733 corporalem
2520 667 3149 738 legis_observationem
3205 676 3262 729 in
3322 678 3564 735 adventu

294 738 462 794 αὐτοῦ
490 757 595 793 που
622 743 753 814 περὶ
775 742 846 796 τὰ
871 744 1070 815 νομικὰ
1097 748 1542 818 παρατηρήματα
1567 750 1878 821 διατρίϐων,

290 824 405 883 οἷόν
438 847 547 884 τινι
578 833 1042 904 παραπετάσματι
1070 839 1137 907 τῇ
1186 838 1450 909 Ἰουδαϊκῇ
1492 838 1588 892 τοῦ
1616 842 1879 914 γράμμα-

289 936 383 982 τος
414 920 613 992 ἐκδοχῇ
647 922 747 993 τὴν
789 924 1018 996 καρδίαν
1050 926 1245 980 ἑαυτοῦ
1277 929 1751 998 συγκεκάλυπται·
1785 936 1879 988 καὶ

289 1011 453 1065 τοῦτο
481 1014 684 1084 πάσχει
717 1017 871 1087 παρὰ
900 1017 962 1070 τὸ
998 1019 1230 1086 ἀγνοεῖν,
1269 1021 1353 1074 ὅτι
1387 1022 1420 1091 ή
1454 1023 1740 1096 σωματικὴ
1779 1025 1875 1078 τοῦ

287 1102 457 1173 νόμου
486 1107 720 1177 τήρησις
744 1109 801 1160 ὲν
829 1111 895 1179 τῇ
927 1110 1189 1183 ἐπιδημίᾳ
1219 1111 1329 1183 (88)
1356 1111 1446 1166 τοῦ
1479 1115 1717 1186 Χριστοῦ
1744 1134 1877 1170 κατ-

284 1197 561 1263 αργεῖται,
593 1196 701 1250 τῶν
739 1197 928 1253 τύπων
961 1200 1143 1254 λοιπὸν
1179 1203 1628 1275 μεταληφθέντων
1655 1209 1735 1270 εἰς
1776 1207 1875 1279 τὴν

284 1282 572 1354 ἀλήθειαν.
617 1286 874 1357 Ἀργοῦσι
904 1289 1013 1361 γὰρ
1049 1290 1230 1361 λύχνοι
1258 1296 1322 1364 τῇ
1357 1294 1451 1346 τοῦ
1488 1295 1638 1365 ἡλίου
1670 1314 1875 1368 παρου-

283 1375 416 1445 σία·
450 1377 545 1429 καὶ
578 1378 829 1449 σχολάζει
855 1383 885 1434 6
914 1382 1096 1454 νόμος,
1128 1383 1223 1436 καὶ
1253 1390 1578 1457 προφητεῖαι
1624 1388 1735 1459 (89)
1769 1406 1871 1443 κα-

280 1469 695 1538 τασιγάζονται,
726 1473 829 1543 τῆς
856 1474 1114 1545 ἀληθείας
1148 1477 1540 1550 ἀναφανείσης.
1593 1481 1651 1534 '0
1688 1482 1870 1552 μέντοι

277 1563 536 1634 δυνηθεὶς
562 1567 657 1619 ἐπὶ
681 1567 743 1619 τὸ
769 1566 932 1637 βάθος
963 1568 1221 1639 διακύψαι
1246 1571 1348 1640 τῆς
1377 1573 1604 1643 νομικῆς
1638 1574 1866 1639 ἑννοίας,

280 1654 380 1706 καὶ
425 1654 525 1724 τὴν
552 1656 618 1710 ἐκ
647 1657 742 1723 τοῦ
778 1660 1107 1730 γράμματος
1147 1661 1436 1731 ἀσάφειαν,
1479 1658 1590 1716 οἷόν
1618 1681 1671 1716 τι
1701 1682 1868 1718 κατα-

278 1744 560 1814 πέτασμα,
610 1748 868 1820 διασχὼν,
914 1752 1046 1805 εἴσω
1083 1754 1335 1821 γενέσθαι
1367 1757 1477 1810 τῶν
1513 1760 1862 1830 ἀπορρήτων,
1907 1823 1910 1827 ν

1981 752 2185 809 Christi
2201 754 2459 810 abolitam
2479 771 2623 822 esse,
2641 759 2752 828 jam
2778 759 2967 829 ﬁguris
2987 764 3053 817 ad
3072 764 3356 821 veritatem
3380 777 3564 827 trans-

1980 839 2129 896 latis.
2175 839 2317 897 Sunt
2377 846 2523 899 enim
2563 864 2984 918 supervacanea
3016 853 3253 909 lucerna:
3289 858 3422 913 solis
3464 861 3564 914 ad-

1971 943 2142 987 ventu
2169 951 2184 1001 ;
2220 942 2276 989 et
2303 945 2487 992 cessat
2518 939 2626 1004 lex,
2656 950 2712 996 et
2734 944 3036 1013 prophetiae
3065 947 3231 1002 silent
3256 989 3270 1014 ,
3304 950 3470 1006 simul
3502 961 3563 1008 ut

1977 1023 2163 1098 illuxit
2186 1027 2414 1084 veritas.
2448 1030 2518 1083 At
2548 1034 2644 1101 qui
2677 1036 2855 1103 potuit
2883 1036 2951 1091 ad
2979 1038 3251 1107 profunda
3279 1041 3386 1113 45
3411 1045 3561 1115 lega-

1968 1113 2043 1170 «lis
2070 1131 2267 1173 sensus
2301 1131 2610 1190 penetrare,
2639 1139 2704 1179 ac
2733 1127 2986 1184 discussa
3028 1131 3165 1201 legis
3195 1131 3556 1203 obscuritate,

1975 1220 2074 1260 ceu
2105 1208 2437 1277 velamento,
2471 1213 2703 1271 introire
2733 1219 2802 1272 ad
2833 1235 3054 1289 arcana,
3084 1223 3173 1277 hic
3205 1227 3399 1282 Mosen
3432 1229 3556 1285 imi-

1973 1305 2123 1354 tatus
2143 1308 2248 1365 est,
2280 1303 2550 1372 velamen,
2581 1308 2710 1362 dum
2742 1310 2985 1381 loquitur
3020 1330 3145 1369 cum
3187 1316 3316 1385 Deo,
3355 1321 3555 1377 tollen-

1972 1397 2082 1444 tem
2121 1390 2188 1458 ³¹ς
2225 1392 2345 1462 ipse
2372 1409 2432 1451 se
2461 1397 2626 1451 etiam
2652 1411 2981 1458 convertens
3014 1420 3044 1459 a
3073 1405 3256 1463 littera
3283 1410 3352 1464 ad
3391 1413 3554 1481 spiri-

1971 1487 2108 1537 tum.
2142 1482 2327 1549 Quare
2353 1487 2609 1543 velamini
2637 1492 2783 1560 quod
2819 1493 3136 1564 impositum
3168 1508 3252 1553 est
3272 1516 3438 1571 super
3466 1502 3551 1558 fa-

1968 1573 2113 1629 ciem
2145 1574 2303 1640 Mosi,
2338 1579 2633 1648 respondet
2665 1583 2921 1653 legalium
2952 1588 3408 1648 documentorum
3447 1595 3550 1652 ob-

1967 1666 2207 1723 scuritas
2240 1686 2255 1735 ;
2287 1671 2631 1727 conversioni
2662 1683 2843 1730 autem
2874 1677 2943 1731 ad
2990 1677 3285 1737 Dominum
3318 1700 3550 1756 respon-

1967 1755 2059 1811 det
2104 1758 2410 1828 spiritualis
2459 1763 2840 1835 intelligentia.
2887 1764 3031 1839 Ergo
3070 1773 3162 1842 qui
3208 1777 3263 1828 in
3311 1776 3551 1834 lectione

273 1827 435 1900 οὗτος
464 1838 779 1911 ἐμιμήσατο
809 1844 902 1897 τὸν
938 1847 1182 1918 Μωῦσῆν
1225 1848 1285 1901 ἐν
1315 1848 1394 1919 τῷ
1414 1827 1757 1919 διαλέγεσθαι
1781 1852 1847 1923 τᾷ

1962 1848 2096 1918 legis
2138 1827 2318 1905 aufert
2357 1827 3102 1919 litteramiconvertitvsese
3143 1862 3210 1917 ad
3253 1863 3548 1923 Dominum

273 1924 398 1996 Θεῷ
428 1931 823 2001 περιαιροῦντα
866 1934 929 1987 τὸ
960 1935 1241 2007 κάλυμμα,
1269 1939 1614 2010 ἐπιστρέφων
1636 1943 1732 1995 καὶ
1755 1944 1857 1994 αὑ⁹

268 2018 366 2082 τὸς
396 2020 509 2072 ἀπὸ
538 2020 634 2074 τοῦ
662 2024 989 2096 γράμματος
1023 2029 1158 2100 πρὸς
1184 2029 1247 2082 τὸ
1278 2030 1391 2101 (90)
1421 2031 1661 2103 πνεῦμα.
1694 2034 1857 2088 Ὥστε

267 2111 556 2180 ἀναλογεῖν
586 2114 667 2185 τῷ
701 2117 799 2186 μὲν
842 2119 937 2172 ἐπὶ
967 2119 1060 2173 τοῦ
1106 2121 1398 2193 προσώπου
1441 2124 1714 2190 Μωῦσέως
1752 2146 1851 2182 κα-

268 2199 521 2271 λύμματι
573 2208 674 2277 τὴν
724 2207 833 2262 τῶν
882 2212 1123 2282 νομικῶν
1169 2213 1513 2285 διδαγμάτων
1555 2219 1851 2287 ἀσάφειαν,

260 2294 333 2363 τῇ
360 2293 419 2347 δὲ
458 2298 764 2371 ἐπιστροφῇ
818 2304 884 2372 τῇ
914 2303 1050 2374 πρὸς
1082 2305 1173 2358 τὸν
1205 2307 1412 2378 Κύριον
1454 2310 1554 2380 τὴν
1608 2329 1853 2384 πνευμα-

260 2382 427 2454 τικὴν
472 2385 729 2457 θεωρίαν.
775 2391 832 2443 Ὀ
877 2388 969 2446 οὖν
1000 2395 1058 2447 ὲν
1096 2398 1162 2466 τῇ
1206 2396 1509 2464 ἀναγνώσει
1546 2400 1640 2452 τοῦ
1684 2403 1849 2473 νόμου

260 2473 535 2545 περιελὼν
564 2478 630 2531 τὸ
657 2480 890 2551 γράμμα
920 2484 1240 2555 ἐπιστρέφει
1264 2486 1403 2558 πρὸς
1435 2487 1525 2541 τὸν
1555 2489 1758 2560 Κύριον
1786 2492 1849 2562 (6

258 2560 560 2637 δὲ’Κύριος
588 2569 682 2623 νῦν
713 2572 775 2624 τὸ
803 2572 1029 2646 Πνεῦμα
1056 2575 1337 2648 λέγεται),
1368 2579 1462 2633 καὶ
1492 2581 1678 2649 ὅμοιος
1703 2560 1851 2650 γίνε-

255 2668 353 2706 ται
389 2657 621 2713 Μωῦσεί
668 2664 733 2715 ὲκ
772 2663 876 2732 τῆς
909 2667 1232 2735 ἐπιφανείας
1261 2667 1358 2722 τοῦ
1389 2670 1525 2724 Θεοῦ
1564 2673 1624 2724 τὸ
1680 2674 1847 2744 πρόσ-

254 2761 410 2798 ωπον
441 2748 830 2822 δεδοξασμένον
869 2756 1065 2825 ἔχοντι.
1107 2758 1196 2822 Ὦς
1226 2759 1338 2831 γὰρ
1364 2761 1432 2814 τὰ
1456 2764 1567 2824 τοῖς
1591 2762 1846 2834 ἀνθηροῖς

253 2841 518 2913 χρώμασι
565 2846 949 2915 παρακείμενα
991 2848 1054 2901 ὲκ
1095 2851 1195 2919 τῆς
1232 2854 1635 2924 περιρῤεούσης
1667 2855 1844 2925 αὐγῆς

254 2932 357 2984 καὶ
410 2932 552 2985 αὐτὰ
603 2935 1047 3007 καταχρώννυται
1098 2939 1245 3010 (91)·
1295 2941 1467 3006 οὕτως
1500 2939 1547 2996 ’ὀ
1595 2945 1844 3015 ἐναργῶς

251 3021 577 3087 ὲνατενίσας
604 3025 683 3096 τῷ
708 3028 987 3098 Πνεύματι
1015 3031 1081 3083 ὲκ
1112 3032 1212 3103 τῆς
1242 3033 1449 3086 ἐκείνου
1484 3033 1642 3105 δόξης
1679 3052 1843 3106 μετα·-

256 3112 568 3183 μορφοῦταί
596 3132 714 3179 πως
754 3117 893 3188 πρὸς
920 3118 982 3171 τὸ
1020 3120 1314 3190 φανότερον
1333 3159 1349 3185 ,
1377 3115 1487 3174 οἷόν
1531 3139 1635 3176 τινι
1677 3125 1836 3193 φωτὶ,

250 3206 325 3275 τῇ
356 3206 423 3257 ὲκ
450 3205 545 3257 τοῦ
573 3207 891 3277 Πνεύματος
924 3208 1149 3282 ἀληθείᾳ
1169 3211 1269 3281 τὴν
1300 3210 1527 3284 καρδίαν
1561 3214 1841 3284 καταλαμ-

249 3295 514 3366 πόμενος.
546 3298 659 3350 Καὶ
690 3298 848 3352 τοῦτό
878 3301 994 3353 ἐστι
1029 3301 1110 3366 τὸ,
1144 3302 1585 3373 μεταμορφοῦται
1609 3305 1717 3359 άπὸ
1741 3307 1840 3378 τῆς

249 3385 414 3458 δόξης
448 3389 543 3442 τοῦ
583 3391 899 3460 Πνεύματος
928 3395 1009 3456 είς
1042 3393 1142 3464 τὴν
1170 3395 1378 3449 οἰκείαν
1418 3395 1575 3463 δόξαν
1598 3438 1613 3463 ,
1646 3398 1707 3451 οὐ
1749 3417 1840 3468 μι-

250 3479 552 3548 κρολόγως,
583 3483 706 3535 οὐδὲ
733 3484 1011 3555 ἀμυδρῶς·
1044 3485 1159 3539 ἀλλ’
1180 3488 1272 3539 ἐπὶ
1299 3486 1571 3551 τοσοῦτον,
1602 3489 1686 3558 ἐφ’
1714 3490 1837 3543 ὅσον

1961 1939 2253 2007 (Dominus
2282 1951 2467 1998 autem
2496 1961 2646 2001 nunc
2684 1947 2923 2018 Spiritus
2953 1952 3209 2025 dicitur),
3240 1972 3307 2011 ac
3349 1960 3548 2017 similis

1958 2029 2206 2084 redditur
2231 2031 2388 2099 Mosi,
2426 2050 2494 2090 ex
2518 2039 2864 2106 apparitione
2893 2040 2986 2096 Dei
3022 2042 3218 2099 faciem
3263 2046 3542 2117 gloriﬁca-

1958 2126 2067 2173 tam
2089 2120 2334 2179 habenti.
2373 2123 2530 2180 Sicut
2564 2129 2709 2182 enim
2741 2146 2863 2201 quae
2884 2132 3041 2201 juxta
3068 2133 3292 2193 ﬂoridos
3320 2140 3541 2198 colores

1952 2211 2131 2279 posita
2162 2223 2311 2279 sunt,
2342 2231 2373 2270 e
2403 2217 2694 2286 splendore
2730 2230 3091 2290 promanante
3120 2226 3440 2282 colorantur
3469 2237 3528 2284 et

1952 2302 2072 2372 ipsa
2100 2322 2113 2357 :
2140 2304 2221 2359 sic
2248 2305 2352 2375 qui
2379 2307 2663 2365 evidenter
2684 2312 2914 2367 intendit
2946 2317 3137 2371 oculos
3161 2318 3216 2370 in
3242 2318 3529 2388 Spiritum,

1951 2408 2016 2447 ex
2048 2395 2198 2451 illius
2221 2399 2397 2467 gloria
2431 2402 2837 2470 quodammodo
2880 2408 3312 2464 transformatnr
3347 2422 3407 2467 ut
3445 2414 3541 2470 ﬂat

1948 2483 2241 2552 itlustrior,
2273 2490 2402 2544 dum
2435 2494 2668 2550 veritate
2698 2511 2726 2549 a
2758 2496 2965 2566 Spiritu
3006 2511 3395 2569 promanante,
3432 2519 3537 2561 ceu

1947 2575 2072 2633 luce
2102 2581 2368 2649 quadam,
2405 2588 2571 2641 corde
2609 2586 2969 2643 illuminatur.
2999 2590 3064 2645 Et
3088 2593 3192 2647 hoc
3220 2602 3308 2651 est
3352 2603 3537 2651 trans-

1946 2665 2173 2725 formari
2230 2687 2260 2725 a
2328 2674 2502 2744 gloria
2554 2676 2795 2747 Spiritus
2839 2683 2906 2736 ad
2956 2686 3230 2753 propriam
3278 2687 3533 2757 gloriam,

1945 2759 2090 2816 haud
2123 2779 2304 2833 parce,
2342 2783 2518 2837 neque
2545 2773 2804 2839 tenuiter,
2833 2774 2927 2828 sed
2962 2775 3015 2829 in
3051 2786 3263 2832 tantum
3285 2819 3300 2844 ,
3343 2794 3527 2851 quan-

1944 2858 2059 2906 tum
2092 2868 2193 2923 par
2224 2865 2308 2912 est
2341 2859 2606 2915 illustrari
2640 2878 2764 2917 eum
2797 2865 2889 2933 qui
2939 2882 2968 2919 a
3018 2866 3223 2937 Spiritu
3255 2870 3534 2926 illumina-

1944 2949 2050 2996 tur.
2082 2942 2202 2999 Non
2233 2949 2460 3016 vereris,
2493 2966 2526 3003 ο
2569 2952 2751 3016 homo,
2780 2955 3101 3024 Apostolum
3130 2959 3402 3015 dicentem
3435 2962 3480 2995 ⁸¹
3511 2981 3529 3016 :

1946 3033 2218 3103 Templum
2242 3037 2344 3094 Dei
2369 3043 2518 3107 estis,
2542 3054 2592 3098 et
2614 3043 2848 3113 Spiritus
2874 3049 2971 3103 Dei
2988 3050 3195 3104 habitat
3215 3053 3271 3105 in
3292 3054 3434 3106 vobis
3452 3053 3534 3107 ³³1

1942 3123 2083 3179 Num
2109 3131 2379 3197 potuisset
2412 3148 2649 3203 unquam
2682 3140 2881 3194 servile
2909 3139 3251 3196 domicilium
3283 3145 3525 3213 appella-

1944 3216 2094 3273 tione
2127 3221 2314 3291 templi
2352 3223 2665 3280 honorare?
2696 3226 2838 3293 Quid
2878 3231 2973 3300 qui
3010 3231 3348 3301 Scripturam
3382 3234 3525 3289 divi-

1944 3308 2092 3365 nitus
2123 3310 2442 3383 inspiratam
2468 3318 2731 3387 appellat,
2777 3335 2842 3375 eo
2874 3321 3018 3392 quod
3053 3322 3233 3378 amatu
3281 3322 3527 3395 Spiritus

1945 3403 2150 3474 scripta
2192 3406 2299 3471 sit,
2340 3422 2474 3461 num
2517 3412 2933 3467 contumeliosis
2974 3424 3029 3468 et
3076 3412 3341 3485 Spiritum
3386 3422 3527 3472 atte-

1945 3495 2243 3552 nuantibus
2262 3498 2448 3553 verbis
2470 3500 2681 3553 utitur?

248 3576 401 3629 ἑστὶν
434 3576 584 3641 εἰκὸς
620 3578 711 3632 τὸν
736 3579 845 3633 ἀπὸ
903 3580 997 3634 τοῦ
1057 3580 1374 3651 Πνεύματος
1404 3581 1790 3654 φωτιζόμενον.
1827 3588 1900 3640 Οὐ
1938 3587 2196 3661 δυσωπῇ,
2252 3592 2540 3665 ἄνθρωπε,
2594 3595 2684 3648 τὸν
2749 3596 3071 3651 Ἀπόστολον
3129 3597 3389 3664 λέγοντα,
3437 3599 3525 3655 ὅτι

247 3673 416 3737 Ναὸς
456 3672 604 3726 Θεοῦ
632 3673 793 3737 ἐστε,
824 3674 925 3728 καὶ
961 3675 1026 3729 τὸ
1063 3675 1304 3745 Πνεῦμα
1338 3676 1445 3730 τοῦ
1490 3676 1640 3729 Θεοῦ
1686 3679 1840 3733 οἰκεῖ
1869 3681 1937 3734 ὲν
1962 3684 2128 3751 Quir;
2162 3681 2310 3756 Ἀρα
2338 3687 2399 3739 τὸ
2422 3687 2666 3741 δουλικὸν
2706 3691 3018 3761 οἰκητήριον
3075 3693 3393 3757 κατεδέξατο
3453 3692 3521 3752 ἄν

248 3781 386 3821 ποτε
452 3768 519 3836 τῇ
561 3764 654 3818 τοῦ
685 3765 814 3819 ναοῦ
854 3765 1193 3838 προσηγορίᾳ.
1235 3767 1494 3838 “pilam;
1528 3768 1594 3820 Τί
1627 3769 1686 3823 δὲ
1717 3772 1745 3823 6
1786 3770 2141 3829 θεόπνευστον
2199 3778 2299 3847 τὴν
2338 3779 2558 3849 Γραφὴν
2602 3779 2903 3849 ὀνομάζων,
2949 3782 3037 3835 διὰ
3100 3783 3198 3851 τῆς
3231 3784 3518 3846 ἐπιπνοίας

246 3859 347 3913 τοῦ
391 3861 550 3928 ἁγίου
598 3858 915 3928 Πνεύματος
973 3861 1401 3929 συγγραφεῖσαν,
1432 3860 1508 3931 μὴ
1540 3863 1653 3923 τοῖς
1708 3860 1802 3914 τοῦ
1832 3864 2250 3937 καθυϐρίζον.ος
2298 3870 2392 3922 καὶ
2440 3872 2972 3942 κατασμικρύνοντος
2999 3873 3130 3927 αὐτὸ
3164 3875 3518 3946 προσρήμασι

246 3953 526 4024 κέχρηται
556 3950 665 4012 (9‘3)
689 3967 705 4016 ;

747 4068 1146 4123 ΚΕΦΑΛᾹΙΟΝ
1199 4069 1329 4124 KB'.

242 4162 558 4227 Σύστασις
603 4160 713 4230 τῆς
764 4161 917 4214 κατὰ
959 4159 1073 4227 τὴν
1124 4160 1314 4229 φύσιν
1361 4161 1674 4228 κοινωνίας
1719 4164 1828 4217 τοῦ

317 4234 687 4300 Πνεύματος,
721 4231 791 4283 ἐκ
820 4231 927 4284 τοῦ
958 4232 1170 4299 ὁμοίως
1199 4231 1352 4285 εἶναι
1387 4231 1572 4298 Πατρὶ
1599 4233 1697 4286 καί
1722 4234 1829 4300 Υὶῷ

314 4303 471 4370 πρὸς
502 4303 750 4369 θεωρίαν
777 4301 1157 4368 δυσέφικτον.

318 4394 406 4448 55.
450 4393 523 4446 Οὐ
573 4392 732 4462 μόνον
779 4391 838 4444 δὲ
885 4391 943 4457 ἐξ
987 4386 1062 4445 ὧν
1100 4391 1200 4455 τὰς
1237 4390 1406 4454 αὐτὰς
1457 4394 1827 4464 προσηγορίας

2511 4073 2738 4130 CAPUT
2771 4072 2939 4131 XXII.

1934 4160 2284 4236 Con/irritatio
2350 4167 2615 4236 natu_ralis
2674 4169 3057 4220 communionis
3112 4168 3389 4236 Spiritus,
3449 4190 3512 4227 eo

2002 4234 2138 4304 quod
2166 4251 2309 4306 irque
2346 4250 2409 4287 ac
2460 4234 2629 4289 Pater
2657 4245 2707 4290 et
2746 4237 2921 4292 Filius
2971 4234 3511 4308 incomprehensibilis

2002 4314 2101 4358 est.

2002 4395 2093 4450 55.
2129 4393 2249 4448 Non
2296 4394 2472 4450 solum
2510 4401 2694 4450 autem
2736 4409 2803 4450 ex
2839 4395 2941 4451 hoc
2974 4398 3119 4466 quod
3155 4399 3378 4456 easdem
3406 4401 3508 4456 lia-

242 4486 395 4557 ἔχει,
435 4485 533 4538 καὶ
575 4483 831 4537 κοινωνόν
871 4482 980 4556 (95)
1019 4485 1135 4536 ἐστι
1173 4482 1283 4536 τῶν
1327 4485 1616 4554 ἐνεργειῶν
1647 4485 1825 4559 Πατρὶ

1957 4493 2023 4540 iet
2057 4486 2482 4555 appellationes,
2513 4493 2569 4541 et
2601 4486 2658 4540 in
2686 4487 3099 4556 operationibus
3147 4505 3378 4547 consors
3420 4501 3506 4549 est

241 4577 341 4630 καὶ
380 4574 520 4645 Υἱῷ,
554 4574 617 4628 τὸ
644 4574 910 4645 ὑπερέχον
950 4574 1114 4628 αὐτοῦ
1154 4574 1252 4645 τῆς
1278 4574 1493 4643 φύσεως
1523 4574 1822 4649 γνώριμον,

242 4666 384 4721 ἀλλὰ
439 4669 537 4721 καὶ
597 4665 659 4730 ἐξ
693 4660 770 4720 ὧν
820 4667 1020 4734 ὁμοίως
1080 4667 1199 4720 ἐστὶ
1246 4667 1382 4738 πρὸς
1431 4666 1664 4738 θεωρίαν
1701 4667 1827 4720 δυσ-

243 4757 490 4827 έφικτον.
530 4758 598 4811 ’Δ
623 4757 733 4828 γὰρ
756 4757 992 4829 περὶτοῦ
1017 4757 1228 4829 Πατρός
1259 4774 1442 4829 φησιν,
1469 4758 1544 4821 ώς
1569 4757 1824 4811 ἐπέκεινα

239 4841 399 4911 ὄντος
450 4849 796 4920 ἀνθρωπίνης
846 4848 1053 4913 ἑννοίας
1072 4890 1087 4914 ,
1145 4849 1240 4903 καὶ
1283 4848 1321 4902 ἃ.
1372 4847 1628 4919 περὶτοῦ
1669 4848 1819 4915 Υίοῦ,

239 4937 421 4992 ταῦτα
446 4939 477 4993 6
502 4939 708 5011 Κύριος
733 4940 828 4993 καί
853 4940 978 5010 περὶ
1002 4940 1096 4993 τοῦ
1122 4941 1278 5009 ἁγίου
1304 4941 1621 5010 Πνεύματος
1650 4939 1817 5009 λέγει·

1927 4573 2079 4630 Patri
2104 4584 2159 4631 et
2189 4576 2350 4641 Filio,
2386 4577 2594 4633 dilucet
2624 4590 2835 4634 natura:
2857 4580 3007 4636 illius
3027 4583 3384 4650 excellentia;
3410 4599 3506 4639 ve—

1927 4681 2048 4721 rum
2093 4668 2254 4722 etiam
2293 4685 2363 4724 ex
2402 4684 2470 4725 eo
2492 4669 2639 4738 quod
2679 4672 2886 4740 pariter
2928 4673 3504 4745 incomprehensibilis

1927 4768 2012 4814 est
2037 4759 2337 4815 intellectu.
2377 4759 2509 4826 Quae
2536 4762 2683 4817 enim
2723 4763 2792 4818 de
2835 4761 2998 4819 Patre
3042 4766 3317 4836 loquitur,
3353 4767 3501 4836 quod

1926 4849 1998 4903 sit
2029 4864 2194 4919 supra
2214 4850 2595 4920 cogitationem
2618 4852 2938 4920 humanam,
2985 4871 3215 4927 quaeque
3242 4857 3309 4911 de
3336 4855 3498 4923 Filio,

1928 4940 2116 4995 eadem
2147 4940 2410 4997 Dominus
2443 4952 2497 4996 et
2537 4943 2603 4997 de
2638 4944 2843 5014 Spiritu
2878 4954 3071 5001 sancto
3116 4948 3251 5002 dicit
3289 4968 3302 5002 :
3335 4946 3500 5002 Pater

243 5028 441 5099 Πάτερ
480 5031 701 5097 δίκαιε,
753 5031 850 5086 καὶ
895 5035 929 5085 ό
965 5033 1193 5102 κόσμος
1225 5047 1299 5086 σε
1346 5033 1456 5086 οὐκ
1493 5031 1676 5102 Error
1730 5031 1822 5086 τὸν

1957 5043 2086 5096 uate,
2116 5041 2166 5085 et
2204 5033 2430 5087 mundus
2463 5044 2510 5088 te
2530 5051 2631 5089 non
2651 5037 2885 5107 cognovit
2917 5038 2983 5104 ³’⁵;
3022 5038 3285 5094 mundum
3312 5040 3497 5111 appel-

316 5184 552 5239 “Exod.
589 5201 774 5250 xxxiv,
810 5187 900 5242 54.
978 5186 1066 5238 ³³1
1105 5186 1230 5241 Cor.
1269 5203 1353 5254 ni,
1383 5186 1469 5240 i6.
1548 5186 1592 5217 ³³
1616 5180 1660 5239 ll
1689 5180 1833 5240 Tim.

1982 5185 2063 5241 l6.
2140 5189 2188 5220 ”
2208 5187 2367 5245 Joan.
2407 5206 2543 5258 xvii,
2589 5191 2680 5247 25.

314 5327 432 5401 (87)
452 5327 1014 5401 Περιαιρεὶταιείὶος.
1033 5330 1306 5401 secundus
1332 5328 1679 5401 περιελεῖται.
1705 5329 1813 5383 Nec

1957 5325 2147 5381 ilimus
2182 5329 2411 5401 vulgatae
2457 5329 2763 5401 προφῆται,
2785 5337 2844 5383 ut
2887 5329 3070 5383 verbis
3113 5328 3383 5399 Apostoli,
3422 5329 3493 5384 ad

241 5400 421 5471 mlle
444 5408 570 5471 ροει
602 5401 743 5471 ise!“
771 5399 1123 5471 (ἐθάκνομικὰ
1150 5399 1547 5471 διατηρήματρι.

311 5468 428 5538 (88)
444 5466 562 5523 ³Εν
578 5466 653 5536 τῇ
670 5468 975 5540 ἐξειδτυιίᾳ.
992 5466 1148 5522 Εάὶιί
1175 5471 1268 5522 ἐπὶ
1292 5466 1657 5540 τῇ”ὲπιδημίᾳ
1681 5485 1815 5522 κατ-

242 5537 552 5611 ήργηται...
586 5540 638 5590 ot
668 5537 1054 5611 λύχνοι.]λίι)ι·ί
1089 5547 1302 5611 veteres
1326 5537 1384 5592 ut
1417 5542 1470 5593 in
1503 5537 1675 5593 textu.

311 5609 429 5681 (89)
461 5608 839 5681 Προφητεῖαι,
885 5608 1009 5663 Haec
1038 5610 1311 5681 scriptura
1344 5611 1399 5662 in
1430 5612 1647 5681 duobus
1689 5616 1810 5663 tan-

244 5678 359 5732 tum
405 5680 605 5750 legitur
638 5679 919 5733 codicibus
946 5694 1078 5734 mss.
1118 5687 1172 5733 et
1214 5680 1269 5733 in
1320 5681 1426 5750 alio
1457 5678 1694 5749 quodam
1724 5695 1810 5733 se-

244 5749 422 5804 cunda
458 5749 650 5817 manu,
682 5750 778 5805 sed
807 5758 985 5807 tamen
1018 5764 1138 5805 eam
1177 5765 1298 5805 cum
1325 5749 1650 5808 C'JltlL'eﬁSiO
1678 5765 1808 5821 prie-

1921 5412 2044 5468 qua:
2082 5399 2306 5467 respicit
2332 5399 2585 5463 Basilius,
2624 5399 2709 5452 ma

1987 5412 2044 5451 Ia:
2082 5407 2306 5467 respicit
2332 5407 2585 5463 Basilius,
2624 5407 2799 5520 magis
2821 5407 3206 5479 congruenter“

1987 5467 2100 5539 (90)
2130 5469 2288 5535 Πρὸς
2314 5471 2401 5523 τό.
2433 5469 2524 5524 Sic
2554 5484 2685 5523 mss.
2732 5469 2861 5539 _iditi
2893 5469 2985 5520 ἐπὶ
3017 5470 3096 5523 τό.

1987 5537 2100 5606 (9|)

2152 5539 2672 5610 Καταχρώννυται.
2731 5536 2810 5592 Ita
2857 5540 3070 5595 codices
3126 5539 3512 5610 antiquiores.“

1914 5607 2027 5679 Alii,
2048 5617 2102 5679 et
2124 5607 2255 5679 editi
2286 5607 2782 5679 καταχρώννυνται.

2129 5678 2456 5760 ξέχρηταιζ
2582 5678 2706 5731 libri
2738 5686 2968 5735 veteres.
3160 5679 3378 5760 χρῆται.
3415 5744 3429 5760 '
3549 5710 3556 5744 ε

1984 5749 2099 5820 (95)
2131 5750 2451 5803 Κοινωνόν.
2483 5748 2563 5805 Ita
2593 5766 2727 5807 mss.
2757 5766 2866 5807 non
2895 5753 3074 5821 pauci.
3104 5748 3263 5807 Edi‘ti'
3285 5748 3482 5805 κοινόν.
