3972 6218
419 344 525 400 167

1733 339 1789 393 S.
1833 338 1916 392 BA
1927 337 2078 394 SILII
2121 336 2333 391 MAGNI

3594 333 3697 387 168

418 466 539 521 lans
573 467 661 520 hic
700 482 809 519 non
846 464 1066 534 globum
1098 479 1130 519 e
1170 463 1314 519 caelo
1356 470 1411 518 et
1449 473 1593 518 terra
1635 467 2003 523 constantem,

2116 458 2311 526 κόσμον
2343 455 2516 523 λέγων
2552 452 2663 523 (9ί)
2694 454 2788 506 νῦν
2829 452 2950 522 οὐχὶ
2981 453 3042 506 τὸ
3079 450 3139 519 ἐξ
3178 447 3409 524 οὑρανοῦ
3452 450 3550 503 καὶ
3594 451 3697 517 γῆς

421 557 516 612 sed
549 556 812 612 caducam
861 557 1004 611 hanc
1035 556 1450 627 innumerisque
1477 554 1875 609 mutationibus
1905 553 2006 606 ob-

422 647 644 700 noxiam
669 646 858 700 vitam.
893 645 970 700 Ac
1004 645 1072 699 de
1106 642 1290 715 seipso
1319 645 1572 715 loquens,
1611 643 1799 698 Adhuc
1828 642 2003 697 modi-

419 757 564 805 cum,
601 741 801 810 inquit,
822 751 870 794 et
898 740 1124 794 mundus
1153 757 1233 794 me
1252 740 1363 809 iam
1396 756 1499 794 non
1527 740 1686 806 videt,
1710 757 1798 794 vos
1830 748 2005 793 autem

420 832 608 886 videtis
633 849 711 885 me
725 832 790 886 ³³.
811 830 1029 887 Rursus
1053 831 1139 885 hic
1160 847 1255 886 eos
1275 832 1371 901 qui
1395 833 1665 887 materiali
1687 832 2007 902 carnalique

417 926 534 978 vita
561 925 802 979 devincti
835 932 984 987 sunt,
1013 931 1065 977 et
1099 924 1278 979 oculis
1309 930 1524 977 tantum
1561 924 1879 993 expendunt
1914 938 2008 977 ve-

420 1017 666 1080 ritatem,
693 1015 957 1069 mundum
978 1015 1281 1084 appellans,
1304 1014 1397 1085 qtti
1430 1029 1538 1068 non
1566 1015 1800 1085 amplius
1829 1015 2007 1071 oculis

424 1105 609 1161 cordis
640 1105 815 1161 visuri
838 1114 999 1160 erant
1022 1104 1316 1159 Dominum
1343 1112 1623 1170 nostrum,
1654 1120 1720 1159 eo
1744 1105 1890 1175 quod
1916 1121 2007 1161 re-

423 1199 820 1255 surrectionem
877 1214 988 1253 non
1046 1198 1357 1253 crederent.
1414 1196 1541 1253 Haec
1584 1207 1766 1252 autem
1815 1198 2007 1253 eadem

421 1289 562 1345 dixit
587 1298 641 1346 et
666 1290 733 1345 de
756 1288 963 1360 Spiritu
993 1308 1009 1345 :
1038 1289 1322 1360 Spiritum,
1345 1291 1546 1360 inquit,
1571 1290 1832 1357 veritatis,
1857 1306 2008 1359 quem

421 1381 649 1437 mundus
680 1398 784 1436 non
810 1391 979 1451 potest
1007 1383 1265 1452 accipere,
1300 1381 1439 1451 quod
1466 1381 1577 1452 46
1609 1398 1713 1434 non
1752 1381 1923 1434 videat
1948 1381 2011 1434 il-

422 1472 556 1538 ium,
589 1489 750 1542 neque
774 1482 1054 1541 cognoscat
1084 1489 1202 1526 eum
1226 1489 1243 1526 :
1274 1489 1363 1527 vos
1392 1482 1566 1525 autem
1596 1471 1913 1540 cognoscitis
1935 1471 2008 1524 il-

423 1562 556 1628 lum,
586 1562 728 1631 quod
747 1561 887 1632 apud
916 1578 1004 1616 vos
1027 1573 1203 1616 manet
1231 1562 1300 1616 ".
1323 1560 1576 1616 Carnalis
1606 1560 1877 1630 siquidem
1908 1560 2007 1614 ho-

421 1669 513 1708 mo
588 1661 829 1709 mentem
888 1653 1100 1709 habens
1162 1652 1231 1707 ad
1294 1651 1811 1721 contemplationem
1866 1650 2009 1705 haud

421 1741 801 1803 exercitatam,
839 1741 950 1795 imo
990 1757 1119 1795 vero
1145 1748 1316 1795 totam
1338 1742 1392 1795 in
1418 1739 1615 1795 all‘ectu
1642 1740 1827 1796 carnis
1859 1741 2010 1795 velut

424 1831 480 1885 in
512 1847 672 1887 emno
699 1832 976 1889 defossam
1002 1849 1221 1903 gerens,
1261 1849 1369 1887 non
1405 1839 1587 1902 potest
1619 1833 1685 1886 ad
1718 1832 2009 1902 spirituale

422 1921 607 1976 lumen
640 1922 885 1977 veritatis
929 1924 1178 1978 attollere
1218 1924 1429 1977 oculos.
1465 1921 1812 1991 Quapropter
1843 1935 2009 1976 mun-

428 2013 553 2077 dus,
590 2013 695 2067 boc
727 2021 833 2079 est,
866 2015 1050 2068 carnis
1078 2014 1473 2084 cupiditatibus
1496 2014 1715 2068 addicta
1737 2015 1869 2079 vita,
1894 2013 2009 2068 vel-

429 2111 486 2157 ut
513 2104 709 2157 oculus
735 2104 1025 2159 imbecillis
1050 2120 1159 2159 non
1188 2103 1373 2161 ferens
1403 2104 1545 2159 radii
1567 2104 1766 2160 solaris
1803 2105 2009 2168 lumen,

427 2193 669 2263 Spiritus
704 2197 932 2264 gratiam
959 2211 1066 2251 non
1091 2197 1306 2267 recipit.
1344 2196 1416 2251 At
1453 2194 1718 2251 Dominus
1747 2209 1873 2249 cum
1906 2195 2012 2251 hoc

424 2284 716 2354 discipulis
746 2284 1120 2340 testimonium
1146 2285 1426 2351 dedisset,
1475 2284 1625 2354 quod
1664 2281 1885 2337 mundae
1923 2296 2013 2337 es-

423 2383 548 2434 sent
574 2377 700 2432 vita:
722 2377 793 2432 ob
824 2377 1136 2432 doctrinam
1168 2378 1365 2447 ipsius,
1395 2378 1489 2431 dat
1518 2376 1706 2439 etiam,
1729 2375 1919 2443 utjam
1943 2373 2013 2427 ad

425 2469 863 2540 speculationem
916 2470 1548 2538 contemplationemque
1614 2465 1854 2537 Spiritus
1903 2465 2014 2521 sint

425 2559 771 2616 idoneiJam
784 2561 953 2627 enim,
982 2561 1183 2631 inquit,
1204 2577 1294 2615 vos
1324 2559 1510 2614 mundi
1539 2560 1666 2614 estis
1685 2566 1896 2628 propter
1909 2572 2017 2611 ser-

425 2668 631 2708 monem
643 2668 794 2722 quem
804 2652 1012 2707 locutus
1024 2670 1141 2707 sum
1154 2652 1297 2706 vobis
1309 2653 1352 2689 ³⁷
1362 2692 1375 2705 .
1388 2649 1535 2705 Unde
1559 2648 1785 2703 mundus
1807 2648 2015 2715 quidem

425 2761 530 2799 non
564 2753 735 2813 potest
782 2745 935 2799 illum
984 2746 1241 2814 accipere,
1274 2742 1701 2814 quandoquidem
1740 2757 1843 2795 non
1878 2739 2017 2794 videt

423 2834 579 2888 illum
614 2849 634 2887 :
677 2850 766 2889 vos
803 2845 983 2889 autem
1012 2835 1229 2887 novistis
1267 2849 1382 2886 eum
1408 2871 1423 2897 ,
1466 2831 1721 2902 quoniam
1756 2828 1897 2898 apud
1926 2845 2015 2883 vos

425 2933 602 2978 manet
634 2924 700 2980 ³⁸.
733 2924 934 2979 Eadem
970 2924 1108 2979 dicit
1156 2931 1212 2977 et
1244 2922 1414 2978 Isaias
1452 2939 1466 2975 :
1499 2920 1604 2986 Qui
1630 2918 1889 2972 stabilivit
1914 2928 2019 2972 ter-

424 3032 565 3079 ram,
601 3025 651 3071 et
683 3033 801 3087 qua:
822 3017 876 3070 in
901 3033 965 3071 ea
987 3024 1133 3081 sunt,
1160 3013 1406 3082 deditque
1431 3012 1777 3080 spiration’em
1801 3009 2014 3079 populo,

424 3111 516 3179 qui
535 3118 615 3165 est
643 3125 798 3178 super
823 3108 1008 3172 illam,
1040 3118 1090 3162 et
1120 3106 1382 3174 Spiritum
1431 3102 1760 3158 calcantibus
1805 3118 1922 3157 eam
1946 3101 2012 3155 '9.

2107 546 2387 617 σύστημα,
2432 544 2569 598 ἀλλὰ
2613 543 2712 614 τὴν
2760 542 3025 614 ἐπίκηρον
3071 542 3277 611 ταύτην
3327 542 3423 594 καὶ
3470 541 3700 611 μυρίαις

2111 639 2435 711 μεταϐολαῖς
2495 635 2865 706 ὑποκειμένην
2922 632 3089 706 ζωήν.
3145 635 3256 687 Καὶ
3310 634 3439 704 περὶ
3499 631 3699 684 ἑαυτοῦ

2104 729 2504 801 διαλεγόμενος,
2543 730 2674 782 Ἔτι
2697 724 2914 797 μικρὸν
2933 764 2948 789 ,
2981 723 3138 796 φησὶ,
3166 725 3264 779 καί
3310 726 3343 778 ό
3368 724 3602 792 κόσμος
3624 740 3703 792 με

2106 820 2306 874 οὐκέτι
2329 817 2534 887 θεωρεῖ
2552 817 2690 889 (95),
2714 816 2883 885 ὑμεῖς
2908 814 2977 869 δὲ
3001 814 3269 884 θεωρεῖτέ
3285 833 3381 885 με.
3416 814 3591 868 Πάλιν
3618 816 3703 866 ἐν-

2105 911 2283 965 ταῦθα
2318 911 2444 975 τοὺς
2492 913 2559 981 τῇ
2608 910 2767 979 ὑλικῇ
2820 908 2915 962 καὶ
2964 910 3200 979 σαρκικῇ
3240 906 3703 979 προσδεδεμένους

2107 1003 2242 1075 ζωῇ,
2278 1004 2372 1058 καὶ
2411 1002 2594 1073 μόνοις
2620 1000 2919 1071 ὀφθαλμοῖς
2946 999 3042 1071 τὴν
3071 998 3325 1071 ἀλήθειαν
3366 997 3699 1069 ἐπιτρέπον-

2107 1112 2232 1159 τας,
2260 1094 2462 1164 κόσμον
2479 1091 2921 1164 προσαγορεύων,
2944 1091 2994 1144 οἳ
3017 1094 3083 1164 τῇ
3104 1091 3331 1162 ἀπιστία
3344 1091 3442 1161 τῆς
3461 1090 3704 1145 ἀναστάο

2108 1205 2248 1252 σεως
2281 1186 2465 1241 οὐκέτι
2496 1186 2722 1256 ἔμελλον
2748 1187 2861 1249 τοῖς
2889 1184 3184 1255 ὀφθαλμοῖς
3212 1184 3315 1254 τῆς
3344 1184 3575 1255 καρδίας
3607 1182 3703 1236 τὸν

2108 1279 2314 1350 Κύριον
2365 1276 2522 1349 ἡμῶν
2573 1277 2820 1347 ὄψεσθαι.
2869 1276 2950 1329 Τὰ
2996 1276 3054 1330 δὲ
3088 1276 3229 1330 αὑτὰ
3275 1276 3368 1329 καὶ
3416 1276 3549 1347 περὶ
3600 1275 3699 1329 τοῦ

2109 1371 2426 1441 Πνεὺματος
2455 1366 2577 1423 εἷπε
2598 1386 2611 1398 ·
2646 1368 2723 1423 Τὸ
2763 1364 3029 1438 Πνεῦμα,
3059 1368 3216 1440 φησὶ,
3243 1366 3353 1436 τῆς
3380 1366 3697 1435 ἀληθείας,

2108 1462 2141 1516 ὃ
2163 1466 2195 1517 ό
2218 1463 2442 1530 κόσμος
2464 1464 2535 1515 οὐ
2561 1460 2813 1515 δύναται
2836 1461 3068 1524 λαϐεῖν,
3090 1462 3178 1515 ὅτι
3203 1464 3274 1516 οὐ
3297 1460 3505 1528 θεωρεῖ
3523 1462 3697 1525 αὐτὸ,

2108 1553 2250 1607 οὐδὲ
2292 1554 2573 1623 γινώσκει
2618 1554 2785 1608 αὑτό.
2828 1552 3014 1623 Ὑμεῖς
3057 1553 3127 1606 δὲ
3167 1552 3492 1623 γινώσκετε
3523 1557 3699 1621 αὐτὸ,

2110 1643 2199 1698 ὅτι
2223 1644 2359 1712 παρ’
2400 1644 2544 1713 ὑμῖν
2570 1644 2759 1714 μένει.
2798 1645 2855 1698 '0
2887 1646 2987 1716 μὲν
3016 1645 3125 1717 γὰρ
3165 1645 3420 1717 σάρκινος
3446 1647 3561 1719 (96)
3607 1650 3702 1703 ἂν·

2111 1733 2347 1806 θρωπος,
2399 1735 2744 1806 ἀγύμναστον
2790 1735 2930 1807 ἔχων
2966 1736 3103 1808 πρὸς
3138 1735 3370 1808 θεωρίαν
3413 1739 3507 1791 τὸν
3548 1740 3698 1803 νοῦν,

2037 1807 2081 1862 Β
2112 1825 2311 1896 μᾶλλον
2344 1825 2400 1878 δὲ
2437 1825 2586 1891 ὅλον,
2637 1825 2827 1896 ὥσπερ
2866 1827 2924 1879 ἐν
2960 1807 3225 1898 βορϐόρῳ,
3255 1807 3351 1897 τῷ
3385 1830 3699 1899 φρονήματι

2107 1917 2207 1989 τῆς
2251 1918 2453 1988 σαρκὸς
2499 1917 2989 1990 κατορωρυγμένον
3038 1919 3221 1990 φέρων
3268 1919 3402 1990 (97),
3445 1920 3705 1975 ἀδυνατεῖ

2109 2009 2246 2081 πρὸς
2283 2008 2343 2061 τὸ
2372 2011 2739 2081 πνευματικὸν
2781 2009 2899 2079 φῶς
2942 2010 3040 2080 τῆς
3080 2008 3340 2080 ἀληθείας
3374 2009 3697 2079 ἀναϐλέψαι.

2110 2100 2201 2154 Διὸ
2226 2100 2254 2151 ὁ
2296 2100 2519 2170 κόσμος,
2561 2102 2841 2155 τουτέστιν
2860 2143 2875 2168 ,
2906 2102 2939 2172 ή
2984 2103 3098 2166 τοῖς
3130 2102 3328 2156 πάθεσι
3355 2101 3456 2173 τῆς
3496 2102 3700 2174 σαρκὸς

2109 2191 2475 2263 δεδουλωμὲνη
2507 2192 2642 2264 ζωὴ,
2675 2188 2785 2246 οἷον
2827 2192 3101 2264 ὀφθαλμὸς
3126 2194 3359 2266 ἀσθενὴς
3401 2195 3518 2263 φῶς
3542 2194 3703 2265 ήλιαο

2117 2284 2220 2354 κῇς
2259 2285 2511 2349 ἀκτῖνος,
2559 2286 2658 2357 τὴν
2696 2285 2788 2339 τοῦ
2823 2286 3140 2355 Πνεύματος
3178 2287 3335 2358 χάριν
3371 2287 3470 2357 οὑχ
3509 2287 3704 2340 ὑποδέ-

2112 2392 2284 2445 χεται.
2320 2376 2445 2438 Τοῖς
2473 2376 2657 2446 μέντοι
2690 2376 2959 2447 μαθηταῖς
2983 2360 3179 2431 ἑαυτοῦ
3210 2378 3320 2449 (98)
3355 2378 3703 2449 καθαρότητα

2114 2465 2261 2535 ζωῆς
2308 2466 2373 2518 ὲκ
2404 2466 2511 2519 τῶν
2543 2465 2889 2537 διδαγμάτων
2924 2467 3091 2523 αὑτοῦ
3139 2471 3494 2540 μαρτυρήσας
3529 2472 3558 2522 ὁ
3588 2467 3706 2521 K6-

2117 2571 2261 2626 ριος,
2290 2555 2352 2608 τὸ
2395 2555 2491 2608 καὶ
2519 2557 2832 2620 ὲποπτικοῖς
2869 2558 2970 2629 ἤδη
3021 2554 3161 2612 εἷναι
3207 2559 3303 2613 καὶ
3345 2559 3704 2630 θεωρητικοίς

2113 2644 2207 2719 τοῦ
2244 2645 2560 2717 Πνεύματος
2596 2648 2938 2703 ἀποδίδωσιν.
2974 2649 3120 2716 Ἤδη
3150 2650 3279 2719 γὰρ,
3315 2651 3498 2719 φησιν,
3529 2650 3701 2719 ὑμεῖς

2115 2741 2364 2808 καθαροί
2408 2741 2550 2794 ἐστε
2596 2740 2696 2795 διὰ
2724 2741 2833 2793 τὸν
2860 2741 3047 2810 λόγον
3075 2741 3148 2794 ὃν
3183 2742 3498 2809 λελάληκα
3530 2742 3701 2811 ὑμῖν.

2119 2832 2289 2886 Ὅθεν
2321 2835 2353 2886 ό
2387 2833 2506 2902 μὲν
2558 2833 2787 2902 κόσμος
2818 2835 2891 2887 οὐ
2932 2832 3181 2887 δύναται
3218 2833 3458 2887 λαϐεῖν’
3489 2836 3563 2888 οὺ
3590 2835 3705 2903 γὰρ

2116 2910 2322 2991 θεωρεῖ
2341 2926 2491 2979 αὑτό
2508 2942 2520 2954 ·
2565 2924 2737 2993 ὑμεῖς
2764 2924 2833 2977 δὲ
2864 2922 3186 2994 γινώσκετε
3217 2925 3363 2979 αὐτὸ
3385 2964 3400 2985 .
3429 2924 3518 2978 ὅτι
3563 2927 3706 2993 παρ’

2116 3014 2259 3084 ὑμῖν
2292 3015 2482 3084 μένει.
2517 3014 2703 3070 Ταυτὰ
2740 3016 2889 3084 λέγει
2935 3017 3029 3070 καὶ
3068 3017 3324 3079 Ἠσαῖαςο
3370 3018 3431 3070 '0
3455 3017 3708 3085 στερεώ-

2118 3119 2236 3169 σας
2280 3103 2394 3172 τὴν
2433 3103 2550 3174 γῆν
2593 3105 2691 3159 καί
2747 3105 2820 3158 τὰ
2859 3104 2930 3159 ἐν
2960 3104 3137 3175 αὐτῇ,
3181 3105 3281 3158 καί
3329 3106 3538 3173 διδοὺς
3587 3106 3705 3178 (99)

426 3201 564 3256 Nam
580 3203 675 3271 qui
709 3201 1040 3257 conculcant
1067 3211 1309 3263 terrena,
1333 3198 1513 3267 iisque
1542 3194 1862 3263 superiores
1885 3208 2009 3249 eva-

2117 3196 2315 3265 πνοὴν
2352 3197 2432 3262 τῷ
2476 3197 2605 3257 λαῷ
2636 3197 2717 3263 τῷ
2761 3199 2854 3252 ἐπ’
2896 3197 3117 3266 αὐτῆς,
3154 3198 3255 3253 καὶ
3293 3200 3536 3268 Πνεῦμα
3576 3200 3709 3266 τοῖς

425 3302 641 3359 serunt,
681 3294 831 3364 digni
866 3291 1149 3363 praedicati
1182 3298 1314 3345 sunt
1351 3290 1498 3343 dono
1540 3286 1782 3357 Spiritus
1811 3285 2012 3341 sancti.

423 3383 597 3450 Quem
629 3398 760 3454 ergo
796 3381 1035 3437 mundus
1076 3396 1275 3451 capere
1318 3395 1426 3434 non
1473 3384 1689 3449 potest,
1735 3375 1942 3446 quique
1983 3390 2017 3429 a

425 3475 561 3531 solis
608 3475 817 3529 sanctis
859 3489 957 3544 per
994 3472 1182 3527 cordis
1219 3472 1517 3541 puritatem
1570 3468 1741 3523 videri
1793 3474 2013 3537 potest,

424 3566 642 3636 qualem
669 3580 792 3620 esse
823 3563 1252 3619 existimandum
1296 3572 1405 3626 est,
1441 3571 1536 3616 aut
1581 3562 1775 3632 quales
1810 3561 1890 3616 illi
1921 3560 2017 3615 ho-

426 3673 595 3713 nores
621 3666 938 3728 competere
962 3658 986 3710 ?

992 3853 1226 3911 CAPUT
1265 3853 1458 3909 XXIII.

470 3944 699 4015 Spiritus
714 3946 1304 4017 gloriﬁcationemesse
1320 3946 1769 4000 enumerationem
1797 3961 1980 3999 eorum

990 4033 1107 4087 qua:
1131 4016 1214 4069 illi
1236 4014 1452 4070 adsunt.

502 4108 592 4163 54.
641 4111 707 4164 Et
737 4111 965 4180 reliqua:
1005 4110 1228 4179 quidem
1278 4110 1511 4163 virtutes
1548 4107 1776 4179 singula:
1809 4109 1864 4160 in
1896 4106 2017 4160 loco

427 4200 854 4269 circumscripto
905 4216 1030 4255 esse
1087 4198 1413 4253 creduntur.
1462 4197 1599 4252 Nam
1649 4196 1875 4268 angelus
1923 4196 2016 4267 qui

432 4290 650 4343 astabat
677 4289 935 4343 Cornelio
964 4289 1032 4351 ‘°.
1069 4305 1177 4344 non
1213 4290 1269 4343 in
1303 4290 1494 4345 eodem
1540 4296 1822 4343 momento
1863 4296 2014 4343 asta-

433 4385 585 4433 tabat
621 4388 671 4435 et
702 4379 956 4451 Philippo
990 4381 1034 4412 “
1065 4401 1079 4436 :
1114 4397 1294 4451 neque
1326 4382 1419 4451 qui
1446 4382 1662 4435 locutus
1688 4390 1773 4434 est
1800 4378 2013 4432 Zacha-

2116 3289 2415 3355 πατοῦσιν
2453 3289 2668 3355 αὐτήν.
2704 3291 2767 3344 Οἱ
2814 3289 2922 3363 γὰρ
2957 3291 3394 3355 καταπατοῦντες
3434 3290 3502 3345 τὰ
3536 3294 3709 3364 γήϊνα

2116 3382 2209 3435 καὶ
2246 3381 2501 3452 ὑπεράνω
2532 3383 2712 3436 αὑτῶν
2735 3383 3042 3452 γενόμενοι,
3076 3385 3217 3452 ἄξιοι
3243 3385 3342 3455 τῆς
3370 3385 3580 3457 δωρεᾶς
3606 3387 3707 3441 τοῦ

2115 3473 2272 3541 ἁγίου
2314 3474 2632 3543 Πνεὺματος
2665 3475 3140 3547 μεμαρτύρηνται.
3170 3476 3244 3528 Τὸ
3284 3473 3377 3532 οὖν
3417 3478 3710 3549 ἀχώρητον

2119 3564 2215 3634 μὲν
2244 3563 2321 3634 τῷ
2346 3564 2533 3634 κόσμῳ
2553 3604 2567 3627 ,
2591 3568 2704 3629 τοῖς
2732 3566 2907 3635 ἁγίοις
2931 3566 2990 3619 δὲ
3025 3566 3205 3637 μόνοις
3232 3566 3320 3621 διὰ
3355 3568 3709 3639 καθαρότητα

2114 3656 2213 3725 τῆς
2244 3656 2471 3727 καρδίας
2517 3658 2809 3729 θεωρητὺν.
2856 3659 2910 3712 τί
2939 3658 3045 3731 χρὴ
3078 3658 3426 3730 νομίζεσθαι,
3456 3660 3489 3731 ἢ
3527 3674 3705 3715 ποτα-

2117 3745 2225 3808 πάς
2257 3747 2334 3815 (ι)
2374 3746 2539 3816 τιμὰς
2582 3747 2929 3818 συμμέτρους
2966 3749 3232 3819 ὑπάρχειν
3269 3748 3449 3819 αὑτῷἱ

2615 3859 3010 3913 ΚΕΦΑΛΑΙΟΝ
3048 3862 3174 3914 ΚΓ.

2125 3944 2239 4001 Ὀτι
2271 3948 2593 4017 δοξολογία
2636 3951 2980 4019 Πνεύματός
3004 3952 3175 4005 ἐστιν
3213 3953 3252 4019 ἡ
3295 3951 3411 4005 τῶν
3442 3951 3708 4017 προσόν-

2524 4036 2642 4072 των
2675 4020 2835 4085 αὐτῴ
2864 4021 3284 4090 ἀπαρίθμησις.

2190 4108 2275 4162 54.
2313 4109 2433 4162 Τῶν
2480 4111 2579 4181 μὲν
2624 4106 2715 4164 οὖν
2744 4112 2819 4182 (2)
2859 4112 3033 4166 ἄλλων
3079 4115 3283 4183 ἑκάστη
3329 4114 3609 4184 δυνάμεων
3640 4116 3707 4167 ὲν

2119 4200 2480 4273 περιγράπτῳ
2527 4202 2678 4273 τόπῳ
2724 4205 3011 4274 τυγχάνειν
3061 4205 3433 4261 πεπίστευται.
3491 4208 3546 4261 Ὀ
3589 4207 3706 4281 γὰρ

2113 4290 2192 4361 τῷ
2229 4291 2516 4362 Κορνηλίῳ
2551 4294 2780 4358 ἐπιστὰς
2806 4296 3035 4364 ἄγγελος
3075 4298 3175 4350 οὑκ
3202 4294 3268 4368 ἦν
3302 4301 3360 4351 ἐν
3396 4300 3575 4370 ταυτῷ
3603 4302 3707 4354 καὶ

2116 4382 2264 4455 παρὰ
2289 4384 2368 4452 τῷ
2395 4384 2669 4455 Φιλίππῳ,
2708 4387 2830 4441 οὐδὲ
2862 4389 2891 4440 ὁ
2920 4390 3028 4443 ἀπὸ
3064 4390 3156 4443 τοῦ
3189 4389 3577 4461 θυσιαστηρίου
3617 4392 3707 4463 τῷ

433 4474 529 4526 riae
559 4473 627 4526 ah
664 4474 823 4527 altari
857 4474 933 4537 η,
973 4489 1070 4542 per
1115 4474 1260 4529 idem
1305 4484 1523 4542 tempus
1566 4473 1729 4527 etiam
1777 4472 1834 4525 in
1872 4473 2009 4526 caelo

2116 4475 2360 4546 Ζαχαρία
2397 4476 2775 4547 διαλεγόμενος
2801 4479 2942 4533 κατὰ
2979 4480 3070 4533 τὸν
3106 4482 3268 4535 αὑτὸν
3301 4483 3489 4553 καιρὸν
3517 4485 3611 4536 καὶ
3638 4486 3706 4537 ὲν

431 4578 588 4618 suam
623 4563 880 4633 implebat
911 4566 1225 4619 stationem.
1258 4564 1330 4617 At
1374 4562 1615 4633 Spiritus
1644 4562 1889 4617 creditur
1929 4564 2007 4618 si-

434 4656 546 4711 mul
582 4654 626 4685 “
649 4666 702 4710 et
737 4656 789 4709 in
824 4656 1041 4711 Ahacuc
1067 4664 1121 4710 et
1153 4656 1209 4709 in
1242 4655 1460 4710 Daniele
1486 4654 1542 4708 in
1564 4652 1861 4722 Babylonia
1885 4668 2011 4724 ope-

2112 4566 2327 4638 οὑρανῷ
2390 4568 2489 4639 τὴν
2547 4572 2752 4625 οἰκείαν
2807 4573 2994 4626 στάσιν
3054 4574 3315 4646 ἐπλήρου.
3379 4575 3451 4628 Τὸ
3511 4577 3707 4646 μέντοι

2116 4659 2342 4729 Πνεῦμα
2374 4660 2509 4731 ὁμοῦ
2537 4679 2597 4715 τε
2643 4666 2700 4718 ὲν
2742 4663 3059 4737 Ἀϐὁακοὺμ
3089 4669 3332 4736 ἐνεργεῖν
3363 4670 3456 4721 καίΙ
3497 4669 3555 4720 ὲν
3599 4671 3706 4722 Aa.-

508 4812 552 4844 ³⁸
576 4809 890 4895 ἱεῖσαι-χεν,
930 4811 1017 4867 I9.
1061 4812 1139 4895 ’ξε
1165 4813 1408 4895 ibid-‘17.
1482 4812 1705 4895 "10311.
1737 4831 1826 4880 xv,
1860 4816 1913 4871 5.
1992 4817 2036 4849 ³⁸
2057 4816 2214 4874 Joan.
2253 4839 2377 4887 xw,
2414 4824 2499 4880 l7.
2576 4826 2619 4857 ”
2647 4822 2752 4882 Isa.
2787 4842 2920 4891 xui,
2945 4828 2996 4882 5.
3074 4829 3119 4860 ⁸ο
3143 4829 3263 4884 Act.
3291 4846 3346 4895 κ,
3379 4831 3433 4885 5.
3503 4832 3542 4863 δ’
3569 4832 3701 4887 Act.

430 4896 550 4947 vm,
577 4882 693 4964 26..
743 4884 786 4915 ⁸³
812 4881 941 4936 Luc.
982 4900 1022 4947 ι,
1055 4882 1141 4938 II.
1222 4883 1269 4914 ⁸³
1295 4883 1429 4937 Dan.
1462 4899 1573 4948 xw,
1608 4886 1697 4939 55.

507 5034 614 5104 (94)
644 5035 862 5105 Λέγων.
896 5034 1038 5091 Editi
1068 5035 1275 5090 addunt
1302 5039 1330 5089 ὁ
1356 5037 1503 5103 Υἱός,
1535 5039 1629 5093 sed
1662 5040 1774 5093 haec
1800 5049 2009 5095 veteres

437 5106 558 5159 libri
590 5121 697 5158 non
733 5106 955 5160 habent.

508 5175 618 5243 (95)
652 5176 879 5244 Θεωρεῐ.
910 5176 1273 5249 Combel‘tsius
1303 5176 1639 5236 reddendum
1665 5188 1838 5249 putat,
1868 5181 2011 5234 vide-

435 5245 531 5303 bit.
563 5255 616 5314 et
647 5250 807 5314 paulo
838 5254 978 5314 post,
1004 5247 1265 5302 videbitis.

505 5308 615 5389 (9Q)
638 5308 943 5389 Σάρκινος.
968 5308 1063 5373 illa
1093 5333 1226 5371 mss.
1258 5317 1495 5389 codices.
1527 5317 1689 5389 liciti,
1720 5320 2000 5389 σαρκικός.

504 5384 860 5459 (θηλιιξέρων.
898 5386 1032 5459 Reg.
1072 5390 1296 5459 primus
1323 5388 1479 5458 ἔχων.
1529 5387 1730 5459 Ibidem
1766 5384 2006 5457 quatuor

436 5454 848 5529 ωεξρδὑνατος
864 5454 1019 5529 προς.
1043 5454 1188 5513 Nihil
1208 5454 1387 5512 tamen
1419 5458 1737 5529 mutandum
1768 5454 2002 5513 ridetur.

507 5525 616 5596 t98)
652 5525 919 5582 Ἑαυτοῦξ
944 5526 1022 5581 Ita
1056 5529 1225 5582 nostri
1249 5529 1464 5584 codices
1494 5545 1629 5584 mss.
1655 5528 1796 5581 Editi
1820 5530 2003 5582 αὑτοῦ.

436 5593 607 5669 Paulo
636 5597 929 5669 postediti
961 5598 1304 5669 διδαγμάτων
1330 5599 1543 5665 ἑαυτοῦ,
1582 5600 1826 5669 quinque
1872 5615 2005 5655 mss.

436 5664 621 5740 αὐτος).
660 5664 875 5740 Ibidem
898 5664 1103 5740 Regius
1123 5664 1358 5738 "quartus
1390 5664 1792 5740 διαταγμάτων.

510 5736 618 5805 (99)
652 5734 762 5789 Kal
786 5734 1009 5804 διδούςζ
1059 5734 1196 5794 Tres
1229 5740 1447 5797 codices
1475 5734 1569 5795 nat
1588 5734 1741 5804 δούς.
1772 5737 1896 5795 Mox
1926 5750 2008 5795 to-

2115 5040 2281 5114 tidem
2314 5043 2473 5096 παντὶ
2501 5043 2579 5114 τῷ
2611 5043 2743 5114 λαῷ.

2190 5113 2265 5190 (ι)
2300 5114 2374 5167 Ἢ
2407 5113 2702 5190 necunde.
2725 5114 2995 5190 Corrupte
3030 5118 3084 5171 in
3114 5118 3275 5190 editis
3302 5118 3334 5190 ἢ
3363 5119 3462 5181 τὰς
3494 5135 3701 5172 παντο-

2114 5182 2311 5244 δαπάς,
2341 5183 2485 5253 quod
2517 5200 2620 5254 ope
2652 5182 3029 5259 se_x_codicum_
3077 5182 3512 5259 emendaiimus,
3551 5206 3699 5259 quo-

2113 5267 2233 5323 rum
2265 5262 2448 5323 tamen
2476 5257 2719 5323 nonnulli
2751 5256 2951 5311 habent
2977 5257 3075 5322 τὰς
3111 5257 3378 5323 ποδαπάς.

2116 5391 2129 5403 .
2183 5322 2421 5404 (illa?
2436 5320 2711 5404 μεηοῦγι
2730 5326 2906 5397 Caput
2928 5320 3248 5404 γίοεξίιξιιιει)
3274 5320 3513 5404 mitium:
3541 5331 3695 5404 quod

2115 5393 2169 5445 in
2202 5393 2363 5448 editis
2390 5393 2582 5467 incipit
2606 5396 2671 5449 ad
2698 5393 3020 5462 hazc'verba,
3052 5398 3165 5467 ἐγὼ
3195 5399 3253 5452 δὲ
3279 5399 3400 5454 οὑδὲ
3425 5393 3573 5465 ἄλλο,
3602 5402 3696 5457 hic

2115 5466 2496 5537 apponendum
2537 5467 2874 5533 censuimus,
2907 5485 3031 5522 cum
3065 5466 3246 5537 plures
3278 5486 3411 5525 mss.
3442 5471 3691 5533 codices,

2115 5539 2229 5585 tum
2259 5535 2422 5587 etiam
2469 5536 2641 5606 ipsam
2676 5541 2944 5593 sermonis
2992 5535 3186 5593 seriem
3228 5548 3283 5594 et
3312 5543 3694 5594 continuatio-

2116 5618 2239 5656 nem
2288 5605 2505 5659 secuti."
2533 5605 2728 5675 Liquet
2769 5610 2915 5663 enim
2979 5610 3067 5665 hic
3108 5609 3373 5665 Basiliutn
3428 5610 3496 5665 ad
3537 5612 3691 5667 aliud

2121 5685 2495 5745 argumentum
2531 5677 2785 5733 transire.
