3972 6218
209 1987 248 2042 ἴ

299 336 406 392 169

1450 338 1654 394 LIBER
1685 339 1774 394 DE
1814 338 2084 395 SPIRITU
2131 339 2416 395 SANCTO.

3461 345 3564 402 170

303 457 425 531 νιὴλ
459 458 554 511 ἐπὶ
589 459 692 529 τῆς
739 459 1086 524 Βαϐυλωνίας
1134 477 1525 515 πεπίστευται·
1565 462 1659 515 κα)⁵
1706 464 1764 514 ἐν
1803 461 1881 532 τῷ

1992 460 2111 528 rari;
2142 468 2197 515 et
2230 476 2354 516 cum
2379 458 2614 514 Jeremia
2648 458 2702 513 in
2730 458 3080 513 catarrhacta
3106 458 3171 522 “,
3208 468 3260 512 et
3289 472 3412 512 cum
3439 458 3565 514 Eze-

302 552 664 625 καταρράκτῃ
697 547 837 605 εἶναι
862 553 938 624 (5)
973 554 1108 624 μετά
1154 553 1436 626 Ἱερεμίου,
1467 555 1564 609 καὶ
1602 556 1740 626 μετά
1791 555 1886 608 ἰε-

305 639 496 710 ζεκιὴλ
519 641 614 693 ἐπὶ
641 641 739 694 τοῦ
767 641 975 711 Χοὸἀρ.
1003 643 1246 711 Πνεῦμα
1269 643 1380 713 γὰρ
1405 645 1628 712 Κυρίου
1655 647 1886 714 πεπλή-

295 749 462 800 ρωκε
488 731 606 800 τὴν
630 733 1012 802 οἰκουμένην·
1045 736 1160 799 καὶ,
1194 736 1320 790 Ποῦ
1346 736 1616 804 πορευθῶ
1635 738 1753 792 ἀπὸ
1778 739 1886 793 τοῦ

302 822 656 890 Πνεύματός
683 839 822 886 σου,
849 826 948 876 καὶ
977 824 1096 878 ἀπὸ
1127 824 1235 878 τοῦ
1267 827 1594 894 προσώπου
1622 845 1738 881 σου
1770 829 1887 882 ποῦ

299 914 506 983 915m;
546 915 641 967 καὶ
672 915 700 966 ὁ
747 915 1064 985 προφήτης·
1109 915 1263 970 Διότι
1301 918 1528 990 ἐγὼῗμ)
1565 921 1694 988 μεθ’
1720 920 1890 988 ὑμῶν

299 1005 442 1072 ειμι,
469 1005 632 1074 λέγει
663 1006 914 1074 Κύριος’
956 1007 1055 1060 καὶ
1100 1007 1167 1060 τὸ
1210 1007 1456 1078 Πνεῦμά
1491 1027 1610 1079 μου
1643 1010 1891 1080 ἐφέστη-

299 1113 416 1149 κεν
448 1096 518 1148 ὲν
550 1095 720 1164 μέσῳ
757 1096 944 1166 ὑμῶν.
987 1097 1061 1150 Τὸ
1099 1097 1158 1150 δὲ
1202 1099 1476 1169 πανταχοῦ
1521 1099 1616 1165 ὃν,
1645 1103 1740 1154 καὶ
1768 1100 1889 1171 Θεῷ

302 1184 618 1254 συμπαρὸν.
643 1185 744 1253 τῆς
773 1185 934 1249 ποίας
958 1187 1224 1257 προσήκει
1245 1189 1487 1258 νομίζειν
1515 1189 1760 1258 φύσεως;
1791 1191 1888 1262 τῆς

299 1275 487 1328 πάντα
511 1276 895 1348 περιεχούσης,
925 1278 958 1349 ἤ
987 1279 1088 1349 τῆς
1116 1282 1360 1350 μερικοῖς
1388 1279 1467 1349 (5)
1497 1281 1890 1353 ἐμπεριειλημ-

304 1367 479 1437 μένης
522 1369 762 1438 χωρίοις,
803 1369 996 1423 ὁποίαν
1045 1370 1142 1440 τὴν
1197 1371 1306 1425 τῶν
1359 1372 1606 1441 ἀγγέλων
1652 1376 1680 1428 ὁ
1733 1373 1889 1442 λόγος

299 1456 541 1523 ἑδειξεν;
579 1459 712 1511 Ἀλλ’
749 1460 850 1514 οὐκ
871 1459 938 1514 ἀν
965 1478 1050 1524 τις
1081 1460 1247 1515 είποι.
1290 1463 1364 1516 Τὸ
1394 1459 1486 1516 οὖν
1513 1462 1654 1518 θεῖον
1680 1467 1749 1536 τῇ
1784 1464 1887 1533 φύ-

300 1566 425 1613 σει,
469 1549 534 1601 τὸ
577 1549 862 1620 ἀχώρητον
905 1551 984 1622 τῷ
1030 1551 1281 1622 μεγέθει,
1310 1554 1372 1607 τὸ
1409 1553 1634 1609 δυνατὸν
1663 1556 1723 1610 ὲν
1767 1559 1890 1622 ταῖς

298 1641 631 1712 ἐνεργείαις,
657 1642 716 1694 τὸ
747 1641 951 1711 ἀγαθὸν
973 1645 1030 1696 ὲν
1060 1647 1181 1708 ταῖς
1213 1645 1556 1716 εὐεργεσίαις
1611 1647 1688 1718 μὴ
1723 1648 1891 1719 ὑπερ-

299 1733 595 1805 υψώσομεν
621 1733 734 1804 (6);
763 1736 839 1806 μὴ
870 1735 1202 1807 δοξάσομεν;
1250 1737 1390 1806 Ἐγὼ
1413 1738 1470 1792 δὲ
1497 1739 1618 1792 οὐδὲ
1645 1739 1772 1794 ἄλλο
1809 1742 1886 1812 (7)

1989 551 2162 605 chiele
2191 566 2354 620 super
2370 549 2588 604 Chobar
2604 550 2811 605 versari
2829 550 2895 602 ⁴⁵.
2921 547 3155 618 Spiritus
3185 549 3323 602 enim
3355 547 3567 602 Domini

1992 642 2208 710 replevit
2242 641 2417 696 orbem
2465 653 2728 695 terrarum
2757 640 2915 707 ι⁴⁵;ει
2953 681 2967 705 ,
3002 640 3117 706 Quo
3153 640 3236 693 ibo
3279 657 3314 693 a
3360 639 3569 708 Spiritu

1990 745 2101 796 tuo,
2135 743 2185 788 et
2211 751 2243 786 a
2273 733 2411 802 facie
2439 744 2531 787 tua
2553 750 2654 804 quo
2687 734 2891 803 fugiam
2923 733 2995 786 "?
3022 731 3394 802 Etpropheta,
3426 732 3569 799 Quo-

1988 828 2133 878 niam
2163 841 2255 894 ego
2283 827 2547 879 vobiscum
2573 842 2712 886 sum,
2747 825 2876 878 dicit
2908 824 3166 877 Dominus
3192 840 3210 878 :
3245 834 3294 878 et
3333 823 3567 893 Spiritus

1989 934 2134 972 meus
2159 927 2266 970 stat
2303 921 2358 970 in
2393 919 2561 972 medio
2589 917 2747 972 vestri
2797 917 2863 970 ⁸⁸.
2897 916 3034 970 Eum
3075 931 3206 972 vero
3237 917 3330 986 qui
3365 916 3568 985 ubique

1989 1017 2095 1075 est,
2119 1024 2184 1064 ac
2219 1026 2327 1064 una
2361 1025 2486 1064 cum
2517 1009 2628 1065 Deo
2656 1010 2834 1075 adest,
2863 1009 3023 1078 cujus
3055 1024 3178 1064 esse
3207 1016 3418 1063 natura:
3452 1023 3570 1062 cre-

1989 1103 2120 1156 dere
2145 1101 2389 1171 oportet?
2417 1109 2601 1154 utrum
2635 1102 2819 1155 omnia
2867 1101 3315 1171 complectentis,
3350 1115 3418 1153 an
3451 1115 3570 1169 par-

1989 1190 2318 1246 ticularibus
2351 1197 2573 1244 arctatae
2602 1190 2760 1253 locis,
2791 1192 3008 1259 qualem
3039 1205 3160 1244 esse
3195 1199 3446 1243 naturam
3475 1203 3568 1242 an-

1988 1281 2230 1351 gelorum
2269 1287 2417 1350 patet
2455 1297 2518 1335 ex
2551 1280 2754 1336 dictis?
2790 1279 2991 1336 V'erum
3025 1265 3351 1334 hoe°dixerit
3380 1295 3563 1335 nemo.

1990 1373 2159 1442 Igitur
2183 1373 2276 1442 qui
2311 1381 2508 1426 natura
2536 1373 2758 1428 divinus
2785 1381 2892 1438 est,
2920 1373 3014 1444 qui
3062 1373 3437 1442 magnitudine
3478 1373 3568 1425 in-

1990 1465 2456 1534 comprehensus.
2499 1466 2593 1534 qui
2647 1477 2842 1534 potens
2889 1466 2944 1518 in
2987 1464 3569 1537 operationibus,‘qui

1991 1554 2171 1609 bonus
2209 1555 2265 1608 in
2300 1555 2693 1619 benelicentiis,
2726 1557 2872 1608 hunc
2902 1568 3010 1606 non
3043 1568 3206 1621 supra
3241 1553 3461 1606 modum
3493 1552 3568 1606 ef-

1993 1645 2273 1702 feremus?
2322 1663 2430 1702 non
2471 1661 2636 1716 supra
2680 1646 2901 1699 modum
2949 1645 3416 1714 gloriﬁcabimus?
3455 1643 3567 1714 Ego

1991 1751 2125 1791 vero
2147 1737 2284 1791 nihil
2318 1734 2466 1789 aliud
2490 1735 2733 1806 intelligo
2758 1734 2987 1805 gloriam
3009 1774 3024 1797 ,
3067 1749 3232 1802 quam
3274 1749 3566 1788 enumera-

294 1841 356 1876 τι
381 1825 482 1895 τὴν
512 1825 674 1888 δόξαν
704 1825 929 1897 τίθεμαι
958 1827 991 1898 ἢ
1023 1827 1132 1881 τῶν
1161 1829 1475 1900 προσόντων
1503 1831 1651 1902 αὐτῷ
1680 1831 1882 1904 θαυμά-

1992 1827 2196 1881 tionem
2227 1826 2586 1889 mirabilium,
2618 1842 2739 1896 quae
2774 1825 2849 1877 illi
2881 1825 3102 1880 adsunt.
3133 1823 3322 1893 Itaque
3344 1832 3439 1877 aut
3471 1825 3564 1879 isti

209 1969 248 1996 ,ά
296 1933 415 1970 των
445 1917 546 1988 τὴν
574 1917 956 1989 ἐξαρίθμησιν.
988 1919 1151 1974 Ὥστε
1179 1921 1212 1992 ἢ
1244 1921 1366 1974 οὐδὲ
1395 1923 1706 1994 μεμνῆσθαι
1741 1926 1887 1996 ἡμᾶς

295 2005 415 2060 τῶν
437 2007 571 2078 παρ’
599 2008 765 2062 αὑτοῦ
797 2008 1018 2076 ἀγαθῶν
1047 2011 1390 2076 ὲπιτάξουσιν
1415 2007 1583 2077 οὗτοι,
1609 2013 1642 2084 ἢ
1670 2015 1887 2080 πάντως

295 2097 334 2166 ἡ
369 2096 480 2150 τῶν
519 2099 828 2171 προσόντων
856 2100 1085 2168 διέξοδος
1133 2102 1236 2173 τῆς
1277 2105 1540 2176 μεγίστης
1583 2105 1886 2176 δοξολογίας

299 2187 423 2239 ἐστὶ
470 2187 769 2259 πλήρωσις.
812 2190 946 2244 Οὐδὲ
977 2191 1086 2264 γὰρ
1116 2192 1208 2246 τὸν
1247 2194 1380 2248 Θεὸν
1415 2197 1510 2249 καὶ
1541 2198 1764 2270 Πατέρα
1792 2198 1886 2252 τοῦ

295 2277 515 2349 Κυρίου
551 2279 708 2352 ἡμῶν
748 2279 924 2352 Ἰησοῦ
968 2283 1206 2355 Χριστοῦ
1243 2287 1338 2340 καὶ
1377 2286 1469 2340 τὸν
1506 2290 1772 2361 μονογενῆ
1797 2292 1891 2345 αὑ-

298 2369 399 2422 τοῦ
448 2369 580 2424 Υίὺν
622 2372 796 2437 ἄλλως
837 2373 1082 2440 δοξάζειν
1129 2376 1359 2449 ἔχομεν,
1404 2379 1437 2450 ἢ
1486 2380 1566 2450 τῷ
1604 2381 1747 2436 κατά
1789 2382 1889 2455 τὴν

300 2461 582 2534 ἡμετέραν
616 2463 848 2536 δύναμιν
881 2465 1136 2532 διεξιέναι
1171 2469 1336 2524 αὐτοῦ
1367 2471 1438 2524 τά
1467 2472 1744 2543 θαύματα.

819 2578 1212 2634 ΚΕΦΑΛΑΙΟΝ
1258 2579 1383 2636 KA'.

304 2685 605 2770 Ἐ’έετζος
658 2687 768 2770 τῆς
803 2690 1062 2770 simulac
1119 2692 1240 2770 τῶν
1279 2694 1368 2770 pii
1415 2694 1784 2770 δοξαζόγτων
1808 2700 1889 2754 ’τὸ

376 2757 622 2836 Πνεῦμα
656 2758 726 2811 ἐκ
753 2757 868 2827 τῆς
899 2757 1048 2829 πρὸς
1080 2763 1155 2817 τὰ
1195 2757 1362 2836 ἐνὶῇ
1391 2757 1584 2821 κτίσει
1619 2769 1890 2834 δοξαστὰ

379 2828 784 2894 παραθέσεως.

379 2934 467 2991 55.
504 2933 639 2991 Εἶτα
661 2939 788 3012 δόξῃ
816 2940 918 3011 μὲν
942 2941 1038 2996 καὶ
1060 2945 1192 3016 τιμῇ
1231 2945 1604 3015 ἐστεφάνωται
1643 2952 1672 3004 ὁ
1709 2953 1888 3017 κοινὸς

299 3023 595 3098 ἄνθρωπος
619 3029 714 3101 {8),
737 3032 832 3085 καὶ
857 3031 985 3098 δόξα
1012 3035 1104 3089 καὶ
1129 3035 1262 3107 τιμὴ
1285 3037 1380 3090 καί
1407 3040 1596 3112 εἰρήνη
1626 3045 1788 3097 παντὶ
1809 3045 1886 3117 (9)

299 3118 386 3188 τῷ
428 3120 671 3174 ποιοῦντι
709 3122 771 3175 τὸ
819 3123 1022 3193 ἀγαθὸν
1069 3128 1126 3180 ὲν
1172 3129 1525 3198 ἐπαγγελίαις
1575 3134 1882 3190 ἀπόκειται.

306 3210 470 3263 Ἔστι
523 3210 581 3264 δέ
633 3229 717 3276 τις
767 3214 862 3267 καὶ
911 3216 1056 3281 ἰδίως
1109 3219 1206 3272 τοῦ
1253 3220 1469 3292 Ἰσραὴλ
1509 3223 1671 3290 δόξαο
1723 3219 1798 3281 ὧν
1851 3231 1884 3300 ἡ

303 3306 571 3370 υἱοθεσία,
607 3309 760 3379 φησι,
789 3310 882 3362 καὶ
913 3312 946 3382 ὴ
973 3311 1118 3377 δόξα,
1145 3314 1242 3367 καὶ
1274 3316 1308 3384 ἠ
1347 3314 1591 3385 λατρεία.
1624 3319 1735 3372 Καὶ
1758 3321 1888 3373 ἐαυ-

301 3397 401 3450 τοῦ
434 3415 556 3451 τινα
581 3398 736 3464 δόξαν
783 3402 813 3453 ὁ
836 3401 1141 3473 Ψαλμῳδὸς
1171 3405 1350 3474 λέγει⁸
1385 3407 1564 3462 Ὅταν
1591 3409 1760 3480 grain
1790 3427 1889 3466 σοι

301 3490 344 3556 ἡ
397 3489 574 3552 δόξα
600 3507 750 3558 μου’
811 3492 906 3544 καὶ
960 3493 1150 3548 πάλινο
1195 3496 1584 3568 Ἐξεγὲρθητι,
1638 3503 1678 3571 ἡ
1735 3502 1888 3568 δόξα

294 3597 442 3650 μου.
481 3580 636 3633 Ἔστι
666 3581 724 3634 δέ
756 3600 841 3647 τις
866 3583 976 3654 (10)
1012 3584 1138 3651 δόξα
1161 3588 1336 3658 ἡλίου,
1367 3591 1461 3643 κα)¹
1503 3591 1732 3664 σελήνης
1751 3635 1764 3657 ,
1791 3596 1886 3648 καὶ

301 3670 584 3742 ἀστέρων·
634 3672 774 3726 κατά
816 3672 876 3726 δὲ
924 3675 1017 3730 τὸν
1058 3677 1380 3732 ’Λπόστολον
1427 3680 1522 3734 καὶ
1562 3682 1596 3752 ή
1645 3682 1886 3737 διακονία

301 3763 406 3832 τῆς
436 3764 816 3833 κατακρίσεως
841 3765 929 3820 διὰ
957 3766 1132 3838 δόξης.
1162 3771 1445 3825 Τοσούτων
1469 3767 1563 3826 οὖν
1598 3773 1886 3846 δοξαζομέ-

302 3872 434 3918 νων,
462 3854 525 3907 τὸ
556 3855 780 3925 Πνεῦμα
814 3858 973 3927 μόνον
1011 3859 1119 3912 τῶν
1147 3861 1366 3914 πάντων
1414 3862 1706 3927 ἀδόξαστον
1742 3860 1884 3918 εἶναι

307 3946 525 4016 ﬁatﬁat;
589 3947 846 4016 Καίτοιγε
901 3948 963 4004 Ἠ
1018 3949 1291 4006 διακονία
1348 3955 1456 4008 τοῦ
1515 3957 1882 4025 Πνεύματος,

302 4038 493 4107 φησιν,
527 4038 700 4092 ἔστιν
727 4039 798 4092 ἐν
823 4038 995 4109 δόξῃ.
1037 4043 1163 4106 Πῶς
1214 4041 1306 4098 οὖν
1353 4046 1483 4099 αὐτὸ
1532 4047 1749 4112 ἀνάξιον
1788 4049 1883 4102 τοῦ

301 4129 625 4195 δοξάζεσθαι
671 4130 719 4201 (1
737 4130 819 4202 1);
866 4133 977 4186 Καὶ
1019 4135 1227 4207 μεγάλη
1283 4137 1382 4207 μὲν
1431 4140 1465 4209 ἡ
1504 4137 1629 4205 δόξα
1675 4138 1771 4193 τοῦ
1805 4140 1884 4193 δι-

415 4285 460 4316 “
480 4284 683 4342 Jerem.
718 4305 812 4354 xx,
839 4287 1072 4359 2,_apud
1099 4289 1267 4348 LXX.

303 4354 350 4386 δ’
373 4353 533 4409 Rom.
570 4373 630 4423 ιι,
664 4359 746 4414 10.
800 4353 866 4390 ⁷⁸⁸
886 4353 1042 4414 Rom.
1081 4376 1156 4425 lx,
1187 4361 1242 4417 4.

305 4426 354 4458 ⁵⁸
393 4425 529 4480 ibid.
559 4427 612 4482 8.

1373 4293 1420 4324 ⁸⁵
1443 4292 1641 4349 Ezech.
1671 4311 1708 4358 l,
1745 4296 1796 4350 1.

1908 4295 1954 4326 ⁸⁸
1975 4295 2104 4364 Sap.
2138 4311 2175 4358 ι,
2205 4294 2256 4347 7.

1340 4364 1384 4395 '“
1407 4361 1554 4419 Psal.
1585 4381 1735 4430 xxxx,
1771 4367 1856 4419 15.
1935 4366 1978 4396 ³⁸
1999 4361 2145 4421 Psal.
2181 4379 2313 4430 cvu,
2345 4363 2400 4418 2,

1988 1917 2316 1973 interdicent
2344 1918 2524 1983 nobis,
2551 1931 2621 1970 ne
2651 1931 2877 1986 prorsus
2913 1920 3244 1973 mentionem
3293 1915 3566 1972 iaciamus

1988 2007 2296 2074 bonorum,
2348 2022 2471 2078 quae
2513 2007 2583 2061 ab
2611 2006 2718 2078 47
2772 2007 2868 2061 illo
2909 2007 3246 2076 accipimus,
3273 2014 3367 2060 aut
3395 2009 3569 2062 omni-

1987 2115 2062 2154 no
2090 2115 2153 2155 ea
2175 2115 2297 2170 qua:
2323 2099 2400 2153 illi
2429 2099 2630 2156 adsunt
2657 2113 3136 2162 commemorasse,
3162 2107 3246 2153 est
3290 2114 3564 2153 summam

1988 2191 2436 2262 gloriﬁcationem
2459 2191 2737 2260 implesse.
2769 2189 2904 2243 Nam
2936 2206 3004 2244 ne
3038 2189 3207 2244 Deum
3247 2191 3463 2260 quidem
3507 2201 3563 2246 et

1987 2282 2204 2339 Patrem
2246 2283 2461 2338 Domini
2508 2283 2685 2339 nostri
2726 2281 2856 2339 Jesu
2894 2283 3100 2338 Christi
3131 2293 3185 2338 et
3223 2284 3564 2354 unigenitum

1988 2375 2136 2430 illius
2164 2373 2360 2427 Filium
2385 2373 2544 2426 aliter
2578 2372 2886 2443 gloriﬁcare
2919 2388 3237 2442 possumus,
3270 2389 3437 2443 quam
3465 2389 3566 2444 pro

1988 2466 2133 2522 virili
2165 2475 2354 2522 nostra
2385 2467 2534 2521 illius
2573 2465 2820 2536 prodigia
2851 2465 3208 2520 recensendo.

2537 2576 2768 2634 CAPUT
2810 2576 2976 2632 XXIV

1987 2692 2310 2764 Redargutio
2357 2689 2710 2764 absurditatis
2762 2705 2945 2744 eorum
2979 2691 3072 2759 qui
3123 2706 3226 2764 non
3261 2689 3566 2760 gloriﬁcant

2059 2761 2341 2831 Spiritum,
2389 2777 2455 2816 ea:
2489 2761 2771 2814 collatione
2817 2776 3000 2814 eorum
3047 2777 3164 2831 qua:
3203 2763 3257 2814 in
3305 2765 3564 2814 creaturis

2057 2836 2231 2907 gloria
2263 2833 2579 2902 afﬁciuntur.

2058 2947 2148 3002 55.
2190 2944 2398 3000 Deinde
2428 2956 2558 2998 vero
2597 2940 2771 3011 gloria
2807 2949 2862 2994 et
2888 2940 3097 2997 honore
3144 2949 3443 2997 coronatus
3479 2950 3566 2996 est

1986 3041 2218 3112 quilibet
2245 3039 2431 3098 homo,
2465 3043 2518 3088 et
2551 3034 2722 3104 gloria
2749 3042 2805 3088 et
2832 3034 3009 3087 honor
3041 3041 3096 3087 et
3133 3049 3240 3103 pax
3279 3034 3454 3089 cuivis
3484 3033 3566 3087 fa-

1990 3132 2157 3186 cienti
2185 3129 2390 3184 bonum
2412 3126 2456 3158 "
2485 3126 2538 3180 in
2572 3125 2858 3195 promissis
2887 3125 3124 3194 reposita
3158 3132 3308 3181 sunt.
3343 3123 3440 3180 Est
3466 3140 3566 3178 au-

1993 3232 2102 3279 tem
2127 3231 2182 3278 ει
2217 3221 2511 3292 peculiaris
2546 3218 2792 3290 quadam
2826 3219 3106 3274 lsraelitici
3152 3218 3334 3288 populi
3369 3217 3564 3287 gloria,

1994 3330 2252 3385 quorum,
2281 3313 2480 3382 inquit,
2511 3320 2597 3367 est
2627 3310 2846 3379 adoptio
2877 3319 2930 3364 ct
2959 3311 3131 3381 gloria
3163 3319 3219 3365 et
3243 3312 3458 3365 cultura
3475 3311 3520 3341 ⁸⁸
3549 3328 3564 3365 :

1993 3415 2049 3463 et
2106 3421 2262 3461 suam
2319 3407 2494 3474 ipsius
2543 3405 2768 3474 gloriam
2827 3403 3118 3474 quamdam
3175 3411 3567 3458 commemorat

1994 3499 2336 3554 Psalmorum
2390 3504 2582 3552 cautor
2636 3515 2650 3550 :
2696 3495 2836 3548 Dum
2893 3496 3184 3550 cantavcrit
3241 3495 3336 3548 tibi
3389 3495 3567 3565 gloria

1993 3607 2108 3644 mea
2135 3591 2178 3621 '“
2207 3607 2221 3653 ;
2253 3598 2308 3643 et
2350 3605 2570 3650 rursus,
2605 3587 2865 3657 Exsurge,
2900 3589 3072 3656 gloria
3107 3602 3222 3639 mea
3240 3585 3308 3638 ⁸³.
3336 3585 3430 3639 Est
3466 3601 3568 3639 au-

1993 3691 2101 3736 tem
2139 3681 2385 3751 quaedam
2423 3680 2597 3750 gloria
2654 3679 2806 3741 solis,
2842 3678 2983 3732 luna:
3005 3685 3061 3731 et
3087 3678 3369 3732 stellarum
3391 3677 3457 3731 ⁸³.
3483 3675 3565 3730 Ac

1987 3774 2144 3843 juxta
2172 3771 2493 3842 Apostolum
2521 3772 2579 3824 lit
2611 3771 2774 3825 etiam
2821 3767 3221 3822 administratio
3252 3765 3564 3820 damnatio-

1989 3867 2078 3920 nis
2110 3881 2236 3920 cum
2279 3864 2450 3933 gloria
2471 3863 2539 3918 “.
2563 3861 2748 3932 Itaque
2791 3875 2916 3914 cum
2944 3869 3054 3914 tam
3088 3859 3257 3912 multa
3301 3860 3411 3914 sint
3439 3873 3564 3927 quas

1990 3959 2163 4028 gloria
2195 3958 2500 4026 potiuntur,
2550 3955 2634 4009 vis
2677 3953 2940 4024 Spiritum
2985 3968 3153 4006 unum
3201 3967 3267 4006 ex
3307 3950 3565 4005 omnibus

1991 4051 2283 4119 inglorium
2319 4049 2477 4103 esse?
2508 4047 2573 4101 Et
2601 4057 2781 4100 tamen
2815 4043 3167 4106 Ministratio,
3206 4043 3404 4114 inquit,
3438 4043 3565 4110 Spi-

1990 4140 2125 4193 ritus
2157 4149 2233 4205 est
2266 4141 2321 4192 in
2356 4139 2528 4209 gloria
2545 4139 2612 4190 ⁸⁵.
2639 4136 2742 4202 Qui
2781 4136 2837 4190 lit
2874 4137 3041 4207 igitur
3074 4144 3136 4190 ut
3177 4136 3270 4190 ille
3305 4135 3562 4204 indiguus

2369 4295 2412 4326 “
2437 4292 2581 4349 Psal.
2619 4305 2882 4354 cxxxvm,
2917 4290 2968 4343 7.
3078 4290 3123 4321 ⁸⁸
3145 4290 3279 4360 Agg.
3328 4307 3384 4354 ιι,
3419 4291 3472 4354 5,
3505 4290 3560 4346 θ.

2369 4364 2400 4417 l.
2515 4363 2606 4415 ³³1
2639 4363 2763 4416 Cor.
2804 4377 2893 4417 xv.
2917 4359 2980 4414 ιι
3089 4360 3198 4414 “ll
3224 4361 3351 4416 Cor.
3385 4377 3464 4417 Ill.
3505 4367 3558 4417 9.

2753 4403 2763 4414 ι
2804 4401 2893 4428 4-1,
2917 4401 2980 4414 ‘l
3157 4401 3198 4414 ΙΙ
3227 4401 3351 4416 νυ..
3385 4401 3464 4425 III,
3507 4401 3558 4417 ν.

377 4580 455 4658 (3)
487 4575 681 4658 Εἶναι.
713 4571 1098 4658 Εὰὶιμίᾑείρηται
1118 4579 1277 4638 εἶναι.
1301 4581 1486 4638 Prima
1514 4599 1620 4638 vox
1640 4583 1872 4651 inutilis,

1992 4584 2098 4658 haec
2145 4583 2558 4658 interpretatio;
2595 4601 2722 4640 nam
2756 4586 2936 4651 κοινὸς
2969 4586 3260 4658 ἄνθρωπος
3292 4589 3400 4641 hoc
3440 4596 3560 4639 loco

377 4600 455 4648 (α)
487 4600 676 4635 Latrat.
713 4600 852 4636 Lam
875 4600 1087 4706 ειρηται
1118 4600 1192 4637 ειν

305 4651 635 4720 ηεειεειιυι·
669 4653 722 4705 in
744 4653 918 4706 codici
965 4669 1026 4708 us
1059 4669 1192 4709 mss.

377 4719 455 4790 (4)
493 4719 660 4795 Firth.
695 4721 873 4776 Editio
897 4721 1070 4795 Paris.
1111 4723 1264 4777 addit
1294 4723 1450 4795 φησί,
1479 4723 1626 4792 quod
1659 4724 1713 4778 in
1739 4731 1879 4780 vete-

306 4790 463 4862 ribus
493 4790 660 4862 libris
674 4807 784 4845 non
815 4794 1030 4862 legitur,
1061 4808 1160 4848 nec
1186 4795 1238 4848 in
1269 4790 1402 4849 edit.
1434 4790 1602 4848 Basil.

375 4859 452 4929 (5)
477 4862 570 4930 :H
597 4860 708 4928 τῆς
732 4859 1064 4930 μεριᾶεοῖς...
1097 4864 1273 4920 εἴποι.
1317 4862 1408 4918 Sic
1447 4863 1622 4918 nostri
1657 4863 1876 4920 codices

305 4928 443 4982 mss.
476 4928 621 4982 Editi
650 4928 763 4994 τοῖς
792 4928 1104 5016 μερικοίς...
1133 4935 1281 5007 εἴπῃ.
1327 4942 1337 4952 ’

381 4997 454 5016 ,ιη
498 4998 570 5016 ον.
604 5013 612 5016 _
745 5004 757 5016 .
1071 5003 1107 5016 ..

378 4997 457 5074 (εξ)
481 4997 1021 5074 -Ὑπερυιειῴοιὸμενκ
1042 5073 1050 5074 7
1070 5003 1184 5057 Duo
1215 4997 1346 5058 liiss.
1390 5003 1835 5074 ὑπερυψὼσωμεν
1857 5021 1871 5069 ;

307 5068 384 5146 μὴ
415 5067 747 5146 δοξασωμεν.
790 5067 908 5126 Νοὴ
949 5073 1089 5127 male
1129 5075 1185 5127 in
1224 5075 1412 5129 codice
1451 5067 1750 5144 Anglicano
1799 5067 1874 5146 μὴ

304 5138 760 5210 ὑπεψξάεόμενο

375 5207 453 5280 (ἶ)
489 5207 835 5265 Οὺδέᾶλλο.
877 5208 1011 5280 Reg.
1037 5212 1309 5268 secundus
1335 5213 1484 5266 οὐδὲν
1517 5213 1664 5266 ἀλλο.

375 5276 454 5348 (8)
485 5283 697 5352 Korn);
725 5276 1050 5352 ἄνθρωπος.
1099 5281 1331 5348 Quilibet
1363 5285 1517 5336 homo
1551 5299 1570 5336 :
1599 5284 1871 5352 vituperat

300 5345 617 5423 Erasmum_
639 5345 1018 5405 Combelisius’
1050 5345 1136 5405 ob'
1162 5354 1302 5407 hanc
1340 5345 1865 5423 interpretationem,

300 5432 366 5490 ac
394 5419 717 5490 vertendum
752 5430 925 5488 putat,
958 5424 1248 5476 communis
1287 5423 1460 5485 homo,
1483 5419 1654 5490 purus
1687 5425 1862 5482 homo.

299 5486 659 5562 \_lerum_bzee
687 5486 1081 5562 interpretatio,
1131 5493 1350 5562 quilibet
1399 5486 1575 5557 homo,
1628 5508 1738 5548 non
1782 5504 1867 5549 est

300 5555 537 5621 Erasmi,
570 5561 664 5629 qui
694 5563 770 5612 ita
805 5555 1388 5629 reddideratfplebeius
1416 5555 1592 5626 homo,
1629 5565 1724 5618 sed
1748 5563 1860 5617 Du-

298 5629 428 5703 cari.
451 5630 546 5697 qui
577 5629 718 5703 Βηιὶίί
745 5631 1190 5703 _observ_a_tionem
1220 5643 1440 5688 secutus
1473 5635 1545 5688 ita
1585 5635 1769 5703 posuit
1805 5635 1859 5689 in

298 5698 538 5755 editione
584 5700 904 5754 Parisiensi.
944 5699 1063 5754 Non
1109 5702 1249 5757 belle
1291 5714 1470 5760 autem
1516 5698 1860 5774 vituperatur

579 5796 853 5857 ΡΑτιιοι..
886 5795 1002 5854 Gn.
1031 5796 1298 5860 XXXII.

1979 4655 2186 4709 dicitur
2216 4655 2378 4719 is,’in
2413 4672 2523 4724 quo
2562 4657 2678 4711 sola
2719 4667 2914 4710 natura
2952 4655 3340 4712 consideratur
3365 4659 3560 4708 huma-

1977 4739 2070 4798 na,
2090 4733 2152 4798 et
2183 4725 2537 4798 distinguitur
2568 4731 2636 4781 ab
2660 4743 2725 4782 eo
2753 4728 2855 4798 qui
2881 4726 3014 4782 facit
3043 4728 3279 4798 bonum.
3293 4725 3558 4798 Similiter

1978 4794 2213 4867 Basilius
2260 4796 2315 4849 in
2356 4794 2522 4866 caput
2554 4794 2805 4867 quintum
2847 4797 3022 4861 Isaiae,
3062 4812 3183 4866 pag.
3221 4796 3345 4867 498,
3375 4794 3555 4867 κοινὸν

1977 4865 2263 4936 ἄνθρωπον
2297 4865 2456 4920 vocat
2488 4865 2634 4932 eum,
2677 4869 2771 4938 qui
2807 4867 2939 4922 solis
2960 4865 3183 4938 (natura:
3212 4866 3432 4938 dotibus
3456 4865 3556 4938 in-

1977 4934 2226 5009 structus
2258 4943 2362 5009 est,
2400 4952 2634 5008 eumque
2671 4934 2898 5009 opponit
2935 4937 3022 5001 iis,
3062 4939 3157 5005 qui
3201 4936 3414 5006 aliquos
3452 4934 3567 5002 ha'-,

1976 5005 2194 5078 bentin
2231 5007 2439 5078 virtute
2459 5005 2804 5078 progressus.
2956 5077 2959 5078 ν
3484 5073 3519 5078 __
3564 5037 3567 5045 -

2051 5076 2129 5146 (9)
2161 5077 2368 5151 Ilartl.
2402 5073 2544 5151 Editi
2564 5073 2737 5151 ’παντὶ
2766 5079 2844 5149 τῷ
2868 5077 3146 5151 ἀνθρώπῳ
3174 5083 3366 5151 contra
3395 5073 3550 5151 codi-

1975 5143 2264 5219 cum'mss.
2293 5147 2474 5219 iidem.
2505 5143 2832 5219 Paulogposi
2867 5143 3001 5219 Regi
3035 5143 3268 5219 quartus
3305 5147 3454 5207 ὅπως
3483 5143 3550 5196 ἂν

1973 5215 2136 5287 ψάλῃ.
2166 5214 2398 5303 Quidam
2427 5218 2646 5274 codices
2670 5214 2866 5341 iam.

2047 5287 2158 5341 (10)
2189 5287 2356 5338 Ἔστι
2403 5285 2470 5339 δέ
2514 5305 2623 5341 τις.
2726 5297 2866 5341 οειι·ε

2047 5284 2158 5355 (1⁷0)
2189 5287 2356 5338 Ἔστι
2403 5285 2470 5339 δέ
2514 5305 2623 5354 τις.
2683 5284 2967 5344 Postrema
3015 5288 3208 5342 vocula
3256 5284 3438 5342 addita
3480 5297 3551 5337 ex

1971 5353 2186 5410 doubus
2223 5371 2354 5411 mss.
2554 5396 2562 5405 .

2042 5425 2156 5497 (ll)
2177 5425 2304 5497 ⁸Τοῦ
2325 5425 2692 5490 δοξάζεσθαι.
2729 5426 2860 5481 Ροει
2883 5428 3024 5482 hanc
3057 5442 3249 5483 vocem
3286 5424 3417 5481 editi
3450 5421 3550 5478 ad-

1972 5495 2110 5550 dunt
2133 5495 2753 5568 TEGSO’OELQUOdUdCCSI.
2781 5499 2835 5550 in
2861 5514 3000 5568 mss.
3037 5497 3415 5568 [{equiruntur
3449 5508 3548 5562 pa-

1971 5568 2110 5620 riter
2137 5567 2193 5619 in
2229 5566 2506 5619 veteribus
2537 5565 2692 5619 libris
2725 5567 2836 5621 duo
2859 5565 3204 5624 Psalmorum
3229 5569 3372 5626 loca,
3396 5579 3550 5634 quo-

1971 5651 2095 5689 rum
2126 5650 2297 5689 unum
2332 5636 2522 5688 saltem
2557 5636 2775 5691 videtur
2808 5639 2862 5693 in
2892 5640 3077 5693 animo
3112 5639 3368 5692 habuisse
3393 5633 3549 5688 Basi-

1970 5706 2100 5772 lius,
2133 5723 2195 5760 ac
2229 5713 2482 5759 neutrum
2509 5707 2728 5762 citassc.
2761 5707 3027 5765 Nimirum
3056 5719 3179 5781 post
3207 5709 3306 5760 has
3335 5717 3540 5759 voces:

3223 5803 3262 5861 6
