3972 6218
408 346 508 409 ΓΗ

1679 347 1735 403 S.
1779 342 2022 402 BASILll
2060 340 2276 399 MAGNI

3564 334 3679 392 172

412 468 485 523 sit
532 466 624 537 qui
674 466 1048 538 gloriticctur?
1091 465 1158 521 Et
1203 480 1397 537 magna
1427 465 1646 536 quidem
1692 475 1778 521 est
1822 465 1990 538 gloria

2099 463 2276 527 καίου,
2307 459 2446 515 κατὰ
2479 458 2569 513 τὸν
2602 457 2932 529 Ψαλμῳδόν·
2971 456 3097 521 δόξα
3133 456 3187 510 δὲ
3216 455 3306 510 τοῦ
3336 453 3682 524 Πνεύματος,

407 556 548 629 justi
573 559 731 628 juxta
761 557 1106 614 Psalmorum
1144 565 1424 613 cautorem
1449 558 1515 612 ⁸⁸.
1548 558 1617 611 At
1659 557 1831 629 gloria
1868 555 1992 627 Spi-

406 649 557 705 ritus
585 650 743 719 juxta
779 657 930 704 tuam
960 650 1275 720 opinionem
1305 651 1455 704 nulla
1486 656 1592 704 est.
1636 649 1833 704 Annon
1893 649 1992 720 igi-

408 748 509 797 tur
536 740 766 797 evidens
792 741 1094 812 periculum
1126 749 1209 797 est
1231 756 1301 795 ne
1332 740 1538 796 talibus
1571 740 1734 796 dictis
1764 741 1992 796 inevita-

408 829 524 886 bile
556 830 766 886 crimen
809 831 865 884 in
898 834 1266 899 nosmetipsos
1300 831 1696 887 accersamus?
1730 828 1788 884 Si
1829 831 1992 885 homo

418 923 511 993 qui
536 923 725 978 salvus
764 921 822 975 ﬁt
853 937 920 977 ex
954 922 1214 991 operibus
1243 921 1494 998 justitiaz,
1531 922 1695 977 etiam
1734 921 1990 976 timentes

418 1015 711 1072 Dominum
742 1013 1042 1086 ’gloriﬂcat,
1083 1015 1258 1068 multo
1304 1015 1487 1070 minus
1509 1013 1772 1084 Spiritum
1808 1012 1991 1068 debita

418 1108 590 1180 gloria
634 1106 927 1162 fraudabit.
975 1106 1080 1168 Sit,
1116 1106 1394 1176 inquiunt,
1434 1106 1845 1177 gloriﬁcandus,
1895 1104 1992 1161 sed

417 1213 527 1254 non
563 1214 690 1255 cum
716 1197 879 1253 Patre
926 1206 981 1253 et
1012 1196 1170 1253 Filio.
1207 1197 1274 1253 Et
1305 1199 1398 1269 qui
1436 1206 1865 1255 consentaneum
1906 1204 1991 1252 est

415 1290 640 1353 rationi,
671 1290 840 1344 alium
876 1290 1057 1344 locum
1087 1290 1477 1361 imaginatione
1505 1290 1795 1360 designare
1818 1287 1993 1359 Spiri-

412 1384 514 1448 tui,
534 1384 615 1438 'eo
658 1383 872 1447 relicto,
921 1398 1083 1454 quem
1117 1382 1313 1437 statuit
1355 1383 1652 1449 Dominus;
1704 1391 1759 1437 et
1803 1382 1992 1453 gloriae

411 1475 696 1530 consortio
727 1474 968 1544 spoliare
1002 1487 1130 1528 eum
1169 1473 1264 1543 qui
1300 1474 1503 1544 ubique
1545 1474 1877 1544 conjunctus
1906 1481 1992 1529 est

412 1565 711 1629 divinitati,
764 1565 819 1618 in
856 1565 1200 1635 professione
1232 1564 1380 1629 ﬁdei,
1431 1566 1487 1620 in
1519 1566 1849 1636 baptismate
1898 1582 1989 1622 re-

411 1655 766 1726 demptionis,
792 1655 847 1709 in
870 1656 1192 1727 operatione
1205 1656 1492 1722 virtutum,
1512 1657 1569 1711 in
1592 1655 1991 1712 inhabitatione

412 1757 755 1812 sanctorum,
793 1749 847 1802 iu
890 1747 1175 1804 beneﬁciis
1206 1748 1263 1802 in
1306 1748 1559 1803 subditos
1602 1746 1992 1802 conferendis?

2094 554 2237 607 κατὰ
2281 552 2362 619 σὲ,
2405 550 2651 621 οὐδεμία.
2702 549 2827 613 Πῶς
2869 544 2961 601 οὖν
3001 548 3063 600 οὐ
3107 547 3373 620 πρόδηλος
3420 546 3451 598 ό
3496 543 3687 598 κίνδυ-

2093 661 2183 708 νος
2232 645 2296 697 ὲκ
2340 643 2450 696 τῶν
2490 642 2750 696 τοιούτων
2786 641 2961 711 λόγων
2995 640 3095 711 τὴν
3132 642 3368 710 ἄφυκτον
3403 637 3685 708 ἁμαρτίαν

2093 738 2178 807 ἐφ’
2205 738 2428 800 ἑαυτοὺς
2462 735 2830 801 ὲπισπᾶσθαις
2858 736 2920 788 Ei
2941 736 2969 787 ὁ
3004 734 3116 805 (12)
3149 732 3451 803 σωζόμενος
3480 731 3546 782 ἐκ
3564 728 3685 780 τῶν

2089 828 2191 898 τῆς
2225 826 2569 898 δικαιοσύνης
2612 826 2788 899 ἔργων
2829 827 3136 898 ἅνθρωπος,
3173 824 3266 878 καὶ
3302 824 3428 886 τοὺς
3473 820 3683 889 φοϐου-

2095 921 2289 992 μένους
2331 919 2423 973 τόν
2473 917 2678 991 Κύριον
2726 912 2936 985 δοξάζει
2959 958 2976 983 ,
3021 916 3277 970 τοσούτου
3330 915 3396 969 ἂν
3447 915 3559 968 δέοι
3615 916 3683 969 τὸ

2090 1012 2316 1083 Πνεῦμα
2352 1011 2454 1083 τῆς
2499 1010 2855 1082 ὀφειλομένης
2892 1009 3049 1080 δόξης
3089 1009 3432 1079 ἀποστερεῖν.
3467 1009 3682 1072 Ἔστω,

2091 1104 2227 1176 φης).
2268 1104 2412 1176 (15),
2454 1103 2742 1170 δοξαστὸν,
2790 1101 2903 1156 ἀλλ’
2954 1103 3075 1173 οὐχ).
3127 1101 3264 1173 μετὰ
3321 1101 3537 1166 Πατρός
3579 1101 3684 1155 καὶ

2091 1196 2243 1249 Υίοῦ.
2269 1197 2380 1251 Καὶ
2404 1197 2530 1250 τίνα
2557 1196 2669 1267 ἔχει
2693 1196 2849 1264 λόγον
2884 1195 3079 1266 ἑτέραν
3107 1192 3291 1265 χώραν
3325 1194 3560 1245 ἐπινοεῖν
3593 1192 3683 1263 τῷ

2089 1289 2388 1361 Πνεύματι,
2434 1290 2533 1361 τὴν
2572 1288 2724 1362 παρὰ
2768 1287 2860 1342 τοῦ
2892 1286 3095 1359 Κυρίου
3141 1286 3477 1356 τεταγμένην
3504 1303 3684 1339 κατα-

2088 1381 2361 1447 λιπόντας,
2417 1384 2510 1436 καὶ
2547 1382 2645 1453 τῆς
2683 1379 2827 1434 κατὰ
2865 1380 2961 1451 τὴν
3009 1378 3167 1445 δόξαν
3212 1379 3497 1441 κοινωνίας
3536 1379 3684 1431 ἀπο-

2093 1476 2304 1547 στερεῖν
2347 1472 2407 1528 τὸ
2449 1473 2721 1544 πανταχοῦ
2764 1470 3171 1543 συναναληφθὲν
3195 1470 3305 1542 (14)
3335 1473 3400 1542 τῇ
3434 1470 3679 1542 θεότητι,

2090 1568 2148 1621 ὲν
2182 1570 2249 1638 τῇ
2289 1566 2548 1638 ὁμολογίᾳ
2584 1565 2687 1636 τῆς
2730 1565 2983 1630 πίστεως,
3023 1566 3081 1617 ὲν
3106 1563 3181 1634 τῷ
3213 1562 3547 1634 βαπτίσματι
3573 1563 3684 1634 τῆς

2091 1657 2552 1730 ἀπολυτρώσεως,
2600 1659 2658 1711 ἐν
2703 1659 2768 1727 τῇ
2808 1656 3061 1727 ἐνεργείᾳ
3098 1655 3208 1708 τῶν
3255 1653 3568 1726 δυνάμεων,
3615 1656 3683 1708 ὲν

2090 1753 2156 1822 τῇ
2183 1744 2451 1821 ἐνοιῖιήσει
2484 1749 2592 1804 τῶν
2629 1750 2817 1819 ἁγίων,
2854 1751 2912 1803 ὲν
2939 1750 3058 1812 ταῖς
3095 1750 3176 1811 είς
3212 1746 3274 1802 τὺ
3307 1747 3548 1819 ὑπήκοον
3574 1747 3683 1817 χά-

410 1840 601 1910 Ncque
626 1841 774 1895 enim
811 1847 898 1895 est
929 1841 1100 1895 ullum
1131 1841 1357 1896 omnino
1389 1839 1594 1895 donum
1624 1841 1832 1911 absque
1861 1857 1988 1896 san-

2099 1859 2269 1915 ρισιν;
2317 1843 2453 1896 Οὐδὲ
2494 1843 2602 1914 γάρ
2657 1845 2805 1895 ἐστιν
2853 1841 2990 1905 ὅλως
3035 1840 3215 1912 δωρεά
3257 1857 3339 1904 τις
3397 1838 3531 1892 ἄνευ
3575 1837 3682 1891 τοῦ

410 1939 504 1987 clo
535 1931 748 2004 Spiritu
783 1924 850 1987 ad
898 1942 1211 1988 creaturam
1253 1933 1609 2003 perveniens;
1652 1933 1874 2004 quando
1921 1949 1990 1990 ne

410 2024 643 2095 simplex
674 2024 896 2095 quidem
921 2025 1150 2080 verbum
1189 2023 1246 2078 in
1270 2023 1686 2081 defensionibus
1708 2040 1809 2096 pro
1829 2024 1991 2081 Chri-

409 2125 499 2170 sto
519 2117 645 2187 quis
663 2115 1060 2188 possitdicere,
1086 2115 1196 2171 nisi
1218 2114 1515 2186 adjuvante
1536 2114 1770 2187 Spiritu,
1796 2133 1991 2188 quem-

411 2209 707 2265 admodum
742 2210 799 2265 in
825 2208 1137 2279 Evangeliis
1161 2223 1193 2263 a
1219 2207 1450 2264 Domino
1488 2219 1544 2265 et
1573 2210 1865 2267 Servatore
1893 2226 1992 2266 no-

411 2310 528 2357 stro
557 2299 854 2356 didicimus
879 2301 946 2354 ".
978 2299 1153 2355 Porro
1196 2310 1257 2355 ut
1293 2302 1381 2357 his
1410 2301 1667 2358 omnibus
1699 2302 1988 2373 neglectis,

410 2400 576 2463 atque
612 2407 677 2447 ea
728 2393 1136 2461 communione,
1185 2408 1351 2463 quam
1408 2394 1466 2448 in
1510 2393 1764 2448 omnibus
1805 2394 1986 2459 habet,

411 2483 674 2542 oblivioni
705 2482 926 2549 tradita,
950 2500 982 2538 a
1012 2484 1174 2539 Patre
1204 2492 1259 2539 et
1288 2483 1428 2540 Filio
1454 2485 1634 2555 ipsum
1664 2485 1987 2550 avellamus,

411 2577 600 2632 nescio
642 2591 711 2631 au
741 2577 1036 2648 quisquam
1081 2577 1258 2633 sancti
1305 2575 1545 2646 Spiritus
1586 2578 1863 2647 particeps
1896 2592 1989 2632 as-

412 2683 680 2725 sensurus
711 2669 801 2723 sit.
846 2667 905 2722 Iu
935 2685 1045 2740 quo
1086 2670 1251 2740 igitur
1277 2669 1468 2723 ordine
1502 2668 1655 2723 illum
1696 2668 1992 2724 collocabi-

409 2760 571 2816 unus?
600 2761 1028 2815 creaturarum?
1056 2762 1125 2813 At
1157 2761 1418 2815 universa
1470 2768 1722 2814 creatura
1767 2760 1938 2814 servit
1971 2781 1984 2814 :

414 2850 657 2924 Spiritus
684 2851 797 2923 48
821 2859 1003 2907 autem
1044 2852 1276 2908 liberum
1308 2851 1516 2908 reddit:
1555 2850 1656 2905 Ubi
1692 2852 1831 2905 enim
1866 2848 1991 2921 Spi-

2089 1935 2244 2005 ἁγίου
2272 1933 2588 2004 Πνεύματος
2616 1935 2696 1998 είς
2735 1932 2833 2004 τὴν
2873 1933 3050 1987 κτίσιν
3088 1930 3494 2005 ἀφικνουμένηο
3537 1931 3681 1984 ὅπου

2089 2040 2155 2094 γε
2199 2024 2319 2077 οὐδὲ
2361 2024 2511 2095 ῥῆμα
2543 2022 2699 2093 ψιλὸν
2740 2023 2800 2078 ἐν
2844 2026 2965 2087 ταῖς
3004 2023 3142 2094 ὑπὲρ
3192 2021 3428 2094 Χριστοῦ
3478 2021 3684 2075 ἀπολο-

2089 2110 2234 2180 γίαις
2292 2110 2515 2165 δυνατὸν
2574 2110 2804 2183 λαλῆσαι
2867 2112 2941 2184 μὴ
3000 2113 3463 2182 συνεργουμένους
3520 2108 3684 2182 παρὰ

2089 2201 2184 2255 τοῦ
2235 2201 2572 2273 Πνεύματος,
2605 2202 2682 2267 ὡς
2716 2204 2775 2257 ὲν
2819 2200 3174 2272 Εὐαγγελίοις
3219 2201 3369 2271 παρὰ
3418 2202 3513 2256 τοῦ
3555 2204 3679 2257 Κυ-

2094 2292 2209 2364 ρίου
2249 2293 2342 2346 κα¹ι
2379 2292 2633 2364 Σωτῆρος
2678 2291 2834 2363 ἡμῶν
2881 2289 3298 2362 μεμαθήκαμεν.
3331 2290 3582 2342 "Arcam
3613 2287 3682 2342 δὲ

2088 2384 2261 2437 ταῦτα
2307 2384 2651 2454 παριδόντας,
2689 2383 2784 2437 καὶ
2830 2384 2930 2453 τῆς
2966 2384 3023 2435 ὲν
3064 2384 3199 2434 πᾶσι
3235 2381 3515 2446 κοινωνίας
3554 2383 3683 2434 ἑπι-

2089 2476 2434 2547 λαθομένους,
2483 2476 2592 2529 ἀπὸ
2638 2475 2852 2546 Πατρός
2917 2474 3013 2528 καὶ
3072 2473 3204 2527 Υἱοῦ
3257 2475 3491 2543 διασπᾷν
3516 2515 3534 2539 ,
3573 2474 3685 2526 οὐκ

2091 2565 2204 2621 οἶδα
2244 2567 2298 2621 εἴ
2348 2585 2431 2632 τις
2486 2567 2711 2639 μέτοχος
2760 2567 3078 2638 Πνεύματος
3121 2567 3278 2635 ἁγίου
3325 2565 3676 2637 συνθήσεται.

2090 2660 2201 2714 Ποῦ
2234 2661 2412 2715 τοίνυν
2450 2661 2704 2732 φέροντες
2747 2659 2876 2713 αὐτὸ
2920 2659 3192 2729 τάξομεν;
3243 2657 3379 2729 μετὰ
3421 2657 3522 2726 τῆς
3557 2657 3684 2710 κτί-

2093 2770 2263 2818 σεως;
2302 2753 2494 2825 Ἀλλ’ἡ
2537 2753 2714 2816 κτίσις
2757 2752 2908 2805 πᾶσα
2945 2751 3216 2805 δουλεύει·
3248 2750 3308 2804 τὸ
3348 2749 3406 2803 δὲ
3449 2749 3686 2820 Πνεῦμα

2090 2846 2380 2916 ἐλευθεροῖ.
2415 2840 2499 2901 Οὗ
2524 2844 2716 2915 γὰρτό
2736 2844 2981 2913 Πνεῦμα
3002 2844 3247 2913 Κυρίου,
3281 2841 3409 2896 ἐκεῖ
3436 2842 3684 2896 ἐλευθε-

410 2946 548 2999 ritus
583 2943 823 3012 Domini,
862 2943 937 2998 ibi
969 2944 1188 2999 libertas
1207 2945 1272 2997 ³⁸.
1303 2943 1482 3014 Atque
1511 2958 1636 2998 cum
1676 2943 1847 2997 multa
1876 2943 1990 2998 sint

2099 2939 2205 3000 οἱα.
2254 2938 2363 2990 Καὶ
2400 2937 2609 2991 πολλῶν
2644 2937 2870 2991 ἐνόντων
2903 2936 3099 3001 εἰπεῖν,
3137 2938 3285 2999 ὅπως
3311 2935 3372 2988 ού
3406 2934 3682 3005 προσήκει

413 3051 536 3105 quae
562 3036 769 3106 possim
807 3036 897 3090 hic
936 3049 1393 3099 commemorare,
1430 3048 1593 3104 quam
1636 3048 1747 3088 non
1785 3048 1988 3089 conve-

410 3130 530 3182 niat
555 3126 826 3198 Spiritum
870 3134 1125 3182 sanctum
1162 3140 1527 3180 annumerarc
1566 3125 1733 3180 rebus
1762 3124 1984 3191 creatis,

2088 3031 2154 3100 τῇ
2215 3031 2406 3100 κτιστῇ
2457 3028 2617 3098 φύσει
2666 3029 2726 3082 τὸ
2771 3027 2996 3097 Πνεῦμα
3039 3027 3101 3080 τὸ
3145 3026 3299 3094 ἅγιον
3343 3041 3683 3096 συγκαταρι-

2091 3121 2266 3187 θμεῖν,
2294 3121 2541 3193 τδν“περὶ
2569 3120 2774 3175 τούτων
2800 3120 2894 3175 νῦν
2935 3120 3046 3193 (15)
3074 3119 3453 3190 ὑπερθήσομαι
3492 3118 3677 3187 λόγον.

411 3218 600 3283 dehis
630 3218 994 3274 diceremunc
1039 3216 1426 3287 super-sedebo.
1462 3216 1597 3271 Nam
1640 3218 1685 3272 si
1731 3216 1987 3287 incipiam

2099 3214 2151 3267 Ei
2181 3212 2291 3284 γὰρ
2324 3211 2609 3283 μέλλοιμεν
2637 3212 2774 3283 πρὸς
2817 3211 2975 3275 ἀξίαν
3019 3210 3115 3264 τοῦ
3160 3210 3543 3281 προϐλήματος
3573 3209 3682 3273 τάς

413 3327 517 3384 pro
549 3310 857 3382 argumenti
889 3309 1175 3381 dignitate,
1205 3315 1260 3364 et
1288 3323 1411 3379 quae
1440 3323 1539 3379 pro
1566 3308 1724 3364 nobis
1755 3307 1985 3374 faciunt,

413 3401 765 3473 probationes
802 3400 1095 3463 adducere,
1128 3411 1182 3457 et
1217 3416 1339 3471 quae
1371 3401 1440 3456 ab
1479 3401 1809 3457 adversariis
1845 3401 1994 3471 obji-

413 3493 662 3556 ciuntur,
691 3491 933 3557 diluere,
963 3491 1176 3561 prolixo
1204 3504 1457 3545 sermone
1473 3489 1578 3544 erit
1602 3504 1761 3559 opus,
1795 3489 1991 3559 loqua-

414 3585 688 3654 citateque
704 3582 999 3638 voluminis
1030 3580 1431 3638 deterrebimus
1465 3581 1722 3636 lectores.
1753 3579 1987 3648 Idcirco;

413 3676 525 3731 hoc
579 3674 740 3731 alteri
785 3674 1012 3746 proprio
1049 3671 1310 3729 tractatui
1353 3680 1657 3739 reservato,
1689 3671 1991 3743 propositis

413 3752 822 3824 adhaereamus.

486 3858 578 3915 56.
620 3858 1052 3915 Consideremus
1087 3855 1260 3928 igitur
1288 3855 1627 3926 singulatim.
1659 3854 1865 3912 Natura
1895 3856 1994 3911 bo-

414 3967 523 4008 nus
547 3958 652 4019 est,
681 3957 742 4005 ut
773 3950 953 4006 bonus
981 3947 1170 4014 Pater,
1216 3957 1270 4004 et
1298 3948 1479 4004 bonus
1504 3947 1696 4003 Filius.
1725 3947 1991 4003 Creatura

412 4058 548 4099 vero
590 4058 687 4114 per
714 4042 1039 4098 electionem
1087 4040 1209 4111 ejus
1238 4041 1385 4112 quod
1424 4041 1630 4096 bonum
1661 4047 1767 4107 est,
1816 4039 1991 4110 parti-

415 4151 547 4207 ceps
574 4142 657 4191 est
690 4135 969 4212 bonitatis.
1007 4134 1290 4190 Profunda
1331 4132 1428 4189 Dei
1471 4133 1668 4189 novit:
1697 4131 1797 4187 sed
1836 4145 1992 4187 crea-

417 4233 543 4283 tura
573 4242 669 4297 per
695 4225 959 4292 Spiritum
983 4226 1185 4297 accipit
1210 4239 1538 4280 arcanorum
1563 4224 1987 4280 reserationem.

420 4318 668 4374 Viviticat
710 4332 837 4372 cum
879 4315 992 4371 Deo
1028 4317 1125 4387 qui
1168 4316 1406 4371 viviﬁcat
1451 4316 1660 4375 omnia.
1693 4331 1817 4371 eum
1852 4312 1992 4369 Filio

420 4411 512 4481 qui
544 4409 638 4464 dat
666 4408 857 4463 vitam.
887 4407 992 4474 Qui
1019 4408 1159 4463 enim
1186 4409 1458 4472 excitavit,
1492 4407 1688 4478 inquit,
1718 4406 1992 4463 Christum

2087 3322 2148 3359 τε
2195 3304 2323 3376 παρ’
2350 3303 2556 3358 ἑαυτῶν
2595 3303 2939 3367 κατασκευὰς
2986 3303 3236 3370 ἐπάγειν,
3274 3303 3369 3355 καὶ
3403 3302 3473 3355 τὰ
3519 3302 3681 3371 παρὰ

2088 3396 2196 3451 τῶν
2236 3395 2494 3449 ἐναντίων
2535 3394 2944 3466 προϐαλλόμενα
2995 3393 3251 3458 διαλύειν,
3286 3391 3496 3446 πολλῶν
3537 3394 3682 3463 ἡμῖν

2088 3488 2268 3560 δεήσει
2318 3486 2512 3554 λόγων,
2559 3487 2653 3541 καὶ
2696 3486 3129 3557 ἀποκναίσαιμεν
3169 3484 3280 3556 (16)
3325 3487 3389 3556 τῇ
3421 3484 3681 3553 πολυφω-

2090 3580 2178 3651 νίᾳ.
2206 3581 2305 3651 τῆς
2332 3578 2513 3649 βίϐλου
2538 3579 2665 3642 τοὺς
2690 3579 3137 3650 ἐντυγχάνοντας.
3164 3579 3366 3649 Διόπερ
3397 3576 3502 3649 ἰδίᾳ
3532 3593 3681 3648 πρα-

2089 3672 2327 3743 γματείᾳ
2376 3672 2552 3725 ἐκεῖνο
2601 3671 3026 3742 ταμιευσάμενοι
3052 3710 3068 3736 ,
3123 3668 3234 3724 τῶν
3297 3667 3681 3740 προκειμένων

2090 3760 2365 3832 ἐχώμεθα.

2160 3852 2249 3906 56.
2293 3850 2631 3922 Σκεψώμεθα
2671 3846 2764 3907 οῦν
2808 3850 2877 3903 τὰ
2923 3848 3279 3906 καθέκαστον.
3321 3851 3484 3905 Φύσει
3523 3851 3679 3906 ἐστὶν

2088 3944 2314 4015 ἀγαθὸν,
2353 3945 2432 4009 ὡς
2472 3944 2677 4013 ἀγαθὸς
2712 3946 2741 3997 ὁ
2792 3941 2979 4014 Πατὴρ
3003 3983 3018 4008 ,
3062 3942 3160 3996 καὶ
3215 3942 3419 4010 ἀγαθὸς
3456 3944 3487 3996 ὁ
3520 3943 3675 4008 Υίόςέ

2102 4037 2166 4091 Ἦ
2203 4038 2380 4101 κτίσις
2412 4037 2469 4091 δὲ
2497 4038 2556 4090 ὲν
2587 4040 2657 4108 τῇ
2692 4037 2887 4107 ἐκλογῇ
2924 4034 3020 4088 τοῦ
3064 4035 3270 4104 ἀγαθοῦ
3299 4035 3525 4106 μέτοχός
3554 4036 3679 4089 ἐστι

2088 4128 2188 4199 τῆς
2217 4127 2567 4197 ἀγαθότητος.
2596 4124 2716 4181 Οἵδε
2743 4126 2814 4180 τὰ
2842 4126 2977 4199 βάθη
3012 4126 3106 4180 τοῦ
3140 4124 3275 4182 Θεοῦ
3309 4125 3420 4198 (17)
3441 4142 3454 4155 '
3483 4128 3518 4197 ἡ
3553 4126 3680 4180 κτί-

2092 4238 2176 4284 σις
2211 4221 2269 4275 δὲ
2309 4221 2576 4292 λαμϐάνει
2613 4221 2711 4291 τὴν
2744 4221 3050 4293 φανέρωσιν
3083 4219 3192 4274 τῶν
3225 4220 3554 4291 ἀπορρήτων
3581 4219 3679 4274 διὰ

2089 4308 2184 4362 τοῦ
2236 4308 2571 4380 Πνεύματος.
2626 4312 2885 4364 Ζωοποιεί
2935 4308 3075 4381 μετὰ
3113 4307 3208 4362 τοῦ
3268 4306 3403 4362 Θεοῦ
3464 4308 3559 4362 τοῦ
3602 4310 3680 4364 τὰ

2090 4401 2269 4456 πάντα
2292 4402 2704 4471 ζωογονοῦντος,
2743 4401 2880 4474 μετὰ
2913 4402 3024 4472 (18)
3070 4400 3165 4456 τοῦ
3211 4400 3344 4454 Υίοῦ
3378 4400 3472 4455 τοῦ
3506 4401 3682 4456 διδόν-

422 4519 457 4555 a
503 4499 748 4564 mortuis,
803 4498 1090 4569 viviﬁcabit
1139 4506 1191 4553 et
1236 4498 1491 4553 mortalia
1530 4513 1756 4567 corpora
1794 4505 1988 4563 vestra,

2099 4511 2183 4558 τος
2206 4494 2371 4565 ζωήν.
2409 4494 2471 4547 '0
2504 4493 2614 4565 γὰρ
2646 4492 2880 4563 ἐγείρας
2902 4492 3160 4562 Χριστὸν
3190 4492 3260 4546 ἐκ
3286 4489 3516 4560 νεκρῶν
3547 4490 3680 4553 ζωο-

421 4608 510 4663 per
549 4593 720 4665 ipsius
744 4589 1006 4663 Spiritum
1028 4592 1118 4663 qui
1153 4588 1419 4665 inhabitat
1448 4592 1504 4645 in
1545 4589 1690 4645 vobis
1712 4588 1797 4656 ";
1829 4594 1994 4660 atque

2097 4586 2355 4655 ποιήσει,
2403 4584 2558 4657 φησὶ,
2607 4584 2707 4639 καὶ
2758 4583 2832 4639 τᾶ
2874 4583 3061 4654 θνητὰ
3100 4582 3269 4654 ὑμῶν
3296 4581 3406 4654 (19)
3428 4582 3678 4653 σώματα

491 4749 538 4782 ³⁸
558 4747 706 4804 Psal.
733 4762 827 4811 xx,
855 4744 910 4800 6.
984 4745 1031 4778 "
1058 4715 1252 4800 blattb.
1287 4760 1345 4810 ι,
1384 4744 1472 4801 l9.
1565 4744 1613 4778 ³⁸
1633 4741 1678 4797 ll
1698 4740 1828 4799 Cor.
1852 4756 1940 4806 Ill,
1970 4741 1990 4796 1

2129 4741 2178 4775 ³⁸
2202 4736 2364 4796 Rom.
2390 4754 2517 4806 vm,
2554 4739 2641 4795 Η.

421 4905 580 4960 Κατὰ
609 4903 701 4958 τὸν
714 4901 1047 4974 Ἰξαλμῳδόν,
1065 4899 1275 4955 addunt
1297 4899 1428 4974 editi
1457 4919 1488 4974 _:_
1501 4896 1744 4974 M81921};
1773 4899 1815 4974 ἡ
1835 4897 1990 4974 δόξα

421 4975 609 5031 αὐτοῦ
626 4975 698 5029 ἐν
711 4972 794 5040 τῷ
822 4968 1093 5040 ἀώτηρίῳ
1116 4970 1378 5040 σουσίκα).
1398 4970 1580 5040 πάλινο
1599 4968 1758 5036 Τοὺς
1785 4968 1867 5040 δὲ,
1879 4986 1992 5040 50o-

424 5038 1145 5115 60vyérovq‘tbrdewr
1177 5038 1427 5107 δοξάζει.
1462 5038 1662 5115 Magna
1703 5049 1780 5094 est
1815 5039 1990 5110 gloria

423 5109 546 5177 eius
586 5116 641 5169 in
680 5109 911 5168 salutari
950 5109 1077 5175 tuo;
1110 5119 1165 5167 et
1208 5125 1405 5165 rursus
1452 5129 1465 5166 :
1506 5109 1767 5164 Timentes
1812 5109 1989 5164 autem

424 5184 797 5253 Dominuglom
818 5185 1015 5253 riﬁcat.
1073 5233 1079 5240 .

427 5310 431 5317 ,
497 5254 608 5321 (t2)
636 5247 706 5308 El
726 5258 779 5309 ὁ.
806 5247 930 5309 nec
953 5253 1153 5308 desunt
1183 5251 1239 5305 in
1260 5251 1683 5321 quinqtte_mss.,
1719 5254 1774 5302 at
1798 5247 1996 5318 legun-

425 5330 515 5377 tur
546 5318 602 5377 in
631 5324 763 5393 Heg.
792 5325 1052 5379 secundo.
1085 5321 1229 5375 Editi
1250 5318 1326 5385 ὧς
1349 5322 1377 5374 ὅ
1397 5318 1481 5390 γε.
1506 5318 1840 5393 _Paulo_post_
1860 5334 1996 5373 con-

426 5393 633 5462 iunctio
679 5387 861 5447 addita
891 5410 958 5449 ex
990 5410 1085 5449 sex
1120 5407 1254 5447 mss.
1288 5387 1418 5447 ante
1440 5391 1566 5462 reb;
1602 5387 1990 5458 φοϐουμένους.

521 5464 605 5531 15)
639 5463 814 5531 φησί.
850 5463 1357 5533 Regiussecundus
1385 5461 1534 5531 φασί.

521 5466 605 5531 15)
639 5466 814 5531 φησι.
850 5466 1054 5533 Regius
1084 5466 1357 5519 secundus
1385 5466 1534 5531 φασί.

495 5466 610 5604 ξιι)
644 5532 1137 5604 Συναναληςρθέν.
1171 5533 1264 5587 Sic
1305 5548 1439 5604 mss.
1472 5527 1993 5604 quinque.__Legitur

423 5601 893 5675 συμπαραληφθέν
936 5601 991 5656 in
1036 5604 1274 5659 editione
1311 5601 1637 5669 Parisieusi.
1692 5601 1821 5654 Alia:
1864 5614 1988 5652 cum

421 5674 560 5732 mss.
590 5674 960 5730 c'onsentiunt.
1452 5727 1470 5735 ρ

494 5745 604 5818 (15)
661 5744 891 5801 Τούτων
931 5742 1068 5798 νῦν.
1112 5739 1315 5800 Vocula
1365 5743 1549 5800 addita
1604 5756 1669 5798 ex
1716 5740 1850 5813 Reg.
1901 5755 1991 5796 se-

2091 4898 2292 4954 eundo.

2167 4968 2278 5041 (ιδ)
2332 4969 2850 5041 ᾏποκναίσαειιεν.
2881 4966 2960 5022 Ita
2991 4967 3115 5041 cod.
3147 4968 3391 5025 Colbert.
3419 4975 3474 5041 et
3501 4969 3677 5028 editio

2096 5035 2268 5110 pasil.
2333 5038 2559 5110 Legitur
2589 5038 2886 5110 -‘in_Paris.
2947 5039 3189 5110 editione
3243 5039 3675 5110 ἀποκναίσομεν.

2096 5107 2267 5179 Paulo
2295 5107 2621 5179 post'iidem
2645 5108 2778 5179 editi
2813 5110 3016 5179 ἐκεῖνα.
3046 5108 3196 5165 Libri
3228 5121 3443 5166 veteres
3469 5107 3671 5166 ἐκεῖνο.

2171 5177 2435 5251 (Ui—Tm?
2455 5248 2465 5251 _
2486 5177 2656 5251 Θεοῦ.
2707 5178 2888 5233 Editio
2926 5177 3103 5235 Paris.
3130 5180 3298 5251 _addit
3330 5180 3393 5251 rb
3420 5179 3673 5251 Πνεῦμα,

2101 5248 2251 5320 quod
2263 5248 2426 5304 deest
2452 5248 2510 5303 in
2544 5249 2786 5320 quinque
2824 5249 3215 5320 mssaet‘edit.
3256 5249 3422 5307 Basil.

2173 5317 2788 5389 (18)Ζωογονοῦντος,
2831 5318 3002 5388 μετά.
3061 5317 3136 5374 Ita
3191 5337 3284 5377 se:
3343 5335 3481 5377 mss.
3525 5319 3677 5377 Editt

2101 5386 2636 5461 {monotoﬁvrogwxai
2685 5386 2845 5461 μετάζ
2886 5389 3058 5461 Paulo
3106 5401 3233 5461 post
3279 5389 3413 5446 editi
3464 5389 3679 5446 addunt

2113 5458 2318 5527 Ἰησοῦν
2349 5468 2471 5529 post
2499 5460 2754 5529 Χριστόν.
2795 5460 2901 5512 Sed
2928 5459 3083 5515 deest
3108 5458 3179 5517 ea
3205 5477 3308 5516 vox
3334 5462 3388 5514 in
3410 5461 3673 5518 omnibus

2100 5543 2227 5583 mss.

2172 5598 2283 5671 (i9)
2316 5596 2511 5671 ρνητὰ
2533 5597 2718 5666 ὑμῶν.
2744 5597 2884 5671 Βεε.
2921 5599 3196 5671 secundus
3231 5597 3401 5670 θνητὰ
3442 5598 3678 5671 σώματα

2102 5667 2277 5738 ἡμῶν.
2327 5667 2497 5722 Paulo
2530 5675 2655 5737 post
2693 5668 2822 5741 editi
2852 5669 3131 5738 ἀκούουσι,
3160 5667 3681 5741 (ιιιοσὶίιιιειοιίίιβ,ιε

2100 5741 2338 5809 plurium
2372 5754 2508 5796 mss.
2546 5738 2899 5794 mutavimus.
3176 5738 3194 5741 ’
3344 5756 3347 5761 ·
