3972 6218
386 347 492 403 175

1720 346 1776 401 S.
1818 345 2064 402 BASlLll
2104 345 2322 405 MAGNI

3535 343 3648 401 176

386 456 674 511 tomatibus
699 457 742 489 ”
779 473 918 527 :pro
954 457 1040 514 his
1064 459 1313 523 vocibus,
1365 477 1482 513 cum
1518 458 1958 514 Itoiocautomati-

2063 457 2445 528 καυτώμασιν
2465 475 2477 488 ο
2509 458 2628 512 ἀντ).
2655 459 2769 525 τοῦ,
2786 457 2937 529 μετὰ
2974 457 3496 528 ὁλοκαυτωμάτων.
3524 461 3647 517 Καὶ

386 548 502 603 bus.
554 547 622 603 Et
649 549 830 604 eduxit
870 567 957 604 eos
995 551 1052 605 in
1107 561 1321 622 argento
1354 562 1403 605 et
1438 568 1570 605 auro
1594 551 1663 616 7°,
1698 551 1805 606 hoc
1846 557 1952 614 est,

387 657 506 694 cum
539 648 754 712 argento
784 650 834 696 et
881 659 1034 698 auro.
1071 641 1200 698 Item
1229 643 1385 711 illud,
1423 641 1549 697 Non
1579 641 1861 714 egredieris
1900 642 1956 695 in

387 732 670 788 virtutibus
712 734 1006 798 nostris",
1061 749 1184 804 pro,
1234 750 1354 788 cum
1404 734 1688 788 virtutibus
1734 733 1954 795 nostris,

389 827 604 896 aliaque
648 825 812 895 hujus
843 827 1060 896 generis
1111 825 1550 881 innumerabilia.
1593 824 1830 880 Omnino
1874 824 1958 878 lu-

389 917 527 972 bens
563 918 632 972 ab
666 917 772 973 ista
789 933 929 972 nova
961 917 1232 988 sapientia
1263 915 1525 982 didicero,
1549 918 1764 986 qualem
1793 913 1957 986 glori-

388 1008 701 1063 ticationem
725 1009 1022 1079 Apostolus
1050 1007 1346 1062 absolverit
1372 1022 1468 1076 per
1495 1007 1636 1061 hanc
1663 1006 1958 1062 dictionem

387 1099 464 1162 in,
491 1101 646 1169 juxta
682 1100 910 1154 fortnam
939 1115 1103 1170 quam
1147 1098 1237 1154 isti
1273 1113 1419 1152 nunc
1454 1107 1711 1169 tanquam
1746 1114 1777 1154 e
1803 1097 1959 1152 Scri-

389 1200 548 1260 ptura
601 1191 904 1262 proferunt.
943 1192 1219 1260 Nusquam
1279 1188 1424 1243 enim
1481 1191 1665 1246 inveni
1703 1190 1954 1244 dictum:

391 1282 515 1338 Tibi
554 1283 703 1338 Patri
743 1284 920 1340 honor
950 1290 1005 1340 et
1039 1281 1212 1355 gloria
1250 1296 1346 1351 per
1381 1281 1724 1354 unigenitum
1759 1281 1959 1337 Filium

315 1399 320 1408 -
389 1382 544 1429 tuum
574 1377 630 1430 in
661 1374 872 1446 Spiritu
911 1383 1102 1430 sancto
1137 1393 1148 1428 :
1182 1373 1275 1444 qui
1307 1387 1490 1429 sermo
1518 1389 1667 1428 nunc
1697 1374 1820 1430 istis
1848 1374 1962 1429 usi—

389 1467 558 1520 tatior
585 1475 669 1522 est
699 1467 838 1537 ipsa,
875 1476 936 1522 ut
966 1467 1042 1520 ita
1074 1467 1288 1536 loquar,
1329 1463 1722 1534 respiratione.
1753 1464 1960 1519 Horum

389 1557 608 1626 quidem
657 1557 873 1628 singula
920 1557 1214 1628 separatim
1264 1557 1511 1612 invenire
1539 1556 1689 1624 licet,
1725 1557 1960 1627 conjun-

389 1648 521 1700 ctim
576 1663 706 1703 vero
751 1648 931 1717 posita
973 1649 1030 1702 in
1063 1648 1168 1702 hac
1223 1648 1635 1703 constructione
1688 1663 1962 1720 nusquam

2057 547 2352 619 ἐξήγαγεν
2386 549 2608 616 αὐτοὺς
2646 550 2716 604 ἐν
2757 551 3017 621 ἀργυρίῳ
3054 551 3152 605 καί
3195 552 3446 619 χρυσίῳ,
3481 570 3647 606 τουτ-

2060 639 2195 702 έστι,
2237 637 2386 708 μετὰ
2431 641 2715 708 ἀργυρίου
2757 640 2856 693 καὶ
2909 641 3199 710 χρυσίου*
3239 640 3332 694 κα).
3371 642 3472 705 τὸ,
3512 643 3646 696 Οὐκ

2057 731 2351 803 ἐξελεὺσῃ
2383 732 2494 803 (25)
2526 733 2598 786 ἐν
2621 733 2748 799 ταῖς
2777 731 3112 802 δυνάμεσιν
3142 732 3332 802 ἡμῶν,
3357 732 3480 787 ἀντὶ
3516 733 3644 795 τοῦ,

2055 823 2180 876 σὺν
2220 823 2350 888 ταῖς
2391 822 2724 893 δυνάμεσιν
2770 823 2970 892 ἡμῶν,
3017 823 3114 877 καὶ
3166 823 3337 894 μυρία
3389 822 3654 878 τοιαῦτα,

2062 913 2237 977 Ὀλως
2268 913 2327 966 δὲ
2351 913 2522 986 ἡδέως
2560 913 2626 968 ἆν
2675 913 2903 985 μάθοιμι
2930 913 3084 985 παρὰ
3121 914 3216 985 τῆς
3256 914 3384 978 νέας
3424 913 3646 983 σοφίας,

2059 1007 2220 1060 ποίαν
2247 1003 2554 1075 δοξολογίαν
2579 1007 2608 1059 ό
2647 1005 2968 1065 Ἀπόστολος
3002 1005 3091 1060 διὰ
3121 1006 3239 1072 τοῦ,
3273 1007 3363 1071 ἐν,
3393 1007 3649 1078 ῥήματος

2055 1097 2446 1170 ἀπεπλήρωσε,
2473 1096 2624 1162 κατὰ
2643 1097 2734 1151 τὸν
2755 1097 2923 1152 τύπον
2952 1098 3010 1151 ὃν
3043 1092 3189 1152 οὗτοι
3215 1096 3310 1152 νῦν
3334 1098 3411 1161 ὡς
3446 1098 3511 1152 ὲκ
3538 1097 3648 1170 τῆς

2060 1191 2281 1260 Γραφῆς
2303 1189 2680 1260 ἀναφέρουσιν.
2722 1189 2972 1260 Οὐδαμοῦ
3003 1190 3114 1262 γὰρ
3147 1185 3304 1262 εὖρον
3345 1190 3649 1260 λεγόμενον

2059 1283 2140 1345 τὺ,
2162 1283 2252 1335 Σοὶ
2283 1281 2360 1352 τῷ
2389 1282 2563 1353 Πατρὶ
2593 1283 2626 1353 ἡ
2657 1281 2790 1353 τιμὴ
2822 1281 2919 1335 καὶ
2961 1283 2996 1352 ἡ
3037 1282 3165 1349 δόξα
3202 1281 3291 1334 διὰ
3335 1279 3430 1333 τοῦ
3482 1298 3649 1352 μονο-

2060 1374 2251 1444 γενοῦς
2281 1391 2374 1428 σου
2407 1363 2536 1427 Υἱοῦ
2571 1375 2628 1428 ὲν
2661 1373 2736 1446 τῷ
2767 1374 2907 1444 ἁγίῳ
2934 1373 3240 1441 Πνεύματιο
3273 1374 3406 1444 ὅπερ
3429 1372 3650 1435 τούτοις

2062 1467 2178 1520 ἐστὶ
2234 1467 2330 1520 νῦν
2370 1467 2464 1521 καὶ
2491 1466 2682 1537 αὐτῆς,
2725 1467 2800 1530 ὡς
2835 1468 3030 1529 εἰπεῖν,
3061 1465 3161 1536 τῆς
3195 1464 3468 1533 ἀναπνοῆς
3514 1481 3651 1516 συν-

2063 1559 2372 1630 ηθέστερον.
2412 1556 2832 1629 Διεσπασμένως
2878 1555 2972 1626 μὲν
3001 1555 3111 1628 γὰρ
3163 1556 3367 1609 τούτων
3408 1554 3652 1608 ἕκαστον

2066 1649 2211 1702 ἔστιν
2253 1649 2463 1720 εὑρεῖν·
2509 1649 2866 1719 συνημμένως
2913 1647 2969 1700 δὲ
3009 1647 3066 1699 ὲν
3115 1649 3182 1718 τῇ
3230 1645 3475 1711 συντάξει
3525 1645 3647 1714 (26)

391 1745 652 1807 poterunt
680 1739 987 1794 ostendere.
1021 1738 1209 1810 Itaque
1242 1741 1288 1794 si
1313 1746 1503 1794 exacte
1530 1747 1724 1812 urgent
1748 1752 1822 1796 ea‘
1842 1756 1958 1812 quae

2063 1737 2236 1811 ταύτῃ
2263 1737 2495 1808 οὐδαμοῦ
2526 1737 2788 1791 δεικνύειν
2815 1736 3047 1800 ἕξουσιν.
3076 1735 3240 1787 Ὥστε
3267 1736 3314 1787 εἰ
3351 1734 3451 1804 μὲν
3482 1734 3652 1805 ἀκρι-

391 1830 446 1881 in
477 1827 776 1898 Scripturis
816 1828 1104 1894 habentur,
1123 1808 1429 1884 ostendant
1449 1808 1723 1887 unde'ista
1747 1808 1955 1886 dicant.

2063 1808 2407 1898 ϐολοιξοῦνται
2434 1828 2562 1899 περὶ
2596 1828 2664 1882 τὰ
2701 1826 2974 1898 ἔγγραφα,
3004 1826 3332 1892 δειξάτωσαν
3363 1825 3525 1880 πόθεν
3553 1824 3652 1878 λέ-

391 1918 545 1984 Quod
585 1921 630 1973 si
668 1921 979 1978 concedunt
1011 1921 1396 1977 consuetudini
1421 1961 1437 1988 ,
1464 1936 1645 1994 neque
1672 1938 1774 1979 nos
1797 1923 1866 1980 ab
1897 1938 1962 1980 ea

389 2011 703 2068 excludant.

461 2102 550 2156 59.
593 2100 703 2156 Nos
743 2101 890 2156 enim
939 2103 1130 2158 ambas
1171 2103 1444 2160 dictiones
1488 2104 1546 2159 in
1577 2103 1822 2160 ﬁdelium
1855 2121 1962 2162 usu

390 2191 900 2262 deprehendeutes,
957 2194 1228 2252 ambabus
1277 2197 1518 2252 utimur:
1556 2197 1788 2268 gloriam
1839 2197 1962 2268 qui-

389 2285 514 2340 dem
548 2283 777 2356 Spiritui
821 2300 888 2341 ex
921 2301 1077 2356 aequo
1105 2302 1202 2357 per
1236 2296 1524 2360 utramque
1552 2290 1791 2359 persolvi
1829 2291 1958 2357 rati,

388 2377 471 2433 eis
503 2393 632 2431 vero
665 2377 759 2446 qui
791 2376 1093 2447 depravant
1123 2378 1430 2447 veritatem,
1472 2380 1746 2436 credimus
1774 2383 1960 2453 magis

389 2485 452 2524 os
475 2469 719 2525 obturari
747 2484 844 2540 per
873 2484 992 2524 eam
1018 2471 1488 2540 praepositionem,
1524 2488 1645 2541 quae
1675 2489 1800 2529 cum
1841 2490 1964 2530 sen-

391 2574 514 2614 sum
557 2558 614 2612 in
656 2558 959 2628 Scripturis
997 2559 1234 2615 similem
1275 2560 1494 2626 habeat,
1544 2577 1652 2616 non
1691 2562 1767 2617 ita
1799 2563 1960 2621 facile

389 2649 458 2704 ab
509 2649 840 2706 adversariis
897 2649 1198 2720 expugnari
1237 2660 1416 2720 potest
1457 2652 1564 2722 (est
1617 2662 1799 2708 autem
1839 2655 1960 2725 ipsa

389 2742 481 2795 illa
530 2742 619 2796 cui
668 2757 814 2796 nunc
849 2742 918 2796 ab
971 2743 1092 2797 istis
1136 2744 1554 2815 contradicitur)
1603 2731 1792 2816 utpote
1839 2762 1960 2818 quae

387 2849 488 2904 pro
521 2843 571 2887 et
622 2833 1010 2902 conjunctione
1061 2843 1329 2890 sumatur.
1371 2835 1507 2891 Nam
1560 2838 1704 2894 idem
1757 2847 1842 2897 est
1883 2841 1962 2896 di-

387 2937 534 2984 cere,
584 2920 788 2977 Paulus
838 2933 888 2978 et
931 2924 1206 2988 Silvanus,
1244 2935 1295 2980 et
1339 2926 1644 2983 Timotheus
1666 2929 1736 2995 ⁷³,
1768 2940 1957 3003 atque,

386 3010 592 3068 Paulus
625 3028 752 3066 cum
781 3012 1070 3070 Timotheo
1108 3022 1161 3081 et
1205 3015 1448 3072 Silvano.
1479 3017 1773 3076 Nominum
1811 3023 1959 3078 enim

388 3104 692 3167 connexio,
762 3112 994 3182 utraque
1052 3109 1503 3177 pronuntiatione
1555 3112 1808 3168 similiter
1845 3132 1961 3173 ser-

385 3205 566 3249 vatur.
604 3195 794 3267 itaque
844 3197 892 3253 si
939 3213 1066 3253 cum
1098 3198 1365 3257 Dominus
1407 3203 1608 3260 dixerit
1653 3205 1870 3264 Patrem
1909 3222 1964 3268 et

387 3283 584 3340 Filium
617 3296 671 3340 et
719 3297 971 3343 sanctum
1016 3287 1300 3359 Spiritum,
1353 3292 1471 3363 ipse
1512 3294 1715 3363 dicam,
1747 3297 1964 3358 Patrem

388 3387 443 3431 et
490 3376 688 3433 Filium
746 3394 871 3434 cum
929 3378 1435 3452 Spiritntsancto;
1500 3388 1757 3458 aliudue,
1816 3396 1964 3463 quod

390 3469 461 3523 ad
500 3470 786 3526 sententiae
817 3471 925 3525 vim
971 3473 1188 3541 attinet,
1219 3475 1452 3532 dixero?
1496 3476 1671 3533 Porro
1705 3497 1803 3552 per
1830 3498 1963 3538 con-

387 3562 728 3632 junctionem
769 3573 820 3618 et
871 3566 1124 3620 connecli
1171 3567 1414 3632 nomina,
1472 3571 1664 3626 multis
1711 3575 1962 3629 testimo-

389 3653 500 3708 niis
536 3654 1000 3725 probari'potest.
1052 3655 1243 3712 Gratia
1281 3660 1447 3726 enim,
1497 3661 1698 3731 inquit,
1749 3663 1964 3720 Domini

390 3746 566 3800 nostri
618 3745 748 3802 Jesu
831 3746 1068 3815 Christi,
1127 3758 1177 3804 et
1225 3751 1463 3809 citat-itas
1515 3754 1655 3821 Dei,
1713 3767 1764 3813 et
1821 3775 1964 3813 com-

392 3839 571 3892 munio
606 3838 836 3907 Spiritus
897 3842 1071 3895 sancti
1095 3841 1178 3909 ἐς
1229 3858 1295 3898 ac
1331 3859 1548 3912 rursus,
1591 3846 1819 3904 Obsecro
1866 3866 1965 3903 au-

393 3938 495 3983 tem
558 3945 646 3983 vos
713 3945 804 3997 per
878 3929 1169 3986 Dominum
1240 3944 1480 3994 nostrum
1553 3935 1738 3992 Iesum
1805 3938 1963 3994 Chri-

392 4029 556 4086 stum,
601 4031 650 4075 et
682 4037 772 4091 per
815 4023 1128 4080 cltaritatem
1179 4025 1411 4097 Spiritus
1436 4029 1506 4083 ".
1543 4028 1731 4100 Itaque
1770 4031 1815 4086 si
1854 4031 1962 4102 50

389 4125 491 4181 pro
523 4113 910 4179 conjunctione
953 4127 1004 4169 et
1055 4118 1389 4174 voluerimus
1445 4120 1522 4175 uti
1579 4122 1964 4192 praepositione

392 4211 532 4264 cum,
563 4199 696 4268 quid
753 4200 1046 4259 fecerimus
1097 4205 1346 4262 diversi?
1401 4207 1514 4279 Ego
1566 4225 1699 4266 sane
1733 4225 1845 4265 non
1879 4211 1963 4266 vi-

391 4287 530 4355 deo,
575 4289 684 4344 nisi
711 4292 837 4360 quis
897 4294 967 4347 ob
1035 4293 1261 4365 frigidas
1309 4299 1677 4367 grammaticae
1744 4300 1962 4370 regulas

374 4385 832 4454 'conjunctionem
884 4396 1141 4458 tanquam
1200 4393 1602 4462 copulativam,
1655 4409 1719 4449 ac
1788 4396 1964 4464 majo-

2065 1939 2281 1993 γουσιν·
2327 1923 2374 1973 εί
2417 1919 2474 1972 δὲ
2522 1919 2860 1991 συγχωροῦσι
2885 1920 2952 1989 τῇ
2993 1917 3271 1983 συνηθείᾳ,
3316 1916 3452 1987 μηδὲ
3491 1917 3651 1989 ἡμᾶς

2063 2013 2474 2084 ὲξειργέτωσαν.

2135 2105 2224 2160 59.
2263 2105 2452 2176 Ἡμεῖς
2501 2102 2640 2175 γὰρ,
2690 2103 3005 2173 ἀμφοτέρας
3055 2103 3113 2154 ὲν
3162 2103 3228 2172 τῇ
3275 2101 3382 2154 τῶν
3432 2099 3652 2153 πιστῶν

2062 2198 2254 2270 χρήσει
2274 2194 2781 2264 καταλαμϐάνοντες
2801 2191 2912 2265 (27)
2943 2193 3040 2256 τὰς
3072 2193 3280 2264 ῥήσεις,
3304 2193 3651 2264 ἀμφοτέραις

2061 2288 2408 2361 κεχρήμεθα·
2442 2286 2540 2358 τὴν
2573 2287 2672 2358 μὲν
2701 2286 2858 2350 δόξαν
2885 2285 2963 2356 τῷ
2994 2285 3272 2354 Πνεύματι
3313 2283 3514 2353 ὁμοίως
3543 2285 3647 2352 ἀφ’

2062 2379 2332 2450 ἑκατέρας
2375 2375 2709 2448 πληροῦσθαι
2755 2373 3198 2435 πεπιστευκότες,
3249 2373 3375 2435 τοὺς
3423 2371 3481 2424 δὲ
3532 2389 3644 2426 κα·-

2062 2470 2425 2543 κουργοῦντας
2471 2469 2570 2539 τὴν
2626 2468 2883 2539 ἀλήθειαν
2938 2463 3384 2535 ἐπιστομίζεσθαι
3440 2465 3650 2536 μᾶλλον

2059 2563 2147 2618 διὰ
2177 2565 2274 2633 τῆς
2297 2561 2662 2634 προκειμένης
2692 2558 2910 2625 λέξεως,
2951 2557 3094 2628 ἥτις,
3135 2557 3234 2626 τὴν
3274 2555 3502 2626 δύναμιν
3530 2555 3650 2607 τῶν

2061 2654 2292 2725 Γραφῶν
2335 2650 2723 2723 παραπλησίαν
2764 2649 2980 2720 ἔχουσα,
3027 2647 3211 2700 οὐκέτι
3256 2645 3406 2699 ἐστὶν
3443 2645 3650 2714 ὁμοίως

2060 2747 2173 2806 τοῖς
2193 2742 2455 2805 ἐναντίοις
2474 2739 2880 2809 εὐεπιχείρητος
2905 2737 3042 2808 (ἔστι
3068 2735 3124 2789 δὲ
3151 2733 3292 2804 αὕτη
3321 2735 3354 2804 ἡ
3377 2732 3652 2799 ἀντιλεγο-

2065 2834 2200 2905 μένη
2227 2831 2320 2884 νῦν
2349 2830 2499 2903 παρὰ
2525 2827 2751 2897 τούτων)
2781 2827 2900 2880 ἀντὶ
2923 2824 3018 2878 τοῦ
3053 2823 3151 2878 καὶ
3183 2822 3478 2893 συνδέσμου
3501 2837 3650 2889 παρ-

2062 2924 2385 2996 ειλημμένη.
2416 2923 2558 2975 Ἴσον
2586 2919 2695 2991 γάρ
2733 2922 2880 2972 ἐστιν
2911 2918 3084 2970 εἰπεῖν
3103 2932 3116 2946 °
3148 2914 3391 2979 Παῦλος
3417 2913 3513 2966 καὶ
3548 2917 3651 2967 Σι-

2064 3013 2327 3080 λουανὸς
2349 3012 2447 3066 καὶ
2476 3013 2765 3080 Τιμόθεος,
2790 3012 2903 3075 καὶ,
2925 3007 3136 3071 Παῦλος
3161 3008 3256 3060 σὺν
3278 3007 3526 3077 Τιμοθέῳ
3553 3007 3652 3059 καὶ⁹

1986 3140 2029 3199 c
2069 3105 2354 3176 Σιλουανῷ.
2400 3103 2462 3157 Ἢ
2491 3103 2601 3174 γὰρ
2635 3101 2922 3172 συμπλοκὴ
2959 3099 3067 3153 τῶν
3093 3099 3371 3169 ὀνομάτων
3413 3099 3480 3151 δι’
3513 3099 3650 3150 ἑκα-

2061 3200 2228 3270 τέρας
2266 3196 2466 3268 ὁμοίως
2495 3196 2592 3266 τῆς
2631 3192 2993 3263 ὲκφωνήσεως
3038 3190 3288 3253 σώζεται.
3340 3189 3403 3242 Εἰ
3444 3189 3647 3251 τοίνυν,

2061 3289 2156 3344 τοῦ
2213 3289 2419 3359 Κυρίου
2473 3286 2716 3348 εἰπόντος
2753 3283 2973 3353 Πατέρα
3021 3283 3116 3334 καὶ
3163 3280 3291 3333 Υἱὺν
3345 3280 3440 3333 καὶ
3491 3281 3651 3348 ἅγιον

2062 3382 2318 3452 Πνεῦμα,
2363 3379 2523 3442 αὐτὸς
2574 3376 2786 3446 εἴποιμι
2830 3375 3050 3444 Πατέρα
3097 3372 3191 3426 καὶ
3238 3371 3365 3424 Υἱὸν
3419 3372 3515 3424 σὺν
3564 3369 3650 3439 τῷ

2064 3475 2202 3545 ἁγίῳ
2231 3471 2528 3542 Πνεύματι,
2557 3469 2684 3522 ἄλλο
2727 3485 2778 3519 τι
2826 3466 2936 3536 (28)
2980 3462 3217 3536 εἰρηκὼς
3249 3461 3389 3516 κατὰ
3423 3461 3521 3531 τὴν
3549 3461 3648 3513 δύ-

2062 3584 2223 3636 ναμιν
2246 3565 2436 3634 ἔσομαι
2459 3579 2472 3628 ;
2499 3562 2609 3632 Τῆς
2635 3560 2690 3613 δὲ
2714 3560 2800 3613 διὰ
2821 3557 2914 3611 τοῦ
2944 3556 3045 3610 καὶ
3074 3556 3370 3626 συνδέσμου
3403 3553 3648 3623 συμπλο-

2063 3660 2166 3729 κῆς
2208 3657 2314 3711 τῶν
2350 3656 2626 3726 ὀνομάτων
2676 3651 2847 3705 πολλὰ
2891 3650 2960 3704 τὰ.
3015 3647 3310 3720 μαρτύρια.
3365 3647 3425 3702 Ἡ
3471 3646 3650 3715 χάρις

2061 3753 2191 3822 γὰρ,
2215 3748 2368 3820 φησὶ,
2384 3746 2490 3801 τοῦ
2520 3743 2741 3812 Κυρίου
2770 3739 2940 3811 ἡμῶν
2961 3740 3154 3809 Ἰησοῦ
3175 3737 3454 3808 Χριστοῦ,
3479 3737 3578 3790 καὶ
3601 3737 3646 3806 ἡ

2061 3843 2259 3911 ἀγάπη
2291 3837 2399 3892 τοῦ
2429 3836 2597 3902 Θεοῦ,
2628 3834 2727 3890 καὶ
2756 3835 2794 3903 ἠ
2826 3833 3104 3886 κοινωνία
3136 3831 3240 3885 τοῦ
3268 3830 3439 3899 ἁγίου
3463 3831 3647 3882 Πνεῦ-

2057 3949 2271 4004 ματος·
2306 3931 2401 3984 καὶ
2427 3927 2613 3982 πάλιν
2643 3924 2978 3994 Παρακαλῶ
3005 3923 3073 3976 δὲ
3101 3921 3255 3991 ὑμᾶς
3275 3923 3384 3994 (29)
3411 3921 3508 3974 διὰ
3533 3921 3643 3974 τοῦ

2061 4026 2283 4092 Κυρίου
2309 4021 2476 4092 ἡμῶν
2497 4018 2698 4087 Ἰησοῦ
2721 4017 2980 4086 Χριστοῦ
3001 4016 3101 4068 καὶ
3129 4015 3227 4068 διὰ
3256 4013 3364 4082 τῆς
3399 4013 3643 4082 ἀγάπης

2061 4115 2169 4170 τοῦ
2195 4114 2556 4181 Πνεῦματος.
2587 4110 2650 4162 Εἰ
2675 4107 2851 4161 τοίνυν
2874 4106 2994 4159 ἀντὶ
3021 4105 3122 4176 τῆς
3149 4104 3242 4158 καὶ
3267 4107 3333 4175 τῇ
3366 4103 3489 4156 σὺν
3519 4104 3642 4155 ὲθε-

2062 4209 2326 4278 λήσαιμεν
2367 4199 2693 4275 χρήσασθαι,
2728 4199 2780 4252 τί
2823 4197 3079 4267 διάφορον
3115 4195 3475 4266 πεποιηκότες
3521 4194 3644 4246 sad-

2065 4298 2233 4370 μεθα;
2279 4292 2422 4364 Ἐγὼ
2457 4293 2552 4363 μὲν
2577 4291 2673 4360 οὑχ
2699 4288 2832 4362 ὁρῶ,
2859 4287 2999 4359 πλὴν
3024 4289 3072 4340 εἰ
3103 4286 3177 4358 μὴ
3199 4285 3432 4357 ψυχραῖς
3459 4301 3642 4356 γραμο

2067 4391 2320 4461 ματικαῖς
2365 4401 2450 4447 τις
2489 4383 2580 4436 τὸν
2618 4383 2715 4453 μὲν
2767 4380 3061 4450 σύνδεσμον
3109 4380 3186 4442 ὡς
3239 4379 3642 4448 συμπλεκτικὸν

389 4490 508 4532 rem
551 4476 810 4530 unionem
859 4477 1149 4535 facientem
1219 4483 1554 4551 praferens,
1620 4487 1958 4555 praepositio-

2066 4483 2160 4537 καὶ
2179 4479 2430 4538 ,πλείονα
2459 4474 2718 4529 ποιοῦντα
2758 4473 2856 4546 τὴν
2888 4473 3084 4526 ἕνωσιν
3120 4471 3420 4543 προτιμῶν,
3453 4473 3554 4543 τὴν
3581 4472 3641 4526 δὲ

389 4583 513 4624 nem
568 4569 801 4637 rejiciat,
860 4572 1017 4640 quasi
1059 4587 1166 4626 non
1193 4575 1436 4630 obtineat
1464 4591 1648 4645 parem
1681 4579 1810 4632 vim.
1850 4579 1957 4634 Sed

390 4661 435 4714 si
472 4660 538 4714 de
571 4659 656 4715 his
690 4675 720 4714 a
760 4660 921 4714 nobis
947 4662 1088 4714 ratio
1140 4675 1560 4733 exposceretur,
1591 4647 1731 4723 forte
1770 4669 1959 4724 multis

389 4751 570 4806 verbis
617 4765 729 4805 non
777 4764 915 4820 opus
955 4759 1102 4806 esset
1156 4753 1315 4809 nobis
1374 4759 1442 4810 ad
1489 4758 1955 4826 respondendum.

461 4861 503 4893 ⁸³
527 4859 671 4916 Psal.
707 4877 831 4927 va,
867 4861 953 4916 15.
1025 4862 1071 4894 "°
1091 4863 1233 4920 Psal.
1264 4881 1372 4932 etv,
1403 4868 1490 4923 57.

388 4945 478 4997 xv,
511 4931 599 4985 50.
784 4954 789 4959 ·

459 5045 581 5168 (25).
613 5046 958 5127 ’,ξελεύσψ
1009 5041 1407 5124 Edithaddunt
1516 5042 1669 5124 636;,
1705 5042 1802 5098 sed
1840 5043 1952 5098 hac

459 5133 462 5167 I
492 5119 540 5168 lo
571 5131 624 5168 in
645 5124 814 5168 veteri
841 5116 979 5168 libro
1007 5121 1377 5168 reuertuntur.
1403 5111 1612 5166 Ibidem
1645 5113 1801 5168 illud.
1827 5114 1951 5166 ἀντὶ

389 5111 624 5170 nulloin
645 5118 814 5170 veteri
841 5111 979 5170 libro
1007 5112 1377 5183 reperiuntur.
1403 5111 1612 5166 Ibidem
1645 5113 1801 5176 illud,
1827 5114 1951 5166 ἀντὶ

388 5184 562 5256 τοῦν.
584 5186 766 5256 ἡμῶν,
784 5184 1105 5256 addidimus
1128 5199 1195 5256 ex
1224 5183 1399 5237 tribus
1435 5183 1588 5256 libris
1609 5183 1874 5256 antiquis.

378 5299 382 5303 .
603 5251 906 5318 Συντάξει.
938 5254 1018 5326 ita
1051 5253 1176 5308 libri
1209 5261 1443 5326 veteres.
1483 5251 1625 5326 Editi
1651 5251 1820 5326 τέιξειἲ

459 5321 573 5396 (27)
603 5324 1189 5396 Καταλαμϐάνω-τες.
1231 5321 1308 5396 Ita
1329 5337 1473 5396 mss.
1510 5323 1768 5396 quinque.
1805 5322 1947 5396 Editi

389 5391 800 5458 καταλαϐόντες.
844 5391 966 5448 Mox
1012 5393 1172 5448 iidem
1211 5393 1343 5447 editi
1385 5393 1470 5460 ἐᾷ’
1508 5391 1795 5461 ἑκατέρας.
1841 5391 1948 5446 Sed

389 5483 526 5521 mss.
563 5473 621 5517 ut
657 5465 710 5517 in
760 5471 934 5519 textu.
964 5463 1084 5518 Non
1114 5463 1285 5517 multo
1333 5472 1456 5518 oost
1491 5461 1625 5529 Reg.
1671 5463 1948 5517 secundus

389 5536 470 5589 ὅτι
497 5535 593 5606 τὴν
625 5534 872 5604 δύναμιν.
919 5602 958 5606 _
980 5603 1008 5606 __
1048 5573 1060 5606 _-

460 5599 571 5678 {28)
605 5599 780 5659 Ἀλλ-ο
812 5621 885 5657 τι.
919 5602 1058 5656 Editi
1081 5604 1178 5678 0ij>:
1207 5603 1332 5678 ἄλλο
1358 5620 1430 5656 τι.
1455 5599 1679 5678 Negatio
1707 5601 1862 5655 deest
1892 5601 1946 5678 in

390 5672 487 5731 sex
513 5672 644 5730 uiss.
681 5683 733 5730 et
773 5690 803 5728 a
839 5675 1190 5744 typographis
1223 5674 1431 5727 videtur
1463 5673 1663 5733 addita,
1700 5687 1765 5724 eo
1799 5672 1946 5744 quod

389 5764 498 5804 non
527 5743 871 5804 adverterent
902 5744 1345 5813 interrogationis
1388 5753 1595 5809 notam,
1637 5755 1801 5812 quam
1843 5743 1944 5798 hoc

1593 4871 1636 4901 τί
1661 4869 1806 4926 Psal.
1839 4887 1994 4935 xun,
2028 4871 2094 4927 10

2066 4573 2341 4647 πρόθεσιν,
2377 4569 2452 4633 ὼς
2501 4568 2600 4621 οὐκ
2645 4566 2873 4637 ἔχουσαν
2901 4563 3000 4636 τὴν
3041 4563 3161 4634 ἴσην
3205 4563 3452 4633 δύναμιν,
3505 4564 3641 4616 ἀποα

2065 4667 2352 4738 πέμποιτο.
2400 4659 2537 4712 Ἀλλ’
2560 4659 2612 4711 εί
2628 4675 2693 4727 γε
2727 4657 2855 4728 περὶ
2882 4657 3084 4710 τούτων
3111 4655 3208 4718 τὰς
3229 4655 3456 4718 εὐθύνας
3487 4655 3640 4706 ὑπεί-

2064 4773 2253 4829 χομεν,
2307 4755 2435 4815 ἴσως
2488 4751 2587 4803 οὐκ
2636 4748 2701 4803 ἂν
2750 4748 2863 4820 (50)
2910 4747 3105 4801 πολλοῦ
3144 4747 3302 4816 λόγου
3356 4747 3493 4817 πρὸς
3539 4746 3638 4818 τὴν

2217 4870 2265 4901 τ’
2289 4867 2307 4920 ι
2332 4867 2528 4922 Thess.
2563 4881 2602 4930 ι,
2637 4862 2686 4918 1.
2796 4862 2906 4916 "ll
2933 4865 3060 4920 Cor.
3087 4878 3209 4929 xm,
3247 4861 3333 4916 15.
3409 4859 3455 4892 ⁷⁸
3473 4860 3638 4917 Rom.

2053 5042 2175 5096 loco
2190 5050 2512 5112 agnoscunt
2529 5049 2750 5112 veteres
2781 5043 2930 5098 libri.

2121 5110 2258 5181 (29)
2279 5110 2470 5181 Ὑμᾶς.
2506 5111 2646 5184 Editi
2671 5113 2876 5184 addunt
2903 5115 3143 5184 ἀδελφοί,
3169 5116 3315 5184 quod
3341 5116 3395 5170 in
3421 5119 3634 5174 nostris

2047 5196 2182 5259 mss.
2227 5197 2337 5259 non
2384 5183 2688 5259 reperitur.
2721 5181 2902 5259 Paulo
2929 5181 3053 5259 post
3084 5181 3629 5259 editiéeeirrjaotpsv.

2048 5251 2179 5307 Mss.
2205 5261 2266 5328 ιιι
2283 5253 2337 5305 in
2358 5250 2530 5328 textu.
2556 5250 2800 5328 Subinde
2819 5250 3192 5328 editioPari‘s.
3217 5250 3422 5328 ψυχρὸς
3442 5250 3631 5328 γραμ-

2051 5321 2276 5391 ματικός
2307 5339 2391 5383 τις
2417 5322 2510 5394 τόν
2541 5323 2640 5394 μὲν
2669 5325 2830 5377 καὶ...
2855 5324 2952 5394 τὴν
2989 5325 3046 5377 δὲ
3087 5325 3202 5381 σύν.
3232 5321 3464 5380 ’διιῖιιιιιό
3486 5321 3632 5382 con—

2048 5406 2223 5466 sensn
2272 5393 2474 5446 vetusti
2527 5393 2745 5466 codices
2787 5401 2850 5466 et
2893 5393 3028 5466 edit.
3074 5395 3238 5450 Basil.
3297 5403 3530 5466 utraque
3571 5407 3633 5452 ut

2051 5461 2321 5537 edendum
2359 5463 2693 5537 curavimus,
2745 5464 2852 5537 nisi
2889 5464 3032 5532 quod
3068 5467 3120 5519 in
3152 5467 3396 5537 secunda
3430 5461 3633 5537 legitur

2050 5529 2254 5602 ψυχρὸς
2281 5533 2684 5602 γραμματικός,
2710 5533 2855 5586 unde
2885 5529 3043 5588 error
3068 5537 3125 5589 in
3150 5529 3540 5602 Parisiensem,
3569 5547 3634 5594 ut

2049 5617 2194 5669 saepe
2228 5602 2383 5663 alias,
2416 5601 2595 5654 ﬂuxit.

2120 5671 2231 5741 (50)
2260 5671 2429 5745 Ἴσως
2451 5675 2561 5723 οὐκ
2590 5669 2686 5745 ἄν.
2713 5670 2802 5745 Sic
2828 5687 2928 5743 ope
2952 5674 3194 5745 quinque
3217 5691 3352 5730 mss.
3377 5677 3636 5731 emenda-

2046 5739 2223 5796 vimus
2247 5739 2395 5810 quod.
2419 5755 2580 5810 prave
2608 5743 2664 5797 iu
2695 5739 3172 5817 cditis'legcbatitr
3212 5747 3371 5812 τέως,
3409 5747 3509 5801 οὐκ
3535 5749 3622 5808 ἄν.
