3972 6218
286 316 388 372 ΓΠ

1449 321 1651 379 LIBER
1689 322 1780 379 DE
1818 322 2087 383 SPIRITU
2121 327 2412 386 SANCTO.

3428 339 3533 396 178

284 430 577 501 ἀπολογίαν
615 433 1020 508 ὲπεδεήθημεν.
1064 436 1179 490 Νῦν
1210 437 1267 491 δὲ
1303 439 1363 491 οὐ
1400 440 1528 512 περὶ
1567 442 1866 507 συλλασῶν,

1983 441 2127 499 Nunc
2147 459 2276 500 vero
2306 460 2485 516 neque
2523 445 2592 503 de
2643 448 2887 519 syllabis.
2942 465 3120 520 neque
3159 451 3261 507 hoc
3312 461 3405 507 aut
3440 455 3534 509 illo

282 523 407 579 οὐδὲ
434 525 565 597 περὶ
590 526 803 580 τοιοῦδε
835 527 869 597 ἣ
902 528 1108 581 τοιοῦδε
1144 530 1329 600 φωνῆς
1355 531 1490 602 ήχου
1521 534 1550 585 ὁ
1578 533 1733 603 λόγος
1770 535 1867 588 αύ-

283 620 419 683 τοίς,
461 616 598 671 ἀλλά
630 620 763 688 περὶ
801 620 1142 690 πραγμάτων
1170 623 1229 674 ὲν
1256 623 1484 694 δυνάμει
1520 627 1613 679 καὶ
1644 625 1870 698 ἀληθείᾳ.

290 709 557 781 μεγίστην
611 709 851 779 ἑχόντων
890 710 1173 783 διαφοράν.
1203 708 1304 766 ’Ὧν
1330 714 1537 781 ἕνεκεν,
1588 719 1870 789 ἀπαρατη-

288 801 458 871 ρήτου
500 800 603 870 τῆς
631 803 881 872 χρήσεως
910 802 1020 855 τῶν
1070 802 1349 857 συλλαϐῶν
1383 804 1571 876 οὔσης,
1601 802 1743 862 οὗτοι
1771 806 1870 872 τὰς

288 891 391 962 μὲν
431 891 753 963 ἐγγράφειν,
794 891 896 956 τὰς
942 893 999 947 δὲ
1031 893 1352 948 ἀποδιώκειν
1403 898 1503 968 τῆς
1546 898 1869 968 Ἐκκλησίας

286 985 682 1057 ἐπιχειροῦσιν.
720 985 864 1056 Ἐγὼ
905 986 982 1051 δὲ,
1022 988 1072 1040 εί
1112 987 1207 1041 καὶ
1234 990 1300 1041 ὲκ
1326 988 1426 1059 τῆς
1450 989 1672 1062 πρώτης
1698 990 1870 1061 ἀκοῆς

287 1075 520 1145 ἐναργὲς
547 1075 661 1146 ἔχει
686 1073 748 1128 τὸ
765 1076 1054 1148 χρήσιμον,
1084 1075 1197 1131 ἀλλ’
1224 1073 1318 1130 οὖν
1342 1078 1436 1131 καὶ
1457 1078 1549 1133 τὸν
1579 1080 1689 1151 (51)
1711 1080 1870 1149 λόγον

288 1165 603 1237 παρέξομαι
637 1166 761 1222 καθ’
786 1168 848 1220 ὃν
870 1168 919 1220 οί
952 1168 1190 1240 πατέρες
1212 1168 1370 1241 ήμῶν
1397 1171 1498 1225 οὐκ
1516 1172 1702 1243 ἀργῶς
1730 1189 1871 1243 συμ-

290 1257 609 1328 παρέλαδον
637 1258 734 1330 τήν
767 1259 967 1330 χρῆσιν
999 1260 1102 1330 τῆς
1131 1260 1440 1331 προθέσεως
1473 1261 1694 1334 ταύτης.
1722 1264 1870 1336 Πρὸς

289 1348 406 1419 γὰρ
452 1348 533 1419 τῷ
572 1349 637 1402 τὸ
686 1350 781 1403 τοῦ
815 1350 1104 1405 Σαϐελλίου
1138 1352 1305 1406 κακὸν
1343 1353 1628 1419 ίσοσθενῶς
1653 1357 1721 1426 τῇ
1769 1355 1869 1409 καί

290 1441 534 1512 σὀλλαόῇ
566 1441 883 1512 διελέγχειν.
913 1445 1009 1497 καὶ
1040 1443 1436 1516 παραπλησίως
1465 1445 1648 1520 ἐκείνῃ
1672 1446 1734 1500 τὸ
1758 1446 1868 1501 τῶν

288 1533 648 1587 ὑποστάσεων
668 1532 799 1587 ἴδιον
833 1537 1122 1606 παριστᾷν,
1154 1535 1231 1598 ὡς
1252 1537 1312 1589 τό
1331 1552 1346 1568 ο
1394 1537 1541 1608 Ἐγὼ
1567 1538 1666 1591 καὶ
1691 1541 1724 1594 ό
1749 1541 1868 1592 Πα-

287 1625 408 1694 τὴρ
455 1625 829 1695 ἐλευσόμεθα
852 1642 866 1656 ο
898 1627 994 1680 καὶ
1041 1627 1101 1681 τό
1118 1643 1135 1659 ·
1181 1626 1327 1697 Ἐγὼ
1365 1630 1465 1682 καὶ
1510 1632 1543 1683 ό
1569 1630 1771 1699 Πατὴρ
1799 1630 1869 1684 ἓν

288 1715 483 1785 ἐσμεν
497 1733 513 1747 ·
541 1715 821 1787 ἐξαίρετον
841 1716 951 1787 ἔχει
975 1719 1073 1789 τῆς
1094 1718 1263 1772 ἀϊδίου
1288 1719 1570 1784 κοινωνίας
1590 1722 1681 1774 καὶ
1700 1721 1871 1776 ἀπαύ-

1970 534 2225 589 dictionis
2276 551 2414 591 sono
2448 536 2748 606 disputant,
2803 538 2898 594 sed
2931 528 3005 595 de.
3043 541 3210 596 rebus
3236 542 3393 612 juxta
3426 545 3534 600 vim

1968 636 2034 676 ac
2094 624 2375 680 veritatem
2427 627 2667 683 maximo
2716 628 2860 684 inter
2901 646 2962 686 se
3008 629 3326 688 discrimine
3368 634 3536 690 dissi-

1967 713 2246 770 dentibus.
2287 714 2404 783 Qua
2444 717 2511 772 de
2538 732 2704 775 causa
2729 760 2744 786 ,
2778 735 2901 774 cum
2945 721 3260 780 indilierens
3292 724 3365 778 sit
3418 726 3535 796 syl-

1968 804 2215 859 labarum
2276 822 2432 871 usus,
2493 808 2585 864 isti
2635 810 2734 865 has
2781 811 2998 881 quidem
3045 812 3363 879 admittere,
3412 816 3537 873 illas

1968 909 2098 948 vero
2128 894 2198 948 ab
2250 892 2494 950 Ecclesia
2527 896 2851 954 submovere
2889 899 3209 955 moliuntur.
3251 898 3366 971 Ego
3407 915 3536 955 vero

1968 981 2071 1037 etsi
2130 984 2308 1053 primo
2369 987 2553 1040 statim
2622 987 2808 1042 auditu
2854 990 3171 1060 praapositio
3229 992 3538 1047 evidentem

1970 1073 2260 1128 utilitatem
2316 1074 2526 1141 habet,
2591 1085 2829 1135 attamen
2884 1079 3048 1134 etiam
3103 1083 3370 1137 rationem
3410 1083 3537 1137 red-

1968 1165 2115 1226 dam,
2170 1165 2327 1235 juxta
2363 1181 2526 1237 quam
2576 1175 2760 1237 patres
2815 1170 2992 1225 nostri
3026 1186 3135 1225 non
3169 1174 3346 1227 otiose
3388 1173 3537 1230 illius

1968 1269 2187 1326 quoque
2249 1270 2409 1309 usum
2476 1256 2893 1326 amplexisint.
2963 1257 3097 1313 Nam
3177 1268 3538 1332 praeterquam

1967 1344 2112 1415 quod
2147 1344 2260 1399 hmc
2308 1344 2451 1401 idem
2509 1346 2653 1401 valet
2694 1347 2838 1416 quod
2916 1358 3008 1412 el,
3050 1349 3117 1402 ad
3188 1351 3537 1407 refellendam

1970 1435 2192 1491 Sabellii
2225 1435 2490 1491 malitiam
2519 1476 2533 1501 ,
2571 1438 2935 1508 similiterque
2970 1449 3134 1511 atque
3173 1440 3266 1495 illa
3304 1443 3538 1511 conjun-

1968 1526 2078 1579 ctio
2142 1525 2507 1596 hypostaseou
2546 1528 2950 1598 proprietatem
3018 1530 3308 1596 declarat,
3365 1533 3537 1598 velut,

1970 1614 2082 1687 Ego
2115 1627 2166 1670 et
2196 1615 2361 1671 Pater
2390 1618 2647 1672 veniemus
2663 1620 2827 1684 ",et:
2854 1619 2964 1691 Ego
2984 1630 3034 1675 et
3070 1620 3234 1677 Pater
3263 1639 3428 1676 unum
3455 1638 3552 1677 su-

1970 1707 2189 1775 mus";
2222 1716 2483 1778 praeterea
2508 1708 2768 1764 eximium
2811 1711 2973 1767 habet
3009 1712 3357 1783 sempiternae
3395 1729 3542 1768 com-

290 1821 425 1859 στου
458 1806 574 1876 (52)
627 1808 925 1876 συναφείας
963 1808 1025 1862 τὸ
1079 1811 1394 1882 μαρτύριον.
1441 1812 1500 1864 '0
1542 1814 1650 1883 γάρ
1700 1812 1871 1870 εἰπὼν

1983 1799 2252 1855 munionis
2293 1813 2359 1853 ac
2392 1807 2669 1870 perpetua:
2706 1802 3114 1872 coniunctionis
3142 1804 3538 1862 testimonium.

290 1897 397 1950 σὺν
430 1896 509 1967 τῷ
535 1898 711 1968 Πατρὶ
745 1897 841 1952 τὸν
873 1898 999 1954 Υἱὸν
1026 1896 1164 1955 εἶναι
1191 1901 1329 1972 ὁμοῦ
1369 1901 1469 1972 τήν
1511 1919 1573 1955 τε
1603 1902 1712 1957 τῶν
1740 1905 1871 1958 ὑπο-

295 1989 544 2042 στάσεων
593 1988 834 2061 ἰδιότητα
865 1991 956 2044 καὶ
999 1990 1061 2044 τὸ
1103 1990 1408 2064 ἀχώριστον
1455 1993 1556 2063 τῆς
1590 1994 1871 2059 κοινωνίας

290 2078 521 2145 ἔδειξεν.
583 2081 759 2154 Ὅπερ
816 2083 913 2136 καὶ
974 2083 1067 2137 ἐπὶ
1132 2083 1243 2137 τῶν
1311 2084 1665 2155 ἀνθρωπίνων
1726 2086 1877 2141 ἔστιν

296 2170 435 2223 ίδεῖν
464 2169 578 2241 (55)
601 2187 617 2203 ο
645 2172 674 2223 ὁ
706 2173 804 2244 μὲν
843 2173 940 2227 καί
972 2172 1265 2246 σύνδεσμος
1305 2173 1369 2229 τὸ
1399 2175 1574 2229 κοινὸν
1594 2176 1693 2246 τῆς
1721 2177 1873 2247 ἐνερ-

288 2264 455 2332 γείας
480 2264 811 2336 παρίστησιν
833 2282 848 2296 ·
880 2267 914 2336 ή
945 2266 1002 2318 δὲ
1032 2267 1155 2321 σὺν
1186 2265 1446 2338 πρόθεσις
1468 2267 1566 2338 τὴν
1592 2267 1877 2322 κοινωνίαν

291 2373 420 2419 πως
447 2356 902 2411 συνενδείκνυται.
926 2354 1073 2421 Οίον,
1096 2357 1403 2412 Ἔπλευσαν
1426 2359 1507 2422 είς
1537 2358 1879 2413 Μακεδονίαν

292 2443 515 2509 Παῦλος
540 2447 636 2501 καὶ
659 2446 922 2518 Τιμόθεος
940 2466 954 2479 ’
986 2446 1122 2502 ἀλλὰ
1147 2450 1245 2502 καὶ
1271 2449 1503 2520 Τυχικὸς
1527 2451 1620 2505 καὶ
1660 2449 1875 2520 Ὀνήσι-

296 2552 408 2608 po;
436 2537 824 2609 ἀπεστάλησαν
851 2538 1251 2595 Κολοσσαεῦσιν
1270 2557 1287 2572 ο
1315 2543 1382 2594 ἐκ
1404 2540 1627 2604 τούτων,
1661 2540 1745 2594 ὅτι
1777 2542 1875 2611 μὲν

294 2627 501 2682 ταυτὸν
551 2629 883 2699 ὲνήργησαν,
930 2629 1357 2702 μεμαθήκαμεν
1392 2630 1488 2685 ἐὰν
1536 2630 1593 2684 δὲ
1629 2630 1875 2697 ἀκούσω-

297 2735 427 2790 μεν,
454 2718 539 2773 ὅτι
584 2719 953 2774 συνέπλευσαν
990 2721 1086 2774 καὶ
1124 2720 1625 2793 συναπεστάλησαν,
1659 2721 1743 2773 ὅτι
1784 2718 1881 2773 καὶ

300 2809 426 2878 μετ’
456 2807 703 2879 ἀλλήλων
727 2808 826 2880 τὴν
859 2806 1059 2879 πρᾶξιν
1090 2807 1417 2882 ἐπλήρωσαν
1452 2808 1877 2881 προσεδιδάχθη-

299 2915 431 2970 μεν.
463 2898 623 2953 Οὕτω
646 2898 708 2953 τὸ
742 2897 838 2952 τοῦ
879 2897 1169 2953 Σαϐελλίου
1192 2899 1379 2965 κακδν,
1412 2900 1489 2964 ὡς
1519 2899 1743 2971 οὐδεμία
1768 2899 1879 2953 τῶν

298 2987 483 3043 ἄλλων
509 2988 701 3057 φωνῶν
734 2987 1099 3054 καταλύουσα,
1123 2989 1475 3061 προστίθησιν
1510 2990 1739 3052 ἐκείνοις
1765 2988 1877 3059 (54)

299 3081 405 3135 καὶ
440 3080 571 3144 τοὺς
597 3079 742 3135 κατά
768 3081 1060 3154 διάμετρον
1087 3079 1437 3146 ἀσεϐοῦντας.
1473 3080 1632 3150 Λέγω
1660 3080 1725 3152 δὴ
1755 3080 1879 3135 τού-

299 3188 437 3235 τους
479 3169 530 3224 οἳ
559 3173 826 3242 χρονικοῖς
874 3169 1199 3242 διαστήμασι
1250 3169 1344 3224 τοῦ
1385 3170 1485 3242 μὲν
1532 3169 1747 3241 Πατρὸς
1790 3169 1881 3225 τὸν

302 3264 463 3333 Υἱὺν,
494 3263 590 3318 τοῦ
614 3263 673 3317 δὲ
695 3262 825 3317 Υίοῦ
854 3263 917 3316 τὸ
939 3262 1164 3333 Πνεῦμα
1186 3263 1249 3316 τδ
1272 3264 1425 3333 ἆγιον
1452 3260 1739 3334 διαιροῦσι.

378 3439 470 3494 60.
508 3439 654 3512 Πρδς
677 3439 739 3494 δὲ
772 3437 873 3511 τὴν
915 3439 986 3493 ἐν
1019 3437 1287 3510 συλλαϐὴν
1334 3439 1511 3492 ἐκεῖνο
1552 3436 1786 3508 μάλιστα
1822 3435 1895 3489 τὸ

303 3532 566 3604 διάφορον
596 3531 730 3601 ἔχει,
748 3532 834 3586 ὅτι
852 3532 886 3602 ή
911 3531 1009 3602 μὲν
1030 3531 1152 3585 σὺν
1176 3531 1277 3602 τήν
1305 3529 1442 3602 πρὸς
1473 3528 1734 3601 ἀλλήλους
1760 3544 1887 3582 suv-

305 3625 512 3693 άφειαν
580 3621 692 3677 τῶν
757 3621 1158 3677 κοινωνούντων
1211 3621 1568 3694 παρίστησιν,
1618 3618 1728 3674 οἷον
1773 3618 1888 3673 τῶν

311 3714 725 3787 ωμπλεὸντων,
750 3715 786 3787 ή
817 3713 1230 3781 συνοικούντων,
1265 3714 1300 3786 li
1324 3713 1503 3768 ὁτιοῦν
1532 3712 1641 3768 τῶν
1667 3712 1891 3768 πάντων

312 3809 514 3873 κοινῶς
535 3806 895 3863 ὲκτελούντων
913 3823 927 3839 ο
951 3807 987 3878 ή
1020 3805 1079 3860 δὲ
1107 3807 1177 3861 ἐν
1202 3804 1303 3878 τήν
1331 3804 1515 3876 σχέσιν
1539 3805 1641 3877 τὴν
1668 3804 1807 3877 πρὸς
1823 3804 1887 3857 τὸ

308 3899 377 3954 ἓν
416 3892 466 3968 ᾧ
519 3897 874 3969 τυγχάνουσιν
925 3894 1275 3968 ἐνεργοῦντες
1319 3895 1486 3967 δηλοῐ.
1525 3894 1888 3967 Ἐμπλέουσι

311 3989 428 4062 γὰρ
459 3989 557 4044 καὶ
583 3989 932 4044 ἐνοικοῦσιν
959 3987 1312 4052 ἀκούσαντες,
1344 3988 1408 4042 τὸ
1432 3989 1637 4058 σκάφος
1666 3989 1762 4043 καὶ
1787 3988 1889 4061 τὴν

311 4080 498 4135 οἰκίαν
540 4080 703 4143 εὐθὺς
730 4081 1082 4151 ὲννοήσαμεν.
1128 4079 1287 4134 Κατά
1315 4080 1414 4150 μὲν
1443 4075 1537 4133 οὖν
1564 4080 1664 4151 τήν
1703 4079 1888 4151 κοινὴν

311 4172 534 4243 χρῆσιν,
560 4172 594 4242 ή
622 4170 757 4242 πρὸς
785 4169 1021 4243 ἀλλήλας
1059 4169 1237 4226 αὐτῶν
1263 4170 1494 4242 διαφορά
1519 4169 1764 4241 τοιαύτη.
1792 4171 1890 4224 καὶ

313 4259 411 4312 ἐπὶ
437 4258 621 4312 πλεῖον
645 4258 715 4313 ἂν
742 4257 854 4331 (35)
888 4258 1138 4332 εὑρεθείη
1159 4257 1313 4331 παρὰ
1334 4257 1442 4311 τῶν
1467 4257 1792 4327 φιλοπόνων.
1811 4258 1889 4312 Οὐ

314 4352 429 4423 γὰρ
472 4352 597 4421 ἐμοὶ
641 4350 807 4422 σχολὴ
854 4349 926 4405 τὰ
968 4351 1100 4423 περὶ
1142 4350 1252 4404 τῶν
1286 4347 1565 4403 συλλαϐῶν
1593 4348 1885 4416 ἐξετάζειν.

1972 1889 2108 1946 Nam
2144 1890 2237 1962 qui
2268 1891 2427 1957 dixit,
2459 1906 2584 1946 cum
2634 1890 2799 1948 Patre
2836 1892 3035 1948 Filium
3068 1908 3189 1950 esse
3216 1932 3231 1958 ,
3277 1894 3443 1949 simul
3486 1901 3543 1949 et

1972 1980 2338 2055 hypostaseon
2411 1985 2795 2055 proprietatem
2859 2001 2915 2041 et
2969 1986 3337 2057 inseparabile
3396 2001 3536 2042 con-

1972 2075 2202 2131 sortium
2234 2077 2529 2146 expressit.
2568 2074 2727 2143 Quod
2757 2076 2902 2132 idem
2940 2079 3104 2133 etiam
3140 2079 3195 2133 in
3235 2080 3406 2135 rebus
3436 2079 3547 2132 hu-

1972 2166 2151 2223 manis
2199 2152 2388 2222 videre
2439 2175 2544 2232 est,
2585 2168 2640 2222 in
2671 2168 2870 2239 quibus
2921 2180 2972 2224 et
3000 2169 3318 2240 coniunctio
3368 2170 3540 2226 decla,

1972 2264 2059 2313 rat
2093 2273 2437 2315 communem
2468 2259 2844 2330 operationem
2879 2279 2893 2313 :
2951 2268 3027 2321 et_
3060 2261 3377 2332 praepositio
3425 2277 3562 2317 cum~

1973 2346 2379 2416 quodammodo
2467 2348 2639 2405 etiam.
2720 2347 2994 2420 signiﬁcat
3080 2348 3544 2407 communionem.

1974 2439 2132 2507 Quod
2165 2454 2338 2510 genus
2375 2447 2481 2505 est,
2521 2439 2859 2512 Navigarunt
2906 2441 2963 2495 in
3004 2437 3373 2496 Macedoniam
3404 2439 3548 2495 Pau-

1974 2530 2062 2583 lus
2096 2538 2151 2585 et
2196 2529 2557 2594 Timotheus,
2622 2531 2719 2587 sed
2780 2538 2841 2587 et
2912 2529 3186 2603 Tychicus
3232 2538 3289 2586 et
3352 2530 3550 2588 Onesi-

1974 2635 2102 2676 mus
2137 2620 2293 2676 missi
2344 2630 2473 2675 sunt
2528 2618 2955 2677 Colossensibus
3000 2636 3014 2673 :
3056 2636 3131 2677 ex
3163 2619 3253 2677 bis
3279 2620 3569 2679 discimus.

1975 2710 2100 2765 illos
2133 2726 2247 2765 rem
2281 2711 2528 2766 eamdem
2550 2710 2772 2767 fecisse.
2805 2710 2913 2767 Sed
2937 2711 2987 2767 si
3017 2712 3378 2777 audierimus,
3415 2728 3550 2766 con-

1975 2803 2344 2871 navigarunt,
2389 2809 2447 2857 et
2478 2802 2641 2858 simul
2682 2802 2838 2859 missi
2866 2810 3035 2869 sunt,
3072 2805 3240 2859 etiam
3279 2804 3415 2859 illud
3451 2804 3551 2859 ad-

1976 2890 2264 2957 discimus,
2331 2894 2567 2949 alterum
2631 2909 2759 2949 cum
2795 2894 2967 2951 altero
3028 2896 3300 2951 actionem
3369 2895 3553 2950 absol-

1976 2983 2143 3040 visse.
2175 2983 2255 3038 Ita
2289 2983 2520 3041 Sabellii.
2548 3000 2790 3042 errorem
2834 2986 3128 3042 destruens
3182 2987 3298 3042 haec
3346 3002 3452 3041 vox
3489 2994 3561 3042 ut

1980 3091 2093 3130 non
2121 3075 2228 3131 alia
2257 3091 2451 3147 .azque,
2498 3076 2652 3134 addit
2701 3077 2813 3134 illis
2851 3085 2908 3133 et
2953 3092 3053 3134 eos
3088 3078 3184 3149 qui
3218 3078 3425 3134 directe
3453 3093 3555 3149 op-

1980 3169 2165 3240 posito
2194 3168 2491 3239 impietatis
2518 3184 2718 3239 genere
2745 3168 3052 3226 insaniunt.
3103 3168 3180 3224 De
3215 3168 3302 3226 bis
3331 3169 3552 3240 loquor,

1981 3257 2075 3329 qui
2103 3257 2499 3326 temporalibus
2533 3257 2834 3314 intervallis
2863 3253 3060 3312 Filium
3092 3273 3123 3313 a
3155 3256 3335 3325 Patre,
3357 3269 3411 3314 et
3435 3255 3559 3331 Spi-

1981 3349 2150 3402 ritum
2180 3357 2431 3403 sanctum
2459 3362 2491 3402 a
2519 3345 2659 3403 Filio
2690 3347 3029 3406 distrahunt.

2052 3436 2143 3493 60.
2186 3437 2457 3495 Caeterum
2509 3454 2541 3494 a
2578 3440 2791 3512 syllaba
2827 3442 2883 3495 in
2933 3456 2999 3497 eo
3052 3443 3290 3500 maxime
3328 3442 3512 3500 diﬂ‘ert
3538 3483 3554 3509 ,

1982 3527 2133 3600 quod
2210 3531 2525 3601 prmpositio
2591 3548 2709 3586 cum
2774 3541 3022 3588 mutuam
3106 3535 3575 3606 coniunctionem.

1982 3635 2175 3677 eorum
2232 3622 2329 3693 qui
2378 3623 2750 3680 communiter
2805 3625 3014 3696 aliquid
3071 3634 3244 3698 agunt
3300 3627 3553 3693 exhibet,

1983 3714 2139 3772 velut
2187 3714 2702 3788 connavigantium,
2764 3725 2860 3774 aut
2920 3719 3354 3776 cohabitantium
3383 3760 3400 3787 ,
3464 3729 3558 3777 aut

1985 3805 2202 3876 quidvis
2232 3805 2379 3861 aliud
2429 3807 2796 3862 communiter
2840 3808 3234 3879 perﬂcientium
3272 3829 3287 3865 :
3322 3819 3379 3866 at
3419 3825 3558 3881 prae-

1983 3895 2186 3966 positio
2238 3895 2294 3949 in
2334 3894 2585 3951 declarat
2606 3897 2924 3953 relationem
2981 3897 3048 3953 ad
3076 3898 3131 3953 id
3163 3898 3219 3955 in
3267 3914 3378 3971 quo
3428 3908 3570 3956 sunt.

1986 3992 2298 4057 operantes.
2362 3983 2641 4056 Siquidem
2675 4001 2801 4042 cum
2849 3986 3105 4044 audimus
3130 4027 3146 4055 ,
3204 3989 3511 4061 innavigant
3539 4030 3558 4057 ,

1988 4084 2082 4132 aut
2119 4077 2458 4143 inhabitant;
2505 4077 2759 4148 protinus
2811 4079 3121 4149 cogitamus
3162 4081 3424 4151 scapham
3462 4089 3565 4138 aut

1987 4169 2229 4225 domum.
2288 4167 2475 4239 Itaque
2509 4169 2668 4239 juxta
2713 4183 3061 4227 communem
3112 4186 3271 4227 usum
3304 4213 3319 4240 ,
3361 4172 3569 4229 harum

1988 4260 2322 4333 syllabarum
2354 4261 2480 4316 talis
2511 4269 2598 4317 est
2639 4261 2785 4318 inter
2815 4262 2964 4334 ipsas
2994 4261 3328 4332 diﬂ'erentia,
3354 4266 3560 4338 major-
3650 4301 3660 4311 -

1988 4367 2097 4424 que
2160 4351 2393 4407 inveniri
2456 4351 2657 4421 poterit
2709 4367 2742 4408 a
2801 4353 3085 4412 Studiosis.
3147 4354 3337 4429 Neque
3408 4358 3561 4415 enim

328 4440 487 4497 Ἐπεὶ
529 4437 626 4497 οὖν
667 4441 934 4497 δέδεικται
960 4444 995 4513 ή
1022 4441 1145 4496 σὺν
1178 4440 1527 4512 εὐσημότατα
1567 4441 1880 4496 ἀποδιδοῦσα

1990 4441 2123 4498 mihi
2158 4450 2319 4498 vacat
2347 4441 2416 4498 de
2450 4443 2665 4499 ratione
2684 4443 3015 4516 syllabarum
3045 4448 3354 4518 exquirere.
3409 4448 3559 4517 Quo-

314 4533 420 4604 τῆς
453 4532 749 4603 συναφείας
779 4534 879 4604 τὴν
906 4533 1136 4601 ἔννοιαν,
1161 4532 1404 4603 γενέσθω
1427 4534 1556 4605 ὑμῖν
1581 4532 1893 4598 ἔνσπονδος,

319 4629 373 4679 εί
398 4625 567 4693 δοκεῖ,
598 4628 695 4681 καὶ
720 4624 1001 4681 παύσασθε
1039 4624 1134 4680 τοῦ
1161 4625 1398 4698 χαλεποῦ
1430 4624 1569 4697 πρὸς
1591 4625 1761 4697 αὐτὴν
1794 4626 1890 4679 καὶ

317 4717 635 4790 ἀκηρύκτου
648 4716 909 4790 πολέμου.
928 4718 1115 4789 Ὅμως
1135 4717 1317 4789 μέντοι
1334 4716 1506 4782 οὕτως
1520 4717 1758 4789 εὐσήμου
1773 4716 1886 4787 (56)

953 4875 1000 4908 ⁷⁸
1018 4872 1177 4932 Joan.
1201 4892 1239 4933 x
1290 4876 1384 4932 50.

392 5021 510 5092 (51)
548 5021 703 5077 Ἀλλ’
731 5015 962 5092 οὖνκαὶ
990 5022 1114 5075 τόν.
1141 5021 1219 5075 Ita
1246 5021 1382 5091 Reg.
1415 5021 1710 5077 secundus.
1741 5017 1885 5075 Editi

318 5089 474 5163 ὅμως
491 5089 594 5163 καὶ
618 5092 732 5163 τον.
764 5089 1011 5157 Quatuor
1036 5106 1170 5147 mss.
1207 5089 1391 5147 minus
1422 5101 1675 5149 accurate
1694 5092 1884 5162 χρήσι-

324 5161 451 5233 μον,
480 5162 576 5215 καὶ
601 5161 710 5216 τόν.
1789 5161 1795 5162 “

396 5230 510 5301 (52)
554 5232 914 5287 ’Δπαύστοψ
950 5229 1045 5285 Sic
1075 5230 1279 5301 dudum
1304 5232 1519 5301 monuit
1555 5229 1780 5301 Ducaeus
1809 5229 1891 5285 le-

322 5299 563 5372 gendum
590 5316 713 5356 esse
736 5318 807 5356 ex
827 5317 938 5358 uno
961 5301 1133 5356 veteri
1161 5300 1371 5372 codice.
1388 5299 1596 5372 Eadem
1613 5300 1895 5372 scriptura

322 5368 381 5426 in
412 5378 654 5440 quatuor
684 5372 808 5427 aliis
828 5387 964 5427 mss.
988 5377 1228 5440 reperta.
1258 5368 1404 5440 Editi
1446 5371 1541 5424 ἀπ’
1565 5368 1751 5440 uagos:

454 5388 654 5425 uatuor
684 5388 808 5427 ams
828 5388 964 5427 mss.
988 5388 1228 5440 reperta.
1258 5388 1404 5425 ωιιι
1446 5388 1538 5424 απτ
1565 5388 1751 5423 αυτου.

395 5388 513 5511 (ἓὸ)
546 5439 761 5495 Ἔστιν
795 5441 963 5496 ιδεῖν.
1001 5439 1095 5495 Ha:
1120 5454 1283 5495 voces
1324 5439 1524 5495 additae
1554 5455 1621 5495 ex
1653 5438 1786 5511 Reg.
1812 5454 1899 5501 se-

324 5512 527 5651 “11513
558 5580 864 5651 ’Exslrocc.
896 5578 989 5634 Sic
1014 5596 1150 5635 mss.
1187 5578 1411 5651 codices
1442 5587 1497 5635 et
1524 5579 1697 5651 prima
1740 5577 1897 5651 Basi-

328 5647 531 5720 iee'nsis
566 5650 761 5714 editio,
793 5665 890 5719 pro
915 5663 982 5704 eo
1022 5650 1167 5720 quod
1197 5658 1314 5706 erat
1360 5650 1416 5704 in
1463 5647 1593 5706 edit.
1631 5647 1802 5705 Paris.
1839 5655 1893 5705 et

332 5719 496 5776 Basil.
532 5722 772 5777 secunda
805 5720 1015 5790 ἐκείνῳ.

389 4876 439 4909 ’⁸
456 4874 620 4931 Joan.
645 4890 757 4943 xiv,
786 4875 878 4932 23.

1992 4533 2141 4589 niam
2190 4533 2356 4604 igitur
2389 4534 2824 4592 demonstratum
2858 4542 2945 4593 est
2968 4540 3405 4610 prmpositionem
3439 4556 3560 4594 cum

1996 4623 2500 4697 signiﬁcantissime
2574 4626 2805 4685 reddere
2883 4630 3291 4700 coniunctionis
3359 4631 3560 4687 intelli-

1993 4717 2231 4788 gentiam
2253 4756 2281 4785 ,
2308 4716 2560 4775 inducias
2590 4730 2622 4771 a
2660 4719 2820 4791 vobis
2844 4759 2858 4787 ,
2898 4720 2946 4777 si
2996 4722 3245 4788 videtur,
3282 4723 3556 4794 impetret,

2062 5017 2175 5091 (55)
2214 5016 2347 5091 τῃ
2390 5017 2602 5091 quiaa-
2631 5018 2726 5091 ᾄν.
2761 5015 2840 5091 ita
2869 5027 3031 5091 Δτοδε.
3085 5016 3222 5068 tres.
3270 5009 3427 5075 Alius
3476 5011 3559 5066 ἐτι

1993 5084 2174 5163 πλεους
2209 5087 2509 5163 ἓᾴἰιῇεῐτι
2544 5087 2703 5163 πλέον
2734 5084 3002 5163 εύρεθείη.
3120 5151 3132 5163 ,

2064 5157 2176 5229 (56)
2205 5155 2515 5228 Εὐσήμου.
2564 5155 2826 5224 Quamvis
2871 5156 2988 5209 [nec
3025 5155 3296 5221 scriptura
3332 5165 3570 5229 ex__uno

1993 5224 2206 5282 tantum
2229 5224 2389 5283 eruta
2410 5229 2482 5282 sit
2501 5230 2688 5283 codice
2708 5241 2837 5288 ms.,
2863 5239 2983 5279 eam
3011 5230 3190 5276 tamen
3222 5224 3568 5291 praetuJimus,

1997 5299 2227 5368 vulgata:
2256 5297 2532 5368 εὐφήμου,
2556 5298 2678 5351 boni
2722 5295 2937 5368 ominis,
2971 5299 3031 5368 ut
3070 5293 3235 5368 vertit
3274 5292 3558 5368 Erasmus.

1997 5361 2119 5423 Non
2158 5368 2247 5420 hic
2270 5361 2453 5449 agitur
2475 5361 2636 5449 quam
2666 5366 2796 5449 boni
2832 5363 3034 5449 ominis
3063 5361 3136 5417 sit
3177 5362 3270 5449 illa
3301 5365 3560 5449 vox,_.sed

2001 5451 2162 5508 quam
2193 5432 2333 5517 apta'
2348 5437 2417 5490 ad
2445 5432 2881 5516 significandum.
2912 5432 3057 5514 llinc
3082 5434 3242 5502 paulo
3263 5441 3388 5487 ante
3413 5433 3564 5514 dice-

2003 5508 2097 5562 bat
2128 5504 2364 5560 Basuhus
2399 5520 2515 5559 eam
2552 5505 3034 5574 signiﬁcaiztzsszme
3080 5503 3295 5559 reddere
3338 5519 3571 5573 comam-7

2007 5577 2203 5630 ctiom’s
2235 5574 2655 5643 intelligentiam.
2684 5574 2885 5629 Ibidem
2912 5574 3052 5627 male
3087 5575 3140 5628 in
3171 5574 3387 5629 duobus
3425 5588 3575 5628 mss._

1997 5647 2116 5716 τῆς,
2142 5645 2239 5716 ἐν,
2275 5645 2478 5716 φωνῆς.
2525 5643 2640 5716 Non
2670 5643 2813 5697 enim
2858 5644 2936 5716 de
2966 5645 3347 5713 pra‘positioue
3378 5644 3453 5711 in,
3482 5643 3565 5701 lo-

2000 5713 2183 5788 quitur
2208 5713 2459 5781 Basilius,
2491 5713 2586 5770 sed
2612 5717 2677 5772 de
2712 5714 3094 5787 praepositione
3122 5730 3258 5769 cum.
3344 5788 3347 5789 γ
