3886 6220
321 404 426 463 179

1661 397 1721 456 s.
1761 370 2007 454 BASlLll
2045 395 2259 452 usam

3470 385 3584 442 180

321 537 391 580 ac
421 519 669 578 desistite
697 525 856 575 atrox
887 527 943 575 et
975 499 1321 591 implacabile
1360 520 1565 576 bellum
1618 533 1745 574 cum
1802 518 1895 574 illa

2022 520 2094 588 τῆς
2111 517 2293 587 φωνῆς
2311 514 2681 586 ὑπαρχούσης,
2712 513 2851 583 είτῳ
2869 511 3019 581 φίλον
3041 512 3098 565 ἐν
3123 507 3448 577 δοξολογίαις
3468 504 3588 575 (57⁵)

322 626 533 686 gerere.
590 610 700 668 Sed
744 620 931 667 tamen
988 613 1242 682 quamvis
1293 611 1411 667 haec
1475 625 1584 666 vox
1634 617 1749 663 tam
1789 608 1892 680 51

323 714 451 778 apta
481 703 553 761 sit
589 703 659 759 ad
700 702 1145 775 signiﬁcandum,
1194 704 1243 759 si
1289 704 1382 760 cui
1415 703 1569 760 cordi
1621 703 1788 759 fuerit
1838 703 1894 758 in

324 795 817 869 glorificationibus
848 810 948 867 per
999 796 1266 869 syllabam
1295 807 1344 852 et
1397 796 1621 852 nomina
1686 810 1896 852 conne-

323 888 483 945 cteﬁ
510 894 567 945 et
591 888 900 961 gloriﬁcare
930 928 947 955 ,
985 888 1444 960 quemadmodum
1475 889 1533 944 in
1562 888 1898 961 Evangeliis,

323 978 420 1036 ubi
444 979 512 1036 de
538 979 888 1052 baptismate,
922 979 1240 1048 didicimus,
1277 980 1498 1037 Patrem
1527 988 1584 1037 et
1622 980 1822 1036 Filium
1845 986 1901 1037 et

326 1070 592 1142 Spiritum
621 1079 875 1129 sanctum
904 1090 921 1141 ;
951 1073 1117 1130 etiam
1152 1072 1228 1127 ita
1268 1071 1382 1138 liat,
1414 1087 1576 1128 nemo
1620 1071 1902 1128 contradi-

324 1171 519 1222 cturus
554 1174 661 1224 est.
701 1165 816 1224 Hac
871 1168 1204 1231 conditione,
1237 1168 1286 1224 si
1323 1167 1562 1233 videtur,
1618 1168 1763 1223 inter
1797 1182 1901 1223 nos

325 1257 758 1316 consentiamus.
817 1258 926 1315 Sed
960 1260 1050 1317 isti
1108 1260 1274 1316 citius
1308 1259 1611 1331 abjecerint
1656 1259 1899 1328 linguas,

325 1364 491 1420 quam
530 1349 676 1407 hanc
710 1366 903 1407 vocem
943 1352 1239 1422 recipiant.
1278 1351 1394 1407 Hoc
1420 1352 1589 1423 igitur
1617 1358 1724 1417 est,
1754 1351 1902 1422 quod

326 1443 489 1499 nobis
527 1443 861 1499 acerrimum
914 1459 979 1499 ac
1032 1445 1494 1501 irreconciliabile
1547 1445 1747 1501 bellum
1807 1460 1904 1501 ex-

326 1530 482 1585 citat.
515 1529 573 1585 ln
613 1529 824 1603 Spiritu
849 1542 1042 1589 sancto
1070 1574 1087 1600 ,
1123 1534 1423 1605 inquiunt,
1461 1535 1643 1591 danda
1674 1541 1759 1591 est
1791 1534 1907 1607 glo-

325 1623 411 1678 ria
452 1623 582 1691 Deo,
624 1640 737 1681 non
784 1633 967 1682 autem
1022 1636 1077 1683 et
1108 1627 1385 1699 Spiritui:
1427 1636 1592 1700 atque
1636 1627 1907 1684 acerrime

328 1714 460 1769 huic
507 1715 629 1772 voci
692 1722 957 1787 tanquam
1014 1713 1281 1786 Spiritum
1347 1716 1675 1788 deprimenti
1725 1715 1908 1771 adhae-

327 1815 578 1863 rescunt.
605 1805 681 1863 De
716 1823 825 1879 qua
848 1823 960 1863 non
992 1808 1185 1864 inutile
1213 1810 1378 1866 fuerit
1405 1809 1674 1880 prolixius
1700 1808 1904 1865 dicere.

1999 615 2068 683 τῇ
2098 610 2196 665 καὶ
2231 607 2468 679 συλλαϐῇ
2502 606 2708 661 συνδεῖν
2731 604 2799 658 τὰ
2828 604 3066 675 ὀνόματα
3091 603 3186 657 καὶ
3213 600 3479 668 δοξάζειν,
3506 600 3588 660 ῶς

2003 707 2061 760 ἐν
2099 700 2451 772 Εὑαγγελίοις
2486 698 2579 753 ἐπὶ
2609 696 2705 751 τοῦ
2736 696 3113 768 βαπτίσματος
3157 692 3586 766 μεμαθήκαμεν,

2002 796 2224 867 Πατέρα
2242 793 2337 848 καὶ
2375 791 2501 845 Υίὸν
2534 788 2630 844 καὶ
2661 789 2815 858 ἀγιον
2848 785 3100 856 Πνεῦμαο
3131 785 3224 836 καὶ
3257 781 3403 837 οῦτω
3433 778 3588 848 γινὲ-

2005 887 2137 952 σθω,
2167 884 2341 948 οὑδεὶς
2390 882 2625 954 ἀντερεῖ.
2672 878 2796 932 Ἐπὶ
2839 877 3069 940 τούτοις,
3113 878 3161 929 εί
3198 876 3366 932 δοκεῖ.
3409 888 3589 926 κατα-

2002 976 2244 1050 θώμεθα.
2282 972 2447 1029 Ἀλλά
2486 972 2585 1036 τάς
2614 970 2867 1040 γλώσσας
2906 968 2972 1023 ἂν
3005 961 3512 1050 πρόοιντο-μᾶλλον,
3546 958 3587 1050 ᾗ

2001 1046 2101 1140 τὴν
2140 1065 2320 1137 φωνὴν
2354 1063 2558 1134 ταύτην
2602 1060 2863 1127 δέξαιντο.
2896 1056 3067 1111 Τοῦτο
3101 1054 3199 1126 μὲν
3225 1047 3319 1105 οὖν
3358 1051 3528 1111 ἐστιν,
3556 1046 3589 1100 δ

2004 1160 2096 1213 τὸν
2126 1159 2433 1229 ἀκήρυκτον
2457 1155 2590 1226 ἡμῖν
2610 1152 2702 1207 καὶ¹
2730 1150 2991 1207 ἄσπονδον
3022 1146 3263 1217 πόλεμον
3281 1140 3588 1211 ἐπεγείρει.

2020 1253 2107 1306 Ἐν
2155 1249 2234 1321 τῷ
2274 1248 2573 1318 Πνεῦματι,
2624 1245 2778 1316 φησὶ,
2809 1241 2888 1314 τῷ
2942 1239 3081 1309 ἁγίῳ
3128 1236 3227 1308 τήν
3276 1231 3589 1301 δοξολογίαν

2005 1342 2295 1398 ἀποδοτέον
2315 1339 2394 1411 τῷ
2415 1339 2554 1411 Θεῷ,
2584 1337 2706 1408 οὐχὶ
2735 1335 2793 1388 δέ
2827 1330 3013 1403 καὶτῷ
3031 1330 3309 1399 Πνεὺματι
3325 1344 3340 1356 ·
3369 1323 3467 1377 καὶ
3493 1324 3590 1376 ἐκ-

2007 1437 2285 1508 θυμότατα
2328 1433 2428 1503 τῆς
2457 1431 2640 1504 φωνῆς
2687 1427 2890 1500 ταύτης
2927 1425 3004 1488 ὡς
3040 1418 3440 1489 ταπεινωτικῆς
3472 1413 3597 1485 ('58)

2005 1529 2100 1583 τοῦ
2134 1528 2450 1600 Πνεῦματος
2501 1522 2868 1597 περιέχονται.
2903 1517 3043 1590 Περὶ
3066 1509 3135 1588 ἦς
3167 1513 3266 1567 οὑκ
3311 1511 3594 1600 ἇχρηῌστον

2004 1621 2103 1674 καὶ
2148 1619 2238 1674 διὰ
2280 1593 2632 1690 μακροτέρων
2669 1593 2865 1667 εἰπεῖν.
2898 1603 2999 1661 Ὦν
3036 1604 3368 1664 ἀκούσαντες
3415 1593 3589 1690 οὗτοι,

2009 1688 2510 1784 θαυμάσαιμενᾶν,
2542 1709 2591 1761 εἰ
2627 1705 2701 1779 μὴ
2728 1705 2804 1769 ὡς
2832 1699 3077 1774 προδότιν
3114 1696 3303 1765 αὑτὴν,
3333 1690 3430 1746 καὶ
3452 1688 3595 1784 πρδς

2007 1781 2129 1876 τὴν-
2160 1801 2265 1857 τοῦ
2287 1781 2602 1873 Πνεῦματος
2649 1796 2805 1865 δόξαν
2858 1788 3259 1863 αὐτομολοῦσαν
3307 1781 3594 1853 ἀποκηρῶ

328 1901 464 1969 Qua:
516 1915 644 1956 cum
683 1900 959 1957 audierint
990 1902 1104 1969 isti,
1167 1902 1504 1968 demirabor,
1552 1904 1600 1958 si
1633 1916 1743 1956 non
1783 1915 1906 1956 eam
1935 1885 1979 1941 Β
2008 1897 2191 1966 ξωσιν.

332 2000 393 2045 ιιι
430 1991 785 2061 proditricem
824 1999 881 2048 et
918 1992 986 2047 ad
1021 1990 1262 2064 Spiritus
1292 1993 1522 2066 gloriam
1551 1992 1698 2048 ultro
1719 1998 1902 2049 trans-

330 2084 517 2157 fugam
551 2084 939 2157 repudiabunt.

891 2220 1119 2280 CAPUT
1152 2220 1343 2279 XXVI.

332 2331 475 2402 Quot
499 2333 670 2392 modis
700 2335 955 2407 dicitur;
985 2337 1062 2401 in,
1098 2355 1123 2420 ξ
1154 2336 1371 2419 totidem
1399 2335 1571 2393 modis
1599 2337 1663 2392 de
1703 2335 1911 2408 Spiritu

566 2454 569 2455 γ
1009 2422 1199 2477 accipi.

566 2454 569 2455 ν
1009 2423 1199 2462 ασοινι.

404 2513 495 2570 61.
535 2514 669 2571 Mihi
724 2516 894 2588 igitur
930 2518 1302 2576 consideranti
1339 2519 1594 2586 videtur,
1623 2519 1731 2576 etsi
1777 2519 1912 2576 sim-

331 2605 457 2676 plex
518 2620 585 2661 ac
636 2606 821 2664 brevis
879 2616 963 2664 est
1008 2609 1175 2680 hujus
1224 2608 1449 2681 syllaba:
1501 2610 1909 2680 pronuntiatio,

335 2696 511 2752 multa
568 2705 625 2753 et
678 2699 829 2754 varia
877 2714 978 2769 per
1015 2713 1147 2770 {eam
1201 2700 1532 2773 signiﬁcari.
1585 2700 1731 2766 Quot
1759 2701 1912 2755 enim

334 2788 520 2844 modis
547 2788 751 2845 dicitur
808 2790 900 2857 in,
938 2791 1166 2848 totidem
1221 2793 1400 2849 modis
1437 2793 1753 2849 invenimus
1790 2806 1913 2847 eam

337 2866 605 2950 syllabam
645 2881 1006 2952 conceptibus
1049 2884 1118 2939 de
1147 2880 1358 2953 Spiritu
1401 2882 1735 2939 subservire.
1774 2880 1914 2936 Nam

334 2969 517 3025 forma
549 2972 752 3028 dicitur
777 2989 902 3031 esse
955 2974 1013 3030 in
1065 2976 1332 3042 materia,
1374 2986 1428 3033 et
1473 2974 1719 3047 potentia
1753 2974 1812 3030 in
1849 2989 1914 3031 eo

336 3064 487 3132 quod
524 3065 647 3132 ejus
672 3079 846 3138 capax
882 3075 988 3133 est,
1020 3075 1075 3125 et
1119 3068 1342 3125 habitus
1381 3068 1437 3123 in
1476 3083 1545 3124 eo
1581 3068 1679 3139 qui
1716 3065 1920 3124 secuni

338 3155 472 3212 dum
519 3157 675 3214 illum
735 3158 965 3217 aﬂ'ectus
1034 3170 1161 3228 est,
1215 3161 1431 3232 aliaque
1480 3161 1647 3231 hujus
1696 3160 1914 3231 generis

2507 2214 2902 2274 ΚΕΦΑΛΑΙΟΝ
2935 2212 3081 2278 κεῖν.

2013 2343 2141 2396 Ὅτι
2178 2337 2416 2408 ὁσαχῶς
2448 2335 2699 2408 λέγεται
2720 2333 2787 2388 τὸ
2822 2352 2839 2383 ι
2868 2332 2960 2408 ἐν,
2992 2348 3009 2380 ι
3053 2317 3446 2408 τοσαυταχῶς
3485 2310 3594 2368 καὶ

2292 2395 2516 2462 dicitur")
2532 2395 2894 2474 ’Πνεύματος
2924 2395 3305 2468 λαμϐάνεται.

2085 2526 2175 2580 61.
2223 2522 2378 2595 Ἐμοὶ
2424 2520 2605 2574 τοίνυν
2653 2513 3010 2584 σκοπουμένῳ
3053 2509 3221 2569 δοκεῖ,
3265 2498 3446 2570 ἁπλῆς
3493 2494 3592 2595 καὶ

2014 2619 2278 2690 συντόμου
2308 2616 2408 2687 τῆς
2436 2613 2795 2683 ἐκφωνήσεως
2824 2605 3010 2676 οῦσης,
3042 2599 3210 2655 πολλά
3250 2597 3344 2650 καὶ
3370 2589 3596 2690 ποικίλα

2014 2683 2250 2765 εἶναιτὰ
2290 2683 2555 2775 δι’γαὺτῆς
2584 2701 2979 2775 σημαινόμενα.
3029 2690 3273 2762 Ὁσαχῶς
3306 2683 3600 2780 γὰρ-λέγεῐ

2013 2820 2102 2856 ται
2159 2800 2218 2855 τὸ
2249 2800 2337 2865 ἐν,
2382 2793 2729 2864 τοσαυταχῶς
2785 2789 3111 2861 εὑρίσκομεν
3158 2784 3278 2844 ταῖς
3323 2776 3451 2846 περὶ
3500 2776 3596 2865 τεῦ

2014 2893 2329 2963 Πνεὺματος
2358 2887 2586 2950 ἐννοίαις
2619 2880 3078 2955 ὑπηρετούμενον.
3112 2875 3343 2942 Λέγεται
3384 2867 3483 2963 μὲν
3503 2858 3602 2963 οὖν

2014 2979 2075 3033 τὸ
2105 2952 2241 3042 εἶδος
2300 2952 2357 3029 ἐν
2400 2977 2467 3045 τῇ
2503 2973 2604 3046 ὕλῃ
2636 2952 2797 3035 εἶναι,
2831 2969 2928 3022 καὶ
2958 2969 2992 3038 ἡ
3036 2964 3263 3034 δύναμις
3308 2961 3365 3010 ἐν
3405 2953 3484 3024 τῷ
3511 2952 3603 3046 δεῇ

2013 3069 2208 3141 κτικῷ,
2238 3068 2333 3121 καὶ
2365 3069 2396 3138 ἡ
2432 3065 2543 3131 ἕξις
2578 3066 2636 3118 ἐν
2668 3061 2747 3132 τῷ
2780 3060 2897 3114 κατ’
2926 3057 3093 3128 αὑτὴν
3121 3048 3469 3121 διακειμένῳ,
3501 3044 3602 3096 καὶ

2019 3133 2191 3212 πολλά
2245 3153 2491 3210 τοιαῦτα.
2548 3150 2777 3217 Οὐκοῦν,
2820 3148 2957 3202 καθὸ
3008 3147 3107 3217 μὲν
3149 3137 3490 3196 τελειωτικὺν
3537 3133 3603 3186 τὺ

339 3250 538 3306 multa.
606 3250 794 3324 Itaque
856 3261 1133 3326 quatenus
1208 3228 1444 3326 Spiritus
1518 3228 1747 3311 sanctus
1806 3253 1916 3308 vim

2022 3250 2176 3319 ἅγιον
2224 3246 2449 3317 Πνεῦμα
2493 3245 2602 3300 τῶν
2646 3242 2901 3314 λογικῶν,
2947 3234 3244 3308 ἀπαρτίζον
3279 3231 3461 3286 αὑτῶν
3498 3228 3602 3299 τὴν

340 3343 508 3400 habet
569 3345 890 3414 perficiendi
950 3353 1260 3401 creaturam
1305 3345 1626 3400 rationalem
1657 3384 1673 3410 ,
1732 3343 1925 3399 absoi-ﬁ

341 3446 478 3492 vens
526 3430 678 3488 illius
752 3431 1066 3505 fastigium,
1134 3433 1326 3490 formae
1363 3435 1631 3490 rationem
1686 3434 1918 3489 obtinet.

340 3522 480 3579 Nam
535 3523 631 3594 qui
664 3524 779 3594 jam
827 3539 938 3580 non
970 3526 1102 3581 vivit
1161 3524 1464 3581 secundum
1523 3540 1768 3587 carnem,
1825 3524 1923 3581 sed

344 3615 558 3689 Spiritu
598 3614 695 3672 Dei
732 3615 915 3687 agitur
947 3656 962 3681 ,
998 3631 1062 3672 ac
1111 3615 1286 3672 Filius
1326 3616 1425 3671 Dei
1452 3616 1771 3671 nominatur
1796 3657 1812 3682 ,
1867 3621 1923 3671 et

345 3707 649 3765 conformis
674 3708 900 3780 imagini
948 3707 1074 3764 Filii
1109 3708 1205 3765 Dei
1238 3708 1416 3764 factus
1453 3714 1556 3771 est,
1620 3706 1923 3778 spiritualis

348 3800 576 3858 dicitur.
611 3800 681 3857 Et
719 3801 865 3859 sicut
897 3800 1161 3857 cernendi
1211 3800 1297 3857 vis
1338 3807 1424 3857 est
1457 3800 1512 3855 in
1551 3800 1711 3856 oculo
1743 3813 1879 3855 sano
1906 3839 1922 3866 ,

349 3895 435 3952 sic
492 3895 740 3967 operatio
791 3894 1032 3966 Spiritus
1102 3896 1158 3951 in
1214 3893 1396 3948 anima
1449 3901 1698 3964 purgata.
1737 3891 1927 3963 quue

347 3985 554 4045 Paulus
590 3997 741 4061 optat
776 3987 1063 4059 Ephesiis,
1122 3993 1180 4041 ut
1210 3986 1402 4041 oculos
1452 3986 1687 4041 habeant
1724 3985 1926 4039 illumi-

347 4088 513 4138 natos
552 4081 609 4137 in
673 4080 883 4152 Spiritu
922 4080 1228 4150 sapientiae
1243 4079 1310 4134 ".
1365 4076 1432 4133 Et
1468 4076 1926 4150 quemadmodum

350 4187 446 4228 ars
502 4179 587 4229 est
626 4173 680 4227 in
733 4188 799 4229 eo
825 4171 919 4243 qui
983 4171 1131 4226 illam
1183 4170 1412 4242 adeptus
1458 4178 1541 4225 est
1572 4209 1594 4234 ,
1629 4171 1704 4223 ita
1750 4167 1927 4240 gratia

353 4262 598 4335 Spiritus
652 4265 710 4320 in
759 4279 824 4321 eo
861 4264 959 4334 qui
1014 4265 1218 4334 recepit
1257 4279 1399 4328 eam,
1441 4278 1657 4332 semper
1702 4260 1923 4333 quidem

238 4362 248 4371 '
349 4373 623 4432 praesens,
696 4367 752 4414 at
804 4372 913 4413 non
958 4365 1220 4429 perpetuo
1253 4371 1511 4427 operans.
1544 4354 1680 4410 Nam
1736 4363 1791 4409 et
1835 4368 1927 4409 ars

353 4451 599 4524 potentia
648 4450 870 4520 quidem
899 4461 983 4507 est
1014 4453 1073 4506 in
1123 4451 1380 4518 artiﬁce;
1420 4457 1547 4503 actu
1597 4462 1730 4503 vero
1768 4453 1883 4500 tum
1908 4485 1924 4510 ,

351 4557 482 4599 cum
528 4541 830 4598 secundum
880 4542 1030 4597 illam
1089 4549 1396 4611 operatur:
1434 4540 1621 4594 itidem
1686 4536 1926 4607 Spiritus

352 4650 571 4705 semper
606 4633 828 4706 quidem
884 4632 1039 4689 adest
1097 4632 1276 4703 dignis
1300 4673 1316 4698 ,
1351 4630 1449 4687 sed
1480 4639 1736 4700 operatur
1766 4634 1928 4698 prout

352 4742 495 4797 Opus
531 4733 638 4789 est,
681 4733 776 4780 aut
828 4724 886 4779 in
923 4724 1257 4795 prophetiis,
1298 4730 1392 4777 aut
1422 4722 1479 4776 in
1512 4721 1927 4785 sanationibus,

353 4819 536 4874 autin
590 4816 716 4873 aliis
753 4816 1145 4871 miraculorum
1191 4812 1626 4885 operationibus.
1656 4810 1929 4867 Praeterea

353 4911 499 4968 sicut
531 4910 589 4966 in
639 4908 966 4980 corporibus
1015 4915 1103 4962 est
1133 4905 1365 4971 sanitas,
1392 4910 1489 4958 aut
1529 4902 1701 4967 calor,
1740 4909 1835 4956 aut
1871 4902 1930 4957 in

354 5018 556 5074 genere
582 5000 904 5058 aﬂ'ectiones
954 4996 1116 5053 facile
1144 4996 1375 5051 mobiles
1400 5012 1415 5062 ;
1457 4994 1540 5051 sic
1569 5002 1625 5050 et
1652 4994 1711 5048 in
1745 4992 1929 5048 anima

354 5094 673 5165 frequenter
716 5101 803 5150 est
844 5090 1116 5163 Spiritus,
1152 5089 1207 5144 in
1234 5087 1300 5145 iis
1341 5088 1437 5160 qui
1471 5094 1694 5160 propter
1731 5086 1931 5142 mentis

356 5190 378 5241 Α
434 5184 772 5241 .tabilitatem
828 5182 990 5248 facile
1019 5182 1250 5255 gratiam
1294 5188 1572 5251 acceptam
1608 5178 1928 5250 expellunt,

433 5340 480 5373 "
502 5337 705 5411 Ephes.
735 5354 777 5406 ι,
809 5338 900 5408 17,
935 5336 1025 5401 18.

433 5517 547 5587 ('57)
599 5519 696 5571 Ἐν
723 5515 1120 5587 δοξολογίαις.
1149 5515 1245 5587 Sic
1275 5530 1378 5586 ope
1397 5523 1646 5587 veterum
1681 5510 1930 5587 codicum

359 5581 775 5657 em‘euilavinius
816 5581 965 5656 quod
993 5581 1155 5657 prave
1196 5581 1442 5657 in_editis
1469 5583 1745 5657 legebatur
1792 5581 1933 5657 ἐνδο-

364 5657 669 5728 ξολογῆσαι.
726 5651 865 5728 Non.
894 5651 1066 5712 multo
1103 5663 1228 5728 post
1261 5655 1463 5728 Regius
1514 5651 1790 5710 secundus
1832 5651 1930 5721 τὴν

360 5730 515 5794 δόξαν
544 5726 847 5781 ἀποδοτέον.

435 5790 548 5872 (58)
581 5795 1031 5868 Ταπεινωτικῆς.
1058 5793 1150 5856 Sic
1176 5805 1390 5856 veteres
1420 5796 1544 5857 libri
1576 5808 1675 5866 pro
1697 5808 1762 5850 eo
1783 5790 1929 5865 quod

2021 3342 2320 3415 ἀκρότητα,
2356 3340 2446 3393 τὸν
2480 3338 2572 3393 τοῦ
2613 3338 2786 3399 εἴδους
2818 3334 2974 3404 λόγον
3007 3330 3214 3401 ἐπέχει.
3261 3326 3317 3379 Ὀ
3344 3323 3454 3415 γὰρ
3486 3337 3607 3415 ’μη-

2023 3411 2143 3489 κέτι
2172 3411 2310 3487 κατά
2341 3431 2519 3503 σάρκα
2566 3428 2693 3495 ζῶν,
2724 3426 2861 3482 ἀλλά
2906 3421 3186 3492 Πνεὺματι
3232 3413 3367 3471 Θεοῦ
3397 3411 3609 3481 ἀγόμε-

2022 3540 2132 3586 νος,
2160 3522 2254 3576 καὶ
2300 3502 2423 3583 υἱὸς
2440 3519 2573 3573 Θεοῦ
2599 3514 2973 3591 χρηματίζων,
3010 3513 3105 3566 καὶ
3148 3509 3469 3579 σύμμορφος
3499 3502 3606 3573 τῆς

2024 3614 2229 3677 εἰκόνος
2257 3611 2350 3666 τοῦ
2399 3611 2530 3665 Υἰοῦ
2572 3610 2664 3663 τοῦ
2696 3607 2830 3662 Θεοῦ
2870 3607 3180 3677 γενόμενος,
3234 3593 3606 3667 πνευματικδς

2024 3707 2370 3778 ὀνομάζεται.
2394 3705 2505 3759 Καὶ
2530 3703 2606 3767 ὼς
2629 3704 2663 3774 ἡ
2690 3700 2918 3771 δύναμις
2943 3697 3038 3751 τοῦ
3071 3696 3201 3767 ὁρᾷν
3235 3693 3293 3744 ἐν
3321 3688 3399 3757 τῷ
3423 3684 3608 3778 ὑγιαί-

2025 3777 2169 3857 νοντι
2201 3797 2484 3872 ὀφθαλμῷ,
2514 3796 2684 3859 οὑτως
2712 3796 2749 3866 ἡ
2787 3792 3037 3864 ἐνέργεια
3066 3786 3162 3840 τοῦ
3193 3780 3509 3872 Πνεὺματος
3545 3777 3607 3829 ἐν

2025 3897 2090 3965 τῇ
2120 3870 2504 3963 κεκαθαρμένη
2528 3888 2694 3959 ψυχῇ.
2729 3885 2819 3938 Διὸ
2845 3883 2937 3937 καὶ
2966 3878 3175 3941 Παῦλος
3202 3874 3417 3965 εῦχεται
3444 3870 3611 3965 $395-

2029 3987 2184 4049 σίοις,
2216 3980 2660 4054 πεφωτισμένους
2699 3974 3009 4047 ὀφθαλμοὺς
3040 3969 3218 4025 αὑτῶν
3260 3963 3399 4018 εἶναι
3438 3963 3496 4017 ἐν
3522 3960 3609 4031 τῷ

2027 4080 2305 4152 Πνεὺματι
2331 4079 2430 4149 τῆς
2470 4075 2681 4146 σοφίας.
2707 4072 2817 4127 Καὶ
2844 4070 2919 4133 ὡς
2946 4071 2980 4139 ἡ
3008 4067 3172 4137 τέχνη
3212 4064 3270 4117 ἐν
3302 4059 3380 4131 τῷ
3405 4058 3611 4152 ἀναλαῖ

2028 4150 2189 4229 ὅόντιή
2215 4171 2406 4241 αὐτὴν,
2445 4168 2617 4233 οὕτως
2660 4168 2695 4237 ή
2733 4164 2892 4237 χάρις
2923 4160 3017 4215 τοῦ
3070 4157 3388 4229 Πνεῦματος
3438 4153 3496 4205 ἐν
3527 4150 3611 4220 τῷ

2029 4261 2429 4333 ὑποδεξαμένῳ,
2461 4260 2544 4314 ἀεὶ
2575 4258 2673 4329 μὲν
2700 4253 3091 4327 συμπειροῦσοιι
3114 4250 3233 4320 οὑχ).
3253 4248 3309 4301 δὲ
3336 4246 3430 4299 καὶ
3457 4245 3614 4314 ἐνερ-

2028 4354 2199 4425 γοῦσα
2243 4349 2525 4423 διηνεκῶς.
2574 4348 2726 4402 Ἐπεὶ
2769 4345 2864 4400 καὶ
2896 4346 2930 4417 ἡ
2965 4343 3126 4414 τέχνη
3168 4337 3393 4407 δυνάμει
3423 4334 3521 4405 μὲν
3550 4337 3612 4385 ἐν

2028 4446 2106 4519 τῷ
2141 4445 2363 4517 τεχνίτῃ
2385 4442 2560 4496 ἐστίν·
2591 4440 2843 4512 ἐνεργείᾳ
2865 4438 2926 4491 δὲ
2960 4435 3103 4499 τότε,
3139 4434 3264 4486 ὅταν
3294 4427 3412 4483 κατ’
3434 4425 3611 4497 αὐτὴν

2029 4541 2249 4609 ἐνεργῇ.
2293 4536 2449 4591 Οῦτω
2474 4535 2571 4589 καὶ
2611 4535 2672 4587 τὸ
2708 4531 2932 4603 Πνεῦμα
2979 4528 3066 4583 ἀεὶ
3110 4527 3210 4598 μὲν
3262 4520 3612 4593 συμπάρεστι

2029 4634 2143 4695 τοῖς
2185 4629 2381 4696 ἀξίοις,
2408 4629 2621 4698 ἐνεργεῖ
2648 4625 2704 4679 δὲ
2747 4622 2890 4679 κατά
2925 4621 3023 4693 τὴν
3053 4618 3264 4691 χρείαν,
3308 4615 3341 4686 ἢ
3378 4615 3435 4667 ὲν
3468 4629 3611 4683 προ-

2033 4721 2307 4792 φητείαις,
2355 4719 2389 4791 ῆ
2423 4721 2480 4772 ἐν
2521 4717 2765 4788 ἰάμασιν,
2798 4713 2833 4785 ἢ
2882 4713 2942 4765 ἐν
2967 4709 3146 4772 ἄλλοις
3172 4708 3282 4760 τισὶ
3322 4704 3615 4772 δυνάμεων

2034 4813 2425 4883 ἐνεργήμασιν.
2477 4809 2597 4862 Ἔτι
2641 4806 2715 4870 ὡς
2746 4805 2803 4858 ἐν
2832 4803 3076 4873 σώμασιν
3104 4798 3303 4867 ὑγίεια,
3328 4795 3361 4863 ἣ
3410 4792 3622 4862 θερμό-

2034 4923 2156 4975 της,
2206 4902 2404 4975 ἣὸλως
2436 4903 2493 4955 αἱ
2545 4899 2819 4969 εὐκίνητοι
2867 4894 3177 4956 διαθέσεις·
3216 4888 3358 4942 οὑτω
3406 4884 3502 4939 καὶ
3550 4885 3616 4975 ἐν

2034 4974 2181 5066 ψυχῇ
2228 4974 2486 5055 πολλάκις
2520 4991 2753 5061 ὑπάρχει
2789 4988 2851 5042 τὸ
2891 4985 3136 5056 Πνεῦμα,
3161 4983 3273 5043 τοῖς
3312 4977 3399 5033 διὰ
3424 4976 3482 5029 τὸ
3509 4974 3617 5045 τῆς

2035 5085 2260 5157 γνώμης
2286 5083 2563 5155 ἀνίδρυτον
2600 5082 2854 5145 εὐκόλως,
2887 5078 2953 5149 ἣν
2981 5076 3225 5143 ἐδέξαντο
3267 5071 3423 5143 χάριν
3457 5068 3619 5120 ἀπω-

2039 5177 2341 5249 θουμένοις,
2371 5175 2447 5248 μὴ
2463 5175 2777 5246 παραμένον
2806 5169 2939 5243 (59),
2974 5162 3084 5231 οἷος
3129 5161 3197 5236 ἦν
3230 5165 3261 5217 ὁ
3290 5158 3481 5224 Σαοὺλ,
3514 5158 3619 5213 καὶ

2038 5508 2237 5568 eratjn
2266 5505 2429 5563 editis
2484 5506 2763 5573 ταπεινῆς.
2801 5499 2921 5555 Mox
2972 5499 3104 5555 editi
3149 5495 3484 5568 θαυμάσαιμ’
3517 5492 3613 5551 ἄν.

2040 5577 2172 5644 Reg.
2205 5577 2480 5634 secundus
2516 5584 2573 5628 ut
2602 5577 2653 5628 in
2690 5582 2862 5644 textu.
3030 5640 3043 5644 _
3070 5642 3098 5644 η
3126 5642 3155 5644 η
3438 5633 3474 5644 __
3554 5634 3566 5644 _

2109 5633 2220 5715 ('59)
2251 5648 2348 5716 Μὴ
2388 5633 2758 5714 παραμένον.
2803 5641 2928 5696 Ηωο
2981 5640 3288 5716 addidimus
3323 5652 3387 5716 ei}
3414 5633 3611 5716 λινε-ῖς

2037 5704 2301 5784 secundo,
2332 5704 2343 5716 ’
2371 5734 2433 5775 ac
2474 5704 2716 5787 'prorsus
2777 5713 3086 5769 necessaria
3140 5718 3264 5768 sunt
3310 5708 3376 5763 ad
3414 5704 3617 5761 Basilii

2035 5804 2275 5845 sensum.
