3886 6220
259 364 358 433 i8!

1432 381 1635 440 LIBER
1672 384 1761 441 DE
1799 383 2074 445 SPIPJTU
2117 384 2409 452 SANCTO.

3434 368 3539 459 iss

262 499 313 555 οξ
344 495 721 568 Ξόδομίμιοντα
746 497 1112 570 πρεσϐυτεροι
1136 499 1245 553 τῶν
1272 500 1407 555 υἱῶν
1447 502 1685 574 Ἰσραὴλ,
1717 503 1856 575 πλὴν

1973 521 2308 581 nequaquam
2383 527 2712 584 permanens
2769 518 3023 588 :qualis
3093 526 3210 573 erat
3258 515 3433 584 Saul,
3485 522 3542 574 et

262 590 360 646 τοῦ
407 591 595 645 Ἐλδὰδ
628 592 724 646 καὶ
755 592 956 647 Μωδὰδ
986 592 1230 663 (τούτοις
1258 594 1368 666 γὰρ
1405 594 1589 666 μόνοις
1624 597 1689 649 ἐκ
1722 597 1859 651 πάν-

263 703 374 739 των
401 683 655 754 φαίνεται
702 687 1051 757 παραμεῖναν
1091 685 1154 739 τὸ
1182 687 1462 759 Πνεῦμα),
1495 688 1590 742 καὶ
1625 687 1761 752 ὅλως
1808 690 1861 744 et

252 795 351 843 τις
390 777 603 843 τούτοις
634 778 738 850 τὴν
767 778 1089 852 προαίρεσιν
1142 778 1541 851 παραπλήσιος.
1585 781 1697 834 Καὶ
1729 781 1805 845 ὡς
1829 782 1859 836 6

266 871 426 940 λόγος
471 872 530 926 δὲ
558 873 617 925 ὲν
647 871 820 942 ψυχῇ,
873 871 1008 925 ποτὲ
1054 871 1152 943 μὲν
1192 872 1269 937 ὡς
1323 872 1385 924 τὸ
1413 872 1702 944 ἐγκάρδιον
1743 874 1856 945 (40)

265 964 473 1034 νλιημα,
497 964 629 1017 ποτὲ
646 964 704 1017 δὲ
729 963 806 1028 ὡς
829 964 858 1017 6
886 964 1293 1036 προφερόμενος
1311 963 1401 1017 διὰ
1425 963 1695 1037 γλώσσης,
1718 964 1859 1020 οὕτω

265 1055 332 1107 τὸ
371 1053 596 1125 Πνεῦμα
624 1055 687 1109 τὸ
717 1054 906 1124 ἅγιονο
938 1053 1033 1109 νῦν
1070 1056 1170 1126 μὲν
1208 1057 1337 1111 ὅταν
1382 1061 1747 1130 συμμαρτυρῇ
1780 1058 1859 1131 τῷ

266 1148 576 1217 Πνεῦματι.
612 1149 708 1203 καὶ
742 1150 875 1203 ὅταν
905 1149 1080 1222 κράξῃ
1119 1152 1177 1204 ὲν
1214 1154 1334 1216 ταῖς
1379 1151 1632 1223 καρδίαις
1663 1151 1818 1224 ἡμῶν
1841 1167 1855 1182 ’

283 1237 452 1293 Ἁϐϐᾶ
484 1241 518 1293 ὀ
540 1238 772 1307 Πατήρ·
799 1240 899 1292 νῦν
922 1240 980 1293 δὲ
1017 1242 1145 1296 ὅταν
1170 1241 1305 1313 λαλῇ
1336 1243 1475 1313 ὑπὲρ
1506 1243 1687 1314 ἡμῶν,
1712 1243 1853 1297 κατὰ

268 1330 334 1383 τὸ
379 1330 691 1401 εἰρημένον,
740 1331 825 1383 ὅτι
861 1334 985 1401 Οὐχ
1024 1332 1193 1400 ’ὑμεῖς
1224 1334 1364 1387 ἐστε
1415 1338 1470 1388 οἱ
1500 1335 1856 1402 λαλοῦντες,

268 1422 441 1476 ἀλλὰ
470 1422 535 1475 τὸ
568 1422 814 1492 Πνεῦμα
842 1424 947 1478 τοῦ
978 1425 1206 1493 Πατριέλς
1231 1427 1294 1480 τὸ
1323 1426 1560 1481 λαλοῦν
1589 1427 1659 1480 ἐν
1696 1427 1854 1497 ὑμῖν.

274 1515 426 1585 Ἤδη
457 1516 516 1569 δὲ
554 1516 648 1568 καὶ
691 1515 768 1579 ὡς
798 1516 918 1569 ὅλον
957 1518 1016 1568 ὲν
1058 1518 1271 1589 μέρεσι,
1304 1522 1505 1573 νοεῖται
1539 1520 1599 1573 τὸ
1638 1520 1861 1590 Πνεῦμα

272 1609 424 1663 κατὰ
474 1609 574 1681 τὴν
613 1608 723 1662 τῶν
767 1610 1122 1682 χαρισμάτων
1165 1611 1445 1682 διανομήν.
1501 1613 1708 1675 Πάντες
1752 1614 1861 1683 γὰρ

272 1702 527 1772 ἀλλήλων
558 1702 726 1773 ἐσμὲν
753 1702 911 1772 μέλη,
947 1702 1160 1773 ἔχοντες
1180 1703 1236 1756 δὲ
1260 1704 1573 1776 χαρίσματα
1601 1705 1743 1759 κατὰ
1763 1706 1860 1776 τὴν

273 1795 440 1865 χάριν
466 1794 560 1848 τοῦ
586 1794 720 1849 Θεοῦ
746 1795 846 1867 τὴν
874 1780 1119 1849 δοθεῖσαν
1140 1799 1272 1867 ἡμῖν
1295 1796 1545 1869 διάφορα.
1579 1799 1679 1852 Διὰ
1704 1801 1862 1852 τοῦτο

275 1890 367 1940 Οὐ
397 1887 647 1941 δύναται
680 1891 715 1942 ὁ
748 1872 1055 1958 ὀφθαλμὸς
1080 1889 1270 1944 εἰπεῖν
1312 1890 1388 1959 τῇ
1430 1891 1601 1960 χειρὶ.
1648 1895 1862 1961 Χρείαν

270 1998 397 2037 σου
443 1983 554 2037 οὐκ
606 1982 760 2051 ἔχω·
811 1984 850 2052 ἤ
890 1982 1077 2037 πάλιν
1131 1985 1175 2051 ἡ
1222 1985 1457 2053 κεφαλὴ
1514 1986 1637 2051 τοῖς
1689 1987 1858 2052 ποσὶ,

272 2076 499 2145 Χρείαν
519 2076 687 2147 ὑμῶν
724 2079 835 2131 οὐκ
865 2077 1001 2147 ἔχω.
1046 2078 1204 2131 Ἀλλὰ
1232 2078 1407 2131 πάντα
1432 2078 1528 2147 μὲν
1561 2077 1696 2147 ὁμοῦ
1727 2095 1863 2149 συμ-

274 2167 564 2240 πληροῖτο
594 2168 752 2241 σῶμα
774 2168 870 2222 τοῦ
898 2169 1135 2241 Χριστοῦ
1162 2171 1220 2223 ὲν
1250 2173 1316 2241 τῇ
1339 2170 1551 2240 ἑνότητι
1586 2169 1676 2222 τοῦ
1700 2170 1864 2223 Πνεύ-

278 2277 486 2333 ματοςο
518 2259 770 2332 ἀλλήλοις
801 2260 858 2313 δὲ
905 2262 1211 2332 ἀναγκαίαν
1242 2261 1339 2334 τὴν
1369 2264 1431 2315 ἐκ
1455 2262 1561 2314 τῶν
1588 2262 1864 2333 χαρισμά-

273 2369 389 2404 των
418 2350 755 2406 ἀντιδίδωσιν
785 2352 1070 2422 ὠφέλειαν.
1113 2353 1172 2406 '0
1203 2354 1298 2423 μὲν
1320 2351 1428 2424 γὰρ
1454 2353 1585 2416 Θεὸς
1624 2351 1772 2405 ἔθετο
1796 2352 1866 2408 τὰ

276 2447 423 2520 μέλη
464 2450 523 2501 ἐν
557 2446 636 2515 τῷ
674 2447 909 2519 σώματι,
948 2447 1005 2499 ἓν
1038 2445 1271 2501 ἕκαστον
1311 2446 1489 2500 αὐτῶν
1528 2446 1711 2511 καθὼς
1739 2446 1868 2517 ἠθέ-

275 2541 435 2612 λησε.
469 2540 549 2593 Τὰ
587 2539 769 2610 μέντοι
800 2537 935 2610 μέλη
961 2539 1023 2592 τὸ
1055 2539 1187 2593 αὐτὸ
1223 2536 1562 2610 μεριμνῶσιν
1595 2537 1738 2609 ὑπὲρ
1772 2537 1869 2591 ἁλ-

276 2632 483 2703 λήλων,
530 2629 673 2684 κατὰ
700 2631 801 2700 τὴν
853 2629 1230 2701 πνευματικὴν
1275 2629 1557 2683 κοινωνίαν
1596 2630 1697 2701 τῆς
1732 2646 1869 2700 συμ-

278 2724 515 2787 τιαθείας
538 2724 723 2788 αὐτοῖς
754 2723 1125 2797 ὑπαρχούσης.
1159 2723 1360 2795 Διόπερ
1393 2723 1529 2776 Εἴτε
1553 2721 1775 2792 πάσχει
1800 2721 1871 2775 ἐν

274 2817 488 2887 μέλος,
512 2814 867 2887 συμπάσχει
891 2816 1091 2871 πάντα
1112 2816 1183 2870 τὰ
1202 2800 1390 2890 μέλη·
1422 2818 1542 2871 εἴτε
1566 2814 1870 2882 δοξάζεται

278 2913 354 2963 ἐν
376 2910 585 2980 μέλος,
616 2911 931 2981 συγχαίρει
960 2908 1156 2965 πάντα
1182 2911 1253 2964 τὰ
1277 2910 1455 2980 μέλη.
1485 2911 1596 2964 Καὶ
1620 2910 1696 2974 ὼς
1728 2911 1868 2981 μέρη

280 3003 343 3059 δὲ
372 3004 430 3055 ὲν
463 3001 590 3072 ὅλῳ,
625 3004 676 3056 οἱ
723 3001 846 3056 καθ’
891 3003 987 3057 ἕνα
1025 3004 1191 3075 ἐσμὲν
1227 3005 1284 3061 ἐν
1322 3003 1401 3073 τῷ
1444 3002 1750 3074 Πνεύματι·
1787 3004 1871 3058 ὅτι

281 3098 337 3148 ot
382 3096 585 3160 πάντες
630 3097 691 3150 ὲν
742 3096 825 3151 ὲνὶ
862 3095 1094 3172 σώματι,
1144 3100 1222 3162 είς
1268 3097 1326 3150 ἓν
1369 3097 1593 3169 Πνεῦμα
1648 3098 1873 3152 ἐϐαπτί-

284 3188 516 3262 σβημνεν-

1844 3319 1883 3364 ,ι

356 3455 448 3510 62.
490 3457 557 3512 Ὅ
586 3457 644 3517 δὲ
673 3455 976 3528 παράδοξον
1010 3456 1107 3528 μὲν
1137 3458 1329 3521 εἰπεῖν,
1360 3457 1558 3529 ἀληθὲς
1580 3457 1638 3512 δὲ
1661 3458 1872 3523 οὐδενὸς

282 3550 508 3603 ἔλαττον
539 3549 674 3620 (Η),
700 3550 784 3603 ὅτι
806 3549 901 3603 καὶ
921 3549 996 3612 ὼς
1020 3548 1173 3621 χώρα
1199 3549 1309 3604 τῶν
1338 3549 1716 3620 ἁγιαζομένων
1744 3552 1874 3604 πολ-

281 3643 446 3707 λάκις
472 3643 532 3696 τὸ
560 3641 791 3714 Πνεῦμα
827 3643 1064 3713 λέγεται,
1095 3644 1207 3697 Καὶ
1237 3646 1539 3715 φανήσεται
1570 3644 1691 3697 οὐδὲ
1721 3639 1875 3709 οὗτος

280 3738 314 3790 ὁ
340 3736 547 3807 τρόπος
577 3733 689 3806 (42)
723 3734 1183 3806 κατασμικρύνων
1213 3734 1275 3787 τὸ
1300 3734 1543 3801 Πνεῦμα,
1569 3732 1705 3787 ἀλλὰ
1739 3734 1876 3805 μᾶλ-

282 3829 378 3884 λον
424 3826 687 3894 δοξάζων.
722 3828 767 3882 Τ
772 3827 805 3881 ὰ
844 3827 954 3899 γάρ
1000 3845 1082 3881 τοι
1123 3827 1413 3899 σωματικὰ
1455 3827 1565 3880 τῶν
1596 3828 1875 3898 ὀνομάτων

283 3922 381 3976 καὶ
422 3922 515 3975 ἐπὶ
546 3922 646 3984 τὰς
675 3920 1057 3993 πνευματικὶς
1102 3921 1310 3986 ἐννοίας
1354 3920 1645 3993 ἐναργείας
1690 3921 1874 3974 ἕνεκεν

283 4014 552 4079 πολλάκις
584 4016 613 4067 6
641 4013 798 4083 λόγος
824 4014 1196 4086 μετακομίζει.
1229 4016 1629 4087 Τετηρήκαμεν
1660 4010 1752 4067 οὖν
1778 4014 1875 4066 καὶ

282 4111 382 4163 ἐπὶ
412 4108 507 4164 τοῦ
541 4108 677 4163 Θεοῦ
708 4108 800 4164 τὸν
828 4107 1134 4179 Ψαλμῳδὸν
1164 4107 1390 4175 λέγοντα
1407 4125 1421 4138 ο
1446 4107 1642 4161 Γενοῡ
1665 4124 1765 4176 μοι
1788 4111 1875 4173 εἰς

287 4203 445 4260 Θεὸν
476 4201 970 4271 ὑπερασπιστὴν,
1008 4200 1109 4254 καὶ
1151 4203 1240 4265 εἰς
1277 4200 1462 4254 τόπον
1508 4198 1731 4269 ὀχυρὸν
1768 4199 1874 4253 τοῦ

284 4296 491 4354 σῶσαί
513 4311 611 4365 με.
662 4294 801 4366 Περὶ
835 4293 895 4347 δὲ
936 4292 1033 4346 τοῦ
1080 4292 1420 4363 Πνεῦματος,
1475 4290 1629 4346 Ἰδοὺ
1667 4294 1871 4361 τόπος,

286 4389 449 4461 φησὶ,
500 4390 639 4458 παρ’
675 4386 829 4459 ἐμοὶ,
876 4386 976 4441 καὶ
1023 4384 1200 4455 στῆθι
1230 4385 1327 4438 ἐπὶ
1372 4383 1483 4452 τῆς
1515 4383 1768 4452 πέτρας·
1823 4383 1877 4438 τί

286 4480 420 4537 ἄλλο
450 4480 627 4549 λέγων
666 4479 766 4533 τὸν,
790 4478 955 4532 τόπον
998 4477 1160 4551 ῆτὴν
1203 4479 1259 4529 ὲν
1290 4475 1570 4544 Πνεύματι
1619 4474 1873 4547 Θεωρίαν,

286 4574 348 4626 ἐν
450 4573 770 4644 γενόμενος,
797 4571 1019 4625 ἐδύνατο
1051 4571 1178 4624 ἰδεῖν
1218 4568 1472 4639 γνωστῶς
1508 4567 1879 4640 ἐμφανιζόμε-

290 4684 383 4719 νον
412 4664 565 4735 αὐτῷ
590 4664 687 4719 τὸν
719 4664 853 4718 Θεὸν
889 4665 918 4716 6
961 4664 1197 4733 Μωῦσῆς
1224 4679 1239 4727 ;
1280 4656 1446 4726 Οὗτός
1490 4664 1637 4715 ἐστιν
1658 4664 1686 4716 6
1714 4661 1877 4724 τόπος

290 4760 324 4813 ὁ
353 4761 454 4831 τῆς
498 4758 760 4830 ἀληθινῆς
795 4757 1049 4829 λατρείας
1086 4757 1215 4820 ἴδιος
1262 4757 1393 4828 (45).
1438 4757 1707 4825 Πρόσεχε
1744 4757 1875 4828 γὰρ,

293 4853 454 4924 φησὶ.
493 4850 582 4921 μὴ
634 4848 966 4918 ἁνενέγκῃς
1010 4849 1080 4901 τὰ
1124 4847 1587 4917 όλοκαυτώματά
1636 4864 1753 4903 σου
1811 4850 1880 4903 ἐν

292 4952 475 5005 παντὶ
505 4945 693 5007 τόπῳ,
732 4942 871 4996 ἀλλ’
899 4942 969 4994 ἐν
1014 4939 1094 5007 τῷ
1130 4942 1309 5007 τόπῳ,
1341 4932 1391 5006 ᾧ
1437 4938 1514 4993 ἂν
1563 4939 1880 5009 ἐκλέξηται

293 5039 514 5106 Κύριος
548 5039 581 5091 ό
631 5034 776 5100 Θεοῖς
809 5048 949 5088 σου.
999 5033 1155 5087 Ποῖον
1202 5028 1295 5086 οὖν
1342 5033 1488 5085 ἐστιν
1521 5032 1880 5104 ὀλοκαύτωμα

292 5127 698 5199 πνευματικόνς
746 5126 811 5179 Ἦ
846 5123 1008 5179 θυσία
1048 5125 1148 5195 τῆς
1178 5123 1459 5186 αἰνέσεως.
1504 5123 1593 5175 Ἐν
1635 5123 1775 5194 ποίῳ
1818 5126 1877 5181 δὲ

366 5291 417 5324 ’⁸
437 5291 600 5347 Num.
625 5306 701 5347 ιι,
729 5287 822 5351 25,
856 5285 947 5340 ‘26.
1001 5300 1013 5310 '
1042 5286 1085 5317 ⁷⁹
1109 5284 1262 5339 Rom.
1287 5298 1405 5345 vut,
1444 5281 1531 5342 16,
1573 5284 1657 5337 15.

289 5377 429 5430 xxx,
459 5364 515 5417 δ’.
590 5362 639 5392 ⁸⁸
662 5359 837 5414 Exod.
870 5371 1072 5422 sum,
1096 5355 1185 5410 21.
1272 5356 1316 5386 ⁸⁵
1347 5354 1504 5408 Deut.
1537 5370 1636 5418 xu,
1672 5354 1757 5410 r3.

366 5480 481 5547 (40)
529 5476 893 5549 Ἐγκάρδιον,
921 5474 997 5529 Ita
1039 5491 1177 5549 mss.
1201 5474 1459 5549 codices;
1476 5472 1614 5549 Editi
1654 5474 1714 5527 ἐν
1742 5492 1877 5543 καρο

292 5543 403 5620 δία.
439 5543 564 5604 Mox
595 5543 734 5604 editi
786 5547 996 5620 addunt
1037 5545 1192 5620 ἡμῶν
1242 5554 1365 5615 post
1415 5543 1714 5614 Πνεῦματι,
1756 5561 1879 5620 quae

293 5616 399 5677 vos
428 5621 584 5676 deest
612 5620 669 5673 in
712 5618 969 5671 omnibus
1012 5616 1218 5671 nostris
1251 5631 1383 5671 mss.
1432 5629 1531 5669 nec
1563 5616 1875 5680 necessaria

293 5691 533 5751 videtur.
570 5703 699 5744 cum
744 5689 907 5757 paulo
927 5695 1053 5756 post
1083 5692 1380 5757 repetatur.

370 5756 763 5833 (4006657651
776 5758 1049 5833 ἔλαττον.
1076 5756 1190 5810 Duo
1210 5756 1433 5833 θοῶς-οε
1454 5758 1610 5833 obesa
1631 5756 1870 5833 ἔλαττον.

372 5826 482 5907 (42)
528 5833 594 5886 '0
630 5831 872 5897 τρόπος.
910 5826 997 5884 Sic
1032 5843 1162 5885 mss.
1192 5842 1308 5885 sex.
1338 5827 1479 5895 Editi
1504 5830 1531 5883 ὁ
1553 5827 1726 5895 λόγος.
1754 5829 1877 5885 Mox

1909 4536 1958 4591 D

1749 5282 1794 5313 ⁸⁸
1824 5284 2010 5338 Matth.
2049 5300 2103 5345 ν,
2131 5280 2223 5333 9.0.

1855 5355 1900 5387 ⁸⁵
1924 5354 2069 5409 Psal.
2108 5367 2256 5411 xux,
2300 5348 2379 5401 li.

1959 602 2305 673 septuaginta
2345 605 2593 661 seniores
2651 607 2887 662 ﬁliorum
2929 608 3137 673 Israel,
3206 617 3403 679 praeter
3456 606 3521 661 El

1959 691 2077 747 dad-
2096 703 2151 749 et
2192 692 2462 751 Modad‘"
2489 697 2640 769 (nam
2673 700 2819 770 apud
2853 700 2956 756 bos
2988 701 3137 759 solos
3169 716 3235 755 ex
3283 698 3546 755 omnibus

1962 783 2228 856 Spiritum
2262 789 2538 850 mansisse
2571 793 2843 865 apparet),
2893 802 2948 849 et
2973 795 3029 851 in
3062 809 3302 864 genere,
3337 793 3384 849 si
3418 792 3546 863 quis

1960 885 2044 934 est
2089 879 2210 934 istis
2237 881 2403 936 animi
2438 885 2723 956 proposito
2782 887 3110 943 consimilis.
3171 884 3303 940 item
3355 900 3549 956 quem.

1962 971 2254 1027 admodum
2325 975 2555 1030 verbum
2608 984 2694 1033 est
2748 977 2803 1031 in
2869 978 3092 1042 animo,
3141 977 3416 1033 interdum
3488 984 3550 1041 ut

1962 1062 2018 1116 in
2069 1063 2235 1119 corde
2274 1067 2606 1136 cogitatum,
2662 1067 2947 1124 interdum
3000 1079 3056 1123 ut
3111 1068 3295 1139 lingua
3368 1068 3552 1138 prola-

1960 1164 2078 1210 tum
2117 1175 2133 1214 :
2166 1158 2247 1213 sic
2299 1167 2354 1213 et
2402 1157 2644 1230 Spiritus
2680 1170 2932 1224 sanctus,
2987 1165 3072 1217 vel
3105 1162 3209 1234 52
3232 1178 3359 1216 cum
3399 1161 3553 1215 testi-

1962 1250 2206 1305 monium
2234 1252 2440 1323 praebet
2471 1254 2688 1323 spiritui
2726 1265 2939 1319 nostro,
2971 1264 3027 1310 et.
3062 1256 3265 1309 clamat
3288 1255 3343 1310 in
3375 1253 3554 1309 cordi-

1961 1343 2067 1397 bus
2107 1344 2310 1399 nostris
2339 1384 2354 1409 ,
2397 1344 2567 1412 Abba,
2612 1343 2780 1401 Pater
2802 1347 2870 1410 ⁷⁸,
2908 1348 2991 1402 vel
3019 1363 3143 1402 eum
3178 1347 3422 1416 loquitur
3452 1360 3554 1416 pro

1963 1435 2144 1499 nobis,
2185 1437 2343 1506 juxta
2407 1437 2461 1491 id
2500 1438 2648 1509 quod
2703 1438 2911 1493 dictum
2966 1450 3092 1502 est,
3140 1438 3265 1498 Non
3292 1456 3380 1494 vos
3425 1438 3554 1492 estis

1962 1528 2051 1597 qui
2082 1527 2398 1599 loquimini,
2457 1530 2560 1584 sed
2616 1528 2852 1598 Spiritus
2900 1529 3131 1595 Patris,
3177 1531 3269 1601 qui
3318 1530 3556 1601 loquitur

1962 1620 2015 1672 in
2045 1622 2186 1675 vobis
2211 1621 2279 1675 ⁸ο.
2312 1619 2432 1675 Jam
2471 1636 2603 1677 vero
2627 1630 2682 1676 et
2718 1630 2772 1675 ut
2816 1630 2988 1677 totum
3032 1623 3087 1677 in
3127 1623 3398 1692 partibus,
3430 1621 3557 1691 Spi-

1964 1713 2104 1767 ritus
2155 1708 2484 1785 intelligitur
2521 1715 2680 1784 juxta
2745 1716 3016 1768 donorum
3085 1715 3554 1769 distributionem.

1964 1802 2166 1860 Omnes
2212 1806 2360 1860 enim
2423 1798 2660 1860 invicem
2719 1822 2912 1861 sumus
2976 1806 3259 1867 membra,
3320 1805 3415 1860 sed
3456 1805 3560 1866 ha-

1966 1895 2154 1948 bentes
2210 1895 2352 1947 dona
2401 1894 2704 1949 secundum
2758 1893 2851 1948 Dei
2900 1894 3130 1962 gratiam
3180 1891 3338 1944 nobis
3372 1890 3558 1944 datam

1965 1987 2201 2044 diversa.
2242 1988 2319 2042 Ea
2360 2000 2582 2059 propter
2626 1987 2752 2041 Non
2794 1996 2965 2056 potest
3004 1985 3177 2040 dicere
3224 1983 3408 2038 oculus
3442 1999 3559 2036 ma-

1964 2081 2059 2134 nui
2086 2096 2104 2133 .'
2171 2078 2291 2133 Non
2334 2098 2464 2151 opus
2520 2081 2683 2136 habeo
2716 2091 2766 2135 te
2782 2096 2804 2146 ;
2871 2088 2965 2132 aut
3010 2094 3198 2133 rursus
3257 2086 3418 2147 caput
3466 2089 3561 2144 pe-

1965 2170 2150 2225 dibus:
2192 2169 2317 2224 Non
2369 2182 2447 2225 est
2477 2173 2607 2226 mihi
2636 2172 2778 2226 vobis
2811 2187 2944 2241 opus
2968 2171 3037 2224 ⁸³.
3077 2169 3185 2224 Sed
3220 2167 3406 2223 omnia
3430 2166 3560 2237 qui-

1968 2260 2092 2315 dem
2157 2260 2323 2315 simul
2382 2263 2660 2330 complent
2708 2277 2912 2331 corpus
2980 2258 3190 2314 Christi
3237 2258 3295 2312 in
3345 2257 3560 2313 unitate

1971 2350 2244 2419 Spiritus;
2280 2353 2652 2406 necessariam
2714 2358 2896 2406 autem
2933 2349 3225 2406 utilitatem
3270 2347 3376 2403 sibi
3414 2347 3561 2403 invi-

1969 2458 2087 2497 cem
2153 2443 2394 2499 reddunt
2436 2460 2502 2499 ex
2539 2445 2723 2500 donis.
2772 2443 2917 2501 Deus
2977 2443 3125 2499 enim
3166 2442 3351 2513 posuit
3385 2456 3562 2496 mem-

1968 2534 2066 2589 bra
2098 2535 2152 2590 in
2203 2551 2434 2607 corpore
2459 2577 2474 2602 ,
2530 2535 2965 2607 unumquodque
3007 2536 3226 2589 illorum
3268 2542 3328 2589 ut
3362 2533 3558 2589 voluit.

1969 2622 2209 2679 Membra
2244 2637 2423 2681 autem
2464 2625 2711 2681 eamdem
2752 2625 2956 2681 habent
3002 2641 3101 2696 pro
3136 2640 3196 2681 se
3231 2632 3420 2679 mutuo
3449 2623 3565 2679 sol-

1969 2716 2314 2772 licitudinem
2342 2759 2357 2784 ,
2397 2718 2555 2787 juxta
2603 2718 2950 2788 spiritualem
3003 2727 3209 2771 mutuae
3255 2714 3564 2777 aﬂ‘ectiOnis

1973 2808 2109 2879 ipsis
2167 2809 2347 2865 insitae
2405 2810 2873 2868 communionem.
2938 2808 3128 2880 quue
3182 2808 3304 2865 Siue
3356 2808 3566 2878 patitur

1972 2917 2137 2955 unum
2198 2900 2527 2964 membrum,
2581 2918 2691 2954 una
2735 2917 2857 2954 cum
2913 2916 2973 2954 eo
3038 2901 3322 2971 patiuntur
3379 2899 3588 2957 omnia.

1974 2993 2207 3047 membra
2246 3011 2264 3047 :
2315 2994 2418 3047 sive
2473 2993 2810 3068 gloriﬁcatur
2869 3008 3035 3049 unum
3087 2990 3419 3054 membrum,
3484 2989 3593 3043 εἰς.

1976 3085 2089 3140 mul
2139 3085 2371 3156 gaudent
2423 3088 2605 3139 omnia
2645 3082 2880 3141 membra
2905 3084 2975 3137 ⁸³.
3039 3079 3259 3137 Rursus
3296 3077 3562 3151 quemad-

1902 3191 1947 3250 ο
1981 3179 2204 3235 modum
2253 3185 2438 3248 partes
2477 3184 2608 3235 Stult
2647 3176 2702 3230 in
2734 3185 2869 3243 toto,
2907 3174 2984 3230 ita
3025 3173 3227 3245 singuli
3260 3186 3455 3229 sumus
3502 3171 3581 3231 in.

1978 3270 2211 3341 Spiritu,
2266 3275 2334 3325 eo
2375 3268 2523 3339 quod
2559 3282 2754 3323 omnes
2790 3267 2845 3322 in
2890 3283 3000 3321 uno
3039 3280 3275 3336 corpore
3304 3266 3361 3319 in
3390 3278 3563 3319 unum

1978 3363 2244 3433 Spiritum
2273 3361 2536 3435 baptizati
2564 3374 2777 3414 sumus.

2046 3452 2136 3507 62.
2175 3452 2349 3508 Porro
2397 3452 2546 3524 quod
2587 3453 2787 3505 mirum
2850 3450 3002 3504 dictu
3058 3449 3353 3515 videbitur,
3391 3447 3565 3505 nihilo

1976 3553 2161 3601 tamen
2213 3546 2398 3599 minus
2448 3559 2640 3601 verum
2697 3550 2826 3608 est;
2868 3542 3035 3597 etiam
3067 3542 3233 3598 veluti
3269 3543 3425 3597 locus
3461 3555 3560 3596 eo-

1974 3654 2098 3695 rum
2127 3638 2230 3710 qui
2267 3636 2685 3694 sanctiﬁcantur
2705 3676 2732 3703 ,‘
2762 3650 3144 3709 saepenumero
3203 3634 3407 3691 dicitur
3440 3632 3567 3707 Spit

1976 3733 2137 3787 ritus.
2188 3730 2255 3785 Et
2309 3731 2583 3788 constabit
2611 3746 2681 3787 ne
2733 3730 2839 3786 hoc
2881 3730 3101 3802 quidem
3151 3727 3412 3801 loquendi
3465 3742 3565 3798 ge-

1977 3841 2108 3882 nere
2169 3825 2402 3882 diminui
2466 3825 2730 3895 Spiritum
2756 3866 2782 3892 ,,
2839 3825 2937 3882 sed
2998 3823 3292 3896 gloriﬁcari
3356 3819 3563 3891 potius.

1980 3918 2110 3973 Nam
2158 3920 2380 3974 nomina
2417 3919 2721 3989 corporalia
2776 3918 2942 3975 etiam
2982 3917 3049 3972 ad
3112 3916 3424 3989 spirituales
3476 3913 3564 3968 in-

1981 4011 2329 4083 telligentias,
2357 4010 2647 4067 evidentia:
2678 4011 2876 4083 gratia,
2919 4009 3235 4081 frequenter
3276 4007 3566 4078 Scriptura

1980 4102 2263 4158 transfert.
2300 4101 2732 4158 Observavimus
2771 4103 2938 4173 igitur
2990 4110 3047 4157 et
3085 4098 3440 4157 Psalmodum
3497 4095 3568 4155 de

1985 4194 2095 4252 Deo
2137 4197 2446 4266 loquentem
2479 4235 2494 4262 ,
2554 4193 2685 4251 Esto
2751 4194 2882 4248 mihi
2911 4195 2965 4249 in
2995 4192 3165 4248 Deum
3191 4200 3562 4264 protectorem,

1983 4299 2031 4343 et
2086 4290 2147 4345 in
2187 4289 2359 4343 locum
2422 4289 2727 4351 munitum,
2782 4296 2842 4341 ut
2895 4286 3101 4342 salvum
3149 4303 3230 4340 me
3295 4284 3466 4355 facias
3494 4283 3561 4339 ⁸³.

1985 4381 2061 4437 De
2092 4380 2300 4452 Spiritu
2338 4396 2505 4447 vero,
2564 4379 2700 4438 Ecce
2738 4379 2887 4435 locus
2912 4421 2927 4444 ,
2982 4379 3198 4449 inquit,
3255 4377 3397 4447 apud
3442 4392 3563 4441 me,

1984 4484 2033 4529 et
2067 4484 2152 4529 sta
2200 4491 2359 4545 super
2415 4483 2621 4545 petram
2649 4472 2697 4506 ⁸⁸
2755 4489 2773 4526 ι
2821 4471 2953 4542 quid
2991 4470 3138 4527 aliud
3169 4471 3450 4542 appellans
3481 4469 3566 4527 10-

1984 4581 2147 4631 cum,
2204 4566 2311 4622 nisi
2360 4567 2623 4621 visionem
2663 4566 2717 4621 in
2759 4562 3008 4633 Spiritu,
3067 4564 3121 4617 in
3163 4578 3268 4634 qua
3317 4575 3443 4617 cum
3477 4576 3568 4625 es-

1985 4667 2070 4717 set
2098 4657 2535 4729 Moyses,‘pot.uit
2570 4657 2755 4711 videre
2796 4655 2965 4710 Deum
3007 4656 3290 4711 evidenter
3327 4653 3430 4723 ipsi
3463 4665 3564 4720 ap-

1978 4751 2302 4823 parentem?
2339 4748 2438 4804 llic
2492 4756 2579 4804 est
2640 4749 2795 4804 locus
2845 4764 2987 4803 vera:
3044 4745 3385 4801 adorationis
3436 4758 3566 4814 pro-

1978 4845 2164 4916 prius..
2203 4843 2427 4897 Attende
2472 4842 2635 4904 enim,
2696 4838 2914 4911 inquit,
2980 4853 3045 4893 ne
3087 4838 3281 4907 o/feras
3308 4835 3563 4889 holocau-

1981 4946 2184 4993 tomata
2236 4945 2330 4991 tua
2387 4936 2445 4989 in
2476 4933 2658 5004 quovis
2690 4932 2830 4999 loco,
2889 4930 2981 4987 sed
3035 4933 3090 4984 in
3134 4932 3248 4984 loco
3284 4944 3567 5000 quemcun-

1977 5047 2074 5101 que
2111 5027 2321 5098 elegerit
2371 5025 2632 5080 Dominus
2703 5023 2846 5079 Deus
2897 5032 3017 5077 tuus
3044 5024 3109 5076 ⁸³.
3169 5022 3326 5088 Quod
3398 5020 3567 5089 igitur

1977 5131 2060 5180 est
2109 5120 2494 5176 holocautoma
2546 5114 2869 5186 spirituale?
2914 5112 3259 5168 Sacriﬁcium
3295 5112 3475 5168 laudis
3495 5112 3568 5173 ⁸⁸.

2319 5277 2360 5309 ⁸¹
2393 5277 2409 5329 l
2450 5278 2575 5328 (lor.
2638 5288 2735 5335 xu,
2768 5272 2860 5327 21.
2932 5270 3129 5325 l“ibid.
3160 5270 3251 5330 9.6.
3345 5271 3389 5302 ³³
3415 5268 3564 5327 Psal.

1979 5469 2193 5552 editira
2225 5470 2435 5539 μέντοι,
2474 5475 2528 5522 et
2556 5466 2718 5535 paulo
2744 5472 2870 5537 post
2892 5464 3171 5536 ἐνεργείας
3197 5462 3403 5518 ἕνεκεν.
3428 5461 3563 5524 Mss.

1979 5548 2398 5684 ωᾶἒῖῗῗὲῗὲς.
2434 5606 2615 5684 Edilio
2637 5606 2973 5684 Basileensis
3001 5606 3193 5684 ῥιΐᾷιος,
3225 5606 3372 5684 quod
3416 5613 3566 5684 recte

1977 5673 2330 5737 emendatum
2355 5673 2418 5734 in
2440 5678 2764 5739 Parisieusi.
2802 5677 2925 5732 Mox
2954 5678 3084 5732 editi
3104 5748 3117 5749 γ
3135 5677 3210 5749 μὴ
3242 5673 3477 5747 ἒνέγκῃς
3498 5673 3566 5728 τὸ

1975 5753 2356 5822 ὁλοκαύτωμα,
2383 5759 2436 5823 et
2458 5755 2514 5821 ,ἐν
2546 5750 2623 5817 τῶ
2645 5749 2817 5822 τόπῳ,
2842 5749 2922 5819 τῷ
2943 5749 3055 5804 ἐάν.
3088 5748 3321 5806 Codices
3342 5762 3483 5805 ωδ..
3501 5751 3572 5805 tit

1974 5826 2031 5883 in
2062 5830 2231 5889 textu.
