  <div class='ocr_page' id='page_1' title='image "/cluster/home/n/w/nwhite01/storage/ocr_20150623/32/mdp.39015011915462/101.png"; bbox 0 0 3886 6220; ppageno 0'>
   <div class='ocr_carea' id='block_1_1' title="bbox 361 332 467 390">
    <p class='ocr_par' dir='ltr' id='par_1_1' title="bbox 361 332 467 390">
     <span class='ocr_line' id='line_1_1' title="bbox 361 332 467 390; baseline 0.028 -3"><span class='ocrx_word' id='word_1_1' title='bbox 361 332 467 390; x_wconf 64' lang='grc'><strong>185</strong></span> 
     </span>
    </p>
   </div>
   <div class='ocr_carea' id='block_1_2' title="bbox 1694 347 2297 408">
    <p class='ocr_par' dir='ltr' id='par_1_2' title="bbox 1694 347 2297 408">
     <span class='ocr_line' id='line_1_2' title="bbox 1694 347 2297 408; baseline 0.008 -5"><span class='ocrx_word' id='word_1_2' title='bbox 1694 347 1753 404; x_wconf 86' lang='lat' dir='ltr'><strong>S.</strong></span> <span class='ocrx_word' id='word_1_3' title='bbox 1792 347 2038 405; x_wconf 82' lang='lat' dir='ltr'><strong>BASILII</strong></span> <span class='ocrx_word' id='word_1_4' title='bbox 2079 351 2297 408; x_wconf 77' lang='lat' dir='ltr'><strong>MAGNI</strong></span> 
     </span>
    </p>
   </div>
   <div class='ocr_carea' id='block_1_3' title="bbox 3506 359 3610 415">
    <p class='ocr_par' dir='ltr' id='par_1_3' title="bbox 3506 359 3610 415">
     <span class='ocr_line' id='line_1_3' title="bbox 3506 359 3610 415; baseline 0.019 -2"><span class='ocrx_word' id='word_1_5' title='bbox 3506 359 3610 415; x_wconf 66' lang='grc'><strong>184</strong></span> 
     </span>
    </p>
   </div>
   <div class='ocr_carea' id='block_1_4' title="bbox 358 451 1939 547">
    <p class='ocr_par' dir='ltr' id='par_1_4' title="bbox 358 451 1931 547">
     <span class='ocr_line' id='line_1_4' title="bbox 358 451 1931 547; baseline 0.01 -40"><span class='ocrx_word' id='word_1_6' title='bbox 358 451 488 547; x_wconf 76' lang='lat' dir='ltr'><strong>Quo</strong></span> <span class='ocrx_word' id='word_1_7' title='bbox 625 456 768 547; x_wconf 69' lang='lat' dir='ltr'><strong>loco</strong></span> <span class='ocrx_word' id='word_1_8' title='bbox 800 456 906 512; x_wconf 86' lang='lat' dir='ltr'><strong>hoc</strong></span> <span class='ocrx_word' id='word_1_9' title='bbox 950 457 1245 517; x_wconf 75' lang='lat' dir='ltr'><strong>olferemus</strong></span> <span class='ocrx_word' id='word_1_10' title='bbox 1270 501 1287 525; x_wconf 90' lang='lat'><strong>,</strong></span> <span class='ocrx_word' id='word_1_11' title='bbox 1327 463 1437 547; x_wconf 60' lang='lat' dir='ltr'><strong>nisi</strong></span> <span class='ocrx_word' id='word_1_12' title='bbox 1474 463 1526 518; x_wconf 90' lang='lat' dir='ltr'><strong>in</strong></span> <span class='ocrx_word' id='word_1_13' title='bbox 1561 464 1766 536; x_wconf 67' lang='lat' dir='ltr'><strong>Spiritu</strong></span> <span class='ocrx_word' id='word_1_14' title='bbox 1802 482 1931 523; x_wconf 86' lang='lat' dir='ltr'><strong>san-</strong></span> 
     </span>
    </p>
   </div>
   <div class='ocr_carea' id='block_1_5' title="bbox 2045 451 3609 547">
    <p class='ocr_par' dir='ltr' id='par_1_5' title="bbox 2045 472 3609 547">
     <span class='ocr_line' id='line_1_5' title="bbox 2045 472 3609 547; baseline 0.002 -23"><span class='ocrx_word' id='word_1_15' title='bbox 2045 472 2181 543; x_wconf 78' lang='grc' dir='ltr'>τόπῳ</span> <span class='ocrx_word' id='word_1_16' title='bbox 2222 474 2425 544; x_wconf 83' lang='grc' dir='ltr'>ταύτην</span> <span class='ocrx_word' id='word_1_17' title='bbox 2467 474 2867 546; x_wconf 79' lang='grc' dir='ltr'><strong>προσφέρομεν,</strong></span> <span class='ocrx_word' id='word_1_18' title='bbox 2904 474 2936 543; x_wconf 80' lang='grc' dir='ltr'>ἢ</span> <span class='ocrx_word' id='word_1_19' title='bbox 2970 473 3082 546; x_wconf 72' lang='grc'><strong>(44)</strong></span> <span class='ocrx_word' id='word_1_20' title='bbox 3123 475 3182 527; x_wconf 79' lang='grc' dir='ltr'><strong>έν</strong></span> <span class='ocrx_word' id='word_1_21' title='bbox 3221 473 3300 544; x_wconf 83' lang='grc' dir='ltr'>τῷ</span> <span class='ocrx_word' id='word_1_22' title='bbox 3325 474 3609 547; x_wconf 72' lang='grc' dir='ltr'>Πνεῦματι</span> 
     </span>
    </p>
   </div>
   <div class='ocr_carea' id='block_1_6' title="bbox 358 530 1930 623">
    <p class='ocr_par' dir='ltr' id='par_1_6' title="bbox 358 530 1930 623">
     <span class='ocr_line' id='line_1_6' title="bbox 358 530 1930 623; baseline 0.01 -27"><span class='ocrx_word' id='word_1_23' title='bbox 358 544 492 597; x_wconf 72' lang='lat' dir='ltr'><strong>ctu?</strong></span> <span class='ocrx_word' id='word_1_24' title='bbox 535 540 639 599; x_wconf 90' lang='lat' dir='ltr'><strong>Ubi</strong></span> <span class='ocrx_word' id='word_1_25' title='bbox 689 547 791 601; x_wconf 89' lang='lat' dir='ltr'><strong>hoc</strong></span> <span class='ocrx_word' id='word_1_26' title='bbox 837 547 1183 606; x_wconf 75' lang='lat' dir='ltr'><strong>didicimus?</strong></span> <span class='ocrx_word' id='word_1_27' title='bbox 1232 552 1317 606; x_wconf 83' lang='lat' dir='ltr'><strong>Ab</strong></span> <span class='ocrx_word' id='word_1_28' title='bbox 1350 530 1478 623; x_wconf 81' lang='lat' dir='ltr'><strong>ipso</strong></span> <span class='ocrx_word' id='word_1_29' title='bbox 1520 530 1751 611; x_wconf 76' lang='lat' dir='ltr'><strong>Domino</strong></span> <span class='ocrx_word' id='word_1_30' title='bbox 1845 559 1930 613; x_wconf 92' lang='lat' dir='ltr'><strong>di-</strong></span> 
     </span>
    </p>
   </div>
   <div class='ocr_carea' id='block_1_7' title="bbox 359 634 1937 717">
    <p class='ocr_par' dir='ltr' id='par_1_7' title="bbox 359 634 1937 717">
     <span class='ocr_line' id='line_1_7' title="bbox 359 634 1937 717; baseline 0.011 -30"><span class='ocrx_word' id='word_1_31' title='bbox 359 641 519 689; x_wconf 90' lang='lat' dir='ltr'><strong>cente</strong></span> <span class='ocrx_word' id='word_1_32' title='bbox 542 674 557 696; x_wconf 87' lang='lat'><strong>,</strong></span> <span class='ocrx_word' id='word_1_33' title='bbox 607 634 727 690; x_wconf 82' lang='lat' dir='ltr'><strong>Veri</strong></span> <span class='ocrx_word' id='word_1_34' title='bbox 754 636 1065 695; x_wconf 79' lang='lat' dir='ltr'><strong>adoratores</strong></span> <span class='ocrx_word' id='word_1_35' title='bbox 1119 642 1418 697; x_wconf 83' lang='lat' dir='ltr'><strong>adorabunt</strong></span> <span class='ocrx_word' id='word_1_36' title='bbox 1486 644 1698 701; x_wconf 84' lang='lat' dir='ltr'><strong>Patrem</strong></span> <span class='ocrx_word' id='word_1_37' title='bbox 1727 648 1784 701; x_wconf 86' lang='lat' dir='ltr'><strong>in</strong></span> <span class='ocrx_word' id='word_1_38' title='bbox 1814 646 1937 717; x_wconf 78' lang='lat' dir='ltr'><strong>Spi-</strong></span> 
     </span>
    </p>
   </div>
   <div class='ocr_carea' id='block_1_8' title="bbox 359 723 1936 794">
    <p class='ocr_par' dir='ltr' id='par_1_8' title="bbox 359 723 1936 794">
     <span class='ocr_line' id='line_1_8' title="bbox 359 723 1936 794; baseline 0.012 -20"><span class='ocrx_word' id='word_1_39' title='bbox 359 723 468 777; x_wconf 85' lang='lat' dir='ltr'><strong>ritu</strong></span> <span class='ocrx_word' id='word_1_40' title='bbox 521 734 573 778; x_wconf 81' lang='lat' dir='ltr'><strong>et</strong></span> <span class='ocrx_word' id='word_1_41' title='bbox 625 728 839 782; x_wconf 75' lang='lat' dir='ltr'><strong>veritate</strong></span> <span class='ocrx_word' id='word_1_42' title='bbox 864 730 931 783; x_wconf 80' lang='lat'><strong>&quot;.</strong></span> <span class='ocrx_word' id='word_1_43' title='bbox 989 729 1145 785; x_wconf 38' lang='lat' dir='ltr'><strong>l‘lunc</strong></span> <span class='ocrx_word' id='word_1_44' title='bbox 1192 731 1374 788; x_wconf 87' lang='lat' dir='ltr'><strong>locum</strong></span> <span class='ocrx_word' id='word_1_45' title='bbox 1406 750 1532 789; x_wconf 89' lang='lat' dir='ltr'><strong>cum</strong></span> <span class='ocrx_word' id='word_1_46' title='bbox 1586 736 1813 794; x_wconf 86' lang='lat' dir='ltr'><strong>vidisset</strong></span> <span class='ocrx_word' id='word_1_47' title='bbox 1839 738 1936 793; x_wconf 82' lang='lat' dir='ltr'><strong>Ja-</strong></span> 
     </span>
    </p>
   </div>
   <div class='ocr_carea' id='block_1_9' title="bbox 359 812 1938 900">
    <p class='ocr_par' dir='ltr' id='par_1_9' title="bbox 359 812 1938 900">
     <span class='ocr_line' id='line_1_9' title="bbox 359 812 1938 900; baseline 0.013 -35"><span class='ocrx_word' id='word_1_48' title='bbox 359 812 466 866; x_wconf 89' lang='lat' dir='ltr'><strong>cob</strong></span> <span class='ocrx_word' id='word_1_49' title='bbox 496 813 636 868; x_wconf 83' lang='lat' dir='ltr'><strong>dixit</strong></span> <span class='ocrx_word' id='word_1_50' title='bbox 672 831 686 866; x_wconf 88' lang='lat'><strong>:</strong></span> <span class='ocrx_word' id='word_1_51' title='bbox 721 816 982 874; x_wconf 81' lang='lat' dir='ltr'><strong>Dominus</strong></span> <span class='ocrx_word' id='word_1_52' title='bbox 1009 831 1087 876; x_wconf 80' lang='lat' dir='ltr'><strong>est</strong></span> <span class='ocrx_word' id='word_1_53' title='bbox 1118 824 1175 877; x_wconf 88' lang='lat' dir='ltr'><strong>in</strong></span> <span class='ocrx_word' id='word_1_54' title='bbox 1210 823 1324 878; x_wconf 82' lang='lat' dir='ltr'><strong>loco</strong></span> <span class='ocrx_word' id='word_1_55' title='bbox 1359 824 1457 879; x_wconf 85' lang='lat' dir='ltr'><strong>hoc</strong></span> <span class='ocrx_word' id='word_1_56' title='bbox 1473 827 1541 884; x_wconf 83' lang='grc'><strong>⁸⁸.</strong></span> <span class='ocrx_word' id='word_1_57' title='bbox 1577 826 1765 899; x_wconf 78' lang='lat' dir='ltr'><strong>Itaque</strong></span> <span class='ocrx_word' id='word_1_58' title='bbox 1812 827 1938 900; x_wconf 88' lang='lat' dir='ltr'><strong>Spi-</strong></span> 
     </span>
    </p>
   </div>
   <div class='ocr_carea' id='block_1_10' title="bbox 361 904 1930 985">
    <p class='ocr_par' dir='ltr' id='par_1_10' title="bbox 361 904 1930 985">
     <span class='ocr_line' id='line_1_10' title="bbox 361 904 1930 985; baseline 0.014 -32"><span class='ocrx_word' id='word_1_59' title='bbox 361 904 503 957; x_wconf 86' lang='lat' dir='ltr'><strong>ritus</strong></span> <span class='ocrx_word' id='word_1_60' title='bbox 532 920 659 962; x_wconf 85' lang='lat' dir='ltr'><strong><em>vere</em></strong></span> <span class='ocrx_word' id='word_1_61' title='bbox 697 907 853 965; x_wconf 91' lang='lat' dir='ltr'><strong>locus</strong></span> <span class='ocrx_word' id='word_1_62' title='bbox 899 920 984 966; x_wconf 92' lang='lat' dir='ltr'><strong>est</strong></span> <span class='ocrx_word' id='word_1_63' title='bbox 1014 921 1354 969; x_wconf 90' lang='lat' dir='ltr'><strong>sanctorum.</strong></span> <span class='ocrx_word' id='word_1_64' title='bbox 1407 913 1643 974; x_wconf 86' lang='lat' dir='ltr'><strong>Sanctus</strong></span> <span class='ocrx_word' id='word_1_65' title='bbox 1704 918 1888 974; x_wconf 88' lang='lat' dir='ltr'><strong>itidem</strong></span> <span class='ocrx_word' id='word_1_66' title='bbox 1912 960 1930 985; x_wconf 94' lang='lat'><strong>,</strong></span> 
     </span>
    </p>
   </div>
   <div class='ocr_carea' id='block_1_11' title="bbox 362 994 1927 1080">
    <p class='ocr_par' dir='ltr' id='par_1_11' title="bbox 362 994 1927 1080">
     <span class='ocr_line' id='line_1_11' title="bbox 362 994 1927 1080; baseline 0.012 -33"><span class='ocrx_word' id='word_1_67' title='bbox 362 994 518 1065; x_wconf 77' lang='lat' dir='ltr'><strong>locus</strong></span> <span class='ocrx_word' id='word_1_68' title='bbox 551 996 898 1068; x_wconf 85' lang='lat' dir='ltr'><strong>est.Spiritui</strong></span> <span class='ocrx_word' id='word_1_69' title='bbox 934 1004 1194 1073; x_wconf 78' lang='lat' dir='ltr'><strong>proprius</strong></span> <span class='ocrx_word' id='word_1_70' title='bbox 1226 1044 1241 1068; x_wconf 94' lang='lat'><strong>,</strong></span> <span class='ocrx_word' id='word_1_71' title='bbox 1300 1021 1367 1062; x_wconf 89' lang='lat' dir='ltr'><strong>ac</strong></span> <span class='ocrx_word' id='word_1_72' title='bbox 1420 1009 1629 1077; x_wconf 67' lang='lat' dir='ltr'><strong>praebet</strong></span> <span class='ocrx_word' id='word_1_73' title='bbox 1685 1010 1927 1080; x_wconf 89' lang='lat' dir='ltr'><strong>seipsum</strong></span> 
     </span>
    </p>
   </div>
   <div class='ocr_carea' id='block_1_12' title="bbox 363 1083 1936 1165">
    <p class='ocr_par' dir='ltr' id='par_1_12' title="bbox 363 1083 1936 1165">
     <span class='ocr_line' id='line_1_12' title="bbox 363 1083 1936 1165; baseline 0.011 -30"><span class='ocrx_word' id='word_1_74' title='bbox 363 1090 426 1135; x_wconf 88' lang='lat' dir='ltr'><strong>ut</strong></span> <span class='ocrx_word' id='word_1_75' title='bbox 475 1083 738 1141; x_wconf 91' lang='lat' dir='ltr'><strong>inhabitet</strong></span> <span class='ocrx_word' id='word_1_76' title='bbox 793 1102 919 1142; x_wconf 91' lang='lat' dir='ltr'><strong>cum</strong></span> <span class='ocrx_word' id='word_1_77' title='bbox 962 1090 1071 1145; x_wconf 91' lang='lat' dir='ltr'><strong>Deo</strong></span> <span class='ocrx_word' id='word_1_78' title='bbox 1098 1131 1114 1157; x_wconf 96' lang='lat'><strong>,</strong></span> <span class='ocrx_word' id='word_1_79' title='bbox 1172 1107 1238 1148; x_wconf 88' lang='lat' dir='ltr'><strong>ac</strong></span> <span class='ocrx_word' id='word_1_80' title='bbox 1270 1095 1533 1165; x_wconf 83' lang='lat' dir='ltr'><strong>templum</strong></span> <span class='ocrx_word' id='word_1_81' title='bbox 1591 1097 1740 1152; x_wconf 87' lang='lat' dir='ltr'><strong>illius</strong></span> <span class='ocrx_word' id='word_1_82' title='bbox 1773 1113 1936 1153; x_wconf 86' lang='lat' dir='ltr'><strong>voca-</strong></span> 
     </span>
    </p>
   </div>
   <div class='ocr_carea' id='block_1_13' title="bbox 362 1177 1936 1255">
    <p class='ocr_par' dir='ltr' id='par_1_13' title="bbox 362 1177 1936 1255">
     <span class='ocr_line' id='line_1_13' title="bbox 362 1177 1936 1255; baseline 0.009 -27"><span class='ocrx_word' id='word_1_83' title='bbox 362 1184 472 1229; x_wconf 86' lang='lat' dir='ltr'><strong>tur.</strong></span> <span class='ocrx_word' id='word_1_84' title='bbox 537 1177 689 1233; x_wconf 88' lang='lat' dir='ltr'><strong>Sicut</strong></span> <span class='ocrx_word' id='word_1_85' title='bbox 721 1181 867 1235; x_wconf 91' lang='lat' dir='ltr'><strong>enim</strong></span> <span class='ocrx_word' id='word_1_86' title='bbox 914 1181 969 1235; x_wconf 91' lang='lat' dir='ltr'><strong>in</strong></span> <span class='ocrx_word' id='word_1_87' title='bbox 1008 1182 1229 1239; x_wconf 83' lang='lat' dir='ltr'><strong>Christo</strong></span> <span class='ocrx_word' id='word_1_88' title='bbox 1279 1185 1522 1255; x_wconf 86' lang='lat' dir='ltr'><strong>loquitur</strong></span> <span class='ocrx_word' id='word_1_89' title='bbox 1570 1185 1936 1254; x_wconf 85' lang='lat' dir='ltr'><strong>Paulus,Co-</strong></span> 
     </span>
    </p>
   </div>
   <div class='ocr_carea' id='block_1_14' title="bbox 364 1265 1936 1345">
    <p class='ocr_par' dir='ltr' id='par_1_14' title="bbox 364 1265 1936 1345">
     <span class='ocr_line' id='line_1_14' title="bbox 364 1265 1936 1345; baseline 0.01 -28"><span class='ocrx_word' id='word_1_90' title='bbox 364 1282 481 1318; x_wconf 88' lang='lat' dir='ltr'><strong>ram</strong></span> <span class='ocrx_word' id='word_1_91' title='bbox 515 1265 654 1330; x_wconf 87' lang='lat' dir='ltr'><strong>Deo,</strong></span> <span class='ocrx_word' id='word_1_92' title='bbox 693 1269 901 1339; x_wconf 88' lang='lat' dir='ltr'><strong>inquit,</strong></span> <span class='ocrx_word' id='word_1_93' title='bbox 935 1272 991 1324; x_wconf 79' lang='lat' dir='ltr'><strong>in</strong></span> <span class='ocrx_word' id='word_1_94' title='bbox 1026 1270 1240 1327; x_wconf 80' lang='lat' dir='ltr'><strong>Christo</strong></span> <span class='ocrx_word' id='word_1_95' title='bbox 1286 1274 1550 1345; x_wconf 85' lang='lat' dir='ltr'><strong>loquimur</strong></span> <span class='ocrx_word' id='word_1_96' title='bbox 1574 1277 1621 1309; x_wconf 80' lang='grc'><strong>⁸⁸</strong></span> <span class='ocrx_word' id='word_1_97' title='bbox 1654 1294 1670 1331; x_wconf 85' lang='lat'><strong>:</strong></span> <span class='ocrx_word' id='word_1_98' title='bbox 1698 1285 1750 1332; x_wconf 91' lang='lat' dir='ltr'><strong>et</strong></span> <span class='ocrx_word' id='word_1_99' title='bbox 1775 1276 1936 1332; x_wconf 87' lang='lat' dir='ltr'><strong>Chri-</strong></span> 
     </span>
    </p>
   </div>
   <div class='ocr_carea' id='block_1_15' title="bbox 366 1356 1935 1436">
    <p class='ocr_par' dir='ltr' id='par_1_15' title="bbox 366 1356 1935 1436">
     <span class='ocr_line' id='line_1_15' title="bbox 366 1356 1935 1436; baseline 0.008 -27"><span class='ocrx_word' id='word_1_100' title='bbox 366 1363 484 1409; x_wconf 84' lang='lat' dir='ltr'><strong>stus</strong></span> <span class='ocrx_word' id='word_1_101' title='bbox 516 1357 572 1411; x_wconf 89' lang='lat' dir='ltr'><strong>in</strong></span> <span class='ocrx_word' id='word_1_102' title='bbox 620 1356 790 1414; x_wconf 90' lang='lat' dir='ltr'><strong>Paulo</strong></span> <span class='ocrx_word' id='word_1_103' title='bbox 814 1399 829 1424; x_wconf 94' lang='lat'><strong>,</strong></span> <span class='ocrx_word' id='word_1_104' title='bbox 893 1362 1041 1416; x_wconf 83' lang='lat' dir='ltr'><strong>velut</strong></span> <span class='ocrx_word' id='word_1_105' title='bbox 1099 1365 1217 1432; x_wconf 90' lang='lat' dir='ltr'><strong>ipse</strong></span> <span class='ocrx_word' id='word_1_106' title='bbox 1245 1366 1363 1430; x_wconf 91' lang='lat' dir='ltr'><strong>ait,</strong></span> <span class='ocrx_word' id='word_1_107' title='bbox 1408 1367 1492 1420; x_wconf 83' lang='lat' dir='ltr'><strong>An</strong></span> <span class='ocrx_word' id='word_1_108' title='bbox 1523 1369 1935 1436; x_wconf 72' lang='lat' dir='ltr'><strong>experimentum</strong></span> 
     </span>
    </p>
   </div>
   <div class='ocr_carea' id='block_1_16' title="bbox 364 1448 1934 1522">
    <p class='ocr_par' dir='ltr' id='par_1_16' title="bbox 364 1448 1934 1522">
     <span class='ocr_line' id='line_1_16' title="bbox 364 1448 1934 1522; baseline 0.011 -25"><span class='ocrx_word' id='word_1_109' title='bbox 364 1448 601 1515; x_wconf 42' lang='lat' dir='ltr'><strong>quarritis</strong></span> <span class='ocrx_word' id='word_1_110' title='bbox 652 1451 746 1519; x_wconf 77' lang='lat' dir='ltr'><strong>qui</strong></span> <span class='ocrx_word' id='word_1_111' title='bbox 793 1452 1025 1522; x_wconf 80' lang='lat' dir='ltr'><strong>loquitur</strong></span> <span class='ocrx_word' id='word_1_112' title='bbox 1075 1455 1130 1507; x_wconf 84' lang='lat' dir='ltr'><strong>in</strong></span> <span class='ocrx_word' id='word_1_113' title='bbox 1175 1472 1256 1509; x_wconf 88' lang='lat' dir='ltr'><strong>me</strong></span> <span class='ocrx_word' id='word_1_114' title='bbox 1294 1455 1492 1511; x_wconf 72' lang='lat' dir='ltr'><strong>Christi</strong></span> <span class='ocrx_word' id='word_1_115' title='bbox 1515 1458 1612 1512; x_wconf 82' lang='lat'><strong>’°?</strong></span> <span class='ocrx_word' id='word_1_116' title='bbox 1680 1458 1762 1513; x_wconf 90' lang='lat' dir='ltr'><strong>sic</strong></span> <span class='ocrx_word' id='word_1_117' title='bbox 1791 1467 1846 1514; x_wconf 90' lang='lat' dir='ltr'><strong>et</strong></span> <span class='ocrx_word' id='word_1_118' title='bbox 1877 1459 1934 1516; x_wconf 89' lang='lat' dir='ltr'><strong>in</strong></span> 
     </span>
    </p>
   </div>
   <div class='ocr_carea' id='block_1_17' title="bbox 367 1536 1933 1618">
    <p class='ocr_par' dir='ltr' id='par_1_17' title="bbox 367 1536 1933 1618">
     <span class='ocr_line' id='line_1_17' title="bbox 367 1536 1933 1618; baseline 0.012 -30"><span class='ocrx_word' id='word_1_119' title='bbox 367 1536 574 1605; x_wconf 83' lang='lat' dir='ltr'><strong>Spiritu</strong></span> <span class='ocrx_word' id='word_1_120' title='bbox 605 1539 850 1609; x_wconf 84' lang='lat' dir='ltr'><strong>loquitur</strong></span> <span class='ocrx_word' id='word_1_121' title='bbox 881 1544 1140 1614; x_wconf 82' lang='lat' dir='ltr'><strong>mysteria</strong></span> <span class='ocrx_word' id='word_1_122' title='bbox 1161 1584 1177 1611; x_wconf 98' lang='lat'><strong>,</strong></span> <span class='ocrx_word' id='word_1_123' title='bbox 1210 1560 1276 1600; x_wconf 90' lang='lat' dir='ltr'><strong>ac</strong></span> <span class='ocrx_word' id='word_1_124' title='bbox 1306 1545 1547 1618; x_wconf 84' lang='lat' dir='ltr'><strong>Spiritus</strong></span> <span class='ocrx_word' id='word_1_125' title='bbox 1583 1564 1805 1606; x_wconf 85' lang='lat' dir='ltr'><strong>rursum</strong></span> <span class='ocrx_word' id='word_1_126' title='bbox 1849 1552 1933 1607; x_wconf 89' lang='lat' dir='ltr'><strong>lo-</strong></span> 
     </span>
    </p>
   </div>
   <div class='ocr_carea' id='block_1_18' title="bbox 363 1630 759 1701">
    <p class='ocr_par' dir='ltr' id='par_1_18' title="bbox 363 1630 759 1701">
     <span class='ocr_line' id='line_1_18' title="bbox 363 1630 759 1701; baseline 0.013 -18"><span class='ocrx_word' id='word_1_127' title='bbox 363 1630 552 1701; x_wconf 85' lang='lat' dir='ltr'><strong>quitur</strong></span> <span class='ocrx_word' id='word_1_128' title='bbox 582 1631 637 1686; x_wconf 91' lang='lat' dir='ltr'><strong>in</strong></span> <span class='ocrx_word' id='word_1_129' title='bbox 670 1647 759 1688; x_wconf 91' lang='lat' dir='ltr'><strong>eo.</strong></span> 
     </span>
    </p>
   </div>
   <div class='ocr_carea' id='block_1_19' title="bbox 434 1723 1933 1798">
    <p class='ocr_par' dir='ltr' id='par_1_19' title="bbox 434 1723 1933 1798">
     <span class='ocr_line' id='line_1_19' title="bbox 434 1723 1933 1798; baseline 0.007 -20"><span class='ocrx_word' id='word_1_130' title='bbox 434 1724 527 1778; x_wconf 82' lang='lat'><strong>65.</strong></span> <span class='ocrx_word' id='word_1_131' title='bbox 576 1723 636 1779; x_wconf 91' lang='lat' dir='ltr'><strong>ln</strong></span> <span class='ocrx_word' id='word_1_132' title='bbox 686 1726 851 1782; x_wconf 85' lang='lat' dir='ltr'><strong>rebus</strong></span> <span class='ocrx_word' id='word_1_133' title='bbox 910 1743 1042 1798; x_wconf 81' lang='lat' dir='ltr'><strong>ergo</strong></span> <span class='ocrx_word' id='word_1_134' title='bbox 1092 1726 1331 1785; x_wconf 83' lang='lat' dir='ltr'><strong>conditis</strong></span> <span class='ocrx_word' id='word_1_135' title='bbox 1389 1729 1456 1785; x_wconf 89' lang='lat' dir='ltr'><strong>ad</strong></span> <span class='ocrx_word' id='word_1_136' title='bbox 1512 1729 1658 1785; x_wconf 88' lang='lat' dir='ltr'><strong>hunc</strong></span> <span class='ocrx_word' id='word_1_137' title='bbox 1711 1730 1933 1788; x_wconf 90' lang='lat' dir='ltr'><strong>modum</strong></span> 
     </span>
    </p>
   </div>
   <div class='ocr_carea' id='block_1_20' title="bbox 2035 561 3609 636">
    <p class='ocr_par' dir='ltr' id='par_1_20' title="bbox 2035 561 3609 636">
     <span class='ocr_line' id='line_1_20' title="bbox 2035 561 3609 636; baseline 0.003 -21"><span class='ocrx_word' id='word_1_138' title='bbox 2035 561 2115 633; x_wconf 79' lang='grc' dir='ltr'><strong>τῷ</strong></span> <span class='ocrx_word' id='word_1_139' title='bbox 2141 565 2310 635; x_wconf 83' lang='grc' dir='ltr'>ἁγίῳ;</span> <span class='ocrx_word' id='word_1_140' title='bbox 2355 563 2462 617; x_wconf 87' lang='grc' dir='ltr'>Ποῦ</span> <span class='ocrx_word' id='word_1_141' title='bbox 2492 565 2648 618; x_wconf 87' lang='grc' dir='ltr'>τοῦτο</span> <span class='ocrx_word' id='word_1_142' title='bbox 2690 564 3119 636; x_wconf 72' lang='grc' dir='ltr'>μεμαθήκαμενς</span> <span class='ocrx_word' id='word_1_143' title='bbox 3146 566 3280 636; x_wconf 81' lang='grc' dir='ltr'>Παρ’</span> <span class='ocrx_word' id='word_1_144' title='bbox 3302 564 3469 618; x_wconf 80' lang='grc' dir='ltr'>αὐτοῦ</span> <span class='ocrx_word' id='word_1_145' title='bbox 3510 566 3609 619; x_wconf 86' lang='grc' dir='ltr'><strong>τοῦ</strong></span> 
     </span>
    </p>
   </div>
   <div class='ocr_carea' id='block_1_21' title="bbox 2037 656 3615 729">
    <p class='ocr_par' dir='ltr' id='par_1_21' title="bbox 2037 656 3615 729">
     <span class='ocr_line' id='line_1_21' title="bbox 2037 656 3615 729; baseline 0.001 -19"><span class='ocrx_word' id='word_1_146' title='bbox 2037 657 2241 729; x_wconf 77' lang='grc' dir='ltr'>Κυρίου</span> <span class='ocrx_word' id='word_1_147' title='bbox 2272 656 2519 725; x_wconf 85' lang='grc' dir='ltr'>λέγοντος</span> <span class='ocrx_word' id='word_1_148' title='bbox 2538 696 2554 721; x_wconf 91' lang='grc'><strong>,</strong></span> <span class='ocrx_word' id='word_1_149' title='bbox 2581 657 2663 710; x_wconf 82' lang='grc' dir='ltr'>ὅτι</span> <span class='ocrx_word' id='word_1_150' title='bbox 2696 659 2760 710; x_wconf 79' lang='lat' dir='ltr'><em>Ol</em></span> <span class='ocrx_word' id='word_1_151' title='bbox 2786 657 3061 726; x_wconf 73' lang='grc' dir='ltr'>ἀληθινοί</span> <span class='ocrx_word' id='word_1_152' title='bbox 3101 657 3512 727; x_wconf 75' lang='grc' dir='ltr'><strong>προσκυνηταὶ</strong></span> <span class='ocrx_word' id='word_1_153' title='bbox 3539 658 3615 711; x_wconf 80' lang='grc' dir='ltr'>ἐν</span> 
     </span>
    </p>
   </div>
   <div class='ocr_carea' id='block_1_22' title="bbox 2034 747 3611 817">
    <p class='ocr_par' dir='ltr' id='par_1_22' title="bbox 2034 747 3611 817">
     <span class='ocr_line' id='line_1_22' title="bbox 2034 747 3611 817; baseline 0.002 -17"><span class='ocrx_word' id='word_1_154' title='bbox 2034 748 2334 816; x_wconf 83' lang='grc' dir='ltr'>Πνεύματι</span> <span class='ocrx_word' id='word_1_155' title='bbox 2360 747 2463 801; x_wconf 76' lang='grc' dir='ltr'>καὶ</span> <span class='ocrx_word' id='word_1_156' title='bbox 2499 747 2749 816; x_wconf 80' lang='grc' dir='ltr'><strong>ἀληθείᾳ</strong></span> <span class='ocrx_word' id='word_1_157' title='bbox 2776 747 3275 816; x_wconf 79' lang='grc' dir='ltr'>προσκυνήσουσι</span> <span class='ocrx_word' id='word_1_158' title='bbox 3299 747 3380 813; x_wconf 85' lang='grc' dir='ltr'>τῷ</span> <span class='ocrx_word' id='word_1_159' title='bbox 3400 751 3611 817; x_wconf 79' lang='grc' dir='ltr'>Πατρί.</span> 
     </span>
    </p>
   </div>
   <div class='ocr_carea' id='block_1_23' title="bbox 2035 837 3615 910">
    <p class='ocr_par' dir='ltr' id='par_1_23' title="bbox 2035 837 3615 910">
     <span class='ocr_line' id='line_1_23' title="bbox 2035 837 3615 910; baseline 0 -19"><span class='ocrx_word' id='word_1_160' title='bbox 2035 837 2236 893; x_wconf 87' lang='grc' dir='ltr'>Τοῦτον</span> <span class='ocrx_word' id='word_1_161' title='bbox 2271 839 2364 893; x_wconf 83' lang='grc' dir='ltr'><strong>τὸν</strong></span> <span class='ocrx_word' id='word_1_162' title='bbox 2395 839 2562 892; x_wconf 83' lang='grc' dir='ltr'>τόπον</span> <span class='ocrx_word' id='word_1_163' title='bbox 2608 837 2732 892; x_wconf 79' lang='grc' dir='ltr'>ἰδὼν</span> <span class='ocrx_word' id='word_1_164' title='bbox 2767 840 2797 892; x_wconf 87' lang='grc' dir='ltr'><strong>ό</strong></span> <span class='ocrx_word' id='word_1_165' title='bbox 2848 839 3058 903; x_wconf 80' lang='grc' dir='ltr'>Ἰακὼϐ,</span> <span class='ocrx_word' id='word_1_166' title='bbox 3099 839 3223 910; x_wconf 81' lang='grc' dir='ltr'>ἔφη,</span> <span class='ocrx_word' id='word_1_167' title='bbox 3270 840 3351 893; x_wconf 84' lang='grc' dir='ltr'>ὅτι</span> <span class='ocrx_word' id='word_1_168' title='bbox 3393 840 3615 908; x_wconf 80' lang='grc' dir='ltr'>Κύριος</span> 
     </span>
    </p>
   </div>
   <div class='ocr_carea' id='block_1_24' title="bbox 2033 927 3612 1000">
    <p class='ocr_par' dir='ltr' id='par_1_24' title="bbox 2033 927 3612 1000">
     <span class='ocr_line' id='line_1_24' title="bbox 2033 927 3612 1000; baseline -0.001 -17"><span class='ocrx_word' id='word_1_169' title='bbox 2033 928 2106 984; x_wconf 81' lang='grc' dir='ltr'>ἐν</span> <span class='ocrx_word' id='word_1_170' title='bbox 2126 927 2207 995; x_wconf 83' lang='grc' dir='ltr'>τῷ</span> <span class='ocrx_word' id='word_1_171' title='bbox 2233 930 2394 995; x_wconf 82' lang='grc' dir='ltr'><strong>τόπῳ</strong></span> <span class='ocrx_word' id='word_1_172' title='bbox 2415 931 2620 996; x_wconf 83' lang='grc' dir='ltr'>τούτῳ.</span> <span class='ocrx_word' id='word_1_173' title='bbox 2658 930 2819 984; x_wconf 84' lang='grc' dir='ltr'>Ὥστε</span> <span class='ocrx_word' id='word_1_174' title='bbox 2846 929 2909 983; x_wconf 84' lang='grc' dir='ltr'>τὸ</span> <span class='ocrx_word' id='word_1_175' title='bbox 2944 929 3167 1000; x_wconf 80' lang='grc' dir='ltr'><strong>Πνεῦμα</strong></span> <span class='ocrx_word' id='word_1_176' title='bbox 3196 929 3359 993; x_wconf 83' lang='grc' dir='ltr'>τόπος</span> <span class='ocrx_word' id='word_1_177' title='bbox 3392 929 3612 999; x_wconf 79' lang='grc' dir='ltr'>ἀληθῶς</span> 
     </span>
    </p>
   </div>
   <div class='ocr_carea' id='block_1_25' title="bbox 2033 1017 3616 1089">
    <p class='ocr_par' dir='ltr' id='par_1_25' title="bbox 2033 1017 3616 1089">
     <span class='ocr_line' id='line_1_25' title="bbox 2033 1017 3616 1089; baseline -0.002 -15"><span class='ocrx_word' id='word_1_178' title='bbox 2033 1019 2143 1074; x_wconf 85' lang='grc' dir='ltr'><strong>τῶν</strong></span> <span class='ocrx_word' id='word_1_179' title='bbox 2170 1020 2362 1089; x_wconf 84' lang='grc' dir='ltr'>ἁγίων.</span> <span class='ocrx_word' id='word_1_180' title='bbox 2397 1021 2508 1074; x_wconf 85' lang='lat' dir='ltr'><strong>Kal</strong></span> <span class='ocrx_word' id='word_1_181' title='bbox 2539 1022 2568 1074; x_wconf 86' lang='grc' dir='ltr'><strong>ὁ</strong></span> <span class='ocrx_word' id='word_1_182' title='bbox 2595 1021 2748 1089; x_wconf 83' lang='grc' dir='ltr'>ἆγιος</span> <span class='ocrx_word' id='word_1_183' title='bbox 2784 1019 2946 1083; x_wconf 82' lang='grc' dir='ltr'>τόπος</span> <span class='ocrx_word' id='word_1_184' title='bbox 2971 1021 3170 1082; x_wconf 82' lang='grc' dir='ltr'>οἰκεῖος</span> <span class='ocrx_word' id='word_1_185' title='bbox 3198 1017 3310 1089; x_wconf 68' lang='grc'><strong>(45)</strong></span> <span class='ocrx_word' id='word_1_186' title='bbox 3335 1017 3417 1088; x_wconf 82' lang='grc' dir='ltr'>τῷ</span> <span class='ocrx_word' id='word_1_187' title='bbox 3444 1018 3616 1072; x_wconf 77' lang='grc' dir='ltr'>Πνεῦ-</span> 
     </span>
    </p>
   </div>
   <div class='ocr_carea' id='block_1_26' title="bbox 2038 1109 3615 1184">
    <p class='ocr_par' dir='ltr' id='par_1_26' title="bbox 2038 1109 3615 1184">
     <span class='ocr_line' id='line_1_26' title="bbox 2038 1109 3615 1184; baseline -0.002 -19"><span class='ocrx_word' id='word_1_188' title='bbox 2038 1129 2168 1183; x_wconf 84' lang='grc' dir='ltr'>ματι</span> <span class='ocrx_word' id='word_1_189' title='bbox 2210 1112 2538 1183; x_wconf 74' lang='grc' dir='ltr'>ἐμπαρέχων</span> <span class='ocrx_word' id='word_1_190' title='bbox 2585 1112 2776 1167; x_wconf 76' lang='grc' dir='ltr'>ἑαυτὸν</span> <span class='ocrx_word' id='word_1_191' title='bbox 2831 1111 2968 1184; x_wconf 80' lang='grc' dir='ltr'>πρὸς</span> <span class='ocrx_word' id='word_1_192' title='bbox 2993 1110 3280 1182; x_wconf 73' lang='grc' dir='ltr'>ξένοίκησιν</span> <span class='ocrx_word' id='word_1_193' title='bbox 3312 1110 3414 1180; x_wconf 74' lang='grc' dir='ltr'>τὴν</span> <span class='ocrx_word' id='word_1_194' title='bbox 3472 1109 3615 1180; x_wconf 77' lang='grc' dir='ltr'>μετὰ</span> 
     </span>
    </p>
   </div>
   <div class='ocr_carea' id='block_1_27' title="bbox 2033 1199 3615 1275">
    <p class='ocr_par' dir='ltr' id='par_1_27' title="bbox 2033 1199 3615 1275">
     <span class='ocr_line' id='line_1_27' title="bbox 2033 1199 3615 1275; baseline -0.003 -18"><span class='ocrx_word' id='word_1_195' title='bbox 2033 1202 2191 1269; x_wconf 82' lang='grc' dir='ltr'>Θεοῦ,</span> <span class='ocrx_word' id='word_1_196' title='bbox 2222 1204 2317 1257; x_wconf 82' lang='grc' dir='ltr'><strong>καὶ</strong></span> <span class='ocrx_word' id='word_1_197' title='bbox 2344 1202 2469 1266; x_wconf 85' lang='grc' dir='ltr'>ναὸς</span> <span class='ocrx_word' id='word_1_198' title='bbox 2509 1203 2671 1257; x_wconf 82' lang='grc' dir='ltr'>αὑτοῦ</span> <span class='ocrx_word' id='word_1_199' title='bbox 2708 1202 3084 1275; x_wconf 82' lang='grc' dir='ltr'>χρηματίζων.</span> <span class='ocrx_word' id='word_1_200' title='bbox 3125 1202 3216 1266; x_wconf 81' lang='grc' dir='ltr'>Ὧς</span> <span class='ocrx_word' id='word_1_201' title='bbox 3242 1199 3351 1272; x_wconf 81' lang='grc' dir='ltr'>γὰρ</span> <span class='ocrx_word' id='word_1_202' title='bbox 3384 1201 3444 1253; x_wconf 83' lang='grc' dir='ltr'>ὲν</span> <span class='ocrx_word' id='word_1_203' title='bbox 3476 1201 3615 1270; x_wconf 82' lang='grc' dir='ltr'>Χρι-</span> 
     </span>
    </p>
   </div>
   <div class='ocr_carea' id='block_1_28' title="bbox 2036 1290 3612 1364">
    <p class='ocr_par' dir='ltr' id='par_1_28' title="bbox 2036 1290 3612 1364">
     <span class='ocr_line' id='line_1_28' title="bbox 2036 1290 3612 1364; baseline 0 -17"><span class='ocrx_word' id='word_1_204' title='bbox 2036 1293 2147 1364; x_wconf 81' lang='grc' dir='ltr'>στῷ</span> <span class='ocrx_word' id='word_1_205' title='bbox 2191 1293 2344 1348; x_wconf 89' lang='grc' dir='ltr'>λαλεί</span> <span class='ocrx_word' id='word_1_206' title='bbox 2388 1293 2626 1358; x_wconf 83' lang='grc' dir='ltr'><strong>Παῦλος·</strong></span> <span class='ocrx_word' id='word_1_207' title='bbox 2665 1292 3046 1348; x_wconf 63' lang='lat' dir='ltr'><strong>Haterii)qu</strong></span> <span class='ocrx_word' id='word_1_208' title='bbox 3076 1292 3210 1362; x_wconf 78' lang='grc' dir='ltr'>τὰρ.</span> <span class='ocrx_word' id='word_1_209' title='bbox 3254 1292 3411 1364; x_wconf 75' lang='grc' dir='ltr'>φησι,</span> <span class='ocrx_word' id='word_1_210' title='bbox 3459 1290 3612 1346; x_wconf 76' lang='grc' dir='ltr'>θεοῦ</span> 
     </span>
    </p>
   </div>
   <div class='ocr_carea' id='block_1_29' title="bbox 2032 1381 3617 1457">
    <p class='ocr_par' dir='ltr' id='par_1_29' title="bbox 2032 1381 3617 1457">
     <span class='ocr_line' id='line_1_29' title="bbox 2032 1381 3617 1457; baseline 0 -19"><span class='ocrx_word' id='word_1_211' title='bbox 2032 1384 2104 1438; x_wconf 81' lang='grc' dir='ltr'>ἐν</span> <span class='ocrx_word' id='word_1_212' title='bbox 2126 1381 2359 1452; x_wconf 80' lang='grc' dir='ltr'><strong>Χριστῷ</strong></span> <span class='ocrx_word' id='word_1_213' title='bbox 2396 1384 2734 1455; x_wconf 68' lang='grc' dir='ltr'>λαλοῦμεν·</span> <span class='ocrx_word' id='word_1_214' title='bbox 2769 1385 2863 1439; x_wconf 76' lang='grc' dir='ltr'><strong>καὶ</strong></span> <span class='ocrx_word' id='word_1_215' title='bbox 2906 1385 3140 1457; x_wconf 81' lang='grc' dir='ltr'>Χριστὸς</span> <span class='ocrx_word' id='word_1_216' title='bbox 3170 1385 3232 1437; x_wconf 80' lang='grc' dir='ltr'>ὲν</span> <span class='ocrx_word' id='word_1_217' title='bbox 3264 1383 3485 1455; x_wconf 80' lang='grc' dir='ltr'><strong>Παύλῳ,</strong></span> <span class='ocrx_word' id='word_1_218' title='bbox 3532 1383 3617 1446; x_wconf 78' lang='grc' dir='ltr'>ὡς</span> 
     </span>
    </p>
   </div>
   <div class='ocr_carea' id='block_1_30' title="bbox 2033 1476 3608 1548">
    <p class='ocr_par' dir='ltr' id='par_1_30' title="bbox 2033 1476 3608 1548">
     <span class='ocr_line' id='line_1_30' title="bbox 2033 1476 3608 1548; baseline -0.001 -19"><span class='ocrx_word' id='word_1_219' title='bbox 2033 1476 2195 1540; x_wconf 81' lang='grc' dir='ltr'>αὐτὸς</span> <span class='ocrx_word' id='word_1_220' title='bbox 2224 1476 2372 1545; x_wconf 78' lang='grc' dir='ltr'>λέγει</span> <span class='ocrx_word' id='word_1_221' title='bbox 2393 1493 2409 1509; x_wconf 80' lang='grc'><em>’</em></span> <span class='ocrx_word' id='word_1_222' title='bbox 2447 1478 2523 1531; x_wconf 88' lang='grc' dir='ltr'><strong><em>Ἦ</em></strong></span> <span class='ocrx_word' id='word_1_223' title='bbox 2557 1478 2813 1547; x_wconf 80' lang='grc' dir='ltr'>δοκιμὴν</span> <span class='ocrx_word' id='word_1_224' title='bbox 2841 1476 2954 1548; x_wconf 70' lang='grc'><strong>(46)</strong></span> <span class='ocrx_word' id='word_1_225' title='bbox 2987 1476 3204 1545; x_wconf 61' lang='lat' dir='ltr'><strong>(insita</strong></span> <span class='ocrx_word' id='word_1_226' title='bbox 3243 1476 3350 1530; x_wconf 84' lang='grc' dir='ltr'><strong>τοῦ</strong></span> <span class='ocrx_word' id='word_1_227' title='bbox 3376 1477 3450 1529; x_wconf 80' lang='grc' dir='ltr'>ἐν</span> <span class='ocrx_word' id='word_1_228' title='bbox 3475 1476 3608 1544; x_wconf 75' lang='grc' dir='ltr'>ἐμοὶ</span> 
     </span>
    </p>
   </div>
   <div class='ocr_carea' id='block_1_31' title="bbox 2032 1565 3615 1638">
    <p class='ocr_par' dir='ltr' id='par_1_31' title="bbox 2032 1565 3615 1638">
     <span class='ocr_line' id='line_1_31' title="bbox 2032 1565 3615 1638; baseline -0.002 -18"><span class='ocrx_word' id='word_1_229' title='bbox 2032 1565 2369 1632; x_wconf 73' lang='grc' dir='ltr'>λαλοῦντος</span> <span class='ocrx_word' id='word_1_230' title='bbox 2406 1567 2698 1635; x_wconf 83' lang='grc' dir='ltr'>Χριστοῦ;</span> <span class='ocrx_word' id='word_1_231' title='bbox 2741 1566 2882 1621; x_wconf 82' lang='grc' dir='ltr'>οὕτω</span> <span class='ocrx_word' id='word_1_232' title='bbox 2913 1567 3008 1620; x_wconf 77' lang='grc' dir='ltr'><strong>καὶ</strong></span> <span class='ocrx_word' id='word_1_233' title='bbox 3045 1569 3104 1620; x_wconf 82' lang='grc' dir='ltr'>ὲν</span> <span class='ocrx_word' id='word_1_234' title='bbox 3140 1567 3420 1638; x_wconf 79' lang='grc' dir='ltr'>Πνεῦματι</span> <span class='ocrx_word' id='word_1_235' title='bbox 3456 1565 3615 1618; x_wconf 86' lang='grc' dir='ltr'>λαλεί</span> 
     </span>
    </p>
   </div>
   <div class='ocr_carea' id='block_1_32' title="bbox 2031 1655 3535 1729">
    <p class='ocr_par' dir='ltr' id='par_1_32' title="bbox 2031 1655 3535 1729">
     <span class='ocr_line' id='line_1_32' title="bbox 2031 1655 3535 1729; baseline -0.001 -20"><span class='ocrx_word' id='word_1_236' title='bbox 2031 1655 2103 1709; x_wconf 85' lang='grc' dir='ltr'>τὰ</span> <span class='ocrx_word' id='word_1_237' title='bbox 2137 1659 2430 1729; x_wconf 80' lang='grc' dir='ltr'><strong>μυστήρια,</strong></span> <span class='ocrx_word' id='word_1_238' title='bbox 2458 1659 2557 1711; x_wconf 77' lang='grc' dir='ltr'><strong>καὶ</strong></span> <span class='ocrx_word' id='word_1_239' title='bbox 2584 1657 2644 1712; x_wconf 85' lang='grc' dir='ltr'>τὸ</span> <span class='ocrx_word' id='word_1_240' title='bbox 2670 1657 2897 1729; x_wconf 78' lang='grc' dir='ltr'><strong>Πνεῦμα</strong></span> <span class='ocrx_word' id='word_1_241' title='bbox 2924 1657 3085 1711; x_wconf 84' lang='grc' dir='ltr'>πάλιν</span> <span class='ocrx_word' id='word_1_242' title='bbox 3113 1657 3263 1711; x_wconf 83' lang='grc' dir='ltr'>λαλεῖ</span> <span class='ocrx_word' id='word_1_243' title='bbox 3285 1659 3343 1711; x_wconf 78' lang='grc' dir='ltr'>ὲν</span> <span class='ocrx_word' id='word_1_244' title='bbox 3364 1655 3535 1727; x_wconf 79' lang='grc' dir='ltr'>αὐτῷ.</span> 
     </span>
    </p>
   </div>
   <div class='ocr_carea' id='block_1_33' title="bbox 2101 1745 3614 1821">
    <p class='ocr_par' dir='ltr' id='par_1_33' title="bbox 2101 1745 3614 1821">
     <span class='ocr_line' id='line_1_33' title="bbox 2101 1745 3614 1821; baseline -0.004 -17"><span class='ocrx_word' id='word_1_245' title='bbox 2101 1749 2192 1804; x_wconf 74' lang='lat'><strong>63.</strong></span> <span class='ocrx_word' id='word_1_246' title='bbox 2219 1751 2305 1804; x_wconf 89' lang='grc' dir='ltr'>Ἐν</span> <span class='ocrx_word' id='word_1_247' title='bbox 2328 1749 2426 1820; x_wconf 79' lang='grc' dir='ltr'>μὲν</span> <span class='ocrx_word' id='word_1_248' title='bbox 2445 1745 2537 1804; x_wconf 77' lang='grc' dir='ltr'><strong>οὖν</strong></span> <span class='ocrx_word' id='word_1_249' title='bbox 2557 1751 2670 1814; x_wconf 76' lang='grc' dir='ltr'>τοῖς</span> <span class='ocrx_word' id='word_1_250' title='bbox 2692 1751 2968 1821; x_wconf 79' lang='grc' dir='ltr'>γεννητοῖς</span> <span class='ocrx_word' id='word_1_251' title='bbox 2992 1747 3104 1821; x_wconf 66' lang='grc'>(47)</span> <span class='ocrx_word' id='word_1_252' title='bbox 3124 1747 3267 1802; x_wconf 79' lang='grc' dir='ltr'>οὓτω</span> <span class='ocrx_word' id='word_1_253' title='bbox 3285 1745 3614 1818; x_wconf 81' lang='grc' dir='ltr'>πολυμερῶς</span> 
     </span>
    </p>
   </div>
   <div class='ocr_carea' id='block_1_34' title="bbox 365 1815 1939 1912">
    <p class='ocr_par' dir='ltr' id='par_1_34' title="bbox 365 1815 1932 1895">
     <span class='ocr_line' id='line_1_34' title="bbox 365 1815 1932 1895; baseline 0.008 -27"><span class='ocrx_word' id='word_1_254' title='bbox 365 1815 725 1871; x_wconf 78' lang='lat' dir='ltr'><strong>uiuitifariam</strong></span> <span class='ocrx_word' id='word_1_255' title='bbox 773 1818 1047 1891; x_wconf 86' lang='lat' dir='ltr'><strong>variisque</strong></span> <span class='ocrx_word' id='word_1_256' title='bbox 1100 1822 1408 1878; x_wconf 79' lang='lat' dir='ltr'><strong>rationibus</strong></span> <span class='ocrx_word' id='word_1_257' title='bbox 1441 1822 1645 1878; x_wconf 89' lang='lat' dir='ltr'><strong>dicitur</strong></span> <span class='ocrx_word' id='word_1_258' title='bbox 1693 1823 1932 1895; x_wconf 86' lang='lat' dir='ltr'><strong>Spiritus</strong></span> 
     </span>
    </p>
   </div>
   <div class='ocr_carea' id='block_1_35' title="bbox 2045 1815 3611 1912">
    <p class='ocr_par' dir='ltr' id='par_1_35' title="bbox 2045 1815 3611 1912">
     <span class='ocr_line' id='line_1_35' title="bbox 2045 1815 3611 1912; baseline -0.003 -19"><span class='ocrx_word' id='word_1_259' title='bbox 2045 1840 2128 1893; x_wconf 69' lang='grc' dir='ltr'>καὶ</span> <span class='ocrx_word' id='word_1_260' title='bbox 2161 1815 2512 1912; x_wconf 78' lang='grc' dir='ltr'>πολυτρόπως</span> <span class='ocrx_word' id='word_1_261' title='bbox 2530 1815 2728 1894; x_wconf 74' lang='grc' dir='ltr'>ἐνεῖναι</span> <span class='ocrx_word' id='word_1_262' title='bbox 2748 1815 2963 1908; x_wconf 70' lang='grc' dir='ltr'>λέγεται</span> <span class='ocrx_word' id='word_1_263' title='bbox 2980 1815 3042 1893; x_wconf 75' lang='grc' dir='ltr'><strong>τὸ</strong></span> <span class='ocrx_word' id='word_1_264' title='bbox 3057 1815 3284 1910; x_wconf 81' lang='grc' dir='ltr'>Πνεῦμα</span> <span class='ocrx_word' id='word_1_265' title='bbox 3302 1855 3319 1870; x_wconf 76' lang='grc' dir='ltr'><strong>ο</strong></span> <span class='ocrx_word' id='word_1_266' title='bbox 3348 1815 3525 1909; x_wconf 59' lang='grc' dir='ltr'>Πατρλ</span> <span class='ocrx_word' id='word_1_267' title='bbox 3549 1837 3611 1889; x_wconf 77' lang='grc' dir='ltr'>δὲ</span> 
     </span>
    </p>
   </div>
   <div class='ocr_carea' id='block_1_36' title="bbox 365 1906 1931 1983">
    <p class='ocr_par' dir='ltr' id='par_1_36' title="bbox 365 1906 1931 1983">
     <span class='ocr_line' id='line_1_36' title="bbox 365 1906 1931 1983; baseline 0.006 -23"><span class='ocrx_word' id='word_1_268' title='bbox 365 1906 472 1978; x_wconf 84' lang='lat'><strong>53</strong></span> <span class='ocrx_word' id='word_1_269' title='bbox 499 1908 680 1963; x_wconf 87' lang='lat' dir='ltr'><strong>inesse</strong></span> <span class='ocrx_word' id='word_1_270' title='bbox 714 1929 727 1962; x_wconf 91' lang='lat'><strong>:</strong></span> <span class='ocrx_word' id='word_1_271' title='bbox 760 1924 950 1964; x_wconf 88' lang='lat' dir='ltr'><strong>verum</strong></span> <span class='ocrx_word' id='word_1_272' title='bbox 997 1913 1172 1982; x_wconf 86' lang='lat' dir='ltr'><strong>magis</strong></span> <span class='ocrx_word' id='word_1_273' title='bbox 1210 1913 1362 1983; x_wconf 90' lang='lat' dir='ltr'><strong>pium</strong></span> <span class='ocrx_word' id='word_1_274' title='bbox 1412 1920 1498 1968; x_wconf 90' lang='lat' dir='ltr'><strong>est</strong></span> <span class='ocrx_word' id='word_1_275' title='bbox 1540 1913 1755 1980; x_wconf 86' lang='lat' dir='ltr'><strong>dicere,</strong></span> <span class='ocrx_word' id='word_1_276' title='bbox 1805 1929 1931 1971; x_wconf 89' lang='lat' dir='ltr'><strong>eum</strong></span> 
     </span>
    </p>
   </div>
   <div class='ocr_carea' id='block_1_37' title="bbox 364 1999 1932 2074">
    <p class='ocr_par' dir='ltr' id='par_1_37' title="bbox 364 1999 1932 2074">
     <span class='ocr_line' id='line_1_37' title="bbox 364 1999 1932 2074; baseline 0.005 -21"><span class='ocrx_word' id='word_1_277' title='bbox 364 2015 490 2053; x_wconf 81' lang='lat' dir='ltr'><strong>esse</strong></span> <span class='ocrx_word' id='word_1_278' title='bbox 533 2014 656 2053; x_wconf 90' lang='lat' dir='ltr'><strong>cum</strong></span> <span class='ocrx_word' id='word_1_279' title='bbox 690 1999 853 2056; x_wconf 86' lang='lat' dir='ltr'><strong>Patre</strong></span> <span class='ocrx_word' id='word_1_280' title='bbox 901 2009 955 2057; x_wconf 91' lang='lat' dir='ltr'><strong>et</strong></span> <span class='ocrx_word' id='word_1_281' title='bbox 997 2001 1159 2067; x_wconf 89' lang='lat' dir='ltr'><strong>Filio,</strong></span> <span class='ocrx_word' id='word_1_282' title='bbox 1196 2018 1359 2074; x_wconf 90' lang='lat' dir='ltr'><strong>quam</strong></span> <span class='ocrx_word' id='word_1_283' title='bbox 1403 2005 1513 2062; x_wconf 88' lang='lat' dir='ltr'><strong>illis</strong></span> <span class='ocrx_word' id='word_1_284' title='bbox 1556 2006 1762 2062; x_wconf 88' lang='lat' dir='ltr'><strong>inesse.</strong></span> <span class='ocrx_word' id='word_1_285' title='bbox 1794 2004 1932 2061; x_wconf 87' lang='lat' dir='ltr'><strong>Nam</strong></span> 
     </span>
    </p>
   </div>
   <div class='ocr_carea' id='block_1_38' title="bbox 365 2091 1933 2168">
    <p class='ocr_par' dir='ltr' id='par_1_38' title="bbox 365 2091 1933 2168">
     <span class='ocr_line' id='line_1_38' title="bbox 365 2091 1933 2168; baseline 0.005 -26"><span class='ocrx_word' id='word_1_286' title='bbox 365 2091 543 2160; x_wconf 79' lang='lat' dir='ltr'><strong>gratia</strong></span> <span class='ocrx_word' id='word_1_287' title='bbox 599 2092 668 2147; x_wconf 89' lang='lat' dir='ltr'><strong>ab</strong></span> <span class='ocrx_word' id='word_1_288' title='bbox 699 2107 766 2147; x_wconf 93' lang='lat' dir='ltr'><strong>eo</strong></span> <span class='ocrx_word' id='word_1_289' title='bbox 798 2107 1052 2158; x_wconf 89' lang='lat' dir='ltr'><strong>manans,</strong></span> <span class='ocrx_word' id='word_1_290' title='bbox 1092 2094 1383 2151; x_wconf 83' lang='lat' dir='ltr'><strong>habitante</strong></span> <span class='ocrx_word' id='word_1_291' title='bbox 1428 2097 1486 2150; x_wconf 92' lang='lat' dir='ltr'><strong>in</strong></span> <span class='ocrx_word' id='word_1_292' title='bbox 1528 2097 1598 2151; x_wconf 88' lang='lat' dir='ltr'><strong>iis</strong></span> <span class='ocrx_word' id='word_1_293' title='bbox 1647 2098 1743 2168; x_wconf 90' lang='lat' dir='ltr'><strong>qui</strong></span> <span class='ocrx_word' id='word_1_294' title='bbox 1781 2096 1933 2167; x_wconf 82' lang='lat' dir='ltr'><strong>digni</strong></span> 
     </span>
    </p>
   </div>
   <div class='ocr_carea' id='block_1_39' title="bbox 365 2184 1934 2255">
    <p class='ocr_par' dir='ltr' id='par_1_39' title="bbox 365 2184 1934 2255">
     <span class='ocr_line' id='line_1_39' title="bbox 365 2184 1934 2255; baseline 0.007 -21"><span class='ocrx_word' id='word_1_295' title='bbox 365 2190 518 2246; x_wconf 80' lang='lat' dir='ltr'><strong>sunt,</strong></span> <span class='ocrx_word' id='word_1_296' title='bbox 561 2197 627 2236; x_wconf 91' lang='lat' dir='ltr'><strong>ac</strong></span> <span class='ocrx_word' id='word_1_297' title='bbox 663 2198 794 2239; x_wconf 82' lang='lat' dir='ltr'><strong>suas</strong></span> <span class='ocrx_word' id='word_1_298' title='bbox 825 2184 1174 2255; x_wconf 84' lang='lat' dir='ltr'><strong>operationes</strong></span> <span class='ocrx_word' id='word_1_299' title='bbox 1212 2186 1268 2240; x_wconf 90' lang='lat' dir='ltr'><strong>in</strong></span> <span class='ocrx_word' id='word_1_300' title='bbox 1299 2187 1408 2244; x_wconf 89' lang='lat' dir='ltr'><strong>illis</strong></span> <span class='ocrx_word' id='word_1_301' title='bbox 1435 2195 1746 2253; x_wconf 83' lang='lat' dir='ltr'><strong>exercente,</strong></span> <span class='ocrx_word' id='word_1_302' title='bbox 1782 2198 1934 2245; x_wconf 90' lang='lat' dir='ltr'><strong>recte</strong></span> 
     </span>
    </p>
   </div>
   <div class='ocr_carea' id='block_1_40' title="bbox 364 2275 1933 2350">
    <p class='ocr_par' dir='ltr' id='par_1_40' title="bbox 364 2275 1933 2350">
     <span class='ocr_line' id='line_1_40' title="bbox 364 2275 1933 2350; baseline 0.006 -22"><span class='ocrx_word' id='word_1_303' title='bbox 364 2275 570 2329; x_wconf 81' lang='lat' dir='ltr'><strong>dicitur</strong></span> <span class='ocrx_word' id='word_1_304' title='bbox 605 2275 786 2331; x_wconf 91' lang='lat' dir='ltr'><strong>inesse</strong></span> <span class='ocrx_word' id='word_1_305' title='bbox 821 2276 890 2330; x_wconf 90' lang='lat' dir='ltr'><strong>iis</strong></span> <span class='ocrx_word' id='word_1_306' title='bbox 920 2277 1013 2347; x_wconf 90' lang='lat' dir='ltr'><strong>qui</strong></span> <span class='ocrx_word' id='word_1_307' title='bbox 1044 2288 1174 2333; x_wconf 92' lang='lat' dir='ltr'><strong>sunt</strong></span> <span class='ocrx_word' id='word_1_308' title='bbox 1212 2278 1363 2335; x_wconf 91' lang='lat' dir='ltr'><strong>illius</strong></span> <span class='ocrx_word' id='word_1_309' title='bbox 1396 2294 1650 2350; x_wconf 89' lang='lat' dir='ltr'><strong>capaces.</strong></span> <span class='ocrx_word' id='word_1_310' title='bbox 1682 2282 1752 2335; x_wconf 85' lang='lat' dir='ltr'><strong>At</strong></span> <span class='ocrx_word' id='word_1_311' title='bbox 1784 2281 1933 2338; x_wconf 90' lang='lat' dir='ltr'><strong>illius</strong></span> 
     </span>
    </p>
   </div>
   <div class='ocr_carea' id='block_1_41' title="bbox 366 2363 1934 2441">
    <p class='ocr_par' dir='ltr' id='par_1_41' title="bbox 366 2363 1934 2441">
     <span class='ocr_line' id='line_1_41' title="bbox 366 2363 1934 2441; baseline 0.005 -23"><span class='ocrx_word' id='word_1_312' title='bbox 366 2363 727 2421; x_wconf 84' lang='lat' dir='ltr'><strong>subsistentia</strong></span> <span class='ocrx_word' id='word_1_313' title='bbox 774 2381 896 2436; x_wconf 62' lang='lat' dir='ltr'><strong>quae</strong></span> <span class='ocrx_word' id='word_1_314' title='bbox 925 2365 1030 2421; x_wconf 90' lang='lat' dir='ltr'><strong>fuit</strong></span> <span class='ocrx_word' id='word_1_315' title='bbox 1074 2379 1199 2424; x_wconf 89' lang='lat' dir='ltr'><strong>ante</strong></span> <span class='ocrx_word' id='word_1_316' title='bbox 1233 2370 1454 2434; x_wconf 80' lang='lat' dir='ltr'><strong>saecula,</strong></span> <span class='ocrx_word' id='word_1_317' title='bbox 1491 2385 1557 2426; x_wconf 86' lang='lat' dir='ltr'><strong>ac</strong></span> <span class='ocrx_word' id='word_1_318' title='bbox 1594 2371 1934 2441; x_wconf 87' lang='lat' dir='ltr'><strong>perpetuitas</strong></span> 
     </span>
    </p>
   </div>
   <div class='ocr_carea' id='block_1_42' title="bbox 366 2455 1929 2526">
    <p class='ocr_par' dir='ltr' id='par_1_42' title="bbox 366 2455 1929 2526">
     <span class='ocr_line' id='line_1_42' title="bbox 366 2455 1929 2526; baseline 0.003 -17"><span class='ocrx_word' id='word_1_319' title='bbox 366 2470 645 2526; x_wconf 91' lang='lat' dir='ltr'><strong>nunquam</strong></span> <span class='ocrx_word' id='word_1_320' title='bbox 678 2455 924 2511; x_wconf 89' lang='lat' dir='ltr'><strong>desitura</strong></span> <span class='ocrx_word' id='word_1_321' title='bbox 952 2472 1078 2511; x_wconf 90' lang='lat' dir='ltr'><strong>cum</strong></span> <span class='ocrx_word' id='word_1_322' title='bbox 1106 2457 1246 2514; x_wconf 79' lang='lat' dir='ltr'><strong>F-ilio</strong></span> <span class='ocrx_word' id='word_1_323' title='bbox 1282 2466 1337 2514; x_wconf 92' lang='lat' dir='ltr'><strong>et</strong></span> <span class='ocrx_word' id='word_1_324' title='bbox 1365 2458 1529 2515; x_wconf 85' lang='lat' dir='ltr'><strong>Patre</strong></span> <span class='ocrx_word' id='word_1_325' title='bbox 1559 2460 1929 2526; x_wconf 88' lang='lat' dir='ltr'><strong>considerata,</strong></span> 
     </span>
    </p>
   </div>
   <div class='ocr_carea' id='block_1_43' title="bbox 366 2545 1931 2621">
    <p class='ocr_par' dir='ltr' id='par_1_43' title="bbox 366 2545 1931 2621">
     <span class='ocr_line' id='line_1_43' title="bbox 366 2545 1931 2621; baseline 0.004 -21"><span class='ocrx_word' id='word_1_326' title='bbox 366 2547 716 2616; x_wconf 78' lang='lat' dir='ltr'><strong>sempiternae</strong></span> <span class='ocrx_word' id='word_1_327' title='bbox 764 2545 1182 2616; x_wconf 73' lang='lat' dir='ltr'><strong>coniunctionis</strong></span> <span class='ocrx_word' id='word_1_328' title='bbox 1232 2550 1464 2620; x_wconf 89' lang='lat' dir='ltr'><strong>requirit</strong></span> <span class='ocrx_word' id='word_1_329' title='bbox 1515 2551 1931 2621; x_wconf 87' lang='lat' dir='ltr'><strong>appellationes.</strong></span> 
     </span>
    </p>
   </div>
   <div class='ocr_carea' id='block_1_44' title="bbox 363 2633 1933 2713">
    <p class='ocr_par' dir='ltr' id='par_1_44' title="bbox 363 2633 1933 2713">
     <span class='ocr_line' id='line_1_44' title="bbox 363 2633 1933 2713; baseline 0.004 -24"><span class='ocrx_word' id='word_1_330' title='bbox 363 2633 502 2690; x_wconf 87' lang='lat' dir='ltr'><strong>Nam</strong></span> <span class='ocrx_word' id='word_1_331' title='bbox 534 2653 706 2692; x_wconf 71' lang='lat' dir='ltr'><strong>caesae</strong></span> <span class='ocrx_word' id='word_1_332' title='bbox 737 2640 961 2710; x_wconf 87' lang='lat' dir='ltr'><strong>proprie</strong></span> <span class='ocrx_word' id='word_1_333' title='bbox 990 2654 1055 2695; x_wconf 89' lang='lat' dir='ltr'><strong>ac</strong></span> <span class='ocrx_word' id='word_1_334' title='bbox 1079 2656 1208 2696; x_wconf 90' lang='lat' dir='ltr'><strong>vere</strong></span> <span class='ocrx_word' id='word_1_335' title='bbox 1238 2640 1442 2697; x_wconf 89' lang='lat' dir='ltr'><strong>dicitur</strong></span> <span class='ocrx_word' id='word_1_336' title='bbox 1465 2641 1532 2698; x_wconf 93' lang='lat' dir='ltr'><strong>de</strong></span> <span class='ocrx_word' id='word_1_337' title='bbox 1562 2642 1652 2707; x_wconf 91' lang='lat' dir='ltr'><strong>iis,</strong></span> <span class='ocrx_word' id='word_1_338' title='bbox 1683 2658 1805 2713; x_wconf 67' lang='lat' dir='ltr'><strong>qua:</strong></span> <span class='ocrx_word' id='word_1_339' title='bbox 1829 2643 1933 2697; x_wconf 88' lang='lat' dir='ltr'><strong>sibi</strong></span> 
     </span>
    </p>
   </div>
   <div class='ocr_carea' id='block_1_45' title="bbox 365 2728 1935 2811">
    <p class='ocr_par' dir='ltr' id='par_1_45' title="bbox 365 2728 1935 2811">
     <span class='ocr_line' id='line_1_45' title="bbox 365 2728 1935 2811; baseline 0.003 -28"><span class='ocrx_word' id='word_1_340' title='bbox 365 2728 602 2783; x_wconf 88' lang='lat' dir='ltr'><strong>invicem</strong></span> <span class='ocrx_word' id='word_1_341' title='bbox 625 2730 1071 2800; x_wconf 88' lang='lat' dir='ltr'><strong>inseparabiliter</strong></span> <span class='ocrx_word' id='word_1_342' title='bbox 1101 2732 1322 2788; x_wconf 87' lang='lat' dir='ltr'><strong>adsunt.</strong></span> <span class='ocrx_word' id='word_1_343' title='bbox 1352 2731 1489 2786; x_wconf 86' lang='lat' dir='ltr'><strong>Nam</strong></span> <span class='ocrx_word' id='word_1_344' title='bbox 1517 2733 1758 2811; x_wconf 86' lang='lat' dir='ltr'><strong>calorem</strong></span> <span class='ocrx_word' id='word_1_345' title='bbox 1789 2732 1935 2789; x_wconf 80' lang='lat' dir='ltr'><strong>ferro</strong></span> 
     </span>
    </p>
   </div>
   <div class='ocr_carea' id='block_1_46' title="bbox 366 2822 1933 2894">
    <p class='ocr_par' dir='ltr' id='par_1_46' title="bbox 366 2822 1933 2894">
     <span class='ocr_line' id='line_1_46' title="bbox 366 2822 1933 2894; baseline 0.003 -17"><span class='ocrx_word' id='word_1_346' title='bbox 366 2822 589 2892; x_wconf 87' lang='lat' dir='ltr'><strong>quidem</strong></span> <span class='ocrx_word' id='word_1_347' title='bbox 624 2823 796 2894; x_wconf 86' lang='lat' dir='ltr'><strong>ignito</strong></span> <span class='ocrx_word' id='word_1_348' title='bbox 833 2825 1016 2881; x_wconf 89' lang='lat' dir='ltr'><strong>inesse</strong></span> <span class='ocrx_word' id='word_1_349' title='bbox 1049 2825 1328 2883; x_wconf 87' lang='lat' dir='ltr'><strong>dicimus:</strong></span> <span class='ocrx_word' id='word_1_350' title='bbox 1364 2835 1422 2880; x_wconf 89' lang='lat' dir='ltr'><strong>at</strong></span> <span class='ocrx_word' id='word_1_351' title='bbox 1461 2841 1571 2881; x_wconf 89' lang='lat' dir='ltr'><strong>una</strong></span> <span class='ocrx_word' id='word_1_352' title='bbox 1603 2827 1766 2882; x_wconf 89' lang='lat' dir='ltr'><strong>simul</strong></span> <span class='ocrx_word' id='word_1_353' title='bbox 1809 2840 1933 2881; x_wconf 90' lang='lat' dir='ltr'><strong>cum</strong></span> 
     </span>
    </p>
   </div>
   <div class='ocr_carea' id='block_1_47' title="bbox 366 2913 1937 2988">
    <p class='ocr_par' dir='ltr' id='par_1_47' title="bbox 366 2913 1937 2988">
     <span class='ocr_line' id='line_1_47' title="bbox 366 2913 1937 2988; baseline 0.002 -20"><span class='ocrx_word' id='word_1_354' title='bbox 366 2913 490 2985; x_wconf 88' lang='lat' dir='ltr'><strong>ipso</strong></span> <span class='ocrx_word' id='word_1_355' title='bbox 521 2914 646 2985; x_wconf 84' lang='lat' dir='ltr'><strong>igne</strong></span> <span class='ocrx_word' id='word_1_356' title='bbox 676 2929 819 2972; x_wconf 87' lang='lat' dir='ltr'><strong>esse.</strong></span> <span class='ocrx_word' id='word_1_357' title='bbox 849 2916 982 2972; x_wconf 86' lang='lat' dir='ltr'><strong>Item</strong></span> <span class='ocrx_word' id='word_1_358' title='bbox 1011 2917 1234 2988; x_wconf 88' lang='lat' dir='ltr'><strong>corpori</strong></span> <span class='ocrx_word' id='word_1_359' title='bbox 1263 2918 1558 2974; x_wconf 87' lang='lat' dir='ltr'><strong>sanitatem</strong></span> <span class='ocrx_word' id='word_1_360' title='bbox 1588 2917 1770 2975; x_wconf 90' lang='lat' dir='ltr'><strong>inesse</strong></span> <span class='ocrx_word' id='word_1_361' title='bbox 1798 2916 1937 2972; x_wconf 85' lang='lat' dir='ltr'><strong>dici-</strong></span> 
     </span>
    </p>
   </div>
   <div class='ocr_carea' id='block_1_48' title="bbox 367 3008 1937 3082">
    <p class='ocr_par' dir='ltr' id='par_1_48' title="bbox 367 3008 1937 3082">
     <span class='ocr_line' id='line_1_48' title="bbox 367 3008 1937 3082; baseline 0.007 -21"><span class='ocrx_word' id='word_1_362' title='bbox 367 3022 515 3076; x_wconf 81' lang='lat' dir='ltr'><strong>mus,</strong></span> <span class='ocrx_word' id='word_1_363' title='bbox 546 3008 715 3063; x_wconf 80' lang='lat' dir='ltr'><strong>vitam</strong></span> <span class='ocrx_word' id='word_1_364' title='bbox 759 3018 941 3067; x_wconf 89' lang='lat' dir='ltr'><strong>autem</strong></span> <span class='ocrx_word' id='word_1_365' title='bbox 988 3013 1151 3068; x_wconf 90' lang='lat' dir='ltr'><strong>simul</strong></span> <span class='ocrx_word' id='word_1_366' title='bbox 1177 3028 1302 3068; x_wconf 91' lang='lat' dir='ltr'><strong>cum</strong></span> <span class='ocrx_word' id='word_1_367' title='bbox 1347 3014 1528 3069; x_wconf 89' lang='lat' dir='ltr'><strong>anima</strong></span> <span class='ocrx_word' id='word_1_368' title='bbox 1567 3030 1711 3071; x_wconf 83' lang='lat' dir='ltr'><strong>esse.</strong></span> <span class='ocrx_word' id='word_1_369' title='bbox 1757 3014 1937 3082; x_wconf 86' lang='lat' dir='ltr'><strong>Quare</strong></span> 
     </span>
    </p>
   </div>
   <div class='ocr_carea' id='block_1_49' title="bbox 368 3096 1934 3174">
    <p class='ocr_par' dir='ltr' id='par_1_49' title="bbox 368 3096 1934 3174">
     <span class='ocr_line' id='line_1_49' title="bbox 368 3096 1934 3174; baseline 0.006 -25"><span class='ocrx_word' id='word_1_370' title='bbox 368 3096 465 3151; x_wconf 91' lang='lat' dir='ltr'><strong>ubi</strong></span> <span class='ocrx_word' id='word_1_371' title='bbox 523 3099 744 3168; x_wconf 89' lang='lat' dir='ltr'><strong>propria</strong></span> <span class='ocrx_word' id='word_1_372' title='bbox 796 3108 852 3154; x_wconf 90' lang='lat' dir='ltr'><strong>et</strong></span> <span class='ocrx_word' id='word_1_373' title='bbox 897 3103 1276 3159; x_wconf 88' lang='lat' dir='ltr'><strong>connaturalis</strong></span> <span class='ocrx_word' id='word_1_374' title='bbox 1339 3113 1501 3174; x_wconf 89' lang='lat' dir='ltr'><strong>atque</strong></span> <span class='ocrx_word' id='word_1_375' title='bbox 1549 3104 1934 3174; x_wconf 87' lang='lat' dir='ltr'><strong>inseparabilis</strong></span> 
     </span>
    </p>
   </div>
   <div class='ocr_carea' id='block_1_50' title="bbox 2031 1930 3613 2002">
    <p class='ocr_par' dir='ltr' id='par_1_50' title="bbox 2031 1930 3613 2002">
     <span class='ocr_line' id='line_1_50' title="bbox 2031 1930 3613 2002; baseline -0.003 -17"><span class='ocrx_word' id='word_1_376' title='bbox 2031 1931 2127 1985; x_wconf 74' lang='grc' dir='ltr'>καὶ</span> <span class='ocrx_word' id='word_1_377' title='bbox 2155 1930 2270 2002; x_wconf 84' lang='grc' dir='ltr'><strong>Υἱῷ</strong></span> <span class='ocrx_word' id='word_1_378' title='bbox 2305 1931 2426 2002; x_wconf 74' lang='grc' dir='ltr'>οὐχὶ</span> <span class='ocrx_word' id='word_1_379' title='bbox 2461 1932 2660 1987; x_wconf 76' lang='grc' dir='ltr'>ἐνεῖναι</span> <span class='ocrx_word' id='word_1_380' title='bbox 2709 1932 2929 2002; x_wconf 78' lang='grc' dir='ltr'>μᾶλλον,</span> <span class='ocrx_word' id='word_1_381' title='bbox 2962 1930 3100 1985; x_wconf 75' lang='grc' dir='ltr'>ἀλλὰ</span> <span class='ocrx_word' id='word_1_382' title='bbox 3148 1932 3384 1984; x_wconf 84' lang='grc' dir='ltr'>συνεῖναι</span> <span class='ocrx_word' id='word_1_383' title='bbox 3431 1930 3613 1982; x_wconf 79' lang='grc' dir='ltr'>εἰπεῖν</span> 
     </span>
    </p>
   </div>
   <div class='ocr_carea' id='block_1_51' title="bbox 2032 2018 3613 2096">
    <p class='ocr_par' dir='ltr' id='par_1_51' title="bbox 2032 2018 3613 2096">
     <span class='ocr_line' id='line_1_51' title="bbox 2032 2018 3613 2096; baseline -0.004 -19"><span class='ocrx_word' id='word_1_384' title='bbox 2032 2020 2435 2094; x_wconf 73' lang='grc' dir='ltr'>εὐσεϐέστερον.</span> <span class='ocrx_word' id='word_1_385' title='bbox 2470 2023 2535 2076; x_wconf 86' lang='grc' dir='ltr'><strong>Ἦ</strong></span> <span class='ocrx_word' id='word_1_386' title='bbox 2565 2023 2666 2096; x_wconf 82' lang='grc' dir='ltr'>μὲν</span> <span class='ocrx_word' id='word_1_387' title='bbox 2707 2023 2817 2094; x_wconf 82' lang='grc' dir='ltr'>γὰρ</span> <span class='ocrx_word' id='word_1_388' title='bbox 2859 2023 2987 2094; x_wconf 87' lang='grc' dir='ltr'>παρ’</span> <span class='ocrx_word' id='word_1_389' title='bbox 3013 2021 3178 2076; x_wconf 84' lang='grc' dir='ltr'>αὑτοῦ</span> <span class='ocrx_word' id='word_1_390' title='bbox 3207 2021 3366 2092; x_wconf 87' lang='grc' dir='ltr'>χάρις</span> <span class='ocrx_word' id='word_1_391' title='bbox 3395 2018 3613 2073; x_wconf 78' lang='grc' dir='ltr'>οἰκοῦν-</span> 
     </span>
    </p>
   </div>
   <div class='ocr_carea' id='block_1_52' title="bbox 2030 2109 3615 2185">
    <p class='ocr_par' dir='ltr' id='par_1_52' title="bbox 2030 2109 3615 2185">
     <span class='ocr_line' id='line_1_52' title="bbox 2030 2109 3615 2185; baseline -0.003 -19"><span class='ocrx_word' id='word_1_392' title='bbox 2030 2129 2122 2176; x_wconf 89' lang='grc' dir='ltr'><strong>τος</strong></span> <span class='ocrx_word' id='word_1_393' title='bbox 2151 2114 2210 2166; x_wconf 83' lang='grc' dir='ltr'>ὲν</span> <span class='ocrx_word' id='word_1_394' title='bbox 2242 2116 2355 2176; x_wconf 81' lang='grc' dir='ltr'>τοῖς</span> <span class='ocrx_word' id='word_1_395' title='bbox 2386 2111 2577 2179; x_wconf 80' lang='grc' dir='ltr'>ἀξίοις,</span> <span class='ocrx_word' id='word_1_396' title='bbox 2622 2114 2719 2167; x_wconf 73' lang='grc' dir='ltr'>καὶ</span> <span class='ocrx_word' id='word_1_397' title='bbox 2766 2111 3112 2185; x_wconf 76' lang='grc' dir='ltr'>ἐνεργοῦντος</span> <span class='ocrx_word' id='word_1_398' title='bbox 3142 2112 3214 2164; x_wconf 85' lang='grc' dir='ltr'>τὰ</span> <span class='ocrx_word' id='word_1_399' title='bbox 3253 2109 3471 2174; x_wconf 79' lang='grc' dir='ltr'>ἑαυτοῦ,</span> <span class='ocrx_word' id='word_1_400' title='bbox 3509 2127 3615 2162; x_wconf 84' lang='grc' dir='ltr'>κα-</span> 
     </span>
    </p>
   </div>
   <div class='ocr_carea' id='block_1_53' title="bbox 2031 2198 3615 2272">
    <p class='ocr_par' dir='ltr' id='par_1_53' title="bbox 2031 2198 3615 2272">
     <span class='ocr_line' id='line_1_53' title="bbox 2031 2198 3615 2272; baseline -0.001 -20"><span class='ocrx_word' id='word_1_401' title='bbox 2031 2199 2140 2264; x_wconf 83' lang='grc' dir='ltr'>λῶς</span> <span class='ocrx_word' id='word_1_402' title='bbox 2179 2200 2507 2272; x_wconf 75' lang='grc' dir='ltr'>ἐνυπάρχειν</span> <span class='ocrx_word' id='word_1_403' title='bbox 2545 2202 2661 2263; x_wconf 83' lang='grc' dir='ltr'>τοῖς</span> <span class='ocrx_word' id='word_1_404' title='bbox 2700 2201 2968 2264; x_wconf 81' lang='grc' dir='ltr'>δεκτικοῖς</span> <span class='ocrx_word' id='word_1_405' title='bbox 3001 2198 3166 2253; x_wconf 82' lang='grc' dir='ltr'>αὑτοῦ</span> <span class='ocrx_word' id='word_1_406' title='bbox 3200 2199 3453 2267; x_wconf 75' lang='grc' dir='ltr'>λέγεταιο</span> <span class='ocrx_word' id='word_1_407' title='bbox 3483 2202 3517 2270; x_wconf 83' lang='grc' dir='ltr'><strong>ἠ</strong></span> <span class='ocrx_word' id='word_1_408' title='bbox 3553 2198 3615 2251; x_wconf 80' lang='grc' dir='ltr'>δὲ</span> 
     </span>
    </p>
   </div>
   <div class='ocr_carea' id='block_1_54' title="bbox 2032 2290 3614 2365">
    <p class='ocr_par' dir='ltr' id='par_1_54' title="bbox 2032 2290 3614 2365">
     <span class='ocr_line' id='line_1_54' title="bbox 2032 2290 3614 2365; baseline -0.001 -19"><span class='ocrx_word' id='word_1_409' title='bbox 2032 2290 2354 2364; x_wconf 87' lang='grc' dir='ltr'>προαιώνιος</span> <span class='ocrx_word' id='word_1_410' title='bbox 2397 2291 2663 2365; x_wconf 82' lang='grc' dir='ltr'>ῦπαρξις,</span> <span class='ocrx_word' id='word_1_411' title='bbox 2718 2293 2813 2347; x_wconf 76' lang='grc' dir='ltr'><strong>καὶ</strong></span> <span class='ocrx_word' id='word_1_412' title='bbox 2864 2293 3137 2354; x_wconf 80' lang='grc' dir='ltr'>ἄπαυστος</span> <span class='ocrx_word' id='word_1_413' title='bbox 3187 2291 3441 2364; x_wconf 73' lang='grc' dir='ltr'>διαμονή,</span> <span class='ocrx_word' id='word_1_414' title='bbox 3491 2292 3614 2362; x_wconf 78' lang='grc' dir='ltr'>μεθ’</span> 
     </span>
    </p>
   </div>
   <div class='ocr_carea' id='block_1_55' title="bbox 2032 2382 3612 2456">
    <p class='ocr_par' dir='ltr' id='par_1_55' title="bbox 2032 2382 3612 2456">
     <span class='ocr_line' id='line_1_55' title="bbox 2032 2382 3612 2456; baseline -0.001 -19"><span class='ocrx_word' id='word_1_415' title='bbox 2032 2382 2164 2437; x_wconf 88' lang='grc' dir='ltr'>Υἱοῦ</span> <span class='ocrx_word' id='word_1_416' title='bbox 2196 2383 2293 2437; x_wconf 71' lang='grc' dir='ltr'><strong>καὶ</strong></span> <span class='ocrx_word' id='word_1_417' title='bbox 2320 2383 2534 2456; x_wconf 88' lang='grc' dir='ltr'>Πατρὺς</span> <span class='ocrx_word' id='word_1_418' title='bbox 2572 2383 2917 2456; x_wconf 85' lang='grc' dir='ltr'>θεωρουμένη</span> <span class='ocrx_word' id='word_1_419' title='bbox 2938 2424 2953 2446; x_wconf 92' lang='grc'><strong>,</strong></span> <span class='ocrx_word' id='word_1_420' title='bbox 2995 2382 3096 2447; x_wconf 78' lang='grc' dir='ltr'>τὰς</span> <span class='ocrx_word' id='word_1_421' title='bbox 3124 2383 3226 2454; x_wconf 85' lang='grc' dir='ltr'>τῆς</span> <span class='ocrx_word' id='word_1_422' title='bbox 3273 2383 3446 2436; x_wconf 79' lang='grc' dir='ltr'><strong>ἀϊδίου</strong></span> <span class='ocrx_word' id='word_1_423' title='bbox 3482 2400 3612 2437; x_wconf 88' lang='grc' dir='ltr'>συν-</span> 
     </span>
    </p>
   </div>
   <div class='ocr_carea' id='block_1_56' title="bbox 2033 2473 3609 2548">
    <p class='ocr_par' dir='ltr' id='par_1_56' title="bbox 2033 2473 3609 2548">
     <span class='ocr_line' id='line_1_56' title="bbox 2033 2473 3609 2548; baseline -0.003 -18"><span class='ocrx_word' id='word_1_424' title='bbox 2033 2475 2228 2546; x_wconf 83' lang='grc' dir='ltr'>αφείας</span> <span class='ocrx_word' id='word_1_425' title='bbox 2270 2474 2380 2547; x_wconf 70' lang='grc'><strong>(48)</strong></span> <span class='ocrx_word' id='word_1_426' title='bbox 2422 2476 2795 2548; x_wconf 84' lang='grc' dir='ltr'>προσηγορίας</span> <span class='ocrx_word' id='word_1_427' title='bbox 2837 2474 3101 2547; x_wconf 78' lang='grc' dir='ltr'>ἐπιζητεῖ.</span> <span class='ocrx_word' id='word_1_428' title='bbox 3138 2475 3211 2528; x_wconf 90' lang='grc' dir='ltr'><strong>Τὸ</strong></span> <span class='ocrx_word' id='word_1_429' title='bbox 3253 2473 3363 2545; x_wconf 84' lang='grc' dir='ltr'>γὰρ</span> <span class='ocrx_word' id='word_1_430' title='bbox 3400 2474 3609 2545; x_wconf 82' lang='grc' dir='ltr'>κυρίως</span> 
     </span>
    </p>
   </div>
   <div class='ocr_carea' id='block_1_57' title="bbox 2032 2562 3613 2637">
    <p class='ocr_par' dir='ltr' id='par_1_57' title="bbox 2032 2562 3613 2637">
     <span class='ocr_line' id='line_1_57' title="bbox 2032 2562 3613 2637; baseline -0.001 -18"><span class='ocrx_word' id='word_1_431' title='bbox 2032 2562 2128 2619; x_wconf 74' lang='grc' dir='ltr'><strong>καὶ</strong></span> <span class='ocrx_word' id='word_1_432' title='bbox 2155 2565 2369 2637; x_wconf 84' lang='grc' dir='ltr'>ἀληθῶς</span> <span class='ocrx_word' id='word_1_433' title='bbox 2411 2565 2826 2635; x_wconf 75' lang='grc' dir='ltr'>συνυπάρχειν</span> <span class='ocrx_word' id='word_1_434' title='bbox 2871 2566 2962 2619; x_wconf 76' lang='grc' dir='ltr'>ἐπὶ</span> <span class='ocrx_word' id='word_1_435' title='bbox 3002 2566 3112 2619; x_wconf 85' lang='grc' dir='ltr'><strong>τῶν</strong></span> <span class='ocrx_word' id='word_1_436' title='bbox 3155 2566 3478 2636; x_wconf 83' lang='grc' dir='ltr'>ἀχωρίστως</span> <span class='ocrx_word' id='word_1_437' title='bbox 3517 2566 3613 2619; x_wconf 82' lang='grc' dir='ltr'><strong>ἀλ-</strong></span> 
     </span>
    </p>
   </div>
   <div class='ocr_carea' id='block_1_58' title="bbox 2032 2656 3613 2731">
    <p class='ocr_par' dir='ltr' id='par_1_58' title="bbox 2032 2656 3613 2731">
     <span class='ocr_line' id='line_1_58' title="bbox 2032 2656 3613 2731; baseline 0.001 -21"><span class='ocrx_word' id='word_1_438' title='bbox 2032 2656 2217 2729; x_wconf 85' lang='grc' dir='ltr'>λήλοις</span> <span class='ocrx_word' id='word_1_439' title='bbox 2245 2658 2512 2713; x_wconf 88' lang='grc' dir='ltr'>συνόντων</span> <span class='ocrx_word' id='word_1_440' title='bbox 2545 2658 2782 2727; x_wconf 86' lang='grc' dir='ltr'>λέγεται.</span> <span class='ocrx_word' id='word_1_441' title='bbox 2803 2656 2914 2729; x_wconf 84' lang='grc' dir='ltr'><strong>Τὴν</strong></span> <span class='ocrx_word' id='word_1_442' title='bbox 2935 2657 3045 2731; x_wconf 83' lang='grc' dir='ltr'><strong>γὰρ</strong></span> <span class='ocrx_word' id='word_1_443' title='bbox 3077 2657 3389 2729; x_wconf 84' lang='grc' dir='ltr'>θερμότητα</span> <span class='ocrx_word' id='word_1_444' title='bbox 3408 2656 3490 2728; x_wconf 82' lang='grc' dir='ltr'><strong>τῷ</strong></span> <span class='ocrx_word' id='word_1_445' title='bbox 3513 2658 3613 2729; x_wconf 86' lang='grc' dir='ltr'>μὲν</span> 
     </span>
    </p>
   </div>
   <div class='ocr_carea' id='block_1_59' title="bbox 2034 2748 3615 2822">
    <p class='ocr_par' dir='ltr' id='par_1_59' title="bbox 2034 2748 3615 2822">
     <span class='ocr_line' id='line_1_59' title="bbox 2034 2748 3615 2822; baseline 0.001 -21"><span class='ocrx_word' id='word_1_446' title='bbox 2034 2749 2445 2821; x_wconf 86' lang='grc' dir='ltr'>πυρακτωθέντι</span> <span class='ocrx_word' id='word_1_447' title='bbox 2495 2750 2697 2822; x_wconf 85' lang='grc' dir='ltr'>σιδήρῳ</span> <span class='ocrx_word' id='word_1_448' title='bbox 2744 2749 3070 2820; x_wconf 76' lang='grc' dir='ltr'>ἐνυπάρχειν</span> <span class='ocrx_word' id='word_1_449' title='bbox 3114 2748 3294 2818; x_wconf 80' lang='grc' dir='ltr'>φαμέν</span> <span class='ocrx_word' id='word_1_450' title='bbox 3323 2768 3337 2780; x_wconf 89' lang='grc'><strong>·</strong></span> <span class='ocrx_word' id='word_1_451' title='bbox 3370 2748 3521 2819; x_wconf 80' lang='grc' dir='ltr'>αὐτῷ</span> <span class='ocrx_word' id='word_1_452' title='bbox 3555 2749 3615 2802; x_wconf 75' lang='grc' dir='ltr'><strong>δὲ</strong></span> 
     </span>
    </p>
   </div>
   <div class='ocr_carea' id='block_1_60' title="bbox 2033 2837 3616 2912">
    <p class='ocr_par' dir='ltr' id='par_1_60' title="bbox 2033 2837 3616 2912">
     <span class='ocr_line' id='line_1_60' title="bbox 2033 2837 3616 2912; baseline -0.003 -18"><span class='ocrx_word' id='word_1_453' title='bbox 2033 2840 2112 2910; x_wconf 81' lang='grc' dir='ltr'>τῷ</span> <span class='ocrx_word' id='word_1_454' title='bbox 2142 2839 2276 2912; x_wconf 71' lang='grc' dir='ltr'>πυρὶ</span> <span class='ocrx_word' id='word_1_455' title='bbox 2316 2838 2701 2910; x_wconf 87' lang='grc' dir='ltr'>συνυπάρχειν.</span> <span class='ocrx_word' id='word_1_456' title='bbox 2732 2838 2841 2892; x_wconf 78' lang='grc' dir='ltr'><strong>Καὶ</strong></span> <span class='ocrx_word' id='word_1_457' title='bbox 2869 2838 2968 2909; x_wconf 73' lang='grc' dir='ltr'>τὴν</span> <span class='ocrx_word' id='word_1_458' title='bbox 3004 2838 3101 2908; x_wconf 82' lang='grc' dir='ltr'>μὲν</span> <span class='ocrx_word' id='word_1_459' title='bbox 3154 2837 3367 2906; x_wconf 80' lang='grc' dir='ltr'>ὑγίειαν</span> <span class='ocrx_word' id='word_1_460' title='bbox 3396 2837 3475 2909; x_wconf 78' lang='grc' dir='ltr'>τῷ</span> <span class='ocrx_word' id='word_1_461' title='bbox 3508 2838 3616 2890; x_wconf 85' lang='grc' dir='ltr'><strong>σώ-</strong></span> 
     </span>
    </p>
   </div>
   <div class='ocr_carea' id='block_1_61' title="bbox 2038 2927 3612 3003">
    <p class='ocr_par' dir='ltr' id='par_1_61' title="bbox 2038 2927 3612 3003">
     <span class='ocr_line' id='line_1_61' title="bbox 2038 2927 3612 3003; baseline -0.002 -19"><span class='ocrx_word' id='word_1_462' title='bbox 2038 2948 2169 3003; x_wconf 86' lang='grc' dir='ltr'>ματι</span> <span class='ocrx_word' id='word_1_463' title='bbox 2199 2930 2541 3003; x_wconf 72' lang='grc' dir='ltr'>ἐνυπάρχειν,</span> <span class='ocrx_word' id='word_1_464' title='bbox 2573 2929 2671 3002; x_wconf 81' lang='grc' dir='ltr'>τὴν</span> <span class='ocrx_word' id='word_1_465' title='bbox 2692 2930 2751 2984; x_wconf 78' lang='grc' dir='ltr'>δὲ</span> <span class='ocrx_word' id='word_1_466' title='bbox 2779 2927 2924 3000; x_wconf 82' lang='grc' dir='ltr'>ζωὴν</span> <span class='ocrx_word' id='word_1_467' title='bbox 2955 2931 3022 3000; x_wconf 78' lang='grc' dir='ltr'>τῇ</span> <span class='ocrx_word' id='word_1_468' title='bbox 3051 2927 3195 3000; x_wconf 80' lang='grc' dir='ltr'>ψυχῇ</span> <span class='ocrx_word' id='word_1_469' title='bbox 3221 2927 3612 3001; x_wconf 85' lang='grc' dir='ltr'>συνυπάρχειν.</span> 
     </span>
    </p>
   </div>
   <div class='ocr_carea' id='block_1_62' title="bbox 2039 3019 3614 3095">
    <p class='ocr_par' dir='ltr' id='par_1_62' title="bbox 2039 3019 3614 3095">
     <span class='ocr_line' id='line_1_62' title="bbox 2039 3019 3614 3095; baseline -0.002 -19"><span class='ocrx_word' id='word_1_470' title='bbox 2039 3023 2201 3076; x_wconf 84' lang='grc' dir='ltr'>Ὥστε</span> <span class='ocrx_word' id='word_1_471' title='bbox 2230 3024 2363 3077; x_wconf 81' lang='grc' dir='ltr'>ὅπου</span> <span class='ocrx_word' id='word_1_472' title='bbox 2400 3024 2498 3095; x_wconf 84' lang='grc' dir='ltr'>μὲν</span> <span class='ocrx_word' id='word_1_473' title='bbox 2525 3023 2700 3077; x_wconf 74' lang='grc' dir='ltr'>οἰκεία</span> <span class='ocrx_word' id='word_1_474' title='bbox 2733 3023 2827 3076; x_wconf 77' lang='grc' dir='ltr'>καὶ</span> <span class='ocrx_word' id='word_1_475' title='bbox 2850 3020 3101 3092; x_wconf 73' lang='grc' dir='ltr'>συμφυὴς</span> <span class='ocrx_word' id='word_1_476' title='bbox 3133 3021 3229 3073; x_wconf 73' lang='grc' dir='ltr'>καὶ</span> <span class='ocrx_word' id='word_1_477' title='bbox 3249 3019 3553 3092; x_wconf 86' lang='grc' dir='ltr'>ἀχώριστος</span> <span class='ocrx_word' id='word_1_478' title='bbox 3580 3023 3614 3093; x_wconf 77' lang='grc' dir='ltr'>ἢ</span> 
     </span>
    </p>
   </div>
   <div class='ocr_carea' id='block_1_63' title="bbox 2039 3110 3617 3185">
    <p class='ocr_par' dir='ltr' id='par_1_63' title="bbox 2039 3110 3617 3185">
     <span class='ocr_line' id='line_1_63' title="bbox 2039 3110 3617 3185; baseline -0.001 -19"><span class='ocrx_word' id='word_1_479' title='bbox 2039 3113 2308 3177; x_wconf 85' lang='grc' dir='ltr'>κοινωνία,</span> <span class='ocrx_word' id='word_1_480' title='bbox 2333 3111 2786 3185; x_wconf 85' lang='grc' dir='ltr'>σημαντικωτέρα</span> <span class='ocrx_word' id='word_1_481' title='bbox 2812 3110 2963 3182; x_wconf 84' lang='grc' dir='ltr'>φωνὴ</span> <span class='ocrx_word' id='word_1_482' title='bbox 2987 3112 3020 3182; x_wconf 82' lang='grc' dir='ltr'>ἡ</span> <span class='ocrx_word' id='word_1_483' title='bbox 3042 3110 3163 3164; x_wconf 85' lang='grc' dir='ltr'>σὺν</span> <span class='ocrx_word' id='word_1_484' title='bbox 3191 3110 3322 3182; x_wconf 70' lang='grc'><strong>(49),</strong></span> <span class='ocrx_word' id='word_1_485' title='bbox 3352 3112 3451 3182; x_wconf 82' lang='grc' dir='ltr'><strong>τῆς</strong></span> <span class='ocrx_word' id='word_1_486' title='bbox 3470 3111 3617 3180; x_wconf 84' lang='grc' dir='ltr'>ἀχω-</span> 
     </span>
    </p>
   </div>
   <div class='ocr_carea' id='block_1_64' title="bbox 370 3188 1939 3278">
    <p class='ocr_par' dir='ltr' id='par_1_64' title="bbox 370 3188 1938 3265">
     <span class='ocr_line' id='line_1_64' title="bbox 370 3188 1938 3265; baseline 0.006 -26"><span class='ocrx_word' id='word_1_487' title='bbox 370 3188 685 3256; x_wconf 74' lang='lat' dir='ltr'><strong>communip</strong></span> <span class='ocrx_word' id='word_1_488' title='bbox 726 3197 830 3257; x_wconf 85' lang='lat' dir='ltr'><strong>est,</strong></span> <span class='ocrx_word' id='word_1_489' title='bbox 864 3189 981 3245; x_wconf 79' lang='lat' dir='ltr'><strong>luec</strong></span> <span class='ocrx_word' id='word_1_490' title='bbox 1007 3208 1114 3246; x_wconf 82' lang='lat' dir='ltr'><strong>vox</strong></span> <span class='ocrx_word' id='word_1_491' title='bbox 1160 3209 1280 3245; x_wconf 84' lang='lat' dir='ltr'><strong>cum</strong></span> <span class='ocrx_word' id='word_1_492' title='bbox 1313 3192 1711 3265; x_wconf 82' lang='lat' dir='ltr'><strong>signiticantior</strong></span> <span class='ocrx_word' id='word_1_493' title='bbox 1741 3202 1846 3258; x_wconf 88' lang='lat' dir='ltr'><strong>est,</strong></span> <span class='ocrx_word' id='word_1_494' title='bbox 1880 3200 1938 3249; x_wconf 92' lang='lat' dir='ltr'><strong>ut</strong></span> 
     </span>
    </p>
   </div>
   <div class='ocr_carea' id='block_1_65' title="bbox 2045 3188 3619 3278">
    <p class='ocr_par' dir='ltr' id='par_1_65' title="bbox 2045 3202 3619 3278">
     <span class='ocr_line' id='line_1_65' title="bbox 2045 3202 3619 3278; baseline -0.002 -20"><span class='ocrx_word' id='word_1_495' title='bbox 2045 3206 2224 3278; x_wconf 84' lang='grc' dir='ltr'>ρίστου</span> <span class='ocrx_word' id='word_1_496' title='bbox 2253 3205 2539 3268; x_wconf 83' lang='grc' dir='ltr'>κοινωνίας</span> <span class='ocrx_word' id='word_1_497' title='bbox 2564 3205 2663 3276; x_wconf 81' lang='grc' dir='ltr'>τὴν</span> <span class='ocrx_word' id='word_1_498' title='bbox 2690 3203 2926 3257; x_wconf 83' lang='grc' dir='ltr'>διάνοιαν</span> <span class='ocrx_word' id='word_1_499' title='bbox 2957 3202 3364 3256; x_wconf 75' lang='grc' dir='ltr'>ὑποϐάλλουσα·</span> <span class='ocrx_word' id='word_1_500' title='bbox 3391 3203 3528 3256; x_wconf 82' lang='grc' dir='ltr'>ὅπου</span> <span class='ocrx_word' id='word_1_501' title='bbox 3556 3202 3619 3255; x_wconf 74' lang='grc' dir='ltr'>δὲ</span> 
     </span>
    </p>
   </div>
   <div class='ocr_carea' id='block_1_66' title="bbox 371 3281 1943 3357">
    <p class='ocr_par' dir='ltr' id='par_1_66' title="bbox 371 3281 1943 3357">
     <span class='ocr_line' id='line_1_66' title="bbox 371 3281 1943 3357; baseline 0.005 -25"><span class='ocrx_word' id='word_1_502' title='bbox 371 3293 495 3349; x_wconf 80' lang='lat' dir='ltr'><strong>quae</strong></span> <span class='ocrx_word' id='word_1_503' title='bbox 525 3281 912 3351; x_wconf 89' lang='lat' dir='ltr'><strong>inseparabilis</strong></span> <span class='ocrx_word' id='word_1_504' title='bbox 943 3282 1354 3353; x_wconf 78' lang='lat' dir='ltr'><strong>coniunctionis</strong></span> <span class='ocrx_word' id='word_1_505' title='bbox 1388 3284 1778 3355; x_wconf 81' lang='lat' dir='ltr'><strong>cogitationem</strong></span> <span class='ocrx_word' id='word_1_506' title='bbox 1812 3301 1943 3357; x_wconf 87' lang='lat' dir='ltr'><strong>sug-</strong></span> 
     </span>
    </p>
   </div>
   <div class='ocr_carea' id='block_1_67' title="bbox 372 3371 1946 3448">
    <p class='ocr_par' dir='ltr' id='par_1_67' title="bbox 372 3371 1946 3448">
     <span class='ocr_line' id='line_1_67' title="bbox 372 3371 1946 3448; baseline 0.001 -20"><span class='ocrx_word' id='word_1_507' title='bbox 372 3381 525 3443; x_wconf 90' lang='lat' dir='ltr'><strong>gerat</strong></span> <span class='ocrx_word' id='word_1_508' title='bbox 568 3371 890 3430; x_wconf 87' lang='lat' dir='ltr'><strong>intellectui.</strong></span> <span class='ocrx_word' id='word_1_509' title='bbox 927 3372 1031 3430; x_wconf 89' lang='lat' dir='ltr'><strong>Ubi</strong></span> <span class='ocrx_word' id='word_1_510' title='bbox 1069 3383 1252 3431; x_wconf 89' lang='lat' dir='ltr'><strong>autem</strong></span> <span class='ocrx_word' id='word_1_511' title='bbox 1301 3376 1474 3446; x_wconf 88' lang='lat' dir='ltr'><strong>gratia</strong></span> <span class='ocrx_word' id='word_1_512' title='bbox 1518 3376 1588 3431; x_wconf 91' lang='lat' dir='ltr'><strong>ab</strong></span> <span class='ocrx_word' id='word_1_513' title='bbox 1631 3376 1754 3448; x_wconf 89' lang='lat' dir='ltr'><strong>ipso</strong></span> <span class='ocrx_word' id='word_1_514' title='bbox 1785 3375 1946 3447; x_wconf 85' lang='lat' dir='ltr'><strong>proﬁ-</strong></span> 
     </span>
    </p>
   </div>
   <div class='ocr_carea' id='block_1_68' title="bbox 372 3463 1945 3538">
    <p class='ocr_par' dir='ltr' id='par_1_68' title="bbox 372 3463 1945 3538">
     <span class='ocr_line' id='line_1_68' title="bbox 372 3463 1945 3538; baseline 0.003 -21"><span class='ocrx_word' id='word_1_515' title='bbox 372 3463 612 3529; x_wconf 85' lang='lat' dir='ltr'><strong>ciscens,</strong></span> <span class='ocrx_word' id='word_1_516' title='bbox 645 3466 907 3521; x_wconf 85' lang='lat' dir='ltr'><strong>accedere</strong></span> <span class='ocrx_word' id='word_1_517' title='bbox 952 3481 1019 3521; x_wconf 91' lang='lat' dir='ltr'><strong>ac</strong></span> <span class='ocrx_word' id='word_1_518' title='bbox 1064 3482 1259 3522; x_wconf 88' lang='lat' dir='ltr'><strong>rursus</strong></span> <span class='ocrx_word' id='word_1_519' title='bbox 1290 3466 1555 3523; x_wconf 87' lang='lat' dir='ltr'><strong>decedere</strong></span> <span class='ocrx_word' id='word_1_520' title='bbox 1581 3475 1784 3537; x_wconf 87' lang='lat' dir='ltr'><strong>potest,</strong></span> <span class='ocrx_word' id='word_1_521' title='bbox 1814 3483 1945 3538; x_wconf 89' lang='lat' dir='ltr'><strong>pro-</strong></span> 
     </span>
    </p>
   </div>
   <div class='ocr_carea' id='block_1_69' title="bbox 372 3555 1945 3628">
    <p class='ocr_par' dir='ltr' id='par_1_69' title="bbox 372 3555 1945 3628">
     <span class='ocr_line' id='line_1_69' title="bbox 372 3555 1945 3628; baseline 0.003 -20"><span class='ocrx_word' id='word_1_522' title='bbox 372 3555 494 3628; x_wconf 87' lang='lat' dir='ltr'><strong>prie</strong></span> <span class='ocrx_word' id='word_1_523' title='bbox 521 3564 578 3611; x_wconf 91' lang='lat' dir='ltr'><strong>et</strong></span> <span class='ocrx_word' id='word_1_524' title='bbox 609 3571 739 3612; x_wconf 87' lang='lat' dir='ltr'><strong>vere</strong></span> <span class='ocrx_word' id='word_1_525' title='bbox 772 3557 954 3613; x_wconf 89' lang='lat' dir='ltr'><strong>inesse</strong></span> <span class='ocrx_word' id='word_1_526' title='bbox 979 3557 1219 3622; x_wconf 84' lang='lat' dir='ltr'><strong>dicitur;</strong></span> <span class='ocrx_word' id='word_1_527' title='bbox 1256 3559 1470 3614; x_wconf 88' lang='lat' dir='ltr'><strong>etiamsi</strong></span> <span class='ocrx_word' id='word_1_528' title='bbox 1502 3559 1652 3615; x_wconf 92' lang='lat' dir='ltr'><strong>illius</strong></span> <span class='ocrx_word' id='word_1_529' title='bbox 1683 3559 1859 3625; x_wconf 77' lang='lat' dir='ltr'><strong>gratia</strong></span> <span class='ocrx_word' id='word_1_530' title='bbox 1888 3559 1945 3613; x_wconf 90' lang='lat' dir='ltr'><strong>&#39;m</strong></span> 
     </span>
    </p>
   </div>
   <div class='ocr_carea' id='block_1_70' title="bbox 373 3649 1946 3721">
    <p class='ocr_par' dir='ltr' id='par_1_70' title="bbox 373 3649 1946 3721">
     <span class='ocr_line' id='line_1_70' title="bbox 373 3649 1946 3721; baseline 0.001 -17"><span class='ocrx_word' id='word_1_531' title='bbox 373 3651 446 3705; x_wconf 88' lang='lat' dir='ltr'><strong>iis</strong></span> <span class='ocrx_word' id='word_1_532' title='bbox 467 3649 561 3721; x_wconf 90' lang='lat' dir='ltr'><strong>qui</strong></span> <span class='ocrx_word' id='word_1_533' title='bbox 592 3656 943 3719; x_wconf 87' lang='lat' dir='ltr'><strong>receperunt,</strong></span> <span class='ocrx_word' id='word_1_534' title='bbox 972 3665 1351 3721; x_wconf 66' lang='lat' dir='ltr'><strong>stepeuumcro</strong></span> <span class='ocrx_word' id='word_1_535' title='bbox 1375 3658 1598 3720; x_wconf 87' lang='lat' dir='ltr'><strong>propter</strong></span> <span class='ocrx_word' id='word_1_536' title='bbox 1627 3649 1856 3705; x_wconf 83' lang='lat' dir='ltr'><strong>aﬂ‘ectus</strong></span> <span class='ocrx_word' id='word_1_537' title='bbox 1887 3651 1946 3705; x_wconf 91' lang='lat' dir='ltr'><strong>in</strong></span> 
     </span>
    </p>
   </div>
   <div class='ocr_carea' id='block_1_71' title="bbox 372 3741 1947 3812">
    <p class='ocr_par' dir='ltr' id='par_1_71' title="bbox 372 3741 1947 3812">
     <span class='ocr_line' id='line_1_71' title="bbox 372 3741 1947 3812; baseline 0.003 -17"><span class='ocrx_word' id='word_1_538' title='bbox 372 3741 521 3797; x_wconf 85' lang='lat' dir='ltr'><strong>bono</strong></span> <span class='ocrx_word' id='word_1_539' title='bbox 545 3741 1012 3812; x_wconf 82' lang='lat' dir='ltr'><strong>perseverantiam</strong></span> <span class='ocrx_word' id='word_1_540' title='bbox 1043 3749 1306 3811; x_wconf 88' lang='lat' dir='ltr'><strong>perpetua</strong></span> <span class='ocrx_word' id='word_1_541' title='bbox 1329 3752 1668 3811; x_wconf 85' lang='lat' dir='ltr'><strong>permaneat.</strong></span> <span class='ocrx_word' id='word_1_542' title='bbox 1707 3742 1947 3799; x_wconf 87' lang='lat' dir='ltr'><strong>Proinde</strong></span> 
     </span>
    </p>
   </div>
   <div class='ocr_carea' id='block_1_72' title="bbox 374 3830 1941 3906">
    <p class='ocr_par' dir='ltr' id='par_1_72' title="bbox 374 3830 1941 3906">
     <span class='ocr_line' id='line_1_72' title="bbox 374 3830 1941 3906; baseline 0.003 -20"><span class='ocrx_word' id='word_1_543' title='bbox 374 3833 596 3902; x_wconf 87' lang='lat' dir='ltr'><strong>quoties</strong></span> <span class='ocrx_word' id='word_1_544' title='bbox 624 3834 907 3904; x_wconf 89' lang='lat' dir='ltr'><strong>propriam</strong></span> <span class='ocrx_word' id='word_1_545' title='bbox 940 3830 1183 3903; x_wconf 83' lang='lat' dir='ltr'><strong>Spiritus</strong></span> <span class='ocrx_word' id='word_1_546' title='bbox 1207 3832 1529 3904; x_wconf 86' lang='lat' dir='ltr'><strong>dignitatem</strong></span> <span class='ocrx_word' id='word_1_547' title='bbox 1562 3834 1941 3906; x_wconf 78' lang='lat' dir='ltr'><strong>intelligimus,</strong></span> 
     </span>
    </p>
   </div>
   <div class='ocr_carea' id='block_1_73' title="bbox 376 3926 1946 3997">
    <p class='ocr_par' dir='ltr' id='par_1_73' title="bbox 376 3926 1946 3997">
     <span class='ocr_line' id='line_1_73' title="bbox 376 3926 1946 3997; baseline -0.001 -16"><span class='ocrx_word' id='word_1_548' title='bbox 376 3943 505 3983; x_wconf 88' lang='lat' dir='ltr'><strong>cum</strong></span> <span class='ocrx_word' id='word_1_549' title='bbox 539 3927 702 3983; x_wconf 86' lang='lat' dir='ltr'><strong>Patre</strong></span> <span class='ocrx_word' id='word_1_550' title='bbox 725 3935 780 3984; x_wconf 90' lang='lat' dir='ltr'><strong>et</strong></span> <span class='ocrx_word' id='word_1_551' title='bbox 808 3926 951 3982; x_wconf 89' lang='lat' dir='ltr'><strong>Filio</strong></span> <span class='ocrx_word' id='word_1_552' title='bbox 980 3927 1161 3997; x_wconf 90' lang='lat' dir='ltr'><strong>ipsum</strong></span> <span class='ocrx_word' id='word_1_553' title='bbox 1191 3928 1629 3997; x_wconf 90' lang='lat' dir='ltr'><strong>contemplamur</strong></span> <span class='ocrx_word' id='word_1_554' title='bbox 1654 3946 1668 3983; x_wconf 89' lang='lat'><strong>:</strong></span> <span class='ocrx_word' id='word_1_555' title='bbox 1696 3927 1790 3982; x_wconf 90' lang='lat' dir='ltr'><strong>ubi</strong></span> <span class='ocrx_word' id='word_1_556' title='bbox 1813 3941 1946 3982; x_wconf 88' lang='lat' dir='ltr'><strong>vero</strong></span> 
     </span>
    </p>
   </div>
   <div class='ocr_carea' id='block_1_74' title="bbox 374 4017 1945 4090">
    <p class='ocr_par' dir='ltr' id='par_1_74' title="bbox 374 4017 1945 4090">
     <span class='ocr_line' id='line_1_74' title="bbox 374 4017 1945 4090; baseline -0.002 -18"><span class='ocrx_word' id='word_1_557' title='bbox 374 4018 606 4090; x_wconf 77' lang='lat' dir='ltr'><strong>gratiam</strong></span> <span class='ocrx_word' id='word_1_558' title='bbox 636 4021 692 4073; x_wconf 91' lang='lat' dir='ltr'><strong>in</strong></span> <span class='ocrx_word' id='word_1_559' title='bbox 733 4034 851 4083; x_wconf 90' lang='lat' dir='ltr'><strong>eos,</strong></span> <span class='ocrx_word' id='word_1_560' title='bbox 885 4017 980 4088; x_wconf 88' lang='lat' dir='ltr'><strong>qui</strong></span> <span class='ocrx_word' id='word_1_561' title='bbox 1012 4017 1162 4073; x_wconf 90' lang='lat' dir='ltr'><strong>illius</strong></span> <span class='ocrx_word' id='word_1_562' title='bbox 1189 4024 1320 4074; x_wconf 91' lang='lat' dir='ltr'><strong>sunt</strong></span> <span class='ocrx_word' id='word_1_563' title='bbox 1344 4017 1664 4087; x_wconf 88' lang='lat' dir='ltr'><strong>participes,</strong></span> <span class='ocrx_word' id='word_1_564' title='bbox 1705 4031 1945 4086; x_wconf 80' lang='lat' dir='ltr'><strong>cperan-</strong></span> 
     </span>
    </p>
   </div>
   <div class='ocr_carea' id='block_1_75' title="bbox 374 4106 1941 4181">
    <p class='ocr_par' dir='ltr' id='par_1_75' title="bbox 374 4106 1941 4181">
     <span class='ocr_line' id='line_1_75' title="bbox 374 4106 1941 4181; baseline -0.001 -18"><span class='ocrx_word' id='word_1_565' title='bbox 374 4119 486 4165; x_wconf 87' lang='lat' dir='ltr'><strong>tem</strong></span> <span class='ocrx_word' id='word_1_566' title='bbox 534 4121 875 4181; x_wconf 87' lang='lat' dir='ltr'><strong>reputamus,</strong></span> <span class='ocrx_word' id='word_1_567' title='bbox 925 4109 983 4164; x_wconf 93' lang='lat' dir='ltr'><strong>in</strong></span> <span class='ocrx_word' id='word_1_568' title='bbox 1013 4109 1174 4165; x_wconf 88' lang='lat' dir='ltr'><strong>uobis</strong></span> <span class='ocrx_word' id='word_1_569' title='bbox 1216 4124 1342 4165; x_wconf 84' lang='lat' dir='ltr'><strong>esse</strong></span> <span class='ocrx_word' id='word_1_570' title='bbox 1389 4106 1653 4178; x_wconf 88' lang='lat' dir='ltr'><strong>Spiritum</strong></span> <span class='ocrx_word' id='word_1_571' title='bbox 1685 4107 1941 4163; x_wconf 87' lang='lat' dir='ltr'><strong>dicimus.</strong></span> 
     </span>
    </p>
   </div>
   <div class='ocr_carea' id='block_1_76' title="bbox 375 4198 1947 4272">
    <p class='ocr_par' dir='ltr' id='par_1_76' title="bbox 375 4198 1947 4272">
     <span class='ocr_line' id='line_1_76' title="bbox 375 4198 1947 4272; baseline -0.003 -15"><span class='ocrx_word' id='word_1_572' title='bbox 375 4202 445 4257; x_wconf 85' lang='lat' dir='ltr'><strong>Et</strong></span> <span class='ocrx_word' id='word_1_573' title='bbox 467 4217 588 4272; x_wconf 70' lang='lat' dir='ltr'><strong>quae</strong></span> <span class='ocrx_word' id='word_1_574' title='bbox 620 4217 651 4256; x_wconf 92' lang='lat' dir='ltr'><strong>a</strong></span> <span class='ocrx_word' id='word_1_575' title='bbox 680 4202 840 4257; x_wconf 89' lang='lat' dir='ltr'><strong>nobis</strong></span> <span class='ocrx_word' id='word_1_576' title='bbox 863 4199 1109 4258; x_wconf 80' lang='lat' dir='ltr'><strong>defertur</strong></span> <span class='ocrx_word' id='word_1_577' title='bbox 1133 4199 1460 4271; x_wconf 83' lang='lat' dir='ltr'><strong>gloriﬁcatio</strong></span> <span class='ocrx_word' id='word_1_578' title='bbox 1488 4200 1541 4254; x_wconf 89' lang='lat' dir='ltr'><strong>in</strong></span> <span class='ocrx_word' id='word_1_579' title='bbox 1576 4198 1807 4269; x_wconf 86' lang='lat' dir='ltr'><strong>Spiritu,</strong></span> <span class='ocrx_word' id='word_1_580' title='bbox 1835 4213 1947 4253; x_wconf 91' lang='lat' dir='ltr'><strong>non</strong></span> 
     </span>
    </p>
   </div>
   <div class='ocr_carea' id='block_1_77' title="bbox 376 4289 1947 4364">
    <p class='ocr_par' dir='ltr' id='par_1_77' title="bbox 376 4289 1947 4364">
     <span class='ocr_line' id='line_1_77' title="bbox 376 4289 1947 4364; baseline -0.003 -14"><span class='ocrx_word' id='word_1_581' title='bbox 376 4294 544 4350; x_wconf 82' lang='lat' dir='ltr'><strong>habet</strong></span> <span class='ocrx_word' id='word_1_582' title='bbox 588 4291 987 4364; x_wconf 83' lang='lat' dir='ltr'><strong>professionem</strong></span> <span class='ocrx_word' id='word_1_583' title='bbox 1034 4292 1323 4363; x_wconf 84' lang='lat' dir='ltr'><strong>dignitatis</strong></span> <span class='ocrx_word' id='word_1_584' title='bbox 1375 4291 1547 4355; x_wconf 91' lang='lat' dir='ltr'><strong>illius,</strong></span> <span class='ocrx_word' id='word_1_585' title='bbox 1600 4289 1696 4346; x_wconf 90' lang='lat' dir='ltr'><strong>sed</strong></span> <span class='ocrx_word' id='word_1_586' title='bbox 1742 4296 1947 4345; x_wconf 73' lang='lat' dir='ltr'><strong>nostra:</strong></span> 
     </span>
    </p>
   </div>
   <div class='ocr_carea' id='block_1_78' title="bbox 376 4381 1948 4459">
    <p class='ocr_par' dir='ltr' id='par_1_78' title="bbox 376 4381 1948 4459">
     <span class='ocr_line' id='line_1_78' title="bbox 376 4381 1948 4459; baseline -0.005 -15"><span class='ocrx_word' id='word_1_587' title='bbox 376 4388 627 4459; x_wconf 86' lang='lat' dir='ltr'><strong>ipsorum</strong></span> <span class='ocrx_word' id='word_1_588' title='bbox 664 4384 1061 4441; x_wconf 78' lang='lat' dir='ltr'><strong>imbecillitatis</strong></span> <span class='ocrx_word' id='word_1_589' title='bbox 1090 4384 1519 4451; x_wconf 88' lang='lat' dir='ltr'><strong>confessionem,</strong></span> <span class='ocrx_word' id='word_1_590' title='bbox 1545 4383 1676 4438; x_wconf 89' lang='lat' dir='ltr'><strong>dum</strong></span> <span class='ocrx_word' id='word_1_591' title='bbox 1702 4381 1948 4438; x_wconf 83' lang='lat' dir='ltr'><strong>ostendi-</strong></span> 
     </span>
    </p>
   </div>
   <div class='ocr_carea' id='block_1_79' title="bbox 374 4471 1949 4546">
    <p class='ocr_par' dir='ltr' id='par_1_79' title="bbox 374 4471 1949 4546">
     <span class='ocr_line' id='line_1_79' title="bbox 374 4471 1949 4546; baseline -0.005 -11"><span class='ocrx_word' id='word_1_592' title='bbox 374 4492 508 4535; x_wconf 84' lang='lat' dir='ltr'><strong>mus</strong></span> <span class='ocrx_word' id='word_1_593' title='bbox 544 4491 647 4532; x_wconf 88' lang='lat' dir='ltr'><strong>nos</strong></span> <span class='ocrx_word' id='word_1_594' title='bbox 680 4492 746 4532; x_wconf 78' lang='lat' dir='ltr'><strong>ex</strong></span> <span class='ocrx_word' id='word_1_595' title='bbox 775 4476 935 4531; x_wconf 87' lang='lat' dir='ltr'><strong>nobis</strong></span> <span class='ocrx_word' id='word_1_596' title='bbox 961 4476 1097 4546; x_wconf 90' lang='lat' dir='ltr'><strong>ipsis</strong></span> <span class='ocrx_word' id='word_1_597' title='bbox 1126 4476 1194 4530; x_wconf 88' lang='lat' dir='ltr'><strong>ad</strong></span> <span class='ocrx_word' id='word_1_598' title='bbox 1225 4474 1639 4546; x_wconf 82' lang='lat' dir='ltr'><strong>gloriﬁcandum</strong></span> <span class='ocrx_word' id='word_1_599' title='bbox 1675 4471 1949 4528; x_wconf 86' lang='lat' dir='ltr'><strong>suilicien-</strong></span> 
     </span>
    </p>
   </div>
   <div class='ocr_carea' id='block_1_80' title="bbox 2044 3294 3619 3371">
    <p class='ocr_par' dir='ltr' id='par_1_80' title="bbox 2044 3294 3619 3371">
     <span class='ocr_line' id='line_1_80' title="bbox 2044 3294 3619 3371; baseline -0.003 -18"><span class='ocrx_word' id='word_1_600' title='bbox 2044 3297 2430 3371; x_wconf 88' lang='grc' dir='ltr'>προσγίνεσθαι</span> <span class='ocrx_word' id='word_1_601' title='bbox 2471 3300 2505 3369; x_wconf 84' lang='grc' dir='ltr'><strong>ή</strong></span> <span class='ocrx_word' id='word_1_602' title='bbox 2549 3297 2644 3350; x_wconf 81' lang='grc' dir='ltr'><strong>ἀπ’</strong></span> <span class='ocrx_word' id='word_1_603' title='bbox 2673 3294 2839 3350; x_wconf 82' lang='grc' dir='ltr'>αὑτοῦ</span> <span class='ocrx_word' id='word_1_604' title='bbox 2887 3295 3047 3368; x_wconf 85' lang='grc' dir='ltr'>χάρις</span> <span class='ocrx_word' id='word_1_605' title='bbox 3092 3297 3186 3349; x_wconf 75' lang='grc' dir='ltr'><strong>καὶ</strong></span> <span class='ocrx_word' id='word_1_606' title='bbox 3222 3295 3381 3350; x_wconf 83' lang='grc' dir='ltr'>πάλιν</span> <span class='ocrx_word' id='word_1_607' title='bbox 3418 3295 3619 3363; x_wconf 86' lang='grc' dir='ltr'>ἀπογί-</span> 
     </span>
    </p>
   </div>
   <div class='ocr_carea' id='block_1_81' title="bbox 2042 3386 3619 3459">
    <p class='ocr_par' dir='ltr' id='par_1_81' title="bbox 2042 3386 3619 3459">
     <span class='ocr_line' id='line_1_81' title="bbox 2042 3386 3619 3459; baseline -0.003 -16"><span class='ocrx_word' id='word_1_608' title='bbox 2042 3389 2228 3443; x_wconf 88' lang='grc' dir='ltr'>νεσθαι</span> <span class='ocrx_word' id='word_1_609' title='bbox 2262 3390 2524 3458; x_wconf 81' lang='grc' dir='ltr'>πέφυκεν,</span> <span class='ocrx_word' id='word_1_610' title='bbox 2553 3386 2768 3451; x_wconf 78' lang='grc' dir='ltr'>οἰκείως</span> <span class='ocrx_word' id='word_1_611' title='bbox 2803 3386 2899 3441; x_wconf 77' lang='grc' dir='ltr'>καὶ</span> <span class='ocrx_word' id='word_1_612' title='bbox 2932 3386 3150 3459; x_wconf 84' lang='grc' dir='ltr'>ἀληθῶς</span> <span class='ocrx_word' id='word_1_613' title='bbox 3188 3387 3249 3439; x_wconf 79' lang='grc' dir='ltr'><strong>τὸ</strong></span> <span class='ocrx_word' id='word_1_614' title='bbox 3285 3386 3619 3458; x_wconf 77' lang='grc' dir='ltr'>ἐνυπάρχειν</span> 
     </span>
    </p>
   </div>
   <div class='ocr_carea' id='block_1_82' title="bbox 2042 3477 3619 3552">
    <p class='ocr_par' dir='ltr' id='par_1_82' title="bbox 2042 3477 3619 3552">
     <span class='ocr_line' id='line_1_82' title="bbox 2042 3477 3619 3552; baseline -0.003 -17"><span class='ocrx_word' id='word_1_615' title='bbox 2042 3481 2279 3552; x_wconf 82' lang='grc' dir='ltr'>λέγεται.</span> <span class='ocrx_word' id='word_1_616' title='bbox 2309 3482 2413 3535; x_wconf 71' lang='grc' dir='ltr'>κᾶν</span> <span class='ocrx_word' id='word_1_617' title='bbox 2440 3483 2555 3545; x_wconf 81' lang='grc' dir='ltr'>τοῖς</span> <span class='ocrx_word' id='word_1_618' title='bbox 2577 3478 2888 3549; x_wconf 80' lang='grc' dir='ltr'>δεξαμένοις</span> <span class='ocrx_word' id='word_1_619' title='bbox 2913 3479 3172 3543; x_wconf 82' lang='grc' dir='ltr'>πολλάκις</span> <span class='ocrx_word' id='word_1_620' title='bbox 3199 3477 3289 3532; x_wconf 86' lang='grc' dir='ltr'>διὰ</span> <span class='ocrx_word' id='word_1_621' title='bbox 3317 3478 3379 3531; x_wconf 82' lang='grc' dir='ltr'><strong>τὸ</strong></span> <span class='ocrx_word' id='word_1_622' title='bbox 3401 3478 3619 3549; x_wconf 81' lang='grc' dir='ltr'>ἑδραῖον</span> 
     </span>
    </p>
   </div>
   <div class='ocr_carea' id='block_1_83' title="bbox 2043 3566 3621 3641">
    <p class='ocr_par' dir='ltr' id='par_1_83' title="bbox 2043 3566 3621 3641">
     <span class='ocr_line' id='line_1_83' title="bbox 2043 3566 3621 3641; baseline -0.002 -17"><span class='ocrx_word' id='word_1_623' title='bbox 2043 3571 2144 3641; x_wconf 83' lang='grc' dir='ltr'>τῆς</span> <span class='ocrx_word' id='word_1_624' title='bbox 2194 3572 2322 3641; x_wconf 80' lang='grc' dir='ltr'>περὶ</span> <span class='ocrx_word' id='word_1_625' title='bbox 2373 3569 2434 3623; x_wconf 83' lang='grc' dir='ltr'><strong>τὸ</strong></span> <span class='ocrx_word' id='word_1_626' title='bbox 2481 3568 2646 3623; x_wconf 72' lang='grc' dir='ltr'>καλὸν</span> <span class='ocrx_word' id='word_1_627' title='bbox 2695 3568 2988 3632; x_wconf 75' lang='grc' dir='ltr'>διαθέσεως</span> <span class='ocrx_word' id='word_1_628' title='bbox 3039 3571 3073 3639; x_wconf 85' lang='grc' dir='ltr'>ἡ</span> <span class='ocrx_word' id='word_1_629' title='bbox 3119 3570 3212 3622; x_wconf 84' lang='grc' dir='ltr'><strong>ἀπ’</strong></span> <span class='ocrx_word' id='word_1_630' title='bbox 3244 3566 3410 3622; x_wconf 80' lang='grc' dir='ltr'>αὐτοῦ</span> <span class='ocrx_word' id='word_1_631' title='bbox 3455 3568 3621 3640; x_wconf 84' lang='grc' dir='ltr'>χάρις</span> 
     </span>
    </p>
   </div>
   <div class='ocr_carea' id='block_1_84' title="bbox 2043 3658 3622 3734">
    <p class='ocr_par' dir='ltr' id='par_1_84' title="bbox 2043 3658 3622 3734">
     <span class='ocr_line' id='line_1_84' title="bbox 2043 3658 3622 3734; baseline -0.002 -19"><span class='ocrx_word' id='word_1_632' title='bbox 2043 3661 2268 3733; x_wconf 82' lang='grc' dir='ltr'>διαρκὴς</span> <span class='ocrx_word' id='word_1_633' title='bbox 2302 3660 2613 3734; x_wconf 79' lang='grc' dir='ltr'>παραμένῃ.</span> <span class='ocrx_word' id='word_1_634' title='bbox 2646 3660 2808 3714; x_wconf 83' lang='grc' dir='ltr'>Ὥστε</span> <span class='ocrx_word' id='word_1_635' title='bbox 2832 3660 2960 3714; x_wconf 80' lang='grc' dir='ltr'>ὅταν</span> <span class='ocrx_word' id='word_1_636' title='bbox 2990 3658 3089 3730; x_wconf 82' lang='grc' dir='ltr'><strong>μὲν</strong></span> <span class='ocrx_word' id='word_1_637' title='bbox 3109 3659 3207 3730; x_wconf 81' lang='grc' dir='ltr'>τὴν</span> <span class='ocrx_word' id='word_1_638' title='bbox 3231 3660 3434 3713; x_wconf 84' lang='grc' dir='ltr'>οἰκείαν</span> <span class='ocrx_word' id='word_1_639' title='bbox 3458 3658 3622 3723; x_wconf 79' lang='grc' dir='ltr'>ἀξίαν</span> 
     </span>
    </p>
   </div>
   <div class='ocr_carea' id='block_1_85' title="bbox 2042 3750 3621 3823">
    <p class='ocr_par' dir='ltr' id='par_1_85' title="bbox 2042 3750 3621 3823">
     <span class='ocr_line' id='line_1_85' title="bbox 2042 3750 3621 3823; baseline -0.001 -17"><span class='ocrx_word' id='word_1_640' title='bbox 2042 3753 2137 3806; x_wconf 85' lang='grc' dir='ltr'><strong>τοῦ</strong></span> <span class='ocrx_word' id='word_1_641' title='bbox 2190 3751 2505 3823; x_wconf 85' lang='grc' dir='ltr'>Πνεύματος</span> <span class='ocrx_word' id='word_1_642' title='bbox 2554 3750 2857 3822; x_wconf 75' lang='grc' dir='ltr'>ἐννοῶμεν,</span> <span class='ocrx_word' id='word_1_643' title='bbox 2909 3750 3045 3821; x_wconf 85' lang='grc' dir='ltr'>μετὰ</span> <span class='ocrx_word' id='word_1_644' title='bbox 3097 3751 3308 3822; x_wconf 85' lang='grc' dir='ltr'>Πατρὺς</span> <span class='ocrx_word' id='word_1_645' title='bbox 3355 3750 3448 3804; x_wconf 70' lang='grc' dir='ltr'><strong>καὶ</strong></span> <span class='ocrx_word' id='word_1_646' title='bbox 3486 3751 3621 3805; x_wconf 86' lang='grc' dir='ltr'>Υίοῦ</span> 
     </span>
    </p>
   </div>
   <div class='ocr_carea' id='block_1_86' title="bbox 2044 3842 3623 3915">
    <p class='ocr_par' dir='ltr' id='par_1_86' title="bbox 2044 3842 3623 3915">
     <span class='ocr_line' id='line_1_86' title="bbox 2044 3842 3623 3915; baseline -0.002 -16"><span class='ocrx_word' id='word_1_647' title='bbox 2044 3845 2175 3899; x_wconf 81' lang='grc' dir='ltr'>αὐτὸ</span> <span class='ocrx_word' id='word_1_648' title='bbox 2203 3842 2513 3915; x_wconf 82' lang='grc' dir='ltr'>θεωροῦμεν</span> <span class='ocrx_word' id='word_1_649' title='bbox 2530 3859 2545 3872; x_wconf 74' lang='grc' dir='ltr'><strong>ο</strong></span> <span class='ocrx_word' id='word_1_650' title='bbox 2575 3844 2704 3896; x_wconf 80' lang='grc' dir='ltr'>ὅταν</span> <span class='ocrx_word' id='word_1_651' title='bbox 2726 3842 2783 3895; x_wconf 84' lang='grc' dir='ltr'>δὲ</span> <span class='ocrx_word' id='word_1_652' title='bbox 2803 3844 2901 3913; x_wconf 79' lang='grc' dir='ltr'>τὴν</span> <span class='ocrx_word' id='word_1_653' title='bbox 2930 3843 3010 3906; x_wconf 81' lang='grc' dir='ltr'>εἰς</span> <span class='ocrx_word' id='word_1_654' title='bbox 3031 3844 3157 3906; x_wconf 78' lang='grc' dir='ltr'>τοὺς</span> <span class='ocrx_word' id='word_1_655' title='bbox 3183 3842 3442 3914; x_wconf 82' lang='grc' dir='ltr'>μετόχους</span> <span class='ocrx_word' id='word_1_656' title='bbox 3467 3843 3623 3915; x_wconf 70' lang='grc' dir='ltr'>ἐνερ-</span> 
     </span>
    </p>
   </div>
   <div class='ocr_carea' id='block_1_87' title="bbox 2044 3928 3621 4002">
    <p class='ocr_par' dir='ltr' id='par_1_87' title="bbox 2044 3928 3621 4002">
     <span class='ocr_line' id='line_1_87' title="bbox 2044 3928 3621 4002; baseline 0.001 -17"><span class='ocrx_word' id='word_1_657' title='bbox 2044 3931 2312 4002; x_wconf 85' lang='grc' dir='ltr'>γουμένην</span> <span class='ocrx_word' id='word_1_658' title='bbox 2341 3930 2501 4002; x_wconf 82' lang='grc' dir='ltr'>χάριν</span> <span class='ocrx_word' id='word_1_659' title='bbox 2528 3928 2939 4001; x_wconf 75' lang='grc' dir='ltr'>ἐνθυμηθῶμεν,</span> <span class='ocrx_word' id='word_1_660' title='bbox 2960 3931 3020 3984; x_wconf 86' lang='grc' dir='ltr'>ὲν</span> <span class='ocrx_word' id='word_1_661' title='bbox 3042 3933 3173 4002; x_wconf 88' lang='grc' dir='ltr'>ἡμῖν</span> <span class='ocrx_word' id='word_1_662' title='bbox 3193 3928 3332 3986; x_wconf 78' lang='grc' dir='ltr'>εἶναι</span> <span class='ocrx_word' id='word_1_663' title='bbox 3354 3931 3417 3984; x_wconf 82' lang='grc' dir='ltr'><strong>τὸ</strong></span> <span class='ocrx_word' id='word_1_664' title='bbox 3442 3932 3621 3986; x_wconf 79' lang='grc' dir='ltr'>Πνεῦ-</span> 
     </span>
    </p>
   </div>
   <div class='ocr_carea' id='block_1_88' title="bbox 2049 4020 3622 4094">
    <p class='ocr_par' dir='ltr' id='par_1_88' title="bbox 2049 4020 3622 4094">
     <span class='ocr_line' id='line_1_88' title="bbox 2049 4020 3622 4094; baseline 0.001 -19"><span class='ocrx_word' id='word_1_665' title='bbox 2049 4040 2124 4093; x_wconf 89' lang='grc' dir='ltr'><strong>μα</strong></span> <span class='ocrx_word' id='word_1_666' title='bbox 2148 4021 2398 4092; x_wconf 89' lang='grc' dir='ltr'>λέγομεν.</span> <span class='ocrx_word' id='word_1_667' title='bbox 2431 4020 2543 4074; x_wconf 80' lang='grc' dir='ltr'><strong>Καὶ</strong></span> <span class='ocrx_word' id='word_1_668' title='bbox 2565 4020 2601 4092; x_wconf 76' lang='grc' dir='ltr'>ἦ</span> <span class='ocrx_word' id='word_1_669' title='bbox 2640 4036 2704 4089; x_wconf 86' lang='grc' dir='ltr'><strong>γε</strong></span> <span class='ocrx_word' id='word_1_670' title='bbox 2751 4022 3135 4092; x_wconf 80' lang='grc' dir='ltr'>προσαγομένη</span> <span class='ocrx_word' id='word_1_671' title='bbox 3175 4021 3453 4091; x_wconf 82' lang='grc' dir='ltr'>δοξολογία</span> <span class='ocrx_word' id='word_1_672' title='bbox 3485 4025 3622 4094; x_wconf 77' lang='grc' dir='ltr'>παρ’</span> 
     </span>
    </p>
   </div>
   <div class='ocr_carea' id='block_1_89' title="bbox 2045 4107 3623 4183">
    <p class='ocr_par' dir='ltr' id='par_1_89' title="bbox 2045 4107 3623 4183">
     <span class='ocr_line' id='line_1_89' title="bbox 2045 4107 3623 4183; baseline 0.003 -22"><span class='ocrx_word' id='word_1_673' title='bbox 2045 4108 2204 4180; x_wconf 79' lang='grc' dir='ltr'>ἡμῶν</span> <span class='ocrx_word' id='word_1_674' title='bbox 2232 4111 2288 4163; x_wconf 84' lang='grc' dir='ltr'>ὲν</span> <span class='ocrx_word' id='word_1_675' title='bbox 2313 4107 2391 4180; x_wconf 84' lang='grc' dir='ltr'>τῷ</span> <span class='ocrx_word' id='word_1_676' title='bbox 2421 4107 2700 4179; x_wconf 79' lang='grc' dir='ltr'>Πνεύματι</span> <span class='ocrx_word' id='word_1_677' title='bbox 2732 4109 2855 4180; x_wconf 75' lang='grc' dir='ltr'>οὐχὶ</span> <span class='ocrx_word' id='word_1_678' title='bbox 2881 4110 2982 4181; x_wconf 85' lang='grc' dir='ltr'>τῆς</span> <span class='ocrx_word' id='word_1_679' title='bbox 3009 4109 3217 4164; x_wconf 80' lang='grc' dir='ltr'>ἐκείνου</span> <span class='ocrx_word' id='word_1_680' title='bbox 3250 4110 3405 4176; x_wconf 78' lang='grc' dir='ltr'>ἀξίας</span> <span class='ocrx_word' id='word_1_681' title='bbox 3425 4111 3623 4183; x_wconf 83' lang='grc' dir='ltr'>ὁμολο-</span> 
     </span>
    </p>
   </div>
   <div class='ocr_carea' id='block_1_90' title="bbox 2044 4196 3625 4269">
    <p class='ocr_par' dir='ltr' id='par_1_90' title="bbox 2044 4196 3625 4269">
     <span class='ocr_line' id='line_1_90' title="bbox 2044 4196 3625 4269; baseline 0.002 -21"><span class='ocrx_word' id='word_1_682' title='bbox 2044 4198 2169 4267; x_wconf 88' lang='grc' dir='ltr'>γίαν</span> <span class='ocrx_word' id='word_1_683' title='bbox 2203 4197 2337 4268; x_wconf 76' lang='grc' dir='ltr'>ἔχει,</span> <span class='ocrx_word' id='word_1_684' title='bbox 2368 4196 2505 4250; x_wconf 84' lang='grc' dir='ltr'>ἀλλὰ</span> <span class='ocrx_word' id='word_1_685' title='bbox 2529 4198 2626 4267; x_wconf 84' lang='grc' dir='ltr'><strong>τῆς</strong></span> <span class='ocrx_word' id='word_1_686' title='bbox 2659 4197 2936 4269; x_wconf 81' lang='grc' dir='ltr'>ἡμετέρας</span> <span class='ocrx_word' id='word_1_687' title='bbox 2975 4197 3153 4251; x_wconf 82' lang='grc' dir='ltr'>αὐτῶν</span> <span class='ocrx_word' id='word_1_688' title='bbox 3200 4198 3483 4262; x_wconf 83' lang='grc' dir='ltr'>ἀσθενείας</span> <span class='ocrx_word' id='word_1_689' title='bbox 3532 4196 3625 4263; x_wconf 81' lang='grc' dir='ltr'><strong>ἑξ-</strong></span> 
     </span>
    </p>
   </div>
   <div class='ocr_carea' id='block_1_91' title="bbox 2045 4285 3625 4360">
    <p class='ocr_par' dir='ltr' id='par_1_91' title="bbox 2045 4285 3625 4360">
     <span class='ocr_line' id='line_1_91' title="bbox 2045 4285 3625 4360; baseline -0.001 -16"><span class='ocrx_word' id='word_1_690' title='bbox 2045 4289 2388 4360; x_wconf 82' lang='grc' dir='ltr'>ομολὺγησιν·</span> <span class='ocrx_word' id='word_1_691' title='bbox 2417 4286 2758 4351; x_wconf 84' lang='grc' dir='ltr'>δεικνύντων,</span> <span class='ocrx_word' id='word_1_692' title='bbox 2784 4287 2866 4341; x_wconf 84' lang='grc' dir='ltr'>ὃτι</span> <span class='ocrx_word' id='word_1_693' title='bbox 2895 4285 3018 4342; x_wconf 76' lang='grc' dir='ltr'>οὔτε</span> <span class='ocrx_word' id='word_1_694' title='bbox 3047 4288 3266 4354; x_wconf 83' lang='grc' dir='ltr'>δοξάσαι</span> <span class='ocrx_word' id='word_1_695' title='bbox 3289 4290 3381 4358; x_wconf 84' lang='grc' dir='ltr'><strong>ἀφ’</strong></span> <span class='ocrx_word' id='word_1_696' title='bbox 3410 4289 3625 4343; x_wconf 81' lang='grc' dir='ltr'>ἑαυτῶν</span> 
     </span>
    </p>
   </div>
   <div class='ocr_carea' id='block_1_92' title="bbox 2048 4373 3629 4449">
    <p class='ocr_par' dir='ltr' id='par_1_92' title="bbox 2048 4373 3629 4449">
     <span class='ocr_line' id='line_1_92' title="bbox 2048 4373 3629 4449; baseline -0.001 -17"><span class='ocrx_word' id='word_1_697' title='bbox 2048 4379 2220 4433; x_wconf 82' lang='grc' dir='ltr'>ἱκανοί</span> <span class='ocrx_word' id='word_1_698' title='bbox 2249 4380 2437 4449; x_wconf 86' lang='grc' dir='ltr'>ὲσμεν,</span> <span class='ocrx_word' id='word_1_699' title='bbox 2461 4376 2578 4430; x_wconf 78' lang='grc' dir='ltr'>ἀλλ’</span> <span class='ocrx_word' id='word_1_700' title='bbox 2605 4378 2639 4447; x_wconf 77' lang='grc' dir='ltr'><strong>ἡ</strong></span> <span class='ocrx_word' id='word_1_701' title='bbox 2680 4375 2931 4446; x_wconf 80' lang='grc' dir='ltr'>ἱκανότης</span> <span class='ocrx_word' id='word_1_702' title='bbox 2953 4378 2985 4447; x_wconf 80' lang='grc' dir='ltr'><strong>ὴ</strong></span> <span class='ocrx_word' id='word_1_703' title='bbox 2995 4374 3111 4447; x_wconf 86' lang='grc' dir='ltr'><strong>μῶν</strong></span> <span class='ocrx_word' id='word_1_704' title='bbox 3151 4378 3210 4429; x_wconf 79' lang='grc' dir='ltr'>ἐν</span> <span class='ocrx_word' id='word_1_705' title='bbox 3240 4374 3319 4445; x_wconf 81' lang='grc' dir='ltr'>τῷ</span> <span class='ocrx_word' id='word_1_706' title='bbox 3343 4373 3629 4447; x_wconf 83' lang='grc' dir='ltr'>Πνεύματι</span> 
     </span>
    </p>
   </div>
   <div class='ocr_carea' id='block_1_93' title="bbox 2045 4461 3630 4542">
    <p class='ocr_par' dir='ltr' id='par_1_93' title="bbox 2045 4461 3630 4542">
     <span class='ocr_line' id='line_1_93' title="bbox 2045 4461 3630 4542; baseline -0.003 -17"><span class='ocrx_word' id='word_1_707' title='bbox 2045 4471 2126 4542; x_wconf 84' lang='grc' dir='ltr'>τῷ</span> <span class='ocrx_word' id='word_1_708' title='bbox 2159 4468 2318 4541; x_wconf 85' lang='grc' dir='ltr'>ἁγίῳ,</span> <span class='ocrx_word' id='word_1_709' title='bbox 2360 4470 2419 4522; x_wconf 83' lang='grc' dir='ltr'>ὲν</span> <span class='ocrx_word' id='word_1_710' title='bbox 2453 4461 2498 4537; x_wconf 85' lang='grc' dir='ltr'>ᾧ</span> <span class='ocrx_word' id='word_1_711' title='bbox 2528 4467 2955 4539; x_wconf 86' lang='grc' dir='ltr'>δυναμωθέντες,</span> <span class='ocrx_word' id='word_1_712' title='bbox 2993 4467 3092 4537; x_wconf 83' lang='grc' dir='ltr'>τὴν</span> <span class='ocrx_word' id='word_1_713' title='bbox 3129 4466 3269 4538; x_wconf 78' lang='grc' dir='ltr'>ὑπὲρ</span> <span class='ocrx_word' id='word_1_714' title='bbox 3293 4461 3369 4521; x_wconf 83' lang='grc' dir='ltr'>ὧν</span> <span class='ocrx_word' id='word_1_715' title='bbox 3391 4468 3630 4539; x_wconf 81' lang='grc' dir='ltr'>εὐηργε-</span> 
     </span>
    </p>
   </div>
   <div class='ocr_carea' id='block_1_94' title="bbox 375 4527 1939 4634">
    <p class='ocr_par' dir='ltr' id='par_1_94' title="bbox 375 4564 1939 4630">
     <span class='ocr_line' id='line_1_94' title="bbox 375 4564 1939 4630; baseline -0.004 -5"><span class='ocrx_word' id='word_1_716' title='bbox 375 4578 463 4625; x_wconf 89' lang='lat' dir='ltr'><strong>tes</strong></span> <span class='ocrx_word' id='word_1_717' title='bbox 505 4584 617 4624; x_wconf 90' lang='lat' dir='ltr'><strong>non</strong></span> <span class='ocrx_word' id='word_1_718' title='bbox 661 4582 807 4630; x_wconf 89' lang='lat' dir='ltr'><strong>esse,</strong></span> <span class='ocrx_word' id='word_1_719' title='bbox 868 4566 963 4623; x_wconf 89' lang='lat' dir='ltr'><strong>sed</strong></span> <span class='ocrx_word' id='word_1_720' title='bbox 1004 4566 1382 4622; x_wconf 73' lang='lat' dir='ltr'><strong>sufﬁcientiam</strong></span> <span class='ocrx_word' id='word_1_721' title='bbox 1432 4573 1677 4621; x_wconf 88' lang='lat' dir='ltr'><strong>nostram</strong></span> <span class='ocrx_word' id='word_1_722' title='bbox 1726 4579 1849 4621; x_wconf 90' lang='lat' dir='ltr'><strong>esse</strong></span> <span class='ocrx_word' id='word_1_723' title='bbox 1890 4564 1939 4618; x_wconf 89' lang='lat' dir='ltr'><strong>in</strong></span> 
     </span>
    </p>
   </div>
   <div class='ocr_carea' id='block_1_95' title="bbox 2045 4527 3622 4634">
    <p class='ocr_par' dir='ltr' id='par_1_95' title="bbox 2048 4527 3622 4634">
     <span class='ocr_line' id='line_1_95' title="bbox 2048 4527 3622 4634; baseline -0.002 -18"><span class='ocrx_word' id='word_1_724' title='bbox 2048 4527 2317 4634; x_wconf 57' lang='grc' dir='ltr'><strong>τήθηιῷεὗξ</strong></span> <span class='ocrx_word' id='word_1_725' title='bbox 2341 4558 2420 4631; x_wconf 82' lang='grc' dir='ltr'>τῷ</span> <span class='ocrx_word' id='word_1_726' title='bbox 2450 4527 2569 4630; x_wconf 65' lang='grc' dir='ltr'><strong>ὁεῷ</strong></span> <span class='ocrx_word' id='word_1_727' title='bbox 2599 4527 2757 4630; x_wconf 72' lang='grc' dir='ltr'>ἡμῶν</span> <span class='ocrx_word' id='word_1_728' title='bbox 2786 4527 3136 4630; x_wconf 70' lang='grc' dir='ltr'>εὐχαριστίαν</span> <span class='ocrx_word' id='word_1_729' title='bbox 3162 4527 3590 4629; x_wconf 41' lang='grc' dir='ltr'>ἀποπληροῦμν</span> <span class='ocrx_word' id='word_1_730' title='bbox 3608 4576 3622 4589; x_wconf 89' lang='grc'><strong>·</strong></span> 
     </span>
    </p>
   </div>
   <div class='ocr_carea' id='block_1_96' title="bbox 377 4648 1939 4734">
    <p class='ocr_par' dir='ltr' id='par_1_96' title="bbox 377 4655 1939 4734">
     <span class='ocr_line' id='line_1_96' title="bbox 377 4655 1939 4734; baseline -0.004 -17"><span class='ocrx_word' id='word_1_731' title='bbox 377 4661 589 4734; x_wconf 90' lang='lat' dir='ltr'><strong>Spiritu</strong></span> <span class='ocrx_word' id='word_1_732' title='bbox 625 4668 837 4723; x_wconf 88' lang='lat' dir='ltr'><strong>sancto,</strong></span> <span class='ocrx_word' id='word_1_733' title='bbox 892 4659 947 4713; x_wconf 90' lang='lat' dir='ltr'><strong>in</strong></span> <span class='ocrx_word' id='word_1_734' title='bbox 983 4674 1092 4729; x_wconf 90' lang='lat' dir='ltr'><strong>quo</strong></span> <span class='ocrx_word' id='word_1_735' title='bbox 1134 4656 1509 4724; x_wconf 89' lang='lat' dir='ltr'><strong>corroborati,</strong></span> <span class='ocrx_word' id='word_1_736' title='bbox 1542 4671 1642 4727; x_wconf 86' lang='lat' dir='ltr'><strong>pro</strong></span> <span class='ocrx_word' id='word_1_737' title='bbox 1671 4655 1939 4711; x_wconf 77' lang='lat' dir='ltr'><strong>beneﬂciis</strong></span> 
     </span>
    </p>
   </div>
   <div class='ocr_carea' id='block_1_97' title="bbox 2045 4648 3629 4734">
    <p class='ocr_par' dir='ltr' id='par_1_97' title="bbox 2047 4648 3629 4723">
     <span class='ocr_line' id='line_1_97' title="bbox 2047 4648 3629 4723; baseline -0.005 -14"><span class='ocrx_word' id='word_1_738' title='bbox 2047 4654 2191 4709; x_wconf 79' lang='grc' dir='ltr'>κατὰ</span> <span class='ocrx_word' id='word_1_739' title='bbox 2212 4652 2274 4707; x_wconf 83' lang='grc' dir='ltr'><strong>τὸ</strong></span> <span class='ocrx_word' id='word_1_740' title='bbox 2303 4651 2501 4723; x_wconf 82' lang='grc' dir='ltr'>μέτρον</span> <span class='ocrx_word' id='word_1_741' title='bbox 2530 4651 2631 4721; x_wconf 83' lang='grc' dir='ltr'>τῆς</span> <span class='ocrx_word' id='word_1_742' title='bbox 2656 4650 2764 4704; x_wconf 84' lang='grc' dir='ltr'>ἀπὸ</span> <span class='ocrx_word' id='word_1_743' title='bbox 2792 4649 2990 4713; x_wconf 85' lang='grc' dir='ltr'>κακίας</span> <span class='ocrx_word' id='word_1_744' title='bbox 3016 4648 3404 4721; x_wconf 86' lang='grc' dir='ltr'>καθαρότητος,</span> <span class='ocrx_word' id='word_1_745' title='bbox 3433 4648 3629 4720; x_wconf 75' lang='grc' dir='ltr'>ἕτερος</span> 
     </span>
    </p>
   </div>
   <div class='ocr_carea' id='block_1_98' title="bbox 378 4738 1939 4826">
    <p class='ocr_par' dir='ltr' id='par_1_98' title="bbox 378 4746 1939 4826">
     <span class='ocr_line' id='line_1_98' title="bbox 378 4746 1939 4826; baseline -0.004 -17"><span class='ocrx_word' id='word_1_746' title='bbox 378 4753 620 4826; x_wconf 83' lang='lat' dir='ltr'><strong>acceptis</strong></span> <span class='ocrx_word' id='word_1_747' title='bbox 648 4752 757 4808; x_wconf 89' lang='lat' dir='ltr'><strong>Deo</strong></span> <span class='ocrx_word' id='word_1_748' title='bbox 790 4756 987 4806; x_wconf 89' lang='lat' dir='ltr'><strong>nostro</strong></span> <span class='ocrx_word' id='word_1_749' title='bbox 1009 4748 1211 4821; x_wconf 85' lang='lat' dir='ltr'><strong>gratias</strong></span> <span class='ocrx_word' id='word_1_750' title='bbox 1242 4748 1612 4804; x_wconf 88' lang='lat' dir='ltr'><strong>absolvimus:</strong></span> <span class='ocrx_word' id='word_1_751' title='bbox 1629 4748 1785 4815; x_wconf 81' lang='lat' dir='ltr'><strong>juxta</strong></span> <span class='ocrx_word' id='word_1_752' title='bbox 1806 4746 1939 4818; x_wconf 82' lang='lat' dir='ltr'><strong>quod</strong></span> 
     </span>
    </p>
   </div>
   <div class='ocr_carea' id='block_1_99' title="bbox 2045 4738 3629 4826">
    <p class='ocr_par' dir='ltr' id='par_1_99' title="bbox 2047 4738 3629 4819">
     <span class='ocr_line' id='line_1_99' title="bbox 2047 4738 3629 4819; baseline -0.006 -18"><span class='ocrx_word' id='word_1_753' title='bbox 2047 4747 2235 4819; x_wconf 79' lang='grc' dir='ltr'>ἑτέρου</span> <span class='ocrx_word' id='word_1_754' title='bbox 2266 4743 2379 4816; x_wconf 82' lang='lat'><strong>(50)</strong></span> <span class='ocrx_word' id='word_1_755' title='bbox 2409 4742 2570 4796; x_wconf 82' lang='grc' dir='ltr'>πλέον</span> <span class='ocrx_word' id='word_1_756' title='bbox 2599 4742 2633 4812; x_wconf 84' lang='grc' dir='ltr'>ἢ</span> <span class='ocrx_word' id='word_1_757' title='bbox 2678 4740 2901 4794; x_wconf 70' lang='grc' dir='ltr'>ἔλαττον</span> <span class='ocrx_word' id='word_1_758' title='bbox 2938 4739 3041 4810; x_wconf 85' lang='grc' dir='ltr'>τῆς</span> <span class='ocrx_word' id='word_1_759' title='bbox 3078 4742 3143 4793; x_wconf 79' lang='grc' dir='ltr'>ἐκ</span> <span class='ocrx_word' id='word_1_760' title='bbox 3175 4739 3271 4792; x_wconf 87' lang='grc' dir='ltr'><strong>τοῦ</strong></span> <span class='ocrx_word' id='word_1_761' title='bbox 3303 4738 3629 4810; x_wconf 82' lang='grc' dir='ltr'>Πνεύματος</span> 
     </span>
    </p>
   </div>
   <div class='ocr_carea' id='block_1_100' title="bbox 379 4829 1939 4913">
    <p class='ocr_par' dir='ltr' id='par_1_100' title="bbox 379 4836 1939 4913">
     <span class='ocr_line' id='line_1_100' title="bbox 379 4836 1939 4913; baseline -0.002 -17"><span class='ocrx_word' id='word_1_762' title='bbox 379 4858 410 4896; x_wconf 89' lang='lat' dir='ltr'><strong>a</strong></span> <span class='ocrx_word' id='word_1_763' title='bbox 451 4841 657 4897; x_wconf 87' lang='lat' dir='ltr'><strong>malitia</strong></span> <span class='ocrx_word' id='word_1_764' title='bbox 701 4839 918 4913; x_wconf 86' lang='lat' dir='ltr'><strong>purgati</strong></span> <span class='ocrx_word' id='word_1_765' title='bbox 966 4853 1194 4905; x_wconf 85' lang='lat' dir='ltr'><strong>sumus;</strong></span> <span class='ocrx_word' id='word_1_766' title='bbox 1240 4836 1442 4908; x_wconf 88' lang='lat' dir='ltr'><strong>quippe</strong></span> <span class='ocrx_word' id='word_1_767' title='bbox 1492 4837 1636 4893; x_wconf 90' lang='lat' dir='ltr'><strong>alius</strong></span> <span class='ocrx_word' id='word_1_768' title='bbox 1685 4837 1795 4892; x_wconf 91' lang='lat' dir='ltr'><strong>alio</strong></span> <span class='ocrx_word' id='word_1_769' title='bbox 1829 4837 1939 4907; x_wconf 75' lang='lat' dir='ltr'><strong>plus</strong></span> 
     </span>
    </p>
   </div>
   <div class='ocr_carea' id='block_1_101' title="bbox 2045 4829 3629 4913">
    <p class='ocr_par' dir='ltr' id='par_1_101' title="bbox 2051 4829 3629 4908">
     <span class='ocr_line' id='line_1_101' title="bbox 2051 4829 3629 4908; baseline -0.004 -19"><span class='ocrx_word' id='word_1_770' title='bbox 2051 4834 2300 4908; x_wconf 82' lang='grc' dir='ltr'>βοηθείας</span> <span class='ocrx_word' id='word_1_771' title='bbox 2346 4830 2872 4905; x_wconf 82' lang='grc' dir='ltr'>μεταλαμϐάνοντες,</span> <span class='ocrx_word' id='word_1_772' title='bbox 2922 4832 3003 4895; x_wconf 81' lang='grc' dir='ltr'><strong>είς</strong></span> <span class='ocrx_word' id='word_1_773' title='bbox 3042 4829 3105 4883; x_wconf 78' lang='grc' dir='ltr'>τὸ</span> <span class='ocrx_word' id='word_1_774' title='bbox 3158 4829 3485 4901; x_wconf 74' lang='grc' dir='ltr'>προσφέρειν</span> <span class='ocrx_word' id='word_1_775' title='bbox 3524 4829 3629 4893; x_wconf 79' lang='grc' dir='ltr'>τὰς</span> 
     </span>
    </p>
   </div>
   <div class='ocr_carea' id='block_1_102' title="bbox 378 4914 1939 5002">
    <p class='ocr_par' dir='ltr' id='par_1_102' title="bbox 378 4927 1939 5002">
     <span class='ocr_line' id='line_1_102' title="bbox 378 4927 1939 5002; baseline -0.005 -13"><span class='ocrx_word' id='word_1_776' title='bbox 378 4944 474 4991; x_wconf 81' lang='lat' dir='ltr'><strong>aut</strong></span> <span class='ocrx_word' id='word_1_777' title='bbox 502 4934 710 5001; x_wconf 88' lang='lat' dir='ltr'><strong>minus,</strong></span> <span class='ocrx_word' id='word_1_778' title='bbox 753 4932 965 4988; x_wconf 84' lang='lat' dir='ltr'><strong>auxilio</strong></span> <span class='ocrx_word' id='word_1_779' title='bbox 995 4930 1238 5002; x_wconf 85' lang='lat' dir='ltr'><strong>Spiritus</strong></span> <span class='ocrx_word' id='word_1_780' title='bbox 1272 4928 1448 4999; x_wconf 84' lang='lat' dir='ltr'><strong>adjuti</strong></span> <span class='ocrx_word' id='word_1_781' title='bbox 1492 4928 1562 4984; x_wconf 85' lang='lat' dir='ltr'><strong>ad</strong></span> <span class='ocrx_word' id='word_1_782' title='bbox 1610 4927 1939 4985; x_wconf 81' lang='lat' dir='ltr'><strong>oﬂ‘erendum</strong></span> 
     </span>
    </p>
   </div>
   <div class='ocr_carea' id='block_1_103' title="bbox 2045 4914 3627 5002">
    <p class='ocr_par' dir='ltr' id='par_1_103' title="bbox 2049 4914 3627 4996">
     <span class='ocr_line' id='line_1_103' title="bbox 2049 4914 3627 4996; baseline -0.005 -15"><span class='ocrx_word' id='word_1_783' title='bbox 2049 4926 2238 4991; x_wconf 86' lang='grc' dir='ltr'>θυσίας</span> <span class='ocrx_word' id='word_1_784' title='bbox 2265 4925 2366 4996; x_wconf 80' lang='grc' dir='ltr'>τῆς</span> <span class='ocrx_word' id='word_1_785' title='bbox 2400 4922 2655 4987; x_wconf 85' lang='grc' dir='ltr'>αίνέσεως</span> <span class='ocrx_word' id='word_1_786' title='bbox 2690 4920 2768 4992; x_wconf 82' lang='grc' dir='ltr'>τῷ</span> <span class='ocrx_word' id='word_1_787' title='bbox 2803 4920 2940 4992; x_wconf 81' lang='grc' dir='ltr'>Θεῷ.</span> <span class='ocrx_word' id='word_1_788' title='bbox 2971 4920 3108 4976; x_wconf 78' lang='grc' dir='ltr'>Καθ’</span> <span class='ocrx_word' id='word_1_789' title='bbox 3136 4920 3233 4974; x_wconf 75' lang='grc' dir='ltr'><strong>ἕνα</strong></span> <span class='ocrx_word' id='word_1_790' title='bbox 3259 4920 3359 4990; x_wconf 82' lang='grc' dir='ltr'>μὲν</span> <span class='ocrx_word' id='word_1_791' title='bbox 3378 4914 3471 4976; x_wconf 84' lang='grc' dir='ltr'><strong>οὖν</strong></span> <span class='ocrx_word' id='word_1_792' title='bbox 3492 4920 3627 4992; x_wconf 89' lang='grc' dir='ltr'>τρό-</span> 
     </span>
    </p>
   </div>
   <div class='ocr_carea' id='block_1_104' title="bbox 464 5077 1939 5156">
    <p class='ocr_par' dir='ltr' id='par_1_104' title="bbox 464 5082 1934 5156">
     <span class='ocr_line' id='line_1_104' title="bbox 464 5082 1934 5156; baseline -0.005 -13"><span class='ocrx_word' id='word_1_793' title='bbox 464 5091 510 5123; x_wconf 81' lang='grc'><strong>⁸⁷</strong></span> <span class='ocrx_word' id='word_1_794' title='bbox 529 5087 690 5146; x_wconf 89' lang='lat' dir='ltr'><strong>Joan.</strong></span> <span class='ocrx_word' id='word_1_795' title='bbox 724 5104 798 5156; x_wconf 79' lang='lat' dir='ltr'><strong>tv,</strong></span> <span class='ocrx_word' id='word_1_796' title='bbox 824 5086 916 5141; x_wconf 66' lang='lat'><strong>23.</strong></span> <span class='ocrx_word' id='word_1_797' title='bbox 1013 5085 1060 5116; x_wconf 76' lang='grc'><strong>⁸⁸</strong></span> <span class='ocrx_word' id='word_1_798' title='bbox 1083 5083 1218 5140; x_wconf 84' lang='lat' dir='ltr'><strong>Gen.</strong></span> <span class='ocrx_word' id='word_1_799' title='bbox 1257 5099 1448 5148; x_wconf 79' lang='lat' dir='ltr'><strong>xxvm,</strong></span> <span class='ocrx_word' id='word_1_800' title='bbox 1486 5083 1571 5138; x_wconf 78' lang='grc'><strong>16.</strong></span> <span class='ocrx_word' id='word_1_801' title='bbox 1661 5084 1707 5116; x_wconf 78' lang='grc'><strong><em>⁸⁸</em></strong></span> <span class='ocrx_word' id='word_1_802' title='bbox 1729 5082 1775 5137; x_wconf 87' lang='grc' dir='ltr'><strong>ΙΙ</strong></span> <span class='ocrx_word' id='word_1_803' title='bbox 1806 5083 1934 5139; x_wconf 85' lang='lat' dir='ltr'><strong>Cor.</strong></span> 
     </span>
    </p>
   </div>
   <div class='ocr_carea' id='block_1_105' title="bbox 2045 5077 2742 5156">
    <p class='ocr_par' dir='ltr' id='par_1_105' title="bbox 2072 5077 2742 5146">
     <span class='ocr_line' id='line_1_105' title="bbox 2072 5077 2742 5146; baseline -0.004 -10"><span class='ocrx_word' id='word_1_804' title='bbox 2072 5081 2162 5137; x_wconf 79' lang='lat' dir='ltr'><strong>l7.</strong></span> <span class='ocrx_word' id='word_1_805' title='bbox 2235 5081 2282 5112; x_wconf 83' lang='lat'><strong>’°</strong></span> <span class='ocrx_word' id='word_1_806' title='bbox 2303 5080 2349 5136; x_wconf 92' lang='lat' dir='ltr'><strong>ll</strong></span> <span class='ocrx_word' id='word_1_807' title='bbox 2372 5079 2500 5135; x_wconf 87' lang='lat' dir='ltr'><strong>Cor.</strong></span> <span class='ocrx_word' id='word_1_808' title='bbox 2531 5093 2654 5146; x_wconf 83' lang='lat' dir='ltr'><strong>xm,</strong></span> <span class='ocrx_word' id='word_1_809' title='bbox 2687 5077 2742 5134; x_wconf 78' lang='lat'><strong>5.</strong></span> 
     </span>
    </p>
   </div>
   <div class='ocr_carea' id='block_1_106' title="bbox 455 5221 1953 5329">
    <p class='ocr_par' dir='ltr' id='par_1_106' title="bbox 455 5221 1953 5329">
     <span class='ocr_line' id='line_1_106' title="bbox 455 5221 1953 5329; baseline -0.004 -29"><span class='ocrx_word' id='word_1_810' title='bbox 455 5245 563 5314; x_wconf 68' lang='grc'><strong>(44)</strong></span> <span class='ocrx_word' id='word_1_811' title='bbox 579 5221 1014 5316; x_wconf 61' lang='grc' dir='ltr'>προσφέρομεν</span> <span class='ocrx_word' id='word_1_812' title='bbox 1042 5245 1104 5314; x_wconf 80' lang='grc' dir='ltr'>ἦ.</span> <span class='ocrx_word' id='word_1_813' title='bbox 1139 5243 1346 5300; x_wconf 81' lang='lat' dir='ltr'><strong>Vocula</strong></span> <span class='ocrx_word' id='word_1_814' title='bbox 1381 5243 1563 5299; x_wconf 84' lang='lat' dir='ltr'><strong>addita</strong></span> <span class='ocrx_word' id='word_1_815' title='bbox 1607 5260 1674 5329; x_wconf 56' lang='lat' dir='ltr'><strong>es</strong></span> <span class='ocrx_word' id='word_1_816' title='bbox 1718 5249 1953 5314; x_wconf 89' lang='lat' dir='ltr'><strong>quatuor</strong></span> 
     </span>
    </p>
   </div>
   <div class='ocr_carea' id='block_1_107' title="bbox 384 5331 1956 5457">
    <p class='ocr_par' dir='ltr' id='par_1_107' title="bbox 384 5331 1956 5457">
     <span class='ocr_line' id='line_1_107' title="bbox 384 5331 1956 5457; baseline -0.004 -16"><span class='ocrx_word' id='word_1_817' title='bbox 384 5331 567 5457; x_wconf 48' lang='lat' dir='ltr'><strong>ms($25)</strong></span> <span class='ocrx_word' id='word_1_818' title='bbox 606 5387 792 5457; x_wconf 78' lang='grc' dir='ltr'>Τόπος</span> <span class='ocrx_word' id='word_1_819' title='bbox 806 5386 1047 5457; x_wconf 70' lang='grc' dir='ltr'>οἰκεῖος.</span> <span class='ocrx_word' id='word_1_820' title='bbox 1080 5385 1187 5440; x_wconf 85' lang='lat' dir='ltr'><strong>Pro</strong></span> <span class='ocrx_word' id='word_1_821' title='bbox 1223 5381 1838 5457; x_wconf 25' lang='lat' dir='ltr'><strong>ltisvocibuquuae‘iq</strong></span> <span class='ocrx_word' id='word_1_822' title='bbox 1858 5395 1956 5435; x_wconf 86' lang='lat' dir='ltr'><strong>no-</strong></span> 
     </span>
    </p>
   </div>
   <div class='ocr_carea' id='block_1_108' title="bbox 385 5447 1951 5525">
    <p class='ocr_par' dir='ltr' id='par_1_108' title="bbox 385 5447 1951 5525">
     <span class='ocr_line' id='line_1_108' title="bbox 385 5447 1951 5525; baseline -0.006 -12"><span class='ocrx_word' id='word_1_823' title='bbox 385 5447 518 5513; x_wconf 73' lang='lat' dir='ltr'><strong>stris</strong></span> <span class='ocrx_word' id='word_1_824' title='bbox 532 5447 627 5512; x_wconf 75' lang='lat' dir='ltr'><strong>sex</strong></span> <span class='ocrx_word' id='word_1_825' title='bbox 647 5447 925 5525; x_wconf 72' lang='lat' dir='ltr'><strong>codicibus</strong></span> <span class='ocrx_word' id='word_1_826' title='bbox 946 5447 1163 5525; x_wconf 70' lang='lat' dir='ltr'><strong>leguntu</strong></span> <span class='ocrx_word' id='word_1_827' title='bbox 1174 5471 1217 5516; x_wconf 86' lang='lat' dir='ltr'><strong>r.</strong></span> <span class='ocrx_word' id='word_1_828' title='bbox 1245 5455 1514 5525; x_wconf 81' lang='lat' dir='ltr'><strong>habebant</strong></span> <span class='ocrx_word' id='word_1_829' title='bbox 1529 5447 1664 5525; x_wconf 60' lang='lat' dir='ltr'><strong>editi</strong></span> <span class='ocrx_word' id='word_1_830' title='bbox 1675 5451 1770 5525; x_wconf 75' lang='grc' dir='ltr'>καὶ</span> <span class='ocrx_word' id='word_1_831' title='bbox 1785 5447 1951 5525; x_wconf 56' lang='grc' dir='ltr'>οἶκος.</span> 
     </span>
    </p>
   </div>
   <div class='ocr_carea' id='block_1_109' title="bbox 456 5520 1957 5598">
    <p class='ocr_par' dir='ltr' id='par_1_109' title="bbox 456 5520 1957 5598">
     <span class='ocr_line' id='line_1_109' title="bbox 456 5520 1957 5598; baseline -0.006 -17"><span class='ocrx_word' id='word_1_832' title='bbox 456 5526 569 5598; x_wconf 71' lang='grc'><strong>(46)</strong></span> <span class='ocrx_word' id='word_1_833' title='bbox 609 5527 686 5581; x_wconf 86' lang='grc' dir='ltr'><em>Ἦ</em></span> <span class='ocrx_word' id='word_1_834' title='bbox 716 5520 1095 5594; x_wconf 74' lang='grc' dir='ltr'>δοκιμήν.’1ιει</span> <span class='ocrx_word' id='word_1_835' title='bbox 1128 5541 1261 5581; x_wconf 82' lang='lat' dir='ltr'><strong>mss.</strong></span> <span class='ocrx_word' id='word_1_836' title='bbox 1295 5524 1557 5595; x_wconf 87' lang='lat' dir='ltr'><strong>quinque.</strong></span> <span class='ocrx_word' id='word_1_837' title='bbox 1589 5520 1731 5577; x_wconf 90' lang='lat' dir='ltr'><strong>Editi</strong></span> <span class='ocrx_word' id='word_1_838' title='bbox 1777 5522 1826 5574; x_wconf 82' lang='grc' dir='ltr'><strong>εί</strong></span> <span class='ocrx_word' id='word_1_839' title='bbox 1872 5520 1957 5573; x_wconf 63' lang='grc' dir='ltr'><strong>δον</strong></span> 
     </span>
    </p>
   </div>
   <div class='ocr_carea' id='block_1_110' title="bbox 388 5611 1950 5737">
    <p class='ocr_par' dir='ltr' id='par_1_110' title="bbox 388 5611 1950 5737">
     <span class='ocr_line' id='line_1_110' title="bbox 388 5611 1950 5737; baseline -0.003 -17"><span class='ocrx_word' id='word_1_840' title='bbox 607 5664 948 5737; x_wconf 59' lang='grc' dir='ltr'>Γενιηητοῖς.</span> <span class='ocrx_word' id='word_1_841' title='bbox 992 5664 1086 5737; x_wconf 72' lang='lat' dir='ltr'><strong>Sic</strong></span> <span class='ocrx_word' id='word_1_842' title='bbox 1127 5680 1261 5737; x_wconf 79' lang='lat' dir='ltr'><strong>mss.</strong></span> <span class='ocrx_word' id='word_1_843' title='bbox 1303 5663 1543 5737; x_wconf 69' lang='lat' dir='ltr'><strong>codices.</strong></span> <span class='ocrx_word' id='word_1_844' title='bbox 1592 5661 1737 5737; x_wconf 72' lang='lat' dir='ltr'><strong>Editi</strong></span> <span class='ocrx_word' id='word_1_845' title='bbox 1787 5677 1950 5732; x_wconf 78' lang='grc' dir='ltr'>γενη-</span> 
     </span>
    </p>
   </div>
   <div class='ocr_carea' id='block_1_111' title="bbox 390 5733 1669 5804">
    <p class='ocr_par' dir='ltr' id='par_1_111' title="bbox 390 5733 1669 5804">
     <span class='ocr_line' id='line_1_111' title="bbox 390 5733 1669 5804; baseline -0.005 -13"><span class='ocrx_word' id='word_1_846' title='bbox 390 5738 518 5802; x_wconf 74' lang='grc' dir='ltr'>τοῖς.</span> <span class='ocrx_word' id='word_1_847' title='bbox 552 5733 658 5793; x_wconf 78' lang='lat' dir='ltr'><strong>Sed</strong></span> <span class='ocrx_word' id='word_1_848' title='bbox 698 5733 994 5791; x_wconf 85' lang='lat' dir='ltr'><strong>discrimen</strong></span> <span class='ocrx_word' id='word_1_849' title='bbox 1033 5734 1164 5788; x_wconf 84' lang='lat' dir='ltr'><strong>illud</strong></span> <span class='ocrx_word' id='word_1_850' title='bbox 1205 5735 1357 5804; x_wconf 76' lang='lat' dir='ltr'><strong>parvi</strong></span> <span class='ocrx_word' id='word_1_851' title='bbox 1389 5735 1669 5788; x_wconf 86' lang='lat' dir='ltr'><strong>momenti.</strong></span> 
     </span>
    </p>
   </div>
   <div class='ocr_carea' id='block_1_112' title="bbox 2119 5232 3629 5362">
    <p class='ocr_par' dir='ltr' id='par_1_112' title="bbox 2119 5232 3629 5362">
     <span class='ocr_line' id='line_1_112' title="bbox 2119 5232 3629 5362; baseline -0.007 -68"><span class='ocrx_word' id='word_1_852' title='bbox 2119 5238 2230 5362; x_wconf 52' lang='lat' dir='ltr'><strong>v.8)</strong></span> <span class='ocrx_word' id='word_1_853' title='bbox 2295 5235 2513 5292; x_wconf 60' lang='grc' dir='ltr'>’Δίδιον</span> <span class='ocrx_word' id='word_1_854' title='bbox 2554 5238 2910 5307; x_wconf 73' lang='grc' dir='ltr'>συναφείας.</span> <span class='ocrx_word' id='word_1_855' title='bbox 2942 5235 3085 5291; x_wconf 86' lang='lat' dir='ltr'><strong>Editi</strong></span> <span class='ocrx_word' id='word_1_856' title='bbox 3133 5233 3302 5288; x_wconf 81' lang='grc' dir='ltr'>ἀϊδίου</span> <span class='ocrx_word' id='word_1_857' title='bbox 3341 5232 3629 5315; x_wconf 69' lang='grc' dir='ltr'>δυνάμεως</span> 
     </span>
     <span class='ocr_line' id='line_1_113' title="bbox 2119 5302 3628 5362; baseline -0.001 -2"><span class='ocrx_word' id='word_1_858' title='bbox 2119 5325 2126 5360; x_wconf 77' lang='grc' dir='ltr'><strong>ι</strong></span> <span class='ocrx_word' id='word_1_859' title='bbox 2189 5306 2503 5362; x_wconf 73' lang='grc' dir='ltr'>συναφείας.</span> <span class='ocrx_word' id='word_1_860' title='bbox 2551 5306 2707 5362; x_wconf 84' lang='lat' dir='ltr'><strong>Ouod</strong></span> <span class='ocrx_word' id='word_1_861' title='bbox 2748 5314 2989 5362; x_wconf 87' lang='lat' dir='ltr'><strong>erratum</strong></span> <span class='ocrx_word' id='word_1_862' title='bbox 3029 5319 3133 5362; x_wconf 83' lang='lat' dir='ltr'><strong>one</strong></span> <span class='ocrx_word' id='word_1_863' title='bbox 3170 5310 3415 5359; x_wconf 77' lang='lat' dir='ltr'><strong>veterum</strong></span> <span class='ocrx_word' id='word_1_864' title='bbox 3466 5302 3628 5358; x_wconf 69' lang='lat' dir='ltr'><strong>codi-</strong></span> 
     </span>
    </p>
   </div>
   <div class='ocr_carea' id='block_1_113' title="bbox 2054 5302 3628 5377">
    <p class='ocr_par' dir='ltr' id='par_1_113' title="bbox 2054 5302 3628 5377">
     <span class='ocr_line' id='line_1_114' title="bbox 2054 5302 3628 5377; baseline 0 -19"><span class='ocrx_word' id='word_1_865' title='bbox 2054 5302 2150 5362; x_wconf 66' lang='grc' dir='ltr'>καὶ</span> <span class='ocrx_word' id='word_1_866' title='bbox 2189 5302 2503 5376; x_wconf 73' lang='grc' dir='ltr'>συναφείας.</span> <span class='ocrx_word' id='word_1_867' title='bbox 2551 5302 2989 5373; x_wconf 64' lang='lat' dir='ltr'><strong>Quod&#39;erratum</strong></span> <span class='ocrx_word' id='word_1_868' title='bbox 3029 5319 3133 5377; x_wconf 90' lang='lat' dir='ltr'><strong>ope</strong></span> <span class='ocrx_word' id='word_1_869' title='bbox 3170 5310 3415 5359; x_wconf 77' lang='lat' dir='ltr'><strong>veterum</strong></span> <span class='ocrx_word' id='word_1_870' title='bbox 3466 5302 3628 5358; x_wconf 79' lang='lat' dir='ltr'><strong>codi-</strong></span> 
     </span>
    </p>
   </div>
   <div class='ocr_carea' id='block_1_114' title="bbox 2053 5377 2555 5433">
    <p class='ocr_par' dir='ltr' id='par_1_114' title="bbox 2053 5377 2555 5433">
     <span class='ocr_line' id='line_1_115' title="bbox 2053 5377 2555 5433; baseline -0.004 -2"><span class='ocrx_word' id='word_1_871' title='bbox 2053 5393 2178 5433; x_wconf 89' lang='lat' dir='ltr'><strong>cum</strong></span> <span class='ocrx_word' id='word_1_872' title='bbox 2214 5377 2555 5433; x_wconf 89' lang='lat' dir='ltr'><strong>sustulimus.</strong></span> 
     </span>
    </p>
   </div>
   <div class='ocr_carea' id='block_1_115' title="bbox 2128 5440 3647 5571">
    <p class='ocr_par' dir='ltr' id='par_1_115' title="bbox 2128 5440 3647 5571">
     <span class='ocr_line' id='line_1_116' title="bbox 2128 5440 3647 5571; baseline -0.004 -67"><span class='ocrx_word' id='word_1_873' title='bbox 2128 5448 2240 5571; x_wconf 46' lang='lat'><strong>(4‘19)</strong></span> <span class='ocrx_word' id='word_1_874' title='bbox 2470 5445 2509 5512; x_wconf 79' lang='grc' dir='ltr'><strong><em>ἠ</em></strong></span> <span class='ocrx_word' id='word_1_875' title='bbox 2544 5448 2688 5501; x_wconf 79' lang='grc' dir='ltr'>σύν.</span> <span class='ocrx_word' id='word_1_876' title='bbox 2714 5444 2995 5503; x_wconf 90' lang='lat' dir='ltr'><strong>Postrema</strong></span> <span class='ocrx_word' id='word_1_877' title='bbox 3023 5443 3219 5500; x_wconf 82' lang='lat' dir='ltr'><strong>vocula</strong></span> <span class='ocrx_word' id='word_1_878' title='bbox 3249 5460 3317 5500; x_wconf 80' lang='lat' dir='ltr'><strong>ex</strong></span> <span class='ocrx_word' id='word_1_879' title='bbox 3345 5440 3518 5514; x_wconf 81' lang='lat' dir='ltr'><strong>Regio</strong></span> <span class='ocrx_word' id='word_1_880' title='bbox 3539 5454 3647 5498; x_wconf 53' lang='grc' dir='ltr'>σοι</span> 
     </span>
     <span class='ocr_line' id='line_1_117' title="bbox 2128 5533 2469 5571; baseline -0.018 0"><span class='ocrx_word' id='word_1_881' title='bbox 2128 5535 2160 5571; x_wconf 93' lang='lat' dir='ltr'><strong>n</strong></span> <span class='ocrx_word' id='word_1_882' title='bbox 2204 5533 2236 5571; x_wconf 90' lang='grc' dir='ltr'><strong>ο</strong></span> <span class='ocrx_word' id='word_1_883' title='bbox 2268 5533 2296 5571; x_wconf 90' lang='lat' dir='ltr'><strong>a</strong></span> <span class='ocrx_word' id='word_1_884' title='bbox 2377 5534 2390 5569; x_wconf 88' lang='lat' dir='ltr'>I</span> <span class='ocrx_word' id='word_1_885' title='bbox 2459 5553 2469 5565; x_wconf 92' lang='lat'><strong>.</strong></span> 
     </span>
    </p>
   </div>
   <div class='ocr_carea' id='block_1_116' title="bbox 2054 5518 2469 5574">
    <p class='ocr_par' dir='ltr' id='par_1_116' title="bbox 2054 5518 2469 5574">
     <span class='ocr_line' id='line_1_118' title="bbox 2054 5518 2469 5574; baseline -0.017 -1"><span class='ocrx_word' id='word_1_886' title='bbox 2054 5518 2236 5574; x_wconf 91' lang='lat' dir='ltr'><strong>cundo</strong></span> <span class='ocrx_word' id='word_1_887' title='bbox 2268 5518 2469 5571; x_wconf 88' lang='lat' dir='ltr'><strong>addita.</strong></span> 
     </span>
    </p>
   </div>
   <div class='ocr_carea' id='block_1_117' title="bbox 2126 5580 3629 5657">
    <p class='ocr_par' dir='ltr' id='par_1_117' title="bbox 2126 5580 3629 5657">
     <span class='ocr_line' id='line_1_119' title="bbox 2126 5580 3629 5657; baseline -0.007 -14"><span class='ocrx_word' id='word_1_888' title='bbox 2126 5589 2240 5657; x_wconf 80' lang='grc'><strong>(50)</strong></span> <span class='ocrx_word' id='word_1_889' title='bbox 2282 5589 2527 5653; x_wconf 84' lang='grc' dir='ltr'>’Έτερος</span> <span class='ocrx_word' id='word_1_890' title='bbox 2548 5585 2774 5657; x_wconf 59' lang='grc' dir='ltr'>ἐτέρου.</span> <span class='ocrx_word' id='word_1_891' title='bbox 2806 5584 2947 5639; x_wconf 84' lang='lat' dir='ltr'><strong>Editi</strong></span> <span class='ocrx_word' id='word_1_892' title='bbox 2972 5584 3198 5657; x_wconf 79' lang='grc' dir='ltr'>Ἕτερος</span> <span class='ocrx_word' id='word_1_893' title='bbox 3226 5582 3333 5652; x_wconf 84' lang='grc' dir='ltr'>γὰρ</span> <span class='ocrx_word' id='word_1_894' title='bbox 3366 5580 3629 5657; x_wconf 54' lang='grc' dir='ltr'>ἑτέρου...</span> 
     </span>
    </p>
   </div>
   <div class='ocr_carea' id='block_1_118' title="bbox 2058 5650 3621 5729">
    <p class='ocr_par' dir='ltr' id='par_1_118' title="bbox 2058 5650 3621 5729">
     <span class='ocr_line' id='line_1_120' title="bbox 2058 5650 3621 5729; baseline -0.004 -18"><span class='ocrx_word' id='word_1_895' title='bbox 2058 5650 2566 5729; x_wconf 46' lang='lat' dir='ltr'><strong>gessissemus...</strong></span> <span class='ocrx_word' id='word_1_896' title='bbox 2619 5650 2764 5723; x_wconf 79' lang='lat' dir='ltr'><strong>quod</strong></span> <span class='ocrx_word' id='word_1_897' title='bbox 2815 5650 3139 5711; x_wconf 82' lang='lat' dir='ltr'><strong>auctoritate</strong></span> <span class='ocrx_word' id='word_1_898' title='bbox 3186 5650 3427 5708; x_wconf 76' lang='lat' dir='ltr'><strong>veterum</strong></span> <span class='ocrx_word' id='word_1_899' title='bbox 3461 5650 3621 5706; x_wconf 78' lang='lat' dir='ltr'><strong>codi-</strong></span> 
     </span>
    </p>
   </div>
   <div class='ocr_carea' id='block_1_119' title="bbox 2055 5726 2703 5783">
    <p class='ocr_par' dir='ltr' id='par_1_119' title="bbox 2055 5726 2703 5783">
     <span class='ocr_line' id='line_1_121' title="bbox 2055 5726 2703 5783; baseline -0.003 0"><span class='ocrx_word' id='word_1_900' title='bbox 2055 5726 2179 5783; x_wconf 77' lang='lat' dir='ltr'><strong>cum</strong></span> <span class='ocrx_word' id='word_1_901' title='bbox 2204 5726 2326 5783; x_wconf 82' lang='lat' dir='ltr'><strong>freti</strong></span> <span class='ocrx_word' id='word_1_902' title='bbox 2351 5727 2703 5781; x_wconf 72' lang='lat' dir='ltr'><strong>mutavimus.</strong></span> 
     </span>
    </p>
   </div>
  </div>
