3886 6220
260 343 364 401 I85

1435 348 1635 403 LIBER
1678 348 1765 405 DE
1805 350 2081 407 SPIRITU
2119 351 2410 410 SANCTO.

3416 353 3534 411 ’186

260 476 362 513 πον
409 456 581 523 οὕτως
627 462 877 527 εὐσεϐῶς
927 464 985 516 ἒν
1019 463 1301 535 Πνεύματι
1342 462 1440 535 τὴν
1501 463 1852 536 εὐχαριστίαν

1958 466 2166 521 hostias
2214 466 2392 522 laudis
2434 465 2568 523 Deo.
2613 465 2930 524 Secundum
2983 480 3154 520 unum
3192 463 3363 535 igitur
3410 481 3534 522 mo-

259 550 707 624 ἀποπληροῦμεν.
758 554 954 608 Καίτοι
996 556 1089 607 καὶ
1123 554 1284 608 τοῦτο
1311 555 1412 608 οὐκ
1438 554 1664 626 ἀϐαρὲς,
1693 554 1855 609 αὐτόν

259 660 381 698 τινα
411 642 590 715 ἑαυτῷ
630 648 954 718 μαρτυρεῖν,
989 646 1073 699 ὅτι
1102 646 1328 716 Πνεῦμα
1348 645 1484 700 Θεοῦ
1510 647 1569 700 ὲν
1593 648 1738 719 ἐμοὶ,
1762 648 1858 701 κα)⁸

259 734 352 789 διὰ
381 736 484 807 τῆς
534 735 631 789 ἀπ’
654 736 822 790 αὐτοῦ
872 737 1094 809 χάριτος
1130 737 1409 807 σοφισθεὶς
1457 738 1715 810 ἀναφέρω
1756 737 1855 810 τὴν

252 828 442 894 δόξαν.
514 827 716 898 Παύλῳ
755 826 866 898 γάρ
913 827 1196 899 πρέπουσα
1236 830 1271 898 ἡ
1329 827 1514 899 φωνή·
1551 826 1714 881 Δοκῶ
1743 828 1855 897 γὰρ

259 921 424 991 κάγὼ
447 919 698 989 Πνεῦμα
737 918 886 974 Θεοῦ
923 921 1121 987 ἔχειν·
1151 919 1246 972 καὶ
1271 917 1465 972 πάλιν*
1503 919 1624 987 Τὴν
1655 917 1856 985 καλὴν

259 1010 778 1080 παρακαταθήκην
825 1010 1105 1080 φύλαξον
1152 1009 1253 1064 διὰ
1296 1009 1642 1078 Πνεύματος
1682 1011 1856 1080 ἁγίου

259 1103 369 1158 τοῦ
396 1102 784 1169 ἐνοικοῦντος
807 1102 878 1156 ἐν
904 1100 1076 1171 ἡμῖν·
1108 1101 1205 1154 καὶ
1229 1100 1358 1173 περὶ
1386 1101 1483 1155 τοῦ
1504 1101 1705 1173 Δανιήλ
1728 1118 1742 1132 ·
1770 1102 1855 1155 ὅτι

258 1193 490 1264 Πνεῦμα
520 1191 659 1246 Θεοῦ
693 1192 850 1261 ἅγιον
888 1192 946 1244 ὲν
970 1191 1119 1263 αύτῷ
1141 1209 1155 1223 ο
1187 1192 1285 1247 καὶ
1317 1191 1477 1258 εἴτις
1502 1192 1733 1256 ἐκείνοις
1752 1193 1853 1265 τὴν

259 1285 472 1356 ἀοετὴν
508 1284 918 1356 παραπλήσιος.

221 1427 239 1496 1
333 1459 421 1514 st.
449 1460 718 1531 Δεύτερος
748 1460 805 1515 δὲ
831 1459 978 1527 νοῦς,
1020 1460 1142 1515 οὐδὲ
1178 1462 1341 1527 αὐτὸς
1374 1460 1718 1531 ἀπόϐλητος·
1765 1462 1852 1515 ὅτι

259 1548 451 1619 ὥσπερ
475 1552 535 1602 ὲν
564 1548 645 1621 τῷ
674 1549 788 1620 Υίῷ
818 1551 1013 1622 ὁρᾶται
1051 1551 1081 1603 ὁ
1114 1550 1334 1623 Πατὴρ,
1377 1551 1551 1616 οὕτως
1580 1551 1610 1603 ὁ
1644 1551 1771 1615 Υἱὸς
1794 1552 1852 1606 ἐν

258 1638 340 1708 τῷ
370 1638 672 1710 Πνεύματι.
703 1640 771 1693 Ἥ
805 1641 987 1695 τοίνυν
1019 1643 1077 1696 ὲν
1104 1641 1184 1715 τῷ
1221 1642 1503 1714 Πνεύματι
1537 1641 1852 1714 προσκύνη-

262 1749 351 1796 σις
380 1733 482 1805 τὴν
514 1732 591 1796 ὡς
641 1734 701 1786 ὲν
746 1734 887 1802 φωτὶ
944 1734 1235 1807 γινομένην
1276 1735 1376 1807 τῆς
1419 1734 1656 1800 διανοίας
1694 1733 1852 1806 ἡμῶν

260 1826 546 1896 ἐνέργειαν
575 1824 887 1891 ὑποϐάλλει,
911 1825 988 1890 ὡς
1015 1828 1080 1880 ἐκ
1107 1826 1218 1881 τῶν
1238 1826 1375 1898 πρὸς
1395 1828 1495 1898 τὴν
1520 1827 1851 1898 Σαμαρεῖτιν

260 1916 569 1988 εἰρημένων
597 1914 664 1970 ἂν
705 1915 1023 1987 μάθοις.Ἐν
1060 1919 1211 1989 τόπῳ
1245 1917 1356 1989 γὰρ
1383 1913 1522 1971 εἶναι
1554 1917 1652 1989 τὴν
1684 1934 1854 1988 προσ-

260 2007 490 2079 κύνησιν
515 2006 582 2061 ὲκ
622 2006 725 2078 τῆς
769 2008 1038 2081 ἐγχωρίου
1084 2008 1370 2079 συνηθείας
1415 2008 1776 2088 ἠπατημένην
1822 2011 1853 2064 ὁ

258 2097 467 2169 Κύριος
490 2101 523 2171 ἡ
533 2097 651 2170 μῶν
676 2100 1103 2170 μεταδιδάσκων,
1126 2102 1184 2154 ὲν
1210 2099 1488 2171 Πνεύματι
1509 2101 1603 2154 καὶ
1624 2100 1852 2172 ἀληθείᾳ

257 2191 461 2262 χρῆναι
495 2193 824 2263 προσκυνεῖν
847 2190 1069 2263 ἔφησεν,
1106 2192 1298 2247 ἑαυτὸν
1325 2192 1499 2262 λέγων
1523 2191 1723 2264 δηλαδὴ
1751 2193 1852 2265 τὴν

254 2281 539 2354 ἀλήθειαν.
568 2283 779 2354 Ὠσπερ
798 2277 891 2337 οῦν
926 2284 983 2337 ὲν
1020 2281 1101 2354 τῷ
1138 2281 1255 2354 Υἱῷ
1291 2282 1661 2355 προσκύνησιν
1694 2282 1852 2352 λέγο-

258 2390 383 2446 μεν,
413 2372 513 2444 τὴν
550 2373 628 2438 ὡς
663 2376 724 2427 ἐν
757 2374 928 2427 εἰκόνι
962 2373 1059 2428 τοῦ
1106 2373 1243 2428 Θεοῦ
1288 2375 1382 2429 καὶ
1425 2376 1658 2447 Πατρὸς,
1709 2374 1852 2430 οὕτω

254 2466 357 2519 καὶ
386 2466 448 2519 ἐν
480 2465 563 2537 τῷ
595 2466 898 2538 Πνεύματι,
926 2465 1003 2530 ὡς
1035 2467 1092 2519 ὲν
1124 2467 1303 2539 ἑαυτῷ
1326 2467 1595 2523 δεικνύντι
1629 2466 1727 2540 τὴν
1755 2467 1851 2521 τοῦ

257 2556 471 2627 Κυρίου
499 2556 755 2629 θεότητα.
786 2557 877 2610 Διὸ
904 2558 999 2611 καὶ
1039 2558 1098 2611 ὲν
1129 2561 1196 2628 τῇ
1247 2561 1615 2631 προσκυνήσει
1649 2557 1854 2631 ἀχώρι-

261 2664 384 2702 στον
408 2648 518 2702 ἀπὸ
549 2648 766 2719 Πατρὸς
794 2649 889 2703 καὶ
916 2649 1046 2704 Υίοῦ
1070 2650 1134 2703 τὸ
1168 2650 1392 2723 Πνεῦμα
1414 2652 1476 2705 τὸ
1500 2652 1677 2721 ἅγιον.
1706 2652 1853 2717 Ἔξω

260 2739 361 2809 μὲν
389 2739 500 2811 γὰρ
528 2740 795 2811 ὑπάρχων
828 2741 1013 2806 αὐτοῦ,
1059 2742 1179 2796 οὐδὲ
1221 2744 1624 2816 προσκυνήσεις
1663 2745 1724 2798 τὸ
1749 2761 1854 2798 πα-

262 2830 478 2901 ράπαν·
526 2834 588 2886 ὲν
642 2831 792 2903 αὐτῷ
836 2833 895 2887 δὲ
939 2833 1228 2905 γενόμενος
1280 2837 1461 2890 οὐδενὶ
1518 2836 1705 2908 τρόπῳ
1738 2834 1850 2908 (51)

257 2922 627 2994 ἀποχωρίσεις
656 2922 766 2977 ἀπὸ
798 2923 934 2978 Θεοῦ
963 2942 977 2956 υ
1011 2924 1072 2979 οὐ
1107 2925 1307 2996 μᾶλλόν
1333 2943 1417 2994 γε,
1446 2927 1480 2999 ἦ
1510 2927 1618 2980 τῶν
1638 2928 1851 2999 ὁρατῶν

258 3012 594 3083 ἀποστήσεις
621 3013 686 3066 τὸ
722 3013 840 3084 φῶς
863 3029 877 3044 ·
926 3013 1187 3070 ἀδύνατον
1224 3015 1334 3088 γὰρ
1370 3017 1497 3070 ἰδεῖν
1530 3016 1628 3089 την
1665 3018 1850 3073 εἰκόνα

256 3098 353 3153 τοῦ
376 3099 516 3153 Θεοῦ
544 3099 639 3154 τοῦ
667 3102 926 3173 ἀοράτου,
957 3102 1032 3176 μὴ
1060 3105 1118 3159 ὲν
1141 3104 1221 3176 τῷ
1258 3107 1524 3179 φωτισμῷ
1549 3108 1643 3161 τοῦ
1680 3109 1850 3162 Πνεῦ-

260 3209 458 3262 ματος.
486 3193 601 3247 Καὶ
625 3193 717 3247 τὸν
748 3194 1125 3259 ὲνατενίςοντα
1151 3199 1217 3269 τῇ
1246 3198 1416 3253 είκόνι
1453 3199 1731 3270 ἀμήχανον
1752 3201 1852 3271 τῆς

255 3282 469 3348 εἰκόνος
492 3285 838 3356 ἀποχωρίσαι
863 3285 925 3339 τὸ
956 3285 1092 3356 φῶς.
1129 3287 1202 3340 Τὸ
1231 3288 1340 3359 γὰρ
1374 3288 1470 3342 τοῦ
1508 3290 1640 3360 ὁρᾷν
1682 3290 1853 3344 αῐτιον

256 3370 323 3438 ἐξ
353 3373 607 3444 ἀνάγκης
629 3374 1036 3446 συγκαθορᾶται
1059 3380 1174 3442 τοῖς
1193 3379 1428 3450 ὁρατοῖς.
1450 3380 1614 3433 Ὥστε
1635 3382 1854 3446 οἰκείως

256 3465 358 3520 καὶ
384 3465 699 3531 ἀκολούθοις
727 3467 815 3521 διὰ
850 3468 949 3539 μὲν
976 3469 1071 3523 τοῦ
1101 3470 1384 3542 φωτισμοῦ
1414 3471 1508 3525 τοῦ
1533 3473 1852 3544 Πνεύματος

254 3555 323 3609 τὸ
348 3556 695 3629 ἀπαύγασμα
732 3557 833 3628 τῆς
865 3558 1024 3629 δόξης
1055 3560 1148 3614 τοῦ
1187 3560 1322 3615 Θεοῦ
1370 3562 1724 3635 καθορῶμεν·
1762 3564 1853 3618 διά

257 3645 319 3699 δὲ
339 3644 439 3699 τοῦ
460 3647 811 3719 χαρακτῆρος
835 3648 931 3701 ἐπὶ
961 3651 1062 3720 τὴν
1095 3643 1156 3705 οῦ
1186 3653 1335 3706 ἐστιν
1374 3654 1404 3707 ό
1435 3653 1723 3727 χαρακτὴρ
1756 3655 1852 3709 καὶ

256 3739 294 3808 ἡ
337 3737 593 3802 ἱσότυπος
627 3741 866 3811 σφραγὶς
895 3741 1236 3814 ἀναγόμεθα.

778 3937 1178 3995 ΚΕΦᾹΛΔΙΟΝ
1215 3942 1344 3997 KZ'.

258 4050 460 4138 πάθεν
487 4049 530 4138 ἡ
548 4067 585 4138 ,ε
758 4067 785 4138 2
817 4047 1042 4138 ιρεαςο
1066 4053 1370 4138 Mea.
1400 4054 1501 4138 κςιι
1538 4055 1720 4138 εςοίαν
1743 4056 1851 4136 διέσ

332 4119 687 4197 γαμινβεχει,
717 4119 789 4173 ἐν
816 4119 992 4197 ᾧ-καὶ
1019 4122 1093 4197 τὰ
1116 4125 1251 4193 περὶ
1287 4119 1407 4179 τῶν
1432 4124 1713 4197 ἀγράφων
1741 4126 1851 4195 τῆς

348 4191 720 4259 Ἐκκλησιας
749 4191 1047 4263 νομιμωνη

335 4302 429 4359 65.
456 4301 617 4366 Τίνος
656 4296 753 4358 οὖν
789 4303 995 4369 ἕνεκεν,
1049 4304 1233 4374 φασὶν,
1278 4305 1424 4371 ίδίως
1468 4307 1852 4381 προσηκούσης

261 4394 343 4465 τῷ
367 4393 653 4464 Πνεύματι
685 4395 784 4465 τῆς
825 4394 898 4448 ἐν
931 4395 1221 4468 συλλαϐῆς,
1266 4400 1362 4451 καὶ
1392 4399 1474 4462 είς
1507 4400 1688 4453 πᾶσαν
1719 4402 1851 4471 ἡμῖν

1955 556 2086 610 dum
2121 556 2203 611 sic
2231 556 2321 626 pie
2347 557 2653 627 gratiarum
2683 554 2958 610 actionem
2989 553 3045 607 in
3079 552 3290 623 Spiritu
3318 552 3536 624 persol-

1953 649 2155 705 vimus.
2178 649 2503 719 Quanquam
2534 654 2590 704 et
2618 647 2725 702 hoc
2758 645 2964 702 invidia
2989 658 3102 700 non
3126 651 3302 708 caret,
3338 650 3399 698 ut
3430 642 3536 697 alia

1953 740 2081 811 quis
2108 740 2177 795 de
2211 740 2399 810 seipso
2438 738 2785 804 testiﬁcetur,
2821 736 3080 808 dicatque
3113 755 3128 791 :
3167 733 3411 807 Spiritus
3436 733 3536 790 Dei

1953 828 2012 883 in
2043 843 2131 882 me
2160 835 2267 892 est,
2294 835 2353 884 et
2387 843 2485 899 per
2521 828 2752 899 gratiam
2781 827 2932 883 illius
2972 826 3191 897 sapiens
3219 826 3402 881 lactus
3439 841 3534 880 re-

1952 919 2071 976 fero
2105 920 2357 992 gloriam.
2389 919 2527 975 Nam
2556 921 2809 989 hazcgvox
2842 918 3075 973 Paulum
3103 918 3261 974 decet
3288 935 3303 973 :
3342 917 3537 972 Videor

1952 1021 2003 1069 et
2042 1013 2175 1067 mihi
2221 1011 2486 1082 Spiritum
2532 1012 2630 1066 Ilei
2680 1010 2973 1079 habere“;
3005 1019 3060 1065 et
3095 1025 3325 1075 rursus,
3370 1007 3538 1080 Egre-

1951 1107 2099 1177 gium
2128 1105 2428 1174 depositum
2460 1119 2615 1158 serva
2642 1102 3026 1177 perfSpiritum
3054 1109 3298 1156 sanctum
3324 1102 3413 1172 qui
3443 1100 3533 1154 Ita~

1957 1176 2097 1251 bitat
2145 1198 2202 1251 in
2242 1195 2394 1250 nobis
2415 1196 2483 1250 θ’.
2513 1193 2647 1250 Item
2684 1176 2755 1250 de
2782 1192 3009 1248 Daniele
3035 1192 3270 1263 legimus
3288 1193 3357 1253 ³³.
3389 1191 3537 1262 quod

1954 1287 2199 1359 Spiritus
2230 1286 2328 1343 Dei
2370 1293 2598 1343 sanctus
2638 1284 2805 1341 fuerit
2840 1285 2898 1339 in
2929 1298 3027 1347 eo;
3081 1290 3137 1340 et
3181 1283 3231 1339 si
3275 1282 3402 1355 quis
3427 1282 3538 1339 illis

1953 1378 2219 1436 assimilis
2249 1378 2322 1434 sit
2350 1378 2577 1433 virtute.

2023 1471 2115 1527 64.
2154 1471 2304 1525 Alter
2354 1477 2541 1523 autem
2589 1467 2910 1523 intellectus
2952 1473 3061 1533 est,
3092 1480 3196 1522 nec
3230 1465 3352 1537 ipse
3398 1467 3537 1538 reji-

1951 1559 2204 1627 ciendus,
2250 1557 2398 1631 quod
2445 1558 2590 1614 sicut
2643 1557 2699 1611 in
2750 1555 2892 1611 Filio
2936 1555 3181 1633 cernitur
3226 1554 3412 1619 Pater,
3456 1556 3538 1610 sic

1951 1649 2127 1706 Filius
2160 1648 2407 1704 cernitur
2440 1648 2497 1702 in
2530 1645 2762 1718 Spiritu.
2796 1645 2985 1717 Itaque
3023 1645 3274 1701 adoratio
3300 1660 3422 1714 quae
3464 1648 3537 1701 sit

1953 1740 2010 1795 in
2040 1739 2273 1811 Spiritu,
2318 1738 2520 1793 mentis
2556 1743 2760 1791 nostra:
2802 1735 3176 1806 operationem
3224 1742 3287 1788 ut
3319 1734 3377 1788 in
3414 1734 3538 1789 luce

1881 1813 1925 1870 Β
1955 1832 2158 1889 factam
2195 1832 2425 1898 indicat,
2454 1840 2518 1885 ut
2547 1831 2762 1886 discere
2796 1829 2926 1885 licet
2952 1844 3021 1883 ex
3049 1826 3118 1883 iis
3147 1842 3267 1898 quae
3293 1824 3539 1881 Samari-

1954 1933 2098 1980 tana:
2125 1923 2275 1979 dicta
2299 1930 2449 1980 sunt.
2480 1920 2619 1976 Nam
2643 1936 2771 1976 cum
2800 1920 2895 1975 illa
2922 1918 3327 1975 consuetudine
3357 1918 3537 1989 regio~

1953 2018 2042 2073 nis
2068 2016 2297 2086 decepta
2338 2014 2684 2071 existimaret
2715 2013 2773 2067 in
2806 2012 2929 2067 loco
2967 2026 3094 2066 esse
3122 2009 3535 2076 adorationem;

1955 2106 2220 2164 Dominus
2246 2120 2366 2161 eam
2399 2104 2677 2160 deducens
2704 2102 2843 2157 dixit
2873 2102 2931 2157 in
2972 2098 3185 2171 Spiritu
3218 2106 3273 2155 et
3299 2099 3539 2154 veritate

1950 2197 2186 2252 adorare
2228 2201 2487 2266 Oportere
2507 2194 2599 2247 ’δε
2642 2191 2913 2246 nimirum
2962 2190 3209 2261 seipsum
3254 2189 3540 2260 appellans

1952 2289 2260 2345 veritatem.
2310 2283 2786 2352 Quemadmodum
2826 2282 2991 2354 igitur
3039 2282 3097 2335 in
3133 2278 3273 2335 Filio
3302 2280 3539 2336 dicimus

1953 2378 2355 2443 adorationem,
2375 2376 2528 2430 velut
2549 2375 2605 2427 in
2630 2371 2870 2444 imagine
2899 2370 2997 2428 Dei
3026 2385 3091 2426 ac
3114 2369 3295 2424 Patris
3328 2387 3343 2424 :
3379 2369 3461 2425 sic
3483 2375 3539 2423 et

1953 2469 2012 2524 in
2047 2468 2256 2539 Spiritu
2305 2474 2574 2536 tanquam
2624 2464 2678 2518 in
2732 2462 2918 2533 seipso
2949 2460 3168 2516 Domini
3196 2460 3537 2515 divinitatem

1951 2561 2315 2633 exprimente.
2363 2556 2523 2612 Unde
2573 2561 2629 2611 et
2677 2555 2736 2609 in
2776 2554 3110 2609 adoratione
3152 2552 3538 2622 inseparabilis

1951 2659 2037 2709 est
2065 2667 2096 2705 a
2123 2649 2287 2706 Patre
2332 2655 2387 2704 et
2420 2646 2562 2702 Filio
2602 2646 2844 2716 Spiritus
2895 2652 3145 2699 sanctus.
3199 2642 3337 2697 Nam
3370 2644 3417 2698 si
3452 2644 3534 2698 sis

1952 2751 2107 2800 extra
2152 2742 2327 2805 illum,
2373 2740 2530 2794 nullo
2576 2742 2741 2810 pacto
2784 2752 2848 2792 es
2901 2737 3280 2791 adoraturus:
3316 2741 3534 2797 contra,

1953 2831 2000 2886 si
2039 2827 2148 2901 54
2174 2829 2230 2882 in
2264 2828 2360 2883 illo
2401 2826 2596 2893 fueris,
2639 2826 2796 2882 nullo
2825 2825 2989 2880 modo
3017 2841 3141 2881 eum
3177 2825 3465 2895 separabis
3504 2838 3535 2878 a

1952 2921 2085 2986 Deo,
2116 2919 2289 2974 nihilo
2324 2917 2571 2989 profecto
2618 2917 2795 2988 magis
2829 2932 2992 2987 quam
3017 2916 3202 2970 lumen
3247 2915 3534 2985 separabis

1954 3010 2024 3069 ab
2069 3013 2137 3068 iis
2170 3026 2291 3082 quae
2317 3011 2459 3066 visui
2482 3016 2670 3080 patent
2702 3026 2715 3063 :
2748 3007 3089 3079 impossibile
3137 3006 3411 3077 siquidem
3449 3014 3537 3063 est

1954 3119 2180 3160 cernere
2222 3102 2519 3173 imaginem
2558 3099 2656 3154 Dei
2706 3100 3023 3164 invisibilis,
3070 3099 3180 3153 nisi
3226 3099 3284 3153 in
3324 3098 3536 3154 lumine

1958 3193 2221 3265 Spiritus.
2254 3191 2319 3245 Et
2345 3191 2437 3262 qui
2472 3190 2719 3245 intuetur
2745 3189 3064 3260 imaginem,
3107 3188 3255 3243 hunc
3276 3189 3539 3259 impossi-

1953 3286 2063 3342 bile
2086 3295 2170 3342 est
2204 3270 2390 3340 lumen
2426 3284 2496 3340 ab
2524 3284 2762 3354 imagine
2790 3297 3068 3353 separare.
3104 3280 3262 3347 Quod
3294 3280 3444 3335 enim
3474 3287 3537 3333 ut

1952 3379 2141 3435 videas
2173 3379 2229 3433 in
2262 3392 2433 3433 causa
2475 3382 2581 3441 est,
2615 3375 2671 3430 id
2705 3390 2931 3430 necesse
2969 3381 3078 3437 est,
3108 3380 3171 3428 ut
3213 3372 3377 3429 simul
3408 3386 3535 3427 cum

1951 3469 2021 3525 iis
2070 3485 2193 3541 quae
2251 3476 2578 3531 cernuntur,
2627 3466 2906 3523 videatur.
2966 3466 3160 3536 Itaque
3212 3464 3435 3536 proprie
3477 3469 3534 3518 et

1949 3565 2320 3630 congruenter
2346 3572 2443 3627 per
2477 3556 2939 3612 illuminationem
2971 3554 3215 3625 Spiritus
3255 3554 3534 3626 conspici-

1950 3663 2076 3704 mus
2115 3648 2463 3718 splendorem
2494 3647 2682 3717 gloria:
2708 3645 2843 3714 Dei;
2881 3662 2981 3718 per
3021 3646 3399 3702 characterem
3429 3661 3532 3701 au-

1950 3746 2061 3795 tem
2100 3740 2168 3795 ad
2199 3756 2346 3805 eum,
2379 3738 2541 3809 cujus
2589 3746 2675 3795 est
2717 3739 3009 3794 character
3049 3747 3106 3795 et
3134 3739 3346 3811 aequale
3378 3739 3531 3810 sigil-

1950 3831 2087 3896 lum,
2122 3830 2503 3887 subVehimur.

2489 3939 2719 3996 CAPUT
2757 3937 2975 3996 XXVII.

1956 4053 2104 4125 Unde
2126 4055 2337 4108 initium
2357 4052 2523 4125 habet
2539 4053 2771 4125 syllaba,
2797 4054 3011 4120 c'cum,»
3042 4062 3093 4109 et
3113 4053 3281 4125 quam
3306 4054 3408 4108 vim
3435 4052 3531 4107 ha-

2020 4124 2159 4248 zezit.
2190 4125 2279 4178 ubi
2300 4134 2350 4179 et
2385 4126 2449 4179 de
2483 4123 2733 4179 Ecclesiae
2754 4124 2954 4195 legibus
2989 4123 3142 4179 nullo»
3171 4125 3371 4194 scripta
3399 4139 3527 4193 pro-

2060 4212 2076 4248 ι
2108 4212 2174 4248 ιε.

2022 4303 2112 4359 65.
2152 4302 2326 4370 Quam
2357 4302 2525 4373 igitur
2553 4302 2627 4358 ob
2651 4317 2899 4369 causam,
2931 4303 3212 4375 inquiunt,
3246 4320 3373 4360 cum
3403 4320 3532 4376 pro-

1950 4395 2068 4465 prie
2092 4394 2387 4450 conveniat
2418 4394 2537 4451 haec
2579 4396 2813 4467 syllaba,
2838 4396 2913 4463 in,
2950 4396 3214 4467 Spiritui,
3266 4412 3333 4454 ac
3370 4398 3531 4455 nobis

260 4486 365 4559 τὴν
401 4487 529 4558 περὶ
553 4485 721 4539 αὐτοῦ
751 4485 960 4541 ἔννοιαν
989 4487 1349 4561 ὲξαρκούσης,
1382 4489 1482 4560 τὴν
1504 4489 1694 4562 καινὴν
1719 4492 1851 4545 ταύ-

1958 4487 2023 4542 ad
2064 4486 2478 4558 exprimendum
2532 4488 2783 4560 quemvis
2830 4489 2901 4546 de
2941 4488 3151 4561 Spiritu
3193 4491 3529 4547 intellectum

264 4596 369 4650 την
391 4578 550 4648 ὑμεῖς
574 4575 841 4648 συλλαϐὴν
861 4578 1282 4650 ὲπεισηγάγετε,
1302 4579 1426 4634 σὺν
1442 4579 1525 4647 τῷ
1541 4581 1653 4653 (52)
1676 4584 1858 4637 Hreu-

260 4685 405 4738 ματι
431 4668 705 4736 λέγοντες,
736 4669 832 4722 καὶ
857 4668 979 4734 οὐκ,
1024 4669 1096 4723 ἐν
1126 4667 1209 4735 τῷ
1242 4670 1544 4740 Πνεύματι
1579 4668 1662 4737 τῷ
1686 4672 1850 4742 ἁγίῳ,

263 4761 391 4814 οὔτε
436 4759 613 4824 ἄλλως
647 4761 945 4829 ἀναγκαῖα,
992 4760 1118 4814 οὔτε
1174 4762 1534 4834 νενομισμένα
1576 4766 1698 4827 ταῖς
1731 4765 1854 4817 Ἑκ-

265 4854 521 4925 κλησίαις
549 4851 948 4924 φθεγγόμενοις
986 4855 1075 4918 Ὦς
1105 4855 1203 4925 μὲν
1229 4850 1323 4909 οῦν
1365 4855 1486 4926 οὐχὶ
1528 4855 1853 4927 ἀποκληρω⁴

264 4943 437 5007 τικῶς
462 4942 544 5013 τῷ
571 4944 716 5015 ἀγίῳ
749 4944 1028 5016 Πνεῦματι
1068 4946 1102 5016 ἠ
1141 4945 1211 4999 ἐν
1247 4945 1485 5018 συλλαϐὴ
1521 4946 1846 5019 διενήνοχεν,

265 5033 407 5088 ἀλλά
433 5032 586 5103 κοινὴ
621 5033 837 5104 Πατρός
880 5036 997 5088 ἐστι
1034 5035 1128 5089 καὶ
1172 5034 1326 5101 Υίοῦ,
1353 5037 1428 5106 {sv
1466 5039 1581 5100 τοῖς
1615 5037 1849 5091 κατόπιν

267 5128 508 5198 εἴρηται.
547 5120 714 5197 Οἶμαι
746 5127 805 5179 δὲ
846 5128 1066 5182 κάκεῖνο
1109 5128 1421 5200 ἀρκούντως
1460 5130 1734 5202 εἰρῆσθαι,
1768 5131 1851 5185 ὃτι

268 5221 332 5273 οὐ
368 5219 526 5289 μόνον
554 5219 656 5271 οὐκ
686 5220 999 5291 ἀφαιρεῖταί
1033 5238 1087 5275 τι
1122 5222 1222 5292 τῆς
1262 5221 1418 5289 ἀξίας
1459 5221 1555 5275 τοῦ
1593 5222 1847 5292 Πνεύμα-

268 5326 387 5373 τος,
422 5309 558 5365 ἀλλά
587 5310 679 5363 καὶ
711 5309 849 5384 πρὸς
874 5309 937 5364 τὸ
969 5312 1223 5382 μέγιστον
1264 5312 1397 5384 ὕψος
1426 5313 1536 5368 τῶν
1573 5313 1647 5385 μὴ
1674 5316 1851 5387 πάντη

1953 4577 2206 4643 sulliciat,
2237 4593 2335 4635 vos
2363 4594 2564 4634 novam
2600 4580 2762 4636 istam
2798 4581 3062 4653 syllabam
3091 4581 3411 4648 induxistis,
3434 4584 3529 4654 qui

1952 4671 2161 4737 dicitis,
2192 4670 2327 4728 Cum
2364 4671 2595 4742 Spiritu,
2627 4689 2763 4739 non,
2810 4673 2877 4729 In
2900 4674 3109 4745 Spiritu
3137 4686 3358 4741 sancto;
3392 4676 3530 4733 alio-

1951 4763 2086 4834 quin
2107 4778 2210 4820 nec
2241 4764 2595 4831 necessariis,
2625 4780 2730 4822 nec
2758 4766 2828 4821 ab
2865 4764 3114 4822 Ecclesia
3143 4767 3389 4837 probatis
3427 4784 3527 4824 vo-

1953 4855 2113 4912 cibus
2157 4857 2409 4912 utentes?
2447 4855 2604 4922 Quod
2636 4856 2807 4928 igitur
2829 4857 2945 4913 haec
2976 4858 3207 4931 syllaba,
3236 4859 3315 4923 in,
3351 4857 3529 4929 Spiri-

1954 4946 2034 5001 tui
2066 4954 2260 5003 sancto
2288 4963 2398 5004 non
2422 4948 2478 5003 in
2508 4956 2714 5005 sortem
2744 4950 2970 5026 preprie
2994 4951 3186 5010 cessit.
3221 4951 3317 5005 sed
3346 4950 3528 5009 Patris

1950 5037 2183 5109 Filiiqne
2203 5039 2514 5096 communis
2542 5051 2648 5107 est,
2677 5040 2732 5095 in
2773 5042 3153 5113 superioribus
3178 5041 3387 5097 dictum
3415 5049 3523 5099 est.

1949 5131 2200 5187 Arbitror
2227 5139 2407 5187 autem
2436 5139 2492 5187 et
2527 5132 2662 5187 illud
2704 5133 2841 5189 satis
2877 5132 3337 5197 demonstratum,
3379 5134 3528 5206 quod

1950 5224 2009 5277 in
2045 5240 2153 5279 non
2180 5223 2357 5279 solum
2398 5223 2535 5278 nihil
2575 5223 2818 5279 detrahit
2845 5222 3099 5294 dignitati
3140 5221 3401 5293 Spiritus,
3434 5241 3530 5281 ve.

1952 5331 2078 5370 rum
2108 5316 2274 5371 etiam
2303 5313 2370 5369 ad
2408 5330 2681 5370 summam
2706 5314 3087 5372 celsitudinem
3128 5316 3291 5390 erigit
3317 5318 3527 5390 cogita-

338 5465 429 5520 ³⁸1
459 5464 590 5522 Cor.
620 5486 716 5524 vn.
748 5469 842 5525 40.
922 5468 969 5501 ⁹¹
995 5470 1037 5527 ll
1068 5472 1208 5529 Tim.
1258 5488 1298 5536 ι,
1335 5472 1418 5528 14.
1493 5470 1540 5502 ’⁸
1563 5468 1701 5526 Dan.
1737 5486 1789 5525 v.
1839 5471 1852 5526 l

2004 5470 2049 5504 ’⁸
2068 5469 2228 5527 Joan.
2272 5487 2349 5537 tv,
2382 5470 2477 5526 24.

341 5652 455 5725 t5!)
486 5652 703 5725 οὐδενι
739 5670 1000 5724 τροπῳ...
1036 5654 1077 5725 ἢ
1117 5655 1253 5713 τῶν.
1282 5655 1372 5711 Sic
1406 5672 1539 5715 mss.
1564 5670 1680 5713 sex.
1705 5654 1847 5713 Editi

271 5722 441 5778 οὐδενὶ
468 5723 637 5795 τόπῳ.
649 5763 687 5780 ..

2030 5654 2150 5729 (52)-
2180 5656 2304 5729 Σὺνξ
2347 5656 2447 5723 τῷ.
2480 5655 2623 5712 Edili
2648 5657 2721 5729 ᾼοί
2770 5658 2866 5711 σὺν
2899 5657 2994 5729 τῷ.
3041 5657 3145 5715 Sed
3193 5657 3403 5729 primus
3432 5653 3531 5718 tlte

1961 5726 2222 5783 articulus
2252 5728 2403 5784 abest
2436 5743 2466 5782 a
2492 5727 2768 5785 veteribus
2799 5726 2972 5786 libris.
