3886 6220
312 331 473 414 'm'

1624 358 1683 415 S.
1724 355 1971 413 BASlLll
2010 354 2224 412 MAGNI

3502 346 3621 402 188

343 479 529 537 tiones
547 492 761 545 eorum,
781 479 876 550 qui
904 493 1014 534 non
1038 493 1268 549 prorsus
1296 484 1478 534 mente
1501 476 1745 547 corrupti
1771 481 1922 532 sunt.

2044 471 2428 541 ινδιαστρόφων
2456 469 2581 531 τοὺς
2616 466 2907 536 λογισμοὺς
2950 466 3231 535 ἐπανάγει.
3268 465 3620 536 Λειπὸμενον

348 569 620 642 Superest
674 580 858 627 autem
908 570 1182 627 disserere
1231 570 1300 626 de
1346 568 1558 641 syllaba’
1596 585 1738 633 σιιηι,
1780 569 1931 624 unde

345 661 604 733 cmperit,
653 668 710 717 et
738 676 906 734 quam
934 662 1044 717 vim
1092 662 1310 729 haheat,
1362 671 1416 718 et
1452 660 1731 733 quomodo
1774 657 1931 715 Scri-

348 760 530 827 pturaa
555 755 877 811 concordet.

424 845 516 902 66.
555 847 638 902 Ex
669 847 966 903 asservatis
994 846 1051 901 in
1074 846 1318 902 Ecclesia
1341 845 1692 916 dogmatibus
1717 852 1770 901 et
1790 860 1931 916 prte-

351 938 742 1004 dicationibus,
776 939 882 992 alia
903 939 1124 1008 quidem
1156 938 1424 992 habemus
1447 952 1478 991 e
1504 937 1757 991 doctrina
1789 936 1930 991 scri-

351 1039 448 1102 pto
489 1030 745 1100 prodita;
793 1030 901 1083 alia
948 1044 1082 1084 vero
1116 1029 1277 1085 nobis
1320 1032 1377 1083 in
1429 1028 1687 1098 mysterio
1727 1028 1930 1082 tradita

345 1121 660 1191 recepimus
726 1136 795 1177 ex
857 1121 1151 1176 traditione
1216 1120 1589 1189 apostolorum
1642 1134 1929 1188 :quorum

351 1220 583 1284 utraque
610 1213 721 1268 vim
777 1214 1026 1267 eamdem
1057 1212 1262 1266 habent
1295 1210 1362 1265 ad
1394 1211 1686 1279 pietatem;
1714 1225 1815 1263 nec
1859 1211 1929 1264 iis

351 1302 641 1373 quisquam
683 1303 1028 1359 contradicet
1059 1322 1075 1358 :
1109 1303 1295 1356 nullus
1337 1309 1507 1367 certe,
1539 1300 1631 1371 qui
1662 1301 1745 1354 vel
1781 1301 1931 1355 tenui

349 1393 690 1464 experientia
746 1396 961 1448 noverit
1011 1407 1133 1463 quae
1179 1391 1290 1446 sint
1344 1389 1602 1445 Ecclesia:
1654 1390 1928 1444 instituta.

349 1483 490 1539 Nam
547 1485 596 1538 si
651 1482 1087 1539 consuetudines
1121 1496 1244 1552 quae
1293 1480 1500 1549 scripto
1546 1479 1774 1549 proditae
1820 1494 1933 1533 non

351 1584 502 1641 sunt,
528 1586 787 1648 tanquam
808 1562 961 1629 haud
984 1576 1218 1629 multum
1249 1571 1516 1627 habentes
1547 1570 1806 1624 momenti
1838 1585 1931 1640 ag-

351 1669 667 1742 grediamur
727 1669 991 1738 rejiccre,
1040 1665 1417 1737 imprudentes
1466 1663 1822 1734 Evangelium
1876 1663 1930 1716 in

351 1762 490 1833 ipsis
522 1762 690 1817 rebus
723 1760 1015 1832 praecipuis
1046 1757 1327 1823 laedemus,
1379 1757 1491 1811 imo
1522 1756 1704 1826 potius
1736 1753 1934 1825 praedi-

352 1853 627 1907 cationem
676 1852 746 1906 ad
794 1852 1003 1906 nudum
1050 1863 1251 1904 nomen
1305 1848 1716 1903 contrahemus.
1763 1843 1929 1900 Verbi

354 1943 552 2014 gratia,
581 1950 641 1997 ut
669 1943 788 2012 ejus
823 1942 968 2013 quod
1004 1942 1242 2012 primum
1281 1948 1367 1995 est
1410 1948 1465 1995 et
1491 1938 1931 2011 vulgatissimum

354 2035 533 2107 primo
562 2035 680 2089 loco
703 2050 1127 2090 commemorem
1155 2053 1167 2088 :
1202 2039 1261 2088 ut
1290 2032 1448 2103 signo
1479 2032 1666 2086 crucis
1699 2045 1798 2084 eos
1835 2028 1931 2099 qui

355 2139 506 2194 spem
549 2125 819 2178 collocant
865 2125 919 2177 in
947 2124 1172 2178 Christo
1213 2123 1521 2193 signemus,
1555 2121 1679 2191 quis
1724 2120 1931 2190 scripto

356 2217 582 2273 docuit?
607 2215 676 2270 Ut
710 2217 777 2271 ad
810 2215 1088 2270 Orientem
1127 2215 1271 2270 versi
1309 2230 1622 2284 precemur,
1668 2228 1790 2283 quae
1829 2226 1931 2266 nos

356 2308 542 2364 docuit
569 2307 853 2378 Scriptura
866 2309 889 2361 ’ἰ
918 2307 1287 2387 lnvocationis
1310 2307 1476 2362 verba
1497 2321 1620 2359 cum
1644 2304 1933 2359 conﬁcitur

357 2403 516 2475 panis
553 2400 656 2473 55
688 2394 1049 2455 Eucharistiae
1095 2408 1150 2453 et
1205 2398 1465 2468 poculum
1506 2395 1929 2461 benedictionis,

357 2494 482 2563 quis
503 2500 826 2549 sanctorum
859 2493 915 2545 in
945 2491 1154 2560 scripto
1184 2490 1343 2546 nobis
1364 2489 1613 2560 reliquit?
1648 2487 1760 2543 Nec
1784 2487 1932 2543 enim

357 2585 445 2640 his
488 2584 734 2640 contenti
769 2599 984 2648 sumus,
1022 2598 1144 2653 quae
1195 2590 1592 2636 commemorat
1630 2580 1930 2651 Apostolus

356 2688 451 2732 aut
485 2675 863 2746 Evangelium,
893 2691 1082 2731 verum
1113 2675 1221 2728 alia
1252 2689 1469 2745 quoque
1491 2682 1545 2729 et
1571 2682 1697 2729 ante
1726 2683 1779 2728 et
1808 2679 1933 2743 post

355 2768 617 2832 dicimus,
669 2774 933 2837 tanquam
980 2767 1213 2820 multum
1250 2766 1507 2820 habentia
1556 2766 1821 2821 momenti
1865 2763 1935 2818 ad

354 2857 707 2930 mysterium,
740 2872 862 2926 qua:
887 2872 955 2911 ex
986 2856 1286 2911 traditione
1327 2870 1439 2909 non
1477 2856 1685 2925 scripta
1718 2854 1936 2925 accepi-

354 2966 504 3005 mus.
538 2948 923 3005 Benedicimus
956 2957 1141 3004 autem
1170 2959 1224 3005 et
1258 2964 1455 3021 aquam
1487 2949 1854 3019 baptismatis,
1877 2955 1936 3005 et

357 3040 544 3095 oleum
580 3040 881 3106 unctionis,
919 3041 1031 3096 imo
1056 3042 1236 3111 ipsum
1264 3043 1433 3095 etiam
1471 3041 1565 3111 qui
1602 3040 1934 3111 baptismum

1959 1810 2008 1872 B

2030 566 2087 619 δέ
2112 568 2226 619 ἐστι
2256 563 2384 633 περὶ
2415 561 2513 631 τῆς
2538 562 2680 627 σὺν,
2727 560 2922 614 ὁπόθεν
2967 558 3188 631 ἤρξατο,
3225 559 3321 611 καὶ
3356 557 3480 612 τίνα
3517 557 3624 613 δύ-

2029 673 2195 728 ναμιν
2224 655 2358 725 ἔχει,
2390 655 2486 709 καὶ
2512 655 2661 718 ὅπως
2689 653 2803 724 (55)
2833 652 3122 723 σύμφωνός
3151 652 3269 704 ἐστι
3291 653 3357 722 τῇ
3388 651 3622 723 Γραφῇ,

2029 744 2413 817 διηγήσασθαι.
2692 772 2696 778 -

2100 837 2186 891 66.
2211 837 2331 890 Τῶν
2360 840 2416 891 ἐν
2446 841 2510 908 τῇ
2547 835 2840 908 Ἐκκλησία
2862 834 3293 906 πεφυλαγμένων
3318 833 3623 904 δογμάτων

2029 930 2126 983 καὶ
2157 930 2525 1001 κηρυγμάτων
2566 928 2634 982 τὰ
2673 929 2773 999 μὲν
2813 930 2877 981 ὲκ
2910 928 3015 998 τῆς
3047 926 3324 998 ἐγγράφου
3357 927 3623 982 διδασκα-

2030 1022 2150 1085 λίας
2182 1021 2397 1092 ἔχομεν,
2428 1021 2495 1074 τὰ
2533 1022 2591 1074 δὲ
2635 1022 2699 1073 ἐκ
2734 1021 2833 1090 τῆς
2864 1020 2979 1075 τῶν
3017 1019 3327 1073 ἀποστόλων
3372 1019 3623 1090 παραδό-

2034 1134 2169 1179 σεως
2211 1115 2521 1168 διαδοθέντα
2568 1116 2702 1185 ἡμῖν
2752 1115 2810 1167 ἐν
2842 1112 3125 1185 μυστηρίῳ
3167 1113 3616 1185 παρεδεξάμεθα·

2032 1209 2174 1279 άπερ
2201 1207 2487 1279 ἀμφότερα
2527 1205 2624 1277 τὴν
2657 1205 2825 1276 αὐτὴν
2869 1205 3021 1276 ἰσχὺν
3062 1204 3174 1275 ἔχει
3216 1205 3350 1276 πρὸς
3384 1204 3481 1276 τὴν
3524 1207 3621 1258 εύ-

2035 1301 2269 1355 σέϐειαν.
2290 1300 2401 1353 Καὶ
2420 1299 2630 1362 τούτοις
2646 1298 2821 1360 οὐδεὶς
2843 1298 3079 1368 ἀντερεῖ,
3106 1296 3300 1350 οὐκοῦν
3325 1297 3438 1368 (54)
3464 1298 3620 1360 ὅστις

2031 1410 2095 1463 γε
2140 1392 2282 1446 κατά
2327 1392 2518 1463 μικρὸν
2564 1388 2696 1460 γοῦν
2744 1388 2961 1460 θεσμῶν
3009 1389 3477 1461 ἐκκλησιαστικῶν
3517 1407 3624 1442 πε-

2035 1486 2308 1558 πείραται.
2359 1486 2422 1538 Ei
2473 1484 2579 1555 γὰρ
2628 1484 3079 1557 ἐπιχειρήσαιμεν
3121 1481 3190 1535 τὰ
3242 1481 3464 1554 ἄγραφα
3504 1480 3621 1534 τῶν

2035 1576 2173 1630 ἐθῶν
2199 1577 2274 1639 ὡς
2311 1578 2384 1647 μὴ
2418 1574 2655 1645 μεγάλην
2702 1573 2893 1643 ἔχοντα
2930 1572 3029 1643 τὴν
3062 1572 3292 1642 δύναμιν
3327 1574 3625 1642 παραιτεῖ-

2038 1669 2180 1736 σθαι,
2205 1669 2460 1739 λάθοιμεν
2485 1667 2549 1721 ἂν
2583 1669 2663 1730 εἰς
2703 1666 2841 1718 αὐτὰ
2870 1665 2940 1718 τὰ
2981 1664 3168 1736 καίρια
3198 1663 3527 1735 ζημιοῦντες
3556 1663 3625 1717 τὸ

2036 1761 2364 1830 Εύαγγέλιον
2385 1775 2398 1788 ο
2431 1758 2628 1830 μᾶλλον
2653 1757 2711 1811 δὲ
2746 1759 2825 1820 εἰς
2850 1756 3020 1826 ὄνομα
3044 1755 3198 1826 ψιλὸν
3226 1755 3623 1826 περιιστῶντες

2034 1852 2094 1906 τὸ
2124 1853 2402 1922 κήρυγμα.
2446 1845 2571 1903 Οίον
2617 1848 2729 1921 [ἵνα
2759 1846 2853 1901 τοῦ
2896 1846 3112 1918 πρώτου
3157 1846 3253 1899 καὶ
3300 1847 3621 1899 κοινοτάτου

2034 1943 2246 2015 πρῶτον
2277 1940 2499 2013 μνησθῶ
2530 1940 2661 2013 (55)]
2689 1939 2766 2013 τῷ
2793 1937 2948 2009 τύπῳ
2990 1937 3085 1991 τοῦ
3118 1936 3347 2007 σταυροῦ
3376 1938 3507 2001 τοὺς
3538 1938 3621 2001 είς

2030 2038 2091 2091 τὸ
2115 2038 2283 2108 ὄνομα
2312 2035 2405 2090 τοῦ
2442 2036 2647 2107 Κυρίου
2671 2035 2827 2106 ἡμῶν
2862 2032 3037 2105 Ἰησοῦ
3058 2032 3294 2103 Χριστοῦ
3316 2031 3622 2101 ἡλπικὸτας

2033 2114 2534 2197 κατασημαίνεσθαι
2578 2125 2662 2189 τίς
2706 2127 2734 2178 ὁ
2764 2124 2852 2178 διὰ
2893 2125 3219 2195 γράμματος
3265 2119 3515 2185 διδάξας;
3544 2120 3625 2173 To

2034 2218 2169 2287 πρὸς
2196 2216 2455 2280 ἀνατολὰς
2486 2214 2785 2286 τετράφθαι
2824 2213 2965 2267 κατὰ
2991 2215 3090 2284 τὴν
3127 2211 3435 2284 προσευχὴν
3462 2213 3624 2263 ποῖον

2033 2307 2271 2374 ἐδίδαξεν
2295 2309 2442 2379 ἡμᾶς
2469 2308 2740 2381 γράμμα;
2787 2307 2868 2360 Τὰ
2894 2306 2993 2377 τῆς
3026 2303 3364 2376 ἐπικλήσεως
3395 2305 3624 2374 ῥήματα

2034 2400 2127 2452 ἐπὶ
2155 2402 2221 2471 τῇ
2248 2399 2513 2469 ἀναδείξει
2540 2399 2647 2470 (56)
2681 2400 2775 2451 τοῦ
2814 2398 2977 2467 ἄρτου
3006 2398 3105 2469 τῆς
3127 2397 3493 2468 Εὐχαριστίας
3525 2397 3625 2449 καὶ

2031 2494 2127 2549 τοῦ
2161 2495 2421 2566 ποτηρίου
2450 2495 2549 2564 τῆς
2589 2492 2839 2561 εὐλογίας
2869 2493 2953 2555 τίς
2990 2490 3097 2543 τῶν
3130 2491 3297 2559 ἁγίων
3324 2489 3626 2560 ἐγγράφοις

2034 2590 2167 2659 ἡμῖν
2207 2586 2624 2649 καταλέλοιπεν;
2660 2586 2734 2639 Ού
2776 2584 2888 2656 γὰρ
2927 2584 2990 2655 δὴ
3023 2583 3232 2646 τούτοις
3275 2580 3626 2653 ἀρκούμεθα,

2035 2674 2110 2733 ὧν
2146 2679 2175 2730 ὁ
2213 2676 2586 2748 Ἀπόστολοςῆ
2624 2675 2685 2729 τὸ
2728 2675 3059 2744 Εύαγγέλιον
3101 2672 3443 2744 ἐπεμνήσθη,
3485 2671 3629 2725 ἀλλὰ

2036 2769 2128 2823 καὶ
2157 2768 2492 2840 προλέγομεν
2538 2767 2630 2819 καὶ
2672 2765 2996 2835 ὲπιλέγομεν
3030 2764 3212 2836 ἕτερα,
3255 2764 3330 2828 ὡς
3377 2764 3631 2837 μεγάλην

2036 2860 2226 2930 ἔχοντα
2253 2859 2388 2930 πρὸς
2406 2858 2468 2912 τὸ
2498 2862 2793 2929 μυστήριον
2813 2857 2911 2928 τὴν
2948 2858 3121 2926 ἰσχὺν,
3154 2859 3218 2909 ἐκ
3244 2856 3343 2926 τῆς
3371 2856 3630 2925 ἀγράφου

2035 2951 2378 3014 διδασκαλίας
2405 2948 2829 3019 παραλαϐόντες.
2853 2947 3089 3015 Εὐλογοῦ
3098 2964 3195 3017 μεν
3219 2946 3276 2999 δέ
3304 2946 3364 2998 τό
3387 2963 3447 2998 τε
3478 2943 3633 3016 ὕδωρ

2038 3042 2129 3094 τοῦ
2165 3041 2561 3112 βαπτίσματος,
2611 3040 2706 3093 καὶ
2762 3040 2822 3093 τὸ
2858 3038 3033 3095 ἔλαιον
3081 3038 3180 3109 τῆς
3231 3038 3495 3108 χρίσεως,
3527 3036 3634 3100 καὶ.

360 3130 580 3199 accipit.
614 3129 694 3183 Ex
729 3129 930 3199 quibus
959 3131 1221 3201 scriptis?
1254 3129 1450 3187 Nonne
1486 3146 1519 3184 a
1545 3132 1712 3185 tacita
1753 3146 1937 3187 secre-

2044 3133 2263 3205 προσέτι
2287 3134 2457 3207 αὑτὸν,
2473 3133 2564 3186 τὸν
2598 3131 3012 3204 βαπτιζόμενον.
3053 3130 3186 3184 Ἀπὸ
3214 3130 3383 3184 ποίων
3417 3129 3633 3200 ἐγγρά-

360 3231 525 3292 taque
559 3222 894 3277 traditione?
927 3221 1107 3292 Ipsam
1142 3238 1269 3278 vero
1298 3223 1402 3277 olei
1432 3222 1777 3287 unctionem,
1808 3223 1937 3293 quis

360 3328 545 3368 sermo
594 3315 799 3385 scripto
828 3315 1078 3384 proditus
1126 3313 1356 3368 docuit?
1385 3312 1506 3367 Jam
1558 3322 1642 3368 ter
1687 3313 1938 3385 immergi

361 3404 661 3471 hominem,
694 3406 839 3460 unde
871 3404 1123 3460 haustum
1141 3406 1169 3458 ?
1196 3404 1425 3475 Reliqua
1454 3413 1634 3460 autem
1658 3420 1780 3474 quae
1802 3404 1940 3461 ﬁunt

362 3497 422 3552 in
465 3496 762 3567 baptismo,
795 3496 962 3551 veluti
1006 3497 1326 3551 renuntiare
1372 3496 1697 3562 Satanae,et
1729 3496 1940 3568 angelis

362 3587 504 3657 ejus,
535 3603 604 3643 ex
627 3603 735 3658 qua
759 3588 1036 3657 scriptura
1062 3586 1375 3642 habemus?
1402 3585 1594 3642 Nonne
1626 3602 1693 3641 ex
1716 3587 1941 3641 minime

364 3679 646 3751 publicata
675 3687 730 3734 et
756 3694 959 3733 arcana
982 3683 1086 3734 hac
1116 3679 1395 3744 doctrina,
1425 3694 1589 3750 quam
1628 3687 1812 3750 patres
1841 3694 1943 3734 no-

366 3770 466 3826 stri
504 3772 721 3827 silentio
750 3771 938 3841 quieto
974 3771 1308 3842 minimeque
1338 3773 1561 3828 curioso
1615 3771 1944 3827 servarunt?

365 3862 579 3935 Quippe
614 3864 753 3920 illud
783 3864 953 3937 probe
991 3865 1315 3934 didicerant,
1366 3867 1754 3938 mysteriorum
1787 3880 1943 3921 reve-

353 4028 359 4097 ξ
594 4018 705 4097 Καὶ
739 4017 1024 4097 (Emong
1055 4034 1189 4097 mss.
1215 4017 1359 4073 Editi
1398 4019 1493 4073 καὶ
1524 4018 1659 4097 πῶςτ

441 4090 551 4160 (54)
581 4089 837 4143 Οὐκοῦν.
898 4088 1010 4144 Hoc
1064 4090 1307 4144 additum
1361 4100 1462 4160 est
1506 4091 1757 4159 pluribus
1809 4106 1942 4146 mss.

368 4158 514 4214 Editi
536 4158 688 4223 ’ὅστις
717 4176 780 4228 γε
809 4159 930 4213 κᾶν.
985 4160 1190 4215 Ibidem
1222 4159 1471 4215 nonnulli
1497 4158 1715 4216 Codices
1745 4161 1946 4216 habent

368 4228 584 4328 θεσμῶν
613 4229 955 4306 Ἐκκλησίας.

442 4299 460 4328 Ι
486 4299 554 4328 JH
597 4299 855 4328 “ﬁmi-vat-‘
918 4297 955 4328 Ιῖ

442 4296 1068 4372 (Ξὶ5)ζι1νησθῶ.,υηιι8
1115 4298 1290 4354 codex
1344 4300 1692 4372 μνησθῶμεν.
1742 4298 1947 4355 Ibidem

370 4367 481 4424 duo
510 4369 728 4423 codices
770 4367 862 4438 τοῦ
893 4368 1068 4438 τύπῳ.

444 4438 556 4508 (56)
609 4438 733 4490 Ἐπὶ
761 4436 834 4509 τῇ
862 4436 1182 4509 ἀναδείξει.
1218 4437 1337 4492 Νοη
1367 4440 1590 4509 respicit
1625 4439 1858 4495 Basilius
1879 4439 1948 4494 ad

371 4507 543 4563 ritum
584 4508 918 4562 ostensionis
959 4508 1335 4568 Eucharistiee,
1362 4520 1418 4561 ut
1458 4507 1614 4563 inulti
1663 4511 1944 4565 cxistima-
1979 4509 2024 4564 D
2052 4507 2271 4567 modum
2307 4512 2559 4579 lrenaeus,
2595 4529 2718 4566 cum
2771 4514 2846 4566 ait
2904 4513 2997 4566 lib.
3038 4528 3114 4575 iv,
3151 4529 3211 4568 ca
3258 4554 3271 4567 .

373 4586 525 4635 runt.
561 4578 655 4633 sed
685 4579 868 4635 potius
902 4578 969 4630 ad
1013 4579 1199 4635 verba.
1244 4577 1504 4635 Liturgia:
1538 4578 1640 4635 insi
1673 4580 1944 4635 ascrintm.
2050 4586 2192 4635 niens
2223 4598 2407 4635 nauem
2447 4600 2600 4635 suum
2641 4600 2831 4635 cornus
2876 4600 2988 4635 esse
3017 4528 3271 4635 conﬁtelya

373 4586 525 4644 runt,
561 4578 655 4649 sed
685 4579 868 4647 potius
902 4578 969 4630 ad
1013 4579 1199 4643 verba,
1244 4577 1504 4649 Liturgia:
1538 4578 1640 4648 ipsi
1673 4580 1944 4649 ascripta},

374 4664 498 4703 cum
528 4648 659 4719 petit
689 4649 966 4719 sacerdos,
998 4650 1254 4719 utpveniat
1282 4647 1521 4719 Spiritus
1543 4647 1767 4703 sanctus
1788 4647 1949 4717 ἁγιά-

376 4737 466 4773 σαι
490 4717 583 4773 καὶ
611 4718 884 4784 ἀναδεῖξαι
901 4718 990 4788 τον
1021 4717 1119 4787 μὲν
1148 4718 1311 4788 ἄρτον
1326 4717 1519 4772 τοῦτον
1535 4719 1666 4771 αὐτὸ
1688 4720 1748 4772 τὸ
1771 4721 1950 4788 τίμιον

378 4789 538 4862 σῶμα
556 4788 647 4862 τού
666 4788 891 4862 Κρρίου.
912 4787 1036 4841 llaec
1053 4787 1231 4842 autem
1255 4788 1439 4862 verba,
1460 4788 1634 4862 sigma
1661 4787 1947 4855 ἀναδείξει,

376 4857 659 4915 δῖοι-εόάίι
696 4857 980 4921 Erasmus,
1007 4873 1125 4911 cum
1156 4858 1471 4929 ostenditur.
1508 4857 1793 4929 Vituperat
1823 4876 1947 4915 eum

377 4928 611 4985 Ducaeus
634 4969 650 4994 ,
695 4929 1040 4999 sicqueipse
1072 4928 1253 4992 vertit,
1302 4945 1421 4982 cum
1460 4928 1759 4997 conﬁcitur,
1788 4939 1951 4997 atque

376 4999 520 5070 hanc
568 4998 1075 5070 interpretationem
1123 4998 1618 5070 multisexemplis
1642 5001 1947 5055 conﬁrmat.

377 5067 608 5125 Videtur
634 5067 816 5124 tamen
866 5069 1000 5123 nihil
1033 5082 1260 5138 prorsus
1298 5069 1413 5124 vitii
1447 5067 1701 5123 habitura
1728 5071 1841 5125 hmo
1869 5074 1953 5126 in.-

376 5142 716 5209 terpretatio,
752 5137 1109 5195 Invocationis
1145 5137 1301 5193 verba
1334 5155 1451 5192 cum
1480 5140 1772 5194 ostenditur
1801 5143 1950 5209 panis

377 5208 753 5274 Eucliuristite,
797 5210 852 5265 id
893 5218 979 5265 est
1019 5224 1142 5280 cum
1184 5210 1340 5279 panis
1362 5210 1604 5276 nonjam
1651 5211 1806 5280 panis
1836 5224 1947 5276 est,

378 5280 474 5336 sed
502 5282 658 5349 panis
690 5280 1068 5349 Eucharistiae,
1093 5279 1207 5333 sive
1236 5295 1436 5349 corpus
1462 5279 1665 5336 Christi
1699 5283 1945 5336 ostendi-

378 5348 579 5413 ιυτίοι
624 5350 681 5404 in
720 5351 971 5419 liturgia,
1018 5348 1085 5403 Ut
1133 5348 1426 5418 sancti/{cet
1461 5360 1510 5403 et
1538 5352 1779 5405 ostendat
1814 5350 1950 5405 hunc

377 5420 585 5490 quidem
610 5436 816 5490 panem,
835 5422 1007 5488 ipsum
1027 5421 1313 5489 pretiosum
1337 5436 1523 5489 corpus
1556 5420 1788 5474 Domini.
1818 5420 1951 5476 Nam
2026 5437 2036 5448 '

379 5489 436 5544 1ο
464 5489 576 5544 Cur
612 5489 736 5544 eam
787 5504 978 5560 vocem
1035 5490 1478 5560 reformidemus,
1515 5507 1622 5560 qua
1661 5490 1840 5544 Latini
1877 5494 1954 5546 uti

378 5574 491 5615 non
522 5561 796 5631 dubitant,
829 5558 1016 5631 ubipde
1054 5559 1399 5615 Eucharistia
1427 5558 1762 5630 loquuntur?
1792 5563 1953 5631 quale

377 5642 465 5701 est
497 5629 627 5685 illud
647 5629 903 5701 Cypriani
931 5629 985 5683 in
1014 5632 1241 5701 epistola
1267 5633 1336 5686 65
1363 5631 1430 5685 ad
1452 5629 1727 5687 Cmcilium
1767 5650 1779 5685 :
1811 5629 1952 5689 Vino

380 5700 580 5769 Christi
634 5698 851 5769 sanguis
889 5698 1200 5755 ostenditur.
1240 5702 1332 5756 Sic
1361 5703 1524 5756 etiam
1555 5701 1946 5769 Tertullianus,

379 5786 400 5829 ι
426 5768 626 5838 Mam,
663 5788 714 5829 c.
737 5768 811 5827 Η
841 5787 854 5823 :
888 5769 1088 5825 Panem
1119 5773 1419 5847 quo'ipsum
1465 5789 1651 5843 corpus
1689 5789 1838 5828 suum
1871 5790 1952 5831 re-

2042 3244 2193 3297 φων;
2226 3227 2340 3280 Οὐκ
2372 3226 2480 3281 ἀπὸ
2504 3226 2602 3297 τῆς
2632 3225 2993 3296 σιωπωμένης
3025 3224 3121 3277 καὶ
3154 3222 3421 3295 μυστικῆς
3445 3239 3635 3293 παρατ

2038 3319 2271 3384 δόσεως;
2299 3319 2364 3372 Τί
2392 3319 2486 3386 δέ;
2514 3318 2684 3391 αὐτὴν
2723 3318 2836 3389 (57)
2870 3315 2964 3370 τοῦ
2992 3315 3171 3369 ἐλαίου
3197 3314 3295 3386 τὴν
3332 3314 3514 3385 χρίσιν
3539 3315 3634 3379 τίς

2038 3410 2196 3478 λόγος
2219 3411 2605 3483 γεγραμμένοι
2636 3409 2842 3463 ἐδίδαξε
2863 3426 2875 3438 ·
2910 3408 2983 3462 Τὸ
3012 3409 3069 3462 δὲ
3108 3408 3229 3479 τρὶς
3266 3406 3633 3478 βαπτίζεσθαι

2039 3502 2130 3555 τὸν
2154 3500 2438 3573 ἄνθρωπον
2469 3501 2630 3556 πόθεν
2650 3544 2664 3567 ,
2692 3503 2863 3554 ‘Anna
2886 3510 2942 3553 οε
2963 3503 3063 3553 ὁσα
3087 3499 3215 3569 περὶ
3234 3497 3293 3550 τὸ
3319 3496 3632 3567 βάπτισμα,

2041 3591 2441 3646 ἀποτάσσεσθαι
2464 3593 2540 3662 τῳ
2570 3592 2782 3662 Σατανᾷ
2814 3591 2907 3645 καὶ
2931 3594 3044 3654 τοῖς
3066 3588 3318 3658 ἀγγέλοις
3338 3587 3526 3652 αὑτοῦ,
3560 3587 3638 3642 ὲκ

2043 3682 2203 3746 ποίας
2235 3682 2348 3735 ἐστὶ
2375 3684 2589 3754 γραφῆς
2612 3699 2626 3749 ;
2661 3683 2775 3736 Ούκ
2799 3684 2864 3736 ἐκ
2889 3684 2987 3754 τῆς
3005 3681 3395 3753 ἀδημοσιεύτου
3422 3679 3635 3750 ταύτης

2044 3773 2137 3827 καὶ
2171 3775 2481 3846 ἀπορρήτου
2509 3774 2876 3839 διδασκαλίας,
2900 3777 2965 3846 ἢν
2991 3776 3048 3827 ὲν
3078 3774 3636 3844 ἀπολυπραγμονὴτῳ

2045 3866 2137 3918 καὶ
2167 3865 2581 3938 ἀπεριεργάστῳ
2617 3866 2725 3939 (58)
2764 3869 2886 3938 σιγῇ
2936 3868 2985 3920 οἱ
3028 3866 3261 3939 πατέρες
3298 3865 3454 3938 ἡμῶν
3495 3865 3639 3936 ἐφύ-

2044 4030 2383 4092 ρτωεεηιαεη
2416 4021 2474 4075 2°
2531 4021 2604 4076 Et
2644 4021 2863 4092 Grazce,
2920 4021 3224 4088 ἀναδεῖξαι,
3252 4019 3632 4092 ἀποφαίνειν,

2050 4090 2126 4146 ita
2163 4095 2324 4146 etiam
2370 4091 2593 4154 Latine,
2646 4091 2935 4155 ostendere,
2985 4109 3188 4161 corpus
3236 4090 3442 4145 Christi
3485 4108 3638 4161 prae-

2051 4179 2177 4217 sens
2221 4164 2276 4216 in
2326 4161 2671 4232 Eucharistia
2714 4163 3114 4232 signiﬁcatione
3160 4162 3399 4232 quodam
3457 4164 3635 4218 modo

2049 4233 2327 4302 exprimit.
2370 4231 2485 4289 Hoc
2511 4233 2654 4286 enim
2683 4231 2908 4287 verbum
2942 4249 3049 4287 non
3083 4231 3258 4289 solum
3286 4248 3475 4302 panem
3508 4234 3634 4288 ﬁeri

2050 4318 2252 4371 corpus
2272 4301 2485 4357 Domini
2519 4302 2811 4372 signiﬁcat,
2853 4302 2947 4357 sed
2998 4304 3158 4357 etiam
3190 4301 3345 4356 ﬁdem
3380 4312 3634 4357 nostram

2051 4374 2277 4435 excitat,
2308 4380 2366 4425 ut
2399 4373 2531 4426 illud
2560 4387 2762 4442 corpus
2792 4374 2895 4428 sub
2918 4374 3099 4441 specie
3130 4373 3285 4441 panis
3311 4372 3631 4438 videndum,

2054 4443 2360 4511 tegendum,
2394 4443 2729 4497 adorandum
2757 4444 2970 4499 ostendi
3010 4444 3317 4498 credamus.
3349 4443 3634 4508 Quemad-

3311 4512 3381 4568 55
3414 4531 3427 4567 :
3465 4514 3631 4565 Acci-

2049 4586 2192 4649 piens
2222 4598 2407 4648 panein
2447 4600 2600 4637 suum
2641 4600 2831 4652 corpus
2876 4600 2988 4637 esse
3017 4585 3385 4652 conﬁtebatur,
3415 4592 3463 4636 et
3492 4592 3633 4636 tem-

2050 4663 2410 4721 peramentum
2461 4654 2642 4708 colicis
2701 4670 2859 4707 suum
2912 4654 3219 4722 sanguinem
3269 4656 3627 4722 conﬁrmavit,

2049 4740 2160 4781 non
2188 4726 2363 4779 solum
2407 4724 2766 4778 mutationem
2796 4724 2952 4793 panis
2989 4732 3044 4778 et
3086 4725 3199 4777 vini
3240 4724 3294 4777 in
3338 4739 3540 4793 corpus
3567 4736 3630 4778 et

2051 4795 2370 4861 sanguinem
2391 4793 2597 4848 Christi
2621 4793 2897 4863 exprimit,
2923 4793 3017 4849 sed
3040 4794 3214 4863 ipsam
3231 4794 3393 4851 etiam
3415 4795 3629 4850 Christi

2051 4864 2531 4927 asseverationem,
2566 4879 2687 4933 quae
2727 4864 2867 4917 hanc
2911 4864 3070 4921 nobis
3113 4864 3467 4918 mutationem
3499 4881 3630 4934 per-

2051 4935 2245 4989 suadet
2283 4950 2296 4986 :
2340 4935 2421 4988 sic
2459 4935 2551 5003 qui
2586 4933 3025 5004 corpusChristi
3066 4934 3122 4988 in
3157 4933 3630 4989 Eucharistia’os—

2051 5005 2199 5059 tendi
2234 5013 2289 5059 et
2336 5003 2715 5074 repraesentari
2750 5004 2959 5073 dicunt,
3001 5020 3111 5058 non
3161 5006 3324 5058 modo
3342 5003 3527 5073 jejune
3568 5014 3631 5060 et

2052 5076 2266 5130 exiliter
2310 5075 2454 5144 loqui
2498 5090 2607 5128 non
2668 5075 2961 5144 videntur,
3012 5075 3111 5129 sed
3151 5078 3313 5129 etiam
3381 5075 3629 5131 acriores

2052 5144 2258 5199 Christi
2304 5143 2880 5215 primsentisadorandi
2905 5145 3156 5215 stimulos
3192 5144 3483 5213 subjicere.
3517 5145 3628 5199 Po-

2053 5223 2193 5269 terat
2220 5214 2354 5284 ergo
2392 5214 2611 5271 retineri
2658 5215 3034 5285 interpretatio
3071 5214 3319 5279 Erasmi;
3364 5215 3458 5285 sed
3492 5216 3629 5283 quia

2053 5287 2183 5341 viris
2214 5286 2445 5343 eruditis
2471 5285 2771 5355 displicuit.
2804 5284 2987 5341 'satius
3018 5286 3189 5338 visum
3224 5293 3308 5340 est
3328 5284 3463 5354 quid
3492 5299 3630 5340 scn—

2052 5356 2210 5410 tirem
2244 5356 2296 5409 in
2323 5357 2425 5411 hac
2454 5363 2581 5409 nota
2613 5371 2905 5423 exponere.
2938 5387 3007 5395 —
3040 5355 3173 5408 Vide
3202 5355 3481 5409 Addenda.

2284 5427 2345 5506 Τί
2372 5427 2480 5506 δέί
2504 5424 2717 5506 avni)“.
2923 5426 3328 5506 secundus-‘11.;
3366 5426 3423 5479 δὲ
3457 5426 3628 5506 atith

2052 5495 2147 5549 τοῦ
2198 5497 2377 5551 ἐλαίου
2429 5496 2528 5566 τὴν
2583 5497 2762 5568 κρίσιν
2819 5496 2994 5565 λόγος,
3027 5504 3129 5568 etc.
3196 5495 3311 5568 Duo
3343 5512 3480 5568 mss.
3526 5497 3632 5568 τὴν

2054 5568 2268 5638 χρῆσιν,
2295 5568 2397 5620 olei
2426 5584 2598 5621 usum.
2619 5567 2757 5638 (Mox
2791 5582 2930 5638 unus
2963 5566 3130 5621 codex
3159 5567 3292 5619 ἄλλα
3315 5584 3379 5638 τε
3398 5567 3518 5638 ὅσατ

2126 5639 2236 5707 (58)
2288 5637 2774 5706 Ἀπεριεργάστῳ.
2820 5636 2934 5691 Duo
2964 5653 3096 5691 mss.
3135 5636 3468 5709 ἀπεριέργῳ.
3504 5636 3627 5693 hic:

2056 5709 2186 5766 editi
2223 5712 2441 5765 ἐκεῖνοι.
2472 5708 2718 5775 Quatuor
2759 5723 2891 5766 mss.
2921 5716 2972 5763 ut
3010 5709 3065 5763 in
3099 5716 3273 5764 textu.
