3886 6220
393 352 497 412 191
1699 359 1759 417 S.
1798 358 2046 416 BASlLll
2081 358 2298 417 MAGNI
3544 366 3650 422 193

395 487 522 529 cum
572 489 883 544 precamur,
926 478 1086 548 pauci
1135 486 1322 535 tamen
1362 478 1652 546 novimus,
1705 479 1855 551 quod
1905 478 1961 535 id

2068 480 2298 554 ἀρχαίαν
2341 480 2706 553 ἐπιζητοῦμεν
2751 480 3013 553 πατρίδα,
3054 481 3145 536 τὸν
3191 483 3544 555 παράδεισον,
3584 487 3652 541 ὃν

395 563 663 621 facientes
712 568 998 638 antiquam
1041 571 1377 641 requirimus
1422 572 1681 642 patriam,
1709 571 1963 628 videlicet

2068 572 2366 641 ἐφύτευσεν
2411 573 2440 625 ὀ
2476 572 2609 637 Θεὸς
2651 574 2709 626 ἐν
2757 572 2920 645 Ἐδὲμ
2956 576 3075 627 κατ’
3116 575 3404 640 ἀνατολάς.
3465 577 3650 648 ’0ροοὶ

393 656 737 727 paradisum,
768 675 931 730 quem
963 661 1230 730 plantavit
1258 661 1404 717 Deus
1426 662 1483 717 in
1510 661 1658 718 Eden
1687 664 1754 718 ad
1778 661 1963 720 Orien-

2071 662 2171 734 μὲν
2202 661 2518 735 πληροῦμεν
2546 661 2647 727 τὰς
2679 662 2844 733 εὐχὰς
2873 664 2933 717 ἐν
2960 667 3028 736 τῇ
3065 666 3167 735 μιᾷ
3194 664 3289 719 τοῦ
3321 665 3606 722 Σαϐὁὰτου
3631 687 3647 702 ·

393 757 506 804 tem
551 750 592 806 ⁵.
644 749 826 807 Erecti
871 752 1058 807 itidem
1108 754 1424 824 perﬁcimus
1457 754 1866 825 deprecationes
1908 756 1963 812 in

2068 754 2159 808 τὸν
2188 754 2248 809 δὲ
2295 754 2451 822 λόγον
2479 755 2541 809 οὐ
2587 755 2789 819 πάντες
2819 755 3059 826 οἴδαμεν.
3099 758 3175 811 υὺ
3218 759 3328 831 γὰρ
3363 759 3531 831 μόνον
3570 762 3653 827 ὡς

394 854 506 895 una
558 837 805 906 Sabbati,
853 842 947 898 sed
995 841 1263 899 rationem
1312 858 1422 898 nou
1460 858 1654 900 omnes
1688 845 1964 902 novimus.

392 927 517 985 Non
544 931 692 987 enim
734 932 913 987 solum
954 931 1104 1002 quod
1134 933 1318 988 'veluti
1369 933 1536 989 simul
1580 949 1706 989 cum
1745 933 1968 991 Christo

393 1023 730 1089 resuscitati,
760 1040 882 1095 quae
924 1040 1144 1081 sursum
1187 1032 1320 1082 sunt
1362 1041 1607 1095 quaerere
1648 1025 1964 1095 debeamus,

393 1114 453 1169 in
513 1113 602 1170 die
657 1117 1082 1173 resurrectionis
1133 1115 1275 1172 datae
1327 1117 1488 1175 nobis
1537 1117 1727 1187 gratiae
1768 1118 1967 1175 stando

391 1216 684 1280 precantes
715 1209 1084 1280 nosmetipsos
1124 1209 1669 1277 commonefacimus,
1698 1211 1797 1267 sed
1820 1212 1968 1283 quod

391 1297 443 1355 is
469 1297 589 1354 dies
619 1299 872 1355 videatur
898 1300 1082 1371 aliquo
1109 1301 1273 1356 modo
1296 1302 1476 1373 imago
1509 1303 1721 1358 venturi
1753 1304 1963 1359 saeculi.

390 1390 579 1463 quue
610 1407 735 1447 cum
784 1393 858 1450 sit
897 1393 1230 1464 principium
1274 1393 1506 1463 dierum,
1552 1411 1665 1451 non
1694 1396 1905 1466 primus
1933 1411 1967 1452 a

392 1483 598 1555 Moyse,
622 1484 721 1541 sed
746 1501 891 1542 unus
915 1488 1222 1558 appellatus
1243 1496 1349 1545 est.
1379 1486 1554 1541 Facta
1581 1496 1661 1543 est
1691 1490 1853 1554 enim,
1879 1490 1966 1544 in-

390 1575 533 1645 quit,
583 1592 815 1645 aespera,
848 1586 899 1633 et
937 1578 1141 1647 factum
1172 1589 1251 1634 est
1288 1596 1476 1643 mane,
1529 1578 1643 1634 dies
1692 1596 1831 1636 unus
1875 1583 1897 1614 ²
1943 1596 1959 1635 :

2069 844 2497 910 συναναστάντες
2515 844 2758 916 Χριστῷ,
2779 845 2874 899 καὶ
2894 845 2965 900 τὰ
2985 847 3097 900 ἄνω
3112 846 3294 918 ζητεῖν
3316 851 3647 919 ὀφείλοντες,

2067 937 2126 991 ἐν
2153 940 2221 1008 τῇ
2253 938 2609 1010 ἀναστασίμῳ
2645 940 2828 1012 ἡμέρᾳ
2855 940 2957 1011 τῆς
2996 940 3290 1013 δεδομένης
3315 943 3449 1014 ήμῖν
3494 944 3652 1015 χάρι-

2065 1044 2157 1093 τος
2199 1028 2288 1082 διὰ
2328 1029 2428 1100 τῆς
2466 1027 2609 1083 κατὰ
2642 1028 2742 1100 τήν
2779 1030 3088 1103 προσευχὴν
3126 1032 3369 1097 στάσεως
3416 1034 3650 1099 ἑαυτοὺς

2068 1119 2592 1191 ὑπομιμνήσκομεν·
2628 1119 2743 1174 ἀλλ’
2775 1121 2860 1174 ὅτι
2906 1120 3054 1175 δοκεῖ
3098 1139 3216 1187 πως
3263 1124 3359 1177 τοῦ
3411 1124 3649 1196 προσδο-

2066 1211 2313 1282 κωμένου
2342 1210 2537 1276 αἰῶνος
2562 1206 2700 1266 εἶναι
2723 1212 2906 1269 εἰκών.
2940 1213 3034 1267 Διὸ
3059 1215 3154 1268 καὶ
3176 1214 3318 1287 ἀρχὴ
3343 1211 3481 1270 οὖσα
3512 1218 3650 1288 ἠμε-

2070 1303 2200 1376 ρῶν,
2230 1302 2353 1375 οὐχ).
2385 1304 2576 1377 πρώτη
2615 1304 2767 1376 παρὰ
2792 1304 3095 1369 Μωῦσέως,
3130 1304 3266 1359 ἀλλὰ
3293 1307 3390 1377 μία
3420 1305 3647 1376 ὠνόμα-

2069 1412 2213 1449 σται.
2274 1394 2535 1464 Ἐγένετο
2578 1395 2687 1466 γὰρ
2707 1435 2723 1460 ,
2759 1396 2945 1466 φησὶν,
2977 1396 3224 1465 ἑσπέρα,
3257 1397 3359 1450 καί
3401 1396 3647 1467 ἐγένετο

2067 1488 2218 1557 πρωῒ
2238 1526 2253 1552 ,
2302 1486 2491 1557 ἡμέρα
2513 1487 2624 1557 μία
2645 1504 2661 1520 ⁸
2694 1488 2771 1552 ὡς
2802 1487 2900 1558 τῆς
2943 1489 3112 1559 αὐτῆς
3159 1490 3646 1563 ἀνακυκλουμένης

2066 1576 2348 1640 πολλάκις.
2381 1579 2493 1631 Καὶ
2532 1577 2630 1648 μία
2677 1577 2855 1631 τοίνυν
2896 1578 2931 1649 ὴ
2974 1577 3112 1650 αὐτὴ
3136 1617 3151 1642 ,
3180 1579 3274 1633 καὶ
3308 1579 3473 1650 ὀγδόη
3497 1620 3512 1643 ,
3545 1580 3646 1651 τὴν

391 1677 654 1740 tanquam
695 1670 790 1741 qui
832 1684 975 1741 sape
1016 1680 1283 1727 recurrat.
1309 1672 1484 1743 igitur
1518 1688 1662 1730 unus
1703 1680 1791 1729 est
1819 1671 1963 1729 idem

2068 1669 2200 1739 μίαν
2239 1668 2407 1734 ὅντως
2452 1669 2669 1743 ἐκείνην
2696 1670 2790 1724 καὶ
2832 1669 3091 1743 ἀληθινὴν
3120 1671 3333 1743 ὀγδόην,
3361 1666 3433 1743 ἦς
3476 1674 3576 1727 καὶ
3613 1674 3644 1726 ὁ

390 1768 448 1816 et
496 1768 762 1825 octavus,
814 1777 985 1816 unum
1035 1762 1190 1817 illum
1260 1764 1591 1834 singularem
1645 1779 1710 1821 ac
1769 1780 1961 1821 verum

397 1861 639 1874 --μυημ
895 1863 936 1874 _.
1725 1856 1767 1874 τι
1809 1859 1848 1874 -.
1888 1873 1930 1874 η

2068 1762 2367 1834 Ψαλμῳδὸς
2396 1763 2456 1817 ἐν
2492 1780 2632 1818 τισιν
2655 1764 2989 1836 ἐπιγραφαῖς
3007 1763 3116 1818 τῶν
3135 1764 3362 1837 ψαλμῶν
3398 1766 3647 1836 ὲπεμνησ

386 1861 668 1919 octavum,
697 1855 859 1925 cujus
887 1863 941 1910 et
964 1853 1256 1911 Psalmista
1285 1856 1342 1912 in
1372 1855 1700 1928 quibusdam
1725 1856 1963 1914 Psalmo-

2069 1854 2195 1925 σθη,
2219 1854 2287 1909 δι’
2329 1856 2530 1926 ἐαυτῆς
2570 1857 2943 1927 ἐμφανίζουσα
2964 1895 2980 1921 ,
3007 1855 3105 1929 τὴν
3148 1857 3287 1928 μετὰ
3322 1856 3415 1911 τὸν
3449 1859 3643 1929 χρόνον

388 1961 515 2001 rum
547 1946 1001 2018 inscriptionibus
1044 1948 1295 2004 meminit
1326 1949 1372 2017 ⁸,
1404 1964 1503 2021 per
1531 1965 1592 2006 se
1622 1950 1962 2022 signiﬁcans,

389 2046 596 2095 statum
665 2039 918 2096 videlicet
967 2039 1075 2097 hoc
1129 2049 1348 2111 tempus
1408 2048 1762 2108 secuturum,
1820 2041 1966 2097 diem

389 2146 504 2187 non
527 2129 855 2199 desiturum,
890 2147 1131 2202 vesperae
1174 2133 1448 2198 nescium,
1493 2134 1834 2189 successoris
1869 2149 1967 2190 ex-

388 2231 623 2296 pertem,
652 2218 853 2293 rerum;
881 2224 1018 2280 illud
1056 2240 1340 2296 nunquam
1385 2225 1683 2282 ﬁniendum
1718 2242 1821 2283 nec
1862 2243 1966 2281 un-

388 2331 557 2387 quam
596 2331 908 2373 senescens.
946 2315 1275 2375 Necessario
1301 2318 1473 2390 igitur
1509 2319 1565 2374 in
1610 2319 1716 2376 hoc
1753 2319 1842 2376 die
1870 2319 1966 2375 Ec-

387 2410 560 2466 clesia
599 2425 730 2466 suos
769 2411 1023 2466 alumnos
1073 2410 1273 2476 docet,
1324 2426 1523 2480 preces
1579 2427 1709 2467 suas
1765 2411 1965 2469 stando

388 2501 715 2565 absolvere,
757 2509 820 2556 ut
874 2502 1097 2558 assidua
1146 2503 1578 2559 commonitionc
1625 2504 1751 2559 vita:
1811 2503 1964 2560 illius

378 2603 672 2671 nunquam
706 2587 986 2653 desitum,
1021 2605 1131 2644 non
1162 2590 1503 2660 negligemus
1537 2591 1602 2647 ad
1633 2608 1755 2648 eam
1796 2593 1965 2648 demi-

386 2680 690 2750 grationem
743 2696 941 2750 parare
976 2681 1259 2735 viaticum.
1311 2682 1457 2749 Quin
1505 2691 1561 2739 et
1606 2691 1782 2740 totum
1826 2685 1964 2741 illud

388 2770 790 2842 quinquaginta
839 2771 1054 2828 dierum
1092 2781 1310 2844 tempus
1334 2774 1635 2831 admonitio
1664 2786 1749 2832 est
1779 2792 1966 2833 resur-

387 2863 689 2931 rectionis,
741 2878 904 2935 quam
969 2864 1026 2920 in
1076 2866 1249 2921 altero
1290 2868 1491 2922 saeculo
1557 2877 1961 2938 exspectamus.

387 2953 528 3010 Nam
557 2972 704 3012 unus
731 2957 823 3013 ille
852 2966 908 3012 et
931 2957 1145 3027 primus
1169 2958 1287 3014 dies
1313 2959 1516 3034 septies
1545 2960 1961 3031 multiplicatus,

390 3054 596 3117 septem
643 3062 815 3103 sacrae
867 3046 1221 3104 Pentecostes
1280 3049 1655 3106 hebdomadas
1705 3051 1959 3109 absolvit.

2063 1948 2253 2002 τοῦτον
2293 1948 2648 2015 κατάστασιν,
2683 1950 2783 2023 τὴν
2826 1949 3103 2005 ἄπαυστον
3144 1949 3380 2022 ἡμέραν,
3407 1950 3507 2022 τὴν
3545 1952 3644 2005 ἀν-

2064 2041 2298 2113 έσπερον
2316 2081 2331 2107 ,
2384 2040 2485 2113 τὴν
2534 2042 2815 2113 ἀδιάδοχον
2832 2084 2849 2110 ,
2896 2042 2989 2096 τὸν
3028 2042 3261 2117 ἄληκτον
3300 2043 3511 2095 ἐκεῖνον
3544 2043 3643 2095 καὶ

2064 2131 2258 2203 ἀγήρω
2277 2130 2465 2186 αίῶνα.
2506 2133 2844 2201 Ἀναγκαίως
2863 2127 2955 2187 οὖν
2974 2131 3072 2196 τὰς
3089 2134 3149 2186 ἐν
3169 2132 3303 2204 αὐτῇ
3326 2131 3643 2203 προσευχὰς

2066 2221 2306 2284 ἑστῶτας
2343 2221 2693 2294 ἀποπληροῦν
2716 2224 2844 2286 τοὺς
2876 2222 3073 2294 ἐαυτῆς
3100 2223 3404 2294 τροφίμους
3434 2224 3470 2293 ἡ
3518 2223 3643 2275 Ἐκ-

2063 2312 2263 2383 κλησία
2286 2312 2550 2380 παιδεύει,
2584 2314 2671 2368 ἵνα
2701 2315 2767 2384 τῇ
2808 2315 3020 2384 συνεχεῖ
3051 2313 3355 2385 ὑπομνήσει
3382 2314 3484 2385 τῆς
3514 2315 3643 2366 ἁτε-

2062 2403 2321 2476 λευτήτου
2364 2402 2515 2474 ζωῆς
2558 2402 2666 2457 τῶν
2714 2402 2858 2475 πρὸς
2897 2404 2997 2476 τὴν
3045 2404 3376 2475 μετάστασιν
3419 2404 3643 2475 ἐκείνην

2062 2496 2289 2567 ἐφοδίων
2337 2495 2413 2567 μὴ
2456 2494 2770 2567 emam.
2802 2496 2917 2549 Καὶ
2957 2495 3106 2550 πᾶσα
3134 2494 3192 2548 δὲ
3226 2496 3260 2566 ή
3293 2495 3642 2567 πεντηκοστὴ

2060 2587 2163 2658 τῆς
2205 2587 2262 2640 ἐν
2303 2586 2382 2657 τῷ
2418 2584 2574 2641 αἰῶνι
2623 2585 2733 2657 (65)
2779 2584 3237 2659 προσδοκωμένης
3287 2585 3642 2649 ἁναστάσεώς

2062 2678 2211 2733 ἐστιν
2263 2679 2580 2751 ὑπόμνημα.
2632 2678 2697 2733 Ἦ
2751 2678 2861 2750 γὰρ
2918 2678 3019 2748 μία
3061 2677 3243 2749 ἐκείνη
3294 2678 3391 2732 καὶ
3442 2677 3639 2749 πρώτη

2062 2770 2278 2843 ήμέρα,
2321 2771 2549 2835 ἑπτάκις
2588 2769 3160 2836 ἐπταπλασιασθεῖσα,
3207 2769 3307 2834 τὰς
3352 2770 3498 2824 ἐπτά
3541 2771 3642 2842 τῆς

2065 2865 2216 2937 ἱερᾶς
2249 2866 2620 2937 πεντηκοστῆς
2649 2864 2948 2936 ἑϐδομάδας
2975 2863 3247 2918 ἀποτελεῖ.
3291 2863 3386 2918 Ἐκ
3414 2862 3641 2935 πρώτης

2062 2956 2172 3028 γὰρ
2202 2958 2501 3029 ἀρχομένη,
2536 2959 2616 3021 είς
2647 2956 2747 3028 τὴν
2775 2956 2945 3027 αὐτὴν
2975 2955 3302 3028 καταλήγει,
3337 2955 3406 3010 δι’
3435 2957 3642 3028 ὁμοίων

2061 3046 2171 3102 τῶν
2212 3050 2270 3102 ἐν
2313 3047 2394 3119 τῷ
2442 3047 2592 3120 μέσῳ
2624 3047 3001 3119 ἐξελιττομένη
3050 3046 3499 3118 πεντηκοντάκις.
3547 3045 3644 3099 Διὸ

384 3139 435 3194 Α
477 3139 654 3210 primo
688 3139 834 3194 enim
875 3139 1162 3210 incipiens,
1200 3139 1258 3194 in
1305 3140 1555 3196 eumdem
1597 3140 1821 3206 desinit,
1859 3158 1958 3213 per

2068 3143 2160 3197 καὶ
2185 3142 2358 3198 αἰῶνα
2388 3140 2499 3215 (66)
2533 3144 2780 3214 μιμεῖται
2805 3144 2874 3213 τῇ
2901 3140 3201 3214 ὁμοιότητι,
3237 3140 3426 3213 ὥσπερ
3457 3141 3517 3195 ἐν
3546 3157 3643 3194 κυ-

390 3230 619 3294 similes,
648 3230 741 3300 qui
792 3229 847 3284 in
895 3230 1075 3286 medio
1118 3229 1486 3291 intercedunt.
1532 3231 1649 3287 dies
1697 3233 1962 3305 quinqua-

2068 3243 2226 3315 κλικῇ
2267 3243 2481 3315 κινήσει
2527 3240 2636 3295 ἀπὸ
2677 3239 2787 3294 τῶν
2824 3240 3006 3294 αὐτῶν
3050 3237 3327 3311 ἀρχομένη
3373 3237 3661 3309 σημείων,

388 3321 506 3394 gies
545 3322 817 3378 evolutus.
895 3319 1050 3376 Unde
1092 3329 1147 3377 et
1197 3322 1561 3378 aeternitatem
1603 3323 1963 3384 similitudine

2068 3338 2160 3394 καί
2186 3340 2267 3402 είς
2293 3337 2364 3391 τὰ
2388 3335 2529 3391 αὐτὰ
2554 3335 2960 3407 καταλήγουσα.
3003 3334 3090 3387 Ἐν
3164 3333 3226 3386 τὸ
3247 3332 3432 3412 ὄρθιον
3457 3332 3646 3403 σχῆμα

388 3413 582 3479 refert,
616 3413 749 3469 dum
778 3413 928 3468 velut
968 3413 1025 3468 in
1057 3424 1206 3467 motu
1240 3413 1521 3479 circulari,
1551 3415 1621 3470 ab
1645 3415 1841 3472 iisdem
1871 3433 1963 3473 or-

2068 3430 2162 3501 τῆς
2195 3428 2506 3501 προσευχῆς
2550 3427 2821 3497 προτιμᾷν
2848 3427 2897 3479 οἱ
2932 3424 3124 3495 θεσμοὶ
3158 3425 3260 3495 τῆς
3316 3420 3646 3493 Ἐκκλησίας

389 3521 489 3563 sus
519 3505 691 3577 signis
739 3506 797 3559 in
831 3503 1020 3560 eadem
1049 3504 1274 3560 desinit.
1308 3504 1431 3572 Quo
1472 3507 1529 3561 in
1570 3506 1682 3572 die,
1712 3511 1963 3580 corporis

2068 3521 2212 3591 ἡμᾶς
2251 3519 2672 3586 ἐξεπαίδευσαν,
2718 3518 2783 3571 ἐκ
2827 3516 2926 3586 τῆς
2963 3514 3229 3585 ἐναργοῦς
3278 3514 3644 3583 ὑπομνήσεως

388 3603 575 3653 erecto
622 3596 812 3652 habitu
856 3596 1071 3668 precari
1120 3597 1305 3667 potius
1354 3612 1456 3653 nos
1509 3597 1770 3654 Ecclesiae
1820 3601 1963 3659 ritus

2068 3614 2226 3667 οἱονεὶ
2265 3611 2660 3684 μετοικίζοντες
2681 3608 2839 3684 ἡμῶν
2875 3609 2965 3663 τὸν
2997 3607 3121 3662 νοῦν
3154 3605 3265 3660 ἀπὸ
3288 3604 3401 3659 τῶν
3435 3603 3644 3676 παρόν-

388 3689 714 3753 docuerunt,
761 3689 1020 3745 nimirum
1068 3704 1165 3761 per
1216 3689 1528 3746 evidentem
1572 3695 1963 3748 commonitio-

2068 3721 2173 3760 των
2200 3705 2294 3759 ἐπὶ
2313 3705 2384 3759 τὰ
2411 3704 2694 3777 μέλλοντα.
2736 3703 2848 3756 Καὶ
2877 3701 3002 3756 καθ’
3034 3699 3274 3771 ἑκάστην
3297 3699 3355 3752 δὲ
3384 3697 3642 3768 γονυκλι-

388 3798 515 3841 nem
537 3784 701 3866 quasi
724 3783 1120 3839 transferentes
1138 3792 1373 3839 mentem
1395 3791 1643 3841 nostram
1667 3800 1698 3840 a
1731 3801 1963 3856 praesen-

2068 3799 2188 3852 σίαν
2227 3797 2321 3852 καὶ
2364 3796 2709 3851 διανάστασιν
2740 3794 2886 3866 ἔργῳ
2935 3792 3247 3864 δείκνυμεν,
3277 3792 3361 3845 ὅτι
3406 3790 3498 3845 διὰ
3529 3789 3641 3860 (67)

387 3876 538 3932 tibus
567 3876 636 3932 ad
674 3856 880 3932 futura.
898 3874 1127 3948 Insuper
1149 3886 1205 3933 et
1233 3876 1449 3947 quoties
1474 3892 1651 3948 genua
1672 3877 1960 3945 ﬂectimus,

2068 3890 2164 3961 τῆς
2190 3888 2464 3961 ἁμαρτίας
2496 3889 2576 3952 είς
2598 3887 2704 3957 γῆν
2727 3856 3005 3959 κατερρύη
3015 3856 3136 3956 μεν,
3161 3884 3255 3938 καὶ
3272 3883 3361 3937 διὰ
3391 3882 3493 3954 τῆς
3524 3856 3646 3952 φιλλ-

387 3978 446 4024 et
492 3983 688 4026 rursus
728 3970 1015 4041 erigimur,
1057 3969 1178 4040 ipso
1219 3967 1366 4025 facto
1414 3969 1779 4034 ostendimus,
1817 3970 1963 4042 quod

2068 3982 2381 4054 ανθρωπίας
2413 3979 2508 4035 τοῦ
2545 3981 2831 4044 κτίσαντος
2858 3980 3006 4051 ἡμᾶς
3035 3978 3116 4041 είς
3139 3975 3370 4048 οὐρανὸν
3408 3975 3643 4046 ἀνεκλή-

389 4059 462 4114 ob
485 4067 771 4130 peceatum
818 4060 873 4115 in
903 4068 1110 4116 terram
1147 4059 1356 4131 delapsi
1404 4074 1617 4127 sumus,
1639 4070 1694 4116 et
1723 4078 1822 4132 per
1859 4063 1966 4117 hu-
2066 4073 2262 4128 θυαεν,

390 4147 710 4205 manitatem
739 4147 860 4220 ejus
892 4150 988 4220 qui
1028 4150 1235 4206 creavit
1271 4164 1376 4205 nos
1410 4149 1470 4205 in
1496 4151 1696 4205 calum
1726 4152 1965 4207 revocati

390 4251 609 4297 sumus.

462 4329 555 4386 67.
598 4328 823 4388 Deﬁciet
867 4346 955 4388 me
994 4331 1133 4401 dies,
1175 4332 1224 4390 si
1267 4331 1533 4391 Ecclesiae
1581 4334 1844 4406 mysteria
1887 4334 1969 4389 ci-

474 4482 641 4541 ‘Gen.
678 4500 741 4553 ll,
773 4484 828 4541 8.
903 4489 924 4519 ³
950 4484 1085 4544 Gen.
1117 4502 1157 4553 ι,
1185 4487 1238 4544 5.
1317 4486 1338 4520 ³
1359 4485 1507 4543 Psal.
1541 4502 1598 4543 vi
1627 4494 1682 4544 et
1715 4501 1816 4543 xu.

457 4636 574 4722 S65)
601 4636 715 4722 ῆῈτς
744 4637 826 4722 τῷ
866 4639 1055 4722 αὶῷρςι.
1086 4638 1271 4722 Editio
1308 4638 1487 4698 Paris.
1520 4642 1579 4695 ἐν
1607 4641 1684 4713 τῷ
1714 4641 1959 4722 μέλλοντι

389 4706 567 4766 alcinoi.
600 4706 709 4764 Sed
749 4709 857 4764 hoc
886 4709 1316 4765 additamentum
1349 4726 1451 4766 nec
1478 4706 1849 4769 necessarium
1882 4713 1962 4767 vi-

390 4780 571 4855 detur,
596 4794 699 4855 nec
739 4779 801 4855 in
822 4780 934 4855 ul_l_o
979 4796 1047 4835 ex
1079 4781 1288 4838 nostris
1334 4780 1619 4837 codicibus
1664 4783 1959 4855 reperitur,

389 4866 492 4907 nec
524 4851 578 4904 in
607 4848 740 4904 edit.
763 4848 931 4905 Basil.

463 4918 575 4988 (66)
604 4917 818 4974 Αιῶνα.
847 4918 982 4988 Reg.
1011 4920 1286 4977 secundus
1314 4920 1536 4985 αἰῶνας.

483 4990 574 5059 67)
605 4992 734 5043 Ὅτι
760 4989 878 5045 διά.
910 4989 1044 5047 Tres
1071 5008 1205 5047 mss.
1239 4993 1321 5045 ὅτι
1345 4994 1439 5045 καὶ
1465 4993 1571 5047 διά.

487 5058 576 5130 68)
602 5059 693 5132 ΔΤὰ
715 5058 969 5132 ἄγραφα.
995 5062 1051 5117 Id
1089 5069 1194 5127 est,
1232 5063 1287 5117 in
1317 5060 1619 5132 Scripturis
1650 5063 1826 5119 sacris
1850 5079 1961 5119 non

390 5130 730 5203 praescripta.
752 5130 1031 5187 Nonenim
1057 5132 1160 5187 hoc
1178 5134 1299 5186 loco
1322 5130 1512 5187 statuit
1534 5132 1790 5197 Basilius,
1815 5136 1961 5203 quod

392 5201 462 5265 ab
486 5214 556 5272 eo
579 5201 918 5272 eruditorum
947 5203 1218 5267 nonnulli,
1256 5204 1315 5272 in
1351 5203 1437 5259 bis
1472 5201 1963 5272 praestantissimus

392 5268 915 5343 scriptor_Eusebius
946 5273 1228 5327 lienaudot
1253 5268 1960 5343 Liturg.Dricnt.,'dissert.

393 5340 449 5406 1,
474 5355 596 5414 cap.
613 5339 669 5402 Ξ,
698 5339 882 5397 doceri
895 5343 1231 5405 existimant,
1255 5339 1608 5399 Eucharistize
1626 5351 1682 5398 et
1708 5344 1964 5414 baptismi

390 5416 448 5465 et
488 5411 718 5483 aliorum
745 5422 1234 5483 sacramentorum
1282 5423 1470 5483 preces
1518 5421 1573 5469 ct
1607 5414 1747 5467 ritus
1783 5411 1862 5470 'ne
1906 5416 1964 5470 in

392 5479 648 5558 ecclesiis-
666 5480 886 5558 quidem
911 5482 984 5558 _ad
1028 5479 1373 5558 sacerdotum
1412 5498 1571 5558 usum
1603 5484 1806 5558 scripta
1833 5500 1966 5558 ser-

394 5549 532 5603 vari.
559 5548 757 5624 Merito
794 5549 933 5624 illud
957 5555 1287 5624 quideme:
1314 5553 1419 5608 hoc
1447 5553 1625 5622 capite
1665 5548 1961 5624 colligitur,

393 5634 664 5695 summam
687 5619 817 5695 olim
848 5619 1145 5695 adhibitam
1183 5621 1355 5695 fuisse
1383 5619 1717 5695 cautionem,
1740 5619 1820 5678 n6
1830 5626 1963 5695 quid

397 5690 467 5745 de
484 5689 760 5761 mysteriis
795 5704 907 5745 non
950 5692 1124 5746 solum
1161 5692 1229 5745 ad
1279 5694 1528 5761 gentiles,
1570 5694 1663 5749 sed
1698 5689 1863 5749 etiam
1894 5696 1961 5751 ad

395 5759 820 5816 catechumenos
849 5767 1230 5831 permaneret;
1269 5759 1333 5816 ac
1363 5774 1509 5819 recte
1539 5764 1792 5821 observat
1833 5767 1964 5822 scri-

2136 4334 2227 4390 67.
2281 4332 2577 4404 Ἐπιλείψει
2612 4349 2678 4405 με
2720 4335 2753 4405 ἡ
2804 4332 3009 4405 ἡμέρα,
3038 4329 3109 4385 τὰ
3144 4329 3368 4401 ἄγραφα
3401 4328 3515 4401 (68)
3545 4330 3648 4402 τῆς

1994 4678 2041 4736 D
2069 4651 2194 4716 ptor
2217 4641 2702 4736 mod.o_l_au.datus,
2731 4641 3468 4736 mysteriaLinitiandis‘viva
3508 4658 3648 4700 voce

2068 4712 2295 4785 exponi,
2338 4712 2568 4785 initiatis
2597 4712 2835 4785 breviter
2860 4720 2915 4767 et
2953 4712 3373 4785 obscuriuscule
3398 4713 3453 4767 in
3511 4728 3649 4785 con-

2069 4782 2320 4853 cionibus
2342 4783 2569 4838 indicari
2599 4783 2780 4853 solita,
2798 4798 2924 4837 cum
2952 4782 3055 4837 hac
3081 4784 3517 4853 ἁποσιωπήσεως
3543 4783 3649 4838 ΐοι-

2068 4854 2240 4918 mula,
2265 4852 2479 4907 Norunt
2507 4853 2730 4907 initiati.
2762 4852 3214 4908 Perincommode
3235 4852 3380 4908 enim
3409 4853 3649 4908 fuissent

2068 4927 2309 4995 vulgata,
2341 4939 2471 4995 quae
2503 4923 2913 4978 catechumenis
2961 4930 3209 4995 spectare
3251 4938 3361 4977 non
3408 4922 3651 4993 licebat;

2069 4993 2321 5050 nec'levc
2362 4994 2664 5064 periculum
2697 5001 2836 5057 erat,
2880 5008 2950 5064 ne
2984 4993 3314 5064 vilescerent
3358 4995 3645 5064 mysteria,

2070 5066 2117 5119 si
2147 5060 2573 5119 violata’arcani
2616 5065 2880 5118 sanctitas
2920 5062 3136 5117 fuisset.
3166 5060 3273 5117 Sed
3308 5060 3494 5117 tamen
3537 5062 3647 5118 Ba-

2069 5136 2225 5190 silius
2249 5134 2378 5189 dum
2405 5134 2607 5202 scripta
2639 5141 2800 5202 negat
2847 5136 2960 5186 haec
2997 5133 3270 5195 instituta,
3306 5147 3416 5186 non
3448 5132 3517 5187 de
3553 5149 3647 5187 ve-

2066 5212 2246 5261 terum
2301 5205 2630 5273 scriptorum
2683 5203 2858 5265 libris,
2890 5218 2998 5256 non
3048 5203 3115 5256 de
3145 5203 3406 5273 Liturgiis
3435 5205 3648 5273 scripto

2067 5275 2428 5344 consignatis,
2469 5275 2564 5328 sed
2595 5273 2662 5328 de
2695 5273 3000 5344 Scripturis
3023 5274 3232 5344 sanctis
3256 5274 3522 5344 loquitur.
3552 5273 3647 5326 Li-

2067 5353 2198 5414 quet
2225 5342 2286 5400 ἰο
2317 5342 2869 5407 Pneumatomachos,
2891 5343 3020 5397 dum
3046 5343 3388 5414 glorilicandi
3418 5344 3644 5397 modum

2067 5412 2144 5479 ὡς
2175 5415 2420 5487 ἄγραφον
2454 5414 2732 5487 rejiciunt,
2766 5414 2873 5487 hoc
2892 5423 3111 5487 tantum
3144 5412 3644 5487 nomino_argutias

2071 5502 2202 5542 suas
2226 5482 2603 5556 prwtexuiSse,
2634 5484 2780 5556 quod
2804 5482 3198 5556 in_Scripturis
3226 5497 3334 5556 non
3370 5482 3645 5556 legeretur

2073 5573 2189 5610 cum
2223 5552 2405 5609 sancto
2439 5552 2667 5622 Spiritu.
2699 5553 2836 5608 llinc
2864 5553 3100 5608 Basilius
3126 5552 3234 5607 illis
3256 5552 3507 5606 instituta
3529 5568 3644 5606 non

2073 5627 2277 5696 scripta
2306 5626 2573 5696 Opponit;
2603 5627 2656 5678 in
2687 5624 2882 5693 primis
2916 5622 3278 5696 invocationis
3309 5625 3497 5696 verba,
3519 5637 3645 5696 quae

2071 5690 2289 5768 quidem
2315 5690 2576 5768 n'egat‘a‘b
2596 5690 2705 5768 ullo
2728 5703 3044 5768 sanctorum
3069 5692 3238 5747 fuisse
3261 5690 3486 5760 scripta,
3511 5693 3646 5761 quia

2072 5763 2174 5825 nec
2203 5764 2344 5835 apud
2382 5763 2641 5820 Basilium
2670 5764 2890 5835 ἄγραφα
2933 5763 3210 5830 dicuntur,
3246 5777 3367 5831 qua:
3409 5776 3521 5817 non
3547 5777 3646 5819 ex-
