3886 6220
251 325 360 384 195

1384 324 1587 382 LIBER
1638 327 1725 383 DE
1763 327 2040 388 SPIRITU
2083 328 2374 388 SANCTO.

3409 327 3514 384 19‘

259 445 589 516 Ἑκκλησίας
619 447 898 517 μυστήρια
925 444 1298 516 διηγούμενον.
1358 446 1462 498 Ἐὦ
1489 446 1657 501 τάλλα
1677 461 1691 476 ⁸
1741 449 1816 500 αὑ

1943 456 2027 501 tra
2084 451 2354 518 scriptum
2411 447 2610 501 tradita
2670 460 2892 515 pergam
2946 457 3255 499 recensere.
3307 442 3514 499 Omitto

244 537 346 608 τὴν
374 538 433 590 δὲ
479 538 578 608 τὴν
618 538 913 608 ὁμολογίαν
953 538 1053 606 τῆς
1081 538 1320 600 πίστεως
1357 537 1467 609 (69)
1501 540 1581 600 είς
1609 539 1829 610 Πατέρα

243 629 342 682 καὶ
385 629 514 681 Υίὸν
556 631 651 682 καὶ
693 630 850 697 ἅγιον
892 628 1116 698 Πνεῦμα
1157 629 1222 680 ἐκ
1266 628 1434 683 ποίων
1483 630 1829 700 γραμμάτων

243 721 485 790 ἔχομεν;
531 720 595 773 Εἰ
641 720 742 788 μὲν
773 719 882 791 γὰρ
922 721 988 772 ἐκ
1024 719 1126 789 τῆς
1160 718 1255 771 τού
1307 719 1682 790 βαπτίσματος
1726 737 1830 772 πα-

244 810 547 880 ραδόσεως,
580 810 722 863 κατά
753 811 817 863 τὸ
842 811 943 882 τῆς
975 810 1256 875 εὐσεϐείας
1285 811 1596 876 ἀκόλουθον,
1627 813 1704 875 ὡς
1735 812 1832 883 βα-

244 901 556 971 ⁸ιττιξὸμεθα
584 900 726 953 οὕτω
755 902 853 954 καί
881 900 1157 958 πιστεύειν
1186 902 1512 972 ὀφείλοντες,
1539 904 1726 958 οὐσίαν
1750 903 1830 974 τῷ

242 992 588 1063 βαπτίσματι
613 993 724 1063 (70)
773 993 872 1065 τὴν
899 993 1186 1064 ὁμολογίαν
1231 996 1654 1066 κατατιθέμεθα,
1693 1014 1827 1066 συγ-

241 1085 662 1156 χωρησάτωσαν
709 1085 804 1139 καὶ
857 1087 989 1157 ήμῖν
1039 1088 1102 1140 ὲκ
1147 1088 1246 1158 τῆς
1292 1088 1465 1158 αὐτῆς
1509 1089 1827 1153 ἀκολουθίας

239 1176 437 1245 ὁμοίαν
479 1178 548 1246 τῇ
602 1177 783 1230 πίστει
824 1177 925 1247 τὴν
966 1177 1123 1243 δόξαν
1156 1178 1494 1232 ἀποδιδόναι·
1539 1181 1588 1232 εί
1638 1180 1694 1232 δὲ
1736 1179 1826 1232 τὸν

239 1267 444 1338 τρόπον
481 1268 583 1336 τῆς
630 1265 942 1334 δοξολογίας
990 1267 1067 1330 ὡς
1107 1266 1352 1338 ἄγραφον
1399 1268 1825 1339 παραιτοῦνται,

236 1359 482 1412 δότωσαν
509 1360 644 1429 ἡμῖν
679 1358 781 1428 τῆς
808 1375 868 1410 τε
896 1357 1039 1411 κατά
1069 1359 1168 1429 τὴν
1198 1359 1380 1412 πίστιν
1409 1361 1698 1430 ὁμολογίας
1732 1364 1826 1417 καὶ

235 1449 347 1501 τῶν
398 1449 628 1512 λοιπῶν,
665 1443 739 1501 ὧν
779 1448 1320 1520 ἁπηριθμησόιμεθα,
1371 1453 1684 1522 ἐγγράφους
1727 1454 1826 1516 τὰς

235 1538 568 1605 ἀποδείξεις.
609 1535 744 1591 Εἶτα
772 1537 1042 1591 τοσούτων
1068 1539 1237 1592 ὄντων
1269 1541 1554 1612 ἀγράφων,
1594 1544 1689 1595 καὶ
1736 1559 1826 1596 το-

237 1631 447 1700 σαύτην
472 1628 710 1700 ὲχόντων
744 1627 844 1699 τὴν
877 1629 1030 1697 ἰσχὺν
1065 1628 1144 1693 είς
1175 1629 1236 1682 τὸ
1263 1630 1364 1699 τῆς
1401 1631 1683 1694 εὐσεϐείας
1724 1649 1825 1700 μυ-

235 1725 482 1794 στήριον,
515 1721 647 1792 μίαν
673 1721 816 1785 λέξιν
843 1724 976 1792 ἡμῖν
1006 1723 1070 1774 ὲκ
1093 1721 1344 1790 πατέρων
1370 1723 1448 1786 εἰς
1474 1725 1620 1792 ἡμᾶς
1646 1723 1823 1776 ἐλθοῦ-

1933 539 2041 608 57
2079 547 2273 594 caete'ra
2311 554 2325 591 :
2363 539 2537 609 ipsam
2579 537 2701 593 ﬁdei
2748 537 3150 608 professionem
3189 539 3244 591 in
3290 535 3511 592 Patrem

1931 637 1987 683 et
2036 628 2234 684 Filium
2286 637 2340 685 et
2373 628 2640 700 Spiritum
2688 640 2960 690 sanctum,
3013 645 3044 683 e
3093 627 3293 699 quibus
3339 628 3511 684 habe‘

1931 734 2056 774 mus
2109 721 2376 790 scriptis?
2442 719 2655 773 Etenim
2713 719 2759 774 si
2818 720 3078 789 quoniam
3130 735 3197 774 ex
3245 719 3506 789 baptismi

1931 810 2248 877 traditione,
2275 813 2430 880 juxta
2467 811 2689 880 pietatis
2717 812 3196 877 consecutionem,
3227 818 3288 866 ut
3331 811 3512 882 bapti-

1930 918 2143 961 zamur.
2173 904 2246 956 ita
2291 912 2345 958 et
2386 905 2610 959 credere
2655 902 2938 968 debemus,
2971 904 3204 959 similem
3235 903 3510 973 baptismo

1928 994 2328 1064 professionem
2359 996 2682 1050 exhibemus
2729 1011 2742 1046 :
2787 997 3091 1050 concedant
3117 995 3285 1050 etiam
3324 995 3506 1058 nobis,

1930 1095 1991 1138 ut
2033 1085 2190 1155 juxta
2233 1087 2480 1141 eamdem
2533 1088 2984 1157 consequentiam
3053 1086 3510 1158 gloriﬁcationem

1929 1177 2054 1231 ﬁdei
2085 1178 2429 1232 consimilem
2472 1179 2868 1247 persolvamns.
2901 1179 3059 1245 Quod
3089 1180 3137 1235 si
3166 1180 3510 1250 gloriﬁcandi

1927 1271 2152 1325 modum
2185 1270 2349 1324 \eluti
2398 1271 2606 1340 scripto
2635 1287 2744 1326 non
2776 1273 3034 1327 traditum
3064 1273 3346 1343 rejiciunt,
3376 1288 3509 1344 pro-

1929 1362 2108 1415 ferant
2155 1361 2319 1415 nobis
2382 1371 2436 1416 et
2485 1362 2851 1431 professionis
2904 1363 3028 1419 fidei
3082 1373 3136 1420 et
3185 1375 3508 1422 czeterorum

1927 1467 2048 1522 quae
2093 1453 2641 1507 commemoravimus
2688 1453 3063 1521 probationem
3109 1471 3139 1509 e
3185 1454 3506 1527 Scripturis.

1927 1542 2127 1596 Adhaac
2169 1557 2297 1596 cum
2345 1550 2455 1595 tam
2506 1543 2680 1596 multa
2720 1544 2833 1598 sint
2865 1560 2987 1615 quae
3035 1548 3242 1615 scripto
3291 1547 3509 1616 prodita

1927 1653 2039 1691 non
2086 1644 2236 1703 sunt,
2265 1644 2320 1690 et
2366 1643 2578 1690 tantum
2627 1636 2828 1690 habent
2871 1639 3132 1692 momenti
3178 1637 3244 1691 ad
3291 1639 3510 1709 pietatis

1929 1730 2305 1799 mysterium,
2358 1729 2580 1782 unicam
2633 1729 3027 1784 dictiunculam
3087 1747 3210 1801 qua:
3256 1747 3286 1785 a
3335 1733 3510 1802 majo-

236 1829 339 1866 σαν
382 1812 448 1864 ού
496 1812 970 1883 συγχωρήσουσιν,
1021 1813 1090 1884 ἣν
1135 1815 1299 1882 ἡμεῖς
1343 1813 1407 1864 ὲκ
1435 1815 1535 1883 τῆς
1565 1813 1816 1883 ἀνεπιτη-

1928 1818 2082 1873 ribus
2112 1819 2176 1873 ad
2207 1834 2308 1872 nos
2338 1817 2579 1883 devenit,
2613 1833 2721 1874 non
2751 1821 3077 1883 concedent,
3112 1838 3277 1891 quam
3307 1839 3408 1878 nos
3437 1841 3507 1878 ex

232 1905 427 1958 δεύτου
461 1903 752 1975 συνηθείας
785 1905 904 1966 ταῖς
937 1901 1316 1974 ἀδιαστρόφοις
1346 1903 1456 1955 τῶν
1493 1902 1826 1974 Ἐκκλησιῶν

235 1997 684 2069 ὲναπομείνασαν
707 1996 962 2069 εὕρομεν,
985 1995 1046 2048 ού
1075 1995 1270 2067 μικρὸν
1288 1997 1376 2048 τὸν
1397 1995 1552 2064 λόγον
1573 1997 1822 2066 ἔχουσαν,

231 2090 358 2144 οὐδὲ
411 2089 676 2163 βραχεῖαν
735 2088 1050 2142 συντέλειαν
1101 2090 1182 2152 εἰς
1233 2088 1334 2160 τὴν
1379 2088 1474 2141 τοῦ
1521 2089 1824 2161 μυστηρίου

231 2181 473 2254 δύναμιν
503 2181 905 2261 εἰσφερομένην
936 2181 1018 2252 (71
1028 2183 1083 2252 );

304 2294 397 2348 68.
441 2295 673 2365 Εἴρηται
708 2295 804 2364 μὲν
847 2289 940 2348 οὖν
977 2293 1062 2357 τίς
1097 2294 1130 2365 ἡ
1163 2293 1390 2364 δύναμις
1431 2295 1698 2368 ἑκατέρας
1724 2299 1825 2368 τῆς

231 2387 628 2454 ὲκφωνήσεως.
671 2385 964 2456 Είρήσεται
1003 2382 1060 2437 δὲ
1105 2385 1199 2437 καὶ
1232 2385 1416 2450 πάλιν,
1457 2388 1562 2456 ὅπη
1595 2404 1653 2439 τε
1688 2405 1824 2459 συμ-

231 2473 510 2543 φωνοῦσιν
551 2473 835 2544 ἀλλήλαις,
887 2473 981 2525 καὶ
1021 2473 1129 2542 ὅπη
1175 2472 1473 2526 διΐστανται
1498 2489 1512 2504 ·
1543 2475 1642 2526 οὑκ
1689 2476 1824 2528 ἀπο-

233 2567 555 2637 μαχόμεναι
589 2566 727 2636 πρὸς
763 2564 1100 2640 ἐναντίωσιν,
1140 2564 1255 2618 ἀλλ’
1296 2564 1425 2619 ἴδιον
1457 2566 1691 2636 ἑκατέρα
1733 2567 1823 2622 τὸν

224 2657 358 2712 νοῦν
392 2657 762 2729 είσφερομένη
793 2657 928 2730 πρὸς
970 2657 1066 2728 τὴν
1115 2656 1416 2710 εὐσέϐειαν.
1460 2659 1524 2710 Ἡ
1557 2659 1654 2727 μὲν
1690 2659 1819 2733 γὰρ,

223 2750 322 2812 ἐν,
353 2749 426 2802 τά
470 2750 612 2819 πρὸς
659 2750 810 2820 ἡμᾶς
859 2749 1155 2820 παρίστησι
1199 2749 1436 2818 μᾶλλον·
1474 2750 1507 2819 ἡ
1555 2750 1645 2813 δὲ,
1677 2751 1819 2819 σὺν,

223 2844 332 2913 τὴν
358 2842 500 2913 πρὸς
527 2842 665 2895 Θεὸν
693 2842 980 2896 κοινωνίαν
1018 2842 1112 2896 τοῦ
1139 2839 1457 2912 Πνεύματος
1484 2841 1817 2910 ἐξαγγέλλει.

221 2935 435 3004 Διόπερ
467 2935 810 3005 ἀμφοτέραις
841 2935 1158 3006 κεχρήμεθα
1184 2937 1306 2998 ταῖς
1345 2937 1552 3003 φωναῖς
1572 2952 1585 2965 ο
1615 2938 1681 3005 τῇ
1723 2937 1821 3006 μὲν

218 3027 288 3079 τὸ
314 3026 542 3096 ἀξίωμα
579 3025 676 3078 τοῦ
719 3025 1036 3094 Πνεύματος
1070 3025 1447 3100 παριστῶντες
1471 3065 1485 3090 ,
1515 3029 1582 3097 τῇ
1629 3027 1687 3081 δὲ
1721 3026 1820 3098 τὴν

218 3120 393 3191 χάριν
439 3120 543 3190 τὴν
572 3120 702 3189 παρ’
753 3120 883 3189 ἡμῖν
917 3119 1325 3188 διαγγέλλοντες
1355 3120 1491 3190 (72).
1536 3108 1692 3174 Οὕτω
1725 3122 1820 3174 καὶ

218 3213 280 3263 ἐν
304 3211 386 3281 τῷ
428 3211 714 3281 Πνεύματι
753 3211 853 3282 τὴν
880 3211 1035 3277 δόξαν
1063 3211 1414 3282 προσάγομεν
1445 3211 1523 3282 τῷ
1554 3212 1694 3283 Θεῷ,
1724 3213 1818 3265 καὶ

218 3306 321 3358 σὺν
368 3302 454 3374 τῷ
500 3302 784 3372 Πνεύματι
809 3320 825 3334 ·
876 3304 1028 3356 οὐδὲν
1071 3305 1342 3374 ἡμέτερον
1384 3304 1666 3373 λέγοντες,
1701 3305 1818 3358 ἀλλ’

215 3396 416 3468 ὥσπερ
459 3394 572 3449 ἀπὸ
618 3395 863 3458 κανόνος,
913 3396 1014 3467 τῆς
1054 3395 1147 3449 τοῦ
1192 3395 1397 3467 Κυρίου
1448 3396 1814 3462 διδασκαλίας,

217 3490 313 3542 ἐπὶ
341 3489 418 3542 τὰ
448 3487 699 3560 προσεχῆ
729 3488 823 3540 καὶ
849 3487 1094 3558 ἀλλήλων
1117 3490 1370 3560 ἐχόμενα,
1394 3489 1490 3543 καὶ
1515 3490 1818 3559 ἀναγκαίαν

216 3583 275 3635 ὲν
308 3585 430 3646 τοῖς
467 3581 794 3653 μυστηρίοις
829 3581 943 3650 (75)
981 3581 1079 3651 τὴν
1127 3582 1424 3650 συνάφειαν
1460 3581 1674 3651 ἔχοντα,
1717 3581 1816 3651 τὴν

217 3667 409 3738 φωνὴν
444 3669 871 3740 μεταφέροντες.
903 3669 977 3720 Τὸ
1015 3669 1124 3740 γὰρ
1165 3669 1257 3723 ἐπὶ
1301 3669 1396 3723 τοῦ
1441 3669 1818 3741 βαπτίσματος

216 3760 639 3832 συναριθμηθὲν
680 3759 994 3829 ἀναγκαίως
1038 3760 1299 3831 ᾠήθημεν
1326 3761 1437 3815 δεῖν
1477 3761 1572 3814 καὶ
1593 3761 1687 3814 ἐπὶ
1717 3762 1816 3832 τῆς

215 3853 463 3917 πίστεως
489 3853 856 3923 συναρμόσαι.
883 3853 927 3904 Τ
930 3852 996 3924 ὴν
1037 3852 1094 3905 δὲ
1127 3853 1418 3923 ὁμολογίαν
1449 3852 1551 3924 τῆς
1577 3853 1815 3916 πίστεως

213 3941 324 4000 οἷον
358 3946 544 4017 ἀρχήν
591 3961 717 3998 τινα
751 3946 846 3997 καὶ
878 3944 1089 4016 μητέρα
1137 3945 1236 4013 τῆς
1279 3944 1588 4012 δοξολογίας
1625 3946 1815 4014 ἐποιη-

214 4035 460 4107 σάμεθα.
509 4033 674 4086 Ἀλλά
709 4033 764 4086 τί
797 4032 902 4104 χρὴ
936 4035 1146 4097 ποιεῖν;
1196 4032 1312 4085 Νῦν
1351 4033 1459 4104 γὰρ
1489 4034 1635 4104 ἡμᾶς
1673 4032 1815 4085 διδα-

213 4129 540 4191 σκέτωσαν,
599 4125 674 4196 μὴ
727 4124 1009 4195 βαπτίζειν
1061 4125 1136 4188 ὡς
1193 4124 1603 4195 παρελάϐομενο
1647 4125 1680 4196 ἢ
1739 4123 1813 4195 μὴ

212 4218 525 4280 πιστεύειν,
577 4217 655 4278 ὡς
702 4215 1151 4285 ἐϐαπτίσθημεν
1193 4215 1226 4286 ἢ
1298 4215 1371 4286 μὴ
1417 4212 1681 4279 δοξάζειν,
1737 4215 1813 4278 ὡς

213 4309 697 4376 πεπιστεύκαμεν.
748 4306 1021 4359 Δεικνύτω
1049 4306 1160 4378 γάρ
1190 4323 1272 4369 τις
1305 4306 1338 4377 ἢ
1394 4305 1470 4368 ὡς
1514 4307 1616 4357 οὐκ
1646 4306 1814 4374 ἀναγ-

215 4405 346 4458 καία
383 4402 486 4454 καὶ
531 4399 810 4471 ἄρρηκτος
833 4400 866 4469 ή
890 4398 1027 4470 πρὸς
1049 4397 1252 4468 ἄλληλα
1273 4398 1475 4450 τούτων
1499 4396 1810 4462 ἀκολουθία,

1927 1912 2241 1967 inaffectata
2293 1913 2693 1968 consuetudine
2759 1913 2817 1968 in
2874 1912 3168 1979 Ecclesiis,
3217 1930 3339 1985 quae
3383 1931 3508 1985 per—

1927 2020 2101 2060 versa:
2125 2013 2181 2060 et
2213 2013 2486 2074 corrupta:
2530 2020 2642 2060 non
2670 2016 2820 2070 sunt,
2851 2016 3264 2077 permanentem
3294 2009 3506 2064 inveni-

1926 2107 2074 2155 mus,
2112 2091 2260 2146 haud
2303 2092 2642 2147 mediocrem
2670 2095 2941 2150 rationem
2972 2094 3286 2161 habentem,
3323 2113 3506 2168 neque

1925 2179 2206 2237 mediocre
2235 2181 2612 2252 adjumentum
2645 2183 2714 2238 ad
2739 2184 2984 2254 mysterii
3010 2185 3120 2239 vim
3147 2185 3465 2242 afferentem
3483 2189 3509 2243 ἲ

1997 2293 2087 2348 68.
2148 2293 2368 2347 Dictum
2413 2293 2634 2364 quidem
2683 2301 2768 2349 est
2811 2309 2934 2364 quae
2976 2294 3049 2349 sit
3106 2295 3189 2350 vis
3219 2297 3507 2368 utriusque

1924 2386 2417 2457 pronuntiationis.
2496 2386 2716 2441 Dicetur
2784 2393 2966 2441 autem
3019 2394 3074 2441 et
3130 2403 3352 2442 rursum
3412 2390 3505 2444 ubi

1925 2475 2268 2530 concordent
2297 2475 2442 2530 inter
2480 2491 2623 2541 sese,
2658 2483 2713 2530 et
2760 2476 2852 2529 ubi
2883 2475 3138 2530 differant
3172 2497 3184 2533 :
3219 2493 3332 2532 non
3358 2481 3506 2548 quod

1926 2567 2074 2622 inter
2128 2582 2188 2622 se
2242 2577 2486 2639 pugnent
2531 2582 2630 2638 per
2677 2567 3152 2639 contrarietatem,
3211 2571 3308 2626 sed
3359 2572 3506 2641 quod

1926 2663 2162 2727 utraque
2221 2659 2558 2727 peculiarem
2615 2658 2806 2711 afferat
2839 2657 3178 2712 intellectum
3217 2662 3284 2714 ad
3330 2662 3507 2730 pieta-

1924 2755 2057 2803 tem.
2099 2746 2233 2801 Nam
2277 2748 2593 2818 praepositio
2639 2749 2717 2811 in,
2768 2763 2832 2802 ea
2875 2763 2996 2819 quae
3027 2749 3095 2803 ad
3126 2763 3230 2804 nos
3257 2759 3508 2820 spectant

1924 2841 2102 2911 magis
2159 2841 2406 2895 declarat
2473 2859 2486 2894 :
2545 2849 2599 2894 at
2662 2842 2980 2911 praepositio
3053 2859 3193 2907 cum,
3249 2844 3507 2914 exprimit

1922 2936 2374 2990 communionem
2401 2934 2642 3006 Spiritus
2674 2950 2800 2989 cum
2841 2933 2973 2989 Deo.
3019 2933 3363 3005 Quapropter
3402 2951 3503 2990 vo-

1923 3025 2080 3080 cibus
2120 3026 2390 3080 ambabus
2435 3027 2663 3087 utimur,
2698 3027 2869 3080 altera
2915 3026 3136 3096 quidem
3186 3027 3504 3098 dignitatem

1847 3149 1890 3207 ϐ
1927 3114 2167 3186 Spiritus
2201 3117 2591 3185 exprimentes,
2639 3118 2806 3171 altera
2839 3119 3070 3187 gratiam
3108 3135 3229 3190 qum
3258 3120 3312 3172 in
3345 3119 3505 3174 nobis

1921 3218 2006 3264 est
2036 3210 2412 3265 enuntiantes.
2462 3209 2554 3263 Sic
2595 3217 2649 3263 et
2692 3210 2746 3262 in
2781 3209 2989 3280 Spiritu
3033 3219 3089 3266 et
3124 3227 3251 3266 cum
3298 3211 3505 3282 Spiritu

1920 3303 2206 3358 offerimus
2258 3302 2490 3370 gloriam
2538 3301 2649 3355 Deo
2693 3319 2708 3356 :
2757 3302 2892 3354 nihil
2924 3318 2992 3356 ex
3022 3303 3184 3358 nobis
3230 3303 3501 3368 dicentes,

1921 3394 2016 3451 sed
2051 3408 2119 3448 ex
2165 3393 2368 3447 tradita
2399 3409 2429 3446 a
2462 3393 2690 3448 Domino
2732 3392 3005 3456 doctrina,
3038 3395 3187 3449 velut
3227 3411 3257 3449 e
3292 3395 3502 3464 regula,

1920 3487 1985 3541 ad
2014 3501 2078 3541 ea
2106 3501 2228 3556 qua:
2256 3483 2555 3553 conjuncta
2601 3493 2755 3551 sunt,
2806 3489 3018 3558 sibique
3067 3487 3297 3541 invicem
3327 3488 3504 3542 cohat-

1918 3587 2064 3644 rent,
2122 3594 2187 3634 ac
2234 3579 2603 3633 necessariam
2647 3578 2702 3632 in
2764 3579 3045 3650 mysteriis
3097 3579 3504 3649 copulationem

1919 3669 2147 3734 habent,
2191 3669 2490 3724 dictionem
2533 3668 2951 3726 transferentes.
2992 3669 3126 3723 Nam
3158 3686 3285 3724 eum
3322 3671 3416 3740 qui
3445 3671 3500 3725 in

1918 3762 2253 3833 baptismate
2291 3768 2722 3816 connumeratus
2768 3771 2884 3826 est,
2930 3763 3244 3816 necessario
3283 3762 3504 3831 judica-

1917 3868 2043 3907 mus
2071 3859 2125 3906 et
2153 3852 2209 3905 in
2253 3851 2358 3907 ﬁde
2386 3859 2640 3920 oportere
2673 3853 2936 3921 copulari.
2970 3851 3372 3907 Professioncm
3405 3869 3503 3908 au-

1919 3952 2025 3998 tem
2054 3944 2202 4009 ﬁdei,
2233 3944 2382 3997 velut
2409 3943 2626 3996 initium
2660 3943 2936 4012 quoddam
2977 3958 3041 3996 ac
3072 3952 3302 3999 matrem
3337 3947 3503 4015 glori-

1919 4032 2189 4085 ﬁcationis
2226 4031 2476 4085 fecimus.
2515 4031 2620 4085 Sed
2663 4031 2793 4100 quid
2841 4032 3150 4086 faciendum
3193 4035 3319 4089 est?
3345 4034 3502 4089 Nune

1916 4124 2061 4177 enim
2103 4123 2339 4177 doceant
2365 4136 2487 4183 nos,
2519 4138 2588 4176 ne
2620 4123 2959 4189 baptizemus
2982 4162 2998 4187 ,
3038 4126 3500 4194 quemadmodum

1929 4215 2268 4284 accepimus,
2302 4221 2394 4266 aut
2429 4229 2496 4267 ne
2535 4214 2845 4277 credamus,
2899 4215 3359 4284 quemadmodum
3403 4217 3504 4271 ba-

1915 4307 2106 4374 ptizati
2138 4321 2354 4368 sumus,
2383 4314 2479 4358 aut
2507 4320 2574 4359 ne
2606 4305 2998 4374 gloriﬁcemus,
3041 4308 3501 4377 quemadmodum

1915 4395 2216 4449 credimus.
2253 4394 2602 4449 Demonstret
2643 4395 2789 4448 enim
2823 4396 3044 4466 aliquis,
3091 4405 3184 4452 aut
3232 4414 3341 4453 non
3379 4415 3502 4455 esse

211 4494 244 4564 ἢ
272 4495 351 4557 ὡς
397 4492 528 4562 οὐχὶ
560 4494 594 4561 ἡ
634 4493 690 4542 ἐν
718 4489 926 4553 τούτοις
968 4489 1287 4560 καινοτομία
1322 4487 1416 4541 τοῦ
1463 4488 1662 4551 παντός
1693 4489 1808 4541 ἐστι

1927 4488 2286 4542 necessariam
2331 4497 2385 4542 et
2430 4487 2757 4545 indivulsam
2804 4489 3002 4543 horum
3035 4489 3177 4546 inter
3219 4507 3278 4546 se
3312 4507 3501 4547 conse-

211 4584 538 4644 κατάλυσις.
586 4580 726 4634 Ἀλλ’
757 4581 816 4634 οὐ
859 4580 1122 4635 παύονται
1151 4582 1264 4636 ἀνω
1312 4581 1406 4634 καὶ
1439 4581 1590 4634 κάτω
1637 4579 1800 4652 θρυλ-

213 4772 362 4822 stant
397 4763 730 4818 nominatim
755 4762 810 4817 in
840 4762 1160 4831 Scripturis.
1193 4760 1251 4815 In
1270 4760 1413 4815 libro
1435 4760 1550 4816 sive
1577 4760 1808 4829 epistola

215 4836 291 4892 De
331 4836 461 4896 ﬁde,
499 4833 798 4888 Moralibus
829 4835 1068 4902 przefixa,
1099 4848 1224 4886 cum
1269 4833 1491 4900 quidam
1529 4835 1597 4883 ab
1624 4845 1695 4902 eo
1712 4845 1808 4902 po-

216 4909 523 4962 stulassent
542 4899 1145 4974 ὁμολογίανέγγραφον,
1169 4899 1549 4972 confessionem
1571 4915 1634 4953 ex
1659 4899 1808 4953 Scri-

214 4978 389 5045 pturis
435 4972 682 5041 petitam,
725 4972 1273 5045 p.225,‘proﬁte_tur_
1303 4988 1361 5045 sc
1419 4987 1527 5045 non
1574 4985 1804 5045 usurum

212 5041 395 5102 verbis
424 5041 735 5113 ἀγράφοις,
753 5044 807 5097 id
854 5041 1110 5113 estfqua:
1154 5043 1210 5096 in
1243 5041 1544 5113 Scripturis
1595 5041 1807 5113 non_|e~

216 5061 395 5102 verDtS
424 5061 500 5111 αγ
540 5061 592 5097 αν
651 5061 720 5107 ις,
753 5061 807 5097 tu
854 5061 959 5107 εει,
988 5061 1110 5113 qua:
1154 5061 1210 5096 In
1243 5061 1544 5110 acrtpturts
1596 5061 1701 5094 non
1738 5061 1803 5094 IC‘

216 5125 442 5186 guntur.
481 5061 646 5169 ιῨωΪέ
683 5113 1163 5186 Consubstantiale
1194 5115 1267 5186 in»
1295 5111 1542 5186 ilrlaﬁdei
1567 5109 1803 5186 confes-

220 5180 375 5241 sione
410 5200 526 5240 non
570 5187 862 5254 reperitur.
895 5185 1085 5237 Ariani
1128 5184 1272 5254 apud
1315 5181 1676 5254 Athanasium
1709 5180 1800 5254 lib.

220 5255 296 5311 De
321 5257 532 5311 decret.
551 5250 673 5308 Nic.
702 5263 1008 5324 queruntur
1026 5250 1393 5322 quod—Nicatni
1423 5250 1612 5304 Patres
1641 5250 1808 5372 argi-

221 5343 351 5372 mou:
373 5325 573 5372 λέξεις-
591 5326 844 5372 dictiones
873 5341 976 5372 non
995 5325 1221 5372 scriptas
1245 5323 1612 5372 admisissent.
1635 5321 1693 5372 2⁸³
1765 5324 1807 5372 i-

221 5343 351 5395 φους
373 5325 573 5390 λέξεις,
591 5321 844 5395 dictiones
873 5341 976 5376 non
995 5321 1221 5392 scriptas
1245 5323 1613 5395 admisissent.
1635 5321 1807 5395 f2°_N_i-

219 5390 294 5449 hil
331 5390 442 5452 veri
493 5397 728 5451 dixisset
758 5394 1018 5455 Basilius,
1061 5390 1110 5448 si
1139 5393 1540 5448 confessionem
1586 5390 1708 5445 ﬁdei
1749 5391 1805 5445 in

221 5465 436 5522 Patrem
457 5477 512 5521 et
541 5465 741 5520 Filium
769 5474 826 5520 ct
853 5464 1115 5533 Spiritum
1146 5473 1415 5528 sanctum,
1449 5472 1503 5516 et
1529 5462 1632 5515 alia
1659 5459 1806 5528 ejus-

223 5539 363 5591 modi
413 5537 689 5599 instituta,
727 5551 850 5606 qua:
895 5542 1054 5589 vocat
1102 5534 1348 5606 ἄγραφα,
1392 5533 1541 5606 nullo
1569 5546 1796 5606 prorsus

225 5609 423 5677 scripto
448 5602 775 5673 consignata
823 5621 945 5660 esse
974 5602 1370 5677 contendisset.
1406 5602 1612 5656 Horum
1651 5602 1796 5677 enim

227 5673 350 5746 non'
377 5679 698 5746 infrequens
732 5677 877 5746 apud
925 5675 1178 5746 antiquos
1229 5675 1528 5746 scriptores
1565 5673 1791 5726 mentio.

230 5745 362 5811 Quin
385 5744 551 5806 etiam
581 5750 700 5819 ipse
730 5744 967 5803 Basilius
997 5744 1336 5829 gloriﬁcandi
1367 5744 1793 5813 modum,;quem

1907 4579 2211 4650 quentiam,
2242 4579 2436 4650 θυι-εἰη
2475 4579 2630 4636 hisce
2678 4580 2974 4636 novitatem
3007 4597 3120 4636 non
3147 4596 3271 4636 esse
3328 4583 3496 4636 totius

1909 4759 2053 4814 inter
2081 4759 2303 4831 ἄγραφα
2329 4759 2582 4831 instituta
2610 4761 3008 4814 numerandum
3036 4759 3249 4831 fatetur.
3281 4759 3335 4813 in
3367 4763 3503 4814 seri.

1910 4831 2016 4897 ptis
2058 4829 2303 4884 veterum
2358 4829 2582 4884 Patrum
2632 4845 2779 4898 saepe
2826 4845 3120 4884 occurrere
3158 4830 3499 4884 demonstrat

1907 4913 2033 4970 cap.
2068 4900 2157 4955 29.
2205 4898 2431 4954 Frustra
2477 4915 2610 4968 ergo
2633 4902 2917 4970 sentcntiae
2951 4914 3063 4954 sua:
3114 4899 3424 4970 praesidium
3466 4918 3498 4955 a

1904 4966 2108 5024 Basilio
2133 4977 2346 5038 petunt,
2374 4970 2466 5039 qui
2503 4966 2693 5039 preces
2741 4969 2998 5039 Liturgiae
3024 4966 3148 5024 sero
3198 4966 3496 5025 admodum

1903 5039 2243 5094 contendunt
2271 5041 2466 5094 litteris
2493 5039 2782 5093 mandatas
2807 5040 2996 5094 fuisse.

1977 5109 2090 5180 (69)
2124 5109 2239 5179 Τῆς
2271 5109 2729 5180 πίστεως-,ίΕιιίιὶ
2763 5109 2969 5163 addunt
2997 5107 3318 5180 πιστεύειν,
3350 5108 3497 5178 quod

1907 5196 2006 5236 sua
2037 5191 2229 5248 sponte
2257 5179 2690 5244 incommodum,
2722 5193 2798 5248 ac
2827 5181 2882 5231 in
2915 5179 3096 5232 tribus
3143 5194 3276 5232 mss.
3318 5179 3492 5233 deest.

1979 5247 2092 5321 (70)
2132 5249 2216 5316 Τῷ
2259 5249 2656 5318 βαπτίσματι.
2688 5247 2826 5302 Male
2862 5249 2918 5302 in
2961 5249 3201 5321 editione
3228 5248 3405 5304 Paris.
3437 5251 3495 5300 ὲν

1902 5319 1995 5392 τῷ
2017 5319 2375 5392 βαπτίσματι,
2406 5321 2553 5388 quod
2585 5334 2688 5388 ope
2721 5319 3267 5392 veterumhlibrorum
3307 5335 3493 5392 emen-

1903 5389 2174 5445 davimus.
2211 5389 2377 5445 Paulo
2400 5399 2524 5459 post
2554 5397 2666 5459 tres
2691 5403 2826 5442 mss.
2854 5389 2919 5442 ἐκ
2943 5389 3038 5458 τῆς
3062 5389 3240 5459 αὐτῆς
3265 5389 3489 5456 ταύτης.

1975 5461 2085 5529 (71)
2106 5457 2578 5529 Εὶσφεροιὶένην.
2599 5457 2687 5529 lta_
2699 5473 2833 5512 mss.
2859 5475 2974 5513 sex.
2998 5457 3139 5512 Editi
3164 5457 3490 5528 φερομένην.

1975 5527 2624 5602 (θ’)ηΔιιιγγέλλοντες.
2675 5527 2756 5580 Ita
2803 5542 2995 5584 omnes
3045 5527 3492 5584 nostri’codices

1902 5599 2040 5655 msS.
2068 5601 2209 5653 Editi
2234 5599 2670 5666 ἐξαγγέλλοντες.

1975 5671 2084 5742 (75)
2133 5671 2227 5722 Ἐν
2274 5669 2397 5733 τοῖς
2414 5671 2795 5738 μυστηρίοις.
2839 5669 3158 5741 Prmpositio
3201 5668 3387 5724 addita
3422 5681 3492 5723 ex

1902 5756 2037 5795 mss.
