3886 6220
405 354 512 413 I95

1753 346 1809 402 S.
1849 341 2095 401 BASILII
2135 342 2349 400 MAGNI

3566 345 3677 403 196

405 468 859 525 destructionem.
892 464 964 517 At
993 478 1105 519 non
1145 461 1409 519 desinunt
1438 460 1527 518 isti
1565 475 1785 517 sursum
1818 460 1980 515 deor-

2097 458 2299 523 toiivca;
2319 458 2417 530 τὴν
2442 457 2760 529 ἀμάρτυρον
2782 457 2877 511 καὶ
2892 457 3160 528 ἄγραφον.
3183 456 3277 511 καὶ
3299 458 3402 512 ὅσα
3416 457 3675 526 τοιαῦτα,

407 574 533 615 sum
581 557 816 628 jactare,
863 554 1321 626 gloriﬁcationem
1364 568 1490 608 cum
1538 560 1733 608 sancto
1777 551 1987 623 Spiritu

407 664 600 707 carere
624 648 963 715 testimonio,
994 661 1187 702 carere
1223 645 1530 715 Scriptura,
1565 650 1620 699 et
1647 644 1756 698 alia
1788 643 1984 711 hujus-

406 742 578 799 modi.
605 741 826 796 Dictum
858 748 944 796 est
975 739 1195 810 quidem
1238 739 1376 793 nihil
1406 736 1613 813 referre
1641 737 1708 791 ad
1739 751 1986 801 sensum,

410 838 528 891 sive
553 832 728 899 dicas,
759 830 944 887 Gloria
975 829 1126 884 Patri
1162 834 1218 884 et
1244 827 1387 882 Filio
1417 834 1472 883 et
1512 825 1743 897 Spiritui
1772 832 1986 889 sancto,

409 927 528 983 sive
551 925 727 992 dicas,
778 924 968 979 Gloria
1000 922 1154 976 Patri
1185 929 1241 977 et
1267 920 1408 974 Filio
1432 934 1556 974 cum
1609 926 1802 973 sancto
1858 916 1986 987 Spi-

408 1017 544 1073 ritu.
580 1015 700 1070 Νοιι
748 1015 917 1086 igitur
958 1013 1043 1069 fas
1087 1025 1174 1069 est
1210 1014 1465 1083 cuiquam
1517 1011 1783 1081 syllabam
1817 1019 1887 1074 et,
1919 1023 1989 1063 ex

409 1123 507 1164 ore
554 1106 771 1162 Domini
824 1104 1127 1177 profectam
1175 1104 1405 1172 rejicere
1456 1110 1551 1157 aut
1612 1115 1927 1171 expungere
1970 1118 1984 1154 :

410 1215 514 1255 nec
542 1199 845 1269 quidquam
874 1208 1016 1252 vetat
1055 1198 1278 1251 alteram
1302 1210 1425 1264 quae
1447 1195 1587 1248 idem
1620 1194 1806 1263 pollet,
1842 1191 1989 1247 reci-

411 1307 540 1362 pere
579 1272 748 1361 :quae
808 1289 1086 1360 quomodo
1135 1302 1260 1342 cum
1307 1287 1402 1339 illa
1451 1286 1533 1340 vel
1570 1283 1862 1338 conveniat
1904 1282 1991 1337 vel

411 1383 724 1453 discrepet,
784 1381 1044 1451 superius
1097 1378 1616 1435 demonstravimus.
1684 1375 1991 1431 Conﬁrmat

412 1480 595 1528 autem
623 1472 953 1528 sententiam
987 1469 1152 1524 nobis
1180 1477 1235 1523 et
1277 1468 1600 1539 Apostolus,
1634 1467 1745 1538 58
1771 1465 1990 1521 indiﬂ‘e-

413 1571 603 1618 renter
630 1570 867 1631 utraque
908 1575 1044 1614 voce
1081 1567 1241 1614 utens
1277 1558 1553 1613 interdum
1596 1558 1668 1612 ita
1709 1559 1939 1627 loquens
1972 1574 1985 1610 :

414 1652 482 1708 In
527 1655 739 1707 nomine
786 1651 1003 1705 Domini
1049 1648 1179 1705 Jesu
1218 1648 1440 1714 Christi,
1473 1658 1523 1703 et
1550 1650 1602 1703 in
1639 1649 1844 1717 Spiritu
1891 1647 1992 1701 Dei

412 1747 585 1802 nostri
618 1746 682 1813 δς
715 1759 779 1799 ac
822 1758 1042 1807 rursus,
1085 1740 1428 1812 Congregatis
1451 1740 1595 1796 vobis
1629 1749 1678 1794 et
1715 1757 1827 1794 meo
1862 1738 1989 1808 Spi-

2087 551 2187 622 τὴν
2228 551 2323 603 σὺν
2352 549 2430 621 τῷ
2462 550 2741 621 Πνεύματι
2786 548 2862 621 τῷ
2892 549 3034 619 ἁγίῳ
3071 548 3398 618 δοξολογίαν.
3433 550 3677 622 Εἴρηται

2091 641 2192 712 μὲν
2227 636 2341 705 οῦν,
2372 642 2453 694 ὅτι
2478 641 2674 694 ταυτόν
2721 641 2838 693 ἐστι
2878 640 3014 711 πρὸς
3041 640 3278 694 διάνοιαν
3303 643 3496 705 εἰπεῖν,
3526 641 3676 708 Δόξα
3791 644 3794 647 ’

2088 734 2264 804 Πατρὶ
2292 732 2386 786 καὶ
2414 731 2527 802 Υἱῷ
2560 732 2653 785 καὶ
2681 730 2822 800 ἁγίῳ
2854 731 3164 802 Πνεύματι’
3193 732 3290 785 καὶ
3314 732 3449 799 Δόξα
3487 734 3677 804 Πατρὶ

2089 826 2183 879 καὶ
2212 825 2325 895 Υἱῷ
2358 824 2455 879 σὺν
2490 825 2569 895 τῷ
2609 825 2748 895 ἁγίῳ
2779 826 3079 895 Πνεύματι.
3115 825 3254 878 Οῦτε
3290 822 3383 880 οὖν
3412 827 3512 899 τὴν
3569 829 3676 881 καὶ

2091 919 2358 990 συλλαϐὴν
2399 919 2460 986 ἐξ
2498 919 2667 989 αὐτῆς
2698 917 2793 971 τοῦ
2824 918 3031 990 Κυρίου
3077 919 3262 988 φωνῆς
3294 918 3677 990 προελθοῦσαν

2088 1011 2351 1084 ἀθετῆσαι
2381 1028 2487 1066 τινι
2518 1011 2552 1082 ἢ
2579 1011 2900 1081 διαγράφειν
2924 1006 3037 1062 οἷόν
3065 1026 3146 1072 τε,
3174 1009 3269 1063 καὶ
3295 1010 3392 1081 τὴν
3421 1010 3646 1064 ἰσοδυνα

2090 1104 2301 1177 μοῦσαν
2340 1104 2477 1175 αύτῇ
2539 1102 2691 1156 οὐδὲν
2734 1103 2795 1155 τὸ
2825 1101 3037 1154 κωλύον
3086 1100 3478 1172 καταδεχθῆναι
3516 1101 3673 1171 (74)-

2087 1199 2154 1268 ῆν
2175 1198 2323 1260 ὃπως
2350 1195 2464 1266 ἔχει
2499 1193 2636 1266 πρὸς
2668 1191 2881 1262 ἐκείνην
2913 1191 3175 1262 διαφορᾶς
3201 1209 3262 1245 τε
3295 1193 3390 1246 καὶ
3414 1191 3678 1263 ὁμοιότη-

2088 1306 2198 1354 τος,
2238 1289 2298 1343 ὲν
2333 1289 2445 1350 τοῖς
2474 1285 2704 1340 κατόπιν
2737 1282 3036 1354 ἐδείξαμεν.
3070 1283 3289 1337 Βεϐαιοῖ
3313 1283 3370 1337 δὲ
3397 1286 3531 1353 ἡμῖν
3578 1283 3675 1336 τὸν

2087 1380 2243 1449 λόγον
2280 1380 2376 1434 καὶ
2398 1380 2426 1431 ό
2470 1377 2787 1440 Ἀπόστολος
2809 1375 3114 1447 ἀδιαφόρως
3144 1375 3377 1447 ἑκατέρᾳ
3413 1379 3478 1446 τῇ
3512 1378 3671 1447 φωνῇ

2089 1471 2424 1543 κεχρημένος
2447 1508 2462 1534 ,
2494 1468 2589 1523 νῦν
2618 1468 2716 1538 μὲν
2761 1466 2955 1534 λέγων,
3008 1468 3112 1520 Ἐν
3153 1465 3233 1531 τῷ
3263 1467 3509 1535 ὀνόματι
3558 1467 3673 1520 τοῦ

2087 1564 2309 1631 Κυρίου
2344 1560 2547 1629 Ἰησοῦ
2579 1558 2857 1629 Χριστοῦ,
2899 1557 2998 1611 καὶ
3026 1558 3097 1611 ἐν
3125 1556 3205 1623 τῷ
3228 1559 3529 1626 Πνεύματι
3559 1557 3674 1611 τοῦ

2091 1654 2237 1708 Θεοῦ
2292 1652 2487 1722 ἡμῶν*
2546 1651 2708 1706 πάλιν
2744 1650 2801 1704 δὲ
2822 1687 2839 1713 ,
2889 1647 3320 1718 Συναχθέντων
3350 1647 3520 1718 ὑμῶν
3566 1648 3672 1703 και

2088 1746 2196 1800 τοῦ
2227 1745 2375 1816 ἐμοῦ
2404 1744 2748 1814 Πνεύματος
2779 1741 2902 1797 σὺν
2930 1740 3004 1810 τῇ
3028 1741 3276 1810 δυνάμει
3299 1741 3405 1795 τοῦ
3441 1742 3676 1809 Κυρίου

411 1839 524 1892 ritu
570 1853 693 1891 cum
739 1836 932 1890 virtute
982 1833 1199 1888 Domini
1245 1832 1378 1888 Jesu
1431 1832 1492 1900 ';
1540 1832 1680 1886 nihil
1721 1832 1987 1888 interesse

2103 1836 2334 1905 Ἰησοῦ·
2379 1835 2531 1889 οὐδὲν
2583 1834 2859 1906 διαφέρειν
2899 1831 3204 1903 ἡγούμενος
3238 1830 3332 1902 ,τῷ
3381 1831 3673 1901 συνδέσμῳ

412 1936 590 1996 ratus,
621 1928 740 1984 sive
783 1926 1192 1997 conjunctione,
1230 1927 1347 1980 sive
1375 1924 1762 1995 praepositione
1795 1923 1866 1979 ad
1898 1938 1987 1980 no-

2097 1929 2125 1999 ἢ
2158 1931 2226 2000 τῇ
2254 1927 2544 1999 προσθέσει
2572 1925 2709 1997 πρὸς
2739 1925 2838 1997 τὴν
2878 1925 2988 1978 τῶν
3020 1924 3301 1995 ὀνομάτων
3343 1922 3675 1993 συμπλοκὴν

413 2017 625 2073 minum
650 2016 1098 2087 conjunctionem
1122 2014 1322 2071 utaris.

943 2128 1177 2186 CAPUT
1216 2128 1455 2185 XXVIII.

411 2243 572 2312 Quod
604 2261 723 2316 quae
768 2242 852 2316 de,
879 2242 1175 2299 hominibus
1229 2242 1358 2316 dicit
1406 2240 1684 2316 Scripturg
1715 2248 1992 2316 _lqnquqm_

482 2331 591 2369 una
617 2310 744 2369 'cum
789 2315 1001 2369 Christo
1036 2315 1397 2383 regnantibus,
1440 2329 1504 2367 ea
1539 2311 1604 2366 de
1632 2310 1850 2380 Spiritu
1883 2312 1993 2364 dici

483 2401 587 2439 non
620 2385 909 2440 concedunt
942 2384 1261 2438 adversarii.

483 2497 575 2553 (i9.
628 2495 926 2552 Videamus
985 2510 1151 2566 porro
1202 2510 1270 2549 an
1325 2494 1700 2550 defensionem
1751 2493 1990 2563 aliquam

411 2587 671 2659 patribus
719 2587 928 2642 nostris
972 2601 1139 2655 super
1186 2584 1507 2655 huiusmodi
1554 2600 1661 2639 usu
1710 2584 1992 2654 possimus

411 2678 743 2748 excogitare.
798 2676 934 2732 Nam
984 2677 1079 2747 qui
1123 2676 1282 2731 nobis
1328 2669 1417 2730 'ita
1465 2676 1723 2746 loquendi
1772 2674 1993 2730 fuerunt

413 2777 690 2835 auctores,
754 2769 929 2841 magis
984 2783 1149 2838 quam
1207 2783 1311 2823 nos
1363 2768 1576 2822 haerent
1628 2768 1684 2822 in
1738 2768 1987 2823 crimine.

411 2860 617 2917 Paulus
671 2861 839 2932 igitur
895 2848 1322 2919 Colossensibus
1374 2860 1623 2915 scribens
1684 2881 1695 2914 :
1756 2859 1824 2913 Et
1870 2876 1987 2924 vos,

412 2952 612 3022 inquit,
673 2967 794 3005 cum
844 2953 1028 3007 essetis
1093 2951 1293 3005 mortui
1340 2948 1548 3004 delictis
1595 2966 1658 3003 ac
1703 2953 1988 3019 prwputio,

410 3042 699 3112 viviﬁcavit
743 3042 906 3096 simul
952 3059 1072 3096 cum
1123 3041 1338 3097 Christo
1399 3042 1442 3095 °.
1490 3039 1632 3095 Num
1677 3042 1844 3113 igitur
1892 3042 1991 3097 toti

2093 2018 2526 2091 ἀποχρήσασθαι.

2580 2133 2979 2188 ΚΕΦΑΛΑῙΟΝ
3015 2132 3151 2186 ΚΗ’.

2095 2251 2220 2304 Ὅτι
2264 2248 2303 2303 ἃ
2349 2249 2483 2319 περὶ
2524 2248 2642 2304 τῶν
2688 2247 3209 2319 ἀνθρὼπων-λέγει
3248 2248 3287 2316 ἡ
3338 2247 3552 2317 Γραφὴ
3588 2246 3671 2319 ὡς

2153 2317 2734 2390 ,συμϐασιζλευόντων
2787 2319 3019 2387 Χριστῷ
3042 2359 3057 2382 ,
3111 2317 3298 2372 ταῦτα
3356 2321 3491 2390 scapi
3561 2317 3673 2372 τοῦ

2164 2386 2506 2460 Πιλεύματος
2550 2391 2622 2444 οὺ
2659 2386 3082 2460 συγχωροῦσιν
3108 2392 3162 2443 οὶ
3195 2386 3632 2458 ἀντιλέγοντες.

2161 2502 2249 2557 69.
2294 2503 2519 2579 δ’ῐδωμεν
2550 2501 2609 2556 δὲ
2644 2501 2738 2556 καὶ
2768 2502 2822 2555 εἴ
2844 2518 2967 2555 τινα
2993 2500 3286 2569 ἀπολογίαν
3313 2504 3425 2564 τοῖς
3459 2501 3674 2572 πατράσ

2093 2611 2177 2649 σιν
2197 2593 2356 2665 ἡμῶν
2384 2594 2482 2664 τῆς
2516 2593 2762 2664 χρήσεως
2787 2591 2991 2663 ταύτης
3039 2593 3418 2677 ἐπινοήσομεν.
3454 2593 3517 2645 Oi
3559 2591 3672 2663 γὰρ

2089 2683 2188 2756 τὴν
2220 2685 2395 2763 ἀρχὴν
2419 2684 2790 2754 παρασχόντες
2821 2682 2899 2753 τῷ
2935 2683 3080 2752 λόγῳ
3109 2681 3306 2753 μᾶλλον
3346 2682 3505 2752 ἡμῶν
3533 2682 3671 2734 ὑπό-

2091 2792 2300 2831 κεινται
2331 2777 2443 2839 τοῖς
2476 2775 2803 2846 ἐγκλήμασι.
2842 2773 3054 2837 Παῦλος
3084 2774 3266 2827 τοίνυν
3296 2772 3672 2827 Κολοσσαεῦσι

2091 2869 2338 2941 γράφων·
2360 2869 2472 2924 Καὶ
2498 2866 2680 2938 ὑμᾶς,
2724 2866 2881 2939 φησὶ,
2920 2864 3169 2935 νεκροὺς
3196 2865 3376 2931 ὄντας
3401 2865 3528 2930 τοῖς
3560 2881 3674 2918 πα-

2083 2958 2439 3030 ραπτώμασι
2456 2960 2557 3014 καὶ
2583 2959 2656 3026 τῇ
2681 2959 3067 3026 ἀκροϐυστίᾳ,
3090 2957 3569 3024 συνεζωοποίησε
3591 2955 3674 3020 τῷ

2092 3052 2324 3123 Χριστῷ
2351 3054 2485 3125 (75).
2514 3048 2661 3124 ’Ἄρα
2699 3049 2796 3106 οὖν
2823 3051 2938 3121 λαῷ
2971 3050 3069 3121 μὲν
3110 3051 3216 3121 ὅλῳ
3241 3051 3334 3103 καὶ
3375 3048 3674 3121 Ἐκκλησία

411 3134 616 3205 populo
657 3140 715 3190 et
753 3133 1015 3189 Ecclesia:
1061 3134 1287 3190 donavit
1339 3132 1485 3189 Deus
1525 3135 1696 3190 vitam
1742 3150 1862 3204 qua:
1907 3143 1987 3191 est

2097 3147 2387 3218 ἐχαρίσατο
2414 3147 2443 3198 ὁ
2466 3145 2599 3208 Θεὸς
2630 3145 2728 3216 τὴν
2769 3144 2867 3197 σὺν
2899 3142 3121 3215 Χριστῷ
3147 3143 3309 3215 ζωὴν,
3341 3141 3418 3213 τῷ
3446 3142 3505 3194 δὲ
3529 3142 3673 3213 ἁγίῳ

414 3240 542 3280 cum
580 3224 822 3291 Christo,
869 3234 1062 3280 sancto
1103 3234 1287 3281 autem
1327 3224 1556 3296 Spiritui
1597 3241 1708 3284 non
1750 3234 1835 3282 est
1879 3227 1994 3281 vita

415 3332 546 3373 cum
583 3316 845 3373 Christo?
880 3318 1038 3384 Quod
1062 3319 1109 3374 si
1160 3318 1307 3374 istud
1354 3319 1441 3374 vel
1481 3319 1666 3374 animo
1705 3320 1994 3390 concipere

412 3409 640 3480 impium
686 3418 813 3478 est,
862 3425 1048 3466 annon
1120 3411 1271 3482 pium
1335 3410 1524 3478 fuerit,
1570 3418 1632 3464 ut
1680 3411 1843 3467 habet
1897 3426 1991 3465 na-

411 3508 560 3566 tura,
611 3501 686 3556 ita
735 3503 900 3556 etiam
939 3502 1342 3573 professionem
1395 3502 1734 3572 conjunctim
1791 3501 1995 3571 persol-

411 3592 575 3648 vere?
625 3592 829 3647 Adhaac
866 3633 883 3661 ,
940 3607 1123 3648 annon
1185 3594 1415 3649 extremi
1475 3593 1718 3664 stuporis
1766 3601 1871 3660 εει,
1922 3593 1996 3647 fa-

412 3684 517 3739 teri
573 3693 797 3741 sanctos
848 3700 974 3741 esse
1018 3700 1144 3740 cum
1186 3685 1407 3741 Christo
1456 3686 1748 3757 (siquidem
1788 3685 1993 3742 Paulus

411 3778 771 3847 peregrinaris
832 3791 866 3830 a
916 3791 1150 3846 corpore
1209 3793 1452 3847 prmsens
1494 3787 1582 3834 est
1619 3778 1764 3848 apud
1815 3777 1995 3832 Domi-

412 3881 547 3920 num
580 3866 600 3898 "
630 3882 645 3931 ;
680 3875 734 3921 et
786 3866 879 3921 ubi
913 3866 1222 3936 emigravit,
1248 3866 1364 3936 jam
1410 3883 1535 3922 cum
1565 3866 1787 3922 Christo
1830 3867 1935 3937 est)
1975 3882 1991 3921 :

412 3956 522 4011 hos
548 3972 676 4012 vero
702 3955 951 4028 Spiritui,
974 3967 1236 4028 quantum
1266 3958 1486 4030 quidem
1519 3959 1574 4014 in
1607 3959 1740 4030 ipsis
1767 3967 1872 4023 est,
1898 3974 1997 4015 ne-

414 4062 522 4117 que
559 4049 664 4103 hoc
697 4049 971 4114 tribuere,
1008 4061 1067 4104 ut
1103 4065 1259 4120 aeque
1302 4051 1495 4106 saltem
1533 4059 1698 4121 atque
1745 4051 1994 4105 homines

414 4155 539 4195 cum
574 4141 795 4197 Christo
830 4143 934 4197 sit?
957 4142 1099 4209 Quin
1127 4151 1183 4201 et
1222 4144 1425 4200 Paulus
1456 4145 1698 4215 seipsum
1731 4144 1825 4200 Dei
1861 4159 1994 4199 coo-

414 4240 721 4305 peratorem
750 4235 990 4305 appellat
1038 4236 1097 4290 in
1129 4236 1608 4292 administratione
1650 4235 1934 4307 Evangelii
1976 4255 1989 4291 :

413 4323 510 4378 sed
538 4320 804 4391 Spiritum
833 4334 1112 4391 sanctum,
1144 4342 1241 4397 per
1268 4343 1431 4398 quem
1470 4328 1527 4382 in
1561 4329 1710 4382 omni
1741 4334 1994 4383 creatura

414 4431 537 4486 quae
569 4416 672 4471 sub
694 4417 834 4471 coelo
865 4425 972 4483 est,
998 4418 1295 4475 fructiﬁcat
1322 4420 1698 4491 Evangelium,
1726 4421 1771 4476 si
1802 4435 1994 4490 coope-

2095 3240 2371 3310 Πνεύματι
2420 3237 2543 3309 οὐχὶ
2590 3238 2686 3292 σὺν
2741 3235 2961 3309 Χριστῷ
3008 3237 3042 3307 ἠ
3096 3235 3243 3307 (toﬁ;
3293 3236 3355 3287 Ei
3407 3234 3464 3288 δὲ
3513 3235 3675 3289 τοῦτο

2094 3330 2189 3382 καὶ
2219 3328 2331 3399 (76)
2371 3327 2579 3398 διανοίᾳ
2624 3326 2808 3379 Λαϐεῖν
2837 3325 3054 3387 ἀσεϐὲς,
3093 3322 3211 3386 πῶς
3240 3323 3338 3393 οὐχ
3376 3321 3544 3385 ὅσιον,
3595 3320 3675 3383 ὡς

2093 3420 2206 3491 ἔχει
2245 3419 2478 3490 φύσεως,
2520 3418 2665 3471 οὕτω
2706 3418 2802 3470 καὶ
2837 3417 2937 3487 τὴν
2973 3414 3261 3486 ὁμολογίαν
3308 3412 3676 3483 συνημμένως

2093 3512 2433 3577 ἀποδιδόναι;
2484 3507 2620 3564 Εἶτα
2640 3549 2655 3574 ,
2686 3509 2805 3570 πῶς
2837 3509 2898 3561 ού
2939 3508 3039 3577 τῆς
3069 3506 3303 3576 ἐσχάτης
3337 3503 3674 3573 ἀναλγησίας

2092 3607 2219 3668 τοὺς
2263 3604 2360 3675 μὲν
2383 3603 2572 3671 ἁγίους
2611 3600 2891 3673 ὁμολογεῖν
2933 3600 3028 3652 σὺν
3059 3597 3280 3670 Χριστῷ
3305 3591 3444 3648 εἶναι
3470 3594 3673 3666 (εἴπερ

2092 3696 2155 3768 δὴ
2184 3696 2390 3759 Παῦλος
2414 3695 2728 3766 ἐκδημήσας
2752 3692 2862 3746 ἀπὸ
2887 3689 2983 3744 τοῦ
3026 3689 3277 3761 σώματος
3309 3688 3418 3758 (77)
3449 3687 3674 3757 ἐνδημεί

2092 3788 2230 3859 πρὸς
2243 3789 2335 3842 τὸν
2352 3786 2578 3858 Κύριον,
2598 3788 2692 3840 καὶ
2709 3784 2981 3848 ἀναλύσας
3000 3783 3095 3836 σὺν
3116 3779 3335 3852 Χριστῷ
3355 3781 3501 3832 ἐστιν
3521 3779 3671 3854 ᾔδη),

2090 3878 2170 3949 τῷ
2200 3878 2257 3931 δὲ
2284 3876 2560 3949 Πνεύματι
2593 3875 2816 3939 τούτους
2848 3875 2979 3946 μηδὲ
3013 3876 3125 3934 τοῖς
3155 3871 3461 3943 ἀνθρώποις
3491 3868 3673 3936 ἐξίσου

2096 3973 2232 4040 μετὰ
2272 3968 2509 4041 Χριστοῦ
2542 3964 2703 4033 εἶναι,
2755 3967 2879 4034 τόγε
2914 3967 2995 4027 εἰς
3032 3966 3227 4028 αὐτοὺς
3265 3960 3420 4036 ἧκον,
3453 3962 3681 4031 μεταδι-

2091 4059 2271 4125 δόναι;
2298 4061 2407 4113 Καὶ
2438 4060 2648 4124 Παῦλος
2690 4058 2825 4112 Θεοῦ
2863 4058 2960 4130 μὲν
3000 4055 3254 4127 συνεργὸν
3286 4054 3473 4108 ἑαυτὸν
3514 4056 3573 4107 ὲν
3605 4055 3672 4124 τῇ

2091 4153 2370 4223 οἰκονομίᾳ
2398 4152 2492 4205 τοῦ
2536 4150 2868 4220 Εὐαγγελίου
2912 4148 3094 4203 καλεῖ·
3137 4147 3199 4199 τὸ
3242 4145 3299 4199 δὲ
3348 4144 3573 4217 Πνεῦμα
3613 4145 3676 4198 τὸ

2092 4244 2266 4312 ἀγιον,
2292 4244 2360 4296 δι’
2391 4235 2451 4296 οῦ
2483 4244 2540 4297 ὲν
2574 4242 2724 4314 πάσῃ
2745 4241 2918 4295 κτίσει
2945 4241 3010 4311 τῇ
3031 4238 3135 4293 ὑπὸ
3155 4237 3245 4292 τὸν
3274 4237 3504 4310 οὐρανὸν
3538 4255 3676 4311 καρ-

2091 4336 2409 4404 ποφορεὴαι
2446 4334 2507 4387 τὸ
2553 4331 2912 4401 Εύαγγέλιον,
2962 4330 3060 4383 ἐὰν
3103 4329 3363 4401 συνεργὸν
3405 4329 3673 4400 εἴπωμεν,

2092 4424 2372 4480 κάνταῦθα
2401 4425 2513 4496 (78)
2544 4424 2797 4487 ἀσεϐείας
2824 4421 3041 4493 γραφὴν
3077 4421 3200 4475 καθ’
3244 4420 3402 4492 ἡμῶν
3439 4422 3677 4490 ἀπενέγ-

412 4517 650 4564 ratorem
677 4509 1034 4578 appellemus,
1064 4511 1154 4565 hic
1181 4527 1401 4581 quoque
1420 4512 1715 4582 impietatis
1736 4528 1837 4567 nos
1866 4526 1987 4567 reos

2097 4535 2310 4585 καιντο;
2354 4518 2465 4572 Καὶ
2495 4518 2570 4581 ὡς
2621 4517 2816 4580 ἔοικεν,
2864 4517 2897 4587 ἡ
2947 4517 3043 4588 μὲν
3072 4513 3185 4586 ζωὴ
3212 4515 3319 4567 τῶν
3364 4514 3676 4583 ἠλπικότων

411 4599 707 4671 peragent?
735 4598 801 4653 Et
820 4611 880 4655 ut
906 4601 1141 4665 videtur,
1177 4603 1282 4657 vita
1313 4606 1651 4674 sperantium
1677 4605 1731 4658 in
1757 4602 1987 4659 Domino

2097 4610 2187 4662 ἐπὶ
2208 4610 2411 4682 Κύριον
2430 4609 2735 4681 κέκρυπται
2765 4610 2861 4663 σὺν
2884 4608 2960 4678 τῷ
2986 4606 3205 4679 Χριστῷ
3226 4608 3284 4660 ὲν
3299 4606 3375 4677 τῷ
3393 4605 3512 4676 Θεῷ
3526 4621 3540 4634 ·
3578 4607 3675 4660 καὶ

413 4690 737 4747 abscondita
762 4702 848 4747 est
879 4706 1004 4746 cum
1038 4692 1259 4749 Christo
1287 4696 1344 4749 in
1378 4694 1517 4760 Deo,
1558 4711 1793 4766 cumque
1827 4694 1987 4750 Chrio

2097 4701 2215 4754 ὅταν
2264 4701 2292 4754 ό
2330 4701 2564 4773 Χριστὸς
2601 4700 2890 4773 φανερωθῇ
2914 4701 2991 4770 ,ἠ
3042 4697 3157 4771 ζωὴ
3204 4698 3382 4770 ἡμῶν,
3416 4697 3539 4751 τότε
3577 4699 3676 4752 καλ⁵

412 4791 534 4838 stus
563 4781 882 4851 apparuerit
902 4782 1014 4837 vita
1042 4791 1252 4848 nostra,
1285 4793 1400 4839 tum
1423 4793 1478 4841 et
1504 4786 1606 4855 ipsi
1638 4801 1763 4841 cum
1794 4801 1860 4841 eo
1892 4800 1987 4856 ap-

2097 4791 2240 4845 πὺτοὶ
2274 4793 2370 4846 σὺν
2396 4792 2546 4862 αὐτῷ
2568 4790 3044 4864 φανερωθήσονται
3074 4789 3132 4843 ὲν
3161 4787 3292 4861 δόξῃ
3311 4804 3327 4820 ·
3355 4786 3487 4841 αὐτὸ
3523 4786 3582 4840 δὲ
3611 4787 3677 4841 τὸ

412 4871 686 4944 parebunt
716 4872 772 4927 in
802 4873 974 4944 gloria
1005 4875 1027 4906 ⁸
1061 4872 1216 4944 :ipse
1245 4887 1428 4932 autem
1461 4875 1700 4948 Spiritus
1727 4877 1868 4942 vitae,
1897 4878 1987 4949 qui

2097 4879 2313 4952 Πνεῦμα
2335 4880 2435 4952 τῆς
2468 4881 2633 4952 ζωῆς,
2659 4881 2720 4934 τὸ
2753 4880 3125 4952 ὲλευθερῶσαν
3153 4880 3298 4950 ἡμᾶς
3328 4876 3436 4931 ἀπὸ
3459 4876 3555 4930 τοῦ
3583 4876 3673 4931 νό-

413 4964 665 5020 liberavit
692 4979 795 5021 nos
823 4979 855 5020 a
885 4965 1002 5036 lege
1023 4968 1232 5037 peccati
1265 4968 1321 5035 ’,
1356 4984 1703 5041 nequaquam
1742 4981 1827 5028 est
1863 4987 1987 5027 cum

2097 4989 2195 5043 μου
2222 4973 2321 5045 τῆς
2362 4973 2659 5047 ἁμαρτίας,
2700 4972 2950 5044 οὐδαμῶς
2991 4971 3109 5024 ἐστι
3143 4971 3240 5024 σὺν
3272 4966 3514 5040 Χριστῷ,
3546 4964 3677 5021 οὗτε

484 5117 701 5176 ιιοοιι.
728 5137 805 5186 νι,
841 5121 924 5176 ll.
1009 5120 1031 5153 '
1053 5121 1073 5177 I
1099 5121 1229 5179 Cor.
1260 5140 1315 5190 v,
1355 5124 1411 5179 4.
1489 5124 1511 5156 ⁸
1533 5123 1748 5182 Coloss.
1776 5143 1837 5192 ιι,
1868 5127 1956 5182 l3.

2104 5125 2274 5182 lCor.
2299 5144 2354 5192 v,
2384 5128 2438 5182 8.
2512 5126 2771 5206 “.Coloss.
2801 5140 2887 5194 ιιι,
2912 5126 2968 5192 5,
3000 5124 3053 5180 4.
3133 5126 3153 5157 ⁸
3174 5122 3332 5179 Rom.
3360 5136 3480 5186 vm,
3504 5120 3560 5175 2.

1837 5280 1864 5293 υ

488 5274 598 5353 (ᾙ)
619 5278 1082 5353 Καταδεχθῆναι.
1108 5279 1240 5352 Reg.
1268 5279 1538 5353 secundus
1560 5280 1981 5353 παραδεχθῆναι.

414 5342 458 5400 Ρ
488 5298 598 5348 μιν)
619 5298 1082 5361 ιιατᾳοεχσηναι.
1108 5298 1240 5352 neg.
1268 5298 1538 5368 secundus
1560 5298 1981 5404 παραοεέυηναι.

460 5346 593 5429 aula
612 5350 897 5429 postulem
935 5351 1113 5429 god_et_t_
1139 5354 1197 5429 εν
1227 5368 1342 5429 τοις
1356 5352 1629 5429 -κῇτόπιν-
1647 5351 1755 5404 ὲδιδ
1795 5351 1981 5421 ξαμεν.

517 5415 719 5496 ἷξηῷ
741 5419 987 5496 Χριστῷο
1014 5420 1163 5496 Εάίιί
1192 5422 1289 5496 cia?
1317 5422 1393 5496 τῷ
1419 5415 1815 5496 hminem
1846 5415 1986 5490 tire-

415 5486 618 5556 positio
642 5486 795 5543 deest
821 5489 878 5542 in
902 5491 1117 5547 duobus
1154 5486 1399 5546 melioris
1428 5486 1572 5546 notae
1592 5486 1888 5546 codicibus.

452 5554 601 5637 __(7_§)
624 5559 692 5637 ξι
709 5557 778 5637 δὲ
797 5560 980 5637 τοῦτο.
996 5561 1241 5637 καίκβίε
1270 5563 1431 5637 iidem
1450 5559 1984 5637 duqcodigesmodo

416 5630 589 5704 citati.
622 5630 982 5704 Quatuoralii
1021 5632 1083 5683 Et
1110 5631 1296 5704 δὲκαὶ
1324 5633 1501 5704 τοῦτο.
1521 5630 1679 5704 Editi
1709 5633 1773 5704 Et
1802 5632 1860 5704 δὲ
1887 5633 1983 5685 καὶ

415 5698 573 5749 τοῦτο
603 5698 715 5752 καί.
756 5699 929 5755 Paulo
955 5708 1078 5771 post
1111 5702 1241 5757 editi
1276 5702 1391 5766 πῶς
1424 5703 1542 5774 οὐχὶ
1566 5703 1659 5758 καὶ
1695 5702 1795 5774 τῆς
1815 5703 1981 5773 ἐσχά-

2088 5296 2206 5353 της.
2241 5280 2465 5337 Veteres
2491 5280 2618 5335 libri
2656 5287 2715 5334 ut
2739 5280 2795 5334 in
2818 5285 2994 5335 textu.
3348 5292 3373 5359 _‘
3604 5345 3616 5356 .

2091 5422 2105 5435 _
2161 5352 2276 5435 (7η
2326 5352 2460 5435 Ἀπὸ
2484 5352 2591 5406 τοῦ
2631 5343 3669 5435 επὶνώυιιατος.,ηε-ιιιεῆ(ιοιίιεεεΪί

2087 5414 2284 5507 ἐπε-’τοῦ
2316 5423 2591 5507 σιὶιμειποςΖ
2632 5414 2802 5507 Paulo
2826 5414 2970 5507 [post
3001 5420 3132 5475 editi
3171 5414 3542 5507 oiov‘cdys‘eig‘
3564 5416 3669 5507 at}:

2088 5494 2280 5556 τοὺς...
2316 5490 2410 5547 ml.
2433 5495 2490 5545 ὲν
2523 5493 2671 5563 πάσῃ
2706 5494 2796 5561 τῇ.
2824 5490 3054 5547 Codices
3081 5504 3218 5545 mss.
3252 5497 3312 5543 ut
3347 5490 3402 5541 in
3432 5494 3583 5541 textu
3609 5492 3667 5539 ct

2087 5566 2260 5632 prima
2296 5563 2619 5632 Basileensis
2652 5563 2840 5616 editio.

2159 5634 2271 5705 (78)
2302 5631 2636 5705 Κάνταῦθα.
2676 5633 2823 5685 Hanc
2862 5645 3074 5705 vocem.
3105 5645 3227 5701 qua:
3256 5629 3439 5685 deerat
3470 5627 3523 5680 in
3544 5624 3671 5680 edi-
3696 5676 3699 5677 ,

2088 5703 2178 5769 tis,
2205 5702 2515 5759 addidimus
2540 5718 2608 5758 ex
2629 5717 2762 5759 mss.
2790 5702 3096 5756 codicibus.
