3886 6220
186 338 282 396 197

1323 334 1522 388 LIBER
1554 332 1645 387 DE
1676 331 1947 389 SPlRlTU
1991 331 2287 390 SANCTO.

3352 330 3458 388 198

186 460 240 512 ὲν
267 452 617 529 λανθανούσῃ
646 456 749 509 καὶ
772 454 1127 528 κεκρυμμένῃ
1168 455 1265 509 σὺν
1304 455 1453 527 αὐτῷ
1488 452 1624 527 ζωῇ,
1656 453 1771 507 οὔτε

1882 452 2137 518 Christo,
2178 468 2356 523 neque
2384 451 2439 507 in
2477 450 2587 506 vita
2627 450 2834 506 latente
2869 455 2925 505 et
2973 448 3294 505 abscondita
3336 464 3464 506 cum

187 551 239 599 ὲν
264 549 331 616 τῇ
361 546 687 618 φανερώσει
714 550 815 617 τῆς
850 546 1027 617 δόξης,
1060 547 1125 617 ἦν
1153 548 1316 617 ἡμεῖς
1345 545 1439 599 ἐπὶ
1456 548 1570 609 τοῖς
1605 544 1781 612 ἁγίοις

188 635 606 707 ἐκφανήσεσθαι
660 636 1079 708 προσδοκῶμεν;
1117 634 1459 708 Κληρονόμοι
1495 635 1650 702 Θεοῦ,
1685 636 1780 690 καὶ

189 726 628 799 συγκληρονὸμοι
662 727 900 800 Χριστοῦ
944 730 1140 799 ἡμεῖς·
1176 728 1238 780 τὸ
1281 729 1339 781 δὲ
1375 726 1598 798 Πνεῦμα
1632 728 1781 782 ἀπό-

185 819 381 892 κληρον
416 821 520 874 καὶ
553 820 788 891 ἄμοιρον
827 820 928 891 τῆς
953 819 1238 885 κοινωνίας
1276 820 1368 874 τοῦ
1398 819 1533 874 Θεοῦ
1562 821 1655 874 καὶ
1684 819 1777 873 τοῦ

182 912 414 982 Χριστοῦ
447 912 655 976 αὐτοῦς
684 912 797 965 Καὶ⁸
844 912 974 966 αὐτὸ
1026 913 1128 984 μὲν
1156 913 1218 966 τὸ
1248 912 1475 983 Πνεῦμα
1524 930 1780 983 συμμαρ-

182 1006 331 1076 τυρεῖ
362 1002 454 1074 τῷξ
488 1003 773 1074 πνεύματι
822 1002 999 1075 ἡμῶν,
1051 1004 1133 1057 ὅτι
1189 1004 1356 1074 ἐσμὲν
1397 1004 1562 1057 τέκνα
1607 1004 1774 1057 Θεοῦ·

183 1096 338 1164 ἡμεῖς
368 1093 427 1147 δὲ
455 1092 541 1164 τῷ
576 1092 862 1164 Πνεύματι
890 1094 1008 1146 οὐδὲ
1045 1095 1113 1165 ἣν
1144 1094 1294 1166 παρά
1326 1094 1418 1148 τοῦ
1445 1096 1651 1166 Κυρίου
1680 1113 1779 1166 με-

190 1184 520 1257 μαθήκαμεν
554 1185 662 1257 τῆς
703 1186 835 1258 πρὸς
863 1186 994 1240 Θεὸν
1026 1188 1310 1251 κοινωνίας
1337 1189 1439 1257 τὴν
1473 1188 1778 1258 μαρτυρίαν

182 1276 637 1347 κατατιθέμεθα;
679 1278 753 1329 Τὸ
790 1277 847 1330 δὲ
891 1278 1185 1347 κεφάλαιον
1232 1281 1329 1350 τῆς
1370 1278 1575 1343 ἀνοίας,
1619 1280 1778 1349 ἡμεῖς

186 1369 279 1439 μὲν
304 1366 394 1421 διὰ
438 1369 548 1439 τῆς
601 1369 685 1433 εἰς
712 1370 947 1440 Χριστὸν
986 1370 1221 1434 πίστεως
1260 1372 1358 1441 τῆς
1408 1373 1466 1423 ὲν
1501 1370 1778 1440 Πνεύματι

187 1460 694 1532 συνεγερθήσεσθαι
748 1462 897 1533 αὐτῷ
941 1464 1035 1517 καὶ
1085 1464 1527 1532 συγκαθεδεῖσθαι
1568 1464 1678 1536 (79)
1719 1466 1779 1517 ὲν

182 1556 290 1616 τοῖς
314 1555 679 1626 ἐπουρανίοις
707 1553 1019 1626 ἐλπίζομεν,
1061 1554 1192 1609 ’ὅταν
1237 1556 1693 1627 μετασχηματίσει
1717 1555 1780 1608 τὸ

189 1645 342 1717 σῶμα
365 1645 472 1716 τῆς
506 1645 905 1708 ταπεινώσεως
942 1646 1099 1718 ἡμῶν
1122 1647 1230 1701 ἀπὸ
1254 1646 1347 1701 τοῦ
1377 1647 1608 1718 ψυχικοῦ
1642 1648 1779 1721 πρὸς

182 1737 241 1788 τὸ
283 1737 704 1807 πνευματικόν’
737 1737 818 1808 τῷ
854 1737 911 1791 δὲ
962 1738 1244 1810 Πνεῦματι
1279 1739 1340 1792 οὐ
1370 1740 1672 1810 συνεδρίας,
1714 1741 1776 1792 οὐ

186 1826 354 1898 δόξης,
379 1828 482 1880 οὐκ
512 1828 684 1881 ἄλλου
712 1828 879 1893 τινὸς,
906 1822 981 1883 ὧν
1008 1829 1205 1901 ἔχομεν
1232 1830 1364 1902 παρ’
1386 1829 1573 1895 αὐτοῦ,
1607 1848 1774 1901 μετα·
1807 1808 1851 1862 Β

185 1917 428 1988 δίδομενς
465 1918 593 1972 ἀλλ’
645 1910 722 1973 ὧν
766 1919 994 1984 ἑαυτοὺς
1046 1920 1232 1987 ἀξίους
1288 1917 1447 1986 εἶναι,
1487 1920 1626 1974 κατὰ
1676 1921 1775 1993 τὴν

187 2008 377 2081 ἀψευδῆ
397 2010 495 2064 τοῦ
532 2012 1013 2084 ἐπαγγειλαμένου
1045 2012 1276 2085 δωρεὰν,
1305 2013 1770 2085 πεπιστεύκαμεν,

189 2100 377 2154 τούτων
404 2102 634 2168 οὐδενὸς
669 2102 749 2175 τῷ
793 2103 1070 2174 Πνεύματι
1114 2103 1192 2174 τῷ
1241 2105 1379 2174 ἁγίῳ
1405 2104 1480 2166 ὡς
1511 2104 1774 2176 ὑπερϐαί-

188 2207 356 2255 νοντος
381 2194 553 2247 αὐτοῦ
576 2194 683 2266 τὴν
712 2194 872 2259 ἀξίαν
899 2195 1336 2269 παραχωροῦμεν
1359 2212 1375 2261 ;
1414 2196 1525 2249 Καὶ
1562 2196 1645 2249 σοὶ¹
1676 2196 1775 2267 μὲν

189 2285 319 2338 κατά
344 2286 446 2358 τὴν
477 2284 649 2351 ἀξίαν
694 2289 813 2341 ἐστὶ
853 2288 1081 2343 πάντοτε
1119 2283 1256 2342 εἶναι
1292 2288 1388 2341 σὺν
1435 2286 1513 2358 τῷ
1561 2287 1771 2359 Κυρίῳ,

192 2376 276 2428 καὶ
307 2376 646 2449 προσδοκᾷς,
680 2379 952 2449 ἀρπαγεὶς
988 2380 1045 2431 ὲν
1073 2379 1321 2448 νεφέλαις
1348 2380 1428 2443 εἰς
1471 2380 1774 2451 ἀπάντησιν

194 2469 266 2530 εἰς
283 2469 434 2540 ἀέρα,
458 2470 704 2523 πάντοτε
729 2468 1043 2524 συνέσεσθαι
1071 2469 1149 2541 τῷ
1174 2471 1393 2542 Κυρίῳ·
1423 2471 1484 2525 τὸ
1519 2472 1576 2525 δὲ
1606 2472 1775 2526 Πνεῦ-

197 2574 264 2628 μα
287 2558 377 2612 νῦν
411 2560 728 2627 ἀντιλέγεις
760 2560 874 2631 (80)
923 2557 1061 2614 εἶναι
1110 2562 1206 2615 σὺν
1236 2561 1314 2633 τῷ
1346 2563 1602 2635 Χριστῷ;
1632 2564 1690 2628 ὃς
1709 2581 1774 2633 γε

190 2649 273 2703 τὸν
296 2650 747 2723 συναριθμοῦντα
774 2651 909 2705 αὐτὸ
939 2651 1034 2706 καὶ
1077 2652 1441 2707 συντάσσοντα
1479 2653 1653 2725 Πατρὶ
1679 2656 1775 2708 καὶ

192 2740 296 2812 Υἱῷ
336 2742 628 2815 ἐξόριστον
673 2743 906 2810 τίθεσαι,
950 2743 1026 2808 ὡς
1071 2744 1321 2816 ἀφόρητα
1373 2745 1760 2801 δυσσεϐοῦντα.

255 2833 334 2888 70.
370 2835 720 2906 Αἰσχύνομαι
773 2836 1068 2905 ἐπαγαγεῖν
1101 2837 1169 2891 τὰ
1219 2835 1534 2907 λειπόμενα,
1579 2838 1660 2891 ὅτι
1706 2839 1770 2891 σὺ

190 2924 283 2993 μὲν
315 2925 853 2998 συνδοξασθήσεσθαι
887 2927 1107 3000 Χριστῷ
1132 2928 1434 2999 προσδοκᾷς
1454 2927 1633 3000 (εἴπερ
1665 2929 1771 3002 γὰρ

195 3015 581 3089 σνμπάσχομεν
620 3018 709 3072 ἵνα
736 3019 832 3072 καὶ
857 3018 1344 3090 συνδοξασθῶμεν)·
1374 3021 1433 3073 τὸ
1463 3020 1521 3074 δὲ
1552 3014 1802 3091 Πνεῦμα

190 3105 282 3175 τῆς
310 3108 631 3180 ἁγιωσύνης
652 3110 729 3163 ὀὐ
769 3111 1106 3178 συνδοξάζεις
1147 3112 1389 3184 Χριστῷ,
1424 3111 1500 3177 ὡς
1533 3114 1653 3167 οὐδὲ
1688 3116 1771 3168 σοὶ

195 3198 289 3251 τῶν
315 3199 440 3254 ἴσων
466 3201 770 3271 τυγχάνειν
796 3202 942 3269 ἄξιον
978 3204 1119 3274 (81).
1152 3206 1261 3257 Καὶ
1290 3205 1355 3257 σὺ
1394 3203 1494 3275 μὲν
1525 3203 1766 3269 ἐλπίζεις

190 3291 610 3361 συμϐασιλεύειν
628 3310 642 3323 ·
666 3294 799 3347 τὸδὲ
828 3294 1051 3366 Πνεῦμα
1074 3294 1175 3366 τῆς
1196 3295 1415 3366 χάριτος
1439 3296 1763 3367 ἐνυϐρίζεις,

194 3381 281 3452 τὴν
300 3382 479 3438 δούλου
502 3384 665 3457 αὐτῷ
691 3388 782 3440 καὶ
815 3387 1088 3458 ὑπηρέτου
1116 3387 1267 3453 τάξιν
1288 3386 1631 3459 ἀποκληριῖω.
1657 3389 1766 3441 Καὶ

190 3472 348 3528 ταῦτα
398 3476 570 3546 λέγω,
628 3480 729 3549 οὐχ
784 3479 871 3533 ἵνα
922 3478 1173 3533 τοσοῦτον
1220 3481 1377 3546 δείξω
1422 3480 1765 3551 ὀφειλόμενον

198 3563 320 3620 εἶναι
348 3570 424 3633 εἰς
448 3569 769 3639 δοξολογίαν
796 3570 874 3640 τῷ
894 3570 1171 3643 Πνεύματι
1196 3589 1209 3603 ο
1233 3572 1346 3626 ἀλλ’
1369 3573 1457 3625 ἵνα
1472 3572 1571 3644 τὴν
1593 3574 1768 3640 ἀγνω-

195 3660 415 3732 μοσύνην
448 3662 665 3732 ἐλέγξω
702 3662 811 3715 τῶν
860 3664 994 3735 μηδὲ
1024 3664 1279 3718 τοσοῦτον
1327 3648 1596 3728 διδόντων,
1651 3664 1765 3718 ἀλλ’

194 3746 263 3812 ὡς
306 3752 554 3808 ἀσέϐειαν
614 3754 924 3823 φευγόντων
968 3755 1066 3827 τὴν
1120 3755 1213 3809 τοῦ
1264 3755 1581 3826 Πνεύματος
1631 3755 1767 3828 πρὸς

198 3839 311 3893 Υἱὺν
341 3843 429 3897 καὶ
464 3844 699 3916 Πατέρα
738 3845 1022 3898 κοινωνίαν
1067 3845 1169 3915 τῆς
1209 3845 1387 3916 δόξης.
1427 3846 1523 3910 Τίς
1547 3846 1766 3900 δύναται

198 3932 352 3988 ταῦτα
382 3936 685 3990 ἀστενακτὶ
708 3935 999 4007 παρελθεῖν
1023 3952 1038 4001 ;
1065 3938 1135 3989 Ἢ
1176 3936 1284 4009 γὰρ
1309 3937 1429 4007 οὐχὶ
1484 3937 1767 4008 προδήλως

201 4022 319 4095 (82),
340 4024 477 4079 ὥστε
508 4025 619 4080 κᾶν
659 4026 814 4079 παιδὶ
844 4024 1096 4096 γενέσθαι
1137 4024 1430 4098 γνώριμον,
1476 4026 1573 4097 τὴν
1607 4027 1766 4081 ἀπει-

202 4112 431 4185 ληθεῖσαν
448 4118 547 4189 τῆς
565 4117 806 4181 πίστεως
826 4116 1063 4186 ἔκλειψιν
1080 4117 1521 4188 προοιμιάζονται
1539 4116 1607 4171 τὰ
1627 4134 1768 4189 παρ-

204 4205 341 4275 όντας
379 4209 681 4280 Ἀμφίϐολα
704 4208 896 4278 γέγονε
929 4208 997 4261 τὰ
1027 4208 1414 4281 ἀναντίρῤητα.
1437 4209 1767 4281 Πιστεύομεν

206 4298 275 4361 εἰς
301 4300 356 4353 τὸ
375 4300 601 4373 Πνεῦμα
621 4317 637 4332 ·
666 4302 762 4355 καὶ
780 4304 895 4365 ταῖς
912 4301 1206 4373 ἡμετέραις
1233 4301 1411 4355 αὐτῶν
1456 4302 1767 4373 ὁμολογίαις

208 4386 623 4463 ζυγομαχοῦμεν.
669 4391 1082 4463 Βαπτιζόμεθαο
1138 4392 1232 4446 καὶ
1262 4392 1424 4446 πάλιν
1458 4392 1764 4464 μαχόμεθα,

1882 544 1999 607 illo,
2034 559 2210 614 neque
2245 545 2301 597 in
2330 542 2768 599 manifestatione
2797 542 3006 613 glorim,
3050 556 3215 611 quam
3258 555 3359 596 nos
3404 544 3464 596 in

1881 636 2090 690 sanctis
2122 634 2556 706 patefaciendam
2592 649 2716 690 esse
2749 633 3165 703 exspectamus?
3201 632 3463 690 Haercdes

1880 723 1979 779 Dei
2012 733 2066 782 et
2115 725 2430 781 cohaeredes
2465 724 2676 779 Christi
2715 739 2819 779 nos
2856 739 3048 779 sumus
3079 724 3122 755 ¹⁰
3161 742 3174 778 :
3223 721 3465 793 Spiritus

1879 832 2013 871 vero
2047 816 2294 871 exhaeres
2337 824 2455 884 est,
2505 823 2561 871 et
2601 831 2794 871 exsors
2838 815 3245 871 communionis
3275 815 3373 870 Dei
3408 824 3466 873 et

1880 907 2085 964 Christi
2122 909 2280 979 ejus?
2304 907 2371 963 Et
2404 909 2523 978 ipse
2553 908 2773 979 quidem
2807 906 3048 978 Spiritus
3081 909 3461 964 testimonium

1878 1002 2126 1073 perhibet
2176 1002 2396 1072 spiritui
2426 1013 2637 1069 nostro,
2669 1004 2830 1072 _quod
2870 1003 3043 1058 simus
3076 1001 3171 1055 ﬁlii
3218 1000 3314 1056 Dei
3351 1002 3393 1033 “
3442 1019 3457 1056 :

1878 1108 1982 1149 nos
2007 1108 2136 1147 vero
2170 1092 2419 1160 Spiritui,
2446 1109 2516 1148 ne
2547 1094 2670 1163 ejus
2699 1094 2919 1164 quidem
2955 1094 3262 1160 societatis,
3295 1109 3458 1165 quam

1880 1185 1957 1239 illi
1983 1200 2107 1239 cum
2139 1184 2249 1239 Deo
2268 1199 2390 1240 esse
2418 1199 2448 1237 a
2472 1185 2705 1239 Domino
2735 1186 3050 1250 didicimus,
3083 1186 3461 1240 testimonium

1878 1275 2225 1345 pracbemus?
2256 1274 2427 1329 Porro
2452 1275 2598 1346 quod
2622 1285 2707 1332 est
2735 1279 2988 1333 amentiae
3014 1285 3201 1348 caput,
3232 1294 3333 1333 nos
3364 1293 3463 1349 per

1880 1368 2038 1423 ﬁdem
2067 1369 2122 1422 in
2147 1367 2425 1423 Christum
2448 1384 2570 1437 quae
2595 1379 2678 1423 est
2710 1369 2765 1422 in
2800 1368 3029 1440 Spiritu,
3050 1379 3461 1426 rcsurrecturos

1880 1474 2003 1513 cum
2034 1459 2128 1512 illo
2159 1468 2214 1515 et
2236 1460 2399 1514 simul
2435 1476 2560 1514 cum
2594 1461 2690 1514 illo
2718 1474 2973 1515 sessuros
2999 1476 3124 1516 esse
3164 1462 3219 1515 in
3260 1476 3457 1530 super-

1880 1551 2200 1606 cmlestibus
2239 1566 2546 1621 speramus,
2577 1567 2701 1607 cum
2730 1553 3208 1610 transformaverit
3255 1570 3459 1624 corpus

1879 1642 2202 1698 humilitatis
2223 1652 2428 1699 nostra:
2451 1644 2519 1698 ab
2545 1645 2766 1699 animali
2785 1645 2854 1699 ad
2885 1646 3191 1715 spirituale;
3230 1646 3461 1716 Spiritui

1878 1748 2008 1789 vero
2034 1750 2145 1789 non
2175 1750 2530 1804 consessum,
2565 1751 2676 1791 non
2699 1737 3082 1807 gloriam,non
3115 1738 3266 1792 aliud
3297 1739 3461 1807 quid-

1882 1842 2044 1897 quam
2064 1842 2252 1882 eorum
2279 1844 2401 1894 quae
2428 1829 2497 1884 ab
2527 1830 2645 1899 ipso
2667 1830 2952 1893 habemus,
2977 1831 3344 1900 impertimus?
3364 1832 3462 1887 sed

1881 1920 2085 1990 quibus
2119 1935 2221 1975 nos
2252 1919 2361 1991 59
2398 1921 2548 1990 ipsos
2574 1934 2695 1976 esse
2717 1921 2934 1993 dignos,
2966 1937 3034 1977 ex
3056 1922 3176 1991 ejus
3210 1924 3301 1992 qui
3334 1938 3462 1993 pro-

1881 2011 2031 2066 misit
2067 2025 2176 2064 non
2227 2012 2480 2066 mendaci
2523 2026 2773 2076 munere,
2802 2013 3104 2076 credimus,
3136 2013 3331 2068 horum
3369 2014 3462 2067 ni-

1882 2102 1957 2156 hil
1999 2100 2226 2172 Spiritui
2258 2113 2469 2167 sancto,
2492 2104 2648 2174 quasi
2674 2113 2935 2174 superent
2964 2105 3111 2160 illius
3143 2104 3460 2175 dignitatem

1880 2193 2262 2249 concedimus?
2285 2193 2351 2246 Et
2381 2194 2479 2248 tibi
2505 2194 2724 2265 quidem
2753 2210 2852 2264 pro
2874 2195 3067 2250 merito
3095 2195 3222 2250 licet
3247 2210 3463 2264 semper

1880 2299 2005 2339 esse
2030 2299 2154 2338 cum
2187 2283 2422 2338 Domino
2456 2303 2469 2338 :
2505 2293 2559 2339 et
2591 2293 2905 2354 exspectas,
2943 2292 3002 2338 ut
3034 2292 3227 2354 raptus
3272 2286 3328 2339 in
3358 2301 3461 2339 nu-

1879 2378 2042 2434 bibus
2067 2378 2122 2432 in
2154 2393 2448 2435 occursum
2488 2382 2543 2434 in
2575 2395 2791 2445 aerem,
2825 2395 3043 2451 semper
3073 2382 3152 2437 sis
3190 2397 3315 2436 cum
3349 2380 3460 2437 Do-

1879 2471 2029 2526 mino
2058 2472 2103 2502 “
2135 2487 2150 2524 :
2193 2469 2458 2540 Spiritum
2508 2479 2691 2528 autem
2731 2487 2881 2526 nunc
2910 2488 3034 2528 esse
3067 2487 3193 2527 cum
3236 2473 3461 2529 Christo

1880 2562 2080 2632 negas?
2117 2560 2222 2628 Qui
2259 2564 2473 2620 scilicet
2503 2580 2651 2630 eum,
2684 2565 2779 2633 qui
2809 2564 2988 2634 ipsum
3033 2581 3157 2619 cum
3191 2564 3353 2621 Patre
3395 2581 3463 2623 ac

1879 2650 2021 2707 Filio
2051 2660 2300 2708 numerat
2321 2669 2385 2709 ac
2413 2657 2580 2719 locat,
2617 2657 2846 2725 expellis
2875 2664 2928 2710 et
2957 2656 3137 2726 ejicis,
3179 2658 3327 2714 velut
3363 2658 3460 2728 qui

1879 2744 2213 2813 impietatem
2240 2761 2352 2800 non
2384 2746 2660 2801 ferendam
2695 2747 3000 2804 admiserit.
3072 2784 3073 2787 η

1949 2835 2038 2890 70.
2063 2834 2237 2891 Pudet
2264 2838 2475 2908 reliqua
2508 2838 2829 2909 adjungere;
2860 2840 3007 2910 quod
3036 2847 3097 2894 tu
3121 2840 3341 2911 quidem
3372 2856 3462 2897 exs

1881 2934 2097 2995 spectas
2125 2925 2262 2991 lore,
2292 2936 2351 2982 ut
2377 2943 2501 2982 cum
2531 2927 2753 2982 Christo
2777 2928 3100 2997 gloriﬁceris
3136 2948 3153 2982 ε
3186 2929 3457 3000 siquidem

1880 3017 2043 3072 simul
2074 3018 2384 3088 alIligimur,
2416 3028 2474 3071 ut
2499 3020 2663 3073 simul
2695 3036 2915 3089 quoque
2945 3021 3319 3091 glorilicemur
3362 3023 3406 3053 ³³
3439 3042 3454 3078 :

1883 3108 2146 3180 Spiritum
2168 3120 2347 3166 autem
2374 3112 2830 3167 sanctificationis
2858 3128 2968 3165 non
3000 3112 3273 3182 gloriﬁcas
3292 3113 3458 3169 simul

1874 3219 1998 3259 cum
2037 3205 2473 3277 Cliristo,.quasi
2504 3222 2573 3262 ne
2615 3208 2732 3276 pari
2768 3206 2988 3277 quidem
3038 3216 3217 3262 tecum
3249 3209 3460 3265 honoro

1872 3297 2118 3368 dignum.
2151 3298 2217 3351 Et
2248 3312 2303 3354 tu
2332 3301 2555 3369 quidem
2591 3314 2781 3370 speras
2815 3308 2869 3356 te
2917 3316 3043 3356 cum
3090 3316 3156 3357 eo
3199 3311 3458 3373 regnatu-

1872 3405 2017 3453 rum,
2058 3389 2323 3459 Spiritum
2354 3407 2482 3448 vero
2508 3394 2700 3462 gratia:
2724 3394 2898 3449 alﬁcis
2921 3395 3278 3461 contumelia,
3311 3396 3457 3452 servi

1873 3479 2173 3551 famulique
2218 3483 2400 3537 locum
2446 3484 2527 3537 illi
2567 3485 2877 3555 assignans.
2920 3487 3100 3557 Atque
3147 3488 3261 3543 haec
3293 3489 3453 3554 dico,

1872 3585 1983 3625 non
2018 3579 2078 3626 ut
2110 3572 2377 3627 duntaxat
2407 3576 2694 3629 ostendam
2729 3578 3062 3634 tantumdem
3104 3578 3331 3635 honoris
3360 3582 3459 3635 de-

1872 3661 1989 3717 beri
2016 3662 2241 3732 Spiritui
2274 3665 2326 3718 in
2346 3666 2763 3735 glorilicatione,
2798 3670 2892 3724 sed
2914 3678 2972 3724 ut
3002 3672 3220 3727 illorum
3233 3674 3455 3729 demen-

1872 3755 2003 3807 tiam
2039 3754 2385 3826 redarguam,
2415 3759 2510 3828 qui
2542 3776 2611 3815 ne
2636 3761 2741 3815 hoc
2764 3762 2984 3831 quidem
3012 3763 3092 3818 illi
3117 3766 3451 3833 concedunt,

1874 3846 1969 3900 sed
2001 3848 2144 3902 velut
2171 3849 2503 3919 impietatem
2545 3851 2804 3917 horrent,
2855 3853 3093 3923 Spiritus
3133 3872 3258 3911 cum
3289 3856 3454 3915 Patre

1873 3945 1929 3993 et
1961 3936 2099 3993 Filio
2120 3940 2175 3994 in
2207 3940 2382 4011 gloria
2412 3944 2776 4001 consortium.
2801 3945 2936 4011 Quis
2973 3955 3152 4016 potest
3184 3949 3299 4004 haec
3325 3952 3454 4007 abs-

1873 4044 1980 4098 que
2009 4030 2209 4099 gemitu
2246 4036 2713 4089 commemorare?
2737 4035 2932 4089 Annon
2972 4036 3321 4095 manil‘estum
3344 4048 3449 4107 est,

1874 4118 1951 4172 ita
1983 4130 2044 4174 ut
2074 4120 2155 4175 vel
2189 4137 2326 4190 puer
2356 4123 2645 4195 intelligat,
2677 4141 2741 4181 ea
2775 4142 2896 4197 qua:
2920 4143 3070 4183 nunc
3101 4129 3236 4184 ﬁunt
3265 4146 3452 4200 prom-

1872 4211 1984 4263 mia
2008 4226 2130 4266 esse
2166 4212 2495 4271 defectionis
2526 4217 2685 4281 ﬁdei,
2719 4234 2896 4288 quam.
2926 4220 3170 4277 minatus
3213 4233 3296 4279 est
3340 4226 3452 4279 Do-

1872 4302 2095 4358 ntiuus?
2143 4303 2351 4369 Quibus
2379 4308 2683 4362 contradici
2729 4308 2811 4363 fas
2850 4325 2958 4364 non
3002 4318 3157 4376 erat,
3206 4327 3271 4367 ea
3306 4313 3451 4370 facta

1875 4400 2006 4446 sunt
2045 4393 2323 4464 ambigua.
2366 4396 2654 4452 Credimus
2706 4398 2761 4452 in
2806 4397 3109 4469 Spiritum,
3152 4411 3207 4455 et
3246 4403 3451 4458 nostris

217 4480 295 4544 Ὧς
332 4484 570 4555 ἀρχηγὸν
601 4484 707 4554 τῆς
746 4483 891 4553 ζωῆς
915 4482 1348 4554 ὲπικαλούμεθα·
1387 4484 1481 4536 καὶ
1512 4483 1588 4547 ὠς
1639 4486 1767 4554 ὁμο-

1880 4484 2117 4551 ipsorum
2164 4486 2600 4554 professionibus
2641 4504 3035 4560 repugnamus.
3074 4490 3449 4562 Baptizamur,

208 4570 373 4626 δούλου
404 4573 875 4647 καταφρονοῦμεν.
907 4573 1062 4628 Μετὰ
1102 4575 1317 4645 Πατρὸς
1345 4575 1439 4628 καὶ
1467 4574 1595 4627 Υἱοῦ
1626 4592 1767 4647 παρ-

1880 4580 1927 4627 et
1956 4588 2177 4631 rursum
2207 4591 2536 4646 pugnamus.
2569 4577 2639 4634 Ut
2664 4580 2787 4634 vitae
2804 4589 3084 4637 auctorem
3103 4581 3448 4647 invocamus,

209 4659 483 4732 ελάἃὶμενν
505 4664 601 4718 καὶ
628 4664 707 4730 ὡς
738 4664 902 4735 μέρος
931 4664 1028 4734 τῆς
1056 4663 1285 4728 κτίσεως
1322 4663 1677 4735 ἀτιμάζομεν.
1703 4666 1768 4719 Ol

212 4749 281 4813 δὲ,
300 4752 347 4804 τί
370 4754 757 4825 προσεύξονται
786 4754 860 4826 μὴ
881 4753 1097 4818 εἰδότες,
1117 4754 1214 4808 ἐάν
1236 4772 1289 4809 τι
1314 4754 1408 4809 κα)¹
1437 4754 1770 4824 φθέγξασθαι

215 4841 387 4910 σεμνὸν
429 4845 557 4915 περὶ
606 4843 704 4898 τοῦ
756 4844 1072 4916 Πνεύματος
1114 4844 1230 4917 (85)
1277 4845 1646 4918 προαχθῶσιν,
1691 4847 1766 4913 ὡς

1874 4672 1930 4720 et
1976 4676 2034 4721 ut
2064 4682 2392 4724 conservum
2432 4672 2789 4741 despicimus.
2835 4673 2972 4728 Cum
3022 4672 3186 4728 Patre
3220 4684 3275 4729 et
3309 4674 3451 4730 Filio

1876 4753 2142 4827 Spiritum
2180 4761 2526 4831 accepimus,
2569 4770 2626 4819 et
2659 4780 2786 4819 eum
2827 4771 2890 4819 ut
2930 4773 3196 4821 creaturae
3235 4773 3448 4835 partem

1873 4852 2211 4921 contemptui
2252 4851 2541 4911 habemus.
2586 4854 2683 4911 lsti
2712 4862 2895 4911 autem
2921 4895 2936 4922 ,
2973 4854 3107 4927 quid
3147 4869 3308 4912 orare
3352 4856 3449 4913 de-

277 4991 315 5022 "
332 4990 481 5052 Rom.
511 5010 632 5062 7m,
663 4994 753 5052 17.
824 4994 867 5026 ¹¹
888 4994 1022 5051 ibid.
1054 4995 1141 5051 16.
1221 4997 1267 5029 “
1289 4994 1311 5051 Ι
1333 4993 1529 5054 Thess.
1564 5013 1638 5064 tv,
1680 4998 1769 5054 l6.

1880 4998 2074 5058 'Rom.
2112 5018 2234 5071 vm,
2266 5004 2355 5061 17.

277 5109 379 5187 (Ἱθ)
402 5112 918 5187 Σηηαθεδεῒσθαι.
939 5112 1030 5187 Sic
1047 5123 1257 5171 veteres
1274 5115 1399 5171 libri
1413 5131 1514 5187 pro
1529 5131 1594 5172 eo
1615 5117 1764 5187 quod

216 5183 399 5252 eratin
428 5184 585 5239 editis
614 5183 1064 5252 συγκαθέζεσθαι.

280 5249 383 5323 (80)
405 5253 531 5323 ῌῦγ
548 5249 899 5323 ἀντιλέγεις.
933 5253 1136 5308 Vocula
1157 5269 1225 5308 ex
1254 5256 1530 5310 veteribus
1552 5271 1684 5312 mss.
1709 5264 1765 5312 et

220 5320 374 5403 prima
414 5320 985 5403 Basiteensiﬁeditione
1013 5324 1218 5378 addita.
1243 5322 1431 5403 Paulo
1463 5334 1586 5396 post
1626 5326 1760 5382 editi

220 5391 407 5447 ὥστε...
425 5393 684 5466 τίθεσθαι.
714 5391 967 5466 Quinque
993 5409 1125 5466 mss.
1152 5402 1211 5466 ut
1243 5396 1296 5449 in
1322 5391 1494 5466 textu,
1525 5412 1759 5466 quorum

224 5466 383 5539 tamen
423 5463 478 5516 in
522 5464 735 5539 duobus
783 5465 977 5532 legitur
1002 5462 1269 5520 τίθεσθαι.
1319 5464 1443 5519 Mox
1493 5462 1625 5522 editi
1659 5469 1760 5519 ὲπ-

225 5535 384 5597 ἁγειν;
416 5548 547 5588 mss.
582 5542 640 5586 ut
668 5535 722 5587 in
757 5541 930 5587 textu.

284 5598 382 5669 (81)
413 5603 633 5666 Ἄξιον.
674 5602 812 5657 Male
835 5604 888 5656 in
912 5601 1074 5657 editis
1112 5602 1280 5668 ἀξιῶν
1303 5612 1494 5660 contra
1522 5617 1764 5662 veterum

229 5669 447 5790 salicum
471 5672 646 5731 ﬁdem.
670 5672 842 5727 Paulo
867 5681 992 5744 post
1023 5674 1221 5744 Regius
1250 5675 1527 5732 secundus
1554 5678 1765 5749 συμϐα-

264 5756 277 5787 ι
306 5756 485 5790 πυσειν-

264 5756 355 5791 ιλευ
362 5757 486 5797 σειν.

1942 5119 2058 5191 (82)
2083 5122 2428 5199 Προδήιίως.
2460 5124 2586 5199 Haec
2610 5128 2879 5199 scriptura
2914 5129 2967 5184 in
2991 5128 3205 5186 duobus
3231 5134 3442 5184 tantum

1869 5201 2088 5260 reperta
2122 5195 2403 5251 codicibus
2427 5213 2441 5263 ;
2469 5198 2566 5252 scd
2591 5195 2911 5269 quia—paulo
2942 5210 3064 5270 post
3088 5208 3327 5270 quatuor
3349 5201 3443 5254 alii

1868 5259 2075 5316 habent
2113 5266 2578 5316 ποοοιιιιάζονται.
2610 5277 2665 5316 el.
2697 5267 2830 5316 Rea-
2864 5269 3137 5316 secunan
3160 5270 3442 5316 ποοοιιιιάο

1870 5266 2075 5316 habent
2113 5266 2578 5337 προοιμιάζονται,
2608 5266 2665 5322 et
2696 5266 2830 5338 Reg.
2864 5266 3137 5326 secundus
3160 5270 3442 5345 προοιμιά-

1870 5328 2043 5419 sese},
2078 5343 2270 5419 nonut
2302 5337 2432 5391 editi
2468 5338 2937 5419 προοιμιάζεσθαι,
2958 5340 3164 5419 idcirco
3180 5341 3315 5397 satis
3339 5341 3443 5395 fuit

1870 5401 2049 5484 ιεεεεεξ
2078 5405 2378 5484 εροξήλωςι
2398 5401 2585 5484 enim
2622 5401 2681 5461 ίιι
2713 5401 2844 5484 editi
2876 5401 3159 5484 πρόδηλονε

1940 5471 2358 5549 (ὃὸμῗερϊτςοῦ
2388 5471 2751 5549 Πᾶςεύματος.
2791 5477 2879 5549 Sic
2905 5471 3044 5547 mss:
3065 5482 3284 5536 codices
3312 5495 3443 5549 qua—

1871 5549 2014 5620 tuor.
2037 5542 2167 5597 Non
2185 5546 2322 5620 male
2342 5545 2574 5620 ineditis
2591 5542 2741 5620 παρά
2768 5548 2860 5602 τοῦ
2890 5542 3222 5620 Πνεύματος,
3245 5551 3293 5620 si
3315 5542 3441 5620 q'uid

1872 5612 2341 5688 etiaiiLntagniﬁce
2365 5612 2830 5688 loquikarSpiritu
2867 5612 3224 5688 impellantur.
3268 5612 3441 5674 Paulo

1873 5691 1996 5752 post
2019 5681 2462 5753 Reg—secundus—
2477 5685 2571 5740 τοῦ
2600 5681 2758 5761 λόγου
2775 5690 2850 5762 τῷ
2875 5681 3052 5769 δοκεῖν
3079 5689 3418 5745 ὑπεσπὶπτον
