3886 6220
423 359 530 428 199

1768 366 1825 423 S.
1863 367 2110 424 BASILll
2148 368 2369 424 MAGNI

3603 360 3722 417 200

429 488 594 542 beant
622 482 932 539 nescientes
969 482 1035 551 “,
1068 483 1117 538 si
1156 499 1222 540 eo
1266 483 1615 539 adducuntur
1639 523 1654 549 ,
1697 494 1758 538 ut
1805 485 2009 555 aliquid

2117 484 2493 556 ἐφικνούμενοι
2517 483 2617 554 τῆς
2637 480 2812 549 ἀξίας,
2845 464 3131 547 κολάζουσι
3159 481 3253 534 τοῦ
3280 481 3440 549 λόγου
3461 481 3523 533 τὸ
3544 481 3728 552 ὑπερ-

427 579 593 635 etiam
621 575 908 647 magniﬁce
937 576 1234 646 loquantur
1253 578 1321 633 de
1337 576 1570 648 Spiritu,
1601 577 1828 648 perinde
1857 578 2016 647 quasi

433 669 755 740 dignitatem
784 669 959 739 ipsius
992 681 1395 740 assequamur;
1425 668 1572 742 quod
1615 670 1672 723 in
1707 669 1871 724 dictis
1893 683 2014 723 mo-

430 762 562 817 dum
596 761 852 827 excedit,
899 763 1226 832 reprimunt.
1263 762 1413 829 Quos
1449 777 1605 818 suam
1642 761 2016 816 infirmitatem

431 852 713 922 deplorare
756 853 1044 922 oportebat
1094 871 1108 906 :
1145 854 1406 923 quoniam
1440 851 1624 908 idonei
1653 867 1763 906 non
1799 867 2014 917 sumus,

433 943 529 1014 qui
566 957 667 1013 pro
699 942 1003 1006 beneficiis,
1037 943 1241 1014 quibus
1275 944 1459 1014 reipsa
1489 943 1786 1008 aliieimur,
1831 943 2017 1000 verbis

432 1036 636 1108 gratias
664 1048 912 1105 agamus.
963 1033 1199 1104 Superat
1245 1035 1394 1090 enim
1435 1050 1653 1091 omnem
1683 1035 2020 1090 intelleCtum

432 1141 498 1181 ac
535 1126 809 1182 sermonis
844 1133 1099 1180 naturam
1135 1127 1448 1198 redarguit,
1484 1141 1610 1181 cum
1650 1141 1717 1181 ea
1756 1142 1825 1181 ne
1861 1125 2024 1180 mini-

431 1232 577 1272 mam
609 1218 829 1289 quidem
851 1218 1134 1288 dignitatis
1162 1218 1311 1274 illius
1344 1225 1552 1288 partem
1573 1219 1843 1290 aquuet,
1863 1219 2022 1288 juxta

431 1307 598 1361 verba
654 1305 777 1360 libri
828 1307 922 1377 qui
984 1306 1310 1361 inscribitur
1357 1307 1638 1377 Sapientia
1700 1326 1716 1364 :
1767 1307 2023 1363 Exaltate

436 1399 577 1451 enim
596 1405 618 1460 ',
652 1397 829 1466 inquit
860 1436 875 1460 ,
907 1404 1367 1468 quantumcunque
1408 1398 1689 1466 potueritis
1735 1414 1754 1452 :
1804 1407 2020 1467 superat

431 1487 570 1540 enim
596 1497 646 1541 et
675 1487 869 1550 adhuc;
889 1499 937 1540 et
965 1487 1262 1543 exultantes
1284 1504 1404 1542 eum
1430 1489 1802 1559 multiplicate.
1834 1487 2016 1544 Nolite

433 1578 676 1633 taborare
706 1594 725 1633 :
758 1595 862 1633 non
895 1580 1034 1634 enim
1061 1581 1414 1650 assequemini
1448 1581 1515 1635 ⁸⁸.
1546 1580 1807 1636 Profecto
1847 1582 2014 1635 terri-

2121 580 2318 630 πῖπτον
2360 575 2459 646 τὴν
2506 575 2868 645 συμμετρίαν.
2920 573 3028 638 Οὓς
3081 574 3247 646 ἐχρῆν
3277 573 3567 645 ὀδύρεσθαι
3612 573 3724 643 τὴν

2122 670 2439 724 ἀσθένειαν·
2482 670 2564 721 ὅτι
2593 662 2669 722 ὧν
2701 667 2847 739 ἔργῳ
2890 669 3194 739 πάσχομεν,
3223 667 3400 735 λόγοις
3433 665 3724 735 ἀντιπλη-

2124 762 2251 835 ροῦν
2271 764 2369 835 τὴν
2391 764 2550 835 χάριν
2573 763 2672 815 οὐκ
2698 761 2929 832 ὲξαρκοῦ
2939 779 3057 832 μεν.
3091 760 3377 832 Ὑπερέχει
3400 761 3509 830 γὰρ
3527 759 3723 813 πάντα

2122 854 2268 920 νοῦν,
2299 857 2394 908 καὶ
2427 855 2585 923 λόγου
2633 853 2793 924 φύσιν
2819 853 3056 923 ἐλέγχει,
3085 852 3204 905 οὐδὲ
3238 851 3516 922 πολλοστῷ
3551 851 3721 922 μέρει

2121 946 2223 1015 τῆς
2256 945 2412 1010 ἀξίας
2454 945 2864 1016 παρισουμένην
2916 943 3030 1013 (84)
3090 943 3230 997 κατά
3265 943 3357 997 τὸν
3400 943 3556 1010 λόγον
3614 941 3724 1011 τῆς

2122 1037 2567 1110 ἐπιγραφομένης
2592 1038 2811 1106 Σοφίαςο
2856 1034 3155 1103 Tal-dicate
3194 1036 3326 1105 γὰρ,
3373 1035 3524 1104 φησὶ,
3567 1035 3723 1086 καθ-

2121 1133 2274 1184 όσον
2315 1129 2391 1184 ἂν
2439 1129 2738 1197 δύνησθε·
2809 1126 3087 1196 ὑπερέχει
3130 1129 3239 1196 γὰρ
3277 1127 3376 1180 καὶ
3420 1126 3545 1179 ἔτι·
3611 1125 3719 1176 καὶ

2122 1222 2427 1291 ὐψοῦντες
2454 1221 2642 1276 αὐτὸν
2669 1221 3036 1290 πληθύνατε.
3056 1216 3153 1286 Μὴ
3178 1215 3448 1272 κοπιᾶτε·
3490 1219 3560 1271 οὐ
3602 1217 3721 1286 γὰρ

2117 1312 2204 1382 μὴ
2251 1314 2560 1381 ἐφίκησθε.
2611 1308 2687 1366 Ἦ
2720 1331 2821 1366 που
2878 1311 3107 1382 φοϐεραὶ
3143 1311 3271 1380 ύμῖν
3301 1312 3357 1362 αἱ
3410 1311 3547 1380 ὑπὲρ
3601 1308 3719 1360 τῶν

2122 1403 2378 1456 τοιούτων
2425 1404 2598 1472 λόγων
2647 1403 2871 1457 εύθῦναι
2928 1405 3040 1465 τοῖς
3093 1401 3246 1472 παρὰ
3299 1400 3394 1454 τοῦ
3441 1398 3720 1469 ἀψευδοῦς

2123 1495 2386 1565 ἀκηκοόσι
2409 1495 2541 1548 Θεοῦ
2565 1487 2965 1568 ἀσυγχώρητον
2984 1490 3122 1549 εἶναι
3158 1492 3258 1565 τὴν
3285 1495 3366 1557 εἰς
3391 1493 3453 1546 τὸ
3477 1491 3716 1563 Πνεῦμα

2120 1586 2182 1639 τὺ
2203 1587 2356 1657 ἅγιον
2393 1587 2762 1660 βλασφημίαν.

431 1674 572 1730 biles
593 1674 750 1729 vobis
781 1674 1117 1730 istiusmodi°
1158 1689 1474 1730 sermonum
1532 1675 1824 1731 reddenda:
1852 1679 2092 1734 rationes
2129 1682 2223 1752 qui
2261 1697 2292 1736 a
2341 1681 2453 1738 Deo
2489 1683 2710 1738 mentiri
2754 1681 2942 1739 nescio
2973 1681 3234 1752 audistis‘,
3272 1679 3713 1738 irremissibilem

431 1779 556 1822 esse
577 1766 972 1837 blasphemiam
997 1768 1053 1823 in
1085 1768 1350 1823 Soiritum
1383 1775 1636 1824 sanctum
1673 1769 1742 1823 ³⁸.

996 1875 1231 1938 CAPUT
1263 1880 1456 1938 XXIX.

481 1986 828 2063 Enumeratio
859 1992 1092 2046 virorum
1117 1993 1171 2046 in
1197 1991 1440 2047 Ecclesia
1461 1991 1776 2056 illustrium,
1801 1995 1891 2063 qui
1920 2008 1978 2046 in

605 2061 817 2130 scriptis
846 2063 1074 2125 suis_usi
1099 2072 1221 2117 sunt
1247 2063 1346 2117 hac
1373 2078 1524 2129 voce,
1560 2081 1580 2114 ι
1625 2079 1763 2118 cum.
1813 2061 1833 2114 ὸ

503 2216 592 2272 71.
626 2216 771 2272 Sane
800 2226 994 2274 contra
1028 2218 1083 2274 id
1128 2219 1275 2290 quod
1307 2219 1532 2285 dicunt,
1563 2219 2014 2290 gloriﬁcationem

431 2322 548 2361 cum
592 2295 802 2378 Spiritu
843 2323 1032 2364 carere
1077 2309 1435 2376 testimonio,
1466 2324 1570 2365 nec
1611 2310 1666 2364 in
1716 2307 2016 2380 Scripturis

429 2411 669 2466 exstare,
703 2401 837 2455 illud
859 2401 1097 2457 dicimus
1126 2419 1139 2456 :
1173 2401 1219 2456 si
1247 2401 1515 2472 60nihil
1553 2401 1700 2457 aliud
1731 2409 1818 2458 est
1862 2417 2018 2458 rece-

429 2500 585 2563 ptum
609 2493 818 2564 absque
843 2493 1167 2563 Scripturis,
1195 2508 1264 2547 ne
1291 2494 1393 2548 hoc
1418 2493 1641 2563 quidem
1672 2493 1970 2564 recipiatur
1997 2511 2013 2561 ;

430 2589 520 2646 sin
558 2590 795 2660 plurima
822 2601 1022 2652 arcana
1051 2585 1191 2640 citra
1217 2585 1484 2655 scriptum
1512 2593 1732 2656 recepta
1761 2593 1892 2642 sunt
1919 2599 2018 2640 no-

429 2680 540 2744 bis,
568 2695 694 2735 cum
722 2677 846 2732 aliis
875 2677 1129 2747 pluribus
1152 2683 1208 2731 et
1234 2677 1340 2730 hoc
1367 2677 1719 2746 recipiemus.
1757 2677 2016 2733 Arbitror

431 2779 614 2826 autem
645 2769 1007 2840 apostolicum
1035 2783 1178 2829 esse,
1209 2769 1376 2822 etiam
1404 2783 1516 2822 non
1567 2769 1791 2838 scriptis
1843 2770 2017 2824 tradi-

429 2861 671 2915 tionibus
705 2860 993 2914 inhaarere.
1033 2855 1222 2910 Laudo
1259 2859 1421 2923 enim,
1452 2858 1670 2928 inquit,
1712 2875 1834 2923 vos,
1877 2860 2015 2930 quod

431 2953 610 3009 omnia
635 2968 751 3005 mea
783 2950 1118 3013 meministis,
1153 2959 1200 3002 et
1229 2951 1673 3019 quemadmodum
1705 2952 1909 3006 tradidi
1927 2970 2016 3007 vo-

431 3044 540 3104 bis.
577 3040 886 3095 traditiones
927 3040 1115 3094 tenetis
1144 3041 1208 3094 ¹⁷.
1241 3042 1308 3095 Et
1351 3040 1508 3104 illud,
1545 3041 1732 3097 Tencte
1759 3044 2014 3097 traditio-

430 3151 520 3188 nes
541 3150 673 3203 quas
703 3133 977 3202 accepistis
1007 3133 1113 3186 sive
1142 3149 1234 3202 per
1255 3149 1549 3186 sermonem
1572 3134 1676 3188 sire
1701 3151 1793 3205 per
1821 3136 2015 3205 episto-

2051 1887 2099 1946 B

2635 1883 3036 1938 ΚΕΦΑΛΑῙΟΝ
3072 1881 3203 1939 ΚΘ’.

2127 1995 2556 2066 Ἀπαρίθμησις
2605 1995 2725 2050 τῶν
2755 1997 2825 2050 ἐν
2852 1996 2929 2065 τῇ
2987 1995 3321 2066 Ἐκκλησία
3373 1995 3707 2066 διαφανῶν,

2114 2088 2121 2098 ·
2186 2065 2321 2138 ὅσοι
2351 2066 2695 2138 ἐχρήσαντο
2731 2068 2801 2120 ἐν
2827 2071 2953 2133 τοῖς
2985 2065 3447 2138 συγγράμμασιν
3472 2065 3711 2122 ἑαυτῶν

2181 2135 2257 2204 τῇ
2285 2134 2455 2205 φωνῇ
2499 2154 2517 2188 ι
2559 2138 2700 2191 σὺν.
2741 2156 2759 2188 ι

2185 2225 2275 2280 71.
2309 2227 2454 2297 Πρός
2479 2243 2543 2296 γε
2575 2227 2682 2298 μὴν
2714 2226 2774 2279 τὸ
2794 2227 3111 2300 ἀμάρτυρον
3141 2227 3237 2280 καὶ
3273 2226 3525 2296 ἄγραφον
3564 2222 3708 2280 εἶναι

2115 2317 2213 2390 τὴν
2241 2317 2364 2372 σὺν
2413 2317 2493 2384 τῷ
2529 2319 2827 2387 Πνεύματι
2873 2318 3177 2386 δοξολογίαν
3225 2320 3401 2372 ἐκεῖνο
3435 2317 3702 2389 λέγομεν·

2116 2411 2220 2472 ὅτι,
2251 2409 2300 2461 εἱ
2337 2407 2434 2480 μὲν
2466 2408 2630 2479 μηδὲν
2654 2408 2840 2480 ἕτερον
2865 2409 3131 2480 ἄγραφον,
3167 2407 3298 2478 μηδὲ
3330 2407 3490 2460 τοῦτο
3524 2424 3706 2479 παρα-

2116 2500 2360 2572 δεχθήτω
2380 2518 2393 2531 ·
2445 2501 2495 2552 εἰ
2521 2499 2579 2553 δὲ
2611 2499 2679 2553 τά
2711 2499 2938 2553 πλεῖστα
2979 2498 3088 2552 τῶν
3132 2497 3407 2569 μυστικῶν
3441 2499 3706 2568 ἀγράφως

2117 2595 2248 2665 ἡμῖν
2281 2591 2714 2663 ὲμπολιτεύεται,
2768 2590 2905 2662 μετά
2948 2590 3160 2644 πολλῶν
3201 2589 3311 2643 τῶν
3367 2590 3574 2660 ἐτέρων
3612 2591 3706 2642 καὶ

2116 2684 2275 2738 τοῦτο
2307 2681 2722 2755 παραδεξόμεθα
2753 2681 2887 2751 (85).
2927 2679 3306 2735 Ἀποστολικδν
3338 2680 3395 2732 δὲ
3417 2676 3574 2750 οἶμαι
3610 2678 3705 2731 καὶ

2116 2778 2178 2830 τὸ
2200 2779 2320 2841 ταῖς
2367 2776 2638 2848 ἀγράφοις
2670 2774 3003 2846 παραδόσεσι
3043 2774 3400 2846 παραμένειν.
3444 2769 3705 2825 Ἐπαινῶ

2116 2866 2248 2938 γὰρ,
2287 2869 2473 2938 φησὶν,
2501 2865 2678 2937 ὑμᾶς,
2713 2867 2803 2919 ὅτι
2834 2865 3031 2919 πάντα
3063 2883 3182 2934 μου
3225 2862 3556 2934 μέμνησθε,
3605 2863 3704 2916 καὶ

2116 2959 2313 3025 καθὼς
2346 2957 2658 3026 παρέδωκα
2675 2956 2838 3027 ὑμῖν,
2866 2958 2974 3023 τὰς
3001 2955 3363 3025 παραδόσεις
3383 2956 3703 3024 κατέχετεεο

2117 3052 2213 3105 καὶ
2245 3051 2324 3116 τὸ,
2377 3048 2652 3118 Κρατεῒτε
2683 3049 2792 3116 τὰς
2822 3047 3186 3117 παραδόσεις
3233 3047 3305 3113 ἂς
3337 3047 3705 3115 παρελάϐετε

2116 3144 2238 3196 εἴτε
2267 3141 2366 3196 διὰ
2403 3143 2613 3211 λόγου,
2645 3140 2766 3194 εἴτε
2810 3141 2886 3193 δι’
2924 3139 3294 3209 ἐπιστολῆς·
3329 3134 3405 3194 ὧν
3447 3140 3546 3210 μία
3586 3141 3704 3212 (86)

432 3224 540 3276 lam
560 3224 601 3255 ’⁸
624 3242 636 3276 :
658 3237 894 3293 quarum
919 3237 1029 3276 una
1049 3231 1134 3278 est
1162 3230 1217 3278 et
1242 3222 1356 3277 haec
1376 3223 1444 3278 de
1464 3239 1574 3293 qua
1599 3240 1746 3280 nunc
1775 3227 2009 3296 agimus,

2117 3237 2233 3289 ἐστὶ
2259 3236 2414 3306 καὶὴ
2455 3235 2703 3306 παροῦσα
2741 3233 2902 3304 αὕτη,
2930 3234 2999 3305 ἢν
3038 3237 3087 3287 οἱ
3125 3233 3184 3299 ἐξ
3229 3235 3406 3305 ἀρχῆς
3444 3233 3708 3300 διαταξά-

430 3331 593 3387 quam
623 3317 716 3386 qui
741 3316 810 3369 ab
843 3315 1002 3369 initio
1035 3316 1519 3386 prmscripserunt,
1552 3316 2013 3390 tradideruntque

428 3407 686 3480 posteris,
731 3422 836 3462 usu
881 3421 1096 3476 semper
1146 3408 1312 3460 simul
1341 3423 1467 3462 cum
1501 3418 1745 3478 tempore
1787 3425 2013 3480 progre-

428 3502 648 3564 diente,
707 3501 882 3570 ipsam
945 3497 1105 3569 longa
1164 3501 1567 3556 consuetudine
1625 3502 1683 3555 in
1743 3500 2011 3559 Ecclesiis

428 3588 820 3643 irradicarunt.
850 3587 993 3658 Ergo
1027 3589 1075 3644 si
1116 3590 1265 3644 velut
1295 3591 1352 3644 in
1393 3591 1692 3657 tribunali,
1729 3594 2013 3664 probatio-

427 3681 594 3736 nibus
626 3697 658 3736 e
688 3680 895 3751 scripto
939 3679 1223 3744 destituti,
1260 3683 1467 3738 multos
1496 3685 1654 3738 vobis
1686 3694 1854 3742 testes
1883 3703 2012 3758 pro-

430 3773 722 3836 ducamus,
756 3786 940 3826 nonne
991 3772 1318 3827 sententiam
1357 3774 1734 3832 absolventem
1780 3793 1810 3831 a
1853 3780 2009 3834 vobis

429 3863 869 3933 consequemur?
893 3861 1004 3932 Ego
1031 3862 1249 3932 quidem
1275 3863 1545 3920 arbitror:
1569 3850 1734 3921 Ιηονὲ
1751 3869 2008 3939 siquidem

427 3956 654 4010 duorum
701 3970 797 4008 ac.
829 3955 991 4007 trium
1041 3955 1253 4008 testium
1285 3954 1448 4008 stabit
1493 3973 1648 4012 omne
1697 3958 1909 4014 verbum
1939 3960 2004 4014 ¹⁹.

427 4044 586 4110 Quod
638 4044 687 4097 si
730 4043 896 4098 etiam
930 4044 1191 4112 temporis
1240 4043 1660 4102 diuturnitatem
1703 4064 1802 4118 pro
1845 4051 2007 4108 nobis

428 4135 726 4190 facientem
791 4133 949 4190 vobis
1009 4136 1295 4191 evidenter
1354 4139 1750 4204 ostendamus,
1821 4157 2005 4198 annon

426 4223 735 4278 videbimur
763 4223 920 4277 vobis
949 4224 1255 4293 probabilia
1287 4225 1490 4296 dicere,
1527 4243 1636 4283 non
1666 4245 1832 4299 posse
1854 4232 2004 4289 litem

427 4317 592 4371 istam
637 4314 763 4384 jure
803 4315 964 4370 nobis
1015 4315 1263 4371 intendi?
1305 4315 1632 4374 Veneranda
1679 4321 1824 4375 enim
1875 4331 2004 4379 sunt

426 4404 832 4478 quodammodo
847 4414 1062 4461 vetusta
1080 4407 1352 4478 dogmata,
1369 4424 1492 4478 quae
1505 4410 1577 4464 ob
1595 4411 1997 4482 antiquitatem,

425 4514 528 4554 ceu
559 4496 814 4552 canitiem
849 4497 1173 4567 quamdam,
1218 4499 1424 4556 habent
1455 4500 1720 4572 quiddam
1743 4519 2000 4560 reveren-

425 4592 579 4646 dum.
609 4589 954 4645 Enumerabo
973 4591 1157 4661 itaque
1173 4593 1329 4648 vobis
1355 4593 1426 4648 bu
1431 4594 1524 4663 jus
1543 4593 1802 4652 dictionis
1823 4605 2002 4668 patro—

425 4697 529 4740 nos
557 4680 912 4752 vindicesque
943 4680 1132 4752 (simul
1157 4683 1303 4738 enim
1332 4685 1640 4740 aestimatur
1664 4687 1721 4742 in
1741 4703 1825 4752 co,
1853 4691 2000 4760 quod

425 4782 659 4839 tacetur,
689 4774 852 4829 etiam
883 4773 1152 4847 tempus);
1189 4791 1367 4847 neque
1395 4777 1542 4832 enim
1581 4794 1650 4834 ex
1684 4780 1844 4837 nobis
1886 4784 2002 4853 pri-

424 4881 576 4921 mum
607 4866 822 4921 initium
848 4867 1100 4936 sumpsit.
1125 4867 1228 4932 Qui
1255 4869 1757 4939 potuit?Nimirum
1781 4890 1884 4931 nos
1911 4891 2001 4932 re-

424 4971 555 5013 vera
575 4957 815 5012 hesterni
830 4972 1042 5022 sumus,
1058 4959 1519 5029 quemadmodum
1544 4961 1675 5017 dicit
1691 4963 1794 5021 Job
1809 4968 1875 5036 ⁸ο,
1894 4969 1999 5025 sal-

2119 3342 2268 3396 μενοι
2300 3324 2684 3396 παραδιδόντες
2736 3326 2847 3388 τοῖς
2896 3323 3117 3394 ἐφεξῆς,
3167 3325 3575 3395 συμπροῖούσης
3611 3323 3706 3377 ἀεὶ

2113 3417 2188 3488 τῷ
2215 3417 2392 3488 χρόνῳ
2431 3419 2531 3488 τῆς
2576 3419 2846 3489 χρήσεως,
2887 3417 2975 3471 διὰ
3011 3419 3229 3488 μακρᾶς
3277 3418 3379 3486 τῆς
3412 3418 3705 3488 συνηθείας

2110 3513 2229 3573 ταῖς
2259 3510 2604 3580 Ἐκκλησίαις
2634 3509 3129 3581 ὲγκατερῤίζωσαν.
3149 3505 3274 3580 'Ap’
3301 3505 3394 3562 οὖν
3425 3509 3495 3572 ει,
3530 3507 3609 3570 ὡς
3639 3509 3704 3560 ἐν

2109 3601 2442 3674 δικαστηρίῳ
2479 3603 2577 3672 τῆς
2609 3601 2697 3655 διὰ
2727 3601 2834 3655 τῶν
2866 3602 3158 3673 ἐγγράφων
3190 3599 3516 3666 ἀποδείξεως
3561 3600 3704 3653 ἀπο-

2113 3693 2349 3763 ροῦντες,
2371 3694 2660 3766 μαρτύρων
2677 3695 2805 3764 ὑμῖν
2819 3695 3018 3763 πλῆθος
3045 3693 3538 3765 παραστησαίμεθα
3556 3693 3695 3763 (87),

2108 3786 2210 3839 οὐκ
2245 3786 2310 3839 ἂν
2350 3786 2453 3856 τῆς
2504 3785 2758 3856 ἀφιείσης
2809 3788 2937 3854 παρ’
2976 3785 3130 3856 ὑμῶν
3181 3785 3362 3856 ψήφου
3397 3783 3698 3855 τύχοιμεν;

2121 3877 2262 3946 Ἐγὼ
2289 3879 2388 3949 μὲν
2409 3879 2583 3943 οὕτως
2613 3875 2795 3950 οἶμαιο
2837 3879 2970 3932 Ἐπὶ
3001 3878 3299 3948 στόματος
3322 3876 3432 3948 γὰρ
3452 3877 3561 3930 δύο
3595 3875 3698 3930 καὶ

2108 3969 2286 4038 τριῶν
2315 3973 2630 4040 μαρτύρων
2654 3971 3018 4037 σταθήσεται
3047 3969 3170 4025 πᾶν
3196 3969 3379 4039 ῥῆμα.
3413 3971 3476 4022 Εἰ
3509 3969 3567 4022 δὲ
3598 3969 3697 4022 καὶ

2107 4059 2199 4113 τὸν
2232 4061 2398 4115 πολὺν
2419 4063 2610 4133 χρόνον
2639 4063 2774 4133 πρὸς
2803 4061 2958 4133 ἡμῶν
2985 4062 3114 4116 ὅντα
3149 4062 3394 4132 ἐναργῶς
3431 4063 3558 4132 ὑμῖν
3591 4063 3698 4114 ἐπ·-

2105 4149 2439 4221 εδείκνυμεν,
2477 4152 2577 4204 οὐκ
2606 4151 2672 4204 ἂν
2698 4150 2954 4222 ἐδόξαμεν
2993 4153 3121 4222 ὑμῖν
3156 4151 3339 4203 εἰκότα
3370 4149 3570 4219 λέγειν,
3613 4156 3692 4224 μὴ

2105 4239 2244 4295 εἶναι
2275 4242 2394 4295 καθ’
2416 4242 2573 4314 ἡμῶν
2601 4243 2699 4314 τὴν
2725 4243 2880 4313 δίκην
2904 4241 3272 4313 εἰσαγώγιμον
3288 4242 3520 4314 ταύτην;
3548 4247 3694 4297 Δυσ-

2104 4335 2362 4404 ωπητικά
2399 4335 2509 4406 γάρ
2546 4352 2664 4398 πως
2705 4335 2775 4388 τὰ
2815 4335 3022 4388 παλαιά
3047 4334 3156 4392 τῶν
3189 4335 3492 4406 δογμάτων,
3521 4337 3690 4390 οἱονεὶ

2104 4423 2265 4496 πολιᾷ
2295 4442 2402 4479 τινι
2429 4427 2495 4496 τῇ
2534 4424 2853 4498 ἀρχαιότητι
2899 4425 2960 4479 τὺ
2991 4425 3266 4496 αἰδέσιμον
3300 4425 3509 4497 ἔχοντα.
3555 4427 3688 4480 Ἀπ-

2103 4513 2719 4590 αριθμήσομαιοῦνύμῖν
2740 4518 2867 4582 τοὺς
2895 4518 3202 4590 προστάτας
3227 4516 3319 4571 τοῦ
3347 4517 3684 4590 λόγου(συμ-

2103 4612 2538 4681 παραμετρεϊται
2566 4611 2624 4664 δὲ
2657 4610 2875 4673 πάντως
2895 4608 3036 4664 κατὰ
3057 4609 3118 4662 τὸ
3148 4609 3499 4681 σιωπώμενον
3534 4613 3629 4664 καὶ
3653 4615 3686 4665 ὁ

2101 4700 2348 4773 χρὲνος)·
2403 4699 2465 4753 ού
2521 4697 2630 4768 γὰρ
2680 4699 2741 4764 ἐξ
2791 4697 2948 4770 ἡμῶν
3004 4697 3256 4768 ὥρμηται
3307 4685 3542 4769 πρῶτον.
3574 4698 3686 4751 Πό-

2100 4789 2191 4844 θεν
2238 4788 2388 4860 (88);
2423 4789 2598 4862 χθιζοι
2647 4807 2793 4854 τινες
2845 4789 3012 4853 ὅντως
3053 4792 3234 4860 ἡμεῖς,
3281 4791 3420 4844 κατά
3451 4790 3542 4843 τὸν
3581 4789 3679 4844 τοῦ

2108 4881 2228 4935 Ἰὼϐ
2251 4882 2430 4952 λόγον,
2471 4882 2606 4955 πρός
2653 4899 2718 4952 γε
2759 4883 3013 4936 τοσοῦτον
3043 4883 3252 4953 χρόνον,
3296 4883 3385 4937 τὸν
3417 4884 3517 4954 τῆς
3561 4902 3685 4937 συν-

2097 4971 2284 5044 ηθείας
2310 4973 2516 5046 ταύτης
2534 4973 2851 5046 ἡλικιώτην.
2869 4975 3010 5044 Ἐγὼ
3041 4975 3138 5046 μὲν
3163 4971 3255 5029 οὖν
3280 4975 3463 5040 αὐτὸς,
3491 4976 3540 5028 εἰ
3566 4979 3675 5050 χρή

500 5111 542 5142 ιι
568 5111 725 5196 Item,
748 5127 869 5196 viri,
892 5110 989 5196 ¹26.
1049 5111 1281 5196 *nEccli.
1310 5127 1462 5180 xurr,
1489 5113 1578 5181 '53,
1605 5117 1695 5173 54.
1773 5119 1816 5152 ¹⁶
1838 5119 1971 5180 Luc.
2001 5140 2009 5179 :

2135 5126 2223 5182 10.
2305 5128 2390 5182 ¹⁷Ι
2423 5129 2546 5186 Cor.
2570 5145 2650 5196 χι,
2681 5129 2738 5184 2.
2817 5131 2860 5165 ¹⁸
2883 5131 2925 5185 ll
2954 5131 3151 5188 Thess.
3184 5147 3242 5196 ιι,
3277 5130 3362 5185 Η.
3441 5130 3484 5162 ¹⁹
3511 5127 3670 5186 Deut.

426 5197 538 5245 xix,
575 5183 662 5238 15.
757 5181 926 5237 “Job
951 5197 1074 5250 vin,
1095 5183 1146 5237 9.

428 5322 1109 5456 ‘aéfﬂvlrtgpwovyémr.
1140 5324 1218 5380 lta
1241 5339 1374 5381 mss.
1405 5325 1662 5397 quinque.
1687 5323 1827 5379 Editi
1851 5343 1992 5399 παρ-

495 5435 1129 5542 isEi'iiépagsssppoa.
1174 5463 1254 5518 ita
1300 5464 1452 5542 Reg._
1485 5464 1780 5542 secundus.
1833 5465 1989 5542 Quod

2167 5327 2425 5414 (86)".Qr
2446 5334 2573 5404 μία.
2607 5332 2685 5388 Ita
2731 5352 2865 5393 mss.
2913 5341 3173 5412 quinque.
3227 5341 3370 5397 Editi
3403 5336 3478 5396 ὧν
3508 5341 3672 5414 μάλι-

2099 5402 2881 5550 ῗῗὸᾗίαάαραστησαζμεᾷα.
2914 5479 2992 5533 lta
3013 5491 3224 5536 veteres
3259 5483 3380 5536 libri
3404 5489 3664 5550 quatuor.

424 5531 675 5617 quidem,
726 5542 785 5587 ut
828 5531 1013 5617 Basilii
1076 5531 1456 5590 consuetudini
1496 5537 1762 5617 loquendi
1811 5531 1986 5606 magis
2094 5531 2771 5617 Ειιίιίξπαρέστησάμεθα.
2811 5531 3152 5613 Nolim-31?."
3170 5531 3668 5608 '{io's'I’inigf'iEéi

425 5606 766 5681 appositum,
814 5606 1244 5681 secuti‘shumus,
1292 5606 1542 5681 quamvis
1593 5606 1720 5681 alii.
1751 5617 1986 5681 quatuor

2117 5606 2491 5681 ,πιδείκνυμεν.

417 5672 826 5812 ξιξῖμῒὲὲξείωι
847 5673 1266 5745 καταδεξόμεθα.
1298 5675 1452 5734 Unus
1477 5691 1600 5733 cum
1635 5674 1798 5732 editis
1825 5694 1988 5734 κατα-

459 5773 513 5810 ι,
709 5785 721 5798 ,

459 5773 721 5810 ιδωμιυυι.

2169 5682 2278 5754 (88)
2299 5683 2506 5742 Πόθεν.
2525 5682 2656 5757 Reg.
2683 5689 2956 5745 secundus
2981 5690 3148 5745 Πόθεν
3168 5692 3274 5765 γάρ
3294 5709 3307 5760 ;
3329 5693 3449 5747 ἐπεὶ
3467 5690 3664 5768 χθιζοι.
