3886 6220
324 396 433 466 eos

1603 399 1664 455 S.
1708 400 1954 458 BASlLll
1986 401 2201 458 MAGNI

3475 403 3583 462 ΞΜ

318 523 453 580 alibi
492 519 627 577 dicit
666 516 812 574 idem
843 531 857 571 ;
887 514 971 571 Nc
1001 523 1239 586 expertes
1274 515 1407 586 facti
1434 515 1601 571 divini
1639 515 1896 587 Spiritus,

2013 535 2109 586 τας
2137 516 2458 588 ἐπιθυμίαν
2483 517 2646 574 θείου
2676 519 3041 590 Πνεύματος,
3064 518 3298 583 δικαίως
3326 521 3361 574 ὀ
3411 518 3582 574 Ἀπό-

318 614 640 686 frustrentur
683 618 841 679 regno
882 606 1159 671 castorum,
1219 604 1477 660 inclamat
1526 605 1810 675 Apostolus
1829 607 1898 672 ”,

316 703 458 776 quod
483 717 609 757 caro
639 716 743 758 non
768 700 938 771 possit
966 698 1327 754 hwreditatem
1363 692 1555 766 capere
1577 699 1723 770 regni
1746 699 1903 753 ccelo-

317 812 462 852 rum.
502 788 667 860 Quod
706 792 754 848 si
784 790 873 847 cui
904 797 961 846 et
1006 788 1280 846 Eusebius
1319 787 1651 845 Palaestinus
1681 797 1904 860 propter

318 884 682 955 multiplicem
724 881 1115 953 experientiam
1160 879 1388 935 idoneus
1416 879 1655 944 videtur,
1686 880 1775 934 cui
1806 880 1905 934 ha-

319 979 550 1036 beamur
590 970 765 1043 ﬁdes;
798 982 854 1030 et
885 989 954 1030 ex
987 973 1081 1028 illo
1111 987 1276 1029 voces
1301 970 1524 1029 easdem
1560 971 1903 1027 ostendimus

320 1071 383 1131 in
407 1068 850 1129 dubitationibus
876 1066 946 1123 de
974 1066 1283 1135 priscorum
1314 1063 1605 1134 multiplici
1625 1062 1901 1133 mnjugio.

318 1163 595 1235 Loquitur
637 1161 787 1217 enim
834 1159 982 1216 hunc
1007 1160 1064 1214 in
1108 1157 1367 1222 modum,
1401 1172 1461 1212 se
1504 1156 1572 1211 ad
1611 1154 1903 1212 dicendum

324 1256 572 1315 ﬂcitans
604 1270 621 1310 :
654 1251 910 1311 Sanctum
939 1250 1312 1322 prophetarum
1348 1247 1513 1301 Deum
1556 1248 1688 1302 lucis
1718 1257 1903 1301 aucto-

324 1362 436 1401 rem
464 1360 557 1416 per
588 1342 924 1403 Salvatwem
971 1351 1215 1397 nostrum
1254 1337 1441 1395 Jesum
1469 1330 1905 1395 Christum'cum

324 1439 508 1491 shncto
541 1432 745 1503 Spiritu
780 1435 1102 1488 invoca‘ntes.

398 1689 488 1744 75.
522 1687 645 1745 Jam
680 1698 807 1745 vero
840 1690 897 1744 ει
927 1687 1227 1760 Origencm
1249 1689 1313 1744 in
1347 1689 1534 1745 multis
1558 1674 1905 1747 Psalmorum

325 1780 764 1852 expositionibus
791 1780 1279 1852 deprehendimus,
1312 1795 1439 1837 cum
1467 1789 1664 1837 sancto
1694 1779 1904 1852 Spiritu

2002 612 2227 676 στολος
2259 610 2587 678 σαρκικοὺς
2640 609 2831 667 καλεῖ.
2880 610 2993 665 Καὶ
3039 611 3098 664 ὲν
3129 609 3315 674 ἄλλοις
3357 611 3387 664 ὁ
3420 609 3584 672 αύτός

2002 718 2197 773 φησιν·
2236 701 2372 757 Ἵνα
2409 701 2520 771 μὴ,
2552 701 2784 772 ἄμοιροι
2820 701 2984 758 θείου
3038 703 3384 772 Πνεύματος
3415 702 3586 771 τενό-

1996 811 2189 865 μενοι,
2212 794 2604 865 άποτύχωμεν
2639 790 2752 863 τῆς
2770 794 3096 861 ,βασιλείας
3129 793 3249 849 τῶν
3283 791 3580 862 οὐρανῶν,
3606 831 3619 848 .

2000 884 2332 952 ἐπεϐόησεν
2354 886 2387 938 ὀ
2428 885 2813 951 Ἀπόστολος,
2831 879 2917 954 μὴ
2938 884 3232 939 δύνασθαι
3251 883 3368 952 τὴν
3384 882 3584 954 σάρκα

1997 974 2327 1038 ,ϐασιλείαν
2363 972 2639 1044 οίιρανῶν
2667 973 3141 1045 κληρονομῆσαι.
3179 974 3241 1028 Ei
3286 970 3346 1028 δὲ
3376 992 3457 1046 τῳ
3490 976 3584 1028 καὶ

2002 1067 2030 1120 ὁ
2058 1066 2410 1130 Παλαιστινὸς
2455 1066 2713 1130 Εὐσέϐιος
2735 1064 3047 1131 ἀξιόπιστος
3074 1064 3164 1118 διὰ
3204 1059 3582 1137 πολυπειρίαν,

2004 1157 2255 1211 κάκείνου
2276 1156 2373 1220 τὰς
2396 1156 2564 1220 αὑτὰς
2593 1157 2776 1226 φωνὰς
2808 1153 3184 1225 ἐπιδείκνυμεν
3237 1156 3295 1207 ἐν
3339 1156 3453 1217 τοῖς
3486 1156 3584 1208 επ-

2004 1250 2321 1322 απορήμασι
2352 1249 2481 1319 περὶ
2507 1248 2607 1319 τῆς
2638 1247 2744 1301 τῶν
2773 1246 3013 1318 ἀρχαίων
3041 1244 3582 1316 πολυγαμίας..Λέγει

2003 1341 2112 1413 γὰρ
2141 1340 2282 1394 οὕτω
2310 1340 2612 1412 παρορμῶν
2641 1339 2834 1394 ἑαυτὸν
2857 1338 2948 1393 ἐπὶ
2976 1337 3067 1392 τὸν
3105 1336 3293 1406 λόγον’
3326 1336 3439 1392 Τόν
3466 1334 3585 1390 τῶν

2004 1428 2325 1498 προφητῶν
2358 1428 2529 1497 ἅγιον
2569 1429 2719 1483 Θεὸν
2743 1426 3102 1499 φωταγωγὸν
3121 1426 3219 1480 διὰ
3250 1425 3359 1481 τοῦ
3389 1424 3583 1494 Σωτῆ-

1995 1538 2107 1589 ρος
2158 1518 2327 1589 ἡμῶν
2371 1518 2575 1585 Ἰησοῦ
2613 1516 2873 1586 Χριστοῦ
2918 1517 3041 1571 σὺν
3085 1516 3232 1587 ἁγίῳ
3282 1516 3582 1585 Πνεύματι

2005 1609 2372 1676 καλέσαντες
2418 1608 2552 1681 (96).
2812 1650 2817 1651 ν

2077 1700 2166 1755 75.
2201 1700 2340 1769 Ἤδη
2363 1699 2421 1753 δὲ
2442 1700 2538 1753 καὶ
2573 1698 2856 1772 Ὠριγένην
2877 1700 2935 1753 ὲν
2964 1698 3186 1763 πολλαῖς
3213 1698 3324 1751 τῶν
3351 1699 3433 1762 είς
3451 1696 3579 1761 τοὺς

2005 1790 2269 1862 Ψαλμοὺς
2292 1789 2575 1858 διαλέξεων
2607 1789 2841 1862 εὕρομεν
2864 1789 2977 1861 (97)
3013 1791 3110 1844 σὺν
3144 1789 3222 1861 τῷ
3247 1789 3389 1859 άγίῳ
3408 1787 3585 1842 Πνεύ-

327 1873 560 1945 gloriam
606 1871 939 1929 deferentem
975 1870 1123 1936 Deo,
1159 1871 1335 1927 virum
1373 1871 1466 1943 qui
1508 1884 1628 1928 'non
1676 1873 1904 1928 omnino

2013 1898 2137 1952 ματι
2162 1880 2259 1951 τὴν
2283 1878 2441 1944 δόξαν
2464 1879 2804 1947 ἀποδιδόντα,
2828 1879 2996 1950 ἄνδρα
3016 1876 3138 1933 οὐδὲ
3159 1880 3298 1933 πάνυ
3324 1892 3377 1932 τι
3410 1878 3585 1947 ὑγιεῖς

326 1965 496 2020 seiras
545 1963 710 2019 habet
770 1963 826 2017 in
882 1963 1142 2020 omnibus
1193 1963 1262 2019 de
1308 1961 1526 2034 Spiritu
1580 1964 1903 2035 opiniones;

327 2046 688 2109 nihilominus
733 2060 789 2108 et
820 2052 912 2109 hic
959 2052 1149 2108 multis
1199 2051 1257 2107 in
1288 2051 1427 2107 locis
1467 2055 1738 2109 reveritus
1771 2068 1906 2109 con-

329 2144 643 2208 suetudinis
695 2143 886 2211 robur,
939 2142 1061 2216 pias
1092 2158 1257 2200 voces
1287 2143 1472 2199 emisit
1524 2142 1594 2199 de
1649 2142 1901 2216 Spiritu:

327 2238 423 2309 qui
452 2236 671 2308 quidem
708 2238 763 2292 in
788 2243 974 2304 sexto,
1009 2237 1065 2291 ni
1088 2235 1268 2302 fallor,
1303 2236 1445 2291 libro
1482 2234 1907 2293 Enarrationum

328 2330 385 2394 in
416 2328 763 2402 Evangelium
782 2328 1032 2394 Joannis,
1057 2330 1225 2385 etiam
1265 2328 1605 2385 adorandum
1639 2328 1904 2400 Spiritum

327 2423 614 2480 evidenter
638 2422 979 2493 pronuntiat,
1007 2420 1082 2475 ita
1110 2421 1362 2477 scribens
1387 2420 1456 2476 ad
1479 2422 1705 2477 verbum
1727 2439 1741 2475 :
1763 2422 1909 2486 Quo-

327 2517 477 2571 niam
506 2530 658 2586 aqua:
699 2514 977 2568 lavacrum
1005 2513 1277 2582 signiﬁcat
1305 2513 1678 2583 purgationem
1717 2515 1909 2566 anima:

327 2607 396 2663 ab
425 2606 665 2661 omnibus
700 2605 925 2660 malitia:
953 2603 1198 2659 sordibus
1234 2603 1469 2670 abluta’,
1521 2602 1688 2658 nihilo
1734 2613 1909 2658 tamen

328 2697 504 2751 minus
539 2703 590 2750 et
619 2710 711 2764 per
744 2694 977 2761 seipsum
1017 2694 1066 2747 ei
1094 2692 1186 2763 qui
1215 2692 1446 2760 seipsum
1485 2690 1679 2761 praebet
1718 2691 1911 2745 divini-

329 2787 435 2843 tati
459 2783 751 2839 adorandae
782 2781 1198 2851 Trinitatis,per
1223 2781 1472 2835 virtutem
1491 2779 1907 2847 invocationum,

323 2876 592 2933 donorum
635 2875 957 2951 principium
998 2890 1061 2928 ac
1108 2873 1309 2944 fontem
1356 2872 1532 2927 habet.
1580 2871 1661 2926 Ac
1715 2887 1911 2927 rursus

329 2971 391 3026 in
445 2968 889 3032 commentariis,
929 2966 1134 3039 quibus
1186 2964 1414 3037 exponit
1469 2964 1777 3036 Epistolam
1840 2965 1911 3019 ad

329 3061 644 3129 Romanos,
704 3060 929 3125 Sacrae,
979 3059 1196 3130 inquit,
1241 3057 1475 3112 uirtutes
1522 3070 1739 3123 capaces
1786 3065 1910 3111 sunt

336 3152 605 3225 Unigeniti
637 3160 686 3206 et
729 3151 907 3207 sancti
948 3149 1189 3218 Spiritus
1231 3147 1469 3204 deitatis.
1499 3147 1582 3203 Ad
1616 3148 1762 3202 hunc
1790 3162 1912 3201 mo-

2005 1973 2134 2045 περὶ
2154 1971 2249 2027 τοῦ
2280 1971 2598 2044 Πνεύματος
2628 1972 2730 2036 τὰς
2758 1972 3057 2043 ὑπολήψεις
3087 1972 3145 2025 ὲν
3178 1973 3345 2026 πᾶσιν
3367 1970 3584 2042 ἔχοντα·

2004 2066 2143 2138 πλὴν
2184 2065 2320 2121 ἀλλὰ
2362 2063 2631 2137 πολλαχοῦ
2674 2065 2771 2120 καὶ
2802 2064 2988 2129 αὐτὸς,
3034 2063 3135 2134 τῆς
3187 2062 3480 2134 συνηθείας
3523 2062 3588 2116 τὸ

2008 2158 2225 2231 ἰσχυρὸν
2270 2156 2710 2228 δυσωπούμενος,
2753 2155 2854 2221 τὰς
2894 2156 3139 2219 εὐσεϐεῖς
3183 2154 3367 2225 φωνάς
3404 2155 3587 2226 ἀφῆκε

2006 2251 2133 2322 περὶ
2162 2247 2257 2303 τοῦ
2299 2247 2633 2319 Πνεύματος.
2676 2249 2774 2312 ⁵ος
2807 2264 2894 2316 γε,
2926 2245 3069 2302 κατὰ
3096 2245 3157 2300 τὸ
3200 2246 3378 2312 ἕκτον,
3407 2237 3587 2317 οἶμαι,

2003 2344 2113 2396 τῶν
2143 2344 2232 2408 εἰς
2271 2341 2339 2397 τὸ
2379 2340 2531 2396 κατὰ
2575 2338 2854 2408 Ἰωάννην
2879 2337 3248 2409 Εὐαγγέλιον
3288 2337 3590 2407 Ἐξηγητι-

2005 2433 2150 2496 κῶν,
2198 2432 2295 2485 καὶ
2348 2431 2720 2503 προσκυνητὺν
2768 2428 2901 2484 αὐτὸ
2953 2427 3201 2501 φανερῶς
3247 2428 3588 2499 ἀπεφήνατο,

2006 2521 2203 2576 οὓτωσὶ
2228 2522 2453 2593 γράφων
2476 2520 2618 2575 κατὰ
2640 2519 2805 2588 λέξινο
2836 2520 2961 2573 Ὅτι
2985 2517 3052 2572 τὸ
3077 2517 3183 2572 τοῦ
3207 2517 3426 2584 ὕδατος
3446 2520 3592 2572 ,ιου-

2006 2615 2151 2683 τρὸν
2176 2614 2491 2683 σύμϐολον
2514 2612 2797 2684 τυγχάνει
2821 2612 3150 2681 καθαρσίου
3175 2610 3407 2681 ψυχῆς,
3432 2610 3589 2666 πέν-

2006 2720 2080 2758 τα
2115 2705 2315 2773 ῥύπον
2359 2702 2466 2757 τὸν
2497 2703 2617 2759 ἀπὸ
2659 2702 2874 2770 κακίας
2912 2701 3417 2772 άποπλυνομένης
3451 2703 3587 2773 (98)·

2009 2793 2191 2849 οὐδὲν
2221 2793 2290 2848 δὲ
2328 2789 2514 2865 ἧττον
2557 2794 2657 2849 καί
2690 2795 2818 2850 καθ’
2859 2795 3040 2850 ἑαυτὸ
3079 2792 3160 2860 τῷ
3192 2789 3591 2865 ἐμπαρέχοντι

2009 2884 2227 2938 ἑαυτὸν
2255 2878 2329 2953 τῇ
2357 2881 2591 2952 θεότητι
2622 2881 2734 2952 τῆς
2766 2881 3199 2952 προσκυητῆς
3231 2883 3473 2951 Τριάῢος
3492 2881 3593 2938 διὰ

2011 2976 2121 3044 τῆς
2148 2974 2457 3044 δυνάμεως
2495 2972 2616 3027 τῶν
2652 2972 3035 3040 ἐπικλήσεων
3071 2968 3456 3043 χαρισμάτων
3490 2974 3593 3043 ἀρ-

2013 3065 2134 3136 χὴν
2170 3065 2297 3135 ἔχει
2332 3064 2432 3119 καὶ
2481 3064 2706 3135 πηγήν.
2754 3063 2866 3118 Καὶ
2916 3063 3080 3118 πάλιν
3129 3065 3188 3117 ὲν
3215 3065 3327 3129 τοῖς
3364 3064 3445 3128 είς
3489 3065 3592 3136 τὴν

2013 3157 2150 3226 πρὸς
2197 3155 2499 3229 Ῥωμαίους
2544 3154 2863 3226 Ἐπιστολὴν
2910 3154 3273 3227 ἐξηγητικοῖς,
3307 3157 3379 3210 Ai
3415 3156 3589 3225 ἱεραί,
3664 3150 3683 3179 ς

331 3244 463 3300 dum
485 3283 503 3309 ,
540 3242 760 3315 Opinor,
798 3240 1114 3298 traditionis
1145 3238 1231 3296 vis
1268 3253 1413 3310 saepe
1438 3239 1703 3309 compulit
1729 3237 1908 3293 homi-

2017 3249 2174 3319 φησι,
2218 3245 2503 3317 δυνάμεις
2554 3245 2876 3317 χωρητικαί
2924 3245 3032 3300 τοῦ
3071 3245 3453 3316 Μονογενοῦς
3491 3246 3594 3301 καὶ

328 3351 431 3395 nes
468 3335 639 3392 etiam
673 3333 791 3391 suis
830 3334 1077 3406 ipsorum
1109 3332 1463 3402 dogmatibus
1505 3332 1907 3389 contradicere.

329 3427 406 3483 At
452 3442 557 3482 nec
608 3418 931 3481 Africanum
989 3424 1319 3487 historicum
1378 3423 1510 3480 talis
1570 3422 1912 3495 glorificandi

333 3518 513 3574 forma
542 3516 823 3589 praeteriit.
851 3514 1148 3586 Siquidem
1190 3521 1409 3571 constat
1446 3515 1502 3569 in
1541 3513 1732 3584 quinto
1769 3513 1913 3570 libro

327 3608 398 3664 de
424 3605 744 3676 temporibus
786 3605 1090 3675 Epitonies,
1132 3612 1189 3661 et
1239 3605 1421 3676 ipsum
1469 3603 1539 3658 ad
1584 3604 1729 3659 hunc
1762 3603 1911 3675 loqui

330 3698 556 3757 modum
595 3717 609 3755 :
653 3695 771 3753 Nos
815 3699 956 3753 enim
999 3697 1093 3767 qui
1139 3704 1191 3751 et
1234 3696 1454 3752 illorum
1490 3696 1599 3768 62
1638 3694 1912 3751 uerborum

330 3791 554 3847 modum
598 3788 925 3856 didicimus,
977 3804 1069 3843 nec
1110 3789 1418 3860 ignoramus
1468 3787 1594 3859 ﬁdei
1642 3788 1908 3858 gratiam,

331 3880 538 3953 gratias
554 3880 763 3951 agimus
778 3878 959 3945 Patri,
988 3878 1080 3949 qui
1097 3877 1248 3934 nobis
1264 3880 1377 3935 suis
1399 3878 1659 3937 creaturis
1684 3876 1912 3948 prtebuit

332 3974 699 4029 uniuersorum
721 3971 1055 4030 Salvatorem
1079 3988 1143 4028 ac
1162 3971 1451 4028 Dominum
1468 3980 1708 4028 nostrum
1727 3970 1914 4027 Iesum

332 4062 629 4128 Christum,
652 4064 740 4118 cui
752 4063 949 4135 gloria,
984 4063 1241 4134 majestas
1257 4080 1378 4119 cum
1402 4073 1589 4120 sancto
1615 4063 1823 4135 Spiritu
1855 4065 1914 4118 in

331 4154 552 4215 oracula.
585 4154 657 4209 At
689 4154 758 4209 de
778 4155 994 4211 caeteris
1027 4153 1287 4211 fortassis
1319 4153 1557 4210 dubitari
1575 4153 1784 4225 possit,
1820 4162 1917 4209 aut

333 4246 485 4301 credi
517 4246 732 4317 possint
770 4246 1062 4300 immutata
1091 4260 1212 4301 eam
1259 4246 1533 4302 rationem
1576 4245 1816 4311 habere,
1855 4252 1917 4300 ut

334 4341 489 4396 fraus
506 4352 650 4409 aegre
679 4337 1014 4408 deprehendi
1040 4338 1239 4408 possit,
1270 4352 1398 4393 cum
1420 4337 1476 4392 in
1508 4336 1676 4393 unica
1705 4336 1918 4408 syllaba

334 4432 576 4503 positum
612 4430 686 4485 sit
714 4428 1033 4488 discrimen.
1061 4428 1267 4487 Verum
1294 4444 1417 4501 quae
1454 4430 1707 4500 pluribus
1727 4428 1914 4485 verbis

334 4510 483 4581 dicta
510 4524 805 4579 citavimus
828 4563 844 4587 ,
881 4540 948 4579 ea
986 4539 1089 4580 nec
1125 4523 1361 4580 insidias
1390 4522 1725 4587 admittunt,
1760 4530 1817 4578 et
1846 4520 1916 4576 ab

336 4617 473 4689 ipsis
526 4616 687 4674 libris
736 4624 985 4687 paratum
1032 4617 1238 4673 habent
1288 4614 1686 4673 testimonium.
1736 4611 1912 4668 Porro

333 4712 483 4785 quod
520 4711 727 4782 alioqui
760 4710 1015 4768 fortassis
1058 4707 1329 4764 humilius
1362 4706 1527 4773 foret,
1558 4720 1724 4778 quam
1755 4712 1816 4759 ut
1852 4705 1912 4760 in

334 4805 575 4870 medium
602 4804 933 4870 adducatur,
966 4801 1064 4858 sed
1105 4801 1155 4857 ei
1207 4808 1393 4857 tamen
1432 4800 1528 4871 qui
1568 4799 1637 4855 de
1668 4797 1910 4853 novitate

335 4906 649 4967 accusatur,
677 4897 912 4969 perutile
930 4902 1158 4967 propter
1183 4894 1452 4965 temporis
1494 4891 1906 4964 antiquitatem,

404 5057 452 5087 “
474 5052 642 5109 lCor.
674 5070 764 5119 xv,
794 5052 885 5107 50.

406 5210 521 5280 (96)
569 5209 966 5274 Καλέσαντες.
1023 5204 1157 5276 Reg.
1213 5209 1441 5274 quartus
1496 5198 1907 5275 παρακαλέσαντ-

332 5295 522 5423 fta?)
562 5349 861 5423 ιε’ίξρομιενζ
898 5346 1034 5423 Reg.
1083 5353 1312 5423 quartus
1343 5341 1616 5423 εὕραμεν,
1650 5310 1716 5423 et
1748 5338 1908 5423 δέξαν

334 5410 793 5502 ambesis“:
826 5410 1010 5502 Ρειιιιῖ
1025 5410 1404 5502 messis}:
1416 5410 1908 5502 E’Eii".‘.':-9£"l.°‘i§

336 5506 472 5547 mss.
492 5480 572 5559 ,u't'
598 5480 655 5544 in
686 5495 859 5559 textu.
897 5480 1077 5541 Locus
1107 5491 1287 5559 autem
1312 5480 1755 5559 Origenis_‘que_tn
1778 5480 1910 5559 citat

336 5558 574 5616 Basilius
611 5575 723 5615 non
755 5558 813 5612 in
852 5565 1027 5619 sexto.
1070 5556 1168 5610 sed
1212 5554 1267 5608 in
1310 5551 1502 5607 octavo
1535 5551 1675 5607 libro
1702 5551 1913 5619 inveni-

336 5635 449 5695 tur,
477 5631 593 5685 sive
624 5627 885 5685 memoria
905 5622 1171 5695 effluxerit
1186 5622 1415 5690 Basilio,
1446 5622 1563 5678 sive
1606 5620 1713 5676 alia
1745 5618 1911 5675 fuerit

337 5694 468 5756 olim
495 5699 693 5753 borum
718 5696 1030 5754 distributio
1069 5694 1351 5750 librorum.

412 5767 525 5839 (98)
576 5760 1155 5839 ‘Anoxlvroyérng._
1179 5764 1258 5818 lla
1282 5777 1442 5839 _mss.
1474 5776 1543 5839 ac
1601 5761 1714 5831 ipse
1747 5759 1912 5816 etiam

339 5831 591 5915 Origenis
618 5831 927 5897 contextus.
970 5834 1113 5890 Editi
1131 5831 1612 5905 ἁποπλυναμὲνης.

2011 3339 2121 3407 τῆς
2146 3338 2254 3393 τοῦ
2285 3338 2457 3408 ἁγίου
2485 3338 2833 3407 Πνεύματος
2859 3337 3157 3406 θεότητος.
3181 3336 3387 3401 Οὕτως,
3412 3331 3593 3409 οἶμαι,

2011 3432 2075 3485 τὸ
2100 3432 2202 3503 τῆς
2230 3429 2580 3502 παραδόσεως
2616 3429 2835 3500 ίσχυρὸν
2860 3428 3023 3500 ἐνῆγε
3051 3427 3311 3493 πολλάκις
3339 3431 3465 3493 τοὺς
3496 3428 3595 3484 άν-

2012 3524 2145 3594 δρας
2182 3522 2276 3575 καὶ
2323 3520 2437 3585 τοῖς
2471 3519 2693 3585 οἰκείοις
2731 3521 2911 3574 αὐτῶν
2934 3519 3043 3593 (99)
3080 3520 3343 3593 δόγμασιν
3383 3521 3596 3576 ἀντιλέ-

2012 3631 2151 3684 γειν.
2208 3613 2346 3666 Ἀλλ’
2389 3612 2509 3667 οὐδὲ
2564 3612 2889 3687 ’Δφρικανὺν
2928 3609 3027 3666 ’τον
3068 3612 3488 3685 ίστοριογράφον
3528 3612 3592 3667 τδ

2010 3704 2251 3761 τοιοῦτον
2281 3699 2418 3770 εἶδος
2442 3704 2541 3775 τῆς
2569 3703 2873 3773 δοξολογίας
2897 3702 3188 3775 παρέλαϐε.
3206 3704 3461 3758 Φαίνεται
3481 3702 3594 3776 γάρ

2013 3797 2073 3851 ὲν
2113 3794 2192 3867 τῷ
2239 3794 2475 3868 πέμπτῳ
2513 3795 2612 3866 τῆς
2646 3793 2766 3849 τῶν
2808 3794 3043 3864 χρόνων
3094 3793 3408 3865 Ἐπιτομῆς
3447 3794 3594 3854 οὕτω

2014 3887 2110 3941 καὶ
2156 3887 2318 3952 αὐτὸς
2360 3886 2533 3956 λέγων
2553 3901 2567 3916 ⁶
2627 3886 2826 3957 Ἡμεῖς
2871 3885 2982 3958 γὰρ
3027 3888 3081 3940 οί
3131 3887 3424 3942 κάκείνων
3471 3886 3595 3942 τῶν

2007 3975 2291 4047 ῥημάτων
2318 3976 2395 4049 (l)
2439 3977 2504 4031 τὸ
2539 3975 2762 4046 μέτρον
2794 3974 3200 4046 ἐπιστάμενοι,
3233 3976 3335 4031 καί
3360 3976 3471 4046 τῆς
3496 3978 3594 4032 πί-

2014 4084 2205 4137 στεως
2227 4070 2339 4124 οὐκ
2359 4068 2721 4138 ἀγνοοῦντες
2748 4065 2863 4136 τὴν
2888 4067 3085 4138 χάριν,
3117 4067 3595 4141 εὐχαριστοῦμεν

2016 4160 2098 4227 τῷ
2140 4157 2580 4231 παρασχομένῳ
2617 4158 2743 4225 τοῖς
2775 4155 2952 4226 ίίδιοις
2979 4159 3125 4230 ἡμῖν
3159 4160 3341 4229 Πατρί
3374 4160 3450 4231 (2)
3484 4161 3595 4217 τὸν

2017 4249 2137 4305 τῶν
2165 4250 2323 4305 ὅλων
2345 4248 2591 4318 Σωτῆρα
2616 4250 2715 4303 καί
2742 4251 2965 4318 Κύριον
2990 4249 3159 4320 ἡμῶν
3204 4251 3443 4321 Ἰησοῦν
3459 4254 3595 4322 Χρι-

2017 4342 2186 4395 στόν·
2210 4333 2259 4406 ᾧ
2287 4340 2326 4408 ἡ
2354 4338 2525 4403 δόξα,
2549 4339 2952 4409 μεγαλωσύνη
2974 4338 3097 4392 σὺν
3117 4337 3264 4408 ἁγίῳ
3294 4340 3595 4409 Πνεύματι

2016 4434 2104 4497 είς
2139 4429 2282 4497 τοὺς
2317 4426 2557 4495 αἰῶνας.
2593 4426 2675 4481 Τὰ
2712 4427 2810 4498 μὲν
2849 4422 2943 4481 οὖν
2982 4425 3116 4481 ἄλλα
3144 4425 3304 4496 τυχὸν
3337 4427 3432 4479 καὶ
3465 4427 3594 4481 ἀπι-

2020 4520 2283 4593 στιηθῆναι
2313 4518 2561 4583 δύναται,
2598 4520 2634 4590 ἢ
2665 4518 2759 4573 καὶ
2791 4517 3210 4590 μεταγραφέντα
3240 4517 3594 4589 δυσφώρατον

1942 4587 1992 4647 D
2017 4587 2160 4684 ἔχειν
2179 4587 2296 4685 *τὴν
2326 4587 2686 4682 κακουργίαν,
2717 4612 2776 4663 ὲν
2794 4587 2908 4682 μιᾷ
2940 4587 3175 4681 συλλαϐῇ
3205 4610 3305 4680 τῆς
3328 4587 3593 4681 διαφορᾶς

2018 4704 2387 4777 ὑπαρχούσης·
2404 4704 2441 4759 ἃ
2457 4703 2515 4757 δὲ
2538 4701 2628 4757 διὰ
2644 4701 2986 4774 μακροτέρας
3009 4703 3108 4772 τῆς
3134 4700 3330 4766 λέξεως
3353 4700 3590 4772 παρεθέ-

2021 4795 2179 4867 μεθα,
2196 4795 2293 4849 καὶ
2314 4796 2415 4867 τὴν
2429 4792 2719 4865 ιπιδουλὴν
2737 4791 3037 4863 διαφεύγει,
3051 4790 3145 4846 καί
3165 4792 3264 4863 τὴν
3285 4792 3591 4863 μαρτυρίαν

2015 4888 2110 4942 ἀπ’
2122 4886 2301 4942 αὐτῶν
2315 4885 2421 4942 τῶν
2446 4883 2888 4958 συγγραμμάτων
2903 4882 3278 4938 εὐαπόδεικτον
3295 4882 3428 4954 ἔχει.
3450 4885 3516 4938 '0
3532 4883 3591 4939 δὲ

2053 5195 2196 5277 ,(99)
2235 5193 2462 5251 Αὐτῶν.
2501 5192 2582 5249 ita
2609 5192 2829 5250 codices
2878 5192 3056 5249 nostri
3099 5208 3233 5250 mss.
3276 5191 3421 5248 Editi
3463 5194 3591 5249 ἑαυ-

2011 5283 2143 5322 των.

2108 5335 2160 5407 l_)
2200 5334 2337 5407 TE»:
2350 5332 2819 5407 thr._'i‘res
2844 5347 2981 5389 mss.
3003 5331 3114 5407 τῶν
3140 5333 3339 5407 pristini.

2106 5403 2162 5473 2)
2212 5404 2373 5475 Ἡμῖν
2396 5403 2599 5475 Πατρί.
2646 5403 2738 5460 Sic
2770 5418 2907 5458 mss.
2942 5403 3205 5475 quinque.
3243 5403 3387 5458 Editi
3429 5403 3588 5475 ήμῶν

2016 5473 2280 5547 πατράσιζ
2306 5475 2412 5542 Qui
2431 5474 2893 5547 _prcebuit_nostris
2926 5473 3433 5547 patribus__omnium
3452 5473 3589 5547 Ser-

2014 5543 2271 5609 vato'rem,
2292 5543 2630 5616 etc.rlbidem
2680 5544 2764 5616 Ine
2802 5557 2987 5616 voces,
3026 5543 3123 5616 καὶ
3147 5543 3365 5616 Κύριον
3406 5543 3583 5616 ἡμῶν,

2020 5617 2219 5673 desunt
2253 5618 2308 5672 in
2332 5615 2511 5670 tribus
2536 5628 2670 5684 mss.
2701 5613 2832 5684 Mog
2851 5611 2982 5684 editi
3017 5612 3114 5665 καὶ
3134 5614 3179 5684 η
3205 5611 3582 5684 μεγαλωσύνη.

2020 5685 2252 5742 Codices
2276 5701 2408 5757 mss.
2442 5695 2504 5757 ut
2533 5683 2589 5738 in
2613 5680 2972 5757 textu._Paul_o
2998 5688 3123 5752 post
3147 5680 3587 5757 Reg.‘secundu’s

2018 5757 2089 5811 τὰ
2115 5758 2212 5828 μὲν
2252 5755 2453 5812 ἄλλα...
2484 5752 2900 5825 δυσφορωτάτην
2924 5751 3089 5824 ἔχειν.
