3886 6220
284 442 394 501 207

1685 419 1742 475 S.
1785 415 2028 473 Βιειιιι
2065 412 2284 471 ΜΑΟΝΙ

3434 400 3539 458 203

286 559 666 618 assectabatur
701 555 873 609 illum.
906 546 1084 619 Hujus
1125 545 1306 600 adhuc
1335 543 1633 596 etiamnum
1670 552 1865 607 magna
1895 588 1900 599 η

2004 537 2076 591 ῶν
2102 532 2535 605 ἐπιτελουμένων
2558 530 2645 583 διὰ
2673 527 2773 598 τῆς
2800 526 3031 598 χάριτος
3055 517 3165 577 οἷόν
3195 539 3249 576 τι
3300 520 3417 590 φῶς
3443 521 3541 571 ἐπ-

288 654 372 702 est
396 643 538 714 apud
560 641 680 710 ejus
706 635 946 707 regionis
979 631 1230 686 homines
1259 625 1578 686 admiratio,
1614 636 1865 690 novaque

289 751 352 792 ac
384 713 601 803 semper
646 744 839 784 recens
873 724 1134 781 memoria
1165 722 1245 776 sic
1276 719 1443 773 inﬁxa
1468 724 1553 771 est
1577 713 1862 778 Ecclesiis,

291 835 350 881 ut
379 825 533 880 nullo
575 830 820 891 tempore
870 817 1201 873 obsolescat.
1254 810 1445 880 Itaque
1497 822 1608 862 non
1660 804 1865 860 factum

292 917 535 987 aliquod,
571 929 680 968 non
699 912 938 972 dictum,
972 922 1079 962 non
1125 907 1290 959 ritum
1337 904 1508 956 ullum
1540 898 1864 970 mysticum,

294 1007 439 1061 ultra
469 1017 633 1074 quam
668 1001 760 1055 ille
790 998 1032 1068 reliquit,
1060 995 1322 1050 Ecclesia:
1347 991 1689 1060 adjecerunt.
1724 987 1872 1054 Qua-

294 1103 518 1168 propter
545 1093 710 1149 etiam
737 1091 908 1145 multa
939 1104 1009 1143 ex
1032 1087 1119 1142 his
1141 1100 1263 1156 qua:
1292 1082 1436 1153 apud
1468 1081 1592 1135 illos
1613 1088 1871 1151 aguntur,

295 1186 618 1260 imperfecta
677 1199 802 1240 esse
864 1180 1151 1242 videntur,
1219 1188 1441 1248 propter
1508 1173 1874 1228 institutionis

297 1278 699 1349 antiquitatem.
742 1272 879 1327 Nam
910 1270 1005 1342 qui
1037 1270 1091 1323 in
1117 1266 1492 1322 Ecclesiarum
1521 1263 1874 1317 administra-

298 1371 503 1425 tionem
542 1371 964 1428 successerant,
1013 1360 1146 1415 nihil
1186 1374 1253 1413 ex
1286 1357 1372 1411 his
1409 1371 1529 1426 qua:
1567 1361 1690 1425 post
1722 1353 1875 1408 illum

301 1458 609 1530 excogitata
652 1461 814 1520 sunt,
854 1453 976 1506 loco
1005 1447 1364 1505 additamenti
1402 1445 1695 1500 voluerunt
1736 1443 1877 1498 reei-

301 1565 450 1620 pere.
484 1546 662 1603 Unum
692 1547 875 1614 itaque
897 1558 963 1597 ex
994 1537 1244 1610 Gregorii
1276 1536 1547 1592 institutis
1579 1541 1682 1599 est,
1713 1535 1877 1589 etiam

305 1639 397 1693 ille
441 1637 558 1706 ipse
590 1631 1007 1705 gloriﬁcationis
1042 1627 1271 1693 modus,
1308 1624 1398 1680 cui
1433 1639 1578 1678 nunc
1607 1623 1880 1678 contradi—

308 1733 474 1793 citur,
508 1745 575 1784 ex
621 1728 768 1781 illius
817 1724 1108 1780 traditione
1153 1723 1211 1777 in
1258 1720 1503 1776 Ecclesia
1549 1720 1878 1775 custoditus.

1967 630 2198 700 ἐλαμπε,
2237 628 2456 699 μήνυμα
2484 624 2581 693 τῆς
2613 620 2865 692 οὐρανίου
2881 617 3181 688 δυνάμεως,
3218 613 3319 683 τῆς
3349 615 3416 666 ὲκ
3447 608 3544 664 τοῦ

1966 720 2206 789 ἀφανοῦς
2230 716 2621 790 παρεπομένης
2645 711 2814 783 αύτῷ.
2837 709 3038 764 Τούτου
3066 707 3208 778 μέγα
3229 707 3309 761 ἔτι
3334 706 3433 758 καὶ
3452 703 3548 757 νῦν

1968 816 2080 876 τοῖς
2104 811 2388 883 ἐγχωρίοις
2417 810 2480 862 τὸ
2512 807 2721 877 θαῦμα,
2751 804 2846 858 καὶ
2866 802 3035 874 νεαρὰ
3057 802 3154 855 καὶ⁸
3180 800 3267 854 ἀεὶ
3300 797 3550 868 πρόσφα-

1971 922 2062 968 τος
2089 907 2121 975 ἡ
2156 905 2342 974 μνήμη
2368 902 2492 963 ταῖς
2532 894 2879 966 Ἑκκλησίαις
2911 891 3204 962 ἐνίδρυται,
3232 888 3408 942 οὐδενὶ
3431 885 3554 958 χρό-

1969 1012 2045 1066 νῳ
2077 990 2487 1064 ἁμαυρουμένη.
2526 985 2736 1041 Ούκοῦν
2762 984 2823 1038 ού
2864 982 3062 1054 πρᾶξίν
3099 999 3240 1045 τινα,
3276 980 3339 1033 ού
3368 978 3550 1046 λόγον,

1973 1088 2034 1141 ού
2054 1086 2222 1139 τύπον
2241 1084 2365 1136 τινὰ
2394 1079 2677 1153 μυστικὸν,
2701 1076 2830 1149 παρ’
2854 1075 2913 1128 ὃν
2934 1076 3137 1137 ἐκεῖνος
3161 1072 3236 1142 (8)
3267 1070 3552 1132 κατέλιπε,

1973 1182 2040 1250 τῇ
2086 1174 2383 1246 Ἐκκλησία
2413 1170 2783 1243 προσέθηκαν.
2814 1167 2998 1235 Ταύτῃ
3029 1182 3112 1219 τοι
3132 1165 3227 1219 καὶ
3252 1161 3424 1217 πολλὰ
3443 1161 3554 1215 τῶν

1975 1267 2104 1339 παρ’
2129 1267 2312 1327 αὐτοῖς
2337 1259 2680 1331 τελουμένων
2714 1256 2976 1320 ὲλλειπῶς
3007 1255 3152 1325 ἔχειν
3183 1254 3332 1308 δοκεῖ
3368 1251 3461 1305 διὰ
3491 1250 3556 1304 τὸ

1975 1360 2075 1429 τῆς
2101 1353 2487 1414 καταστάσεως
2508 1348 2923 1420 ἁρχαιότροπον.
2950 1345 3115 1399 Οὐδὲν
3133 1343 3244 1416 γὰρ
3265 1343 3558 1413 ἠνέσχοντο

1977 1453 2028 1505 οἱ
2076 1450 2218 1504 κατὰ
2267 1444 2515 1514 διαδοχὴν
2564 1441 2664 1503 τὰς
2720 1437 3043 1509 Ἑκκλησξας
3101 1434 3557 1504 οἰκονομήσαντες

1978 1543 2088 1598 τῶν
2131 1543 2247 1612 μετ’
2299 1540 2506 1594 ἐκεῖνον
2559 1531 2959 1605 ἐφευρεθέντων
3013 1525 3421 1601 παραδέξασθαι
3477 1525 3558 1589 είς

1984 1634 2322 1708 προσθήκην.
2360 1629 2456 1682 Ἒν
2483 1626 2663 1679 τοίνυν
2688 1622 2798 1676 τῶν
2820 1620 3118 1694 Γρηγορίου
3153 1618 3249 1673 καὶ
3280 1619 3310 1672 ὁ
3342 1616 3441 1671 νῦν
3461 1617 3560 1670 ἀν-

1982 1707 2326 1796 τιλεγόμενος
2365 1717 2565 1792 τρόπος
2614 1714 2716 1785 τῆς
2760 1713 3068 1783 δοξολογίας
3124 1711 3293 1776 ἐστὶν,
3340 1711 3405 1763 ὲκ
3459 1707 3564 1779 τῆς

306 1819 420 1875 Nec
440 1818 671 1872 multum
704 1814 868 1869 fuerit
888 1811 1114 1882 negotii,
1139 1811 1213 1877 ei,
1249 1810 1344 1880 qui
1378 1810 1484 1864 iter
1506 1810 1669 1864 breve
1697 1824 1885 1864 susce-

2004 1821 2196 1874 :xeivou
2247 1816 2602 1887 παραδόσεως
2646 1816 2713 1886 τῇ
2775 1808 3070 1879 Ἐκκλησία
3123 1803 3561 1882 πεφυλαγμένος.

310 1914 470 1985 perit,
504 1923 668 1979 super
701 1907 787 1962 bis
815 1904 1202 1960 certitudinem
1236 1903 1509 1972 accipere.
1536 1900 1688 1955 Hanc
1721 1900 1882 1954 ﬁdem

2004 1911 2097 1964 {at
2127 1909 2189 1963 ού
2229 1907 2397 1970 πολὺς
2428 1908 2456 1960 ὁ
2486 1906 2650 1969 πόνος
2687 1902 2882 1975 μικρὸν
2909 1898 3181 1969 κινηθέντι
3204 1896 3303 1967 τὴν
3323 1896 3417 1948 ἐπὶ
3435 1893 3564 1948 τού-

310 2010 365 2057 et
411 1998 732 2054 Firmiliano
782 2002 975 2051 nostro
1021 1991 1226 2059 fuisse,
1261 2000 1534 2047 testantur
1587 1990 1713 2046 libri
1745 2004 1886 2060 quos

312 2091 553 2163 reliquit.
600 2087 828 2157 Insuper
871 2093 926 2140 et
971 2084 1246 2140 Meletium
1295 2084 1448 2137 illum
1503 2081 1887 2138 admirandum

313 2183 371 2237 in
405 2180 593 2237 eadem
638 2178 811 2234 fuisse
854 2173 1159 2237 sententia,
1204 2182 1433 2228 narrant
1470 2172 1564 2243 qui
1613 2187 1738 2228 cum
1794 2171 1890 2225 illo

313 2277 589 2331 vixerunt.
621 2269 728 2329 Sed
755 2268 888 2340 quid
913 2282 1052 2338 opus
1080 2273 1164 2323 est
1204 2274 1388 2321 vetera
1422 2264 1892 2320 commemorare?

316 2367 414 2425 sed
443 2375 496 2423 et
526 2379 675 2420 nunc
704 2363 761 2418 in
789 2361 1032 2426 Oriente,
1060 2374 1240 2414 nonne
1272 2358 1378 2413 hoc
1406 2372 1518 2412 uno
1542 2356 1891 2427 potissimum

316 2475 411 2516 eos
455 2457 547 2529 qui
597 2458 687 2528 pie
736 2454 981 2510 sentiunt
1026 2455 1371 2523 agnoscunt,
1406 2449 1512 2503 hac
1557 2463 1692 2504 voce
1721 2447 1893 2503 veluti

317 2550 554 2622 quodam
611 2548 768 2620 signo
824 2561 956 2602 suos
1009 2546 1079 2599 ab
1130 2542 1326 2599 alienis
1376 2540 1788 2611 dijudicantes?
1829 2538 1896 2594 Ut

320 2650 503 2697 autem
532 2655 632 2710 ego
674 2654 707 2692 e
752 2635 991 2708 quodam
1016 2633 1408 2704 Mesopotamio
1436 2632 1644 2695 audivi,
1676 2631 1796 2684 viro
1842 2638 1897 2685 et

319 2734 522 2799 linguae
552 2729 747 2800 perito,
777 2734 833 2782 et
859 2725 1131 2782 sententia
1163 2725 1508 2793 incorrupto,
1536 2737 1604 2777 ne
1639 2720 1754 2776 ﬁeri
1783 2720 1901 2791 qui-

324 2823 448 2878 dem
486 2827 668 2892 potest
712 2827 771 2873 ut
813 2817 971 2872 aliter
1015 2816 1199 2887 lingua
1240 2813 1535 2870 vernacula
1584 2812 1897 2883 loquantur,

323 2912 539 2969 etiamsi
579 2909 746 2965 velint
777 2927 791 2963 :
822 2907 919 2964 sed
946 2921 1175 2962 necesse
1210 2905 1321 2961 illis
1356 2911 1442 2960 est
1487 2912 1549 2958 ut
1593 2919 1688 2974 per
1735 2902 1902 2974 sylla-

324 3005 450 3059 bam
504 3013 583 3065 et,
656 3000 743 3055 vel
794 2999 975 3070 potius
1016 3012 1115 3067 per
1146 3012 1308 3053 voces
1347 3011 1468 3067 quas
1508 2995 1648 3050 idem
1697 2995 1902 3065 pollent

327 3092 474 3163 quod
506 3090 618 3154 illa.
643 3090 799 3160 juxta
831 3088 1222 3159 proprietatem
1258 3085 1457 3156 linguae
1482 3084 1723 3156 regionis
1753 3085 1902 3141 illius

329 3181 777 3254 gloriﬁcationem
817 3179 1120 3251 proferant.
1164 3176 1309 3244 Quin
1350 3189 1404 3232 et
1436 3177 1795 3247 Cappadoces
1822 3177 1904 3231 sic

328 3276 485 3344 juxta
513 3272 755 3343 regionis
785 3284 992 3325 morem
1019 3269 1318 3339 loquimur,
1360 3267 1475 3338 jam
1523 3274 1638 3323 tum
1691 3268 1750 3321 in
1797 3267 1903 3321 lin-

330 3380 569 3438 gnarum.
588 3363 877 3426 divisione,
914 3360 1217 3417 dictionum
1248 3361 1545 3417 utilitatem
1585 3359 1905 3430 providente

336 3455 563 3527 Spiritu.
597 3453 738 3520 Quid
770 3467 934 3523 porro
975 3450 1242 3507 Occidens
1290 3459 1438 3507 totus
1458 3490 1474 3515 ,
1504 3449 1902 3521 propemodum

335 3549 404 3603 ab
430 3547 644 3620 Illyrico
679 3560 852 3616 usque
878 3543 945 3598 ad
969 3541 1105 3599 ﬁnes
1130 3543 1306 3600 nostri
1334 3542 1530 3599 orbis?
1558 3556 1739 3597 nonne
1762 3541 1905 3597 hanc

335 3655 524 3695 vocem
552 3638 774 3694 tuetur?

409 3730 496 3786 75.
523 3729 625 3796 Qui
658 3729 715 3783 lit
737 3728 927 3800 igitur,
959 3736 1019 3781 ut
1042 3739 1145 3796 ego
1168 3724 1272 3780 sim
1302 3719 1616 3790 innovator,
1639 3729 1693 3779 et
1715 3738 1909 3779 recen-

338 3821 542 3877 tiorum
576 3821 866 3876 verborum
900 3817 1273 3875 architectus?
1303 3831 1428 3873 cum
1458 3822 1604 3871 totas
1637 3815 1908 3878 nationes,

342 3914 614 3977 civitates,
645 3919 699 3967 et
732 3909 1185 3967 consuetudinem
1213 3908 1363 3963 omni
1395 3907 1677 3962 hominum
1706 3921 1912 3961 memo—

342 4005 425 4059 ria
445 4003 818 4067 vetustiorem,
842 4002 1065 4072 insuper
1085 4006 1139 4056 et
1154 4000 1303 4054 viros
1326 3997 1584 4053 Ecclesia:
1602 3997 1910 4059 columnas,

351 4093 504 4148 omni
546 4091 776 4147 scientia
804 4105 867 4144 ac
895 4090 1099 4145 virtute
1141 4087 1381 4158 Spiritus
1410 4085 1622 4152 claros,
1653 4085 1821 4140 duces
1849 4098 1915 4139 ac

347 4192 609 4256 patronos
642 4181 804 4253 hujus
845 4185 998 4236 vocis
1037 4179 1370 4236 exhibeam?
1409 4176 1491 4233 0b
1532 4178 1651 4233 haec
1700 4175 1914 4231 hostilis

348 4278 439 4331 illa
457 4275 602 4330 acies
626 4273 888 4329 adversus
910 4287 1013 4328 nos
1038 4281 1309 4326 commota
1334 4276 1440 4335 est,
1473 4267 1762 4337 omnisque
1781 4266 1917 4322 civi-

349 4377 466 4431 tas,
499 4365 685 4429 vicus.
715 4371 771 4418 et
819 4377 1010 4418 omnes
1052 4363 1282 4417 extremi
1317 4361 1454 4419 lines
1484 4361 1630 4430 pleni
1659 4365 1788 4415 sunt
1816 4373 1916 4413 nos

349 4454 804 4514 calumniantium
845 4452 1094 4508 vocibus.
1148 4451 1376 4507 Molesta
1428 4451 1647 4521 quidem
1691 4450 1808 4504 lucc
1853 4464 1916 4503 ac

1987 2019 2099 2065 τοις
2132 1997 2504 2072 πληροφορίαν
2528 1996 2734 2051 λαϐεῖν.
2765 1994 2981 2069 Ταύτην
3007 1990 3101 2044 καὶ
3121 1986 3461 2061 Φιρμιλιανῷ
3486 1984 3570 2056 τῷ

1987 2093 2240 2166 ἡμετέρῳ
2268 2089 2604 2163 μαρτυροῦσι
2624 2088 2723 2156 τὴν
2755 2086 2935 2139 πίστιν
2962 2086 3011 2137 οἱ
3042 2083 3189 2150 λόγοι
3210 2079 3305 2144 οὓς
3334 2078 3570 2133 καταλέ-

1989 2189 2142 2242 λοιπε
2179 2186 2278 2258 (9).
2323 2185 2436 2240 Καὶ
2476 2181 2740 2239 Μελέτιον
2781 2178 2892 2250 (10)
2928 2177 3018 2231 τὸν
3053 2167 3192 2229 πανυ
3230 2173 3324 2227 ἐπὶ
3362 2170 3571 2242 ταύτης

1991 2278 2132 2334 εἶναι
2167 2280 2267 2350 τῆς
2296 2276 2521 2348 γνώμης
2563 2277 2611 2328 οι
2648 2270 3036 2341 συγγεγονότες
3066 2266 3216 2337 φασί.
3260 2265 3371 2320 Καὶ
3402 2265 3456 2317 τί
3490 2263 3571 2316 δεῖ

1990 2373 2059 2426 τὰ
2102 2367 2309 2425 παλαιὰ
2347 2367 2561 2435 λέγειν;
2605 2364 2742 2419 ἀλλὰ
2774 2362 2871 2416 νῦν
2903 2360 2995 2414 ἐπὶ
3030 2359 3131 2428 τῆς
3159 2357 3303 2428 έῴας
3331 2354 3444 2426 (ll)
3472 2353 3573 2423 οὐχ

1995 2464 2075 2516 ἐν).
2124 2460 2358 2532 μάλιστα
2402 2456 2577 2527 τούτῳ
2619 2454 2746 2516 τοὺς
2788 2449 3146 2512 εὐσεϐοῦντας
3187 2446 3572 2516 γνωρίζουσιν,

1994 2548 2105 2607 οἷόν
2150 2567 2255 2603 τινι
2303 2546 2514 2619 σημείῳ
2560 2547 2626 2616 τῇ
2675 2545 2826 2614 φωνῇ
2875 2541 3049 2612 ταύτῃ
3095 2536 3573 2608 φιλοκρινοῦντεςς

2008 2647 2095 2709 Ὠς
2126 2645 2182 2697 δὲ
2210 2640 2320 2710 ἐγώ
2345 2657 2492 2704 τινος
2518 2638 2628 2709 (1‘2)
2657 2636 2767 2689 τῶν
2799 2637 2863 2687 ὲκ
2886 2629 3313 2698 Μεσοποταμίας
3338 2628 3573 2697 ἥκουσα,

1997 2736 2186 2806 ἀνδρὸς
2206 2734 2301 2787 καὶ
2320 2732 2421 2803 τῆς
2448 2729 2699 2800 γλώσσης
2731 2723 3008 2796 ἐμπείρως
3035 2722 3270 2792 ἔχοντος,
3296 2719 3393 2772 καὶ
3420 2718 3574 2770 ἀδια-

2001 2825 2233 2897 στρόφου
2267 2823 2365 2893 τὴν
2391 2820 2641 2890 γνώμην,
2673 2817 2793 2871 οὐδὲ
2824 2814 3047 2868 δυνατὸν
3079 2812 3282 2884 ἑτέρως
3312 2813 3487 2864 εἰπεῖν
3507 2814 3575 2883 τῇ

2000 2912 2250 2985 ἐγχωρίῳ
2293 2913 2467 2981 φωνῇ,
2507 2907 2610 2961 κᾶν
2659 2906 2937 2971 ἐθέλωσιν,
2983 2902 3119 2956 ἀλλὰ
3163 2900 3252 2955 διὰ
3302 2902 3424 2971 τῆς,
3456 2902 3575 2965 καὶ,

2004 3001 2295 3069 συλλαϐῆς,
2325 2999 2522 3069 μᾶλλον
2545 2998 2603 3051 δὲ
2621 2996 2729 3049 τῶν
2748 2994 2960 3047 ίσοδυνα
2967 2991 3182 3063 μουσῶν
3202 2991 3338 3061 αὐτῇ
3358 2990 3576 3059 φωνῶν,

2003 3093 2145 3145 κατὰ
2176 3108 2228 3143 τι
2278 3090 2473 3161 ἰδίωμα
2502 3089 2750 3157 πάτριον,
2785 3085 3030 3153 ἀνάγκην
3077 3083 3261 3145 αὐτοῖς
3299 3078 3438 3134 εἶναι
3478 3080 3583 3150 τὴν

2004 3182 2310 3251 δοξολογίαν
2342 3180 2658 3251 προφέρειν.
2689 3177 2802 3231 Καὶ
2834 3173 3198 3228 Καππαδόκαι
3224 3172 3282 3226 δὲ
3316 3171 3460 3225 οὕτω
3486 3170 3579 3225 λέ-

2003 3291 2175 3345 γομεν
2218 3272 2520 3342 ἐγχωρίως,
2556 3267 2637 3322 ἔτι
2665 3268 2787 3320 τότε
2818 3268 2876 3320 ὲν
2907 3268 2972 3337 τῇ
3001 3265 3111 3319 τῶν
3147 3264 3409 3335 γλωσσῶν
3443 3264 3582 3318 διαι·

2010 3364 2154 3435 ρέσει
2185 3361 2245 3414 τὸ
2273 3362 2339 3413 ἐκ
2369 3361 2466 3430 τῆς
2498 3357 2692 3421 λέξεως
2719 3358 2988 3426 χρήσιμον
3014 3353 3461 3424 προϐλεψαμένου
3482 3353 3580 3406 τοῦ

2004 3453 2342 3525 Πνεύματος.
2379 3450 2443 3505 Τί
2475 3449 2533 3502 δὲ
2563 3450 2596 3519 ἡ
2635 3447 2787 3510 δύσις
2819 3447 3027 3508 ἅπασα,
3074 3444 3271 3516 μικροῦ
3311 3444 3444 3507 δεῖν,
3472 3444 3583 3499 ἀπὸ

2004 3545 2098 3599 τοῦ
2136 3541 2432 3614 Ἰλλυρικοῦ
2464 3540 2625 3612 μέχρι
2655 3537 2766 3589 τῶν
2796 3537 2937 3609 ὅρων
2963 3537 3062 3608 τῆς
3086 3536 3207 3590 καθ’
3232 3538 3377 3607 ἡμᾶς
3401 3539 3580 3591 οἰκου-

2009 3637 2210 3709 μένης;
2239 3637 2360 3707 οὐχὶ
2390 3635 2489 3707 τὴν
2521 3637 2706 3708 φωνὴν
2738 3635 2940 3708 ταύτην
2972 3633 3298 3706 πρεσϐεύει;

2079 3731 2167 3786 75.
2208 3729 2333 3792 Πῶς
2369 3725 2463 3783 οὖν
2509 3728 2830 3798 καινοτόμος
2872 3727 3005 3797 ἐγὼ,
3043 3727 3137 3781 καὶ
3174 3727 3455 3797 νεωτέρων
3487 3727 3585 3797 ρη-

2012 3823 2194 3894 μάτων
2232 3820 2584 3893 δημιουργὸς,
2628 3819 2757 3890 ἔθνη
2797 3820 2895 3873 ὅλα
2937 3819 3034 3873 καὶ
3079 3818 3280 3886 πόλεις,
3329 3820 3425 3871 καὶ
3463 3816 3584 3881 ἔθος

2010 3916 2191 3986 πάσης
2224 3915 2443 3986 μνήμης
2473 3910 2821 3982 ἀνθρωπίνης
2850 3910 3241 3982 πρεσϐύτερον,
3268 3909 3363 3963 καὶ
3385 3908 3587 3974 ἄνδρας

2012 4009 2235 4071 στύλους
2263 4008 2362 4079 τῆς
2402 4005 2751 4076 Ἐκκλησίας,
2783 4005 2841 4058 ὲν
2871 4004 3017 4076 πάσῃ
3062 4002 3260 4072 γνώσει
3301 4003 3395 4055 καὶ
3428 4002 3588 4057 δυνά-

2015 4117 2104 4170 μει
2134 4097 2449 4169 Πνεύματος
2472 4096 2814 4169 διαπρεπεῖς,
2852 4097 3129 4168 ἀρχηγοὺς
3147 4096 3243 4148 καὶ
3276 4095 3588 4166 προστάτας

2011 4191 2110 4260 τῆς
2136 4189 2319 4259 φωνῆς
2348 4187 2722 4260 παρεχόμενος
2748 4205 2762 4253 ;
2812 4189 2935 4241 Ἐπὶ
2968 4188 3174 4250 τούτοις
3198 4187 3308 4257 (15)
3341 4185 3404 4239 τὸ
3430 4184 3589 4237 πολε-

2018 4280 2172 4350 μικὸν
2206 4279 2363 4333 τοῦτο
2405 4278 2526 4332 καθ’
2567 4277 2727 4350 ἡμῶν
2760 4279 3148 4349 συγκεκίνηται
3190 4279 3394 4345 στῖφος.
3431 4275 3589 4328 Πᾶσα

2013 4373 2071 4425 δὲ
2099 4372 2251 4435 πόλις
2276 4371 2369 4425 καὶ
2400 4369 2585 4442 κώμη,
2609 4371 2704 4424 καὶ
2736 4370 2987 4441 ἐσχατιαὶ
3014 4372 3201 4434 πᾶσαι,
3230 4368 3457 4439 πλήρεις
3480 4366 3589 4419 τῶν

2016 4464 2296 4536 ἡμετέρων
2324 4463 2604 4518 διαϐολῶν.
2636 4463 2873 4536 Λυπηρὰ
2905 4464 3001 4535 μὲν
3032 4458 3124 4517 οὖν
3152 4461 3324 4516 ταῦτα
3355 4464 3448 4517 καὶ
3471 4463 3593 4516 ὀδυ-

351 4549 583 4620 lugenda
614 4544 872 4602 cordibus
906 4544 1265 4614 quaerentium
1294 4556 1484 4611 pacem
1519 4558 1533 4595 :
1562 4556 1751 4596 verum
1777 4554 1900 4611 quo-

2017 4548 2158 4619 νηρὰ
2185 4551 2306 4609 ταῖς
2332 4548 2584 4620 καρδίαις
2613 4549 2719 4603 τῶν
2748 4549 3053 4615 ζητούντων
3079 4550 3176 4618 τὴν
3204 4550 3448 4620 εἰρήνηψ
3472 4548 3591 4601 ἀλλ’

351 4642 495 4695 niam
544 4645 628 4693 est
663 4650 858 4709 magna
887 4632 1159 4704 patientiae
1202 4646 1450 4696 merces,
1505 4631 1767 4687 toleratas
1819 4646 1900 4700 prc

2020 4639 2204 4710 ἐπειδὴ
2235 4639 2457 4709 μεγάλοι
2483 4640 2583 4710 τῆς
2606 4640 2881 4712 ὑπομονῆς
2909 4642 2956 4692 οἱ
2987 4640 3167 4711 μισθοὶ
3193 4640 3299 4693 τῶν
3324 4640 3465 4711 ὑπὲρ
3490 4639 3593 4709 τῆς

350 4732 456 4787 ﬁde
498 4728 817 4785 alilictiones
863 4735 1151 4788 secutura,
1208 4731 1404 4792 prater
1444 4722 1563 4777 iure
1604 4732 1659 4779 et
1706 4722 1918 4793 gladius

352 4821 725 4893 splendescat,
775 4831 831 4874 et
872 4815 1086 4873 securis
1133 4824 1383 4879 acuatur,
1435 4822 1490 4869 et
1536 4815 1678 4886 ignis
1729 4814 1918 4868 ardeat

352 4911 682 4985 Babylonico
707 4909 801 4964 illo
830 4907 1237 4970 vehementius,
1284 4915 1338 4960 et
1390 4906 1576 4960 omnia
1621 4908 1920 4978 supplicio-

423 5068 501 5140 (8)
547 5066 827 5140 Ἐκεῖνος.
871 5063 961 5118 Sic
989 5059 1813 5140 iibriveteres._Editi_§xeiv0tc.

425 5131 498 5206 (9)
539 5134 966 5206 Καταλέλοιπε.
993 5133 1065 5186 Ita
1092 5148 1227 5206 mss.
1260 5131 1401 5185 Eiliti
1430 5133 1710 5206 κατέλιπε.

426 5202 539 5278 (id)
574 5205 881 5278 Μείῑέτιον.
906 5204 1090 5258 Cocus
1105 5204 1233 5257 dum
1256 5209 1439 5278 tuetur
1465 5202 1675 5278 Erasini
1698 5210 1924 5278 semen-

357 5271 629 5345 tiam,'qui
662 5275 858 5330 Basilio
883 5288 1132 5344 magnam
1161 5280 1371 5345 partem
1403 5271 1562 5339 hujus
1590 5274 1733 5335 libri,
1771 5291 1924 5345 nem-

358 5364 423 5417 pe
455 5361 483 5399 a
514 5341 691 5415 capite
729 5346 939 5399 decimo
969 5341 1158 5413 quinto
1191 5341 1615 5417 ahjudicaverat,
1651 5344 1925 5417 hoc‘inter

359 5412 462 5470 alia
509 5412 813 5483 commento
867 5419 1057 5475 utitur,
1106 5412 1250 5483 quod
1306 5412 1568 5483 hieletius,
1613 5417 1704 5483 qui
1741 5413 1925 5468 Basilii

359 5485 605 5555 aequalis,
640 5493 695 5538 et
738 5482 936 5555 Basilio
983 5480 1261 5555 superstes
1307 5480 1427 5555 fuit,
1480 5480 1922 5555 inter'antiquos

361 5550 695 5609 numeretur.
766 5550 872 5607 Sed
914 5550 1234 5621 jamdudum
1295 5552 1530 5621 explosa:
1569 5554 1636 5607 ab
1673 5554 1926 5608 omnibus

363 5627 581 5680 fuerunt
610 5624 800 5677 inanes
832 5637 1030 5693 nug:e,_
1049 5639 1147 5677 nec
1195 5622 1485 5692 quisquam
1517 5623 1730 5693 ignorat
1761 5622 1927 5678 Mele-

362 5697 500 5750 tium
545 5695 634 5748 hic
672 5691 963 5764 memorari
1007 5691 1353 5764 Ponticarum
1393 5691 1672 5764 regionum
1718 5694 1928 5764 episco-

362 5781 514 5835 pum,
549 5780 711 5835 quem
741 5763 1009 5835 Eusebius
1072 5759 1211 5816 Hist.
1258 5762 1373 5835 lih._
1401 5759 1500 5835 vii,
1538 5778 1659 5831 cap.
1688 5759 1790 5835 752‘,
1823 5764 1927 5818 mel

363 5831 601 5892 Atticum
633 5834 818 5892 vocari
855 5835 1094 5897 solitum,
1126 5847 1190 5887 ac
1236 5831 1486 5902 plurimis
1527 5834 1835 5890 sanctitatis
1873 5843 1928 5890 et

2021 4732 2253 4794 πίστεως
2287 4730 2622 4802 παθημάτων
2649 4731 2753 4783 εἰσὶ
2782 4731 2917 4801 (14),
2944 4732 3079 4803 πρὸς
3099 4731 3305 4796 τούτοις
3325 4731 3419 4785 καὶ
3440 4730 3593 4799 ξίφος

2022 4820 2372 4885 στιλϐούσθω,
2419 4821 2515 4874 καὶ
2549 4821 2780 4885 πέλεκυς
2829 4822 3133 4886 ἁκονάσθω,
3173 4822 3266 4875 καὶ
3323 4822 3433 4894 πῦρ
3465 4840 3591 4876 καις

2022 4914 2162 4967 έσοω
2189 4913 2281 4966 τοῦ
2307 4913 2642 4966 Βαϐυλωνίου
2673 4914 3045 4986 σφοδρότερον,
3078 4915 3172 4968 καὶ
3207 4917 3313 4969 πᾶν
3341 4914 3591 4968 κινείσθω

2022 5070 2284 5151 doctrinae
2315 5069 2653 5151 ornamentis
2679 5070 2987 5151 _pr:editum
3035 5070 3203 5151 fuisse
3234 5070 3401 5151 dicit;
3424 5086 3591 5151 seque

2023 5140 2171 5220 illius
2202 5137 2635 5220 consuetudine,_
2823 5142 3254 5220 persecutionem
3293 5137 3515 5220 fugiens
3536 5141 3589 5196 in

2023 5208 2313 5289 Palaestina
2340 5209 2579 5289 (legeret2
2602 5208 2987 5289 _totis_septeu_1
3016 5211 3196 5289 an_nis_
3210 5208 3375 5289 usum
3401 5211 3588 5289 fuisse:

2096 5278 2217 5359 (in
2258 5279 2382 5331 Ἐπὶ
2408 5275 2523 5359 gﬁq
2551 5275 2980 5359 ὰξξαςηΕῶὶὶ-οἱ
3015 5281 3107 5334 ἐπὶ
3136 5281 3233 5352 τῆς
3279 5280 3440 5350 ἑῴας,
3496 5281 3590 5335 sed

2024 5349 2289 5418 articulus
2330 5349 2481 5418 nullo
2510 5349 2705 5418 legitur
2734 5348 2787 5403 in
2818 5351 3005 5406 codice
3031 5366 3135 5405 ms.

2097 5417 2208 5488 (l2)
2257 5417 2404 5489 Ἐγώ
2432 5417 2615 5489 τινος.
2674 5418 2729 5472 In
2775 5421 3019 5489 margine
3067 5422 3315 5489 duorum
3340 5421 3589 5476 codicum

2026 5487 2346 5560 observatur
2365 5488 2629 5560 Basilium
2658 5489 2805 5560 loqui
2838 5487 2905 5544 de
2936 5491 2994 5543 S.
3028 5489 3260 5560 Ephrem
3294 5488 3452 5559 Syro.

2028 5625 2040 5638 .
2099 5557 2208 5627 (15)
2247 5558 2379 5638 ’Ἐπὶ
2413 5560 2664 5638 τούτοίς.
2702 5559 2801 5615 Hic
2824 5560 3017 5638 incipit
3058 5557 3223 5638 caput
3255 5557 3592 5638 trigesimum

2027 5627 2099 5707 in“
2133 5634 2368 5707 quatuor
2423 5643 2557 5707 mss.
2598 5627 2720 5683 Mox
2776 5630 2906 5685 editi
2937 5627 3221 5684 πᾶσαι’δὲ
3265 5627 3449 5693 πόλεις
3503 5632 3594 5685 καὶ

2026 5696 2230 5765 κῶμαι.
2250 5696 2379 5752 Mss.
2409 5704 2468 5751 ut
2502 5698 2554 5751 in
2584 5707 2750 5754 textu.

2031 5767 2209 5892 mgf)
2255 5768 2409 5823 Εἰσί.
2457 5766 2611 5823 Hanc
2655 5784 2843 5826 vocem
2889 5767 3200 5828 addidimus
3241 5784 3307 5827 ex
3361 5778 3593 5840 quatuor
