3886 6220
343 314 460 373 209

1475 312 1679 371 LIBER
1718 315 1807 371 DE
1845 311 2117 371 SPlRlTU
2161 308 2443 369 SANCTO.

3497 313 3617 369 210

343 428 438 500 ἐφ’
478 431 624 501 ἡμᾶς
656 430 884 501 ἇργανον
919 430 1291 502 κολαστήριονο
1320 430 1395 495 ὡς
1428 430 1616 503 ἔμοιγε
1647 434 1799 487 οὐδὲν
1832 450 1906 502 φο

2028 444 2150 483 rum
2184 430 2553 484 instrumenta
2595 443 2650 483 in
2691 443 2796 484 nos
2839 434 3196 494 moveantur;
3226 427 3372 499 quod
3411 427 3480 483 ad
3518 444 3607 485 me

341 521 658 594 ϐερὼτερον
688 521 784 576 τοῦ
823 520 898 592 μὴ
935 520 1218 590 φοϐεῖσθαι
1243 521 1344 595 τὰς
1372 522 1621 590 ἀπειλὰς,
1655 523 1723 587 ἃς
1757 526 1785 577 ὁ
1811 523 1927 578 Κύ-

342 628 469 683 ριος
513 615 629 676 τοῖς
667 612 732 664 τὸ
784 610 1008 682 Πνεῦμα
1065 611 1477 683 βλασφημοῦσιν
1527 613 1923 668 ὲπανετείνατο.

338 706 495 778 Πρὸς
523 705 625 776 μὲν
651 700 745 759 οῦν
772 705 900 768 τοὺς
924 704 1272 775 εὐγνώμονας
1300 705 1409 759 τῶν
1434 706 1737 778 ἀνθρώπων
1768 709 1925 779 ἱκανὴ

335 795 614 863 ἀπολογία
670 795 739 849 τά
787 793 1074 867 είρημένα,
1118 795 1201 849 ὃτι
1244 796 1513 867 δεχόμεθα
1558 798 1740 869 φωνὴν
1785 798 1927 852 οὕτω

340 887 451 956 μὲν
483 886 647 956 φίλην
680 885 776 940 καὶ
799 890 1140 957 προσήγορον
1165 886 1279 955 (15)
1306 890 1420 950 τοῖς
1456 889 1654 958 ἁγίοις,
1686 889 1927 960 τοσούτῳ

331 976 396 1031 δὲ
448 977 564 1031 ἔθει
625 977 1032 1047 βεϐαιωθεῖσαψ
1085 977 1218 1031 διότι
1265 978 1359 1047 ἀφ’
1400 972 1461 1032 οὗ
1507 981 1815 1051 κατηγγέλη
1863 982 1925 1035 τὸ

333 1069 678 1138 Εὐαγγέλιω
706 1070 869 1140 μέχρι
887 1068 985 1123 τοῦ
1018 1068 1133 1138 νῦν,
1160 1071 1624 1145 ὲμπολιτευομένη
1650 1078 1770 1138 ταῖς
1803 1074 1925 1128 Ἑκ-

331 1159 599 1229 κλησίαις
648 1159 941 1213 δείκνυται-
990 1162 1088 1215 καὶ
1132 1161 1195 1214 τὸ
1239 1162 1525 1233 μέγιστον,
1558 1164 1798 1230 εὐσεϐῶς
1828 1167 1923 1219 καὶ

329 1252 505 1314 ὁσίως
543 1250 688 1304 κατὰ
728 1252 828 1323 τὴν
876 1251 1086 1305 ἔννοιαν
1130 1252 1348 1323 ἔχουσα.
1397 1255 1541 1325 Πρὸς
1579 1257 1638 1310 δὲ
1670 1257 1733 1310 τὸ
1779 1258 1922 1328 μέγα

328 1343 650 1414 κριτήριον,
687 1341 809 1395 τίνα
847 1341 947 1413 τὴν
984 1341 1280 1410 ἀπολογίαν
1323 1345 1537 1409 ἑαυτοῖς
1581 1346 1923 1417 εὐτρεπίσαι-

333 1449 475 1503 μεν;
502 1433 628 1486 Ὅτι
652 1432 847 1502 ἐνῆγεν
869 1431 982 1503 (16)
1007 1434 1156 1504 ἡμᾶς
1183 1434 1320 1505 πρὸς
1347 1435 1447 1506 τὴν
1467 1435 1625 1501 δόξαν
1639 1437 1735 1491 τοῦ
1758 1438 1923 1492 Πνεύ-

329 1538 512 1591 ματος
542 1522 761 1593 πρῶτον
791 1523 890 1593 μὲν
913 1524 946 1592 ἡ
975 1522 1125 1594 παρὰ
1157 1523 1491 1599 τοῦ-Κυρίου
1514 1527 1668 1597 τιμὴ,
1700 1546 1920 1601 συμπα-

328 1611 669 1683 ραλαϐόντος
697 1612 876 1684 ἑαυτῷ
913 1613 1004 1668 κα)⁵
1035 1614 1115 1685 τῷ
1151 1616 1328 1688 Πατρ¹ι
1371 1618 1507 1688 πρὸς
1531 1618 1594 1673 τὸ
1618 1619 1917 1692 βάπτισμα·

323 1701 532 1755 ἔπειτα
558 1703 594 1773 ἡ
634 1703 868 1756 ἑκάστου
901 1701 1058 1773 ἡμῶν
1090 1703 1182 1757 διὰ
1206 1704 1308 1775 τῆς
1331 1706 1589 1778 τοιαύτης
1624 1726 1917 1779 μυσταγω-

2028 520 2249 591 quidem
2275 519 2492 585 attinet,
2527 520 2665 575 nihil
2706 520 2945 575 arbitror
2984 519 3408 584 formidabilius,
3436 527 3605 589 quam

2029 626 2136 665 non
2189 609 2484 666 formidare
2531 611 2745 675 minas,
2783 625 2923 679 quas
2965 610 3225 666 Dominus
3254 611 3309 666 in
3339 608 3605 680 Spiritum

2027 702 2398 771 blasphemias
2417 702 2758 772 jacientibus
2789 701 2902 774 65
2925 700 3233 758 intentavit.
3266 700 3436 772 Igitur
3456 698 3603 771 apud

2025 793 2284 849 cordatos
2328 794 2583 850 homines
2633 793 2701 848 ad
2749 794 3123 865 purgationem
3170 790 3279 848 mei
3327 791 3601 850 suﬂiciunt

2025 884 2144 940 haec
2173 900 2297 956 quae
2332 884 2478 939 dicta
2527 891 2687 949 sunt,
2724 885 2873 955 quod
2910 884 3202 955 recipimus
3241 897 3429 939 vocem
3463 882 3609 938 adeo

2025 982 2238 1045 gratam
2274 990 2339 1030 ac
2370 974 2698 1031 familiarem
2733 976 2962 1043 sanctis,
2995 976 3220 1048 insuper
3246 983 3302 1031 et
3336 982 3446 1030 tam
3476 975 3602 1031 diu-

2025 1066 2139 1121 tino
2162 1081 2266 1121 usu
2319 1065 2724 1122 conﬁrmatam.
2763 1065 2900 1121 Nam
2950 1081 3019 1122 ex
3063 1082 3172 1138 quo
3212 1072 3459 1138 tempore
3511 1070 3601 1121 est

2024 1158 2410 1213 annuntiatum
2442 1156 2797 1229 Evangelium
2823 1174 2998 1230 usque
3022 1159 3090 1213 ad
3120 1173 3380 1230 praesens,
3411 1165 3598 1214 osten-

2021 1249 2172 1304 ditur
2190 1249 2244 1303 in
2267 1248 2533 1304 Ecclesiis
2553 1250 2758 1305 usitata
2782 1249 2990 1307 fuisse:
3012 1260 3067 1307 et
3084 1250 3228 1320 quod
3248 1259 3331 1306 est
3349 1249 3598 1304 omnium

2023 1339 2344 1403 maximum,
2399 1339 2550 1409 pium
2611 1354 2677 1394 ac
2736 1340 3054 1411 religiosum
3112 1355 3337 1396 sensum
3395 1339 3599 1395 habere

2021 1428 2453 1485 demonstratur.
2505 1430 2777 1487 Caeterum
2825 1433 2972 1503 apud
3018 1446 3279 1503 magnum
3321 1430 3455 1486 illud
3491 1430 3597 1484 tri-

2019 1518 2219 1581 bunal,
2266 1534 2431 1589 quam
2472 1519 2635 1575 nobis
2673 1522 3084 1577 excusationem
3115 1519 3597 1593 apparaverimus?

2020 1609 2289 1666 Nimirum
2339 1611 2488 1683 quod
2541 1612 2762 1667 induxit
2810 1628 2913 1669 nos
2966 1613 3034 1667 ad
3083 1613 3310 1685 gloriam
3358 1612 3596 1681 Spiritus

2022 1702 2255 1773 primum
2286 1703 2464 1759 honos
2491 1704 2569 1757 illi
2592 1704 2815 1758 habitus
2839 1719 2868 1757 a
2895 1703 3150 1770 Domino,
3180 1704 3236 1759 in
3268 1704 3596 1774 baptismate

324 1793 459 1861 γίας
490 1794 634 1865 πρὸς
656 1795 757 1866 τὴν
789 1794 1121 1864 θεογνωσίαν
1148 1773 1447 1869 εἰσαγωγήθ
1483 1773 1569 1868 ἐφ’
1598 1773 1770 1854 άπασι
1801 1773 1858 1855 δὲ
1884 1803 1906 1855 ὁ

2021 1793 2284 1864 Spiritum
2331 1795 2664 1867 adjungente
2713 1798 2819 1852 sibi
2866 1806 2922 1852 et
2973 1797 3123 1852 Patri
3152 1797 3236 1853 ":
3300 1773 3595 1867 praeterea,

324 1886 501 1955 φόϐος
537 1886 650 1940 τῶν
675 1886 1100 1959 ἀπειληθέντων,
1130 1889 1411 1961 ἀπείργων
1446 1891 1546 1964 τὴν
1572 1890 1779 1953 ἔννοιαν
1813 1895 1916 1949 πά-

324 1994 434 2049 σης
466 1977 701 2044 ἀναξίας
728 1979 824 2032 καὶ
853 1981 1118 2051 ταπεινῆς
1150 1982 1489 2053 ὑπολήψεως.
1513 1987 1575 2038 Ui
1596 1985 1654 2039 δὲ
1682 1989 1915 2041 ἐναντίοι

322 2070 382 2123 τί
432 2072 536 2124 καὶ
581 2071 806 2143 ὲροῦσι;
863 2073 1026 2127 ποίαν
1072 2075 1367 2143 ἀπολογίαν
1417 2077 1519 2147 τῆς
1568 2077 1915 2150 βλασφημίας

322 2160 551 2227 ξξουσι;
601 2165 740 2234 μήτε
781 2163 883 2229 τὰς
922 2165 1089 2237 τιμάς
1119 2167 1229 2237 (17)
1262 2168 1358 2222 τοῦ
1403 2170 1609 2242 Κυρίου
1666 2173 1908 2227 καταιδε-

325 2252 577 2318 σθέντες,
611 2256 751 2326 μήτε
784 2255 885 2321 τὰς
909 2257 1140 2323 ἀπειλὰς
1172 2259 1335 2313 αὐτοῦ
1370 2261 1716 2332 φοϐηθέντες.
1748 2259 1908 2319 Οὗτοι

327 2344 432 2415 μὲν
462 2342 562 2399 οὖν
591 2346 772 2417 κύριοι
812 2347 1202 2417 βουλεύσασθαι
1233 2352 1364 2423 περὶ
1386 2353 1496 2406 τῶν
1532 2355 1654 2408 κατ’
1691 2356 1907 2421 αὐτοὺς,

322 2432 357 2505 ἢ
387 2437 491 2489 καὶ
526 2436 1062 2507 μεταϐουλεύσασθαι
1095 2441 1218 2512 ἤδη.
1246 2443 1417 2507 Αὐτὸς
1452 2444 1496 2497 δ’
1538 2445 1604 2499 ἂν
1647 2446 1909 2520 εὐξαίμην

322 2524 572 2594 μάλιστα
610 2528 711 2599 μὲν
736 2528 920 2584 δοῦναι
951 2532 1045 2586 τὸν
1079 2533 1281 2602 ἀγαθὸν
1305 2534 1436 2588 Θεὸν
1469 2535 1567 2608 τὴν
1604 2538 1796 2593 ἑαυτοῦ
1826 2543 1907 2593 εί-

324 2616 503 2689 ρήνην
528 2616 905 2690 βραϐεύουσαν
933 2624 992 2676 ὲν
1025 2626 1146 2687 ταῖς
1176 2625 1427 2697 καρδίαις
1459 2628 1734 2695 ἁπάντων,
1765 2631 1906 2686 ὥστε

318 2705 454 2769 τοὺς
506 2708 861 2779 σφριγῶντας
888 2710 1010 2765 καθ’
1046 2713 1206 2783 ἡμῶν
1245 2714 1488 2781 τούτους,
1521 2719 1616 2772 καὶ
1653 2738 1906 2776 συντεταο

320 2797 563 2866 γμένους
590 2797 704 2870 (18)
755 2802 1022 2874 σφοδρῶς,
1062 2806 1121 2857 ὲν
1166 2805 1446 2877 Πνεύματι
1478 2810 1784 2882 πραότητος
1811 2816 1940 2869 καὶ“

318 2887 550 2959 ἀγάπης
570 2893 999 2964 κατασταλῆναυ
1025 2897 1076 2949 εί
1103 2897 1149 2950 δ’
1175 2896 1284 2968 ἄρα
1305 2900 1580 2965 παντελῶς
1606 2902 1903 2975 ἐξηγρίων-

318 2992 412 3030 ται
453 2981 553 3033 καὶ
585 2979 995 3049 ἀτιθασσεύτως
1020 2985 1256 3056 ἔχουσιν,
1300 2989 1417 3042 ἀλλ’
1446 2991 1576 3062 ἡμῖν
1621 3010 1686 3062 γε
1723 2995 1902 3050 δοῦναι

322 3069 707 3143 μακροθύμως
740 3074 925 3145 φέρειν
952 3076 1019 3129 τά
1046 3080 1179 3150 παρ’
1203 3080 1403 3136 αὐτῶν.
1434 3083 1657 3148 Πάντως
1685 3086 1762 3149 δὲ,
1792 3092 1904 3153 τοῖς
1930 3114 1971 3171 C

319 3158 380 3212 τὸ
408 3161 705 3234 ἀπόκριμα
736 3165 832 3219 τοῦ
880 3166 1110 3222 θανάτου
1150 3171 1209 3223 ὲν
1246 3173 1456 3237 ἑαυτοῖς
1488 3174 1698 3245 ἔχουσιν
1738 3179 1801 3231 ού
1841 3180 1903 3233 τὸ

319 3251 520 3342 παθεῖν
577 3254 719 3327 ὑπὲρ
766 3257 866 3327 τῆς
921 3258 1155 3326 πίστεως
1205 3264 1474 3333 ἀλγεινὸν,
1522 3267 1659 3323 ἀλλά
1708 3271 1767 3323 τὸ
1805 3272 1900 3342 ’μὴ

319 3341 617 3413 ἑναθλῆσαι
664 3345 804 3416 αὐτῇ
833 3347 943 3417 (19)
993 3349 1428 3425 δυσφορώτατον*
1481 3359 1605 3411 ἐπεὶ
1653 3360 1747 3414 καὶ
1789 3341 1902 3426 τοῖς

318 3431 585 3503 ἀθληταῖς
619 3434 684 3488 οὐ
722 3436 977 3493 τοσοῦτον
1019 3440 1235 3511 πληγάς
1267 3444 1450 3499 λαϐεῖν
1480 3448 1901 3521 ἀγωνιζομένοις

320 3522 487 3597 βαρὺ,
520 3526 649 3580 ὅσον
680 3528 816 3599 μηδὲ
845 3532 1245 3606 παραδεχθῆναι
1272 3537 1384 3610 (20)
1410 3538 1509 3610 τὴν
1540 3542 1713 3613 ἀρχὴν
1738 3547 1816 3609 εὶς
1840 3546 1901 3598 τὸ

321 3616 558 3671 στάδιον.
591 3619 665 3672 Ἦ
699 3621 840 3690 τάχα
868 3618 1022 3688 οὗτος
1044 3622 1114 3696 ἦν
1141 3629 1171 3681 ὁ
1192 3630 1383 3699 καιρὸς
1419 3631 1513 3684 τοῦ
1545 3636 1724 3705 σιγᾷν,
1757 3635 1897 3690 κατά

317 3707 410 3762 τὸν
448 3708 617 3778 σοφὸν
649 3710 993 3782 Σολομῶντα.
1035 3716 1101 3768 Τί
1147 3719 1257 3791 γὰρ
1297 3720 1491 3790 ὄφελος
1526 3724 1605 3793 τῷ
1641 3724 1757 3779 ὄντι
1802 3742 1896 3779 κε-

319 3800 589 3870 κραγέναι
611 3803 750 3874 πρὸς
774 3803 993 3876 ἄνεμον,
1014 3807 1155 3863 οὕτω
1178 3809 1357 3880 βιαίας
1375 3814 1543 3886 ζάλης
1562 3817 1897 3889 κατεχούσης

318 3889 409 3945 τὸν
435 3890 573 3961 βίον,
597 3892 690 3963 ὑφ’
716 3890 786 3966 ἧς
811 3898 961 3951 πᾶσα
977 3899 1075 3969 μὲν
1096 3900 1303 3956 διάνοια
1329 3903 1438 3958 τῶν
1461 3906 1553 3960 τὸν
1585 3906 1743 3976 λόγον
1770 3924 1898 3961 κατ-

314 3983 659 4053 ηχουμένων,
701 3982 814 4039 οἷον
851 3987 1129 4060 ὀφθαλμὸς
1186 3994 1465 4066 κονιορτοῦ
1499 4013 1667 4064 τινος,
1695 4000 1798 4069 τῆς
1829 4000 1895 4053 ὲκ
1926 4050 1929 4055 .

316 4072 426 4126 τῶν
453 4075 886 4149 παραλογισμῶν
914 4082 1132 4153 ἀπάτης
1162 4084 1589 4156 άναπλησθεϊσα,
1625 4091 1893 4161 συγκέχυο

315 4177 427 4216 ται·
477 4165 631 4220 πᾶσα
677 4166 737 4221 δὲ
781 4168 920 4242 άκοὴ
955 4170 1281 4242 βαρυτάτοις
1324 4178 1421 4231 καὶ
1459 4179 1652 4250 ἀήθεσι
1700 4181 1893 4252 ψόφοις

314 4260 770 4311 κατακτυπείται-
814 4260 1044 4317 δονεῖται
1091 4263 1149 4318 δὲ
1193 4266 1395 4333 πάντα,
1440 4271 1534 4324 καὶ
1570 4273 1630 4326 ἐν
1663 4274 1892 4347 κινδύνῳ

310 4342 432 4399 ἐστὶ
455 4345 550 4400 τοῦ
574 4346 869 4420 πτώματος
895 4367 910 4417 ;

2019 1887 2164 1956 quod
2206 1886 2444 1958 quisque
2490 1895 2744 1944 nostrum
2779 1904 2876 1960 per
2921 1890 3083 1945 talem
3121 1888 3487 1944 initiationem
3526 1885 3595 1942 ad

2017 1976 2113 2033 Dei
2147 1978 2520 2049 cognitionem
2553 1978 2840 2035 institutus
2871 1986 2989 2037 est:
3030 1997 3195 2052 super
3237 1980 3424 2036 omnia
3468 1992 3595 2034 vero

2017 2078 2195 2125 terror
2227 2071 2502 2126 minarum
2545 2087 2744 2127 arcens
2774 2086 2992 2128 omnem
3029 2073 3374 2142 indignitatis
3406 2079 3462 2127 et
3488 2070 3593 2126 hu-

2016 2161 2252 2216 milioris
2294 2161 2577 2231 opinionis
2621 2161 3033 2233 cogitationem.
3072 2163 3386 2219 Adversarii
3428 2177 3595 2236 porro

2014 2251 2143 2321 quid
2173 2252 2389 2306 tandem
2421 2253 2625 2308 dicturi
2654 2254 2830 2309 sunt?
2858 2268 3023 2325 quam
3048 2255 3399 2326 blasphemiae
3428 2270 3594 2312 exeuo

2014 2344 2284 2399 sationem
2315 2344 2585 2400 all‘erent?
2609 2347 2700 2415 qui
2747 2361 2925 2416 neque
2962 2347 3247 2413 honorem,
3279 2362 3441 2418 quem
3480 2346 3594 2401 Do-

2012 2432 2195 2487 minus
2240 2434 2434 2488 tribuit
2485 2432 2743 2504 Spiritui,
2790 2437 3017 2492 reveriti
3067 2444 3220 2504 sunt,
3272 2452 3378 2493 nec
3426 2438 3594 2493 minis

2012 2523 2165 2580 illius
2215 2526 2493 2581 deterriti.
2544 2527 2920 2599 lstis.quidem
2963 2529 3198 2586 liberum
3239 2536 3326 2586 est
3369 2528 3438 2584 de
3490 2542 3595 2585 suo

2010 2615 2330 2672 consultare
2367 2618 2613 2688 negotio,
2664 2627 2763 2674 aut
2805 2620 2973 2676 etiam
3022 2628 3238 2676 mutare
3272 2621 3587 2676 consilium.

2011 2702 2134 2773 Ipse
2164 2719 2296 2760 vero
2326 2707 2559 2776 optarim
2593 2708 2831 2763 maxime
2856 2707 3110 2779 quidem,
3147 2715 3208 2763 ut
3237 2706 3383 2763 Deus
3413 2708 3590 2761 bonus

2013 2794 2104 2849 del
2130 2811 2287 2851 suam
2320 2812 2531 2867 pacem,
2556 2813 2679 2869 quae
2699 2799 2778 2854 ita
2802 2799 2859 2854 in
2884 2800 3145 2856 cordibus
3169 2800 3416 2854 omnium
3448 2813 3588 2869 prm-

2008 2887 2216 2951 sitleat,
2252 2896 2313 2941 ut
2345 2890 2438 2945 isti
2471 2890 2566 2960 qui
2609 2891 2665 2946 in
2698 2906 2802 2947 nos
2832 2890 3105 2957 fremunt,
3132 2900 3188 2947 et
3216 2892 3274 2947 in
3305 2906 3408 2946 nos
3436 2898 3587 2944 atro-

2008 2972 2149 3028 citer
2191 2976 2591 3045 conglomerati
2641 2979 2971 3050 insurgunt,
3003 2980 3059 3035 in
3107 2979 3315 3052 Spiritu
3345 2980 3587 3038 lenitatis

2006 3070 2062 3116 et
2085 3063 2375 3121 charitatis
2421 3077 2873 3139 compescantur.
2919 3069 3075 3136 Quod
3110 3072 3155 3126 si
3189 3086 3420 3141 prorsus
3452 3070 3586 3127 eti‘e-

2007 3153 2112 3206 rati
2136 3162 2290 3219 sunt,
2318 3171 2421 3210 nec
2445 3172 2840 3214 mansuescere
2863 3170 3116 3229 possunt,
3141 3169 3291 3217 certe
3310 3162 3400 3217 det
3423 3162 3586 3218 nobis

2003 3244 2224 3299 illorum
2258 3246 2404 3301 facta
2436 3249 2737 3305 toleranter
2768 3250 2929 3307 ferre.
2966 3251 3024 3307 lu
3054 3268 3294 3316 summa,
3325 3254 3419 3324 qui
3445 3269 3587 3310 mor-

2003 3333 2075 3390 tis
2109 3338 2439 3392 sententiam
2476 3337 2534 3392 in
2570 3355 2692 3396 sese
2731 3341 2965 3409 habent,
2997 3344 3083 3400 his
3130 3344 3423 3401 molestum
3472 3360 3584 3401 non

2000 3432 2088 3481 est
2138 3442 2240 3496 pro
2276 3428 2383 3484 ﬁde
2430 3430 2627 3501 allligi:
2679 3431 2777 3487 sed
2815 3435 3055 3489 maxime
3100 3434 3451 3493 intolerabile
3495 3446 3583 3494 est

2000 3531 2100 3585 pro
2152 3532 2216 3571 ea
2263 3534 2374 3573 non
2422 3530 2691 3587 certasse,
2733 3525 3178 3595 quandoquidem
3214 3529 3435 3584 athletis
3471 3543 3581 3583 non

1998 3608 2225 3676 perinde
2271 3600 2436 3681 grave
2480 3622 2565 3667 est
2615 3616 2672 3668 in
2721 3618 3023 3673 certamine
3067 3618 3258 3689 plagas
3305 3622 3577 3691 accipere,

1997 3713 2162 3767 quam
2193 3715 2262 3754 ne
2292 3701 2505 3757 admitti
2553 3705 2773 3773 quidem
2809 3709 3037 3763 omnino
3075 3710 3132 3764 in
3174 3711 3434 3766 stadium.
3469 3715 3579 3768 Aut

2000 3788 2255 3847 fortassis
2278 3792 2381 3847 hoc
2412 3802 2531 3848 erat
2569 3796 2775 3851 silentii
2816 3808 3053 3871 tempus,
3085 3801 3245 3871 juxta
3271 3805 3575 3874 sapientem

2000 3878 2352 3938 Salomonem
2383 3884 2449 3937 “.
2481 3884 2618 3940 Nam
2663 3889 2793 3958 quid
2845 3891 3068 3959 prodest
3100 3907 3290 3949 revera
3337 3896 3578 3953 clamare

1997 3971 2264 4030 adversus
2298 3986 2543 4043 ventum,
2575 3993 2700 4034 cum
2738 3989 3039 4052 tempestas
3065 3985 3203 4040 adeo
3236 3986 3470 4043 violenta
3492 3988 3576 4042 vis

1996 4073 2103 4121 tam
2129 4077 2382 4138 occupet,
2408 4085 2440 4124 a
2461 4086 2570 4140 qua
2601 4088 2758 4127 mens
2783 4076 3040 4144 quaelibet
3060 4092 3251 4131 eorum
3281 4078 3379 4148 qui
3406 4079 3575 4135 verbo

1997 4156 2195 4212 initiati
2226 4169 2383 4223 sunt,
2418 4169 2478 4214 ut
2510 4162 2703 4219 oculus
2741 4165 2795 4218 in
2830 4181 2942 4235 quo
2974 4168 3215 4237 pulveris
3254 4169 3459 4241 aliquid
3489 4172 3575 4225 iu-

1995 4248 2156 4315 sidet,
2187 4249 2262 4302 ita
2291 4250 2774 4309 ratiocinationum
2808 4256 3074 4313 falsarum
3109 4274 3299 4316 errore
3330 4261 3569 4333 oppleta,

1993 4337 2223 4395 confusa
2245 4348 2362 4407 est;
2402 4343 2661 4412 quaelibet
2682 4359 2844 4403 aures
2880 4350 3220 4418 gravissimis
3252 4360 3307 4406 et
3335 4353 3571 4409 insolitis

1919 4450 1965 4505 ι)
1994 4431 2148 4488 sonis
2203 4433 2622 4500 obtunduntur,
2686 4439 2905 4495 turbine
2948 4458 3078 4499 vero
3120 4445 3569 4517 circumaguntur

906 4616 1155 4676 ΚΕΦΔΛ.
1199 4622 1278 4678 Λ’.

313 4702 596 4776 Animam;
624 4703 738 4774 τῆς
768 4709 1085 4836 παρούσηέ
1121 4713 1242 4768 τῶν
1302 4717 1664 4783 Ἐκκλησιῶν
1704 4738 1887 4776 κατα-

956 4797 1034 4835 στ
1077 4799 1249 4836 σεωρ.

956 4797 1249 4851 στάσεως.

382 4888 471 4946 76.
500 4892 622 4946 Τίνι
660 4888 755 4948 οὖν
782 4894 1125 4968 ὁμοιώσομεν
1167 4898 1263 4970 τὴν
1295 4900 1577 4971 παροῦσαν
1615 4903 1885 4961 κατάστα-

381 5047 428 5081 ³³
449 5047 642 5105 Matth.
668 5066 865 5118 xxvm,
899 5051 988 5107 19.
1066 5054 1113 5085 ³⁸
1133 5052 1313 5110 Eecle.
1356 5072 1439 5122 tu,
1478 5058 1528 5115 7.

381 5206 489 5279 (15)
526 5208 635 5263 Καὶ
671 5209 1071 5283 προσήγορον.
1102 5211 1235 5286 Reg.
1260 5220 1489 5285 quartus
1524 5216 1619 5269 καὶ
1647 5218 1878 5290 εὐπροσ-

1996 4523 2199 4589 omnia,
2227 4533 2464 4597 suntque
2495 4528 2549 4583 in
2581 4531 2828 4598 periculo
2855 4532 3029 4589 ruinae
3053 4537 3077 4588 ?

2551 4646 2785 4704 CAPUT
2834 4650 3003 4709 XXX.

2188 4733 2465 4798 Expositio
2489 4742 2763 4808 prmsentis
2793 4741 3153 4799 Ecclesiarum
3180 4757 3371 4803 status.

2060 4913 2146 4970 76.
2179 4916 2277 4972 Cui
2310 4918 2479 4991 igitur
2501 4924 2951 4994 comparabimus
2974 4934 3297 4997 praesentem
3322 4929 3564 4983 statum!

1986 5220 2125 5293 Editi
2170 5226 2613 5293 συντεταμένους.
2645 5229 3011 5284 Confirmatur
3041 5241 3226 5286 nostra
3251 5233 3558 5288 emendatio

1984 5308 2049 5345 ex
2076 5292 2256 5369 .Epist.
2290 5296 2361 5349 al.
2397 5292 2481 5369 7_9,
2518 5292 2607 5352 ubi
2643 5299 2877 5354 Basilius
2902 5300 3089 5355 eadem
3116 5318 3244 5359 voce
3269 5305 3461 5369 utitur,
3500 5312 3559 5358 ut

313 5272 802 5441 fvffgfrErﬁy-er.
840 5349 974 5441 Reg.
1021 5363 1249 5441 quartus
1290 5356 1576 5441 ἐνήγαγεν,
1621 5366 1674 5411 et
1712 5359 1874 5441 paulo

2012 5272 2256 5362 (Epist.
2290 5296 2361 5349 al.
2397 5272 2481 5359 ἕο,
2506 5272 2607 5352 ὐιῖί
2643 5272 2877 5354 ὗξιείιίιιε
2902 5272 3100 5355 θοάοηῖ
3116 5320 3151 5355 νε

2012 5362 2596 5441 salaadversariorum
2619 5370 2857 5441 consilia
2888 5372 3151 5441 designet.

384 5400 433 5470 ἐι
471 5400 1597 5497 iam."eaaex"za1..s";;i".3'iugata
1622 5400 1876 5498 Ἔτρὶξᾝ

384 5501 606 5557 πτισμα.

316 5554 489 5679 οε(ξέ
511 5554 631 5625 *Τὰς
674 5560 865 5630 τίως’
896 5560 1119 5634 Legitur
1152 5564 1253 5629 τὰς
1281 5565 1463 5636 φωνάς
1500 5565 1555 5620 in
1581 5582 1691 5623 uno
1725 5569 1873 5624 codi-

320 5731 324 5735 ‹
385 5694 488 5767 (l8)
525 5699 1059 5772 Συντεταγμένους.
1104 5704 1184 5761 Ita
1237 5705 1411 5764 nostri
1463 5706 1680 5764 codices
1735 5723 1869 5766 mss.

2054 5432 2167 5514 (19)
2206 5433 2412 5514 {antiit
2438 5435 2579 5514 Ἐξᾱίιὶ
2615 5439 2671 5491 ἐν
2699 5439 2856 5511 αὐτῇ.
2906 5432 3035 5496 δρᾶν
3058 5444 3211 5499 deest
3250 5444 3555 5514 prrrpositio
3616 5452 3645 5475 "

1978 5500 2032 5555 in
2063 5500 2530 5560 veterihuslibris.

1985 5571 2362 5713 μὴξίξζ(
2384 5576 2849 5649 πῳαδεχθῆναι.
2883 5580 2973 5637 Sic
3005 5583 3221 5641 codices
3248 5599 3379 5642 mss.
3412 5580 3559 5640 Editi
