3886 6220
311 301 412 360 2H

1672 313 1733 370 8.
1773 314 2022 375 BASILII
2058 319 2274 378 MAGNI

309 414 571 474 Pro‘lecto
605 418 805 477 similis
843 419 1035 493 praelia
1077 424 1282 491 navali,
1314 424 1465 498 quod
1502 440 1573 483 ex
1615 428 1879 518 veteribus

2000 450 2085 489 σιν
2105 450 2137 501 ;·
2160 430 2245 490 Ἦ
2263 452 2366 490 που
2393 435 2560 508 ὁμοία
2584 437 2703 493 ἐστὶ
2736 439 2960 514 πολέμῳ
2986 443 3093 498 τινὶ
3127 445 3364 518 ναυτικῷ
3384 489 3400 510 .
3425 448 3487 502 ὃν
3517 450 3582 504 ὲκ

308 506 539 566 oﬂ'ensis
572 510 678 565 viri
707 510 934 582 quidam
965 512 1126 572 bellis
1158 516 1396 575 nauticis
1431 517 1641 575 assueti
1681 532 1747 575 ac
1778 519 1896 578 bel-

308 598 493 666 Iaces,
521 599 652 657 dum
681 603 916 659 multum
954 605 1101 661 inter
1126 621 1249 665 sese
1279 608 1464 666 odium
1496 611 1688 677 alunt,
1714 612 1896 668 susci-

306 698 520 748 tarunt.
553 692 713 750 Nunc
764 695 934 767 igitur
983 697 1040 752 in
1090 698 1194 754 hac
1241 699 1480 773 imagine
1526 703 1662 759 mihi
1707 713 1895 775 specta

306 783 544 841 classem
585 787 847 858 utrinque
894 787 1129 846 adverso
1180 791 1391 862 impetu
1446 792 1781 850 horrendum
1835 796 1893 852 in

306 877 533 933 modum
562 877 909 949 ingruentem
930 919 948 947 ,
980 896 1106 937 mox
1134 883 1215 938 ira
1242 883 1353 954 jam
1388 900 1454 941 eo
1482 896 1804 958 erumpente
1834 897 1895 945 ut

304 967 382 1023 sit
431 968 880 1035 immedicabilis,
929 986 1260 1044 congressos
1296 975 1579 1034 dimicare.
1622 977 1808 1045 Pone,
1843 980 1891 1037 si

305 1056 391 1113 vis
417 1098 434 1122 ,
464 1058 704 1114 violento
743 1061 964 1117 turbine
1010 1064 1312 1136 circumagi
1363 1066 1600 1124 classem
1629 1109 1645 1134 ,
1695 1070 1891 1142 caligi-

304 1162 543 1220 nemque
592 1150 821 1207 densam
867 1168 899 1209 e
956 1155 1198 1211 nubibus
1250 1156 1608 1226 incumbere,
1645 1162 1891 1234 adeoque

290 1238 608 1297 .obscurare
629 1257 821 1300 omnes
844 1261 1029 1303 rerum
1056 1249 1356 1305 visibilium
1387 1252 1622 1324 species,
1659 1263 1719 1310 ut
1738 1256 1890 1312 nulla

300 1330 411 1402 65
435 1330 551 1401 jam
588 1333 660 1388 sit
710 1336 1014 1393 amicorum
1048 1348 1104 1394 et
1145 1340 1387 1397 hostium
1425 1342 1688 1401 discretio
1712 1385 1728 1413 ,
1760 1364 1890 1419 pro-

300 1430 492 1494 pterea
515 1426 662 1495 quod
687 1427 757 1482 ob
786 1429 1175 1488 confusionem
1209 1434 1459 1506 symbola
1492 1436 1753 1493 militaria
1776 1439 1888 1495 sint

301 1511 516 1583 ignota.
543 1515 687 1574 Huic
713 1520 938 1592 imagini
961 1522 1249 1582 evidentiae
1275 1541 1406 1598 ergo
1430 1527 1698 1586 addamus
1722 1531 1888 1586 etiam

299 1617 455 1660 mare
487 1605 889 1679 intumescere,
919 1618 1086 1682 atque
1116 1612 1186 1668 ab
1218 1613 1330 1668 imo
1363 1631 1586 1673 sursum
1619 1617 1786 1684 ferri,
1821 1634 1887 1676 ac

300 1695 678 1755 vehementem
710 1700 938 1757 imbrem
962 1719 993 1759 e
1021 1704 1261 1761 nubibus
1290 1704 1546 1763 deorsum
1574 1724 1883 1781 erumpere,

300 1784 735 1860 horribilemque
772 1792 1070 1860 procellam
1106 1793 1422 1864 ingentibus
1459 1810 1526 1852 ac
1562 1797 1884 1857 decumanis

295 1878 557 1936 ﬂuctibus
589 1896 926 1955 exsurgere:
956 1893 1081 1956 post
1109 1887 1228 1943 base
1263 1890 1442 1946 ventis
1482 1891 1727 1962 undique
1750 1907 1889 1965 con-_

295 1972 655 2029 cursantibus
680 2014 700 2043 ,
732 1982 903 2040 totam
946 1976 1184 2035 classem
1215 1979 1360 2035 inter
1402 1997 1462 2038 se
1492 1997 1618 2038 cum
1666 1982 1886 2056 fragore

296 2064 510 2132 collidi,
538 2073 704 2137 atque
731 2082 795 2123 ex
833 2068 904 2124 iis
935 2069 1032 2140 qui
1057 2071 1114 2126 in
1146 2071 1264 2128 acie
1296 2079 1468 2139 stant,
1493 2075 1636 2131 alios
1661 2077 1884 2147 quidem

293 2162 479 2211 castra
505 2172 608 2214 sua
640 2160 891 2228 prodere,
924 2169 1097 2233 atque
1123 2163 1391 2235 ﬂagrante
1415 2168 1607 2238 praelio
1639 2169 1883 2227 transfu-

291 2262 457 2319 gere:
484 2248 625 2307 alios
662 2266 795 2307 vero
817 2253 963 2324 cogi,
992 2262 1054 2310 ut
1076 2258 1298 2327 pariter
1328 2268 1383 2316 et
1419 2261 1661 2333 scaphas
1686 2263 1885 2333 impel-

290 2338 410 2396 lant
459 2357 490 2396 a
523 2344 703 2402 ventis
751 2352 926 2412 actas,
974 2355 1030 2404 et
1075 2360 1375 2408 occurrant
1422 2353 1878 2426 irrumpentibus,

290 2447 527 2503 seseque
576 2444 773 2492 mutuo
819 2453 916 2509 per
964 2440 1289 2498 seditionem
1351 2447 1662 2503 trucident:
1714 2464 1879 2519 quam

292 2525 617 2584 seditionem
652 2531 851 2602 partim
891 2532 1098 2588 invidia
1138 2534 1409 2593 adversus
1442 2540 1878 2609 praestantiores,

292 2619 493 2705 partim
526 2636 649 2692 quae
676 2624 910 2694 singulis
944 2625 1100 2682 adest
1126 2629 1383 2685 vincendi
1425 2633 1700 2703 cupiditas
1723 2635 1878 2690 exci-

293 2711 454 2766 tavit.
485 2711 568 2767 Ad
603 2714 719 2769 haec
752 2717 932 2789 cogita
961 2719 1197 2777 confuso
1226 2724 1461 2794 quodam
1491 2733 1547 2781 et
1577 2726 1878 2784 indiscrete

289 2802 477 2857 sonitu
521 2805 842 2863 universum
893 2809 1028 2865 illud
1076 2827 1230 2869 mare
1272 2816 1579 2891 compleri,
1614 2819 1812 2888 partim
1845 2833 1879 2875 e

289 2902 581 2952 ventorum
629 2900 901 2970 strepitu,
952 2904 1155 2973 partim
1204 2920 1238 2961 e
1281 2907 1569 2966 conisione
1618 2911 1872 2978 navium,

287 2989 489 3059 partim
529 3004 598 3045 ex
640 2991 915 3047 undarum
944 2992 1150 3065 impetu
1182 2995 1511 3055 ferventium
1533 3042 1549 3068 ,
1576 3003 1775 3072 partim
1804 3018 1873 3059 ex

288 3079 687 3138 vociferatione
708 3084 1099 3153 praeliantium,
1124 3088 1305 3146 varias
1328 3104 1490 3148 voces
1515 3092 1586 3148 ob
1611 3094 1873 3166 ingruen-

289 3175 366 3228 tia
399 3174 545 3228 mala
589 3175 997 3242 emittentium,
1043 3187 1104 3233 ut
1144 3196 1322 3253 neque
1364 3185 1650 3251 naucleri,
1696 3201 1875 3257 neque

290 3263 678 3334 gubernatoris
711 3267 1041 3323 exaudiatur
1072 3285 1179 3326 vox
1199 3312 1215 3339 ,
1248 3273 1343 3329 sed
1389 3275 1463 3332 sit
1503 3277 1695 3347 ingens
1725 3294 1876 3349 qua:-

266 3356 416 3412 "dam
446 3357 788 3428 perturbatio
835 3358 1237 3433 confusioque,
1284 3365 1591 3422 incredibili
1636 3369 1873 3440 quadam

289 3449 562 3504 malorum
616 3451 1030 3522 magnitudine,
1082 3456 1155 3511 ob
1203 3457 1330 3513 vita:
1384 3459 1871 3530 desperationem,

289 3553 505 3594 omnem
553 3540 635 3596 eis
693 3544 958 3612 peccandi
1014 3547 1293 3604 licentiam
1345 3548 1628 3608 afferente.
1684 3555 1875 3625 Adjice

166 3655 177 3666 -
289 3630 486 3686 iisdem
527 3640 583 3688 et
616 3633 1077 3695 immedicabilem
1117 3640 1410 3710 quemdam
1441 3645 1727 3709 morbum,
1756 3648 1877 3717 glo-

287 3724 387 3780 riae
415 3723 788 3796 adipiscendae
813 3728 1063 3787 insanam
1092 3730 1471 3803 cupiditatem,
1495 3735 1631 3794 adeo
1655 3747 1716 3795 ut
1734 3755 1874 3797 nave

285 3814 399 3887 iam
432 3818 488 3873 in
522 3818 755 3877 fundum
779 3824 1122 3894 prolabente,
1157 3826 1261 3898 ipsi
1290 3836 1542 3888 vectores
1570 3831 1638 3888 de
1667 3832 1866 3904 prima-

288 3921 379 3975 tus
408 3913 760 3971 contentione
790 3915 929 3971 nihil
957 3919 1259 3975 remittant.

358 4003 451 4061 77.
485 4004 684 4063 Transi
704 4007 819 4078 jam
855 4011 926 4066 ab
951 4010 1191 4083 imagine
1224 4010 1293 4068 ad
1316 4013 1496 4085 ipsum
1527 4016 1658 4071 mali
1684 4032 1873 4073 exem-

288 4094 427 4167 plar.
503 4096 699 4154 Annon
758 4101 889 4156 olim
937 4101 1230 4160 videbatur
1269 4107 1672 4178 quodammodo
1714 4110 1873 4167 Aria-

287 4204 423 4244 nqu
451 4190 717 4257 schisma,
748 4195 807 4248 in
846 4194 1218 4251 adversariam
1242 4196 1504 4256 Ecclesia:
1534 4199 1630 4257 Dei
1660 4213 1869 4272 partem

288 4290 603 4352 separatum
632 4323 648 4346 ,
706 4285 763 4340 in
807 4286 1052 4343 hostium
1096 4287 1219 4345 acie
1262 4290 1440 4362 ipsum
1475 4308 1573 4363 per
1600 4309 1662 4350 se
1690 4296 1870 4352 solum

289 4372 598 4430 obsistere?
657 4372 862 4431 Verum
895 4387 1257 4449 posteaquam
1304 4398 1336 4437 e
1379 4382 1541 4454 longa
1588 4385 1872 4457 atrocique

1995 527 2244 583 παλαιῶν
2267 532 2778 605 προσκρουσμάτων
2810 575 2827 602 ,
2859 534 3029 591 πολὺν
3061 541 3181 593 κατ’
3207 539 3456 610 ἀλλήλων
3487 542 3581 597 τδν

1995 619 2172 693 θυμὸν
2208 622 2508 695 θρέψαντες
2530 664 2549 690 ,
2592 626 2862 699 ναυμάχοι
2904 629 3050 695 τινὲς
3101 630 3293 702 ἄνδρες
3335 631 3451 701 (21)
3484 633 3580 688 καὶ⁵

1994 712 2346 787 φιλοπόλεμοι
2397 719 2810 791 συνεστήσαντο.
2862 720 3005 792 Ὅρα
3054 721 3119 796 δὴ
3156 719 3250 777 οὖν
3289 740 3378 794 μοι
3408 726 3469 778 ὲν
3509 727 3575 798 τῇ

1992 807 2163 862 είκόνι
2217 809 2390 883 ταύτῃ
2448 810 2696 882 φοϐερῶς
2755 811 3095 884 ἑκατέρωθεν
3149 814 3576 887 άντεφορρῶντα

1991 897 2082 952 τὸν
2111 899 2297 955 στόλον
2318 942 2334 968 ,
2364 897 2486 957 εἶτα
2535 904 2614 968 είς
2638 903 2701 958 τὺ
2737 905 3033 976 ἀνήκεστον
3078 906 3177 977 τῆς
3206 906 3379 977 ὀργῆς
3407 908 3575 979 ὲκρα-

1991 991 2219 1065 γείσης,
2271 995 2651 1066 συμπεσόντας
2705 993 3140 1064 διαγωνίζεσθαι.
3195 995 3429 1050 ’Υπόθου
3456 1036 3473 1061 ,
3525 998 3573 1051 εί

1992 1085 2171 1156 βούλει
2195 1130 2209 1150 ,
2251 1088 2348 1142 καὶ
2372 1087 2596 1143 λαίλαπι
2655 1088 2807 1163 βιαίᾳ
2850 1089 3157 1144 κλονεῖσθαι
3187 1090 3250 1143 τὸ
3296 1091 3571 1156 ναυτικὸν,

1990 1181 2085 1234 καὶ
2135 1180 2298 1251 ζόφον
2341 1180 2554 1255 ἀθρόως
2610 1185 2674 1237 ὲκ
2728 1181 2905 1263 νεφῶν
2957 1182 3249 1253 ἐπισχόντα
3300 1182 3575 1254 μελαίνειν

1988 1270 2100 1323 πᾶν
2136 1270 2199 1323 τὸ
2230 1269 2541 1343 ὁρώμενον,
2577 1271 2656 1336 ὡς
2695 1271 2966 1344 μηδεμίαν
3000 1272 3081 1326 ἔτι
3112 1266 3250 1327 εἶναι
3277 1272 3448 1343 φίλων
3479 1272 3574 1329 καὶ

1989 1361 2264 1432 πολεμίων
2301 1361 2575 1436 διάκρισιν
2595 1405 2610 1430 ,
2648 1363 2758 1418 τῶν
2793 1363 3079 1436 συμϐόλων
3130 1365 3317 1429 αὐτοῖς
3368 1366 3571 1435 ἀγνοη-

1989 1453 2190 1510 θέντων
2238 1456 2327 1509 διὰ
2388 1456 2489 1529 τὴν
2535 1456 2816 1529 σύγχυσιν.
2881 1457 3003 1511 Ἔτι
3065 1456 3464 1529 προσθήσωμεν
3503 1457 3571 1511 δι’

1987 1548 2278 1621 ἐνάργειαν
2309 1553 2377 1621 τῇ
2409 1549 2579 1604 είκόνι
2625 1550 2722 1604 καὶ
2753 1549 3029 1605 θάλασσαν
3067 1548 3312 1604 οἰδοῦσαν
3339 1549 3454 1620 (22)
3478 1550 3573 1605 καὶ

1987 1642 2101 1698 ἄνω
2136 1643 2509 1716 στρεφομένην
2543 1645 2609 1699 ἐκ
2641 1643 2751 1699 τῶν
2775 1643 2987 1716 βυθῶν,
3018 1644 3113 1699 καὶ
3148 1644 3350 1717 λάϐρον
3384 1645 3450 1698 ἐκ
3481 1661 3573 1699 νε-

1993 1831 2280 1903 ιστόιμενον
2327 1831 2393 1884 ὲκ
2438 1830 2738 1902 τρικυμίας
2764 1831 2856 1888 τὸν
2893 1830 3155 1885 κλύδωνα·
3193 1824 3310 1883 εἷτα
3357 1845 3567 1883 παντα-

1988 1920 2146 1993 χόθεν
2171 1920 2281 1975 τῶν
2310 1921 2636 1992 πνευμάτων
2663 1922 2745 1984 είς
2766 1921 2960 1975 ταυτὸν
2990 1919 3400 1993 συμπεσόντων,
3431 1920 3570 1974 πάν-

1986 2031 2055 2068 τα
2096 2013 2187 2067 τὸν
2216 2012 2402 2067 στόλον
2433 2012 2909 2086 συναρασσόμενον
2930 2053 2946 2076 ,
2974 2015 3070 2069 καὶ
3116 2012 3227 2067 τῶν
3269 2011 3364 2067 ἐπὶ
3393 2028 3572 2084 παρα-

1984 2105 2193 2172 τάξεως
2227 2107 2355 2171 τοὺς
2386 2105 2485 2177 μὲν
2533 2105 3058 2177 καταπροδιδόντας,
3105 2104 3199 2159 καὶ
3238 2105 3368 2176 παρ’
3399 2104 3569 2174 αὐτὴν

1983 2196 2083 2269 τὴν
2120 2196 2359 2267 ἀγωνίαν
2393 2196 2858 2268 αὐτομολοῦντας·
2896 2198 3024 2261 τοὺς
3060 2196 3116 2251 δὲ
3143 2197 3395 2267 ἀνάγκην
3421 2195 3566 2266 ἔχειν

1981 2288 2118 2360 ὁμοῦ
2145 2305 2206 2342 τε
2229 2288 2537 2344 διωθεῖσθαι
2562 2288 2632 2343 τά
2658 2288 2843 2360 σκάφη
2874 2289 2939 2343 ὲκ
2975 2288 3086 2344 τῶν
3127 2289 3344 2361 ἀνέμων
3372 2289 3566 2356 ἐπιφε-

1989 2378 2227 2451 ρόμενα,
2269 2380 2364 2433 καὶ
2416 2380 2730 2435 ἀντεπιέναι
2781 2384 2894 2445 τοῖς
2942 2380 3227 2453 ὲφορμῶσι
3266 2380 3378 2452 (25)
3406 2421 3421 2445 ,
3470 2380 3567 2435 καὶ

1982 2469 2249 2542 ἀλλήλους
2280 2470 2674 2540 καταφονεύειν
2703 2471 2809 2524 ὑπὸ
2829 2471 2930 2543 τῆς
2956 2471 3198 2535 στάσεως
3220 2511 3236 2536 ,
3269 2473 3336 2543 ἥν
3364 2473 3393 2525 ό
3426 2472 3565 2544 πρὸς

1980 2561 2044 2615 τὸ
2068 2561 2335 2633 ὑπερέχον
2364 2561 2586 2631 φθόνος,
2618 2562 2713 2617 καὶ
2751 2564 2786 2635 ἡ
2820 2561 3086 2633 ἐπιθυμία
3117 2562 3210 2616 τοῦ
3243 2562 3405 2617 αὐτὸν
3432 2563 3566 2616 ἕκα-

1983 2669 2108 2707 στον
2170 2656 2394 2725 κρατεῖν
2454 2655 2772 2726 ἐνεποίησεν
2828 2654 2963 2725 (24).
3035 2653 3401 2727 Ἐνθυμήθητι
3469 2654 3564 2708 ἐπὶ

1978 2744 2190 2808 τούτοις
2246 2746 2495 2817 συμμιγῆ
2524 2763 2647 2799 τινα
2684 2746 2779 2799 καὶ
2811 2745 3023 2816 ἄσημον
3062 2740 3194 2815 ἦχον
3238 2746 3420 2798 πᾶσαν
3464 2746 3564 2797 ὲπ-

1981 2831 2172 2906 έχοντα
2198 2836 2310 2903 (25)
2340 2836 2437 2909 τὴν
2460 2839 2575 2891 ἐκεῖ
2597 2836 2895 2903 θάλασσαν,
2935 2837 3000 2890 ἐκ
3021 2835 3128 2890 τῶν
3152 2834 3562 2908 περιηχοῦντων

1979 2929 2196 3000 ἀνέμων
2215 2969 2230 2991 ,
2267 2930 2362 2983 καὶ
2389 2929 2483 2984 τοῦ
2523 2930 2770 3000 πατάγου
2795 2930 2905 2985 τῶν
2945 2928 3147 2983 πλοίων
3168 2970 3184 2995 ,
3223 2930 3318 2983 καὶ
3344 2927 3438 2982 τοῦ
3472 2930 3563 3000 ρο-

1979 3020 2096 3074 θίου
2146 3018 2392 3086 ζέοντος,
2442 3022 2538 3076 καὶ
2572 3023 2638 3076 ἐκ
2687 3022 2785 3093 τῆς
2839 3020 2969 3092 βοῆς
2997 3020 3107 3073 τῶν
3154 3018 3559 3090 πολεμούντων,

1978 3110 2327 3176 παντοδαπάς
2359 3110 2541 3181 φωνὰς
2578 3114 2671 3166 ἐπὶ
2719 3114 2833 3175 τοῖς
2875 3110 3104 3165 πάθεσιν
3146 3110 3448 3178 ἀφιέντων·
3485 3108 3564 3171 ὡς

1990 1739 2106 1808 φῶν
2154 1737 2299 1809 ὕδωρ
2360 1738 2881 1811 καταρρηγνύμενον
2904 1778 2919 1803 ,
2977 1737 3073 1793 καὶ
3127 1737 3358 1808 φοϐερὸν
3408 1739 3571 1791 ἐπαν-

1918 1776 2280 2072 ΙΧιστόιμενον
2327 1831 2393 1884 ὲκ
2438 1830 2738 1902 τρικυμίας
2764 1831 2856 1888 τὸν
2893 1830 3155 1885 κλύδωνα·
3193 1824 3310 1883 εἷτα
3357 1845 3567 1883 παντα-

1988 1920 2146 1993 χόθεν
2171 1920 2281 1975 τῶν
2310 1921 2636 1992 πνευμάτων
2663 1922 2745 1984 είς
2766 1921 2960 1975 ταυτὸν
2990 1919 3400 1993 συμπεσόντων,
3431 1920 3570 1974 πάν-

1986 2031 2055 2068 τα
2096 2013 2187 2067 τὸν
2216 2012 2402 2067 στόλον
2433 2012 2909 2072 συναρασσόμενον
2930 2053 2946 2072 .
2974 2015 3070 2069 καὶ
3116 2012 3227 2067 τῶν
3269 2011 3364 2067 ἐπὶ
3393 2028 3571 2072 παρα-

1982 3205 2122 3276 μήτε
2162 3204 2434 3278 ναυάρχου
2458 3246 2473 3270 ,
2509 3207 2647 3277 μήτε
2704 3204 3042 3278 κυϐερνήτου
3081 3202 3265 3273 φωνὴν
3304 3200 3561 3256 εἰσακού-

1977 3296 2154 3361 εσθαι,
2189 3297 2325 3351 ἀλλὰ
2360 3296 2539 3370 δεινήν
2569 3315 2692 3353 τινα
2716 3293 2852 3351 εἶναι
2879 3296 2989 3368 (26)
3029 3295 3254 3361 ἀταξίαν
3293 3295 3388 3348 καὶ
3430 3293 3564 3362 σύγ-

1977 3406 2135 3461 χυσιν
2158 3430 2172 3453 ,
2204 3389 2304 3460 τῆς
2335 3387 2445 3442 τῶν
2475 3388 2662 3443 κακῶν
2699 3388 3009 3459 ὑπερϐολῆς
3028 3429 3044 3454 ,
3083 3386 3172 3441 διὰ
3194 3388 3292 3458 τὴν
3320 3385 3459 3458 πρὸς
3495 3384 3562 3439 τὸ

1977 3474 2077 3547 ζῇν
2134 3477 2445 3545 ἀπόγνωσιν
2474 3516 2489 3541 ,
2551 3476 2769 3531 ἃπασαν
2831 3478 3013 3540 αὐτοῖς
3068 3475 3162 3530 τοῦ
3221 3475 3561 3548 ἁμαρτάνειν

1975 3568 2161 3622 ἄδειαν
2207 3568 2562 3643 ἐμποιούσης.
2605 3568 2850 3641 Πρόσθες
2900 3569 3082 3632 αὐτοῖς
3133 3569 3227 3623 καὶ
3275 3568 3560 3641 ἀμήχανόν

1974 3677 2098 3715 τινα
2125 3661 2281 3731 νόσον
2303 3660 2627 3733 δοξομανίας
2651 3660 2763 3733 (27)
2780 3678 2795 3692 ·
2831 3660 2993 3726 ὥστε,
3028 3662 3127 3733 τῆς
3153 3661 3289 3725 νεὼς
3310 3661 3422 3732 (28)
3452 3660 3559 3733 ἥδη

1974 3755 2057 3817 είς
2095 3753 2256 3824 βυθὸν
2293 3753 2643 3829 φερομένης,
2685 3755 2813 3817 τοὺς
2854 3755 3120 3818 ἐπιϐάτας
3160 3754 3408 3826 ἀλλήλοις
3438 3752 3556 3826 (29)

1971 3846 2072 3918 τῆς
2096 3844 2205 3898 τῶν
2233 3846 2517 3918 πρωτείων
2553 3845 2727 3918 ἔριδος
2758 3846 2833 3918 μὴ
2857 3845 3129 3916 ὑφίεσθαι.

1983 4058 1991 4065 -
2046 4025 2133 4079 77.
2163 4023 2392 4079 Μετάϐα
2426 4022 2490 4095 δή
2527 4040 2617 4095 μοι
2643 4023 2752 4078 ἀπὸ
2785 4023 2887 4095 τῆς
2921 4024 3128 4089 εἰκόνος
3162 4027 3248 4080 ἐπ’
3289 4027 3422 4081 αὐτὸ
3457 4026 3553 4082 τοῦ

1973 4112 2145 4167 κακοῦ
2200 4114 2262 4166 τὸ
2300 4115 2630 4187 ἀρχέτυπον.
2679 4116 2814 4186 Οὐχὶ
2861 4115 3025 4170 πάλαι
3068 4117 3167 4188 μέν
3210 4134 3328 4182 πως
3379 4119 3561 4175 ἐδόκει

1971 4206 2034 4259 τὸ
2092 4207 2371 4279 Ἀρειανὸν
2401 4208 2604 4280 σχίσμα
2628 4249 2644 4273 ,
2676 4211 2754 4273 είς
2785 4208 3077 4263 ἀντίπαλον
3109 4213 3302 4282 μοῖραν
3329 4212 3561 4285 ἀποκρι-

1974 4295 2065 4350 θὲν
2095 4300 2162 4369 τῇ
2210 4297 2507 4371 Ἐκκλησία
2537 4298 2633 4353 τοῦ
2667 4298 2836 4363 Θεοῦ,
2870 4302 2928 4353 ὲν
2969 4300 3243 4373 πολεμίων
3272 4303 3423 4371 τάξει
3454 4304 3556 4358 αύ-

1972 4390 2035 4444 τδ
2062 4390 2185 4445 καθ’
2209 4392 2371 4446 ἑαυτὸ
2404 4392 2564 4464 μόνον
2604 4393 3086 4462 άντικαθέζεσθαις
3119 4396 3248 4450 Ὅτε
3284 4396 3342 4450 δὲ
3366 4399 3429 4451 ὲκ
3453 4397 3560 4468 τῆς

287 4465 643 4523 contentione
675 4482 852 4538 usque
882 4469 953 4523 ad
987 4471 1342 4528 manifestum
1371 4483 1650 4531 certamen
1681 4476 1736 4531 in
1768 4493 1871 4534 nos

1984 4485 2198 4555 μακρᾶς
2226 4484 2322 4539 καὶ
2345 4485 2591 4556 χαλεπῆς
2628 4485 2806 4558 ἔριδος
2836 4488 2917 4550 είς
2956 4487 3210 4559 προφανῆ
3251 4490 3382 4558 ἡμῖν
3408 4465 3560 4558 άγίῦ-

287 4560 550 4617 instructi
602 4568 773 4625 sunt,
831 4568 948 4617 tum
1008 4563 1247 4634 denique
1301 4564 1505 4621 bellum
1563 4567 1619 4621 in
1674 4570 1874 4628 multas

289 4661 475 4724 partes
511 4653 670 4724 juxta
716 4653 911 4711 modos
946 4655 1377 4713 innumerabiles
1417 4657 1718 4714 dissectum
1752 4670 1871 4726 est,

278 4746 372 4809 sic
409 4753 471 4800 ut
513 4746 714 4818 partim
757 4747 830 4802 ob
871 4761 1221 4803 communem
1268 4749 1629 4815 simultatem,
1676 4755 1873 4823 partim

287 4839 360 4893 ob
387 4838 657 4910 privatam
689 4841 1064 4913 suspicionem
1098 4841 1361 4898 omnibus
1391 4841 1580 4897 odium
1610 4844 1861 4915 implaca-

285 4930 400 4988 bile
439 4940 608 4991 esset.
661 4933 788 4992 Haec
832 4950 966 4993 vero
1008 4944 1309 5008 tempestas
1354 4934 1725 4994 Ecclesiarum
1765 4956 1873 5013 qua

359 5064 485 5149 (gll
515 5068 786 5149 Ἀνιξρες.
832 5067 989 5124 Hanc
1021 5067 1580 5149 vocemnaddidimus
1626 5085 1695 5126 ex
1722 5086 1873 5149 _mss.

289 5136 595 5211 eodicibus.
654 5140 780 5211 blox
839 5149 1078 5211 quatuor
1131 5138 1354 5211 codices
1408 5139 1872 5211 ἀντεφορμοῦντα.

264 5206 460 5276 ,Ριιιιιο
492 5215 616 5284 post
643 5209 776 5264 editi
805 5206 1099 5267 ἐπελθόντα
1135 5208 1410 5281 μελαίνειν
1450 5206 1588 5276 πως.
1613 5206 1876 5284 ’ριιὶηιιιιο

287 5292 425 5332 mss.
462 5290 523 5332 ut
556 5278 612 5332 in
643 5286 816 5334 textu.

362 5346 474 5421 (22)
497 5349 1014 5421 HpaqOriawusr...
1037 5351 1348 5406 οιυοῦσαν.
1369 5349 1447 5404 Ita
1474 5351 1717 5421 quinque
1736 5369 1871 5409 mss.

286 5414 431 5474 Editi
461 5414 923 5491 προσθέω-ομεν...
971 5423 1327 5478 οἱδαίνουσαν.
1379 5414 1507 5476 Mei
1566 5414 1696 5477 ed'iti
1743 5426 1875 5479 ἀνα-

291 5490 688 5568 στρεφομένην.
744 5491 870 5568 Scd_
896 5495 1092 5549 melior
1134 5495 1251 5551 Visa
1285 5501 1370 5551 est
1396 5494 1668 5565 sc"iptura
1722 5493 1877 5568 Regii

286 5560 466 5630 quarti
500 5575 662 5630 quem
698 5562 871 5617 secuti
903 5578 1096 5620 sumus
1511 5560 1527 5565 ’
1652 5576 1655 5577 ⁷

360 5629 472 5708 (ἓξ)
521 5629 871 5708 Ἐφορμῷσι.
903 5632 1133 5708 Codices
1168 5635 1416 5708 nonnulli
1446 5635 1768 5708 ἐφορμοῦσι.

359 5700 473 5772 (2i)
526 5702 935 5772 Ἐνεποίησεν.
970 5702 1045 5762 Ita
1099 5722 1233 5762 mss.
1298 5700 1729 5766 codices'Eiliti
1782 5708 1877 5764 dv-

289 5769 543 5846 εποίησεν

1975 4590 2042 4628 να
2075 4573 2578 4646 ἀντικατέστησαν,
2622 4575 2744 4629 τότε
2791 4574 2856 4646 δὴ
2895 4577 2971 4637 εἰς
3011 4575 3180 4630 πολλὰ
3226 4577 3369 4649 μέρη
3415 4579 3557 4634 κατὰ

1979 4665 2207 4736 μυρίους
2229 4666 2463 4737 τρόπους
2491 4668 2520 4721 ὁ
2551 4666 2787 4737 πόλεμος
2823 4667 3100 4741 διεσχίσθη
3122 4685 3136 4699 ·
3176 4666 3318 4723 ὥστε
3347 4662 3440 4724 καὶ
3466 4671 3557 4725 διὰ

1975 4756 2036 4810 τὸ
2088 4756 2266 4809 κοινὸν
2320 4755 2508 4827 ἔχθος,
2545 4758 2641 4812 καὶ
2668 4758 2756 4812 διὰ
2796 4758 2859 4811 τὸ
2890 4757 3033 4822 ίδὶως
3069 4758 3310 4815 ὕποπτον
3331 4801 3346 4824 ,
3376 4760 3561 4816 ἀδιάλ-

1974 4847 2172 4901 λακτον
2200 4849 2367 4902 πᾶσιν
2402 4849 2670 4922 ὑπάρχειν
2699 4849 2761 4903 τὸ
2795 4852 2967 4920 μῖσος.
3027 4849 3084 4903 '0
3115 4850 3173 4904 δὲ
3217 4850 3376 4915 σάλος
3402 4844 3560 4918 οὗτος

1974 4937 2085 4992 τῶν
2128 4938 2465 5010 Ἐκκλησιῶν
2496 4938 2641 5005 τίνος
2673 4939 2775 4994 οὐκ
2810 4938 2926 4995 ἐστι
2967 4940 3260 4996 θαλασσίου
3290 4942 3560 5010 κλύδωνος

2048 5074 2159 5151 (25)
2209 5074 2559 5146 Ἐπέχοντα.
2616 5075 2697 5131 Ita
2746 5090 2882 5133 mss.
2938 5076 3201 5148 quinque.
3251 5074 3395 5131 Editi
3453 5079 3563 5151 d1:-

2049 5163 2232 5200 ουντα.

1974 5163 2391 5288 ¹Ῥί()ἔέ)ωιξ¹ἴν·ιιι.
2425 5214 2580 5272 Hanc
2608 5232 2795 5271 vocem
2819 5233 2886 5272 ex
2911 5218 3190 5273 veteribus
3218 5216 3373 5288 libris
3400 5215 3559 5271 addi-

1975 5285 2381 5357 dimus.gPaulo
2420 5294 2544 5357 post
2580 5287 2710 5342 editi
2745 5290 2924 5342 πᾶσαν
2969 5289 3172 5353 αὐτοῖς.
3223 5286 3373 5342 Libri
3407 5296 3554 5344 vete-

1977 5372 2068 5412 res
2098 5365 2160 5411 ut
2186 5355 2240 5411 in
2269 5355 2442 5412 textu.

2048 5427 2161 5501 (ᾗ)
2202 5428 2591 5501 Δρξομανίαρ
2622 5425 2758 5500 Reg.
2787 5437 3020 5498 quartus
3042 5427 3383 5501 δοξομανίαν.

2049 5497 2160 5571 (ξε)
2206 5497 2321 5571 Τῆς
2341 5498 2506 5571 νεώς.
2545 5497 2682 5571 Tres
2712 5497 2849 5555 inss.
2886 5501 2984 5571 τῆς
3016 5497 3180 5571 νηός.⁷
3389 5501 3397 5511 ’

2049 5568 2189 5640 (9.9)”
2211 5568 2549 5640 Ἀλλήλοις.
2591 5567 2743 5623 Hanc
2770 5567 2955 5625 vocem
2974 5567 3281 5624 addidimus
3303 5582 3370 5624 ex
3401 5577 3557 5640 vetet

1978 5636 2338 5720 ribuslibris,
2382 5640 2436 5693 in
2468 5640 2668 5720 quibus
2697 5640 2861 5720 etiam
2899 5640 3095 5720 legitur
3122 5640 3283 5720 paulo
3314 5636 3556 5720 postulat

1980 5709 2131 5780 αὑτό,
2172 5724 2271 5778 pro
2318 5725 2385 5764 eo
2424 5706 2569 5780 quod
2605 5719 2725 5765 erat
2777 5711 2829 5764 in
2875 5706 3036 5780 editis
3076 5706 3162 5764 ἐπ’
3195 5706 3380 5764 αὑτοῦ.
3429 5706 3557 5767 Mox

1980 5779 2184 5853 Regius
2214 5781 2407 5838 tertius
2428 5781 2525 5853 τῆς
2568 5780 2889 5852 Ἑκκλησίας
2915 5779 3008 5834 τοῦ
3038 5780 3173 5836 Θεοῦ
