3886 6220
335 321 452 382 215

1454 329 1658 387 LIBER
1694 331 1785 389 DE
1823 333 2095 390 SPlRlTU
2132 331 2418 388 SANCTO.

3475 323 3587 388 2M»

334 434 714 511 ἀγριιίιτερος;
768 442 824 494 ἐν
867 433 912 510 ᾧ
941 442 1049 497 πᾶν
1097 441 1194 513 μὲν
1224 442 1369 515 ὃριον
1398 445 1655 519 Πατέρων
1701 449 1905 520 κεκίνη-

2025 449 2245 505 tandem
2277 448 2488 502 marina
2521 443 2758 517 procella
2803 456 2912 498 non
2945 447 3032 499 est
3070 442 3341 497 atrocior?
3379 441 3433 494 in
3474 453 3585 510 qua

334 540 434 580 ται
459 565 474 590 ,
512 530 622 592 πᾶς
649 529 708 583 δὲ
738 530 982 601 θεμέλιος
1001 570 1017 595 ,
1053 531 1148 584 κα)⁸
1177 531 1230 583 εἴ
1256 549 1310 584 τι
1339 533 1603 606 ὀχύρωμα
1629 537 1913 608 δογμάτων

333 616 774 676 nummum.
803 621 1088 678 Κλονετται
1121 624 1178 677 δὲ
1223 625 1400 680 πάντα
1431 629 1525 680 καὶ
1569 631 1912 682 κατασείεται

335 709 522 782 σαθρᾷ
575 715 644 782 τῇ
705 713 859 783 βάσει
907 715 1322 786 ἐπαιωρούμενα
1349 733 1364 749 ·
1405 717 1652 790 ἀλλήλοις
1700 719 1758 772 δὲ
1812 721 1912 790 ἐμ-

337 799 639 867 πίπτοντες
665 843 680 870 ,
732 806 822 859 ὑπ’
882 806 1126 877 ἀλλήλων
1181 808 1615 880 ἀνατρεπόμεθα.
1667 811 1786 866 Κᾶν
1836 813 1910 882 μὴ

337 892 528 967 φθάσῃ
581 895 761 966 βαλὼν
805 899 834 950 ό
877 897 1135 969 πολέμιος
1161 939 1176 964 ,
1208 902 1238 954 ὁ
1283 901 1639 974 παραστάτης
1685 903 1909 974 ἔτρωσε.

334 986 464 1041 Κᾶν
492 989 640 1061 πέσῃ
668 989 916 1061 βληθεὶς,
951 992 980 1044 ὁ
1024 993 1391 1064 συνασπιστὴς
1421 993 1594 1066 ἐπέϐη
1630 994 1763 1066 (50).
1809 995 1909 1048 Το-

336 1079 533 1134 σοῦτον
563 1081 817 1152 ἀλλήλοις
841 1085 1200 1155 κοινωνοῦμεν
1223 1123 1240 1148 ,
1272 1085 1396 1138 ὅσον
1425 1087 1576 1156 κοινῇ
1611 1087 1736 1150 τούς
1763 1087 1911 1140 ἐναν-

330 1170 490 1233 τίους
531 1173 731 1240 μισεῖν.
777 1173 1024 1226 Ἐπειδὰν
1071 1174 1128 1228 δὲ
1182 1172 1520 1244 παρέλθωσιν
1561 1175 1611 1226 οἱ
1643 1173 1908 1245 πολέμιοι,

333 1261 606 1334 ἀλλήλους
660 1263 760 1333 ἤδη
813 1263 1080 1335 βλέπομεν
1134 1264 1444 1336 πολεμίους.
1496 1264 1618 1317 Ἐπὶ
1681 1265 1908 1331 τούτοις,

331 1351 449 1404 τῶν
477 1352 756 1420 ναυαγίων
786 1353 848 1406 τὸ
874 1353 1077 1422 πλῆθος
1101 1354 1184 1418 τίς
1209 1353 1276 1408 ἂν
1317 1353 1770 1426 ἐξαριθμήσαιτο;
1802 1357 1910 1410 τῶν

335 1441 440 1510 μὲν
494 1443 561 1494 ἐκ
605 1443 704 1514 τῆς
751 1443 860 1497 τῶν
906 1443 1178 1515 πολεμίων
1211 1443 1516 1516 προσϐολῆς
1547 1445 1908 1512 καταδύντων,

331 1531 446 1586 τῶν
480 1531 538 1585 δέ
571 1531 638 1585 ἐκ
671 1532 774 1603 τῆς
804 1533 1066 1605 λαθραίας
1101 1533 1209 1587 τῶν
1238 1534 1666 1604 συμμαχούντων
1693 1536 1911 1590 ἐπιϐου-

330 1619 436 1688 λῆς
458 1659 474 1684 ,
504 1623 682 1677 ἀλλων
714 1625 779 1677 ἐκ
813 1624 914 1695 τῆς
948 1624 1202 1696 ἀπειρίας
1242 1625 1350 1678 τῶν
1383 1625 1708 1680 εὐθυνόντων
1730 1644 1744 1658 ·
1776 1629 1909 1681 ὅπου

331 1729 400 1780 γε
431 1712 724 1786 αὔτανδροι
771 1714 1114 1788 Ἐκκλησίαι,
1151 1711 1260 1769 οἷον
1299 1716 1523 1785 ὑφάλοις
1551 1716 1662 1768 τισὶ
1699 1719 1809 1780 τοῖς
1833 1719 1911 1771 αί-

335 1809 579 1875 ρετικοῖς
619 1806 790 1870 δόλοις
829 1807 1292 1878 προσαραχθεῖσαι
1323 1805 1693 1878 διεφθάρησαν
1717 1847 1732 1872 ,
1763 1806 1911 1862 ἄλλοι
1939 1793 1983 1850 Β

329 1894 388 1948 δέ
415 1895 530 1948 τῶν
557 1895 770 1968 ἐχθρῶν
800 1896 895 1950 τοῦ
939 1898 1205 1969 σωτηρίου
1245 1897 1448 1962 πάθους
1476 1899 1588 1971 (51)
1613 1940 1629 1964 ,
1673 1900 1912 1972 παραλα-

331 1985 527 2050 ϐόντες
567 1989 697 2051 τοὺς
740 1988 966 2052 οἴακας,
1004 1989 1131 2061 περὶ
1177 1989 1276 2061 τὴν
1319 1989 1502 2044 πίστιν
1545 1989 1906 2060 ἐναυάγησαν.

329 2077 396 2130 Δί
434 2076 496 2130 δὲ
548 2078 616 2131 ἐκ
665 2077 774 2133 τῶν
813 2078 1084 2150 ἀρχόντων
1127 2078 1220 2132 τοῦ
1256 2080 1461 2151 κόσμου
1493 2080 1682 2134 τούτου
1713 2081 1912 2150 ἐπαγό-

334 2185 501 2240 μεναι
553 2171 794 2242 ταραχαὶ
827 2170 985 2235 ποίας
1021 2171 1142 2241 οὐχὶ
1188 2170 1414 2242 θυέλλης
1463 2172 1558 2225 καὶ
1602 2173 1911 2242 καταιγίδος

332 2262 698 2334 σφοδρότερον
731 2261 842 2333 (52)
877 2264 1002 2326 τούς
1029 2262 1189 2326 λαοὺς
1221 2263 1616 2335 ἀνατρέπουσι;
1647 2265 1911 2336 Κατηφὴς

328 2351 386 2404 δέ
421 2369 511 2416 τις
538 2353 712 2417 ὅντως
747 2353 858 2425 (55)
894 2354 987 2408 καὶ
1031 2353 1235 2426 στυγνὴ
1274 2354 1603 2426 σκοτόμαινα
1650 2356 1748 2420 τὰς
1790 2357 1911 2410 Ἐκ-

329 2443 565 2514 κλησίας
611 2444 834 2516 ἐπέχει,
869 2445 976 2499 τῶν
1025 2446 1361 2520 λαμπτήρων
1393 2446 1488 2500 τοῦ
1529 2446 1770 2518 κόσμου,
1816 2447 1910 2512 οὓς

328 2535 488 2591 ἔθετο
535 2541 566 2591 ό
599 2537 732 2601 Θεὸς
771 2538 872 2601 τὰς
910 2537 1088 2608 ψυχὰς
1136 2538 1242 2592 τῶν
1274 2538 1416 2592 λαῶν
1458 2537 1740 2608 φωτίζειν,
1776 2536 1912 2604 ἐξοι-

331 2631 653 2688 κισθέντων.
701 2629 774 2684 Τὸ
813 2630 871 2682 δὲ
916 2629 1250 2701 ὑπερϐάλλον
1294 2631 1478 2693 αὐτοῖς
1507 2629 1605 2700 τῆς
1649 2629 1784 2701 πρὸς
1816 2628 1910 2682 άλ-

330 2723 531 2794 λήλους
575 2721 940 2793 φιλονεικίας,
987 2721 1429 2792 ἐπικρεμαμένου
1468 2718 1567 2790 ἤδη
1605 2720 1699 2772 τοῦ
1745 2719 1907 2789 φόϐου

330 2815 433 2884 τῆς
483 2813 581 2867 τοῦ
635 2814 836 2878 παντὸς
883 2813 1217 2877 διαλύσεως,
1272 2816 1616 2884 παραιτεῖται
1649 2813 1761 2884 (54)
1809 2813 1909 2882 τὴν

332 2906 612 2977 αἴσθησιν.
658 2904 768 2958 Τοῦ
818 2903 927 2976 γάρ
976 2904 1155 2958 κοινοῦ
1211 2905 1306 2958 καὶ
1365 2904 1622 2976 δημοσίου
1671 2903 1908 2971 πολέμου

332 2999 518 3052 πλεῖόν
548 3001 668 3052 ἐστι
697 2997 759 3050 τὸ
791 2997 920 3051 ἴδιον
950 2997 1213 3068 δυσμενὲς
1234 3039 1249 3064 ,
1279 2997 1378 3067 τῆς
1410 2998 1475 3056 ἐκ
1502 2995 1594 3050 τοῦ
1638 2997 1908 3068 κρατῆσαι

329 3089 439 3144 τῶν
496 3089 758 3145 ἐναντίων
797 3089 956 3160 δόξης
981 3089 1074 3143 τοῦ
1121 3088 1312 3152 κοινῶς
1346 3090 1479 3141 πᾶσι
1507 3087 1906 3152 λυσιτελοῦντος

331 3179 734 3252 προτιθεμένης
771 3221 788 3246 ,
836 3175 918 3244 οἷς
965 3181 1026 3234 τὺ
1078 3180 1391 3252 παραυτίκα
1442 3181 1542 3252 τῆς
1597 3181 1906 3252 φιλοτιμίας

330 3272 564 3342 τερπνὸν
606 3271 716 3325 τῶν
746 3274 826 3336 είς
861 3271 1086 3343 ὓστερον
1119 3272 1495 3342 ἀποκειμένων
1527 3271 1733 3340 μισθῶν
1773 3289 1907 3343 προ-

327 3363 645 3433 τιμότερον.
679 3362 880 3435 Διόπερ
907 3362 1108 3426 πάντες
1151 3361 1349 3432 ὁμοίως
1369 3403 1384 3429 ,
1416 3362 1537 3417 καθ’
1578 3363 1636 3416 ὃν
1680 3361 1746 3416 ἀν
1776 3362 1906 3415 ἐκα-

333 3471 461 3519 στος
489 3455 719 3526 δύνηται
762 3454 993 3525 τρόπον,
1033 3456 1134 3516 τάς
1171 3453 1405 3522 ,φονικὰς
1447 3455 1630 3525 χεῖρας
1657 3453 1908 3524 ἀλλήλοις

328 3549 777 3618 ἀντεπιφέρουσι.
810 3547 1050 3618 Τραχεία
1081 3545 1136 3598 δέ
1187 3563 1268 3610 τις
1312 3547 1528 3618 κραυγὴ
1572 3546 1680 3600 τῶν
1716 3544 1776 3611 ἐξ
1814 3547 1908 3598 ἀν-

328 3640 576 3709 τιλογίας
601 3638 1088 3710 παρατριϐομένων
1113 3640 1363 3711 ἀλλήλοις
1381 3678 1396 3702 ,
1423 3639 1519 3692 καὶ
1673 3639 1904 3710 ἄσημος,

330 3734 422 3785 καὶ
456 3731 744 3801 δύσκριτος
786 3728 917 3801 ἦχος
946 3731 1010 3783 ἐκ
1040 3731 1148 3784 τῶν
1180 3731 1455 3800 ἁσιγήτων
1486 3730 1729 3801 θορύϐων
1749 3771 1764 3795 ,
1797 3733 1904 3785 πᾶ-

332 3838 430 3876 σαν
456 3823 556 3894 ἤδη
607 3821 790 3892 σχεδὸν
831 3817 1154 3895 Ἐ’κκλησίαν
1193 3823 1552 3894 πεπλήρωκεν
1572 3863 1587 3889 ,
1619 3823 1711 3878 ἐπὶ
1739 3825 1907 3896 ὐπερ-

329 3911 493 3978 ϐολὰς
525 3916 622 3967 καὶ
651 3913 913 3983 ἐλλείψεις
953 3915 1015 3968 τὸ
1065 3914 1222 3978 εύθὲς
1257 3915 1434 3986 δόγμα
1483 3917 1587 3986 τῆς
1625 3916 1905 3980 εὐσεϐείας

329 4004 817 4076 παρατρεπόντων.
871 4007 933 4059 Οἱ
989 4005 1089 4076 μὲν
1131 4006 1240 4078 γὰρ
1294 4007 1386 4059 ἐπί
1450 4006 1779 4078 Ἰουδαϊσμὸν
1816 4008 1904 4061 διά

329 4095 426 4166 τῆς
459 4095 776 4166 συγχύσεως
815 4096 922 4150 τῶν
970 4096 1297 4168 προσώπων,
1343 4099 1479 4152 οἱδέ
1527 4100 1620 4153 ἐπὶ
1663 4099 1902 4170 Ἐλληνι-

333 4189 468 4258 σμὺν
497 4188 587 4241 διὰ
631 4189 730 4259 τῆς
764 4188 872 4243 τῶν
903 4189 1116 4259 φύσεων
1161 4190 1531 4263 ἐναντιότητος
1560 4192 1904 4263 παραφέρον-

328 4298 415 4334 ται
445 4298 458 4310 ’
514 4279 639 4332 οὔτε
679 4280 778 4350 τῆς
814 4279 1170 4333 θεοπνεύστου
1204 4282 1426 4352 Γραφῆς
1461 4281 1766 4352 μεσιτεύειν
1804 4285 1902 4336 αύ-

327 4375 439 4436 τοῑς
467 4370 805 4442 ἐξαρκούσης
823 4409 838 4432 ,
867 4368 991 4424 οὔτε
1021 4371 1128 4424 τῶν
1149 4371 1521 4425 ἀποστολικῶν
1551 4373 1900 4444 παραδόσεων

2014 552 2075 597 ιιι
2112 555 2305 596 omnes
2336 539 2563 594 Patrum
2587 536 2809 594 termini
2836 537 2958 590 loco
2984 535 3117 589 moti
3149 542 3295 600 sunt,
3317 534 3393 586 ita
3421 544 3586 588 omne

2018 631 2465 697 fundamentum,
2491 639 2544 687 et
2574 631 2622 686 si
2645 630 2791 700 quod
2820 627 3132 700 dogmatum
3159 625 3581 688 munimentum,

2014 725 2342 780 convulsum
2393 731 2500 780 est.
2553 721 2862 778 Volvuntur
2901 720 3128 791 insuper
3163 725 3218 774 et
3249 721 3586 786 quassantur

2015 817 2222 882 omnia,
2255 817 2403 887 putri
2444 815 2564 872 basi
2597 813 2911 881 innitentia,
2947 812 3186 880 dumque
3215 809 3307 862 alii
3353 808 3410 862 in
3443 806 3581 862 alios

2013 908 2253 964 vicissim
2275 909 2538 980 impetum
2564 907 2818 971 facimus,
2841 905 2932 960 alii
2952 904 3022 963 ab
3043 898 3578 960 aliissubvertimur.

2014 998 2080 1052 Et
2105 999 2150 1056 si
2184 1007 2239 1054 te
2263 999 2414 1069 prior
2436 1013 2548 1074 non
2574 997 2906 1069 percusserit
2932 995 3134 1061 hostis,
3165 992 3215 1047 is
3240 991 3333 1064 qui
3359 988 3584 1048 auxilia-

2013 1099 2134 1156 tur,
2166 1089 2436 1145 vulnerat.
2469 1088 2626 1156 Quod
2654 1090 2700 1145 si
2730 1089 2822 1144 ille
2850 1085 3112 1149 ceciderit
3141 1085 3317 1146 ictus,
3353 1079 3583 1138 commio

2013 1181 2110 1236 lito
2142 1181 2254 1250 jam
2289 1181 2548 1252 insurgit.
2583 1179 2817 1236 Tantum
2850 1179 2993 1235 inter
3037 1192 3140 1232 nos
3182 1176 3452 1229 habemus
3488 1185 3582 1227 so-

2012 1271 2244 1338 cietatis,
2283 1278 2549 1341 quantum
2591 1268 2869 1326 communi
2916 1266 3044 1323 odio
3080 1261 3424 1321 adversarios
3451 1273 3582 1331 pro-

2012 1362 2312 1433 sequimur.
2343 1360 2444 1416 Ubi
2485 1375 2648 1434 porro
2681 1358 3044 1430 praeterierint
3073 1358 3262 1414 hostes
3283 1395 3298 1419 ,
3327 1354 3441 1424 jam
3477 1363 3582 1405 nos

2011 1455 2159 1510 inter
2186 1469 2289 1509 nos
2316 1454 2511 1510 hostes
2539 1452 2786 1507 videmus
2814 1464 2958 1506 esse.
2992 1447 3092 1505 His
3129 1448 3198 1504 de
3236 1444 3421 1501 causis
3455 1443 3580 1514 quis

2010 1561 2332 1604 enumerare
2376 1544 2552 1618 possit
2586 1541 2998 1614 naufragiorum
3037 1537 3460 1600 multitudinem,
3493 1533 3579 1590 vel

2009 1658 2205 1698 eorum
2235 1643 2328 1714 qui
2361 1642 2603 1698 hostium
2644 1639 3010 1710 impressione
3049 1637 3460 1706 demerguntur,
3493 1630 3582 1686 vel

2012 1735 2106 1804 qui
2133 1750 2200 1789 ex
2231 1733 2464 1789 occultis
2504 1731 2780 1788 sociorum
2821 1729 3038 1786 insidiis
3065 1727 3343 1790 occidunt,
3374 1723 3464 1780 vel
3484 1722 3580 1792 qui

2011 1843 2107 1898 per
2135 1826 2462 1896 imperitiam
2490 1824 2688 1880 ducum
2713 1829 2975 1895 pereunt;
3009 1835 3132 1876 cum
3173 1817 3430 1874 Ecclesiae
3469 1828 3581 1870 una

2010 1935 2133 1975 cum
2171 1918 2309 1989 ipsis
2337 1917 2652 1973 hominibus
2674 1957 2689 1983 ,
2724 1917 3100 1972 haereticorum
3126 1912 3267 1968 dolis
3295 1911 3442 1966 velut
3469 1907 3582 1980 66

2010 2009 2114 2065 sub
2153 2023 2296 2078 aqua
2333 2008 2627 2063 latentibus
2666 2006 2907 2076 scopulis
2935 2005 3126 2068 illisae,
3170 2001 3396 2074 perditae
3425 1999 3578 2056 sint:

2011 2099 2106 2154 alii
2133 2113 2263 2155 vero
2289 2114 2354 2155 ex
2383 2099 2636 2155 hostibus
2683 2096 2979 2154 salutiferae
3006 2094 3305 2176 passionis,
3335 2091 3432 2163 qui
3474 2106 3578 2162 gu-

2007 2190 2299 2246 bernacula
2332 2196 2696 2260 occuparunt,
2727 2188 2877 2244 circa
2903 2187 3064 2242 ﬁdem
3100 2183 3452 2255 naufragium
3497 2182 3578 2237 fe-

2009 2281 2222 2337 cerint?
2240 2281 2507 2337 Caeterum
2530 2281 2704 2337 turbae
2733 2281 2802 2336 ab
2823 2279 2992 2349 hujus
3023 2277 3212 2332 mundi
3237 2274 3580 2348 principibus

2008 2374 2417 2445 proﬁciscentes
2437 2413 2452 2438 ,
2489 2387 2596 2443 qua
2626 2387 2738 2428 non
2767 2371 3006 2442 procella
3026 2408 3042 2435 ,
3079 2385 3188 2440 quo
3217 2383 3326 2422 non
3355 2365 3579 2421 turbine

2008 2464 2328 2521 horribilius
2384 2463 2710 2519 subvertunt
2768 2460 3053 2533 populos?
3109 2459 3383 2514 Ecclesias
3444 2471 3583 2511 vero

2008 2556 2184 2628 caligo
2211 2556 2457 2627 quaedam
2491 2556 2630 2612 adeo
2657 2556 2821 2626 plane
2846 2554 3025 2610 tristis
3069 2567 3134 2607 ac
3165 2558 3365 2608 moesta
3407 2563 3577 2604 occu-

2010 2656 2122 2718 pat,
2146 2647 2396 2704 videlicet
2421 2647 2785 2703 luminaribus
2823 2645 3032 2708 mundi,
3063 2657 3184 2715 qua:
3206 2643 3347 2699 Deus
3371 2652 3572 2714 posue-

2007 2749 2094 2795 rat
2155 2741 2222 2796 ad
2280 2740 2672 2796 illuminandas
2725 2739 3056 2810 populorum
3110 2736 3364 2804 animas,
3415 2735 3580 2789 domo

2009 2831 2331 2903 proﬂigatis.
2354 2831 2526 2888 Porro
2551 2830 2842 2886 immodica
2860 2829 2975 2900 jam
2996 2829 3140 2883 inter
3160 2827 3310 2899 ipsos
3326 2823 3579 2881 vincendi

2006 2922 2304 2986 contentio,
2339 2937 2464 2977 cum
2490 2922 2606 2992 jam
2635 2921 2921 2976 immineat
2959 2928 3138 2976 terror
3167 2918 3428 2972 minitans
3463 2915 3577 2970 rui.

2007 3027 2133 3067 nam
2180 3013 2461 3078 universi,
2497 3012 2688 3068 adimit
2732 3012 2862 3068 mali
2909 3026 3152 3069 sensum.
3201 3007 3336 3064 Nam
3365 3009 3588 3079 privata

2009 3102 2260 3160 simultas
2311 3103 2434 3174 plus
2491 3111 2574 3159 est
2629 3117 2793 3174 quam
2851 3115 3142 3158 commune
3189 3099 3579 3172 publicumque

2009 3193 2234 3260 bellum,
2266 3193 2394 3260 dum
2424 3195 2773 3251 adversarios
2801 3193 3056 3250 vincendi
3089 3194 3260 3265 gloria
3289 3191 3579 3263 praefertur

2007 3285 2241 3356 publica:
2266 3285 2511 3340 omnium
2537 3285 2779 3352 utilitati,
2810 3286 3010 3356 quibus
3034 3298 3274 3356 praesens
3294 3291 3574 3352 tempora-

2005 3377 2196 3447 riaque
2227 3377 2414 3447 gloriae
2446 3377 2700 3448 voluptas
2733 3375 2886 3446 prior
2915 3390 2979 3430 ac
3010 3376 3189 3445 potior
3224 3381 3309 3430 est
3337 3375 3578 3445 praemiis

2005 3467 2062 3521 in
2107 3476 2384 3538 posterum
2431 3468 2708 3539 repositis.
2757 3468 2943 3538 quue
2975 3483 3165 3523 omnes
3204 3469 3410 3534 pariter
3433 3483 3574 3535 quo—

2003 3572 2222 3628 cunque
2253 3567 2488 3627 possunt
2511 3559 2673 3614 modo
2704 3559 3113 3615 interfectrices
3137 3573 3332 3615 manus
3361 3559 3466 3616 sibi
3495 3560 3576 3616 in-

2004 3651 2178 3706 vicem
2213 3651 2468 3708 ail'erunt.
2504 3653 2752 3709 Acerbus
2779 3663 2957 3709 autem
2988 3653 3210 3725 quidam
3245 3655 3452 3709 clamor
3475 3668 3573 3709 eo-

2004 3758 2148 3807 rum,
2172 3743 2265 3812 qui
2294 3759 2362 3800 ex
2385 3743 2738 3800 contentione
2763 3760 2884 3800 sese
2905 3751 3094 3799 mutuo
3125 3744 3414 3809 collidunt,
3441 3759 3575 3798 con-

2003 3834 2235 3903 fusaque
2256 3835 2596 3898 vociferatio,
2617 3835 2971 3892 indistinctus
2997 3837 3210 3892 sonitus
3236 3852 3266 3891 e
3291 3850 3570 3906 nunquam

2003 3923 2291 3981 silentibus
2323 3925 2672 3991 tumultibus,
2709 3934 2878 3981 totam
2912 3943 3080 3998 prope
3120 3927 3240 3997 jam
3270 3925 3570 3982 Ecclesiam

2003 4015 2269 4085 implevit,
2303 4031 2402 4087 per
2425 4032 2689 4074 excessus
2719 4033 2783 4073 ac
2817 4019 3064 4075 defectus
3108 4031 3318 4075 rectum
3351 4020 3572 4091 pietatis

2001 4104 2196 4176 dogma
2242 4108 2705 4164 subvertentibus.
2759 4108 2895 4164 Nam
2946 4111 3043 4164 alii
3093 4110 3313 4181 quidem
3363 4111 3428 4165 ad
3477 4109 3574 4164 Ju-

2000 4197 2292 4264 daismum,
2323 4199 2397 4253 ob
2419 4215 2777 4268 personarum
2808 4201 3208 4269 canl‘usionem,
3238 4203 3330 4257 alii
3354 4210 3566 4267 contra,

2001 4286 2067 4340 ad
2092 4287 2471 4357 paganismum
2506 4304 2604 4358 per
2649 4297 2967 4344 naturarum
2996 4291 3437 4345 contrarietatem
3476 4290 3573 4345 de-

2001 4378 2284 4433 feruntur:
2313 4379 2449 4434 adeo
2485 4388 2543 4434 ut
2576 4395 2677 4436 nec
2703 4381 2967 4436 divinitus
2992 4382 3256 4452 inspirata
3285 4380 3570 4450 Scriptura

329 4463 423 4528 τὰς
460 4464 599 4534 πρὸς
652 4461 912 4534 ἀλλήλους
943 4463 1122 4526 αὐτοῖς
1155 4462 1447 4531 διαλλαγὰς
1495 4462 1893 4536 βραϐευουσῶν.

2007 4468 2144 4523 inter
2182 4468 2308 4525 illos
2338 4479 2680 4540 sequestram
2709 4486 2868 4542 agere
2899 4473 3096 4543 possit,
3127 4489 3231 4528 nec
3260 4473 3570 4543 apostolica;

329 4549 422 4626 Εἷς
470 4555 529 4608 δὲ
577 4555 702 4625 ὅρος
755 4553 938 4623 φιλίας
966 4593 982 4619 ,
1035 4553 1098 4606 τὸ
1147 4553 1267 4610 καθ’
1293 4553 1485 4625 ἡδονὴν
1530 4555 1702 4608 εἰπεῖν
1732 4571 1745 4584 ·
1799 4557 1895 4609 καὶ

330 4645 528 4716 ἔχθρας
571 4642 816 4714 ἀρκοῦσα
848 4643 1116 4714 πρόφασις
1146 4682 1162 4708 ,
1217 4644 1281 4697 τὸ
1338 4643 1412 4715 μὴ
1459 4645 1732 4716 συμϐῆναι
1775 4649 1893 4711 ταῖς

328 4733 524 4801 δόξαις.
559 4733 749 4803 Πάσης
795 4731 853 4784 δέ
883 4732 1218 4803 συνωμοσίας
1263 4733 1575 4805 πιστότερον
1622 4737 1759 4804 πρὸς
1785 4754 1898 4790 κοιο

329 4827 520 4883 νωνίαν
543 4827 784 4889 στάσεως
813 4825 847 4896 ή
879 4824 974 4878 τοῦ
1004 4825 1317 4896 σφάλματος
1342 4827 1611 4898 ὁμοιότης.
1638 4827 1898 4896 Θεολόγος

328 4917 384 4972 δὲ
423 4920 570 4981 πᾶς,
617 4917 714 4971 καὶ
751 4918 780 4972 ὁ
830 4916 1046 4988 μυρίαις
1085 4916 1266 4988 κηλίσι
1311 4917 1410 4989 τὴν
1451 4917 1627 4989 ψυχὴν
1660 4937 1894 4990 στιγμα-

330 5009 444 5075 τίας
470 5009 603 5082 (55).
653 5007 932 5062 Ἐντεῦθεν
963 5010 1074 5071 τοῖς
1099 5011 1503 5079 νεωτεροποιοῖς
1533 5011 1763 5082 εὐπορία
1785 5011 1892 5065 τῶν

334 5099 803 5166 συστασιαζόντων
860 5098 1048 5172 πολλή.
1105 5100 1404 5172 Τοιγαροῦν
1454 5102 1911 5185 αὐτοχειροτόνηε

395 5257 504 5330 (50)
550 5259 787 5331 Ἐπέϐη.
815 5257 895 5331 lla
923 5257 1126 5331 Regius
1173 5261 1468 5331 secundus,
1496 5259 1894 5331 multoimelius

331 5329 484 5400 quam
514 5329 645 5384 editi
676 5330 939 5399 ἐπανέϐη.
969 5329 1105 5400 Tres
1137 5330 1229 5400 alii
1253 5331 1472 5388 codices
1497 5329 1745 5400 ἐπενέϐη.

398 5399 512 5471 (51)
543 5401 846 5471 Σῳτηρίου
898 5398 1271 5471 ὸξηίθουβῃῇα
1311 5417 1415 5471 ope
1469 5399 1624 5468 Regii
1667 5398 1892 5455 secundi

328 5467 734 5541 emendavimus
785 5469 931 5539 quod
992 5470 1045 5522 in
1100 5467 1265 5524 editis
1309 5467 1586 5541 legebatur
1625 5471 1890 5541 σωτηρίου

329 5536 660 5609 Πνεύματος,
696 5536 904 5593 non—ex
937 5541 1075 5610 stylo
1103 5548 1158 5594 et
1187 5554 1343 5598 more
1359 5536 1567 5604 Basilii,
1595 5541 1688 5608 qni
1718 5536 1894 5661 είρίτί-

332 5617 438 5661 tum
480 5618 732 5661 sanctum
791 5611 1052 5661 σωτήριον
1102 5624 1371 5661 nusquam
1433 5609 1684 5661 annellat.
1787 5611 1892 5661 mle

1787 5625 1892 5665 nuc

342 5675 698 5736 Combeﬁsius
753 5675 1034 5750 regendum
1087 5675 1313 5751 putabat
1385 5675 1648 5752 σωτηρίου
1715 5681 1887 5753 κηρύ-

332 5758 544 5816 τματοςο

332 5617 438 5682 tum
472 5618 732 5682 sanctum
791 5609 1052 5681 σωτήριον
1102 5624 1371 5682 nusquam
1433 5609 1684 5682 appellat.

2000 4560 2327 4617 traditiones
2376 4561 2504 4617 illos
2549 4562 2692 4617 inter
2733 4579 2795 4618 se
2839 4565 3134 4620 conciliare
3174 4566 3408 4621 valeant.
3460 4563 3568 4619 Sed

1997 4652 2197 4708 unicus
2231 4651 2488 4708 amicitiae
2521 4653 2646 4708 ﬁnis
2679 4662 2762 4709 est
2795 4654 2860 4708 ad
2892 4655 3121 4724 gratiam
3151 4655 3335 4726 loqui:
3364 4671 3428 4710 ac
3451 4657 3571 4710 sui-

1998 4741 2188 4798 ﬁclens
2220 4751 2305 4798 est
2328 4743 2629 4798 inimicitiae
2655 4758 2845 4807 causa,
2876 4744 3228 4813 opinionibus
3249 4743 3562 4799 dissentire.

1995 4830 2168 4888 Porro
2189 4834 2396 4890 erroris
2423 4834 2722 4890 similitudo
2750 4851 2836 4889 res
2864 4845 2946 4891 est
2975 4835 3168 4906 quavis
3189 4833 3568 4904 coniuratione

1997 4924 2203 4980 ﬁrmior
2234 4925 2302 4980 ad
2355 4925 2644 4982 seditionis
2691 4927 3033 4982 societatem.
3082 4925 3390 4996 Theologus
3439 4942 3568 4982 vero

1996 5018 2228 5088 quilibet
2248 5025 2354 5084 est,
2387 5019 2435 5075 is
2457 5020 2646 5086 etiam,
2679 5020 2775 5090 qui
2810 5019 3044 5074 maculis
3071 5019 3566 5076 innumerabilibus

1995 5112 2234 5166 animam
2269 5111 2469 5169 habeat
2498 5121 2764 5168 notatam.
2801 5111 2941 5166 Hinc
2979 5126 3164 5167 rerum
3205 5113 3564 5168 novatoribus

2064 5264 2176 5336 ('52)
2209 5263 2632 5336 Σφοδρότερον.
2671 5263 2805 5333 Reg.
2838 5264 3114 5336 secundus
3143 5264 3456 5336 βαρύτερον.

2063 5333 2175 5406 (55)
2218 5333 2570 5406 Ὄντωςκιιει
2600 5349 2734 5406 mss.
2761 5336 2998 5390 codices.
3026 5333 3168 5406 Editi
3201 5333 3394 5399 οὕτως.

2064 5403 2177 5477 (54)
2216 5403 2607 5477 Παραιτεῖται.
2670 5405 2803 5477 Beg.
2866 5405 3151 5477 secundus
3194 5409 3562 5477 παραιρεῖται.

1990 5471 2167 5544 Paulo
2197 5483 2320 5543 post
2351 5471 2853 5544 editixparsiaﬁai.
2876 5474 3005 5530 Mss.
3040 5483 3098 5529 ut
3139 5475 3196 5530 in
3221 5471 3392 5533 testu.
3431 5477 3568 5533 Sub-

1991 5541 2269 5618 indeﬁég.
2305 5541 2579 5618 secundus
2599 5543 2700 5618 τῆς
2733 5545 3060 5614 φιλονεικίας
3088 5547 3320 5618 τερπνόν

2028 5614 2174 5715 r(255)
2209 5613 2579 5685 Στιγματίας.
2614 5612 2691 5669 Ita
2729 5612 2861 5674 mss.
2885 5612 3307 5677 auatuor.‘Editi
3332 5634 3566 5692 στιγμῶ-

1990 5699 2161 5748 τισας.

2657 5783 2665 5790 -
2691 5783 2699 5793 σ
2733 5767 2760 5799 ,Ἴ
2835 5769 2906 5798 κιο
