3886 6220
341 347 463 438 ὀιδ

1575 381 1634 438 S.
1674 382 1918 442 BASILll
1957 385 2174 443 MAGNI

3493 394 3609 448 216

356 500 529 553 multa
563 497 720 569 c0pia
750 497 915 555 simul
948 498 1307 555 excitantium
1356 500 1701 557 seditionem.
1745 501 1909 573 Itaqut

2033 523 2115 558 τοι
2145 506 2240 559 καὶ
2280 504 2665 577 σπουδαρχίδαι
2702 504 2812 558 τῶν
2868 505 3197 578 Ἐκκλησιῶν
3229 507 3325 571 τὰς
3355 526 3607 579 προστα-

354 590 452 660 qui
482 592 695 661 seipsos
725 590 843 647 suis
866 590 1079 660 elegere
1106 591 1406 660 suffragiis,
1442 595 1647 664 quique
1670 594 1928 651 affectant

354 680 746 751 principatum,
773 682 808 736 ii
834 681 1199 736 Ecclesiarum
1221 682 1577 752 praefecturas
1596 685 1924 753 sortiuntur,

355 774 576 844 repulsa
626 773 802 829 sancti
855 773 1094 843 Spiritus
1147 773 1644 830 administratione.
1699 774 1926 845 Jamque

351 872 581 932 prorsus
620 864 947 935 evangelicis
986 865 1183 920 ritibus
1210 866 1279 921 ob
1311 866 1587 922 sublatum
1620 885 1803 924 rerum
1836 886 1927 924 or-

350 953 535 1010 dinem
576 955 824 1011 confusis
851 996 864 1020 ,
902 956 1192 1013 ineffabilis
1235 967 1319 1013 est
1363 958 1430 1013 ad
1468 960 1824 1033 przefecturas
1852 961 1924 1014 ir-

351 1046 556 1117 ruptio,
596 1062 925 1117 unoquoque
960 1064 1148 1102 eorum
1188 1049 1282 1118 qui
1318 1051 1616 1108 ambitione
1650 1052 1920 1117 laborant,

350 1150 472 1192 sese
499 1136 552 1190 in
577 1135 872 1208 dignitates
898 1155 994 1209 per
1017 1139 1121 1193 vim
1145 1140 1474 1198 intrudente.
1506 1142 1625 1198 Jam
1651 1160 1779 1199 vero
1798 1161 1919 1215 gra-

351 1226 435 1282 vis
491 1227 742 1296 quaedam
792 1228 1055 1283 anarchia
1103 1228 1173 1282 ab
1215 1229 1316 1284 hoc
1363 1233 1705 1303 principatus
1736 1250 1921 1288 amore

347 1319 576 1388 populos
606 1318 836 1376 invasit:
871 1323 1013 1378 unde
1036 1323 1204 1378 irrita:
1226 1333 1355 1379 sunt
1383 1341 1611 1396 prorsus
1637 1341 1700 1381 ac
1729 1327 1919 1384 inanes

346 1411 726 1481 praefectorum
768 1413 1179 1470 exhortationes
1204 1457 1219 1481 ,
1265 1415 1394 1470 dum
1433 1433 1595 1471 nemo
1632 1434 1691 1471 se
1747 1421 1920 1489 magis

346 1504 503 1560 alteri
535 1506 849 1561 auscultare
869 1546 884 1570 ,
917 1523 1081 1577 quam
1119 1508 1243 1563 aliis
1282 1509 1553 1577 imperare
1582 1509 1782 1567 debere
1806 1554 1820 1578 ,
1848 1512 1920 1566 ob

346 1597 548 1652 fastum
581 1614 648 1653 ex
680 1598 905 1652 inscitia
934 1608 1260 1669 conceptum
1285 1601 1579 1655 existimat.

416 1708 501 1763 78.
537 1708 648 1764 llas
667 1710 737 1765 ob
759 1725 846 1766 res
869 1710 1033 1766 silere
1055 1711 1247 1768 utilius
1266 1711 1530 1782 iudicavi,
1557 1729 1720 1784 quam
1744 1715 1915 1785 loqui,

2033 597 2154 660 σίας
2184 595 2635 665 διαλαγχάνουσι,
2668 595 2766 667 τὴν
2798 596 3106 668 οἰκονομίαν
3129 598 3220 650 τοῦ
3252 599 3405 667 ἁγίου
3436 601 3608 654 Ilvati-

2032 703 2200 757 ματος
2280 686 2686 758 παρωσάμενοι.
2762 688 2873 740 Καὶ
2952 690 3228 753 παντελῶς
3306 692 3407 764 ἤδη
3486 694 3604 749 τῶν

2027 778 2397 847 εύαγγελικῶν
2452 778 2667 849 Θεσμῶν
2712 780 2769 846 ἐξ
2824 780 3089 850 ἀκοσμίας
3144 784 3599 854 συγκεχυμένων,

2025 871 2305 942 ἀμύθητος
2355 870 2596 942 ὠθισμὸς
2644 873 2735 925 ἐπὶ
2784 871 2881 936 τὰς
2936 874 3222 946 προεδρίας
3276 877 3392 929 ἐστὶ
3421 919 3438 943 ,
3485 878 3599 930 τῶν

2025 962 2408 1033 φανητιώντων
2460 964 2689 1016 ἑκάστου
2742 966 2930 1018 ἑαυτὸν
2975 969 3233 1020 εἰσποιεῖν
3258 972 3322 1040 τῇ
3357 987 3601 1040 προστα-

2025 1052 2117 1124 σίᾳ
2172 1052 2512 1124 βιαζομένου.
2586 1056 2844 1126 ’Λναρχία
2891 1056 2947 1109 δέ
3003 1075 3085 1120 τις
3138 1058 3284 1130 δεινὴ
3335 1060 3443 1113 ἀπὸ
3493 1063 3599 1130 τῆς

2024 1144 2312 1216 φιλαρχίας
2371 1144 2575 1214 ταύτης
2623 1149 2733 1209 τοῖς
2786 1147 2934 1210 λαοῖς
2996 1148 3352 1219 ἐπεκώμασεν
3391 1169 3407 1183 ·
3473 1153 3597 1206 ὅθεν

2022 1236 2290 1307 ἄπρακτοι
2341 1237 2619 1302 παντελῶς
2668 1239 2761 1290 καὶ
2813 1241 2978 1309 ἀργαὶ⁸
3009 1240 3115 1293 τῶν
3161 1244 3596 1298 ἐπιστατούντων

2021 1328 2077 1379 αἱ
2125 1326 2529 1399 παρακλήσεις,
2588 1330 2649 1381 οὐ
2687 1330 2886 1399 μᾶλλον
2928 1331 3144 1385 ἀκούειν
3188 1335 3365 1401 τινὸς,
3410 1337 3443 1408 ἢ
3493 1338 3597 1390 αύ-

2018 1417 2097 1489 τῷ
2132 1419 2239 1490 (56)
2270 1419 2457 1492 ἄρχειν
2483 1420 2683 1491 ἑτέρων
2712 1423 3054 1493 ὀφειλόμενον
3084 1421 3220 1478 εἶναι
3247 1427 3479 1482 ἑκάστου
3505 1428 3595 1482 διὰ

2020 1511 2110 1565 τὸν
2142 1512 2200 1576 ἐξ
2234 1512 2471 1582 ἀμαθίας
2501 1512 2667 1582 τῦφον
2700 1513 3068 1585 λογιζομένου.

2090 1709 2177 1765 78.
2207 1708 2306 1763 Διὰ
2334 1709 2510 1764 ταῦτα
2536 1709 2982 1784 λυσιτελεστέραν
3010 1714 3104 1768 τοῦ
3140 1716 3298 1785 λόγου
3327 1717 3427 1790 τὴν
3460 1737 3591 1775 σιω-

344 1811 605 1871 tanquam
639 1801 877 1858 hominis
906 1818 1010 1858 vox
1034 1819 1131 1873 per
1158 1811 1340 1859 tantos
1374 1806 1642 1860 tumultus
1666 1807 1909 1861 exaudiri

2017 1801 2125 1873 πὴν
2170 1801 2428 1871 ἐτιθέμην
2452 1840 2468 1864 ,
2509 1802 2583 1864 ὡς
2631 1802 2694 1855 οὐ
2736 1804 3037 1875 δυναμένης
3080 1807 3263 1876 φωνῆς
3298 1809 3591 1880 ἀνθρώπου

341 1907 451 1947 non
487 1894 681 1963 possit.
725 1892 861 1947 Nam
896 1897 940 1950 si
982 1910 1112 1950 vera
1152 1909 1280 1951 sunt
1327 1912 1447 1966 qum
1477 1897 1615 1951 dixit
1643 1897 1917 1954 Ecclesia-

341 1995 452 2039 stes
471 1985 540 2047 “,
569 1985 734 2040 verba
759 1988 1066 2057 sapientum
1090 1986 1145 2041 in
1169 1989 1348 2058 quiete
1377 1989 1591 2052 audiri,
1622 1989 1917 2059 plurimum

339 2077 520 2144 abest,
557 2084 616 2131 ut
663 2077 716 2130 in
760 2077 864 2133 hoc
901 2087 1045 2134 statu
1082 2095 1263 2136 rerum
1296 2080 1364 2136 de
1400 2081 1487 2135 his
1528 2081 1674 2150 loqui
1716 2096 1918 2137 conve-

342 2168 474 2221 niat.
519 2166 603 2222 Me
633 2183 763 2222 vero
801 2169 966 2224 etiam
997 2169 1131 2224 illud
1161 2171 1538 2240 propheticum
1579 2171 1789 2225 dictum
1831 2188 1917 2227 re-

338 2256 562 2326 primit:
607 2256 910 2324 Iutelliqens
942 2260 998 2314 in
1027 2270 1255 2329 tempore
1294 2262 1389 2316 illo
1418 2262 1640 2318 tacebit:
1680 2281 1740 2319 eo
1777 2263 1915 2335 quod

338 2356 538 2413 tempus
577 2347 778 2401 malum
812 2349 975 2414 est”,
1015 2350 1071 2405 in
1107 2368 1218 2421 quo
1261 2354 1352 2408 alii
1398 2356 1616 2424 quidem
1657 2357 1917 2426 supplan-

336 2448 475 2503 tant,
504 2438 596 2494 alii
626 2457 756 2496 vero
781 2442 1048 2497 insultant
1073 2445 1247 2513 lapso,
1274 2445 1364 2498 alii
1390 2461 1520 2500 vero
1543 2447 1912 2516 applaudtmt;

336 2532 431 2587 sed
488 2534 580 2604 qui
624 2534 734 2605 67
783 2535 1083 2590 labaseenti
1137 2552 1360 2590 manum
1412 2553 1476 2591 cx
1535 2539 1912 2595 misericordia

332 2624 602 2694 porrigat,
641 2624 829 2679 nullus
868 2633 995 2690 est;
1026 2641 1339 2696 quanquam
1367 2627 1523 2697 juxta
1559 2629 1731 2698 legem
1764 2640 1911 2685 vete-

333 2729 449 2768 rem
478 2715 546 2781 '7,
577 2730 646 2769 ne
675 2713 723 2769 is
750 2715 967 2784 quidem
997 2717 1091 2785 qui
1120 2718 1205 2771 vel
1230 2718 1539 2786 jumentum
1569 2720 1773 2775 inimici
1805 2721 1909 2776 sub

331 2821 502 2861 onere
536 2806 837 2876 collapsum
883 2809 1245 2876 praeterierit,
1280 2818 1431 2864 caret
1462 2811 1906 2880 reprehensione.

335 2896 446 2952 Sed
472 2914 582 2952 non
610 2897 797 2952 itidem
826 2896 886 2951 fit
907 2898 1058 2953 hisee
1080 2901 1439 2970 temporibus.
1465 2902 1700 2968 Quinam
1727 2904 1911 2960 ﬁeret?

331 2987 553 3056 quando
582 2985 909 3058 refrigerata
947 2990 1191 3042 omnium
1228 2991 1498 3046 eharitate
1521 3032 1537 3057 ,
1570 2993 1784 3047 sublata
1824 3003 1909 3049 est

333 3080 567 3133 fratrum
596 3079 936 3149 conspiratio
956 3119 971 3144 ,
1004 3082 1311 3137 concordiae
1337 3100 1468 3139 vero
1500 3085 1665 3139 etiam
1705 3099 1905 3141 nomen

2016 1893 2105 1947 διὰ
2141 1893 2412 1946 τοσούτων
2447 1893 2691 1965 θορύϐων
2724 1898 3161 1968 εἰσακουσθῆναι,
3194 1902 3254 1954 Ei
3279 1902 3388 1974 γὰρ
3412 1904 3586 1975 ἀληθῆ

2015 1985 2084 2039 τὰ
2133 1984 2225 2038 τοῦ
2290 1985 2711 2055 Ἐκκλησιαστοῦ
2765 1990 3017 2059 ῥήματα,
3065 1990 3146 2043 ὅτι
3188 1992 3351 2060 Λόγοι
3409 1995 3591 2064 σοφῶν

2014 2077 2074 2128 ὲν
2108 2074 2411 2130 ἀναπαύσει
2444 2076 2761 2143 ἀκούονται,
2799 2080 2994 2133 πολλοῦ
3022 2082 3087 2134 ἂν
3129 2083 3237 2137 δέοι
3259 2085 3488 2156 πρέπειν
3519 2089 3583 2157 τῇ

2015 2168 2109 2222 νῦν
2138 2168 2468 2222 καταστάσει
2496 2169 2561 2235 τὸ
2596 2172 2724 2240 περὶ
2766 2172 2967 2226 τούτων
3005 2173 3201 2242 λέγειν.
3251 2178 3379 2245 Ἐμὲ
3410 2179 3465 2231 δὲ
3495 2180 3587 2233 καὶ

2012 2261 2075 2314 τὸ
2100 2261 2433 2332 προφητικὸν
2470 2262 2646 2315 ἐκεῖνο
2675 2262 2893 2333 κατέχει
2928 2263 3126 2333 λόγιον,
3153 2267 3233 2319 ὅτι
3275 2267 3329 2319 '0
3358 2268 3588 2321 συνιὼν

2012 2353 2083 2407 ἐν
2110 2352 2188 2418 τῷ
2212 2352 2392 2421 καιρῷ
2416 2354 2624 2419 ἐκείνῳ
2647 2355 2757 2425 (57)
2786 2358 3156 2421 σιωπήσεται
3175 2375 3189 2389 ·
3221 2358 3368 2412 διότι
3399 2363 3432 2412 ὀ
3457 2377 3585 2413 και-

2004 2445 2117 2514 ρὸς
2148 2446 2410 2512 πονηρός
2440 2446 2640 2499 ἐστιν’
2677 2447 2736 2499 ἐν
2837 2449 2885 2499 οἱ
2911 2448 3006 2517 μὲν
3029 2448 3441 2512 ύποσκελίζουσι
3466 2449 3586 2514 νῦν,

2010 2537 2060 2588 oi
2090 2534 2146 2587 δὲ
2175 2534 2483 2588 ὲνάλλονται
2509 2535 2588 2606 τῷ
2616 2537 2831 2589 πεσόντι
2851 2575 2866 2597 ,
2898 2537 3044 2591 ἄλλοι
3069 2538 3125 2590 δὲ
3162 2539 3542 2609 ἑπικροτοῦσιν
3566 2555 3579 2567 ·

2010 2628 2040 2679 ὀ
2071 2625 2128 2677 δὲ
2156 2624 2232 2695 τῷ
2260 2624 2551 2678 ὀκλάσαντι
2589 2628 2747 2695 χεῖρα
2771 2626 2980 2697 ὀρέγων
3013 2630 3075 2680 ἐκ
3106 2628 3447 2698 συμπαθείας
3484 2630 3586 2683 οὐκ

2009 2714 2123 2767 ἔστι
2147 2730 2161 2743 ·
2192 2715 2433 2782 καίτοιγε
2455 2754 2470 2777 ,
2503 2714 2641 2767 κατὰ
2673 2715 2763 2768 τὸν
2805 2716 3033 2770 παλαιὸν
3071 2718 3231 2787 νόμον
3255 2758 3270 2783 ,
3301 2718 3412 2771 οὐδ’
3457 2721 3485 2772 ὁ
3524 2720 3585 2773 τὸ

2009 2804 2301 2874 ὑποζύγιον
2342 2806 2435 2859 τοῦ
2461 2806 2654 2876 ἐχθροῦ
2681 2808 2971 2872 πεπτωκὸς
3014 2809 3117 2861 ὑπὸ
3142 2810 3231 2863 τὸν
3263 2812 3431 2881 γόμον
3471 2812 3583 2880 (58)

2011 2899 2385 2971 παραδραμὼν
2414 2899 2854 2968 ἁκατάγνωστος.
2900 2901 3039 2955 Ἀλλ’
3066 2903 3187 2971 οὐχ).
3213 2903 3379 2956 τανῦν
3405 2903 3586 2957 τοιαῦ-

2007 3009 2095 3045 τα.
2135 2992 2339 3056 Πόθεν;
2371 2993 2503 3044 ὅπου
2540 3009 2638 3061 γε,
2683 2992 2771 3045 διὰ
2815 2993 3032 3046 πάντων
3078 2994 3177 3064 τῆς
3223 2994 3445 3065 ἀγάπης
3483 2996 3586 3064 ψυ-

2009 3080 2232 3152 γείσης,
2264 3080 2533 3152 ἀνῄρηται
2581 3083 2676 3152 μὲν
2715 3082 2959 3151 ἀδελφῶν
2999 3084 3301 3154 σύμπνοια,
3332 3086 3585 3155 ὁμονοίας

331 3175 658 3243 ignoratur;
687 3174 918 3230 sublata:
940 3183 1071 3229 sunt
1100 3184 1281 3232 autem
1310 3180 1475 3234 etiam
1508 3178 1697 3235 amicae
1720 3181 1909 3236 admo-

2012 3171 2069 3223 δὲ
2096 3172 2368 3240 ἀγνοεῖται
2401 3174 2494 3225 καὶ
2527 3172 2765 3243 τοῦνομα
2788 3193 2803 3207 ’
2834 3174 3130 3245 ἀνῄρηνται
3156 3177 3213 3229 δὲ
3242 3178 3584 3247 ἀγαπητικαὶ

331 3265 594 3329 nitiones,
620 3280 891 3335 nusquam
918 3269 1132 3324 viscera
1159 3268 1798 3341 Cltristianavnnsquam
1824 3271 1906 3325 la-

332 3371 520 3427 cryma
547 3372 615 3411 ex
646 3358 1145 3415 commiseratione.
1172 3360 1291 3414 Non
1320 3361 1516 3431 estqui
1549 3363 1825 3417 infirmum
1849 3364 1904 3418 in

331 3448 440 3503 fide
478 3448 778 3519 suscipiat,
838 3451 934 3505 sed
983 3459 1195 3505 tantum
1241 3452 1427 3507 odium
1476 3455 1621 3508 inter
1675 3455 1905 3512 tribules

330 3539 569 3605 exarsit,
617 3549 678 3594 ut
726 3542 961 3612 quisque
1006 3544 1180 3613 magis
1230 3544 1296 3599 de
1341 3545 1573 3614 proximi
1628 3546 1903 3615 lapsibus,

330 3643 495 3697 quam
523 3628 591 3683 de
617 3630 855 3699 propriis
884 3638 1034 3686 recte
1069 3633 1229 3688 factis
1255 3636 1509 3689 exsultet.
1540 3635 1906 3701 Quemadmo-

330 3721 461 3776 dum
493 3728 675 3778 autem
706 3722 761 3777 in
788 3726 1055 3796 contagiis
1089 3728 1525 3795 pestilentiarum
1558 3729 1721 3784 etiam
1749 3730 1785 3783 ii
1810 3729 1905 3799 qui

330 3827 545 3867 summa
575 3828 705 3867 cura
737 3825 959 3869 servant
988 3817 1167 3871 victus
1190 3819 1476 3881 rationem,
1504 3829 1682 3873 tamen
1711 3819 1901 3875 iisdem

329 3905 540 3965 morbis
580 3906 783 3976 quibus
823 3908 917 3963 alii
965 3909 1246 3975 laborant,
1286 3911 1414 3965 dum
1458 3913 1528 3966 ob
1559 3912 1908 3968 consuetudi-

330 4013 457 4053 nem
485 4012 675 4054 eorum
706 4000 801 4069 qui
822 4003 1066 4072 corrupti
1092 4009 1240 4066 sunt,
1271 4004 1565 4072 opplenlur
1602 4006 1703 4074 ipsi
1730 4020 1905 4075 mgrm

328 4088 567 4145 tatione:
610 4090 794 4145 itidem
829 4108 974 4146 nunc
1003 4108 1193 4148 omnes
1224 4094 1429 4149 similes
1468 4095 1610 4148 inter
1641 4110 1741 4151 nos
1772 4096 1903 4151 facti

328 4194 545 4241 sumus.
576 4195 606 4234 a
635 4183 1001 4246 contentione,
1032 4200 1151 4253 qua:
1182 4192 1403 4240 nostros
1430 4187 1644 4241 animos
1669 4202 1905 4256 occupa-

327 4273 439 4337 vit,
481 4272 547 4326 ad
590 4273 864 4328 malorum’
898 4276 1298 4331 aemulationem
1334 4277 1599 4345 perducti.
1635 4277 1774 4333 llinc
1803 4279 1905 4332 im-

326 4364 625 4436 placabiles
653 4371 707 4418 et
734 4365 905 4417 amari
932 4366 1122 4420 sedent
1147 4374 1451 4420 erratorum
1476 4368 1903 4436 examinatores,

328 4455 501 4526 iniqui
538 4470 670 4511 vero
701 4463 756 4511 et
783 4457 1033 4511 malevoli
1072 4465 1220 4512 recte
1256 4457 1525 4512 factorum
1552 4458 1799 4527 judices:
1836 4473 1901 4513 ac

2011 3259 2312 3313 νουθεσίαν
2337 3262 2574 3331 οὐδαμοῦ
2598 3263 2900 3332 σπλάγχνον
2925 3266 3244 3335 Χριστιανὸν
3270 3268 3400 3337 (59),
3428 3268 3586 3321 οὐδα-

2010 3352 2112 3423 μοῦ
2138 3352 2371 3423 δάκρυον
2401 3353 2697 3423 συμπαθές.
2736 3356 2849 3407 Οὐκ
2886 3355 3031 3409 ἔστιν
3074 3359 3102 3410 ό
3130 3358 3221 3410 τὸν
3252 3358 3581 3412 ἀσθενοῦντα

2006 3448 2072 3514 τῇ
2111 3445 2292 3498 πίστει
2347 3446 2931 3517 προσλαμϐανόμενος,
2968 3448 3103 3502 ἀλλά
3142 3450 3392 3504 τοσοῦτον
3424 3454 3582 3520 μῖσος

2006 3540 2117 3599 τοῖς
2144 3537 2435 3607 ὁμοφύλοις
2468 3539 2601 3609 πρὶς
2624 3539 2883 3608 ἀλλήλους
2908 3541 3255 3604 ἐκκέκαυται,
3285 3541 3423 3594 ὥστε
3451 3543 3582 3613 μᾶλ-

2006 3627 2097 3681 λον
2135 3632 2245 3693 τοῖς
2277 3630 2502 3699 πλησίον
2549 3629 2835 3701 πτώμασιν
2875 3631 3046 3702 ἤτοῖς
3091 3633 3309 3696 οἰκείοις
3351 3634 3582 3697 ἕκαστος

2007 3722 2425 3792 κατορθώμασιν
2465 3725 2878 3792 ἐπαγάλλονται.
2911 3726 3120 3796 Ὥσπερ
3149 3725 3204 3778 δὲ
3232 3727 3288 3778 ἐν
3316 3728 3435 3789 ταῖς
3470 3726 3581 3780 λοι-

2008 3817 2197 3883 μικαῐς
2249 3814 2612 3883 συμπαθείαις
2664 3818 2756 3868 καὶ
2794 3818 2842 3869 oi
2894 3817 3036 3869 κατὰ
3071 3819 3247 3869 πᾶσαν
3295 3817 3580 3888 ἀκρίϐειαν

2006 3904 2352 3975 διαιτώμενοι
2389 3905 2458 3958 τὰ
2509 3905 2598 3958 ἴσα
2645 3910 2754 3970 τοῖς
2791 3906 2970 3970 ἄλλοις
3010 3908 3340 3977 κάμνουσιν,
3378 3910 3444 3961 ὲκ
3480 3909 3581 3979 τῆς

2005 3996 2142 4068 πρὸς
2164 3998 2291 4059 τοὺς
2321 3997 2748 4068 διεφθαρμένους
2776 3999 2989 4069 ὁμιλίας
3015 4000 3113 4070 τῆς
3137 3999 3445 4070 ἀρρωστίας
3467 4000 3578 4072 (40)

2004 4089 2528 4158 ἀναπιμπλάμενον
2577 4090 2719 4144 οὕτω
2775 4091 2869 4143 καὶ
2925 4090 3019 4143 νῦν
3078 4092 3279 4154 πάντες
3330 4092 3579 4163 ἀλλήλοις

2002 4180 2306 4249 γεγόναμεν
2343 4182 2516 4251 ὅμοιοι
2541 4221 2555 4244 ,
2585 4180 2691 4234 ὑπὸ
2717 4182 2815 4252 τῆς
2856 4183 3231 4254 κατασχούσης
3268 4185 3368 4247 τὰς
3400 4183 3578 4255 ψυχὰς

2003 4272 2163 4341 ἡμῶν
2210 4272 2542 4341 φιλονεικίας
2583 4273 2717 4344 πρὸς
2762 4274 2851 4326 τὸν
2901 4274 3009 4326 τῶν
3054 4274 3239 4327 κακῶν
3282 4274 3440 4343 ζῆλον
3484 4277 3579 4328 ὑπ·

2001 4366 2329 4435 ενεχθέντες.
2366 4367 2645 4419 Ἐντεῦθεν
2688 4369 3064 4436 ἁσὺγγνωστοι
3106 4369 3203 4438 μὲν
3243 4368 3336 4421 καὶ
3391 4369 3580 4438 πικροὶ

2002 4457 2266 4524 κάθηνται
2295 4458 2402 4509 τῶν
2436 4460 2959 4528 ἀποτυγχανομένων
2991 4459 3304 4525 ἐξετασταὶ,
3335 4458 3580 4530 ἀγνώμο-

325 4557 563 4613 tantum,
592 4553 655 4603 ut
676 4548 908 4613 videtur,
934 4550 1138 4603 malum
1168 4550 1327 4604 nobis
1349 4550 1569 4613 insedit,
1596 4558 1657 4604 ut
1682 4552 1899 4606 ratione

2012 4565 2091 4611 νες
2128 4548 2183 4600 δὲ
2228 4550 2321 4600 καὶ
2369 4549 2652 4618 δυσμενεῖς
2697 4551 2805 4603 τῶν
2849 4552 3296 4621 κατορθουμένων
3346 4552 3572 4621 κριταί·

327 4641 694 4698 destituamur
745 4641 959 4710 magis,
1008 4657 1171 4711 quam
1222 4641 1341 4712 ipsa
1396 4642 1653 4697 animalia
1696 4642 1896 4699 bruta:

327 4732 600 4804 siquidem
623 4733 715 4788 illa
747 4750 869 4803 qua:
898 4742 1027 4789 sunt
1051 4734 1295 4802 ejusdem
1325 4732 1564 4802 generis,
1603 4735 1747 4788 inter
1776 4749 1900 4789 sese

325 4827 755 4890 consociantur,
809 4835 866 4879 at
907 4826 1066 4881 nobis
1111 4824 1518 4880 atrocissimum
1571 4824 1773 4880 bellum
1814 4832 1898 4880 est

326 4918 594 4976 adversus
624 4918 977 4974 domesticos.

361 5208 406 5241 ⁸⁸
425 5205 604 5264 Eccle.
631 5224 709 5274 ιι,
742 5209 829 5263 l7.
911 5208 958 5240 "
981 5208 1148 5262 Amos
1208 5223 1260 5269 γ,
1297 5206 1379 5259 l3.

361 5404 509 5509 ’.(ἷεϐ)
550 5406 619 5461 Ἦ
653 5403 833 5470 αὐτῷ.
863 5405 943 5459 Ita
971 5405 1188 5462 codices
1228 5406 1401 5461 nostri
1431 5419 1644 5459 omnes.
1684 5402 1826 5457 Editi
1861 5404 1894 5475 ἢ

319 5492 509 5531 αυτον.

393 5545 508 5614 (57)
554 5545 659 5599 Ἐν
683 5543 764 5610 τῷ
796 5545 978 5613 καιρῷ
1007 5544 1236 5610 ἐκείνῳ.
1267 5544 1393 5601 llaec
1419 5546 1617 5600 desunt
1644 5545 1699 5598 in
1724 5542 1899 5614 tribus

320 5630 462 5670 mss.
487 5613 710 5685 Legitur
747 5616 913 5671 etiam
943 5617 1003 5683 in
1047 5617 1325 5672 nonnullis
1380 5615 1665 5671 codicibus
1710 5613 1900 5685 καιρὸς

323 5685 774 5763 πονηρῶν-ἐστιν2
965 5754 1019 5763 __
1388 5754 1423 5763 __
1596 5753 1637 5763 _
1659 5753 1691 5763 __
1706 5755 1735 5763 Α
1831 5751 1856 5763 _

392 5753 504 5826 (58)
545 5755 656 5811 Τὸν
701 5756 905 5827 γόμον.
964 5754 1057 5810 Sic
1120 5770 1253 5811 mss.
1303 5754 1541 5811 codices.
1596 5753 1739 5809 Editi
1790 5753 1899 5806 τῶν

1458 5205 1502 5235 ⁸⁷
1526 5202 1724 5259 Ezceb.
1749 5219 1906 5270 χχιιι,
1940 5204 1994 5259 5.

2003 4638 2099 4690 καὶ
2134 4636 2421 4699 τοσοῦτον,
2457 4639 2531 4701 ὡς
2565 4638 2738 4702 ἔοικε,
2780 4639 2840 4691 τὸ
2885 4641 3052 4692 κακὸν
3100 4641 3230 4709 ἡμῖν
3279 4640 3572 4711 ἐνίδρυται,

2000 4727 2142 4781 ὥστε
2187 4729 2279 4781 καὶ
2335 4727 2443 4781 τῶν
2496 4729 2703 4797 ἀλόγων
2753 4730 3054 4799 γεγόναμεν
3106 4728 3430 4799 ἀλογώτεροι
3460 4747 3473 4758 ·
3522 4728 3578 4781 εἴ

2001 4835 2067 4887 γε
2122 4820 2307 4873 ἐκεῖνα
2360 4820 2459 4890 μὲν
2511 4820 2579 4874 τὰ
2633 4820 2877 4890 ὁμόφυλα
2921 4821 3169 4892 ἀλλήλοις
3216 4820 3574 4890 συναγελάζε-

2003 4929 2140 4973 ται,
2190 4914 2322 4982 ἡμῖν
2373 4912 2430 4964 δὲ
2480 4915 2510 4966 ὁ
2556 4913 2934 4983 χαλεπώτατος
2987 4914 3220 4987 πόλεμος
3269 4914 3404 4986 πρὸς
3446 4916 3576 4978 τοὺς

2001 5005 2234 5067 οἰκείους
2268 5004 2404 5059 ἐστί.

1996 5404 2201 5473 γόμων.

2068 5474 2180 5546 (59)
2214 5475 2591 5543 Χριστωνόν.
2647 5474 2739 5530 Sic
2780 5483 2990 5530 veteres
3036 5474 3181 5529 libri.
3250 5472 3392 5528 Editi
3435 5491 3570 5546 χρη-

1998 5544 2187 5685 στῗῖθὶ
2236 5614 2616 5682 Ἀρῤωστίας.
2655 5613 2775 5685 Duo
2811 5610 2982 5685 Regii!
3006 5613 3221 5685 codices
3242 5613 3445 5685 addunt
3465 5612 3572 5666 πά-

2143 5682 2467 5809 Ιῖοιιιιιιιιιιο
2497 5695 2618 5756 post
2650 5684 2779 5741 editi
2814 5683 3163 5754 ὑπαχθέντες.
3181 5683 3408 5741 Codices
3430 5699 3567 5740 mss.

1997 5763 2058 5807 ut
2086 5770 2139 5809 tn
2193 5769 2260 5810 ex
2289 5771 2340 5809 ιι.
