3886 6220
476 412 592 472 227

1711 409 1771 466 S.
1805 409 2046 464 BASILII
2083 408 2300 466 MAGNI

479 531 594 587 sole
628 531 743 596 jam
774 530 924 588 clare
950 529 1326 586 dilucescente
1348 569 1363 596 ,
1405 528 1473 584 ad
1500 542 1666 599 opera
1707 544 2035 585 conversum

2171 531 2320 602 ἡλίου
2353 526 2604 601 καθαρῶς
2636 527 3054 598 διαλάμψαντος,
3087 528 3174 582 ἐπ’
3208 527 3343 600 ἔργα
3381 526 3746 598 τρεπόμενον,

477 622 775 678 comitante
824 622 1028 692 ubique
1076 620 1326 674 oratione
1353 658 1368 684 ,
1426 618 1652 690 hymnis
1696 621 1860 674 etiam
1893 635 2058 690 Opera

477 722 737 782 tanquam
779 713 892 768 sale
929 711 1208 767 condire?
1255 709 1540 780 Siquidem
1579 712 1808 766 hilarem
1855 712 2058 780 jucun-

477 806 712 874 dumque
763 807 958 859 animae
999 806 1428 874 aequabilitatem
1479 805 1807 874 hymnorum
1863 805 2057 859 solatia

477 897 787 952 conferunt.
848 896 1016 962 Quies
1048 898 1213 966 igitur
1247 897 1576 967 principium
1633 897 2056 966 expurgationis

477 987 710 1053 animat,
752 1003 852 1042 nee
911 989 1093 1059 lingua
1158 989 1415 1059 loquente
1448 1002 1536 1042 res
1579 987 1888 1052 humanas,
1957 1001 2058 1042 nec

474 1079 652 1133 oculis
699 1080 905 1135 nitidos
955 1096 1254 1150 corporum
1284 1083 1498 1135 colores
1532 1091 1624 1134 aut
1655 1079 2054 1136 concinnitates

475 1170 1081 1241 circumspicientibus;
1152 1188 1252 1228 nec
1299 1173 1488 1226 auditu
1545 1174 1744 1226 anima:
1814 1172 2051 1241 vigorem

474 1262 810 1318 dissolvcnte
862 1281 958 1334 per
1004 1272 1278 1319 acromata
1338 1267 1625 1318 modorum
1683 1263 1751 1317 ad
1803 1265 2051 1333 volupta-

473 1362 582 1410 tem
635 1357 1087 1427 compositurum,
1145 1365 1238 1411 aut
1285 1373 1380 1427 per
1433 1357 1710 1410 hominum
1750 1356 2049 1412 facetorum

473 1462 540 1504 ac
601 1448 957 1504 ridiculorum
1010 1451 1174 1503 verba
1236 1449 1337 1504 :id
1383 1449 1529 1518 quod
1587 1449 1822 1502 maxime
1877 1448 2048 1501 animi

472 1542 584 1598 vim
642 1541 893 1613 frangere
949 1543 1108 1598 solet.
1161 1542 1314 1598 Mens
1343 1543 1512 1605 enim,
1555 1557 1676 1611 qua:
1729 1541 1794 1596 ad
1827 1550 2052 1596 externa

473 1648 584 1689 non
641 1635 984 1704 dissipatur,
1043 1651 1218 1705 neque
1260 1651 1359 1705 per
1409 1651 1606 1691 sensus
1665 1637 1720 1690 in
1787 1634 2050 1687 mundum

472 1727 801 1783 diffunditur
825 1769 840 1793 ,
877 1728 1016 1782 redit
1085 1728 1305 1796 quidem
1341 1727 1406 1780 ad
1440 1743 1499 1782 se
1541 1728 1695 1797 ipsa;
1727 1742 1823 1796 per
1848 1741 1906 1780 se
1945 1740 2044 1778 auo

471 1829 582 1875 tem
623 1820 690 1873 ad
746 1819 838 1875 Dei
867 1819 1257 1889 cogitationem
1317 1818 1605 1884 ascendit;
1638 1821 1817 1887 {atque
1853 1817 2052 1871 decore

2165 619 2436 690 πανταχοῦ
2481 619 2628 690 αὑτῷ
2670 619 2780 690 (75)
2818 621 2918 691 τῆς
2969 621 3132 691 εὐχῆς
3180 621 3598 692 συμπαρούσης,
3649 621 3749 675 καὶ

2160 713 2271 774 τοῖς
2319 709 2531 780 ὕμνοις,
2587 710 2776 781 ὥσπερ
2826 711 3001 775 ἆλατι,
3050 713 3385 784 παραρτύειν
3430 715 3531 776 τὰς
3576 717 3750 783 ἐργα-

2164 801 2316 864 σίας;
2365 801 2436 853 Τὸ
2483 800 2590 872 γὰρ
2635 801 2816 872 ίλαρδν
2855 804 2948 854 καὶ
2982 803 3185 856 ἄλυπον
3217 806 3316 874 τῆς
3343 804 3521 875 ψυχῆς
3574 804 3747 856 κατα-

2161 908 2341 962 στημα
2375 893 2430 946 αἰ
2460 892 2567 945 τῶν
2607 892 2789 963 ὓμνων
2826 896 3160 967 παρηγορίαι
3191 897 3518 966 χαρίζονται.
3574 897 3743 948 Ἡσυ-

2159 983 2251 1052 χία
2295 979 2388 1037 οὖν
2421 984 2561 1056 ἀρχὴ
2609 985 2929 1056 καθάρσεως
2975 991 3041 1058 τῇ
3087 989 3254 1059 ψυχῇ,
3308 989 3444 1058 μήτε
3488 987 3746 1060 γλώττης

2157 1074 2424 1145 λαλούσης
2472 1077 2541 1128 τὰ
2595 1076 2702 1128 τῶν
2745 1077 3066 1149 ἀνθρώπων,
3121 1081 3258 1149 μήτε
3304 1080 3607 1148 ὀφθαλμῶν
3645 1081 3736 1133 εὑ·

2158 1167 2348 1236 χροίας
2383 1167 2652 1237 σωμάτων
2703 1169 2795 1221 καὶ
2843 1171 3185 1240 συμμετρίας
3234 1172 3742 1241 περισκοπούντων,

2160 1262 2294 1330 μήτε
2325 1259 2494 1330 ἀκοῆς
2525 1259 2617 1312 τὸν
2641 1259 2793 1313 τόνον
2814 1261 2914 1330 τῆς
2939 1261 3113 1331 ψυχῆς
3131 1261 3427 1332 ἐκλυούσης
3446 1264 3504 1314 ἐν
3533 1265 3746 1333 ἀκροά-

2159 1368 2289 1422 μασι
2326 1352 2435 1422 (74)
2487 1353 2663 1423 μελῶν
2717 1354 2854 1424 πρὸς
2902 1353 3090 1425 ἡδονὴν
3142 1356 3545 1425 πεποιημένων,
3599 1358 3740 1426 μήτε

2157 1445 2395 1516 ῥήμασιν
2443 1445 2790 1516 εὐτραπέλων
2834 1448 2929 1500 καὶ
2967 1446 3296 1515 γελο.αστῶν
3337 1447 3666 1519 ἀνθρώπων,
3711 1447 3742 1502 ὃ

2157 1534 2392 1603 μάλιστα
2436 1534 2582 1588 λύειν
2618 1537 2719 1605 τῆς
2761 1537 2938 1605 ψυχῆς
2962 1537 3052 1589 τὸν
3102 1537 3252 1589 τόνον
3302 1537 3532 1605 πέφυκε.
3590 1536 3741 1600 Νοῦς

2156 1625 2254 1695 μὲν
2297 1629 2404 1695 γὰρ
2453 1625 2526 1698 μὴ
2569 1626 2996 1697 σκεδαννύμενος
3043 1627 3134 1680 ἐπὶ
3181 1627 3250 1679 τὰ
3298 1627 3422 1692 ἔξω,
3461 1628 3600 1698 μηδέ
3633 1627 3742 1680 ὑπὸ

2149 1713 2258 1765 τῶν
2288 1715 2655 1786 αἰσθητηρίων
2689 1718 2781 1769 ἐπὶ
2825 1717 2916 1769 τὸν
2958 1717 3159 1788 κόσμον
3201 1717 3550 1788 διαχεόμενος
3597 1717 3736 1788 (75),

2151 1804 2396 1858 ἐπάνεισι
2435 1806 2534 1875 μέν
2580 1808 2714 1880 πρὸς
2746 1809 2968 1862 ἑαυτόνο
3011 1809 3079 1861 δι’
3113 1808 3307 1862 ἐαυτοῦ
3350 1810 3407 1862 δέ
3450 1809 3591 1880 πρὸς
3637 1810 3739 1880 τὴν

470 1911 566 1966 ἱΙΙο
606 1912 880 1966 illustrata
943 1911 1120 1981 ipsius
1177 1911 1342 1965 etiam
1405 1916 1615 1964 natura:
1659 1909 2039 1985 obliviscitur,

2154 1897 2282 1968 περὶ
2317 1897 2452 1950 Θεοῦ
2487 1897 2694 1954 ἔννοιαν
2727 1900 2836 1971 (76)
2869 1901 3180 1954 ἀναὸαίνει·
3224 1901 3462 1970 κάκείνῳ
3494 1899 3574 1968 τῷ
3606 1900 3741 1953 κάλε-

472 2003 704 2071 necjam
743 2002 850 2056 cibi
881 2017 1012 2056 cura
1052 2002 1383 2057 distrahitur
1439 2010 1531 2055 aut
1583 2000 1819 2055 amictus
1849 2000 2026 2055 sollici

471 2093 693 2159 tudine;
766 2093 860 2148 scd
920 2095 1156 2148 terrenis
1207 2096 1356 2150 curis
1409 2109 1618 2157 vacua,
1675 2108 1837 2147 omne
1892 2107 2034 2147 suun

469 2184 711 2238 studium
767 2183 833 2238 ad
876 2193 1082 2239 aeterna
1140 2183 1284 2238 bona
1335 2183 1720 2255 adispisccnda
1753 2182 2053 2247 transfert;

467 2276 742 2346 quomodo
799 2277 948 2331 colat
979 2277 1397 2346 temperantiam
1449 2285 1615 2347 atque
1652 2273 2054 2334 fortitudinem,

466 2369 743 2437 quomodo
769 2368 1037 2437 justitiam
1071 2408 1083 2432 ,
1137 2383 1200 2421 ac
1242 2369 1591 2439 prudentiam
1625 2408 1641 2432 ,
1699 2381 1763 2421 ac
1810 2366 2049 2434 reliquas

468 2460 724 2522 virtutes,
782 2474 924 2528 quae,
973 2459 1076 2513 sub
1135 2456 1250 2512 haec
1285 2473 1487 2527 genera
1542 2456 1873 2517 distributaa,
1933 2451 2048 2507 sin-

469 2549 594 2618 gula
644 2548 903 2602 decenter
956 2547 1010 2600 iu
1058 2545 1166 2601 vita
1203 2547 1512 2618 peragenda
1565 2546 1686 2600 viro
1717 2543 1890 2615 probo
1916 2556 2045 2610 sug-

467 2649 686 2711 gerunt.

2156 1988 2236 2041 λει
2275 1991 2770 2062 περιλαμπόμενος,
2823 1993 2912 2046 καὶ
2955 1993 3126 2062 αὑτῆς
3169 1994 3269 2062 τῆς
3313 1991 3528 2062 φύσεως
3561 1991 3738 2062 λήθην

2156 2081 2453 2152 Λαμϐἁνει·
2495 2085 2631 2155 μήτε
2680 2084 2814 2155 πρὸς
2859 2085 3066 2156 τροφῆς
3108 2083 3382 2155 φροντίδα,
3422 2085 3561 2153 μήτε
3597 2082 3736 2154 πρὸς

2156 2172 2516 2244 περιθολαίων
2585 2174 2854 2245 μέριμναν
2910 2176 3010 2244 τὴν
3063 2173 3241 2244 ψυχὴν
3305 2172 3732 2242 καθελκόμενος,

2155 2261 2291 2316 ἀλλὰ
2323 2262 2518 2334 σχολὴν
2551 2264 2657 2316 ἀπὸ
2685 2264 2790 2318 τῶν
2833 2264 3034 2335 γηίνων
3076 2263 3368 2333 φροντίδων
3413 2263 3585 2330 ἄγων,
3634 2261 3735 2332 τὴν

2157 2355 2336 2408 πᾶσαν
2387 2356 2580 2408 ἐαυτοῦ
2633 2356 2746 2427 (77)
2798 2355 3031 2427 σπουδὴν
3086 2357 3177 2409 ἐπὶ
3231 2357 3329 2426 τὴν
3376 2355 3571 2424 κτῆσιν
3623 2353 3733 2404 τῶν

2156 2445 2387 2497 αἰωνίων
2435 2445 2654 2512 ἀγαθῶν
2703 2445 3052 2516 μετατίθησι·
3109 2444 3226 2508 πῶς
3275 2446 3372 2514 μὲν
3407 2442 3732 2516 κατορθωθῇ

2150 2533 2351 2604 αὑτῴή
2376 2534 2693 2605 σωφροσύνη
2717 2536 2810 2587 καὶ
2833 2537 2865 2606 ἡ
2886 2534 3093 2605 ἀνδρία·
3130 2534 3245 2596 πῶς
3272 2535 3326 2586 δὲ
3353 2535 3385 2604 ἡ
3414 2532 3732 2601 δικαιοσύνη

2148 2627 2241 2678 καὶ
2256 2630 2288 2696 ἡ
2310 2627 2588 2697 φρόνησις,
2609 2629 2699 2680 καί⁵
2712 2630 2768 2681 αί
2785 2627 2966 2680 λοιπαὶ
2983 2627 3194 2698 ἀρεταὶ,
3212 2627 3332 2680 ὅσαι
3349 2630 3467 2689 ταῖς
3485 2628 3731 2694 γενικαῐς

463 2733 690 2796 ταύταις
723 2732 1222 2804 ὑποδιαιρούμεναι,
1255 2732 1604 2805 καθηκόντως
1641 2732 1848 2784 ἕκαστα
1867 2727 1977 2798 (78)
2017 2722 2282 2778 ἐπιτελεῖν
2307 2723 2416 2776 τῶν
2444 2724 2588 2777 κατὰ
2617 2723 2709 2776 τὸν
2745 2723 2856 2793 βίον
2887 2722 3244 2777 ὑποϐάλλουσι
3267 2722 3346 2793 τῷ
3377 2722 3675 2794 σπουδαίῳ.

535 2827 587 2879 3.
651 2826 882 2880 Maxima
928 2837 1108 2882 autem
1138 2830 1226 2882 via
1279 2829 1345 2883 ad
1383 2828 1542 2882 ollicii
1570 2827 2040 2896 investigationem

465 2925 632 2973 estet
672 2917 1086 2990 Scripturarum
1145 2921 1409 2976 divinitus
1465 2920 1853 2989 inspiratarmu
1928 2931 2044 2970 me-

465 3009 681 3066 ditatio.
733 3010 792 3065 In
845 3012 929 3066 his
991 3013 1140 3066 enim
1197 3021 1251 3068 cl
1290 3027 1473 3067 rerum
1539 3013 1869 3081 agendarum
1908 3021 2044 3078 psce-

466 3109 623 3170 cepta
681 3103 1076 3170 reperiuntur,
1138 3112 1192 3158 et
1252 3104 1537 3157 beatorum
1621 3101 1906 3154 hominum
1955 3114 2044 3153 res

465 3198 628 3260 gesta:
685 3191 883 3247 litteris
946 3193 1208 3256 traditae,
1269 3195 1438 3247 veluti
1495 3193 1737 3246 animata
1795 3191 2046 3260 quaedam

463 3283 589 3336 vita:
617 3284 915 3337 secundum
945 3284 1112 3339 Deum
1150 3286 1412 3340 instituta:
1458 3286 1753 3338 simulacra
1780 3321 1796 3345 ,
1833 3283 1899 3336 ad
1959 3281 2049 3334 bo-

465 3387 660 3428 norum
694 3378 1298 3445 operumimitatimnem
1324 3384 1718 3447 proponuntur.
1752 3375 1827 3428 Ac
1859 3375 2044 3444 proin.

463 3460 534 3517 de
585 3478 910 3534 quacunque
963 3467 1067 3538 73
1118 3468 1171 3521 in
1243 3482 1303 3521 re
1352 3469 1584 3536 quisque
1632 3466 1890 3520 mendose
1923 3481 2046 3522 sese

465 3553 586 3624 ipse
644 3555 847 3610 habere
887 3559 1168 3624 senserit;
1219 3559 1273 3612 in
1308 3559 1454 3612 illam
1509 3557 1868 3612 imitationem
1903 3561 2046 3611 assi-

463 3645 572 3701 due
635 3645 982 3714 incumbens,
1044 3657 1302 3720 tanquam
1363 3665 1428 3704 ex
1484 3649 1761 3704 communi
1808 3648 2042 3717 quadam

463 3739 749 3794 medicinae
777 3740 1013 3807 oflicina,
1041 3744 1347 3813 appositum
1383 3758 1496 3798 suae
1529 3741 1831 3796 inﬁrmitati
1873 3741 2043 3795 medi-

460 3840 776 3886 camentum
831 3833 1058 3888 invenit.
1107 3835 1186 3889 Ac
1247 3835 1518 3890 castitatis
1560 3835 1777 3903 quidem
1833 3843 2043 3886 amator

463 3919 748 3976 historiam
805 3921 1025 3994 Josepni
1079 3924 1299 3978 assidua
1348 3925 1578 3978 lectione
1604 3923 1842 3986 evolvit,
1879 3931 2041 3991 atque

463 4011 534 4066 ab
581 4028 648 4067 eo
692 4015 937 4070 actiones
993 4017 1367 4085 temperantia:
1424 4017 1612 4085 plenas
1663 4015 1877 4080 ediscit,
1929 4030 2036 4068 non

463 4104 638 4158 solum
684 4121 714 4158 a
737 4105 1108 4176 voluptatibus
1147 4107 1518 4159 continentem
1554 4105 1703 4158 illum
1738 4105 2035 4173 reperiens,

462 4190 561 4248 sed
627 4193 794 4247 etiam
872 4195 1061 4248 habitu
1126 4195 1180 4248 in
1242 4195 1447 4248 virtute
1513 4195 1749 4246 firmum.
1801 4190 2041 4245 FOI‘lllll-

462 4282 644 4338 dinem
704 4299 832 4340 vero
891 4287 1054 4340 discit
1110 4300 1141 4339 a
1178 4285 1340 4352 Jobo,
1376 4286 1506 4355 qui,
1541 4286 1706 4340 rebus
1738 4286 1854 4340 suis
1888 4292 2035 4340 retro

463 4373 782 4443 sublapsis,
847 4391 911 4430 ac
971 4391 1138 4446 egens
1188 4393 1254 4431 ex
1280 4377 1450 4432 divite
1483 4416 1498 4441 ,
1550 4378 1720 4432 orbus
1778 4391 1845 4431 ex
1915 4377 2035 4445 pul-

2220 2820 2272 2874 5.
2306 2820 2551 2892 Μεγίστη
2579 2821 2635 2873 δὲ
2663 2820 2782 2884 ὁδὸς
2825 2820 2959 2891 πρὸς
2992 2821 3092 2892 τὴν
3130 2820 3222 2874 τοῦ
3268 2821 3605 2891 καθήκοντος
3644 2819 3732 2872 εῦ-

2155 2927 2300 2982 ρεσιν
2343 2912 2438 2963 καὶ
2482 2913 2514 2981 ἡ
2553 2910 2748 2980 μελέτη
2786 2909 2892 2962 τῶν
2929 2910 3296 2963 θεοπνεύστων
3337 2909 3592 2982 Γραφῶν.
3645 2910 3730 2962 Ἐν

2150 3004 2374 3066 ταύταις
2389 3004 2497 3075 γὰρ
2531 3005 2623 3057 καὶ
2654 3005 2709 3058 αἱ
2740 3004 2848 3057 τῶν
2883 3003 3133 3075 πράξεων
3157 3002 3426 3073 ὑποθῆκαι
3452 3003 3732 3073 εὑρίσκονο

2151 3111 2261 3154 ται,
2289 3099 2381 3148 καὶ
2411 3097 2459 3148 οἰ
2499 3095 2600 3164 βίοι
2639 3095 2746 3149 τῶν
2800 3095 3081 3168 μακαρίων
3124 3095 3332 3166 ἀνδρῶν
3382 3097 3728 3168 ἀνάγραπτοι

2152 3186 2595 3256 παραδεδομένοι,
2639 3181 2748 3240 οἷον
2793 3187 3000 3249 εἰκόνες
3031 3187 3174 3250 τινὲς
3213 3187 3444 3258 ἐμψυχοι
3482 3187 3587 3257 τῆς
3630 3205 3730 3240 κα·

2147 3277 2216 3329 τὰ
2243 3276 2374 3329 Θεὸν
2411 3277 2702 3340 πολιτείας,
2757 3276 2832 3347 τῷ
2895 3280 3174 3350 μιμήματι
3229 3279 3336 3331 τῶν
3375 3277 3598 3346 ἀγαθῶν
3639 3278 3731 3349 ἔρ-

2147 3385 2259 3437 γων
2285 3369 2616 3440 πρόκεινται.
2649 3370 2758 3423 Καὶ
2772 3371 2949 3424 τοίνυν
2970 3387 3036 3423 πε
3045 3373 3098 3443 ρὶ
3121 3373 3258 3443 ὅπερ
3280 3372 3344 3424 ἂν
3365 3373 3596 3435 ἕκαστος
3613 3371 3726 3441 (79)

2147 3460 2341 3522 ἐνδεῶς
2366 3461 2579 3531 ἔχοντος
2619 3462 2811 3515 ἐαυτοῦ
2851 3464 3195 3536 αἰσθάνηται,
3242 3464 3435 3534 ἐκείνῳ
3465 3465 3730 3536 προσδια·

2144 3555 2364 3622 τρίϐων,
2397 3551 2508 3609 οἷον
2550 3555 2656 3609 ἀπό
2704 3575 2848 3621 τινος
2883 3556 3063 3610 κοινοῦ
3095 3558 3351 3628 ἰατρείου,
3376 3557 3439 3609 τὸ
3478 3557 3726 3626 πρόσφο-

2149 3663 2238 3718 ρον
2267 3647 2606 3717 εὑρίσκειτῷ
2636 3649 3026 3718 ἀρῤωστήμοίτι
3077 3646 3386 3716 φάρμακον.
3425 3645 3534 3697 Καὶ
3561 3645 3589 3696 ό
3623 3644 3726 3712 μὲν

2144 3737 2379 3808 ἐραστὴς
2406 3737 2505 3806 τῆς
2533 3737 2884 3807 σαοφροσύνης
2907 3737 3001 3808 τὴν
3029 3737 3156 3809 περὶ
3185 3737 3278 3790 τοῦ
3329 3737 3528 3806 Ἰωσὴφ
3575 3738 3723 3789 ίστο-

2144 3828 2265 3899 ρίαν
2301 3830 2535 3899 συνεχῶς
2575 3829 2864 3890 ἀνελίσσει,
2897 3829 2991 3882 καὶ
3023 3829 3150 3898 παρ’
3179 3827 3342 3882 αὑτοῦ
3369 3827 3466 3890 τὰς
3505 3844 3725 3898 σωφρο-

2141 3917 2294 3982 νικὰς
2323 3919 2694 3972 ἐκδιδάσκεται
2723 3920 2970 3990 πράξεις,
3003 3920 3273 3990 εὑρίσκων
3312 3919 3472 3972 αὑτὸν
3513 3919 3575 3970 οὑ
3616 3918 3720 3988 μό-

2140 4027 2228 4062 νον
2271 4011 2553 4080 ἐγκρατῶς
2585 4011 2719 4082 πρὸς
2757 4011 2950 4082 ἡδονὰς
2974 4011 3185 4082 ἔχοντα,
3229 4010 3366 4063 ἀλλὰ
3407 4009 3504 4062 καὶ
3563 4011 3718 4062 ἐκτισ-

2141 4101 2251 4163 κῶς
2287 4101 2422 4170 πρὸς
2453 4102 2651 4172 ἀρετὴν
2686 4101 3054 4171 διακείμενον·
3105 4101 3324 4171 ἀνδρίαν
3376 4100 3431 4152 δὲ
3465 4100 3720 4153 παιδεύε-

2138 4208 2224 4244 ται
2255 4192 2402 4264 παρα
2424 4191 2515 4245 τοῦ
2544 4197 2560 4262 (
2567 4192 2654 4263 80)
2685 4193 2824 4252 Ίὼὸ,
2855 4193 2914 4256 ὃς
2933 4193 2993 4246 οὑ
3025 4193 3205 4262 μόνον,
3230 4192 3364 4263 πρὸς
3399 4193 3465 4246 τὰ
3497 4193 3720 4248 ἐναντία

2137 4299 2229 4336 του
2279 4283 2393 4353 βίου
2446 4288 2842 4354 μεταπεσόντος
2894 4284 3074 4354 αὑτῷ,
3129 4285 3296 4354 πένης
3343 4285 3408 4336 ἐκ
3454 4296 3718 4339 πλουσίου

2138 4376 2232 4428 καὶ
2265 4376 2431 4438 ἄπαις
2465 4378 2572 4430 ἀπὸ
2601 4376 2950 4439 καλλίπαιδος
2997 4379 3053 4429 ἐν
3091 4369 3190 4446 μιᾷ
3219 4373 3410 4446 καιροῦ
3454 4378 3593 4447 ῥοπῇ
3621 4393 3719 4444 γε-

462 4464 608 4519 οἰπε
661 4467 830 4534 prolis
891 4477 1112 4536 parente
1167 4470 1428 4537 temporis
1480 4477 1754 4520 momento
1812 4469 2032 4531 factus,

2151 4469 2380 4538 ρόμενος,
2409 4469 2674 4539 διέμεινεν
2712 4473 2740 4523 ὁ
2783 4470 2962 4533 αὑτὸς,
3017 4469 3382 4522 ἀταπείνωτον
3437 4468 3716 4539 πανταχοῦ

461 4571 572 4612 non
628 4556 804 4611 solum
859 4556 997 4612 idem
1029 4559 1348 4627 permansit,
1411 4557 1674 4612 infractos
1703 4559 1872 4610 animi
1903 4574 2031 4613 sen-

461 4661 558 4703 sus
597 4646 800 4716 ubique
852 4647 1132 4713 retinens;
1173 4647 1266 4702 sed
1308 4663 1376 4702 ne
1403 4649 1595 4702 amicis
1623 4647 1840 4716 quidem
1875 4687 1890 4711 ,
1939 4649 2032 4716 qui

460 4738 529 4794 ad
582 4739 974 4794 consolandum
1030 4746 1311 4802 venerant,
1354 4740 1746 4795 insultantibus
1796 4739 2031 4794 etdolo-

459 4843 550 4886 res
606 4830 939 4900 conjunctim
965 4829 1374 4885 intendentibus
1396 4870 1412 4895 ,
1448 4832 1530 4885 ira
1584 4843 1893 4886 commotus
1927 4843 2030 4887 est.

675 4982 864 5064 ᾼῠτῷ.
900 4982 1175 5064 Baliari,
1204 4983 1376 5064 .Mea.,
1407 4984 1536 5039 Cois
1563 5025 1578 5040 .
1614 5001 1842 5054 prunus,
1878 4986 2026 5052 ναι..

458 5059 514 5108 et
542 5053 633 5124 alii
665 5055 867 5124 plures.
898 5053 1039 5124 Editi
1067 5054 1252 5108 αὑτοῦ.

531 5122 643 5194 (74)
667 5122 781 5194 Ἓν
801 5123 1151 5194 ἀκροάμασι.
1179 5127 1270 5180 Sic
1289 5125 1447 5178 iidem
1470 5140 1602 5179 mss.
1629 5125 1868 5180 codices.
1891 5127 2030 5182 Editi

459 5193 518 5246 ἐν
543 5193 830 5266 ἀκροάσει.
862 5195 1068 5250 Ibidem.
1093 5209 1234 5249 unus
1262 5211 1329 5250 ex
1362 5197 1544 5266 Regiis
1577 5198 1634 5247 ἐν
1665 5197 1922 5266 ῥήμασιν.

530 5263 642 5336 (Ῐξ)
671 5266 1078 5336 Διαχεόμενος.
1105 5266 1221 5318 Duo
1255 5281 1386 5320 mss.
1415 5263 1859 5336 διαφορούμενος.

531 5331 944 5403 nomine):
964 5336 1112 5391 Θεοῦ
1141 5336 1402 5390 ἔννοιαν.
1434 5331 1527 5388 Sic
1554 5331 1690 5389 mss.
1715 5349 1858 5389 octo.
1884 5335 2029 5392 Editi

580 5400 680 5475 fro?»
713 5403 848 5475 Θεοῦ
877 5400 1104 5460 ἔννοια-β.
1137 5406 1258 5461 Mox
1287 5407 1418 5461 editi
1454 5406 1934 5475 περιλαμπόμενός
1967 5426 2029 5461 τε

457 5472 557 5545 καί
574 5472 1000 5545 ἐλλαμπόμενος.
1026 5477 1452 5545 Emendavimus
1471 5472 1573 5544 ope
1595 5472 1756 5530 unius
1776 5472 1844 5530 ex
1864 5478 2029 5531 Com-

459 5541 740 5618 befisianis
759 5541 1062 5618 codicibus,
1093 5556 1148 5601 et
1178 5548 1386 5601 codicis
1417 5541 1706 5618 Harlaaani,
1733 5548 1826 5616 qui
1847 5547 2026 5618 prima

459 5627 626 5666 manu
655 5614 866 5679 habuit,
904 5624 962 5668 ut
987 5618 1255 5672 edendum
1291 5616 1633 5671 curavimus.

495 5681 945 5810 ragd'ﬁavfoﬁ;
977 5685 1054 5743 Ita
1084 5689 1258 5753 llarl.,
1295 5686 1464 5744 Coisl.
1507 5687 1718 5756 primus
1755 5695 1809 5745 et
1837 5700 2022 5758 plures

515 5769 575 5808 tt.
692 5760 752 5810 ιιι
782 5771 970 5810 αυτου.

457 5754 575 5808 alii.
609 5754 752 5810 Editi
782 5754 970 5810 αὑτοῦ.

2134 4560 2195 4612 τὸ
2237 4561 2334 4631 τῆς
2377 4560 2552 4631 ψυχῆς
2605 4561 2857 4632 φρόνημα
2912 4561 3228 4624 διασώζωνο
3275 4559 3388 4613 ἀλλ’
3428 4559 3551 4612 οὔτε
3600 4560 3717 4613 τῶν

2135 4649 2299 4719 φίλων
2342 4651 2449 4703 τῶν
2505 4654 2582 4715 εί..
2639 4652 2991 4723 παραμυθίαν
3059 4651 3322 4723 ἡκόντων,
3354 4651 3717 4721 ἐπεμϐαινόν-

2132 4758 2239 4793 των
2268 4741 2413 4812 αὑτῷ
2441 4742 2549 4814 (81)
2583 4743 2675 4796 καὶ
2700 4743 3168 4796 συνεπιτεινόντων
3198 4743 3267 4796 τὰ
3297 4743 3538 4811 ἀλγεινὰ,
3571 4760 3715 4815 παρα

2133 4831 2365 4902 ωξύνθη.
2407 4833 2575 4887 Πάλιν
2617 4834 2832 4887 σκοπῶν
2877 4834 2987 4904 (82)
3034 4851 3117 4898 τις
3164 4834 3282 4898 πῶς
3322 4835 3388 4888 ἂν
3427 4836 3602 4904 πρᾶος
3649 4837 3714 4890 ἐν

2205 4987 2318 5056 (78)
2356 4989 2642 5042 Ἕκαστα.
2678 4987 2791 5042 Duo
2823 5004 2951 5044 mss.
2981 4989 3236 5043 ⁹ἑκαστον.

2204 5059 2661 5131 (79)Α”Ε)ιίιστος.
2718 5061 2910 5131 Editio_
2945 5059 3268 5131 Parisiensis
3323 5058 3472 5131 addit
3521 5058 3705 5131 ἡμῶν.

2132 5132 2274 5208 quod
2311 5128 2464 5182 deest
2499 5132 2554 5182 in
2589 5131 2818 5184 vetustis
2848 5128 3184 5185 editionibus
3221 5140 3276 5185 et
3308 5128 3575 5184 omnibus
3599 5146 3705 5185 no-

2133 5208 2511 5342 ευξὲυῗιῗέιρὰ
2559 5268 2686 5322 τοῦ.
2741 5267 2884 5342 Editi
2932 5268 3085 5342 παρὰ
3119 5267 3218 5338 τῷ,
3270 5269 3706 5340 repugnantibus

2132 5350 2266 5390 mss.
2302 5340 2577 5406 plerisque
2613 5340 2888 5392 omnibus.

2201 5407 2382 5482 (81):)
2392 5407 2530 5474 ὺτῷ.
2567 5407 2770 5464 Vitiose
2796 5409 2850 5463 in
2875 5407 3037 5466 editis
3052 5408 3229 5482 ἐαυτῷ
3245 5421 3434 5465 contra
3455 5409 3701 5464 omnium

2628 5567 2745 5618 τις.
2778 5548 2938 5606 Deest
2967 5551 3156 5606 vocula
3191 5549 3249 5604 in
3276 5546 3702 5618 codicibus)“-

2129 5616 2319 5690 dicazo,
2353 5617 2508 5675 Harl.
2533 5627 2588 5674 et
2608 5616 2732 5677 aliis
2756 5619 3071 5690 nonnullis;
3110 5635 3219 5678 non
3253 5627 3434 5676 tamen
3465 5620 3522 5675 in
3547 5616 3706 5675 Cois-

2129 5685 2335 5744 liuiano
2365 5690 2566 5759 primo.
