3886 6220
151 407 252 464 ω

1135 417 1630 478 EPISTOLARUM
1669 420 1952 478 CLASSIS
1985 423 2025 479 ἰ.
2070 425 2286 485 EPIST.
2329 429 2390 485 ll.

3297 442 3404 499 230

147 543 324 597 ταυτῳ
353 526 452 581 καὶ
488 529 868 604 μεγαλόθυμος
896 532 1122 602 γένοιτο,
1149 554 1288 590 ωστε
1321 537 1400 608 τῷ
1435 540 1530 609 μὲν
1573 539 1701 609 θυμζ

1829 539 2040 597 Rursus
2081 546 2204 614 quis
2238 553 2493 614 reputans
2527 547 2801 615 quomodo
2840 548 3080 605 clemens
3138 549 3300 606 simul
3345 561 3402 608 et

144 616 283 672 κατὰ
302 618 407 688 τῆς
432 620 714 690 ἁμαρτίας
739 625 1057 696 κεχρῆσθαι,
1102 630 1168 698 τῇ
1209 628 1264 681 δὲ
1292 630 1555 699 πραότητι
1586 631 1723 700 πρὸς

141 709 267 773 τοὺς
327 709 671 783 ἀνθρώπους,
725 715 941 786 εὑρήσει
975 716 1086 785 (85)
1127 718 1218 772 τὸν
1264 720 1427 773 Δαϐὶδ
1477 723 1719 787 γενναῖον

142 801 240 869 μὲν
269 801 328 853 ἐν
356 804 471 864 τοῖς
509 803 650 856 κατά
685 805 916 875 πόλεμον
948 807 1417 882 ἀνδραγαθήμασι,
1455 813 1628 882 πρᾶον
1661 811 1719 864 δὲ

139 891 231 942 καὶ
257 891 519 962 ἀκίνητον
551 894 608 946 ἐν
639 898 757 959 ταῖς
795 896 903 950 τῶν
936 896 1145 968 ἐχθρῶν
1186 900 1503 954 ἀντιδόσεσι.
1539 899 1720 953 Τοιοῦ⁸

137 999 228 1044 τος
260 982 376 1053 (84)
403 987 500 1038 καὶ
529 986 751 1058 Μωσῆς,
794 990 1011 1062 μεγάλῳ
1037 991 1134 1061 μὲν
1160 992 1238 1062 τῷ
1267 993 1422 1065 θυμῷ
1445 996 1586 1049 κατά
1609 997 1716 1050 τῶν

134 1075 218 1136 εἰς
249 1072 387 1127 Θεὸν
429 1076 913 1148 ἐξαμαρτανόντων
956 1082 1377 1154 διανιστάμενος,
1420 1087 1620 1158 πραείᾳ
1658 1087 1717 1140 δὲ

132 1166 203 1235 τῇ
233 1164 385 1236 ψυχῇ
425 1165 526 1230 τὰς
556 1168 676 1222 καθ’
717 1171 908 1225 ἐαυτοῦ
955 1174 1203 1240 διαϐολὰς
1243 1177 1548 1249 ὑποφέρων.
1607 1181 1716 1232 Καὶ

134 1254 443 1325 πανταχοῦ,
467 1255 723 1330 ὥσπεροὶ
749 1259 1045 1332 ζωγράφοι,
1077 1265 1204 1318 ὅταν
1239 1266 1346 1318 ἀπὸ
1382 1267 1603 1320 εἰκόνων
1640 1270 1717 1321 εἰ-

133 1346 301 1408 κόνας
340 1349 596 1420 γράφωσι
630 1350 776 1420 (85),
838 1353 1017 1408 πυκνά
1062 1356 1198 1426 πρὸς
1246 1357 1305 1409 τὸ
1369 1359 1715 1431 παράδειγμα

133 1438 562 1506 ἀποϐλέποντες,
587 1442 676 1496 τὸν
702 1443 906 1498 ἐκεῖθεν
937 1449 1258 1520 χαρακτῆρα
1300 1449 1439 1521 πρὸς
1475 1451 1537 1504 τὸ
1591 1453 1716 1504 ἐαυ-

132 1532 244 1586 τῶν
273 1533 636 1598 σπουδάζουσι
667 1537 975 1606 μεταθεῖναι
1005 1539 1371 1612 φιλοτέχνημα
1394 1559 1407 1573 ο
1453 1542 1595 1596 οὕτω
1634 1544 1715 1597 δεῖ

131 1626 231 1678 καὶ
257 1626 350 1679 τὸν
383 1627 758 1682 ἐσπουδακότα
798 1630 986 1684 ἐαυτὸν
1024 1633 1156 1685 πᾶσι
1209 1638 1321 1697 τοῖς
1372 1635 1562 1706 μέρεσι
1613 1639 1712 1707 τῆς

131 1719 337 1790 ἀρετῆς
368 1721 788 1792 ἀπεργάσασθαι
806 1722 918 1795 (86)
949 1724 1171 1792 τέλειον,
1200 1727 1362 1780 οἱονεὶ¹
1387 1729 1524 1800 πρὸς
1550 1730 1714 1798 ἀγάλ-

134 1812 282 1881 ματά
308 1829 436 1865 τινα
469 1815 762 1884 κινούμενα
793 1815 899 1887 (87)
931 1819 1026 1870 καὶ
1055 1816 1366 1888 ἐμπρακτα,
1405 1821 1531 1883 τοὺς
1562 1819 1710 1890 βίους

1827 635 2207 703 magnanimus
2244 651 2367 692 esse
2418 638 2613 708 possit,
2679 639 2751 692 ita
2788 649 2847 694 ut
2877 641 3062 696 animo
3110 641 3164 696 in
3209 657 3403 712 pecca-

1825 733 1938 780 tum
1972 769 1986 790 ,
2039 728 2328 784 clementia
2390 745 2516 802 erga
2564 731 2812 788 homines
2874 742 3101 802 utatur;
3162 737 3402 790 inveniet

1826 817 2078 873 Davidem
2117 836 2444 890 generosum
2499 823 2715 894 quidem
2768 825 2820 880 in
2877 827 3085 882 bellicis
3147 827 3402 882 facium-i-

1819 909 1972 975 bus,
2016 911 2335 966 clementem
2397 929 2526 969 vero
2595 923 2650 970 et
2722 916 2995 986 placidum
3050 918 3103 972 in
3162 919 3397 973 inimicis

1820 1001 2169 1058 ulciscendis.
2231 1003 2381 1058 Talis
2411 1013 2464 1060 et
2506 1005 2716 1073 Moses,
2778 1007 2982 1077 ingenti
3030 1009 3246 1079 quidem
3307 1011 3397 1064 ille

1821 1093 2004 1147 animo
2068 1093 2124 1148 in
2166 1110 2260 1149 eos
2302 1095 2613 1166 insurgens,
2669 1099 2764 1167 qui
2812 1099 2866 1151 in
2909 1097 3075 1152 Deum
3132 1115 3394 1169 peccave-

1818 1191 1981 1251 rant,
2037 1184 2132 1240 sed
2173 1185 2370 1243 leuiter
2430 1187 2664 1244 inflictas
2705 1189 2806 1244 sibi
2859 1190 3164 1245 calumnias
3217 1193 3396 1261 perfe-

1817 1290 1966 1330 rens.
2018 1277 2096 1330 Ac
2133 1281 2378 1344 omnino,
2416 1287 2474 1332 ut
2514 1278 2753 1348 pictores
2777 1319 2792 1342 ,
2828 1295 2952 1334 cum
3004 1282 3266 1351 imagines
3321 1296 3390 1336 ex

1818 1369 2144 1439 imaginibus
2198 1371 2461 1440 pingunt,
2503 1353 2699 1426 crebro
2757 1370 2826 1425 ad
2886 1373 3161 1442 exemplar
3219 1375 3392 1444 respi-

1817 1460 2073 1525 cientes,
2110 1460 2239 1515 inde
2295 1461 2530 1517 formam
2583 1463 2640 1517 in
2681 1479 2839 1519 suum
2894 1479 3032 1533 opus
3088 1466 3391 1520 transferre

1814 1558 2143 1604 conantur:
2202 1549 2282 1607 sic
2334 1553 2498 1606 etiam
2562 1554 2654 1623 qui
2714 1570 2834 1610 sese
2861 1555 3117 1610 omnibus
3165 1555 3388 1612 virtutis

1813 1643 2060 1711 partibus
2122 1639 2433 1699 absolutum
2485 1645 2749 1713 perﬁcere
2803 1649 3004 1711 studet,
3069 1648 3134 1702 ad
3168 1657 3389 1704 sancto-

1812 1749 1935 1788 rum
1990 1736 2166 1802 vitas,
2223 1738 2373 1792 velut
2420 1736 2489 1790 ad
2539 1739 2832 1792 simulacra
2883 1739 3129 1809 quaedam
3168 1741 3290 1793 viva
3332 1746 3388 1794 et

1813 1839 2037 1885 actuosa
2063 1870 2078 1894 ,
2113 1829 2388 1899 respicere
2431 1829 2593 1886 debet
2620 1870 2635 1896 ,
2684 1840 2737 1886 et
2769 1834 2913 1902 quod
2943 1834 3054 1888 illis
3084 1833 3227 1888 inest
3257 1832 3386 1889 boni

126 1903 240 1956 τῶν
270 1905 446 1972 ἁγίων
477 1905 828 1973 ἀποϐλέπειν,
873 1910 967 1962 καὶ
1019 1909 1081 1962 τὸ
1128 1911 1351 1966 ἐκείνων
1383 1889 1586 1980 ἀγαθὸν
1631 1915 1701 1966 οξ·

1811 1936 1972 1975 suum
2012 1921 2276 1978 imitando
2305 1923 2507 1981 facere.

127 1997 276 2048 κεῖον
307 1997 582 2050 ποιεῖσθαι
613 1998 701 2051 διά
741 2004 1044 2072 μιμήσεως.

198 2088 256 2142 4.
283 2089 460 2159 Εὐχαὶ
493 2091 657 2144 πάλιν
679 2091 778 2155 τὰς
807 2092 1138 2162 ἀναγνώσεις
1174 2094 1548 2166 διαδεχόμεναι
1586 2113 1711 2150 νεαο

130 2179 381 2251 ρωτέραν
414 2181 517 2252 τὴν
549 2183 725 2255 ψυχὴν
773 2185 868 2238 καὶ
906 2186 1270 2257 ἀκμαιοτέραν
1299 2187 1380 2258 τῷ
1414 2189 1550 2260 πρὸς
1579 2189 1710 2243 Θεὸν

129 2271 280 2340 πόθῳ
330 2275 704 2346 κεκινημένην
747 2277 1282 2348 παραλαμϐάνουσιν.
1323 2280 1471 2350 Εὑχὴ
1515 2281 1572 2332 δὲ
1612 2297 1711 2334 κα-

124 2363 192 2434 λὴ
215 2365 250 2433 ἡ
277 2366 485 2435 ἐναργῆ
511 2367 813 2436 ἐμποιοῦσα
831 2368 922 2421 τοῦ
942 2368 1076 2422 Θεοῦ
1099 2369 1304 2423 ἔννοιαν
1323 2374 1388 2444 τῇ
1412 2371 1554 2443 ψυχῇ
1571 2373 1705 2444 (88).

125 2454 238 2506 Καὶ
292 2455 457 2508 τοῦτό
505 2458 619 2510 ἐστι
667 2457 801 2511 Θεοῦ
839 2459 1127 2530 ἐνοίκησις,
1177 2463 1237 2514 τὸ
1287 2462 1376 2516 διὰ
1431 2464 1527 2535 τῆς
1575 2468 1709 2536 μνή-

125 2561 235 2615 μης
272 2547 626 2618 ἐνιδρυμένον
677 2550 819 2621 ἔχειν
871 2553 928 2604 ἐν
992 2553 1168 2624 ἐαυτῷ
1212 2554 1302 2607 τὸν
1349 2555 1497 2609 Θεόν.
1552 2557 1706 2611 Οὕτω

126 2637 392 2707 γινόμεθα
435 2638 565 2703 ναὸς
593 2641 749 2707 Θεοῦ,
785 2643 912 2696 ὅταν
964 2646 1038 2716 μὴ
1091 2646 1336 2716 φροντίσι
1393 2649 1609 2719 γηίναις
1646 2651 1706 2704 τὸ

123 2731 349 2799 συνεχὲς
379 2731 482 2802 τῆς
513 2732 734 2804 μνήμης
768 2734 1146 2808 διακόπτηται,
1197 2739 1328 2808 μηδὲ
1356 2743 1468 2804 τοῖς
1506 2742 1706 2812 ἀπροσ-

121 2823 375 2892 δοκήτοκ
413 2822 646 2877 πάθεσιν
673 2827 700 2877 ὁ
727 2825 852 2891 νοῦς
896 2828 1314 2900 ἐκταράττηται,
1350 2831 1482 2884 ἀλλά
1527 2833 1703 2887 πάντα

124 2914 428 2984 ἀποφυγὼν
476 2918 505 2969 ὁ
546 2917 790 2985 φιλόθεος
837 2919 930 2971 ἐπὶ
978 2919 1108 2974 Θεὸν
1154 2923 1431 2994 ἀναχωρῇ,
1481 2923 1702 2988 ἐξελαύ-

123 3026 229 3061 νων
273 3009 346 3062 τά
412 3009 870 3080 προσκαλούμενα
925 3011 1036 3082 (89)
1087 3013 1250 3066 αὑτὸν
1299 3017 1380 3078 εὶς
1434 3017 1703 3088 ἀκρασίαν

121 3101 290 3172 πάθη,
315 3102 417 3154 καὶ
447 3104 562 3165 τοῖς
601 3103 737 3174 πρὸς
772 3103 973 3175 ἀρετὴν
1016 3105 1239 3173 ἄγουσιν
1276 3107 1702 3180 ἐπιτηδεύμασιν

120 3192 460 3266 ἐνδιατρίϐῃ.

187 3284 243 3340 5.
273 3287 392 3340 Καὶ
432 3285 650 3353 πρῶτόν
686 3304 750 3356 γε
788 3287 1005 3343 πάντων
1061 3291 1378 3357 σπουδάζειν
1433 3295 1700 3366 προσήκει

120 3378 246 3449 περὶ
278 3379 386 3448 τὴν
421 3378 520 3431 τοῦ
557 3379 716 3448 λόγου
759 3383 952 3453 χρῆσιν
985 3384 1057 3454 μὴ
1105 3383 1333 3454 ἀμαθῶς
1378 3385 1538 3456 ἔχειν,
1586 3387 1700 3441 ἀλλ’

122 3467 332 3539 ἐρωτᾷν
398 3470 500 3540 μὲν
563 3471 940 3539 ἀφιλονείκως,
1014 3475 1408 3546 ἀποκρίνεσθαι
1474 3477 1530 3530 δὲ
1608 3480 1702 3532 καὶ

120 3562 462 3632 ἀφιλοτίμως
494 3561 628 3634 (90),
671 3565 744 3636 μὴ
784 3565 1144 3620 διακόπτοντα
1173 3569 1265 3621 τὸν
1312 3569 1701 3640 προσδιαλεγό-

124 3670 301 3722 μενον,
344 3654 476 3707 ὅταν
515 3671 572 3706 τι
629 3657 896 3726 χρήσιμον
942 3657 1094 3732 λέγῃ,
1147 3659 1281 3730 μηδὲ
1329 3661 1700 3732 ἐπιθυμοῦντα

119 3745 205 3798 τὸν
248 3744 450 3799 ἐαυτοῦ
500 3746 656 3815 λόγον
699 3748 1074 3814 ἐπιδεικτικῶς
1117 3753 1540 3824 παρεμϐάλλειν,
1603 3757 1700 3830 μέ-

118 3853 219 3907 τρα
257 3837 515 3908 ὁρίζοντα
546 3837 690 3908 λόγῳ
720 3839 813 3891 καὶ
843 3840 1009 3910 ἀκοῇο
1056 3843 1345 3912 μανθάνειν
1373 3846 1431 3898 δὲ
1473 3848 1701 3902 ἀνεπαιο

120 3927 384 3997 σχύντως,
412 3928 508 3981 καὶ
533 3923 804 3982 διδάσκειν
832 3931 1200 4000 ἀνεπιφθόνως
1221 3950 1234 3964 ·
1261 3936 1354 3989 καὶ
1389 3937 1446 3990 εἴ
1472 3955 1526 3992 τι
1561 3942 1696 4011 παρ’

121 4018 307 4090 ἐτέρου
335 4019 664 4085 δεδίδακται,
717 4022 791 4094 μὴ
828 4024 1185 4094 ἐπικρύπτειν
1240 4027 1348 4097 (9|)
1396 4029 1584 4104 ὥσπερ
1638 4036 1694 4087 αἱ

119 4110 319 4178 φαῦλαι
356 4111 470 4165 τῶν
509 4114 804 4181 γυναικῶν,
847 4117 902 4168 αἱ
949 4117 1016 4171 τὰ
1049 4118 1175 4172 νόθα
1225 4121 1691 4196 ὑποϐαλλόμεναι’

120 4202 248 4256 ἀλλὰ
274 4203 581 4274 κηρύσσειν
613 4207 968 4278 εὐγνωμόνως
1011 4211 1102 4263 τὸν
1144 4213 1353 4282 πατέρα
1387 4214 1480 4268 τοῦ
1509 4217 1690 4286 λόγου.

122 4294 280 4358 Τόνος
341 4295 401 4348 δὲ
457 4297 638 4368 φωνῆς
685 4299 734 4378 όγ
765 4300 925 4368 μέσος
986 4305 1368 4372 προτιμητέος,
1420 4306 1496 4371 ὡς
1557 4309 1692 4380 μήτε

120 4384 432 4455 διαφεύγειν
480 4387 581 4459 τὴν
636 4389 804 4460 ἀκοὴν
837 4391 940 4444 ὑπὸ
980 4395 1357 4466 σμικρότητος,
1395 4398 1528 4468 μήτε
1563 4416 1694 4470 φορ-

122 4475 264 4528 τικὸν
291 4472 435 4530 εἶναι
467 4477 547 4548 τῷ
602 4477 820 4548 μεγέθει
867 4480 966 4551 τῆς
1017 4484 1333 4549 διατάσεως.
1388 4487 1689 4558 Προεξετά-

1877 2099 1933 2154 4.
1985 2099 2186 2156 Preces
2227 2116 2422 2157 rursus
2456 2103 2778 2158 lectionibus
2821 2101 3176 2157 succedentes
3222 2115 3383 2172 vege-

1809 2193 2004 2246 tiorem
2049 2207 2113 2247 ac
2145 2192 2427 2250 fortiorem
2459 2195 2697 2249 animam
2731 2210 2916 2250 amore
2954 2195 3008 2248 in
3037 2193 3204 2249 Deum
3247 2208 3384 2247 con-

1809 2285 2030 2339 citatam
2060 2285 2362 2355 excipiunt.
2400 2285 2494 2342 Est
2535 2294 2713 2340 autem
2743 2287 2920 2340 oratio
2959 2285 3050 2338 illa
3092 2284 3377 2354 praeclara,

1808 2393 1928 2447 qua:
1985 2378 2326 2446 perspicuam
2385 2375 2477 2432 Dei
2512 2376 2790 2432 notionem
2840 2377 3036 2430 anima:
3069 2373 3375 2444 imprimit:

1808 2467 1970 2538 idque
2002 2467 2094 2523 Dei
2131 2467 2454 2523 inliabitatio
2483 2474 2601 2532 est,
2650 2467 2975 2522 insidentem
3007 2466 3155 2519 intus
3208 2463 3376 2517 Deum

1806 2561 2068 2614 memoria
2121 2560 2439 2630 complecti.
2508 2557 2599 2613 Sic
2636 2558 2725 2614 Dei
2765 2558 3030 2613 efficimur
3064 2555 3322 2625 templum
3356 2570 3374 2622 ;

1807 2666 1929 2706 cum
1963 2667 2064 2707 nec
2099 2654 2332 2708 terrenis
2360 2653 2508 2708 curis
2564 2659 2853 2722 perpetuus
2903 2650 3176 2705 memoriae
3219 2656 3378 2702 tenor

1805 2739 2206 2808 interpellatur,
2261 2754 2360 2794 nec
2415 2739 2727 2809 improvisis
2764 2739 3223 2793 commotionibus
3254 2752 3376 2806 per-

1806 2833 2058 2884 turbatur
2113 2831 2426 2885 intellectus
2458 2849 2472 2898 ;
2510 2831 2603 2886 sed
2636 2831 2817 2884 omnia
2861 2831 3073 2898 fugiens
3133 2828 3223 2883 Dei
3257 2829 3376 2882 cul-

1804 2930 1893 2976 tor
1930 2923 1997 2976 ad
2041 2923 2208 2978 Deum
2264 2924 2503 2989 secedit,
2573 2925 2842 2994 repellens
2893 2928 3251 2993 provocantes
3305 2920 3376 2975 ad

1804 3015 2080 3070 libidinem
2128 3014 2442 3071 affectiones
2476 3056 2492 3082 ,
2543 3031 2608 3071 ac
2654 3017 2710 3071 in
2774 3016 2974 3073 studiis
3002 3015 3070 3070 ad
3116 3017 3375 3068 virtutem

1803 3106 2128 3164 ducentibus
2155 3110 2496 3164 immoratur.

1873 3305 1928 3358 5.
1992 3303 2170 3374 Atque
2225 3304 2357 3358 illud
2409 3305 2627 3375 quidem
2692 3303 2962 3376 imprimis
3008 3303 3194 3358 studio
3248 3317 3372 3358 esse

1801 3393 1958 3450 debet
1985 3435 1999 3457 ,
2053 3411 2306 3451 sermone
2351 3401 2475 3450 non
2505 3397 2699 3451 inscite
2735 3398 2810 3449 uti
2841 3435 2857 3459 ,
2907 3396 3002 3450 sed
3037 3397 3374 3466 interrogare

1801 3488 1922 3543 sine
1975 3487 2230 3559 litigandi
2257 3489 2478 3552 studio,
2511 3489 2841 3558 respondere
2871 3489 2990 3542 sine
3023 3487 3322 3542 ambitione
3351 3502 3367 3550 ;

1799 3595 1911 3633 non
1970 3578 2317 3648 interpellare
2349 3579 2749 3643 disserentem,
2787 3579 2833 3632 si
2874 3578 3003 3647 quid
3031 3578 3178 3632 dicat
3210 3577 3370 3643 utile,

1800 3686 1976 3741 neque
2009 3671 2266 3740 cupidum
2314 3685 2435 3725 esse
2477 3671 2680 3740 praprii
2732 3671 3002 3725 sermonis
3049 3669 3375 3725 ostentatio.

1799 3763 1887 3817 nis
1943 3776 2110 3817 causa
2167 3761 2572 3824 interserendi;
2611 3760 2830 3814 modum
2873 3769 3059 3814 tenere
3113 3757 3370 3827 loquendi

1798 3865 1853 3910 et
1903 3855 2159 3910 audiendi
2194 3872 2209 3920 ;
2247 3855 2458 3910 discere
2497 3853 2659 3907 etiam
2711 3854 2830 3908 sine
2885 3851 3234 3914 verecundia,
3271 3850 3372 3906 do-

1798 3964 1922 4004 cere
1972 3949 2267 4004 liberaliter
2290 3989 2305 4014 ,
2348 3963 2448 4003 nec
2491 3948 2773 4001 occultare
2796 3947 2842 4000 si
2873 3943 2979 4016 74
3004 3945 3135 4014 quid
3167 3945 3235 3999 ab
3260 3945 3372 3999 alio

1797 4041 2093 4108 didiceris;
2149 4042 2296 4096 velut
2349 4041 2608 4110 improba:
2645 4040 2901 4093 mulieres
2946 4038 3125 4092 facere
3164 4037 3366 4102 solent,

1797 4148 1916 4202 quae
1970 4132 2190 4202 spurios
2247 4139 2437 4201 partus
2483 4131 2829 4200 subjiciunt;
2870 4131 2963 4184 sed
3001 4136 3155 4199 grato
3183 4130 3368 4185 animo

1796 4233 2075 4294 parentem
2123 4224 2386 4278 doctrinae
2422 4223 2737 4293 prmdicare.
2786 4221 2951 4276 Vocis
3008 4237 3140 4276 vero
3193 4237 3364 4280 sonus

1794 4317 2088 4373 mediocris
2144 4315 2513 4386 praeferendus
2575 4325 2702 4378 est,
2740 4321 2800 4368 ut
2851 4328 2952 4368 nec
2993 4314 3184 4369 exilior
3208 4315 3368 4370 audi-

1795 4417 1908 4464 tum
1955 4409 2366 4481 praeterfugiat,
2421 4423 2522 4462 nec
2568 4407 2736 4461 nimia
2785 4405 3134 4460 contentione
3162 4406 3367 4476 impor-

1791 4509 1959 4555 tunus
2003 4501 2094 4554 sit.
2133 4499 2554 4570 Expendendum
2603 4507 2782 4553 tecum
2837 4498 2988 4566 prius
3032 4497 3163 4567 quid
3193 4499 3365 4552 dictu-

124 4580 287 4620 σαντα
333 4567 392 4620 ἐν
433 4567 614 4638 ἐαυτῷ
649 4569 709 4622 τὸ
741 4569 1125 4643 ῥηθησόμενον,
1171 4574 1314 4628 οὕτω
1343 4577 1686 4648 δημοσιεύειν

1810 4609 1888 4647 'us
1923 4593 2036 4656 sis,
2067 4567 2231 4662 atque
2263 4592 2336 4645 ita
2370 4591 2587 4646 domum
2619 4589 2886 4645 edendum
2920 4597 2972 4644 et
3009 4589 3358 4658 vulgandum.

123 4653 204 4710 τὸν
233 4658 421 4727 λόγον.
453 4660 874 4735 Εὐπροσήγορον
902 4666 959 4717 ἐν
1002 4667 1121 4728 ταῖς
1154 4667 1445 4734 ἐντεύξεσι,
1488 4670 1690 4738 γλυκὺν

150 4860 618 4983 ὑὲἷιὶεῗύρήσει.
654 4858 730 4920 ita
775 4882 906 4922 mss.
961 4885 1175 4925 summo
1215 4886 1508 4932 consensu.
1544 4875 1685 4932 Editi

123 4945 382 5002 ιῡρισκει.

154 5001 300 5126 0384.)
338 5002 631 5071 Τοιοῦτος.
684 5005 829 5061 Editi
879 5007 1085 5065 addunt
1118 5006 1206 5083 ἦν.
1243 5013 1387 5082 quod
1432 5017 1585 5098 deest
1627 5018 1683 5073 in

216 5073 401 5126 lClbllS
431 5072 602 5126 Hart.
637 5076 801 5126 Med..
845 5076 966 5126 Vat.
999 5089 1053 5126 ρι
1086 5091 1320 5126 ηιιειιιιοι-
1358 5083 1538 5126 [ιρσηρ
1588 5085 1683 5126 Ls-

124 5072 401 5158 (iudicibus
431 5072 801 5158 Ha.rl.,ﬂlie.d.,
845 5076 966 5158 γει.
999 5089 1053 5136 et
1086 5072 1320 5152 quatuor
1355 5083 1560 5158 Regiis.
1585 5072 1686 5144 Le;

126 5145 476 5217 giturutainen
502 5147 560 5199 in
585 5145 754 5203 Coisl.
787 5149 983 5217 primo.

191 5211 303 5296 (85)
608 5211 897 5296 τῃᾴφρσὲ.
922 5220 1006 5296 Ita
1021 5218 1171 5296 Harl.
1203 5232 1256 5296 et
1278 5222 1447 5296 Coisl.
1475 5227 1684 5296 primus

127 5283 446 5366 gum-tribus
467 5283 812 5366 aliis—Editi?
839 5288 1161 5366 Parisiensis
1185 5293 1368 5366 εἰκόνα
1391 5283 1679 5366 γράφουσι.

132 5341 453 5440 Euileensis
472 5357 650 5424 prima
675 5366 729 5440 et
756 5341 1684 5440 ῌοκοηεῖοῇξῖἐ’γράξρωῂσιίτίξᾷἶῑῖιίί

135 5424 184 5469 ιιι
205 5424 487 5491 manullis
517 5441 652 5482 mss.
683 5424 887 5491 εἰκόν6ς
915 5430 1118 5484 εἰκόνα.

195 5487 311 5566 (86)⁸
342 5495 831 5566 Ἆπερτάσασθαι.
865 5487 957 5554 Sic
983 5517 1120 5558 mss.
1144 5519 1357 5561 summo
1383 5521 1676 5564 consensu.

137 5548 718 5634 Ειιίιῃιτεερτᾶἆέᾱθᾶἱ.

194 5627 296 5713 (87)
342 5627 687 5713 Ἀῇρᾶιίματᾴ-
704 5655 837 5692 τινα
884 5644 1225 5713 κιζούμενα.
1279 5643 1372 5699 Sic
1412 5645 1680 5706 editiones

139 5698 776 5789 Eljgltgchgn'omuibus
801 5726 933 5768 mss.
961 5698 1141 5769 Editio
1165 5698 1495 5774 parmensis
1511 5698 1681 5789 ἐιῑίὲιὶῖ

142 5777 271 5844 tua
280 5777 629 5844 κοινούμενα.

197 5837 299 5911 (88)
347 5841 424 5914 Τῇ
468 5837 667 5918 ἰψυχῇ.
711 5848 852 5908 Editi
885 5855 941 5910 ἐν
971 5856 1038 5926 τῇ
1070 5855 1234 5929 ψυχῇ.
1272 5856 1590 5932 Ριδαροείιὶο
1622 5865 1675 5919 in

1791 4686 2133 4741 Adeuntibus
2189 4685 2459 4739 affabilem
2493 4699 2616 4740 esse
2643 4690 2882 4754 Oportet,
2934 4690 3100 4752 atque
3155 4682 3210 4736 in
3239 4683 3356 4736 col-

1791 4883 1993 4937 nostris
2018 4890 2141 4935 octo
2175 4897 2308 4937 mss.
2339 4881 2489 4937 deest
2517 4889 2570 4937 et
2595 4882 2650 4936 in
2675 4881 2915 4936 editione
2946 4879 3158 4947 Hagan.
3191 4876 3359 4931 Paulo

1789 4961 1912 5021 post
1942 4954 2072 5008 editi
2102 4952 2246 5023 ἔχειν
2281 4952 2627 5023 ἐνιδρυμένον
2660 4953 2718 5005 ἐν
2749 4951 2914 5021 αὐτῷ.
2953 4947 3184 5003 Codices
3220 4965 3356 5003 mss.

1788 5037 2002 5076 summo
2029 5039 2298 5076 consensu
2332 5031 2389 5076 ut
2427 5024 2478 5076 in
2513 5032 2682 5077 textu.

1857 5092 1982 5166 (89)
2009 5091 2086 5166 Td
2106 5095 2635 5166 νπροσκαλούμενα,
2672 5100 2779 5166 e_t_c.
2810 5090 2996 5166 _Secuti
3028 5102 3222 5166 sumhus
3249 5087 3355 5166 lioc

1786 5157 1907 5216 loco
1944 5157 2339 5216 Coislinianum
2389 5157 2647 5231 primum,
2696 5162 2846 5216 Harl.
2878 5171 2933 5217 et
2963 5161 3100 5231 duos
3131 5157 3349 5231 Regios.

1786 5231 1959 5304 [labet
2004 5234 2168 5287 etiam
2222 5229 2512 5288 Medictcus
2556 5232 2627 5285 τὰ
2669 5230 3120 5304 προσκαλορμ-ενα
3167 5229 3349 5304 αυτόν.

1785 5301 2084 5358 Vaticanus
2115 5313 2168 5357 et
2215 5305 2306 5357 alii
2354 5305 2602 5357 nonnulli
2636 5300 3354 5372 τάπροσκαλούμεναλήμᾶς

1783 5376 1864 5460 εις
1888 5372 2104 5492 κακνίὲν.
2149 5373 2294 5428 Editi
2325 5373 2394 5426 τὰ
2421 5369 2874 5445 προσκαλούμενα
2899 5369 3051 5443 ἡμᾶς
3074 5373 3153 5434 εἰς
3181 5369 3354 5441 ἀκραε

1785 5459 1905 5492 σιαε
1936 5459 2012 5492 πα
2049 5462 2104 5492 η.

1785 5445 1905 5506 σίας
1936 5442 2104 5506 πάθη.

1855 5462 2422 5584 (ὖθῗαῖᾧιλοτίμως.
2465 5513 2556 5568 Sic
2576 5520 2793 5584 _veteres
2825 5511 3093 5567 editiones
3125 5519 3180 5584 et
3213 5523 3346 5564 mss.

1782 5582 1962 5640 Editio
2000 5581 2176 5638 Paris.
2219 5581 2532 5654 φιλοτίμως.
2575 5581 2745 5639 Paulo
2784 5592 2908 5656 post
2958 5583 3266 5638 addidimus
3294 5595 3350 5635 τι

1781 5669 1848 5708 ex
1880 5663 2084 5724 septem
2111 5671 2246 5710 mss.

1853 5722 1963 5793 (91)
1995 5722 2092 5791 Μὴ
2122 5725 2524 5793 ἐπικρύπτειν.
2554 5723 2722 5780 Coisl.
2751 5727 2962 5794 primus
2985 5732 3038 5781 et
3058 5723 3198 5780 Med.
3222 5734 3350 5776 cum

1783 5793 1993 5851 duobus
2027 5795 2210 5867 Regiis
2247 5796 2321 5867 μὴ
2353 5793 2840 5868 ἐπικρυπτόμενον.
