3886 6220
364 339 471 394 955

1677 333 1733 387 S.
1780 331 2022 389 BASILII
2063 333 2278 390 MAGNI

3514 314 3625 370 256

366 456 483 508 sive
512 466 622 506 non
656 448 997 520 (suppeditas
1020 455 1201 503 autem
1233 446 1486 518 pluribus
1518 445 1753 501 militum
1785 446 1939 503 denis

2048 449 2195 519 ριάσι
2232 451 2596 521 στρατιωτῶν,
2623 452 2656 525 ἢ
2686 454 2832 519 ὅσοις
2861 452 3119 526 ἀνδράσιν
3152 455 3361 520 ἐκεῖνος
3385 454 3630 528 παρέσχε

364 545 635 607 millibus,
688 558 854 613 quam
920 548 1055 612 quot
1116 541 1209 595 ille
1265 538 1578 595 hominibus
1632 540 1945 595 necessaria

365 634 873 705 subministrabat),
898 635 992 705 qui
1025 633 1247 704 quidem
1296 631 1458 687 nobis
1497 646 1606 685 non
1639 646 1739 701 pro
1768 631 1947 702 digni-

367 738 479 785 tate
508 729 748 791 .scribis,
803 728 898 782 sed
950 732 1216 782 consueto
1263 739 1435 788 more,
1489 737 1594 779 nec
1648 722 1946 794 quidquam

367 821 609 877 remittis
643 819 711 876 de
741 820 1046 875 litterarum
1087 816 1314 882 studio;
1368 813 1488 878 sed,
1540 822 1601 869 ut
1644 815 1724 868 ait
1768 813 1945 878 Plato,

368 917 424 970 in
458 916 577 985 ipsa
619 920 950 985 tempestate
978 927 1043 966 ac
1068 920 1209 967 aestu
1238 911 1611 982 negotiorum,
1640 909 1814 965 veluti
1844 908 1949 965 sub

363 1023 585 1063 murum
635 1007 927 1078 quemdam
967 1005 1209 1059 validum
1251 992 1573 1068 abscedens,
1611 1001 1761 1057 nullo
1789 1015 1948 1071 pror-

365 1115 463 1155 sus
498 1099 738 1153 tumultu
768 1104 951 1153 mente
981 1095 1227 1151 turbaris
1263 1113 1276 1149 :
1311 1094 1421 1149 imo
1450 1110 1553 1149 nec.
1585 1094 1746 1156 alios,
1771 1108 1947 1163 quan-

363 1200 483 1247 tum
511 1192 567 1246 in
598 1198 655 1246 te
676 1200 780 1254 est,
817 1188 1130 1260 perturbari
1164 1188 1324 1244 sinis.
1359 1189 1440 1242 Ac
1471 1202 1561 1243 res
1591 1187 1812 1255 quidem
1836 1193 1948 1240 tua:

362 1286 526 1347 tales,
572 1299 785 1353 magna:
818 1280 1067 1352 profecto
1098 1287 1153 1334 et
1183 1279 1522 1335 admiranda:
1554 1280 1640 1336 bis
1681 1278 1774 1349 qui
1825 1293 1946 1348 per-

365 1378 581 1448 spicere
657 1382 937 1445 possunt;
1018 1373 1129 1444 76
1214 1387 1410 1428 rursus
1484 1380 1665 1427 autem
1726 1370 1949 1426 minime

364 1468 729 1532 admirandas,
780 1468 827 1523 si
872 1466 999 1536 quis
1039 1480 1135 1520 eas
1180 1479 1304 1519 cum
1356 1472 1471 1519 toto
1518 1464 1637 1518 vita:
1696 1464 1948 1519 instituto

365 1552 667 1632 comparet.
694 1558 823 1614 Jam
845 1574 973 1613 vero
1005 1566 1225 1612 nostras
1261 1557 1412 1623 audi,
1443 1571 1567 1627 qua:
1588 1563 1642 1611 et
1666 1555 1947 1610 mirabiles

365 1661 515 1718 sunt,
539 1662 592 1708 et
621 1651 817 1707 merito
836 1650 1007 1705 nobis
1030 1650 1376 1704 acciderunt.

435 1745 487 1797 2.
514 1743 761 1814 Agrestis
791 1742 1012 1813 quidam
1045 1758 1113 1796 ex
1155 1741 1226 1797 iis
1256 1741 1350 1813 qui
1386 1741 1676 1798 nobiscum
1706 1739 1946 1796 Annesis

2046 538 2117 591 τὰ
2146 540 2430 613 ἐπιτήδεια
2452 558 2465 571 ·
2494 542 2555 605 ὃς
2578 559 2642 611 γε
2661 541 2776 595 οὗθ’
2807 544 2940 613 ἡμῖν
2962 543 3070 597 ἀπὸ
3092 541 3187 597 τοῦ
3211 546 3492 615 σχήματος
3517 546 3635 598 ἑπι-

2049 630 2316 696 στέλλεις,
2355 632 2492 686 ἀλλά
2528 634 2622 686 τὸν
2669 633 2897 688 εἰωθότα
2946 636 3173 705 τρόπον’
3220 637 3314 688 καὶ
3350 635 3454 705 τῆς
3501 636 3635 709 περὶ

2046 722 2238 793 λόγους
2278 725 2515 797 σπουδῆς
2561 725 2712 778 οὐδὲν
2758 726 3009 795 ὑφίεσαι·
3060 724 3198 779 ἀλλά
3238 726 3298 779 τὸ
3340 726 3437 779 τοῦ
3484 727 3631 782 Πλάο

2046 833 2234 882 τωνος,
2274 820 2331 873 έν
2379 817 2609 889 χειμῶνι
2668 819 2762 872 καὶ
2805 816 2944 891 ζάλῃ
2980 817 3057 889 (9)
3110 818 3474 889 πραγμάτων,
3517 814 3632 872 οἷον

2048 907 2153 962 ὑπὸ
2173 909 2341 980 τείχει
2370 912 2475 964 τινὶ
2525 910 2776 984 καρτερῷ
2831 910 3092 974 ἀποστὰς,
3138 910 3349 974 οὐδενὸς
3398 910 3629 983 θορύϐου

2046 998 2145 1072 τὴν
2192 998 2370 1072 ψυχὴν
2422 1001 2873 1073 ἀναπίμπλασαιο
2908 1000 3110 1071 μᾶλλον
3151 1000 3209 1053 δὲ
3256 991 3630 1071 οὑδὲέτέρους

2047 1092 2163 1164 ἐᾷς,
2191 1092 2253 1145 τό
2280 1110 2344 1161 γε
2388 1092 2585 1147 σαυτοῦ
2632 1094 2816 1164 μέρος.
2867 1094 2977 1146 Καὶ
3017 1092 3086 1146 τὰ
3120 1092 3222 1163 μὲν
3271 1090 3342 1146 σὰ
3381 1092 3626 1158 τοιαῦτα,

2051 1183 2264 1255 μεγάλα
2288 1185 2383 1237 καὶ
2422 1183 2712 1255 θαυμαστά
2743 1186 2853 1247 τοῖς
2889 1184 3122 1254 συνορᾷν
3152 1182 3496 1254 δυναμένοις.
3533 1184 3627 1241 καὶ

2048 1274 2209 1330 πάλιν
2246 1277 2308 1329 οὐ
2344 1274 2632 1347 Θαυμαστὰ
2659 1274 2736 1346 τῷ
2764 1275 2900 1347 πρὸς
2928 1274 3026 1347 τὴν
3069 1274 3198 1346 ὅλην
3220 1277 3334 1347 (10)
3368 1276 3627 1348 προαιρε.

2049 1383 2132 1420 σιν
2159 1365 2253 1420 τοῦ
2302 1365 2416 1436 βίου
2468 1366 2729 1439 κρίνοντι.
2761 1366 2961 1419 Ἄκουε
3002 1365 3066 1436 δὴ
3105 1367 3200 1419 καὶ
3238 1366 3310 1419 τά
3358 1368 3624 1439 ἡμέτερα,

2048 1458 2327 1531 παράδοξά
2352 1476 2412 1513 τε
2451 1458 2598 1524 ὄντα,
2634 1458 2729 1511 καὶ
2778 1456 3085 1521 ἀκολούθως
3111 1460 3245 1529 ἡμῖν
3272 1458 3624 1513 ἀπαντῶντα.

2117 1737 2174 1795 2.
2212 1736 2377 1808 ’Δνήρ
2405 1753 2488 1800 τις
2520 1737 2776 1809 ἄγροικος
2808 1736 2922 1790 τῶν
2971 1736 3362 1791 συνοικούντων
3408 1736 3625 1807 ἡμῖνιὲνν

365 1842 797 1897 commorantur,
845 1845 1064 1887 mortuo
1099 1831 1305 1888 famulo
1334 1847 1477 1897 meo,
1509 1849 1616 1888 non
1649 1849 1707 1889 se
1733 1832 1939 1904 negotii

2056 1803 2483 1901 ‘Awﬁcotgiiﬂ,
2510 1803 2721 1883 οἰκέτου
2759 1848 2861 1902 μου
2896 1830 3343 1902 τελευτήσαντος,
3385 1803 3464 1881 ού-
3489 1845 3623 1898 συμ-

364 1925 665 1995 quidquam
697 1940 822 1979 cum
871 1924 965 1978 illo
998 1922 1261 1977 habuisse
1301 1921 1459 1986 dixit,
1497 1938 1609 1978 non
1636 1923 1704 1977 ad
1736 1938 1823 1979 me
1852 1937 1946 1977 ac-

366 2017 560 2081 cessit,
605 2030 716 2070 non
768 2021 1109 2084 conquestus
1146 2020 1252 2076 est,
1286 2028 1399 2067 non
1449 2015 1666 2084 rogavit
1700 2021 1760 2069 ut
1791 2030 1821 2068 a
1847 2028 1947 2068 vo-

364 2109 513 2165 lente
542 2108 835 2177 acciperet,
869 2122 980 2161 non
1025 2107 1266 2161 minatus
1294 2115 1380 2161 est
1410 2120 1470 2161 se
1500 2107 1607 2161 vim
1643 2106 1943 2170 facturum,

360 2201 468 2256 nisi
525 2199 843 2270 acciperet;
906 2197 1005 2254 sed
1064 2196 1253 2253 subito
1310 2211 1437 2252 cum
1486 2198 1770 2253 nonnullis
1833 2196 1942 2268 ipsi

360 2290 974 2347 temeritate'similibus
1017 2289 1241 2345 domum
1289 2297 1536 2345 nostram
1568 2290 1793 2355 invasit,
1824 2304 1947 2343 mu-

360 2389 635 2457 lieresque
673 2400 794 2456 qua:
842 2399 964 2439 eam
1007 2382 1394 2439 custodiebant
1439 2381 1761 2438 verberibus
1807 2395 1945 2436 con-

359 2478 525 2541 tudit,
563 2493 627 2531 ac
648 2474 893 2531 etiractis
931 2472 1144 2528 foribus
1166 2472 1477 2542 exportavit
1505 2471 1711 2536 omnia,
1743 2472 1944 2542 partim

362 2571 466 2624 sibi
501 2571 617 2637 ipse
650 2566 895 2637 rapiens,
941 2565 1144 2635 partim
1178 2564 1248 2619 ad
1297 2563 1666 2633 diripiendum
1718 2564 1946 2619 cuilibet

360 2675 692 2733 proponens.
750 2658 961 2726 itaque,
1006 2672 1092 2711 ne.
1121 2663 1401 2711 extremus
1455 2670 1559 2711 nos
1610 2655 1945 2710 inﬁrmitatis

357 2754 631 2819 terminus
659 2752 856 2815 simus,
889 2749 1290 2818 videamurque
1318 2747 1577 2803 omnibus
1607 2745 1674 2801 ad
1710 2747 1943 2818 injurias

360 2846 538 2901 idonei
574 2863 589 2912 ;
643 2845 789 2916 quod
834 2843 1076 2898 studium
1122 2840 1382 2895 omnibus
1424 2839 1633 2895 nostris
1676 2840 1730 2893 in
1777 2841 1943 2896 rebus

356 2938 671 3001 ostendisti,
706 2938 809 2992 hoc
861 2935 1005 2990 idem
1044 2949 1195 2989 nunc
1226 2942 1285 2988 ut
1317 2931 1604 3004 impendas
1642 2933 1859 2988 exorari
1889 2940 1941 2988 te

358 3033 497 3087 sine.
528 3029 645 3083 Hac
675 3029 821 3084 enim
856 3042 963 3081 una
1010 3042 1069 3082 re
1118 3026 1494 3097 tranquillitas
1541 3025 1704 3081 nobis
1754 3040 1939 3081 serve-

357 3136 472 3187 tur,
505 3124 552 3180 si
581 3132 809 3180 strenuo
857 3129 949 3175 tuo
994 3118 1249 3191 prtesidio
1298 3119 1552 3174 instructi
1586 3119 1780 3175 simus.
1813 3116 1936 3172 Eri-

356 3232 484 3271 mus
530 3223 712 3270 autem
762 3212 933 3267 multa
978 3212 1080 3266 hac
1110 3212 1380 3275 contenti,
1421 3212 1468 3267 si
1512 3227 1541 3265 a
1573 3194 1947 3283 pagi-praepo?

355 3304 468 3360 sito
514 3303 969 3375 comprehensus,
1009 3301 1164 3357 brevi
1203 3310 1448 3373 tempore
1500 3303 1556 3357 in
1597 3317 1826 3358 carcere
1850 3303 1939 3357 ἰι-

355 3395 630 3450 cludatur.
678 3395 888 3449 Etenim
928 3409 1037 3448 non
1082 3394 1153 3449 ob
1195 3409 1259 3449 ea
1298 3394 1477 3449 solum
1526 3409 1650 3465 quae
1693 3396 1944 3466 perpessi

356 3501 573 3549 sumus,
604 3484 957 3555 indignamur
989 3500 1021 3534 :-
1042 3483 1139 3540 sed
1176 3483 1232 3538 in
1262 3492 1547 3555 posterum
1579 3486 1748 3541 etiam
1780 3501 1939 3541 secu-

354 3577 521 3631 ritate
549 3575 880 3647 indigemus.

900 3686 1233 3742 EPISTOLA
1271 3686 1381 3741 lV‘.

2045 1922 2255 1976 ὁόλαιόν
2311 1940 2365 1976 τι
2416 1921 2528 1993 (12)
2569 1921 2706 1993 πρὸς
2752 1923 2915 1976 αὑτὸν
2970 1921 3140 1976 εἰπὼν
3192 1915 3507 1993 ἐσχηκέναι,
3563 1919 3621 1972 οὐ

2045 2012 2355 2084 προσελθών
2389 2031 2502 2085 μοι,
2537 2014 2636 2068 οὐκ
2664 2016 3141 2085 ἐπαιτιασάμενος,
3189 2014 3251 2067 ού
3299 2014 3431 2082 παρ’
3475 2012 3622 2066 ἑκόν-

2044 2120 2134 2168 τος
2178 2102 2416 2170 ἀξιώσας
2473 2105 2676 2170 λαϐεῖν,
2732 2105 2833 2158 οὑκ
2884 2106 3187 2178 ἀπειλήσας
3236 2106 3284 2158 εί
3345 2106 3421 2176 μὴ
3471 2102 3623 2157 λάϐοι

2047 2196 2358 2266 βιάσασθαι,
2386 2197 2580 2269 ἀθρόον
2606 2198 2744 2269 μετά
2773 2215 2932 2251 τινων
2965 2196 3166 2268 ὁμοίων
3196 2196 3346 2268 αὐτῷ
3372 2197 3473 2268 τὴν
3493 2196 3624 2249 ἀπόο

2045 2306 2194 2344 νοιαν
2238 2290 2556 2361 ἐπιθέμενος
2602 2291 2758 2362 ἡμῶν
2795 2293 2861 2361 τῇ
2898 2291 3065 2362 οἰκίᾳ,
3111 2289 3183 2343 τά
3225 2308 3285 2342 τε
3326 2289 3529 2358 γύναια
3556 2284 3623 2340 τὰ

2047 2383 2385 2453 φυλάττοντα
2418 2384 2705 2455 συνέτριψε
2734 2385 2971 2446 τύπτων,
3008 2384 3105 2438 κα)⁹
3145 2381 3499 2454 καταρρήξας
3524 2380 3621 2443 τὰς

2047 2476 2236 2551 θύρας,
2264 2476 2591 2549 ἐξεφόρησεν
2621 2478 2855 2539 ᾶπαντα,
2900 2476 2969 2530 τὰ
2999 2476 3098 2547 μὲν
3127 2476 3287 2539 αὐτὸς
3315 2472 3518 2534 λαϐὼν,
3556 2471 3622 2526 τὰ

2044 2569 2101 2622 δὲ
2128 2573 2205 2633 είς
2233 2568 2542 2641 διαρπαγὴν
2575 2572 2687 2632 τοῖς
2736 2568 3079 2640 βουλομένοις
3123 2567 3364 2637 προθείς.
3409 2566 3507 2619 Ἵν⁹
3533 2562 3621 2618 οὖν

2047 2661 2124 2732 μὴ
2146 2664 2174 2714 ’3
2206 2662 2430 2731 ἔσχατος
2476 2662 2601 2732 ὅρος
2647 2663 2807 2733 ἡμεῖς
2850 2661 2952 2731 τῆς
3004 2659 3285 2723 ἀσθενείας
3317 2653 3491 2730 ὦμεν,
3532 2657 3622 2711 καὶ

2044 2754 2208 2806 παντὶ
2246 2753 2485 2823 δόξωμεν
2533 2753 2828 2825 ἐπιτήδειοι
2863 2752 3000 2825 πρὸς
3044 2752 3406 2824 ἐπιχείρησιν,
3452 2751 3521 2822 ἦν
3567 2753 3622 2804 ὲν

2044 2848 2177 2898 πᾶσι
2201 2847 2312 2909 τοῖς
2349 2845 2667 2916 πράγμασιν
2700 2844 2859 2917 ἡμῶν
2888 2838 3128 2915 σπουδὴν
3156 2843 3505 2909 ὲπιδέδειξαι,
3532 2841 3623 2895 καὶ

2042 2934 2138 2989 νῦν
2160 2935 2570 3004 εἰσενέγκασθαι
2592 2936 2993 3009 παρακλήθητι.
3024 2936 3219 2999 Μόνως
3249 2935 3359 3007 γάρ
3385 2934 3454 2988 ἂν
3491 2935 3622 3005 ἡμῖν

2041 3025 2182 3080 οὕτω
2213 3026 2273 3080 τὸ
2304 3027 2594 3098 ἄπραγμον
2632 3029 2876 3093 σὼζοιτο,
2900 3029 2949 3081 εί
2975 3029 3052 3099 τῷ
3074 3027 3152 3098 σῷ
3176 3024 3489 3099 δραστηρίῳ
3515 3023 3622 3095 (15)

2044 3118 2466 3188 συντεταγμένοι
2519 3119 2733 3191 εἴημεν.
2769 3118 2986 3173 Γὲνοιτο
3017 3119 3060 3172 δ’
3111 3119 3177 3174 ἂν
3217 3120 3350 3188 ἡμῖν
3381 3116 3624 3187 ἀρκοῦσα

2040 3210 2187 3282 δίκη,
2211 3212 2281 3276 εί,
2317 3209 2405 3263 διὰ
2431 3209 2524 3264 τοῦ
2559 3211 2845 3283 παγάρχου
2879 3209 2989 3279 (14)
3040 3208 3388 3280 συλληφθεὶς,
3441 3208 3502 3260 ὲν
3547 3198 3625 3278 τῷ

2040 3303 2403 3375 δεσμωτηρίῳ
2438 3302 2642 3376 βραχὺν
2675 3300 3090 3373 κατακλεισθείη
3117 3302 3325 3373 χρόνον.
3372 3300 3486 3353 Καὶ
3516 3297 3625 3372 γὰρ

2022 3397 2141 3467 -ούχ
2166 3396 2308 3468 ὑπὲρ
2331 3390 2406 3449 ὧν
2433 3393 2781 3467 πεπόνθαμεν
2826 3394 3241 3465 ἀγανακτοῦμεν
3277 3393 3460 3464 μόνον,
3492 3389 3625 3446 ἀλλὰ

2044 3488 2139 3540 καὶ
2168 3485 2269 3556 τῆς
2293 3485 2431 3558 πρὸς
2460 3486 2519 3539 τὸ
2545 3486 2731 3539 λοιπὸν
2761 3486 3060 3556 ἀσφαλείας
3082 3484 3336 3556 δεόμεθα.

2608 3684 2954 3741 ΕΠΙΣΤΟΛΙῙ
2991 3690 3061 3742 Δ’.

419 3803 668 3868 Olympio,
715 3801 797 3866 qui
839 3802 969 3852 dona
1006 3802 1230 3861 miserat,
1287 3802 1561 3865 perurbane
1608 3801 1796 3866 gratias
1830 3799 2215 3926 uigilias,
2242 3800 2466 3853 incusum
2495 3800 2627 3865 quod
2671 3800 3058 3853 contubernalem
3097 3815 3237 3851 suam
3275 3797 3561 3863 pauperiem

1016 3969 1274 4040 Olympio.

408 4085 633 4156 Ecquid
663 4085 802 4155 agis,
832 4084 1178 4153 oprteclare,
1211 4084 1307 4154 qui
1341 4085 1573 4139 amicam
1614 4084 1772 4139 nobis
1805 4100 1937 4156 pau-

2677 3968 2988 4037 Ὀλυμπίῳ.

2110 4078 2212 4138 Οἷα
2242 4085 2435 4148 ποιεῖς,
2476 4077 2521 4137 ὦ
2565 4082 2857 4154 θαυμάσιε,
2897 4083 2997 4154 τὴν
3042 4083 3204 4153 φίλην
3235 4084 3370 4155 ἡμῖν
3407 4083 3617 4149 πενίαν,

352 4187 619 4253 pertalcm
649 4185 704 4233 et
734 4177 1092 4247 philosophia:
1118 4177 1389 4231 nutricem
1423 4177 1720 4233 solitudine
1749 4178 1938 4246 expel-

2048 4175 2134 4229 καὶ
2175 4174 2490 4245 φιλοσοφίας
2539 4175 2772 4247 τροφὸν,
2822 4173 2922 4244 τῆς
2968 4174 3223 4244 ἐσχατιᾶς
3264 4174 3618 4241 ἀπελαύνωνς

354 4273 463 4328 lis?
515 4271 770 4325 Arbitror
818 4270 967 4325 cnim
1028 4269 1166 4333 fore,
1218 4276 1279 4323 ut
1333 4269 1451 4339 ipsa
1510 4269 1609 4323 tibi
1657 4269 1932 4337 judicium

2048 4263 2209 4338 Ἱῐμαι
2246 4268 2357 4337 γὰρ
2398 4266 2463 4321 ἄν
2506 4284 2563 4320 σε
2612 4267 2705 4321 καὶ
2760 4266 2984 4338 ἐξούλης
3033 4267 3251 4338 γραφὴν
3300 4266 3393 4320 ὑπ’
3450 4266 3619 4339 αὐτῆς

354 4363 660 4420 intenderet
707 4360 851 4416 unde
892 4359 969 4422 vi,
1019 4360 1067 4415 si
1120 4376 1227 4429 qua
1280 4362 1330 4415 ei
1383 4361 1640 4431 loquendi
1700 4361 1934 4414 facultas

2048 4359 2260 4427 φεύγειν
2303 4359 2438 4430 (15),
2487 4360 2540 4413 εἴ
2580 4377 2663 4423 τις
2705 4360 2843 4430 αὐτῇ
2884 4359 3237 4430 προσγένοιτο
3284 4358 3442 4428 λόγος
3468 4375 3483 4389 ·
3534 4360 3617 4414 ὅτι

424 4506 445 4523 ι
477 4497 624 4551 Alias
654 4493 885 4550 CLXIX.
916 4492 1134 4563 Scripta
1163 4494 1217 4547 in
1248 4509 1491 4549 secessu.

426 4568 500 4639 (9)
543 4567 649 4639 Καὶ
685 4564 859 4639 (adn:
886 4562 1008 4639 Y3“
1048 4562 1110 4618 79"
1152 4565 1281 4639 “(‘3-
1331 4566 1542 4639 pl‘imus
1578 4564 1925 4639 καὶχαλάζῃ,

356 4632 557 4692 Ibidem
596 4635 737 4698 Vat.,
766 4635 936 4689 Coisl.
972 4632 1253 4705 secundus
1299 4632 1353 4687 et
1384 4632 1522 4705 Reg.
1561 4632 1791 4705 uterque
1825 4632 1930 4688 ὑπὸ

352 4708 529 4778 τεῖχός
554 4725 605 4759 τι
635 4705 921 4776 καρτερόν.
972 4703 1141 4778 Paulo
1171 4712 1294 4778 post
1325 4704 1485 4758 iidem
1532 4703 1751 4761 codices
1784 4706 1930 4761 οὕτω

354 4773 588 4849 μεγάλα,
616 4773 856 4849 excepto
863 4785 1050 4849 tamen
1078 4773 1362 4849 Vaticano.

427 4843 539 4919 (10)
577 4843 791 4919 Ἴλζηιῖ.
838 4846 990 4899 Hanc
1038 4860 1225 4919 voce_m
1270 4843 1592 4919 addidimus
1642 4862 1710 4901 ex
1757 4845 1925 4902 Coisl.

355 4914 605 4990 utroque,
638 4917 776 4990 Med.
809 4924 1123 4990 ct‘utroque
1152 4914 1340 4990 Regio.

427 4985 536 5057 (11⁷)
580 4991 682 5042 Ἐν
712 4985 1649 5057 ‘AWﬁO’OthCodexperantiquus
1678 4985 1929 5043 Coilev

365 5061 627 5130 Ἀνήσοιςο
678 5058 819 5130 alius
870 5073 939 5111 ex
971 5056 1160 5113 eadem
1210 5056 1537 5111 bibliotheca
1581 5064 1635 5111 et
1686 5074 1829 5113 unus
1863 5073 1928 5113 ex

354 5129 539 5198 Regiis
574 5133 630 5181 ὲν
674 5129 954 5189 Ἀννίσοις.

427 5195 537 5270 (12)
570 5201 650 5251 Οὐ
678 5196 1143 5270 συμϐόλαιόν-τι.
1175 5195 1579 5270 Deestnegatio
1609 5198 1664 5252 in
1690 5198 1851 5253 editis
1877 5207 1931 5253 et

351 5271 409 5325 in
437 5266 692 5339 pluribus
726 5284 856 5322 mss.
890 5268 1198 5339 codicibus.
1232 5266 1458 5339 Legitur
1486 5270 1538 5323 in
1568 5270 1785 5323 duobus
1807 5271 1929 5323 aliis

350 5353 404 5396 et
430 5336 670 5396 secunda
701 5353 866 5392 manu
897 5339 953 5392 in
1000 5336 1283 5393 llarlarano
1306 5336 1333 5404 ξ
1356 5355 1419 5395 ac
1463 5356 1690 5409 prorsus
1738 5355 1929 5394 ncces-

354 5412 499 5466 saria
522 5410 739 5465 videtur
758 5410 826 5481 ad
846 5409 1334 5481 orationisscriem
1360 5428 1375 5475 ;
1407 5412 1608 5481 quippe
1627 5426 1751 5464 cum
1783 5426 1930 5479 agre-

353 5483 454 5536 stis
489 5482 579 5535 illc
610 5488 737 5534 ante
769 5480 983 5533 facinus
1011 5479 1267 5549 ediderit,
1297 5479 1461 5549 quam
1499 5479 1663 5534 ullam
1694 5481 1929 5549 consilii

351 5554 436 5606 sui
462 5552 915 5621 signiﬁcationem
944 5549 1205 5621 dedisset.
1250 5548 1454 5607 ibidem
1494 5553 1644 5606 dccst
1667 5548 1836 5602 εἰπών
1874 5551 1930 5604 in

352 5620 530 5677 tribus
564 5620 950 5676 vetustissimis
980 5620 1287 5676 codicibus.

423 5694 535 5763 (15)
564 5691 925 5763 Δραστηρίφ.
960 5687 1052 5763 S_ic
1081 5688 1399 5763 [iarlzeanus
1430 5706 1554 5763 cum
1579 5687 1931 5763 chﬁio‘utroc

346 5760 457 5836 que
489 5760 545 5822 et
577 5760 743 5819 Coisl.
787 5760 1050 5816 secundo.
1088 5761 1228 5815 Editi
1270 5760 1622 5833 δικαστηρίῳ.
1668 5760 1775 5816 Sed
1814 5762 1927 5816 haec

2041 4500 2314 4574 posterior
2333 4501 2614 4574 scriptura
2644 4500 2827 4574 minus
2841 4499 3154 4574 probabilis
3178 4513 3332 4574 ;_non
3355 4498 3620 4574 enimju-

2038 4572 2238 4623 dicium
2264 4569 2293 4622 'a
2323 4570 2661 4624 Candidiano
2681 4572 2815 4639 petit
2840 4570 3095 4629 Basilius.
3124 4570 3221 4624 sed
3253 4569 3616 4639 patrocinium

2039 4642 2178 4709 apud
2214 4643 2559 4709 prmpositum
2590 4643 2731 4710 pagi.
2775 4641 3163 4710 conﬁrmatur
3193 4652 3378 4710 nostra
3435 4639 3609 4710 inter-

2042 4704 2272 4781 pretatio
2315 4704 2383 4781 ἐξ
2447 4712 2532 4781 his
2590 4704 2772 4765 i'efbis
2821 4709 3071 4781 Gregorii
3108 4708 3253 4781 Nae.
3314 4709 3465 4763 Orat.
3509 4704 3614 4781 ξε,

2040 4775 2091 4850 p.
2123 4780 2269 4851 441]
2304 4777 2435 4833 Οἶδα
2479 4780 2584 4834 τίνι
2634 4775 2993 4851 ἀπεταξάμῆν
3034 4780 3128 4834 καὶ
3165 4779 3275 4851 τίνᾼι-
3323 4775 3616 4851 συνεταξά-

2203 4850 2324 4974 8ἕίο
2368 4852 2453 4904 cui
2504 4853 2800 4905 renuntiavi
2825 4843 3007 4905 et'c'ui
3058 4867 3139 4904 me
3183 4847 3428 4917 adjunxi.
3484 4843 3617 4899 Vide

2160 4937 2223 4974 en
2269 4937 2319 4975 a.

2036 4927 2319 4976 Addenda.

2110 4992 2221 5060 (14)
2250 4990 2588 5061 Παγάρχου.
2628 4992 2719 5045 Sic
2759 5001 2965 5056 septem
3008 5006 3147 5045 mss.
3185 4986 3425 5041 codices.
3473 4982 3615 5037 Editi

2038 5062 2331 5116 admodum
2362 5063 2623 5117 mendose
2670 5063 2971 5133 πυράρχου.
3008 5061 3069 5113 lii
3119 5067 3295 5133 autem
3348 5071 3614 5125 pagorum

2038 5135 2315 5201 μικροείιὶ
2374 5147 2504 5187 suas
2557 5128 3009 5186 administrandae
3075 5128 3327 5201 niiytaris
3384 5139 3616 5201 annona:

2040 5193 2221 5271 partes
2242 5202 2607 5265 sustinebant,
2640 5211 2698 5255 ut
2729 5211 2874 5271 patct
2900 5217 2963 5255 ex
2995 5197 3118 5271 cod.
3143 5193 3359 5271 Th‘eod;
3384 5196 3477 5271 lib.
3514 5210 3614 5255 vu,

2040 5263 2125 5326 iit.
2164 5274 2217 5335 4,
2260 5275 2361 5342 leg.
2410 5272 2459 5334 1,
2492 5281 2547 5327 et
2587 5263 2681 5327 lib.
2724 5263 2820 5334 in,
2862 5273 2943 5325 tit.
2979 5272 3033 5331 6,
3065 5270 3167 5338 leg.
3219 5265 3289 5342 8._
3317 5263 3471 5319 Unde
3502 5280 3612 5319 non

2038 5344 2236 5396 mirum
2268 5337 2580 5397 si'Basilius
2628 5342 2695 5395 ad
2744 5337 3168 5402 Candidianum,
3208 5337 3364 5402 cujus
3415 5347 3611 5405 magna

2039 5412 2179 5481 apud
2220 5414 2337 5481 pagi
2375 5412 2724 5481 praepositum
2763 5419 2881 5465 erat
2920 5411 3240 5481 auctoritas,
3272 5404 3540 5481 confugit.

2110 5474 2524 5551 (15)’Φὲύίχνεινί.
2578 5481 2743 5535 Miror
2784 5480 3169 5551 tiombeﬁsium
3222 5474 3507 5551 censuisse
3537 5474 3616 5530 le-

2036 5547 2274 5621 gendum
2307 5547 2643 5621 ούφεύγειν,
2679 5565 2804 5604 cum
2827 5558 3016 5603 notum
3044 5550 3117 5603 sit
3146 5556 3201 5602 et
3237 5547 3616 5621 pervulgatum

2038 5616 2260 5694 φεύγειν
2282 5616 2499 5694 γραφήν
2517 5616 2661 5694 idem
2679 5634 2888 5694 sonare
2906 5635 2969 5694 at;
3001 5616 3273 5675 accusari.
3299 5616 3466 5671 Paulo
3491 5620 3617 5687 post

2038 5689 2095 5747 in
2128 5689 2363 5763 quatuor
2400 5689 2533 5749 mss.
2565 5693 2647 5746 ὅτι
2678 5690 2863 5760 Τούτῳ
2895 5689 3012 5760 μέν.

3254 5875 3259 5879 .
3271 5868 3339 5879 ι.-ο
