3886 6220
259 338 376 396 25⁸1

1229 328 2028 398 εριετσιΑιιΠΜ-ιιωιεδιε
2061 333 2105 394 ἰ.
2147 338 2366 397 EPIST.
2443 339 2508 394 v.

3416 345 3527 401 258

261 454 463 526 Τούτῳ
506 457 776 511 συνοικεῖν
813 455 1030 527 εἱλόμην
1071 455 1205 528 ἐγὼ,
1238 456 1333 511 νῦν
1374 457 1472 527 μὲν
1494 456 1587 510 τὸν
1623 458 1845 529 Ζήνωνα

1949 456 2232 513 accederet
2263 476 2275 512 :
2311 456 2472 511 Volui
2497 470 2598 526 ego
2641 470 2767 510 cum
2800 456 2903 511 hoc
2926 455 3146 513 homine
3174 474 3282 513 una
3305 458 3526 532 degere,

262 544 609 610 ἐπαινοῦντι,
656 546 737 612 ὃς,
786 546 1027 617 ναυαγίῳ
1083 548 1261 602 πάντα
1311 547 1601 601 ἀποϐαλὼν
1626 588 1641 610 ,
1696 547 1851 601 οὐδὲν

261 637 497 705 ἀγεννὲς
526 638 857 707 ἐφθέγξατο·
892 640 1029 704 ἀλλ’,
1056 639 1218 709 Εὖγε,
1253 635 1425 699 εἶπεν.
1455 635 1500 694 ὦ
1525 641 1683 712 τύχη,
1724 658 1849 694 συν-

264 727 520 794 ελαύνεις
563 732 680 802 (16)
735 734 884 804 ἡμᾶς
926 735 1007 797 είς
1052 734 1114 787 τὸ
1155 732 1464 806 τριϐώνιον
1514 732 1608 787 νῦν
1654 735 1713 788 δέ
1759 734 1850 787 τὸν

263 820 582 895 Κλεάνθην,
631 824 806 896 μισθῷ
856 825 999 898 ὕδωρ
1037 825 1132 880 τοῦ
1176 827 1412 900 φρέατος
1456 826 1849 889 ἀπαντλοῦντα,

260 912 390 967 ὅθεν
419 916 588 979 αὐτός
614 934 675 969 τε
705 916 875 988 suam,
933 919 1027 972 xui.
1084 921 1199 982 τοῖς
1242 918 1584 983 διδασκάλοις
1623 918 1851 990 μισθοὺς

258 1003 539 1059 ὑπετέλει.
571 1006 675 1059 Τὸν
702 1007 759 1060 δὲ
789 1008 1044 1080 Διογένην
1086 1009 1206 1063 οὐδὲ
1233 1010 1508 1064 ἐπαύσατό
1554 1027 1682 1064 ποτε
1716 1010 1849 1063 θαυ-

262 1094 491 1166 μάζων.
540 1100 655 1162 τοίς
707 1099 858 1169 παρά
910 1099 1011 1169 τῆς
1056 1102 1269 1170 φύσεως
1324 1101 1504 1172 μόνοις
1561 1100 1849 1172 ἀρκεῖσθαι

260 1189 725 1261 φιλοτιμούμενον
746 1207 760 1221 ·
789 1193 869 1255 ὼς
890 1194 983 1246 καὶ
1005 1194 1067 1247 τὸ
1090 1193 1364 1247 κισσύϐιον
1396 1193 1695 1265 ἀπορρῖψαι
1714 1193 1847 1263 (I7),

259 1281 575 1353 ἐπειδήπερ
606 1283 757 1354 παρὰ
782 1283 971 1346 παιδὸς
998 1284 1249 1354 ἐδιδάχθη
1273 1284 1482 1349 κοίλαις
1510 1288 1629 1348 ταῖς
1662 1284 1849 1355 χερσὶν

258 1373 592 1427 ἐπικόπτων
635 1376 830 1429 πίνειν.
860 1375 1043 1428 Ταῦτα
1089 1376 1154 1430 ἄν
1199 1394 1279 1430 σοι
1311 1377 1407 1431 καὶ⁸
1451 1378 1519 1430 τά
1555 1375 1781 1429 τοιαῦτα
1813 1376 1847 1445 ἡ

259 1464 517 1529 σύνοικος
546 1466 706 1538 ἡμῶν
749 1468 862 1537 (18)
902 1470 1060 1522 πενία
1096 1468 1388 1540 μέμψαιτο,
1445 1472 1567 1531 ταῖς
1615 1465 1848 1537 μεγαλο-

254 1555 498 1624 δωρεαῒς
529 1558 892 1624 ἐξοικισθεῖσα
930 1559 1043 1613 νῦν.
1093 1558 1357 1630 Προσθείη
1403 1558 1460 1611 δὲ
1484 1557 1592 1610 ικαὶ
1619 1556 1847 1626 ἀπειλήν

256 1658 414 1696 τινα·
451 1647 561 1709 ὅτι,
590 1648 658 1700 Εἴ
693 1666 752 1702 σε
783 1650 1017 1704 ἐνταῦθα
1061 1652 1220 1704 πάλιν
1261 1649 1503 1721 λάϐοιμι,
1560 1648 1846 1719 Σικελικὴν

257 1735 289 1805 ἢ
329 1738 631 1792 Ἰταλιῶτιν
653 1742 862 1813 τρυφὴν
899 1742 1164 1807 ἀποδείξω
1202 1742 1268 1795 τὰ
1300 1741 1571 1814 πρότεραο
1612 1739 1754 1794 οὕτω
1785 1757 1845 1793 σε

1953 562 2101 601 nunc
2170 547 2391 616 quidem
2471 544 2744 600 Zenonem
2798 546 3093 613 laudante,
3149 550 3245 619 qui
3305 552 3529 608 amissis

1954 634 2243 704 naufragio
2268 634 2528 689 omnibus
2587 633 2723 687 nihil
2782 650 2893 688 non
2952 636 3111 691 virile
3160 639 3379 696 locutus
3419 650 3529 706 est,

1953 727 2070 792 sed,
2097 726 2264 798 Euge,
2288 727 2448 790 dixit,
2480 742 2514 781 o
2545 726 2784 790 fortuna,
2814 728 3014 799 redigis
3036 746 3139 786 nos
3165 732 3235 786 ad
3261 733 3528 789 detritum

1955 819 2177 887 pallium
2211 833 2226 871 :
2256 834 2405 873 nunc
2436 834 2565 873 vero
2598 819 2919 875 Cleanthem
2954 822 3209 878 mercede
3235 839 3432 895 aquam
3459 841 3527 880 ex

1952 923 2117 982 puteo
2172 914 2556 977 haurientem,
2607 917 2754 968 unde
2809 912 2893 967 et'
2925 916 3045 985 ipse
3089 917 3414 981 victitabat,
3474 925 3530 973 et

1952 1005 2230 1075 magistris
2259 1020 2368 1059 aera
2391 1005 2763 1074 persolvebat.
2795 1005 2938 1071 Quin
2963 1014 3019 1061 et
3051 1005 3344 1077 Diogenem
3383 1024 3529 1062 nun-

1949 1114 2115 1169 quam
2144 1099 2441 1155 intermisit
2485 1099 2766 1161 admirari,
2798 1100 2849 1152 id
2875 1100 2985 1154 sibi
3021 1100 3170 1154 laudi
3213 1101 3526 1167 habentem,

1951 1198 2011 1245 ut
2064 1190 2196 1245 solis
2246 1198 2455 1245 natura:
2514 1192 2679 1246 rebus
2732 1198 3024 1247 contentus
3072 1200 3254 1258 esset;
3297 1193 3433 1247 adeo
3466 1199 3529 1247 ut

1950 1282 2206 1352 poculum
2240 1281 2406 1335 etiam
2438 1282 2762 1351 projecerit,
2796 1291 3089 1354 postquam
3121 1298 3152 1337 a
3183 1299 3355 1353 puero
3384 1283 3527 1339 didi—

1949 1376 2024 1430 cit
2077 1376 2228 1429 i-avis
2293 1375 2549 1429 manibus
2611 1375 2885 1432 inclinans
2950 1376 3157 1431 bibere.
3222 1375 3317 1430 His
3370 1384 3423 1432 te
3470 1384 3528 1433 et

1950 1466 2151 1521 talibus
2181 1465 2595 1521 contubernalis
2636 1475 2823 1519 nostra
2872 1467 3192 1530 incusaret,
3226 1481 3374 1521 nunc
3405 1482 3527 1521 ma-

1947 1558 2160 1630 gniﬁcis
2209 1559 2370 1613 donis
2399 1559 2649 1628 expulsa.
2697 1558 2977 1627 Adjiceret
3015 1567 3198 1613 autem
3231 1567 3286 1612 et
3315 1558 3526 1629 aliquid

1947 1652 2222 1705 minarum
2259 1670 2272 1704 :
2316 1650 2374 1703 Si
2399 1649 2487 1704 hic
2518 1657 2571 1705 te
2603 1651 2802 1704 iterum
2831 1649 3268 1720 deprehendero,
3306 1648 3525 1704 Siculas

1949 1752 2043 1797 aut
2092 1743 2306 1796 Italicas
2354 1740 2581 1797 delicias
2636 1742 2818 1811 priora
2870 1742 3151 1796 exstitisse
3190 1741 3522 1794 ostendam:

257 1830 511 1899 ἀκριϐῶς
547 1837 660 1898 τοῖς
698 1839 828 1907 παρ’
875 1837 1117 1907 ἐμαυτῆς
1156 1833 1491 1907 ἀμυνοῦμαι.
1528 1834 1639 1889 Καὶ
1668 1833 1842 1888 ταῦτα

1949 1834 2024 1888 ita
2071 1844 2123 1889 te
2169 1844 2427 1888 accurate
2473 1835 2651 1904 copiis
2696 1834 2830 1890 meis
2884 1833 3143 1889 ulciscar.
3180 1832 3291 1889 Sed
3319 1833 3388 1888 de
3433 1832 3525 1885 his

258 1923 359 1990 μὲν
416 1923 488 1995 δὴ
535 1924 783 1978 τοιαῦτα.
847 1926 1059 1996 Ἤσθην
1113 1927 1170 1979 δὲ
1224 1924 1461 1987 ἀκούσας
1516 1920 1720 1996 ἦρχθαί
1779 1941 1839 1978 σε

254 2014 354 2084 τῆς
405 2017 714 2088 θεραπείας
768 2020 903 2092 ἤδη·
954 2023 1050 2076 καὶ
1082 2020 1311 2091 εὔχομαί
1352 2038 1413 2074 σε
1461 2021 1569 2091 (I9)
1615 2020 1840 2075 ὄνασθαι

253 2106 452 2176 αὐτῆς.
484 2109 696 2180 Πρέποι
722 2110 768 2164 δ’
794 2109 860 2165 ἂν
885 2113 951 2183 τῇ
994 2112 1113 2184 ἱερᾷ
1149 2128 1243 2165 σου
1274 2112 1419 2182 ψυχῇ
1472 2110 1840 2181 ἀλυποςὺπη-

254 2198 417 2269 ρεσία
440 2198 717 2269 σώματος.

824 2359 1171 2415 ΕΠΙΣΤΟΔΗ
1207 2356 1282 2416 E'.

1950 1926 2236 1981 hactenus.
2292 1925 2532 1981 Gavisus
2596 1934 2783 1980 autem
2839 1941 3001 1992 sum,
3057 1940 3183 1980 cum
3234 1924 3417 1980 audivi
3472 1934 3526 1977 te

1942 2018 2056 2087 jam
2110 2018 2354 2072 remedia
2406 2032 2726 2088 aggressum
2773 2032 2944 2082 esse;
3003 2025 3168 2087 teque
3211 2017 3297 2072 his
3340 2016 3525 2087 iuvari

1947 2123 2161 2178 precor.
2184 2109 2371 2163 Sacra:
2391 2109 2496 2179 77
2515 2116 2696 2163 autem
2721 2117 2830 2163 tua;
2858 2109 3058 2163 animae
3086 2109 3405 2164 convenerit
3421 2109 3525 2162 sol-

1947 2199 2294 2255 licitudinum
2322 2210 2379 2256 et
2406 2201 2783 2256 molestiarum
2801 2216 2999 2272 expers
3015 2203 3267 2272 corporis
3286 2203 3519 2257 curatio.

2496 2351 2831 2411 EPISTOLA
2866 2354 2954 2414 Ψ.

1121 2499 1405 2551 Consolatur
1428 2493 1713 2549 Nacta-itm
1734 2493 1945 2547 Basilius
1965 2492 2097 2546 unici
2119 2492 2217 2561 ﬁlii
2237 2500 2391 2545 morte
2410 2491 2657 2561 amictum.

568 2622 871 2693 Νεκταριῳ
905 2626 1355 2696 παραμυθητική
1392 2627 1525 2698 (20).

408 2738 588 2793 Οὗπω
606 2734 753 2810 εἶχον
782 2740 971 2812 τρίτην
998 2739 1030 2810 ἢ
1056 2739 1322 2811 τετάρτην
1364 2740 1578 2809 ἡμέραν
1608 2737 1838 2810 πληγεὶς

246 2829 341 2884 ἐπὶ
366 2834 437 2903 τῇ
472 2832 612 2902 ἀκοῇ
633 2831 727 2884 τοῦ
755 2832 1027 2903 ἀφορήτου
1058 2832 1279 2895 πάθους.
1316 2834 1409 2885 καὶ
1434 2831 1513 2886 ἐτι
1540 2830 1838 2902 ἀμφίϐολος

249 2916 344 2983 ὢν,
376 2919 475 2973 διὰ
497 2921 563 2972 τὸ
592 2920 727 2990 μηδὲ
763 2920 947 2988 σαφῶς
966 2920 1256 2991 δυνηθῆναι
1282 2923 1414 2991 ἡμῖν
1449 2920 1557 2974 τῶν
1597 2920 1839 2992 ἀνιαρῶν

247 3007 338 3062 τὸν
392 3008 647 3081 μηνυτὴν
681 3009 744 3061 τὸ
783 3009 996 3080 συμϐἀν
1049 3009 1429 3080 διηγήσασθαι,
1475 3010 1568 3063 καὶ
1617 3010 1695 3081 τῷ
1720 3009 1833 3080 (21)

247 3100 591 3171 ἀπεύχεσθαι
657 3100 831 3172 ἀληθῆ
907 3097 1081 3164 εἶναι,
1171 3101 1627 3174 δυσπαραδέκτως
1693 3100 1833 3172 ἔχων

245 3193 384 3264 πρὸς
404 3193 482 3247 τά
521 3192 920 3265 θρυλλούμενα,
974 3193 1240 3267 ἐδεξάμην
1287 3196 1519 3266 γράμμα
1563 3193 1659 3248 τοῦ
1711 3197 1833 3248 ἐπι-

248 3285 457 3338 πόπου
486 3286 735 3357 ἀκριϐῶς
784 3289 1042 3357 σημαῖνον
1090 3289 1192 3357 τὴν
1240 3287 1522 3357 ἀπευκτὴν
1550 3285 1832 3355 ἀγγελίαν.

258 3373 373 3444 Ἐφ’
426 3368 477 3442 ᾧ
532 3377 658 3429 ὅσον
715 3377 811 3447 μὲν
863 3376 1144 3445 ἐστέναξα,
1193 3380 1286 3431 καὶ
1335 3380 1457 3432 ὅσον
1507 3379 1698 3450 ἀφῆκα
1742 3378 1836 3432 δά-

246 3483 434 3540 κρυον,
466 3468 522 3521 τί
557 3469 664 3540 χρὴ
707 3469 801 3522 καὶ
833 3468 1044 3537 λέγεινς
1076 3471 1186 3523 Καὶ
1209 3470 1318 3541 γὰρ
1344 3471 1429 3535 τίς
1459 3469 1604 3525 οὕτω
1636 3469 1835 3535 λίθινος

245 3561 339 3633 τὴν
359 3561 683 3633 καρδίαν,ἢ
722 3561 827 3627 ἐξω
870 3563 1148 3627 παντελῶς
1191 3564 1289 3634 τῆς
1324 3563 1675 3637 ἀνθρωπίνης
1732 3564 1834 3634 φύ-

249 3669 404 3719 σεως,
438 3653 585 3707 ῶστε
624 3653 850 3719 ἀπαθῶς
902 3656 1144 3723 ἐνεγκεῖν
1180 3654 1242 3707 τὸ
1288 3656 1521 3725 συμϐὰν,
1562 3656 1595 3727 ἢ
1626 3656 1833 3727 μετρίῳ

246 3741 405 3794 πάθει
455 3741 572 3811 (22)
612 3741 712 3812 τὴν
761 3741 941 3812 ψυχὴν
999 3740 1443 3812 καταληφθῆναι;
1493 3741 1657 3794 Οτκου
1692 3742 1833 3812 λαμ-

246 3830 382 3900 προῦ
409 3830 658 3901 διαδοχὴ,
690 3830 921 3902 ἔρεισμα
968 3831 1177 3897 γένους,
1224 3830 1483 3901 πατρίδος
1526 3829 1710 3893 ἐλπὶς,
1741 3848 1833 3898 γο-

245 3922 378 3976 νέων
432 3923 677 3977 εὐσεϐῶν
737 3922 1023 3993 βλάστημα
1074 3921 1180 3975 ὑπὸ
1229 3923 1450 3993 μυρίαις
1510 3923 1696 3992 εὐχατς
1745 3926 1830 3976 ἐν-

243 4015 474 4085 τραφὲν,
511 4016 571 4067 ἐν
601 4014 751 4068 αὐτῶ
776 4014 856 4085 τῷ
895 4014 1049 4068 ἄνθει
1095 4014 1195 4084 τῆς
1240 4012 1455 4085 ἡλικίας
1492 4013 1573 4078 δν,
1622 4015 1686 4066 ἐκ
1734 4014 1829 4085 μέ-

246 4120 336 4159 σου
363 4106 483 4177 (95)
508 4105 619 4159 τῶν
648 4105 932 4176 πατρικῶν
982 4105 1178 4176 χειρῶν
1207 4104 1578 4176 ἀναρπασθεὶς
1602 4107 1825 4175 οζχεται.

244 4194 433 4251 ταῦτα
459 4198 626 4251 ποίαν
673 4197 981 4267 ἀδάμαντος
1023 4197 1184 4267 φύσιν
1240 4198 1338 4267 οὐχ
1386 4196 1546 4250 ίκανά
1577 4196 1824 4256 ἐκλῦσαι.

246 4292 335 4345 καὶ
363 4293 450 4355 είς
470 4289 818 4360 συμπάθειαν
842 4290 1102 4358 ἀγαγεῖν;
1152 4289 1319 4342 Ὥστε
1363 4289 1517 4342 οὐδὲν
1563 4289 1726 4360 μέγα,
1773 4290 1823 4341 εί

247 4381 336 4434 καὶ
360 4381 525 4451 ἡμῶν
546 4379 639 4433 διὰ
658 4378 852 4449 βάθους
875 4379 1053 4450 ἥψατο
1090 4379 1152 4432 τὸ
1187 4379 1379 4439 κακὸν.
1432 4377 1739 4449 ὁλοκλήρως
1767 4375 1827 4441 ἐξ

2287 2622 2370 2677 Ad
2413 2620 2727 2676 Nectartum
2783 2622 3164 2678 consolatoria.

2014 2738 2064 2795 Ι.
2104 2734 2356 2792 Nondum
2385 2736 2608 2790 tertium
2648 2742 2741 2789 aut
2783 2745 3037 2806 quartum
3085 2736 3230 2792 diem
3256 2737 3518 2794 traduxe-

1938 2842 2057 2882 ram
2102 2826 2466 2882 intolerabilis
2527 2841 2693 2881 casus
2743 2826 3023 2881 auditione
3069 2829 3400 2898 perculsus;
3462 2839 3520 2886 et

1940 2932 2065 2972 cum
2132 2916 2316 2972 adhuc
2362 2916 2716 2986 ambigerem,
2788 2918 2917 2988 quia
2976 2932 3047 2971 ne
3097 2919 3246 2973 clare
3297 2919 3516 2990 quidem

1939 3013 2193 3076 potuerat
2235 3006 2395 3062 nobis
2435 3007 2681 3062 molesta:
2728 3008 2804 3063 rei
2840 3008 3068 3064 nuntius
3097 3008 3150 3064 id
3182 3010 3331 3080 quod
3370 3013 3518 3067 acci-

1938 3099 2093 3155 derat
2136 3112 2434 3162 enarrare;
2487 3112 2723 3167 cumque
2763 3114 3038 3154 rumorem
3078 3101 3168 3155 vix
3217 3104 3516 3173 reciperem

1939 3189 2068 3260 quia
2102 3187 2300 3244 falsum
2325 3203 2448 3261 esse
2468 3189 2721 3258 Optabam
2746 3208 2760 3255 ;
2790 3191 2982 3260 accepi
3014 3191 3222 3249 litteras
3247 3195 3514 3266 episcopi,

1937 3280 2140 3350 quibus
2181 3288 2439 3335 accurate
2498 3270 2742 3335 infausta
2801 3297 2891 3337 res
2950 3285 3387 3354 signiﬁcabatur.
3453 3289 3516 3344 In

1937 3389 2047 3443 quo
2096 3373 2317 3443 quidem
2371 3382 2638 3441 quantum
2695 3374 3080 3443 ingemuerim,
3134 3388 3516 3452 quantumque

1934 3465 2220 3520 eli'uderiin
2271 3466 2662 3536 Iacrymarum,
2719 3467 2853 3537 quid
2907 3469 3104 3525 attinet
3147 3472 3233 3525 vel
3291 3472 3517 3530 dicere?

1934 3555 2070 3622 Quis
2118 3556 2263 3610 enim
2303 3558 2439 3612 adeo
2481 3558 2648 3612 corde
2692 3559 2930 3628 lapideo,
2984 3572 3076 3616 aut
3142 3564 3368 3620 omnino
3407 3565 3514 3620 hu-

1936 3662 2111 3701 mana;
2153 3655 2364 3703 natura!
2411 3664 2629 3719 expers,
2660 3658 2722 3704 ut
2761 3649 2816 3704 in
2849 3652 3123 3720 ejusmodi
3148 3664 3347 3711 eventu
3377 3659 3515 3714 nihil

1935 3740 2192 3805 patiatur,
2236 3750 2329 3792 aut
2377 3742 2653 3795 modicum
2703 3740 2946 3797 dolorem
3006 3745 3190 3800 animo
3238 3750 3515 3819 accipiat?

1934 3826 2138 3885 Domus
2177 3832 2475 3901 splendidae
2505 3833 2804 3897 successio,
2850 3832 3226 3891 fulcimentum
3268 3843 3509 3908 generis,

1933 3920 2123 3990 patrie
2159 3936 2307 3990 spes,
2359 3931 2646 3991 parentum
2681 3922 2897 3991 piorum
2926 3939 3147 3994 germen
3187 3942 3312 3982 cum
3340 3930 3511 3986 innu—

1932 4015 2097 4069 meris
2146 4014 2286 4069 votis
2315 4015 2632 4079 educatum,
2673 4015 2727 4069 in
2768 4016 2889 4086 ipso
2922 4019 3102 4074 aetatis
3127 4018 3259 4076 flore
3286 4038 3355 4078 ex
3393 4040 3511 4081 me-

1930 4106 2038 4160 diis
2076 4108 2251 4176 patris
2283 4107 2537 4162 manibus
2561 4116 2809 4178 ereptum
2843 4109 2979 4164 abit.
3013 4108 3140 4166 Hec
3169 4128 3334 4183 quam
3369 4116 3507 4171 ada-

1929 4200 2129 4252 mantis
2188 4205 2440 4252 naturam
2500 4214 2611 4253 non
2668 4200 2887 4255 valeant
2945 4202 3279 4269 dissolvere.
3328 4216 3384 4262 et
3436 4211 3506 4266 ad

1928 4289 2459 4345 commiserationem
2492 4291 2799 4347 adducere?
2819 4293 3001 4359 Quare
3024 4295 3158 4351 nihil
3186 4306 3270 4353 est
3300 4301 3503 4371 magni,

1929 4379 1975 4434 si
2020 4387 2074 4434 et
2120 4395 2220 4436 nos
2266 4382 2485 4453 penitus
2533 4384 2636 4438 hoc
2685 4383 3050 4443 infortunium
3095 4392 3351 4460 perculit,
3407 4396 3504 4463 qui

244 4473 416 4545 ἀρχῆς
458 4472 930 4544 προσπεφυκότων
967 4472 1116 4541 ὑμῖν,
1168 4472 1264 4524 καὶ
1302 4471 1401 4534 τάς
1454 4488 1514 4523 τε
1557 4471 1825 4541 εὐφροσύ-

1943 4471 2087 4527 vobis
2126 4487 2355 4542 prorsus
2387 4490 2577 4530 sumus
2605 4476 2673 4529 ab
2709 4476 2867 4534 initio
2908 4479 3154 4547 addicti;
3203 4493 3254 4537 et
3303 4485 3503 4553 gaudia

247 4575 338 4625 νας
360 4561 520 4633 ὑμῶν
548 4562 645 4615 καὶ
665 4562 764 4626 τάς
794 4560 972 4624 λύπας
1017 4561 1154 4624 ἰδίας
1202 4560 1412 4614 ἑαυτῶν
1461 4560 1818 4628 ποιουμένων.

247 4648 501 4721 Καίτοιγε
552 4653 752 4719 ἐδόκει,
799 4654 891 4705 τόν
944 4670 1008 4721 γε
1047 4653 1207 4725 μέχρι
1255 4651 1349 4706 τοῦ
1398 4654 1665 4725 παρόντος
1696 4654 1822 4725 χρό-

247 4757 333 4795 νον
368 4743 509 4813 (24),
562 4744 722 4812 όλίγα
754 4740 892 4797 εἶναι
947 4745 1018 4796 τὰ
1064 4744 1342 4801 λυποῦντα
1391 4746 1557 4816 ὑμᾶς,
1611 4747 1671 4798 ἐν
1700 4748 1816 4810 τοῖς

314 4914 423 4989 (I6)
441 4916 877 4989 _£vre.1a15rstc.
913 4917 1050 4971 Ante
1096 4918 1235 4972 hanc
1278 4932 1466 4973 vocem
1514 4917 1712 4989 legitur
1734 4919 1815 4973 ὅτι

249 4983 301 5037 in
334 4983 547 5039 duobus
574 5002 710 5041 mss.

314 5053 425 5123 (I7)
474 5056 846 5124 Ἀπορῤῒψαι.
888 5055 1066 5110 Editio
1103 5054 1431 5112 Parisiensis
1460 5057 1612 5113 addit
1658 5059 1809 5123 ποτέ,

248 5137 362 5188 qua
387 5139 493 5178 vox
520 5128 676 5180 deest
703 5128 755 5178 in
787 5128 908 5181 aliis
939 5127 1272 5181 editionibns
1300 5134 1355 5182 et
1381 5128 1638 5183 omnibus
1673 5144 1808 5184 mss.

248 5190 410 5265 Paulo
435 5205 559 5263 post
587 5196 902 5249 ἐπικόπτων
942 5197 1140 5264 legitur
1170 5197 1224 5250 in
1267 5199 1444 5250 tribus
1489 5200 1811 5265 antiquissi-

247 5263 669 5336 miscodigihus.
695 5265 867 5336 IIarI..
895 5263 1034 5319 Med.
1051 5275 1105 5321 et
1132 5266 1299 5322 CoisI.
1326 5266 1465 5321 Editi
1496 5263 1804 5336 syxzimwv.

313 5333 677 5404 (ISL'Ilpér.
711 5335 802 5389 Sic
833 5335 1165 5404 Anglicanus
1195 5338 1367 5391 codex
1403 5333 1547 5391 cum'
1569 5339 1719 5391 Harl.
1752 5348 1807 5392 et

313 5352 420 5404 uo;
478 5352 677 5417 ιμέιων.
711 5352 802 5389 διο
833 5352 1165 5458 Anglicanus
1195 5352 1367 5417 codex
1403 5352 1543 5419 cum.
1569 5352 1719 5391 nari.
1752 5352 1807 5392 ct

250 5401 381 5459 led.
413 5402 564 5478 Editr
596 5407 750 5476 ἡμῖν.
788 5406 908 5478 ΔΠιεν
998 5407 1302 5478 elegantius
1346 5407 1500 5461 deest
1530 5422 1586 5461 in
1617 5408 1808 5478 Angli-

248 5488 398 5535 cano,
424 5489 525 5528 nec
552 5474 758 5529 invitus
787 5474 927 5528 hanc
948 5474 1133 5530 vocem
1169 5477 1431 5530 delerem.

312 5544 418 5618 (19)
437 5545 714 5618 βῦχομαι
758 5557 854 5598 σε.
905 5542 996 5599 Sic
1043 5552 1249 5615 septem
1300 5547 1510 5618 antiqui
1559 5547 1799 5605 codices.

249 5609 381 5685 Editi
400 5609 632 5685 εὔχομαί
665 5631 768 5669 σοι.

313 5683 922 5757 (Ξθληαραμυθηςική,
954 5683 1046 5757 Sic
1069 5683 1238 5742 Coisl.
1268 5687 1545 5757 antiquior
1563 5695 1619 5743 et
1647 5688 1800 5747 editi.

251 5752 407 5808 Addit
425 5752 574 5810 Harl.
604 5752 696 5809 ἐπὶ
722 5752 802 5825 τῷ
827 5752 948 5827 υἱῷ.
967 5756 1214 5822 Quatuor
1230 5759 1320 5812 alii
1347 5752 1566 5815 codices
1594 5758 1674 5815 sic
1707 5762 1805 5814 ha-

1925 4573 2106 4618 vestra
2146 4572 2199 4619 et
2235 4567 2515 4622 molestias
2559 4579 2749 4626 nostra
2798 4571 3056 4627 facimus.
3091 4574 3271 4645 Atque
3310 4577 3498 4633 hacte-

1923 4673 2030 4713 nus
2089 4659 2312 4729 quidem
2363 4676 2538 4730 pauca
2593 4678 2719 4720 esse
2787 4665 3120 4721 videbantur
3171 4684 3293 4739 qua;
3343 4671 3499 4728 vobis

1920 4748 2231 4804 molestiam
2290 4751 2571 4820 afferrent,
2631 4755 2740 4809 imo
2808 4757 3071 4827 pleraque
3112 4774 3181 4815 ex
3222 4764 3498 4818 sententia

1917 4924 2053 5004 bent
2073 4946 2083 4981 :
2117 4927 2263 5004 Πρὸς
2285 4929 2584 5004 Νεκτάριον
2616 4934 2708 4987 τὸν
2738 4934 2855 4987 υἱὸν
2881 4931 3243 4997 ἀποϐαλόντα,
3272 4934 3356 4987 Ad
3385 4936 3504 4992 Non

1917 4998 2264 5077 ειαζὶιιπι-ηιιὶ
2297 4998 2485 5077 ﬁliuni
2507 5004 2779 5077 omiserat.

1989 5066 2100 5135 (QI)
2124 5066 2232 5120 και
2250 5066 2347 5132 τῷ.
2381 5070 2471 5124 Sic
2494 5073 2603 5125 duo
2630 5090 2763 5127 mss.
2787 5082 2841 5128 et
2860 5072 3011 5130 Harl.
3036 5073 3274 5129 secunda
3299 5090 3491 5133 manu.

1987 5135 2100 5219 (22)
2156 5139 2383 5219 Μετρζῳ
2432 5142 2623 5219 πείθει.
2686 5142 2945 5197 Nonnulli
3001 5144 3220 5200 codices
3277 5161 3493 5219 μετριο-

1915 5206 2085 5279 ._
2101 5244 2133 5259 ..
2171 5208 2617 5279 καταλειφθῆναι,

1986 5275 2097 5346 (25)
2134 5279 2261 5341 Ὃν,
2291 5278 2360 5329 ἐκ
2395 5275 2609 5354 λιέάου.
2647 5279 2789 5335 Editi
2821 5282 2916 5347 ὢν,
2960 5285 3069 5337 κάκ
3103 5285 3290 5354 μέσου,
3324 5287 3487 5344 Codi-

1911 5360 2231 5468 feslmnges
2270 5363 2406 5403 mss.
2438 5357 2495 5403 ut
2528 5351 2581 5403 in
2629 5360 2801 5415 textu,
2841 5354 2949 5409 nisi
2978 5351 3124 5425 quod
3160 5356 3215 5410 in
3248 5366 3490 5428 quatuor

1930 5430 2010 5468 em
2041 5432 2106 5468 nr
2177 5434 2225 5468 ν.

1930 5424 2106 5486 egitur
2131 5424 2225 5469 ῶν.

1981 5487 2095 5568 (ει)
2131 5488 2240 5567 Τόν
2277 5504 2345 5554 τε
2379 5488 2557 5568 μέχρι
2608 5490 2721 5544 τοῦ
2764 5493 3066 5568 παρέντος
3116 5499 3363 5568 χρόνοη
3388 5497 3484 5568 illa

1910 5553 2080 5636 poisl.
2099 5553 2530 5636 primuan-a'ﬂ.
2558 5569 2614 5636 et
2644 5577 2786 5616 unus
2809 5553 2873 5636 ei
2908 5553 3329 5636 Regiisfilodex
3352 5567 3478 5627 Vat.

1911 5625 2465 5713 ίιιψειέδόκξινμέχρι
2491 5629 2607 5693 τοῦ,
2639 5641 2746 5713 etc.
2800 5625 3032 5700 Quidam
3077 5640 3169 5693 alii
3219 5641 3289 5693 τὰ
3319 5625 3481 5713 μέχρι

2210 5696 2593 5773 limosas...
2624 5696 2841 5773 χρόνούῖ

1980 5772 1995 5789 ⁸
2023 5765 2174 5822 Alias
2205 5766 2580 5826 CLXXXVIII.
2613 5765 2829 5840 scripta
2863 5777 2918 5831 in
2950 5792 3194 5837 secessu.
