3886 6220
350 361 456 418 259

1631 359 1684 413 s.
1728 337 1970 412 BAsuL'u
2013 353 2222 409 more

3515 355 3611 409 Ἡθ

350 474 508 530 vobis
537 472 725 536 littere,
769 473 864 528 sed
915 473 1097 528 subito
1144 472 1411 527 daemonis
1466 471 1667 526 invidia
1714 474 1928 527 evaiiult

2041 469 2316 532 πλείστοις
2351 467 2408 521 δὲ
2442 468 2583 522 κατὰ
2617 466 2743 539 ῥοῦν
2775 468 2902 537 ὑμῖν
2927 465 2995 518 τὰ
3018 465 3315 536 πράγματα
3341 463 3612 534 φέρεσθαι·

351 573 468 620 tota
514 567 606 619 illa
651 567 849 621 domus
900 565 1135 619 felicitas
1175 575 1228 619 et
1268 566 1577 618 animarum
1632 566 1928 630 hilaritas;

350 673 416 712 ac
466 657 787 713 hominibus
816 659 1008 712 tristis
1058 658 1287 712 historia
1345 657 1469 711 facti
1515 673 1730 711 smnus.
1761 659 1933 728 Igitur

351 751 397 804 si
428 751 500 805 ob
531 765 592 804 ea
620 766 740 820 qua:
770 749 1085 804 acciderunt
1110 751 1310 819 lugere,
1351 757 1402 802 et
1443 750 1716 820 lacrymas
1755 750 1932 802 effun-

352 842 482 897 dere
530 845 804 904 volumus.
852 851 1067 926 tempps
1118 843 1242 896 vita:
1291 841 1450 897 nohis
1500 858 1609 896 non
1653 841 1927 907 sufficiet;

351 949 455 988 nec
505 935 552 989 si
597 935 849 990 homines
879 950 1070 989 omnes
1102 934 1391 989 nobiscum
1422 944 1664 1004 gemant,
1697 934 1931 988 infortu-

352 1027 444 1080 nio
471 1028 750 1096 planctum
779 1026 1064 1096 adaequare
1087 1034 1342 1096 poterunt
1378 1045 1390 1080 :
1423 1027 1532 1081 imo
1568 1027 1786 1083 etiamsi
1826 1027 1929 1080 ﬂu-

349 1117 566 1172 viorum
593 1134 746 1195 aqnze
778 1119 1032 1188 lacrymze
1061 1119 1215 1182 ﬁant,
1251 1119 1558 1190 nequibunt
1586 1133 1750 1175 casus
1783 1119 1929 1175 illius

352 1212 588 1267 lamenta
617 1213 854 1281 explere.

421 1477 474 1531 Ξ.
522 1477 630 1532 Sed
679 1478 723 1533 si
773 1476 1006 1532 velimus
1051 1475 1145 1532 Dei
1197 1477 1438 1543 donum,
1475 1477 1621 1548 quod
1666 1478 1928 1535 cordibus

349 1569 558 1625 nostris
605 1567 824 1632 indidit,
862 1583 1012 1623 nunc
1044 1583 1325 1638 promere,
1360 1569 1632 1624 rationem
1679 1570 1806 1624 dico
1835 1586 1928 1625 so-

348 1662 544 1728 briam,
567 1676 691 1732 qua:
714 1669 768 1717 et
801 1661 855 1715 in
891 1662 1054 1716 rebus
1081 1661 1342 1717 secundis
1373 1661 1594 1717 modum
1625 1663 1779 1718 novit
1809 1663 1931 1718 ani-

348 1753 544 1808 mabus
575 1754 779 1809 nostris
810 1755 1178 1824 prwstituere.
1225 1763 1278 1810 et
1323 1755 1377 1808 in
1409 1755 1750 1811 tristioribus
1785 1757 1926 1810 casi-

2035 563 2151 616 άλλ’
2202 561 2411 633 ἀθρόως
2468 561 2736 631 βασκανίᾳ
2796 560 3045 630 δαίμονος
3103 559 3251 610 πάσα
3291 556 3477 626 ἐκείνη
3526 557 3612 610 τοῦ

2033 656 2184 707 οἴκου
2219 655 2330 724 (25)
2371 655 2404 725 ἡ
2452 653 2676 724 εύθηνία
2725 652 2820 706 καὶ
2857 651 2964 704 τῶν
3017 649 3204 720 ψυχῶν
3251 651 3284 719 ἡ
3328 648 3615 719 φαιδρότης

2033 748 2348 816 ἠφάνισται,
2391 747 2483 798 καὶ
2509 745 2812 815 ἐγενόμεθα
2859 743 2937 814 τῷ
2969 743 3068 814 βίῳ
3093 742 3340 811 διήγημα
3375 739 3616 810 σκυθρωο

2035 839 2153 890 πόν.
2201 839 2329 890 Ἐάν
2367 838 2468 908 μὲν
2497 835 2589 891 οὖν
2627 837 2946 891 ποτνιᾶσθαι
2997 835 3090 887 ἐπὶ
3113 837 3225 896 τοῖς
3260 833 3504 902 συμϐἄσι
3529 830 3618 884 καὶΙ

2033 931 2288 1003 δακρύειν
2346 931 2688 1003 βουλώμεθα,
2737 932 2836 984 οὑκ
2881 929 3167 999 ἐξαρκέσει
3212 928 3344 997 ἡμῖν
3376 924 3616 994 όχρόνος

2031 1023 2124 1077 τοῦ
2158 1023 2272 1093 βίου
2291 1042 2303 1053 ·
2339 1024 2539 1088 πάντες
2559 1025 2616 1078 δέ
2640 1023 2939 1096 ἄνθρωποι,
2990 1021 3106 1092 μεθ’
3132 1023 3165 1092 η
3175 1019 3290 1090 μῶν
3319 1019 3614 1078 στένοντες,

2033 1114 2344 1185 παρισῶσαι
2386 1114 2463 1186 τῷ
2512 1115 2673 1168 πάθει
2721 1117 2814 1169 τὸν
2863 1114 3097 1186 ὁδυρμὸν
3143 1113 3204 1166 οὑ
3253 1111 3612 1181 δυνήσονται·

2032 1209 2169 1263 ἀλλὰ
2200 1209 2301 1263 κᾶν
2323 1210 2390 1262 τά
2415 1209 2522 1262 τῶν
2545 1209 2806 1280 ποταμῶν
2835 1208 3081 1280 ῥεύματα
3104 1206 3218 1278 (26)
3265 1205 3501 1276 δάκρυον
3528 1201 3616 1270 γέ-

2031 1311 2210 1372 νηται,
2239 1301 2593 1374 ἐκπληρῶσαι
2639 1301 2745 1354 τῶν
2772 1300 3100 1370 συμϐάντων
3141 1298 3230 1351 τὸν
3279 1296 3479 1368 θρῆνον
3518 1292 3614 1346 οὑκ

2032 1392 2336 1464 ἐξαρκέσει.

2099 1486 2154 1541 2.
2203 1486 2327 1540 Ἐάν
2363 1485 2544 1557 μέντοι
2597 1484 2914 1556 θελήσωμεν
2962 1484 3023 1537 τὺ
3063 1481 3158 1536 τοῦ
3204 1479 3340 1535 Θεοῦ
3383 1466 3614 1552 δῶρονδ

2031 1577 2322 1631 ἐναπέθετο
2353 1580 2472 1639 ταῖς
2504 1577 2748 1650 καρδίαις
2772 1576 2884 1648 (27)
2915 1574 3074 1647 ἡμῶν
3100 1575 3457 1648 προενεγκεῖν
3486 1570 3608 1626 νῦν·

2030 1668 2121 1721 τὸν
2170 1668 2426 1739 λογισμὸν
2475 1667 2620 1736 λέγω
2665 1667 2757 1720 τὸν
2802 1667 3055 1739 σώφρονα
3080 1706 3093 1730 ,
3147 1665 3209 1729 ὃς
3246 1665 3340 1719 καὶ
3383 1665 3443 1718 ἐν
3494 1665 3612 1726 ταῖς

2031 1760 2350 1830 εὐημερίαις
2384 1759 2557 1830 μέτρα
2603 1754 2709 1812 οἶδε
2757 1761 2878 1822 ταῖς
2923 1757 3124 1828 ψυχαῖς
3173 1756 3330 1828 ἡμῶν
3374 1755 3611 1826 ὁρίζειν,

344 1844 449 1899 bus
482 1859 569 1899 res
610 1844 880 1900 humanas
918 1847 972 1900 in
1021 1848 1342 1900 memoriam
1388 1863 1680 1911 revocare,
1718 1863 1927 1919 nosque

2033 1852 2122 1904 καὶ
2169 1854 2226 1904 ἐν
2271 1852 2394 1914 ταῖς
2444 1849 2881 1922 κατηφεστέραις
2922 1850 3308 1920 περιστάσεσιν
3356 1849 3437 1912 είς
3485 1847 3612 1901 ὑπό-

349 1936 645 1990 admonere
689 1951 919 2001 eorum,
965 1953 1086 2008 quae
1119 1947 1172 1992 et
1205 1938 1441 1994 vidimus
1485 1949 1538 1993 et
1582 1940 1924 2004 audivimus,

349 2025 518 2079 vitam
561 2027 818 2081 videlicet
862 2027 1185 2081 infortuniis
1232 2027 1546 2096 hujusmodi
1592 2043 1716 2083 esse
1756 2028 1927 2084 refer-

349 2131 482 2180 tam,
508 2133 571 2197 ac
594 2119 763 2172 multa
790 2120 1163 2174 calamitatum
1194 2120 1556 2174 humanarum
1595 2136 1718 2175 esse
1749 2136 1932 2175 exem-

345 2211 467 2280 pla,
511 2217 567 2264 et
604 2219 803 2280 praater
835 2213 952 2266 haac
981 2213 1166 2266 omnia
1202 2212 1517 2266 mandatum
1568 2210 1662 2266 Dei
1691 2227 1834 2276 esse,
1869 2221 1930 2265 ut

343 2303 440 2372 qui
485 2303 541 2356 in
575 2300 857 2357 Christum
888 2304 1147 2366 credunt,
1190 2319 1300 2357 non
1334 2305 1553 2376 lugeant
1584 2311 1928 2358 mortuorum

343 2409 534 2458 causa,
561 2395 631 2449 ob
654 2410 804 2464 spem
832 2397 1292 2462 resurrectionis;
1327 2411 1388 2450 ac
1420 2397 1702 2466 patientiae
1722 2412 1930 2466 magna:

344 2501 574 2557 magnas
623 2503 746 2542 esse
795 2487 939 2555 apud
990 2490 1351 2541 certaminum
1401 2488 1641 2556 judicem
1695 2503 1929 2544 coronas

341 2576 530 2645 gloria:
569 2576 838 2645 repositas
872 2596 883 2628 :
920 2577 964 2629 si
999 2578 1162 2644 igitur
1195 2579 1394 2630 rationi
1422 2579 1838 2646 permiserimus
1869 2587 1928 2633 ut

343 2668 461 2722 haec
506 2668 666 2721 nobis
697 2666 949 2726 occinat,
992 2668 1174 2721 lii-ehit
1221 2667 1452 2723 fortasse
1503 2670 1778 2723 modicum
1828 2671 1930 2724 ali-

341 2759 492 2830 quod
544 2760 672 2812 mali
723 2759 960 2812 lenimen
1003 2759 1116 2828 78
1158 2760 1422 2814 invenire.
1454 2759 1636 2826 Quare
1669 2761 1931 2816 adhortor

340 2860 418 2916 te,
451 2859 510 2905 ut
537 2860 823 2906 strenuum
869 2851 1157 2917 athletam,
1196 2859 1253 2904 ut
1284 2861 1476 2905 contra
1523 2854 1692 2922 plaga
1724 2855 1932 2923 magni-

350 2941 598 2996 tudinem
621 2939 963 3004 ohtendaris,
999 2957 1097 2995 nec.
1115 2944 1444 2997 sucCumhas
1463 2943 1688 3013 ponderi
1703 2945 1928 3008 doloris.

342 3049 525 3103 neque
552 3034 905 3087 absorbearis
949 3035 1166 3090 animo:
1204 3051 1530 3106 persuasum
1561 3035 1794 3102 habens,
1827 3039 1930 3091 etsi

342 3127 587 3180 rationes
607 3142 798 3180 eorum
817 3143 939 3196 quae
968 3145 995 3180 a
1031 3127 1142 3181 Deo
1170 3129 1581 3198 dispensantur,
1601 3145 1702 3184 nos
1734 3129 1925 3193 latent;

2035 1959 2229 2013 μνησιν
2256 1942 2408 2009 ἄγειν
2431 1941 2540 1992 τῶν
2567 1941 2945 2012 ἀνθρωπίνων,
2985 1942 3077 1993 καὶ
3105 1939 3428 1994 ὑποϐάλλειν
3461 1941 3611 2010 ἡμῖν,

2032 2037 2068 2088 ἆ
2097 2052 2153 2088 τε
2187 2035 2422 2103 εἴδομεν,
2453 2033 2488 2086 ά
2524 2050 2584 2084 τε
2619 2032 2957 2103 ἠκούσαμεν,
2999 2034 3079 2086 ὅτι
3106 2033 3266 2103 γέμει
3298 2035 3326 2085 ὁ
3358 2032 3472 2102 βίος
3509 2031 3614 2084 τῶν

2030 2127 2288 2178 τοιούτων
2331 2125 2521 2178 παθῶν
2547 2164 2560 2186 ,
2611 2125 2704 2177 καί⁵
2749 2124 2917 2177 πολλὰ
2947 2125 3056 2178 τῶν
3089 2124 3447 2194 ἀνθρωπίνων
3481 2140 3614 2193 συμα

2032 2217 2211 2288 φορῶν
2259 2215 2482 2268 ἐστιτὰ
2530 2214 2943 2285 ὑποδείγματα·
2999 2215 3091 2267 καὶ
3137 2215 3230 2266 ἐπὶ
3278 2216 3476 2276 πᾶσιν,
3533 2213 3614 2265 ὅτι

2032 2309 2362 2379 πρόσταγμα
2424 2305 2560 2359 Θεοῦ
2611 2309 2727 2359 ἐστι
2775 2306 2837 2359 τὸ
2883 2307 2956 2376 μὴ
3011 2304 3296 2358 λυπεῖσθαι
3352 2305 3444 2356 ἐπὶ
3503 2306 3614 2366 τοῖς

2027 2399 2452 2470 κεκοιμημένοις
2495 2399 2622 2461 τοὺς
2661 2401 2742 2461 είς
2783 2399 3014 2468 Χριστὸν
3062 2397 3498 2478 πεπιστευκότας
3529 2395 3615 2449 διὰ

2031 2493 2128 2560 τὴν
2175 2490 2367 2542 ἐλπίδα
2403 2490 2502 2558 τῆς
2541 2488 2890 2551 ἀναστάσεως
2916 2505 2927 2516 ·
2958 2488 3051 2539 καὶ
3087 2488 3168 2538 ὅτι
3229 2485 3326 2555 τῆς
3370 2483 3616 2554 μεγάλης

2032 2584 2310 2652 ὑπομονῆς
2343 2581 2567 2651 μεγάλοι
2605 2579 2758 2648 παρά
2782 2577 2859 2648 τῷ
2888 2576 3147 2646 ἀθλοθέτῃ
3179 2576 3433 2643 στέφανοι
3457 2572 3615 2642 δόξης

2032 2676 2388 2729 ἀπόκεινται·
2443 2673 2537 2726 ἐὰν
2590 2670 2972 2743 ἐπιτρέψωμεν
3023 2668 3102 2739 τῷ
3159 2666 3404 2738 λογισμῷ
3443 2665 3615 2718 ταῦτα

2031 2769 2163 2838 ἡμῖν
2206 2765 2563 2836 κατεπᾴδειν,
2610 2764 2752 2833 τάχα
2798 2762 2864 2815 ἂν
2911 2760 3166 2833 εῦροιμέν
3214 2776 3335 2812 τινα
3385 2757 3617 2829 μετρίαν

2032 2858 2126 2912 τοῦ
2180 2857 2351 2910 κακοῦ
2400 2856 2575 2910 λύσιν.
2626 2855 2716 2907 Διὸ
2766 2852 3069 2925 παρακαλῶ
3106 2868 3199 2915 σε,
3245 2851 3320 2914 ώς
3367 2850 3619 2916 γενναῖον

2031 2950 2373 3021 ἀγωνιστὴν,
2419 2950 2608 3019 στῆναι
2656 2947 2790 3018 πρὸς
2833 2947 2894 2998 τὸ
2936 2943 3164 3016 μέγεθος
3213 2943 3312 3012 τῆς
3365 2939 3614 3010 πληγῆς.

2035 3039 2130 3092 καὶ
2165 3041 2238 3110 μὴ
2274 3041 2568 3091 ὑποπεσεῖν
2601 3035 2678 3106 τῷ
2713 3035 2866 3106 βάρει
2905 3035 3003 3104 τῆς
3043 3033 3242 3104 λύπης,
3281 3032 3616 3102 μηδέλκατα-

2033 3133 2265 3202 ποθῆναι
2314 3131 2411 3202 τὴν
2454 3131 2665 3202 ψυχήν·
2703 3133 2879 3183 ἐκεῖνο
2928 3126 3327 3196 πεπεισμένον,
3360 3125 3465 3187 ὅτι,
3513 3122 3617 3176 κᾶν
3663 3155 3666 3160 -

343 3227 400 3271 at
433 3217 678 3288 profecto
707 3219 852 3289 quod
887 3235 916 3272 a
950 3221 1199 3289 sapiente
1230 3237 1441 3290 nosque
1474 3231 1690 3277 amante
1712 3223 1928 3293 dispel-

2033 3226 2080 3276 oi
2113 3224 2262 3293 λόγοι
2294 3223 2402 3276 τῶν
2443 3223 2594 3294 παρὰ
2624 3221 2760 3275 Θεοῦ
2810 3219 3282 3290 οἰκονομουμένων
3311 3215 3618 3284 διαφεύγω-

343 3318 518 3372 satur,
565 3295 983 3379 accipiendum,
1037 3311 1254 3365 etiamsi
1301 3312 1596 3368 molestum
1636 3315 1726 3370 sit.
1767 3313 1930 3368 Novit

341 3403 487 3458 enim
529 3403 663 3471 ipse,
700 3403 976 3472 quomodo
1018 3404 1314 3474 unicuique
1351 3403 1560 3458 dividat
1599 3405 1754 3476 quod
1793 3406 1928 3461 utile

339 3503 446 3558 est,
473 3502 525 3548 et
572 3504 736 3564 quam
791 3495 863 3549 oh
907 3511 1130 3550 causam
1181 3497 1479 3567 inaequales
1511 3497 1632 3551 vitae
1665 3497 1928 3552 terminos

343 3587 503 3642 nobis
523 3587 862 3657 .praestituat.
902 3587 998 3640 Est
1028 3587 1175 3642 enim
1203 3603 1370 3642 causa
1396 3588 1578 3657 aliqua
1612 3588 1929 3644 hominibus

341 3678 774 3750 indeprehensa,
828 3679 899 3734 ob
940 3693 1105 3750 quam
1164 3679 1254 3733 alii
1307 3679 1526 3749 quidem
1583 3680 1748 3734 citius
1801 3680 1930 3737 hinc

341 3773 711 3843 abripiuntur,
767 3773 859 3826 alii
909 3788 1042 3827 vero
1095 3772 1304 3826 diutius
1356 3773 1410 3826 in
1457 3774 1559 3827 hac
1607 3774 1928 3829 calamitosa

343 3864 456 3919 vita
489 3865 559 3918 ad
605 3879 884 3918 aerumnas
919 3861 1271 3932 perferendas
1295 3863 1702 3932 relinquuntur.
1743 3862 1930 3934 Itaque

343 3954 400 4007 in
444 3953 700 4008 omnibus
744 3953 976 4008 adorare
1018 3953 1166 4008 illius
1218 3954 1272 4007 in
1316 3970 1416 4008 nos
1467 3969 1709 4008 amorem
1758 3956 1929 4011 (lebe-

345 4062 498 4110 mus,
539 4061 642 4099 nec
675 4060 818 4116 aegre
869 4045 1014 4099 ferre
1059 4063 1070 4097 :
1117 4059 1390 4098 memores
1441 4059 1650 4114 magna:
1699 4045 1845 4101 illius
1877 4054 1931 4099 et

345 4139 722 4192 celeberrimae
769 4138 950 4202 vocis,
977 4153 1142 4207 quam
1190 4152 1422 4207 magnus
1455 4137 1546 4191 ille
1587 4137 1792 4192 athleta
1826 4137 1932 4193 Job

346 4231 555 4293 emisit,
589 4246 714 4285 cum
769 4230 822 4282 in
856 4244 966 4282 uno
995 4227 1249 4283 convivio
1283 4228 1484 4282 liberos
1513 4227 1700 4282 decem
1731 4229 1930 4297 exiguo

343 4322 604 4391 temporis
639 4329 914 4374 momento
943 4335 1240 4390 oppressos
1274 4320 1445 4374 vidit:
1476 4321 1731 4373 Dominus
1765 4319 1930 4386 dedit,

340 4413 602 4468 Dominus
637 4412 888 4476 abstulit;
911 4405 1048 4466 sicut
1071 4410 1508 4473 Domino-visum,
1541 4412 1620 4464 ita
1650 4421 1700 4466 et
1729 4410 1929 4480 factum

339 4506 496 4560 est“.
530 4505 928 4560 Admirabilem
957 4504 1105 4559 illam
1124 4521 1310 4560 vocem
1339 4515 1582 4560 nostram
1614 4504 1884 4561 faciamus
1913 4526 1924 4560 :

2033 3332 2118 3368 σιν
2146 3317 2315 3386 ἡμᾶς,
2373 3314 2508 3368 ἀλλά
2536 3316 2754 3377 πάντως
2795 3330 2858 3381 γε
2899 3312 2960 3364 τὺ
3002 3311 3154 3382 παρά
3181 3308 3274 3362 τοῦ
3310 3307 3478 3376 σοφοῦ
3522 3308 3618 3360 καὶ

2030 3407 2352 3476 ἀγαπῶντος
2399 3408 2548 3478 ἡμᾶς
2597 3404 2952 3475 οἰκονομηθέν
2989 3401 3285 3456 ἀπόδεκτόν
3327 3400 3465 3465 ἐστι,
3515 3398 3618 3450 κᾶν

2031 3499 2286 3552 ἐπίπονον
2425 3498 2599 3560 Αὐτὸς
2629 3495 2738 3568 γὰρ
2773 3490 2880 3549 οἶδε
2918 3494 3035 3558 πῶς
3082 3494 3298 3562 ἐκάστῳ
3341 3489 3618 3560 διατίθησι

2027 3593 2090 3645 τὸ
2130 3591 2431 3663 συμφέρον,
2467 3593 2562 3645 καὶ
2582 3590 2670 3642 διὰ
2700 3573 2751 3642 τί
2792 3589 2949 3643 ἄνισα
2978 3587 3190 3655 τίθησιν
3219 3583 3332 3654 (23)
3360 3585 3493 3654 ἡμῖν
3522 3580 3616 3634 τοῦ

2033 3683 2148 3753 βίου
2174 3682 2243 3734 τὰ
2275 3683 2503 3752 πέρατα.
2535 3681 2690 3734 Ἔστι
2720 3679 2828 3749 γάρ
2853 3696 2938 3741 τις
2963 3677 3111 3732 αίτία
3139 3674 3450 3746 ἀνθρώποις
3478 3675 3619 3727 ἀκα-

2031 3774 2324 3845 τάληπτος,
2361 3774 2426 3825 δι’
2451 3775 2518 3844 ἣν
2556 3774 2603 3825 οἱ
2639 3773 2735 3842 μέν
2770 3771 2962 3824 θᾶττον
2997 3766 3248 3822 ἐντεῦθεν
3285 3766 3615 3834 ἀπάγονται,

2031 3863 2080 3914 οἱ
2107 3862 2162 3914 δέ
2191 3863 2282 3915 ἐπὶ
2311 3862 2496 3915 πλεῖον
2526 3859 3034 3932 προσταλαιπωρεῖν
3066 3855 3142 3927 τῷ
3166 3854 3412 3926 όδυνηρῷ
3442 3853 3618 3922 τούτῳ

2035 3954 2134 4024 βίῳ
2181 3955 2705 4024 καταλιμπάνονται.
2765 3953 2927 4003 Ὥστε
2977 3949 3069 4002 ἐπ)⁸
3107 3950 3242 4002 πᾶσι
3291 3947 3619 4018 προσκυνεῖν

2032 4044 2197 4098 αὑτοῦ
2247 4044 2346 4117 τὴν
2378 4044 2791 4115 φιλανθρωπίαν
2820 4041 3130 4112 ὀφείλομεν,
3168 4040 3262 4093 καὶ
3314 4037 3389 4109 μὴ
3422 4038 3617 4108 δυσχε·⁵

2037 4135 2266 4204 ραίνειν·
2301 4136 2637 4207 μεμνημένοι
2669 4135 2768 4205 τῆς
2803 4133 3044 4205 μεγάλης
3071 4131 3286 4200 ἐκείνης
3323 4129 3420 4183 καὶ
3447 4128 3618 4182 ἀοιδίο

2036 4245 2136 4298 μου
2164 4229 2369 4300 φωνῆς,
2405 4231 2472 4300 ἣν
2509 4232 2538 4283 ὁ
2583 4230 2754 4301 μέγας
2784 4229 3024 4299 ἀθλητὴς
3076 4223 3195 4278 Ἰὼϐ
3225 4220 3614 4292 ἀνεφθέγξατο.

2031 4322 2125 4375 ἐπὶ
2167 4324 2296 4392 μιᾶς
2342 4321 2623 4394 τραπέζης
2678 4321 2801 4375 ἰδὼν
2849 4321 2984 4373 δέκα
3037 4316 3232 4380 παῖδας
3289 4317 3348 4369 ἐν
3387 4313 3617 4387 βραχείᾳ

2034 4411 2221 4484 καιροῦ
2269 4415 2408 4484 ῥοπῇ
2471 4410 2888 4484 συντριϐέντας·
2933 4409 2997 4462 '0
3027 4409 3244 4474 Κύριος
3287 4403 3536 4469 ἔδωκεν,
3585 4404 3618 4454 ό

2033 4507 2245 4574 Κύριος
2281 4506 2563 4574 ἀφείλετο
2582 4523 2594 4534 ·
2627 4505 2708 4570 ὡς
2732 4503 2812 4569 τῷ
2847 4502 3043 4570 Κυρίῳ
3080 4497 3312 4562 ἔδοξεν,
3337 4497 3493 4549 οὕτω
3521 4494 3619 4547 καὶ

341 4613 441 4669 par
493 4611 707 4652 merces
752 4611 781 4649 a
837 4596 989 4665 justo
1039 4596 1226 4665 judice
1265 4611 1428 4666 .parta
1466 4596 1739 4666 .przeclare
1784 4596 1926 4651 facta

2033 4597 2291 4668 ἐγένετο.
2334 4597 2629 4668 Ἠμέτερον
2680 4592 3036 4665 ποιησώμεθα
3087 4591 3148 4642 τὸ
3191 4588 3376 4658 θαῦμα
3421 4585 3613 4638 τοῦτο·

342 4689 784 4761 designantibus.
833 4687 952 4744 Non
1003 4703 1196 4742 sumus
1231 4689 1340 4742 tilio
1382 4688 1559 4743 orbati
1591 4707 1603 4741 :
1634 4687 1730 4743 sed
1770 4690 1929 4743 resti-

348 4782 546 4837 ‘uimus
573 4781 623 4837 ei
665 4781 761 4852 qui
787 4789 979 4835 mutuo
1026 4779 1252 4834 dederat
1287 4797 1299 4832 :
1334 4793 1516 4848 neque
1542 4779 1812 4834 exstincta
1850 4788 1934 4834 est

346 4878 492 4932 filius
517 4877 650 4940 vita,
685 4877 780 4932 sed
828 4877 883 4930 in
923 4874 1122 4930 melius
1152 4881 1518 4927 transmutata
1550 4891 1563 4926 :
1600 4888 1700 4927 nec
1732 4873 1932 4928 humus

343 4973 606 5027 dilectum
653 4979 905 5029 nostrum
960 4970 1200 5032 obtexit,
1263 4967 1358 5023 sed
1409 4968 1611 5022 cmlum
1665 4967 1930 5038 suscepit.

344 5064 631 5135 Paulisper
677 5073 1064 5135 exspectemus
1084 5103 1099 5127 ,
1133 5070 1189 5116 et
1220 5075 1330 5114 una
1376 5074 1503 5114 cum
1533 5074 1601 5114 eo
1630 5074 1792 5129 quem
1827 5058 1925 5114 de-

345 5159 672 5223 sideramus,
721 5160 948 5214 erimus.
982 5155 1170 5226 Neque
1207 5154 1431 5224 longum
1465 5159 1550 5207 est
1585 5161 1799 5220 tempus
1835 5166 1926 5205 se-

421 5316 459 5345 "
493 5313 596 5369 .ob
627 5329 666 5376 ι,
690 5314 783 5367 21.

419 5427 530 5498 (25)
582 5427 814 5495 Ἐκείνη
855 5426 962 5480 τοῦ
1001 5425 1194 5498 οῑκόυ.
1237 5421 1338 5498 Sic
1385 5430 1498 5498 tres
1547 5416 1928 5498 antiquis-simi

345 5489 564 5554 eodices
594 5513 694 5567 pro
715 5513 781 5552 eo
801 5489 949 5566 ouod
980 5505 1097 5567 erat
1123 5497 1176 5548 in
1209 5494 1373 5567 editis
1397 5490 1492 5567 306
1515 5489 1675 5567 οἴκου
1692 5489 1923 5567 ἐκείνουἒ

347 5579 408 5624 In
438 5557 629 5624 iisdem
670 5557 952 5621 codicibus
1010 5566 1205 5636 legitur
1235 5562 1484 5624 καϊ;τῶν
1527 5560 1739 5630 ψυχῶν,
1778 5557 1925 5628 quod

348 5647 402 5695 in
432 5639 594 5694 editis
623 5645 826 5692 deerat.
943 5677 947 5680 .
1383 5690 1394 5697 κ

421 5712 532 5778 (26)
573 5708 722 5764 Ta...
777 5708 1063 5775 ῥεύματα.
1116 5705 1222 5778 Sex
1273 5703 1515 5778 codices
1544 5702 1745 5778 habent

342 5771 549 5846 nam.
586 5779 690 5834 Sed
716 5771 837 5833 cum
865 5771 1079 5846 vulgata
1107 5776 1266 5831 lectio
1294 5782 1470 5830 exstet
1503 5774 1558 5827 in
1591 5773 1768 5826 tribus
1802 5771 1920 5824 aliis

2041 4693 2159 4755 ἴσος
2209 4693 2238 4744 ὁ
2283 4689 2472 4760 μισθὸς
2521 4687 2671 4759 παρά
2717 4686 2808 4739 τοῦ
2865 4684 3076 4738 δικαίου
3133 4679 3321 4751 κριτοῦ
3380 4679 3494 4739 τοῖς
3550 4675 3619 4726 τὰ

2021 4783 2128 4836 νίσα
2175 4780 2642 4850 ἐπιδεικνυμένοις
2691 4771 3175 4848 ἀνδραγαθήματα.
3225 4772 3340 4824 Οὑκ
3381 4769 3619 4821 ἀπεστε-

2037 4875 2282 4945 ρήθημεν
2309 4872 2400 4926 τοῦ
2440 4872 2651 4936 παιδὸς,
2677 4870 2793 4924 ἀλλ’
2827 4865 3192 4936 ἀπεδώκαμεν
3212 4861 3289 4932 τῷ
3316 4861 3613 4931 χρήσαντι·

2035 4967 2155 5019 οὑδὲ
2195 4966 2471 5037 ἠφανίσθη
2525 4963 2688 5018 αὑτοῦ
2737 4963 2770 5032 ὴ
2810 4961 2962 5032 ζωὴ,
2991 4957 3107 5012 ἀλλ’
3155 4957 3249 5009 ἐπὶ
3294 4955 3356 5006 τὸ
3410 4951 3620 5022 βέλτιον

2034 5057 2363 5130 διημείφθη·
2409 5059 2470 5111 οὑ
2506 5058 2578 5127 γῆ
2617 5052 2929 5125 κατέκρυψε
2976 5051 3068 5104 τὸν
3118 5045 3402 5118 ἀγαπητὸν
3436 5041 3619 5115 ἡμῶν,

2031 5150 2148 5202 ἀλλ’
2181 5149 2410 5218 οὑρανὸς
2461 5147 2778 5212 ὑπεδέξατο.
2815 5144 3028 5216 Μικρὸν
3056 5140 3438 5213 ἀναμείνωμεν
3464 5175 3479 5200 ,
3521 5135 3623 5186 καὶ

2033 5417 2446 5483 vetustissimis,
2488 5397 2629 5472 nihil
2663 5415 2982 5469 mutandum
3015 5409 3352 5483 censuimus.

2031 5560 2042 5571 ο
2104 5491 2216 5558 (Ξῖ)
2257 5487 2389 5554 Ταῖς
2421 5473 2710 5553 καρδίαις.
2745 5485 2888 5539 Editi
2921 5484 3128 5538 addunt
3169 5483 3249 5542 ἐν,
3280 5473 3428 5545 ζωοά
3460 5474 3619 5528 deest

2029 5576 2507 5699 Ιηῶἓῖῗίθησιν.
2544 5625 2705 5699 Deest
2743 5624 2846 5678 hoc
2874 5623 3101 5680 verbum
3138 5621 3195 5676 in
3241 5617 3418 5674 tribui
3459 5612 3616 5670 codi-

2030 5698 2205 5768 cibus,
2239 5714 2343 5779 nec,
2372 5698 2748 5754 necessarium
2780 5706 2880 5751 est.
