3886 6220
246 398 357 452 241

1223 413 1711 474 [Ριδτοωειυκ
1743 419 2030 478 CL‘ASSIS
2069 423 2110 479 l.
2148 419 2366 480 EPIST.
2414 422 2506 479 Vl.‘

3423 423 3531 480 ⁸2ίὲ

248 519 606 591 συνεσόμεθα
637 522 719 593 τῷ
748 523 1083 596 ποθουμένῳ.
1111 527 1245 581 Οὐδὲ
1271 528 1438 593 πολὺς
1458 531 1487 584 6
1519 530 1707 602 χρόνος
1741 533 1840 604 τῆς

1972 537 2274 601 unctionis,
2341 552 2467 592 cum
2520 550 2713 590 omnes
2768 536 2821 589 in
2870 535 2974 590 hac
3022 537 3131 590 vita
3173 543 3433 606 tanquam
3474 540 3532 593 in

244 610 597 677 διαστάσεως
614 612 750 684 (29),
784 617 999 671 πάντων
1021 618 1209 692 ὥσπερ
1230 622 1287 674 έν
1314 622 1418 693 ὁδῷ
1445 622 1524 694 τῷ
1553 623 1655 695 βίῳ
1677 624 1851 697 τούτῳ

246 702 402 771 πρὸς
435 702 497 754 τὸ
532 704 665 758 αὐτὸ
700 706 1041 776 καταγώγιον
1082 711 1488 782 ἐπειγομένων·
1513 714 1571 766 ὲν
1608 706 1654 781 ᾧ
1691 714 1720 766 6
1750 714 1849 785 μὲν

246 789 694 857 προκατέλυσεν,
731 795 760 847 6
791 795 848 847 δὲ
881 795 1134 867 ἐπῆλθεν,
1166 801 1193 851 6
1223 798 1280 852 δὲ
1309 800 1606 870 ἐπείγεται,
1642 803 1849 867 πάντας

243 876 308 930 δὲ
350 877 419 931 ἓν
443 881 760 947 ὑποδέξεται
791 885 962 949 τέλος.
990 888 1052 940 Et
1090 887 1201 960 γὰρ
1235 891 1328 943 καὶ
1363 889 1556 945 θᾶττον
1600 893 1698 965 τὴν
1727 894 1847 947 ὁδὸν

246 975 674 1043 προκατέλυσεν
700 1018 713 1042 ,
747 978 883 1031 ἀλλά
917 979 1115 1043 πάντες
1166 982 1267 1051 τὴν
1295 982 1466 1053 αὐτὴν
1488 984 1601 1052 (50)
1647 1001 1845 1055 πορευ-

250 1065 514 1134 σόμεθα·
560 1067 658 1120 καὶ
706 1070 915 1133 πάντας
962 1071 1023 1123 τὺ
1071 1072 1201 1123 αὐτὸ
1238 1074 1497 1142 ἀναμένει
1532 1075 1843 1146 κατάλυμα.

245 1154 442 1207 Μόνον
461 1157 673 1224 γένοιτο
701 1161 847 1228 ἡμᾶς
873 1159 941 1212 δι’
971 1161 1170 1233 ἀρετῆς
1197 1164 1261 1233 τῇ
1282 1162 1615 1235 καθαρότητι
1638 1167 1845 1220 ἐκείνου

245 1243 628 1316 ὁμοιωθῆναι·
661 1251 749 1303 ἴνα
776 1250 863 1304 διὰ
891 1254 952 1304 τὺ
999 1252 1186 1310 ἄδολον
1217 1254 1311 1306 τοῦ
1355 1255 1516 1323 ἧθους
1549 1257 1648 1326 τῆς
1677 1257 1847 1327 αὐτῆς

245 1338 370 1399 τοῖς
440 1349 502 1390 εν
557 1341 781 1412 Χριστῷ
854 1343 1072 1413 νηπίοις
1138 1345 1499 1410 ἀναπαύσεως
1570 1348 1844 1418 ἐπιτύχω-

252 1442 362 1495 μεν
387 1428 527 1500 (si).

814 1545 1159 1601 ΕΠΙΣΤΟΛΗ
1200 1550 1292 1616 ς’.

1957 629 2043 684 via
2094 628 2161 684 ad
2223 629 2364 684 idem
2424 627 2793 684 diversorium
2848 628 3187 683 contendant
3228 646 3243 683 :
3288 629 3343 683 in
3382 629 3532 698 quod

1958 721 2046 776 hic
2081 720 2191 789 jam
2242 720 2497 786 advenit,
2550 719 2641 774 ille
2684 722 3034 791 supervenit,
3074 720 3215 775 alter
3262 718 3529 776 festinat:

1956 809 2079 864 linis
2135 815 2316 863 autem
2374 822 2520 863 unus
2574 802 2764 864 omnes
2811 808 3068 879 excipiet.
3104 807 3218 865 Etsi
3266 809 3412 862 enim
3446 808 3533 862 ci-

1955 902 2065 955 tius
2125 900 2268 952 viam
2334 896 2633 961 coniecit,
2669 898 2919 953 eamdem
2982 913 3176 953 omnes
3246 896 3526 968 ingredie-

1956 1007 2114 1055 mur,
2166 1005 2466 1061 omnesque
2518 990 2663 1046 idem
2714 1000 2895 1045 manet
2949 989 3334 1044 diversorium.
3386 987 3533 1042 Tan-

1956 1093 2071 1137 tum
2118 1084 2282 1138 nobis
2336 1083 2617 1154 contingat
2665 1083 2814 1138 illius
2864 1083 3088 1154 puritati
3137 1097 3233 1153 per
3278 1083 3531 1135 virtutem

1954 1176 2280 1240 assimilari,
2332 1183 2392 1230 ut
2446 1175 2698 1231 moribus
2734 1176 2846 1231 doli
2884 1175 3209 1247 expertibus
3245 1173 3491 1229 eamdem
3515 1211 3532 1237 ,

1951 1281 2016 1319 ac
2047 1265 2140 1335 qui
2175 1266 2228 1319 in
2258 1265 2480 1320 Christo
2505 1263 2745 1320 infantes
2775 1274 2924 1329 sunt,
2960 1265 3203 1335 requiem
3231 1277 3539 1319 conseaua-

1952 1372 2092 1412 IIIUI'.

2493 1554 2827 1611 EPISTULA
2871 1554 2976 1610 Vl'.

1273 1667 1487 1722 Basilius
1513 1670 1735 1723 Nectarii
1761 1686 1965 1725 uxorem
1994 1672 2216 1727 similiter
2237 1679 2527 1728 consolatur.

252 1775 425 1845 Πρὸς
470 1774 592 1842 τὴν
640 1777 932 1848 όμόζυτον
981 1780 1110 1855 (52)-
1134 1782 1464 1852 Νεκταρίου
1514 1789 1860 1855 παραμυθη-
1891 1801 1930 1855 [ε

978 1850 1112 1917 τική
1123 1890 1137 1904 .

330 1938 385 1990 Ι.
420 1936 693 2009 Ἐμελλον
726 1939 1051 2012 ἀποσιωπᾷν
1082 1943 1217 2015 πρὸς
1244 1945 1345 2015 τὴν
1373 1946 1711 2018 κοσμιότητά
1736 1964 1850 2007 σου,

252 2028 640 2100 λογιζόμενος,
672 2030 775 2095 ὅτι,
814 2030 1003 2102 ὥσπερ
1042 2033 1305 2105 ὀφθαλμῷ
1335 2035 1720 2106 φλεγμαίνοντι
1762 2038 1854 2091 καὶ

252 2121 317 2174 τὸ
345 2120 717 2181 ἀπαλώτατον
743 2121 852 2176 τῶν
890 2139 1179 2196 παρηγορη
1188 2126 1374 2196 μάτων
1418 2127 1572 2182 ἀνίαν
1606 2127 1718 2199 (55)
1750 2129 1852 2198 ὲμο

255 2213 443 2274 ποιεῖ,
480 2209 628 2263 οὕτω
674 2211 768 2265 καὶ
812 2209 957 2283 ψυχῇ
1006 2214 1111 2266 ὑπὸ
1139 2214 1370 2284 θλίψεως
1417 2215 1640 2288 βαρείας
1683 2234 1853 2271 κεκα-

257 2300 534 2372 κωμένῃ,
603 2300 708 2354 κᾶν
762 2301 962 2372 πολλὴν
1002 2302 1347 2375 παράκλησιν
1400 2305 1541 2379 φέρῃ
1591 2309 1619 2359 6
1661 2305 1853 2375 λόγος,

256 2388 501 2461 ὀχληρός
534 2408 656 2453 πως
689 2386 829 2444 εἶναι
862 2391 1029 2458 δοκεῖ,
1062 2395 1119 2447 ὲν
1148 2397 1213 2465 τῇ
1255 2378 1585 2467 περιωδυνίᾲ
1619 2413 1858 2469 προσφε-

575 2481 731 2534 Ἐπεὶ
761 2482 820 2536 δέ
860 2499 926 2554 με
964 2483 1076 2555 (56)
1106 2485 1374 2556 εἰσῆλθεν,
1418 2487 1499 2540 ὅτι
1555 2490 1691 2561 πρὸς
1724 2490 1859 2560 Χρι-

259 2571 496 2640 στιανήν
536 2586 629 2639 μοι
658 2572 688 2623 6
719 2570 876 2639 λόγος
908 2570 1081 2639 ἔσται,
1119 2574 1286 2627 πάλαι
1317 2576 1759 2648 πεπαιδευμένην
1788 2578 1859 2631 τά

259 2661 406 2727 θεῖα,
444 2663 545 2714 καὶ
583 2664 1006 2735 ὲμπαράσκευον
1032 2661 1197 2720 οὖσαν
1240 2667 1375 2738 πρὸς
1416 2667 1484 2722 τά
1517 2667 1854 2739 ἀνθρώπινα,

257 2754 361 2806 οὐκ
413 2755 653 2825 ἐνόμισα
685 2755 892 2809 δίκαιον
926 2752 1064 2810 εἶναι
1094 2759 1425 2829 παραλιπεῖν
1466 2760 1529 2813 τὸ
1572 2760 1858 2815 ἐπιϐάλλον

263 2863 355 2915 μοι
422 2845 562 2899 υἷδα
598 2846 822 2901 ποταπά
860 2847 967 2901 τῶν
1003 2850 1253 2922 μητέρων
1282 2850 1349 2905 τά
1396 2851 1683 2921 σπλάγχνα
1706 2869 1719 2882 '
1764 2854 1858 2906 καὶ

258 2938 390 2989 ὅταν
427 2937 583 3001 ἰδίως
616 2938 678 2991 τὸ
707 2939 797 2991 σὺν
828 2940 957 3013 περὶ
989 2940 1195 3004 πάντας
1240 2943 1475 3012 χρηστὸν
1522 2945 1615 2996 καὶ
1649 2944 1857 3015 ἥμερον

262 3028 587 3101 ἐνθυμηθῶ,
611 3030 899 3101 λογίζομαι
941 3032 1116 3105 πόσην
1143 3034 1292 3098 εἰκὸς
1328 3036 1420 3088 ἐπὶ
1451 3038 1564 3099 τοῖς
1595 3036 1858 3108 παροῦσιν

2302 1788 2544 1845 Nectarii
2573 1789 2783 1860 coniugi
2816 1788 3196 1843 consolatorie.

2028 1944 2079 1996 Ι.
2127 1942 2388 1999 Nolebam
2434 1944 2637 2013 alloqui
2690 1942 3009 2015 dignitatem
3048 1950 3234 2007 tuam,
3282 1938 3539 1999 consido-

1956 2050 2106 2099 rans,
2163 2043 2222 2088 ut
2269 2034 2430 2089 oculo
2482 2032 2818 2089 inﬂammato
2854 2033 3215 2088 lenimentum
3241 2030 3326 2085 vel
3356 2034 3539 2085 tener-

1955 2126 2154 2180 rimum
2202 2126 2463 2183 dolorem.
2499 2124 2689 2189 aﬂ‘ert,
2739 2125 2813 2178 ita
2858 2123 3053 2178 animae
3096 2120 3248 2191 gravi
3303 2133 3543 2175 mmroro

1958 2210 2229 2279 alliictm,
2262 2212 2477 2267 etiamsi
2515 2213 2746 2268 multum
2797 2211 2979 2266 solatii
3017 2209 3156 2265 ferat
3189 2207 3387 2272 oratio,
3419 2222 3542 2264 mo-

1958 2304 2150 2358 lestam
2192 2313 2373 2364 tamen
2412 2303 2817 2374 quodammodo
2850 2301 3059 2366 videri,
3095 2300 3150 2355 in
3190 2301 3308 2370 ipso
3332 2300 3540 2355 doloris

1959 2398 2193 2452 articulo
2229 2398 2553 2457 adhibitam.
2586 2397 2655 2449 At
2693 2396 2784 2451 ubi
2830 2396 2962 2450 mihi
3002 2396 3054 2448 iu
3098 2402 3334 2450 mentem
3370 2393 3538 2454 venit,

1959 2503 2267 2543 sermonem
2316 2488 2448 2542 mihi
2496 2502 2621 2541 cum
2652 2487 2963 2541 Christiana
2998 2484 3244 2539 futurum
3265 2524 3280 2547 ,
3308 2482 3538 2552 jampri-

1957 2577 2079 2632 dem
2116 2576 2172 2631 in
2226 2576 2390 2632 rebus
2437 2576 2639 2632 divinis
2686 2575 2960 2638 instituta,
3017 2587 3119 2629 nec
3169 2571 3236 2627 ad
3268 2572 3543 2627 humanos

1958 2685 2123 2726 casus
2173 2671 2475 2740 imparata;
2523 2684 2634 2723 non
2682 2666 2986 2721 existimavi
3035 2680 3255 2735 aequum
3301 2679 3421 2719 esse
3479 2671 3539 2723 ut

1952 2760 2136 2815 officio
2191 2775 2313 2815 meo
2374 2760 2642 2815 deessem.
2694 2758 2833 2814 Novi
2888 2758 3073 2829 qualia
3132 2758 3244 2812 sint
3298 2765 3537 2810 matrum

1959 2854 2201 2917 viscera;
2248 2867 2483 2921 cumque
2535 2852 2888 2921 peculiariter
2941 2848 3235 2905 considero
3283 2856 3431 2903 tuam
3485 2848 3541 2901 in

1958 2962 2148 3001 omnes
2190 2945 2583 3015 benignitatem
2616 2954 2782 3014 atque
2813 2942 3331 3006 mansuetudinem,
3365 2940 3545 3007 conji-

1957 3040 2043 3093 cio
2087 3046 2350 3108 quantum
2405 3035 2689 3106 probabile
2733 3035 2804 3089 sit
2860 3034 2916 3088 in
2954 3033 3318 3104 praesentibus
3371 3036 3532 3087 malis

263 3117 409 3173 εἶναι
447 3124 552 3192 τὴν
578 3122 867 3193 ἀλγηδόνα.
907 3124 1079 3181 Παῖδα
1126 3124 1460 3196 ὲζημιὼθης,
1500 3127 1559 3181 ὃν
1599 3128 1855 3199 περιόντα

1972 3130 2210 3183 dolorem
2232 3142 2377 3183 esse.
2411 3125 2609 3180 Filium
2642 3125 2878 3180 amisisti
2906 3124 3036 3195 79,
3071 3139 3238 3195 quem
3267 3124 3539 3179 viventem

267 3214 370 3282 μὲν
401 3216 761 3286 ὲμακάρισαν
806 3217 979 3270 πᾶσαι
1011 3218 1279 3288 μητέρες,
1325 3219 1421 3271 καὶ
1468 3217 1705 3287 ηὔξαντο
1735 3218 1860 3282 τοὺς

264 3306 481 3361 ἑαυτῶν
517 3300 798 3371 τοιούτους
839 3303 978 3363 εἶναι
999 3326 1013 3339 ·
1055 3309 1394 3367 ἀποθανόντα
1439 3310 1498 3363 δὲ
1542 3310 1857 3374 ὲστέναξαν,

266 3397 341 3460 ὡς
366 3399 581 3469 ἑκάστη
617 3398 710 3453 τὸν
749 3400 949 3471 ἑαυτῆς
979 3403 1049 3472 γῇ
1090 3402 1509 3473 κατακρύψασα.
1568 3402 1803 3455 Ἐκείνου
1833 3402 1862 3453 6

270 3486 507 3551 θάνατος
552 3488 747 3560 πληγὴ
786 3490 1002 3559 ἐγένετο
1043 3492 1318 3565 πατρίδων
1360 3491 1455 3546 δύο
1484 3492 1622 3561 (35),
1662 3493 1760 3563 τῆς
1800 3509 1860 3546 τε

270 3578 554 3652 ἡμετέρας
582 3581 679 3633 καὶ
732 3580 832 3651 τῆς
885 3582 1146 3637 Κιλίκων.
1196 3583 1421 3652 Ἐκείνῳ
1462 3583 1523 3636 τὸ
1576 3583 1718 3654 μέγα
1766 3584 1860 3636 καὶ

273 3671 580 3741 περιφανὲς
611 3672 770 3741 γένος
811 3675 1254 3743 συγκατέπεσεν,
1301 3674 1490 3747 ὥσπερ
1534 3676 1858 3748 ἐρείσματος

272 3763 666 3835 ὑφαιρεθέντος
714 3765 1099 3821 κατασεισθέν,
1133 3762 1203 3819 Ὦ
1252 3766 1568 3839 συνάντημα
1619 3767 1877 3839 πονηροῦ,

274 3853 555 3926 δαίμονος,
585 3857 754 3911 πόσον
782 3860 970 3930 ἴσχυσε
1002 3858 1171 3913 κακον
1201 3857 1631 3930 ὲξεργάσασθαιῑ
1664 3855 1733 3911 Ὦ
1762 3858 1856 3929 γῆ,

274 3947 519 4002 τοιοῦτον
552 3947 961 4019 ἀναγκασθεῖσα
994 3949 1355 4014 ὐποδέξασθαι
1395 3949 1599 4014 πάθοςῐ
1632 3949 1858 4021 Ἔφριξε

272 4038 415 4111 τάχα
446 4041 546 4095 καὶ
575 4045 606 4095 6
638 4042 808 4111 ἥλιος,
840 4043 893 4097 si
920 4060 1006 4107 τις
1036 4042 1288 4115 αῐσθησις
1318 4041 1486 4113 αὐτῷ,
1518 4042 1579 4096 το
1610 4040 1858 4111 σκυθρω-

278 4131 376 4183 πδν
405 4132 588 4187 ἐκεῖνο
616 4133 815 4205 θέαμα.
839 4136 951 4188 Καὶ
978 4134 1030 4187 τί
1059 4135 1123 4189 ἀν
1156 4133 1515 4198 τιςτοτοῦτον
1538 4133 1702 4200 εἴποι,
1736 4134 1859 4186 ὅσον

277 4223 317 4293 ἡ
332 4224 623 4293 ἀμηχανία
642 4225 742 4295 τῆς
768 4226 944 4298 ψυχῆς
973 4226 1263 4283 ὐποόἀλλει
1285 4242 1300 4290 ;

1970 3228 2174 3273 matres
2209 3234 2401 3273 omnes
2440 3217 2810 3289 pradicabant
2847 3217 3062 3270 beatum
3088 3256 3102 3280 ,
3135 3216 3383 3284 talesque
3412 3232 3544 3270 suos

1966 3326 2092 3368 esse
2122 3312 2387 3381 optabant
2419 3328 2430 3363 :
2462 3317 2735 3364 mortuum
2767 3324 2895 3361 vere
2925 3308 3151 3379 perinde
3182 3310 3456 3367 luxerunt.
3481 3325 3543 3359 ac

1969 3404 2012 3458 si
2064 3419 2221 3457 suum
2271 3416 2499 3471 qiizeque
2550 3401 2718 3454 humo
2768 3401 3126 3455 contexisset.
3190 3398 3342 3455 illius
3397 3413 3547 3455 more

1968 3497 2121 3566 plaga
2157 3496 2369 3549 exstitit
2395 3494 2806 3565 provinciarum
2848 3493 3081 3547 duarum
3104 3534 3119 3559 ,
3142 3501 3197 3547 et
3228 3503 3461 3557 nostrae,
3492 3500 3550 3548 e‘.

1964 3586 2218 3643 Cilicum.
2250 3586 2386 3641 Cum
2436 3586 2832 3655 illoniagnum
2879 3595 2933 3639 et
2965 3584 3179 3640 illustre
3206 3599 3381 3655 genus
3411 3600 3546 3652 con-

1966 3680 2119 3740 cidit,
2148 3679 2313 3732 velnti
2348 3677 2525 3731 fulcro
2553 3677 2773 3733 sublato
2801 3692 3158 3732 concussum.
3187 3675 3231 3731 0
3262 3677 3546 3731 incursum

1967 3770 2096 3825 mali
2141 3768 2429 3836 daemonis,
2481 3778 2745 3840 quantum
2795 3770 2970 3839 potuit
3021 3770 3149 3824 mali
3201 3771 3448 3838 patrare?
3500 3765 3547 3823 0

1967 3872 2113 3917 terra
2139 3864 2300 3918 talem
2332 3870 2524 3918 coacta
2569 3864 2850 3933 suscipere
2877 3864 3107 3919 casum!
3151 3859 3373 3915 Horruit
3407 3860 3549 3914 forte

1966 3953 2083 4022 ipse
2112 3953 2215 4016 sol,
2247 3954 2291 4006 si
2319 3954 2443 4022 quis
2467 3953 2522 4006 in
2550 3968 2615 4006 eo
2654 3966 2874 4015 sensus,
2910 3952 3065 4007 triste
3096 3952 3231 4005 illud
3261 3959 3549 4021 spectacu-

1968 4048 2098 4099 lum.
2132 4044 2196 4098 Et
2229 4046 2356 4114 quis
2385 4052 2600 4099 tantum
2625 4045 2809 4098 dicere
2852 4044 3073 4112 poterit,
3099 4049 3363 4113 quantum
3388 4042 3547 4112 inops

1964 4137 2179 4192 consilii
2206 4137 2426 4191 animus
2465 4136 2747 4206 suggerit?

342 4315 399 4370 2.
449 4314 592 4368 Ἀλλ’
614 4316 676 4368 οὐ
707 4317 815 4386 γὰρ
846 4319 1159 4390 ἀπρονόητα
1190 4317 1260 4370 τά
1288 4317 1551 4389 ἡμέτερα,
1579 4316 1655 4380 ὡς
1684 4333 1855 4387 μεμα-

2015 4313 2277 4369 2.Verum
2292 4320 2481 4367 nostra
2497 4327 2605 4366 non
2623 4311 2908 4365 iiuntcitra
2926 4308 3346 4379 providentiam,
3359 4321 3545 4378 quent-

276 4403 530 4475 θήκαμεν
562 4406 622 4459 ὲν
643 4406 720 4478 τῷ
744 4408 1079 4481 Εὑαγγελίῳ,
1106 4410 1187 4462 ὅτι
1212 4409 1333 4462 οὐδὲ
1367 4408 1646 4479 στρουθίον
1670 4409 1855 4462 πίπτει

1972 4404 2256 4460 admodum
2289 4404 2343 4457 in
2368 4401 2661 4472 Evangelia
2684 4402 2999 4463 didicimus,
3024 4415 3092 4455 ne
3126 4414 3402 4470 passerem
3431 4398 3548 4466 qui-

278 4493 411 4555 ᾶνευ
442 4494 751 4569 θελήματος
781 4498 876 4551 τοῦ
926 4499 1140 4572 [ἰατρὸς
1171 4499 1347 4571 ἡμῶν.
1377 4500 1564 4562 Ὥστε,
1604 4501 1656 4553 ετ
1683 4517 1736 4555 τι
1768 4500 1855 4566 γέ-

1972 4498 2083 4551 dem
2120 4495 2317 4550 cadere
2338 4495 2457 4549 sine
2479 4494 2757 4548 voluntate
2780 4491 2960 4546 Patris
2990 4492 3166 4547 nostri
3196 4490 3262 4547 ³¹.
3287 4488 3466 4555 Quare
3493 4485 3544 4543 si

280 4601 423 4653 γονε,
458 4588 728 4661 θελήματι
770 4592 959 4660 γέγονε
1005 4591 1098 4646 τοῦ
1132 4592 1435 4654 κτίσαντος
1482 4592 1646 4662 ἡμᾶς.
1683 4590 1772 4661 Τῷ
1806 4590 1855 4643 δὲ

1972 4590 2099 4660 quid
2135 4588 2403 4657 contigit,
2426 4588 2711 4641 voluntate
2747 4585 2973 4653 contigit
2999 4582 3314 4637 Conditoris
3346 4578 3541 4633 nostri.

283 4677 584 4751 βουλήματι
634 4681 730 4736 τοῦ
778 4682 915 4736 Θεοῦ
950 4683 1034 4747 τίς
1080 4682 1416 4755 ἀνθέστηκε;
1464 4680 1855 4753 Καταδεξὼμε-

1972 4684 2100 4748 Quis
2119 4689 2300 4736 autem
2326 4678 2419 4734 Dei
2446 4677 2715 4735 voluntati
2741 4674 2980 4729 resistit?
2998 4673 3379 4742 Suscipiamus
3400 4668 3544 4737 quod

280 4768 349 4823 θα
373 4771 489 4843 (56)
524 4773 587 4826 τὸ
633 4773 847 4845 συμϐάν
868 4792 882 4805 ·
925 4774 1447 4846 δυσανασχετοῦντες
1494 4773 1604 4845 γὰρ
1638 4773 1761 4827 οὔτε
1801 4774 1855 4826 τὸ

1972 4772 2167 4826 accidit
2186 4788 2199 4835 ;
2220 4771 2445 4825 moleste
2466 4771 2609 4824 enim
2641 4768 2895 4825 ferentes,
2913 4778 3089 4834 neque
3108 4763 3160 4815 id
3178 4759 3321 4830 quod
3343 4758 3545 4812 factum

274 4864 279 4867 ’
319 4886 362 4917 ³¹
384 4885 579 4941 llattb.
610 4904 669 4949 ι.
700 4887 793 4944 29.

352 5005 465 5078 (29)
489 5006 645 5062 οὐδὲ
672 5007 933 5073 πολὺς...
960 5007 1310 5072 ὑποδέξεται
1338 5006 1720 5078 τέλοςηῐξεεει
1745 5013 1857 5058 tota

284 5073 398 5131 huic
428 5073 724 5132 verborum
769 5079 1078 5132 complexio
1109 5080 1163 5131 in
1198 5078 1316 5131 Vat.
1364 5087 1420 5131 et
1457 5076 1626 5132 Coisl.
1665 5090 1859 5129 recen-

287 5146 447 5219 tiore,
477 5158 534 5201 et
560 5149 617 5202 in
648 5148 865 5203 duobus
897 5145 1105 5219 Regiis.
1144 5147 1281 5219 Huic
1315 5154 1494 5219 autem
1526 5152 1582 5202 et
1606 5145 1858 5219 sequenti

290 5216 528 5284 epistola:
559 5220 729 5271 multa
780 5219 969 5273 insunt
988 5216 1208 5275 'indicia
1250 5218 1488 5271 hominis
1517 5231 1547 5269 a
1575 5216 1857 5271 rhetorum

2038 5001 2152 5070 (31)
2192 4998 2618 5070 νἜπιτύχωμεν.
2656 4993 2731 5048 Ita
2777 5002 2887 5047 tres
2921 4988 3271 5045 vetustissimi
3302 4984 3542 5039 codices.

1967 5069 2410 5137 Εύίιίτύχωμεν.
2584 5134 2631 5137 __
2711 5131 2752 5137 __
2823 5132 2835 5137 _
2920 5128 2961 5137 η
3113 5135 3119 5137 Α
3233 5126 3243 5136 ,

2036 5140 2150 5223 (δῇ)
2178 5126 2670 5223 ςῖλιὶόζυγρνηδξς
3154 5126 3395 5197 quinque
3425 5126 3542 5180 alii.

1966 5200 2335 5265 Coisli'nian'us
2371 5200 2662 5276 primus__et
2692 5201 2835 5276 editi
2860 5200 3130 5276 ρμόςυγα.

290 5288 774 5356 exercitationibus
800 5290 1057 5344 recentis.
1090 5287 1362 5341 Nonnulla
1394 5287 1581 5348 etiam,
1617 5301 1737 5356 quae
1760 5284 1858 5337 Ba—

291 5355 442 5429 silius
475 5368 607 5429 apte
626 5358 693 5412 ad
716 5359 1035 5429 religionem
1062 5357 1431 5429 Christianam
1455 5355 1853 5429 accommodat.

292 5424 343 5496 in
372 5424 651 5482 Plutarchi
682 5424 924 5483 libro'Dc
956 5429 1173 5482 consalu
1197 5430 1315 5481 ioue
1340 5428 1615 5496 leguntur.
1640 5424 1689 5478 ls
1712 5426 1856 5496 enim

291 5492 445 5550 docet
471 5499 636 5552 vitam
675 5506 867 5553 mutuo
890 5499 1076 5553 datam
1102 5514 1225 5553 esse
1263 5492 1595 5557 hominibus,
1626 5511 1725 5550 nec
1761 5495 1863 5548 nii-

242 5606 253 5615 .
294 5578 408 5619 rum
432 5568 606 5623 videri
628 5568 848 5632 debere,
875 5571 920 5624 si
952 5568 1225 5623 reddenda
1252 5570 1359 5623 sit:
1386 5568 1525 5621 hanc
1549 5567 1714 5619 vitam
1739 5579 1862 5619 esse

298 5635 452 5707 veluti
481 5638 650 5700 viam,
690 5653 799 5707 qua
832 5654 1023 5694 omnes
1063 5639 1130 5692 ad
1158 5639 1298 5693 idem
1330 5636 1693 5693 diversorium
1741 5644 1859 5689 ten—

296 5702 508 5778 dimus:
543 5723 653 5762 non
693 5702 957 5777 liigendos
990 5724 1133 5770 esse,
1165 5724 1306 5778 quos
1349 5708 1499 5778 brevi
1544 5721 1852 5778 sequemur.

304 5839 315 5851 ο
363 5776 470 5836 (50)
506 5778 633 5844 Τὴν
656 5776 869 5851 αὑτήν.
908 5778 1049 5851 Editi
1088 5776 1500 5848 adduntabtqi,
1532 5778 1674 5846 quod
1707 5776 1859 5832 deest

302 5849 353 5895 in
382 5856 583 5916 Septem
618 5850 894 5904 veteribus
923 5849 1096 5903 libris.

2038 5281 2151 5352 (55)
2199 5267 2422 5352 {Aria}.
2577 5272 2750 5352 Harl?
2779 5267 2948 5352 (lois'l.
2981 5270 3190 5338 primus
3216 5274 3270 5321 et
3301 5267 3544 5336 quinque

1966 5341 2080 5416 alii,
2115 5341 2308 5403 melius
2340 5360 2501 5416 quam
2540 5345 2593 5397 in
2615 5341 2777 5416 editis
2813 5341 2987 5416 ἀνιᾷν.

2042 5408 2151 5491 (Et)
2174 5408 2372 5491 flii-rei:
2402 5414 2475 5491 _6‘_é
2504 5430 2599 5482 με.
2625 5408 2995 5491 "Sierodiees
3045 5408 3280 5491 antiqui
3309 5413 3538 5491 septem,

1969 5476 2077 5545 duo
2095 5476 2183 5544 alii
2225 5488 2377 5542 Ἐπεὶ
2398 5485 2452 5537 δέ
2486 5476 2596 5553 μοι,
2622 5481 2765 5534 Editi
2792 5480 2976 5551 ἐπειδή
3008 5496 3117 5549 μοι.
3147 5479 3339 5531 Statim
3366 5476 3541 5545 Bigot.

1968 5563 2063 5616 καὶ
2092 5559 2522 5627 εὐπαράσκευον.

2038 5631 2150 5701 (55)
2189 5619 2319 5681 Ai'vo.
2358 5626 2620 5701 §ic_mss.
2654 5630 2881 5701 septem.
2919 5619 3062 5701 Editi
3090 5620 3249 5695 δυοζν.

2038 5686 2150 5768 i363
2183 5694 2664 5763 Καταδεξώμεθα.
2699 5686 2838 5746 Editi
2870 5692 3076 5768 addunt
3115 5689 3267 5755 γοῦν,
3297 5686 3395 5741 sed
3427 5686 3543 5739 haec

1968 5762 2159 5827 vocula
2198 5771 2349 5825 deest
2382 5769 2434 5819 in
2466 5762 2671 5832 septem
2714 5780 2846 5819 mss.
2877 5762 3163 5817 codicibus

2043 5846 2054 5863 ‘
2090 5842 2240 5897 Alias
2272 5834 2597 5895 CLXXXIX.
2633 5834 2847 5905 Scripta
2884 5832 3072 5889 eodem
3105 5840 3367 5898 tempore.
