3886 6220
390 336 496 396 2&3

1666 364 1725 422 3.
1767 364 2013 427 BASILH
2049 375 2277 434 MAG’NI‘

3542 402 3642 457 ΞΜ

389 462 475 508 est
502 470 845 526 reparamus,
873 475 937 517 ac
976 475 1245 533 praeterea
1271 471 1639 543 nosmetipsos
1668 482 1938 548 perdimus

389 538 469 586 Ne
505 544 791 586 nlllnnmnc
831 548 1035 586 hmlnm
1080 552 1170 586 nn:
1205 556 1466 586 :...t:..:.....
1527 562 1702 586 ‘T:A_!,,
1799 574 1810 584 .

2072 491 2363 563 γενόμενον
2386 494 2766 570 διορθούμεθα,
2798 504 2890 558 καὶ
2920 506 3142 572 ἑαυτοὺς
3165 511 3640 586 προσαπόλλυμεν.

389 538 469 595 Ne
505 544 792 613 culpemus
825 548 1036 618 justum
1078 552 1173 610 Dei
1199 538 1765 625 judicium.'Nimi.um
1796 574 1965 644 impe-

389 632 480 685 riti
509 649 723 701 sumus,
754 654 919 708 quam
950 651 1010 696 ut
1042 660 1240 701 arcana
1291 650 1441 707 illius
1476 653 1687 722 judicia
1712 632 1965 733 exploro-

385 736 531 779 mus.
575 726 731 783 Tunc
775 729 1041 792 Dominus
1089 741 1293 796 amoris
1336 742 1389 797 in
1431 760 1489 800 se
1533 749 1613 803 tui
1660 757 1963 822 periculum

387 813 540 871 facit.
574 816 696 873 Tibi
727 838 875 878 nunc
905 833 1124 898 tempus
1154 839 1258 897 est,
1291 841 1349 886 ut
1383 852 1479 904 per
1506 813 1824 908 patientiam
1848 864 1965 917 par-

384 912 493 960 tem
545 921 844 983 martyrum
893 932 1256 990 consequare.
1310 925 1744 989 Machahaaorum
1788 949 1964 997 mater

382 1009 593 1065 septem
638 1003 876 1060 ﬁliorum
929 1021 1158 1068 mortem
1191 1022 1511 1088 conspexit,
1544 1040 1645 1079 nec
1672 1027 1959 1098 ingemuit.

381 1107 484 1146 nec
534 1094 807 1164 ignobiles
857 1101 1126 1175 lacrymas
1152 1106 1344 1164 ell‘udit
1374 1130 1388 1179 ;
1432 1115 1526 1168 sed
1556 1094 1762 1187 gratias
1790 1137 1959 1192 agens

380 1181 510 1246 Deo,
541 1188 687 1257 quod
715 1191 924 1249 videret
953 1210 1049 1251 eos
1079 1197 1204 1268 igne
1240 1210 1294 1255 et
1329 1202 1475 1259 ferro
1497 1214 1552 1262 et
1585 1213 1959 1273 acerbissimis

377 1277 696 1336 verberibus
737 1300 768 1338 e
812 1286 1049 1343 vinculis
1092 1294 1273 1348 carnis
1304 1299 1548 1354 exsolvi.
1582 1300 1690 1357 Deo
1736 1307 1955 1374 quidem

376 1365 608 1433 probata
653 1368 789 1437 fuit,
831 1375 1066 1432 celebris
1095 1396 1225 1435 vero
1249 1382 1435 1438 habita
1467 1395 1553 1442 est
1596 1365 1955 1461 apud'homi-

373 1473 473 1513 nes
497 1460 560 1515 ³³.
592 1461 828 1519 Aﬂlietio
858 1481 1076 1538 magna,
1104 1470 1282 1527 fateor
1311 1483 1367 1529 et
1393 1492 1494 1546 ego
1522 1498 1533 1532 :
1563 1460 1658 1535 sed
1685 1494 1739 1538 et
1762 1502 1954 1557 magna

372 1565 400 1601 a
433 1549 667 1607 Domino
703 1558 927 1626 praemia
972 1562 1306 1630 patientibus
1350 1574 1605 1640 reposita.
1632 1575 1804 1632 Mater
1828 1549 1952 1635 cbm

367 1642 560 1697 eii‘ecta
582 1664 665 1710 es,
698 1664 1041 1721 puerumque
1071 1657 1275 1722 vidisti,
1310 1676 1372 1714 ac
1400 1664 1603 1732 gratias
1628 1670 1787 1738 egisti
1821 1671 1952 1741 Deo;

367 1734 530 1801 plane
576 1737 789 1795 sciebas
837 1745 1124 1800 mortalem
1174 1762 1203 1801 a
1252 1759 1324 1812 te,
1376 1768 1507 1808 cum
1556 1734 1806 1816 mortalis
1848 1762 1948 1824 sis,

2068 582 2159 652 Μὴ
2191 589 2658 660 κατηγορήσωμεν
2684 591 2785 662 τῆς
2831 594 3046 661 δικαίας
3079 599 3312 668 κρίσεως
3361 602 3456 655 τοῦ
3488 582 3637 659 Θεοῦ.

2081 673 2338 744 Ἀμαθείς
2383 681 2588 749 ἐσμεν,
2636 681 2776 736 ὥστε
2815 684 2883 738 τὰ
2923 687 3135 759 άῤῥητα
3191 690 3357 744 αὐτοῦ
3400 694 3640 764 κρίματα

2064 764 2398 837 δοκιμάζειν.
2423 770 2537 823 Νῦν
2568 788 2661 825 σου
2695 773 2961 846 λαμϐάνει
2990 779 3087 849 τὴν
3120 780 3348 853 δοκιμὴν
3380 785 3411 836 6
3440 784 3638 856 Κύριος

2064 860 2165 929 τῆς
2204 860 2339 931 πρὸς
2387 864 2548 917 αὐτὸν
2594 868 2835 939 ἀγάπης.
2886 870 3000 923 Νῦν
3048 888 3130 924 σοι
3183 872 3419 944 πάρεστι
3453 877 3639 947 καιρὸς

2061 947 2150 1003 διὰ
2170 949 2273 1020 τῆς
2303 953 2582 1025 ὑπομονῆς
2619 957 2717 1029 τὴν
2748 960 2945 1031 μερίδα
2972 961 3081 1014 τῶν
3110 963 3407 1036 μαρτύρων
3434 965 3633 1022 λαϐεῖν.

2074 1039 2137 1091 Ἦ
2165 1040 2273 1094 τῶν
2304 1044 2682 1100 Μακκαὸαίων
2719 1051 2903 1121 μήτηρ
2936 1051 3073 1104 ἐπτά
3105 1053 3307 1106 παίδων
3334 1051 3444 1109 εἶδε
3475 1056 3636 1111 Θάνα-

2059 1146 2152 1182 τον
2173 1171 2187 1194 ,
2228 1133 2324 1185 καὶ
2354 1135 2453 1187 οὐκ
2486 1137 2772 1202 ἐστέναξεν
2792 1177 2806 1201 ,
2861 1141 2984 1193 οὐδὲ
3034 1142 3247 1212 ἀφῆκεν
3278 1146 3505 1213 ἀγεννὲς
3548 1147 3634 1203 δά-

2060 1239 2226 1293 κρυον
2246 1241 2260 1253 ·
2293 1225 2409 1279 ἀλλ’
2439 1229 2836 1300 εὐχαριστοῦσα
2874 1232 2951 1302 τῷ
2990 1233 3129 1305 Θεῷ,
3160 1237 3241 1289 ὅτι
3280 1236 3510 1292 ἔϐλεπεν
3542 1240 3635 1295 a6-

2057 1316 2183 1378 τοὺς
2203 1333 2274 1368 πυ
2283 1315 2335 1387 ρὶ
2357 1318 2449 1371 καὶ
2474 1319 2698 1392 σιδήρῳ,
2724 1324 2816 1376 καὶ
2836 1327 2955 1388 ταῖς
2977 1325 3388 1396 χαλεπωτάταις
3407 1331 3631 1397 αἰκίαις,

2056 1402 2166 1456 τῶν
2199 1404 2412 1476 δεσμῶν
2452 1409 2552 1479 τῆς
2603 1412 2805 1482 σαρκὸς
2848 1413 3173 1485 λυομένους,
3209 1418 3499 1491 εὐδόκιμος
3538 1422 3633 1492 μὲν

2056 1497 2207 1564 παρά
2265 1496 2418 1568 Θεῷ,
2455 1499 2700 1570 ἀοίδιμος
2753 1502 2808 1556 δὲ
2859 1505 3011 1576 παρὰ
3056 1508 3364 1581 ἀνθρώποις
3415 1512 3629 1585 ἐκρίθη.

2054 1585 2214 1655 Μέγα
2248 1588 2307 1640 τὺ
2357 1589 2559 1655 πάθος,
2585 1594 2727 1665 φημὶ
2771 1596 2925 1665 κάγώ
2945 1614 2959 1627 ·
3012 1598 3146 1652 ἀλλὰ
3196 1602 3421 1671 μεγάλοι
3456 1604 3549 1657 καὶ
3582 1605 3630 1657 οὶ

2053 1676 2208 1747 παρὰ
2259 1678 2353 1732 τοῦ
2401 1680 2611 1751 Κυρίου
2645 1684 2827 1753 μισθοὶ
2870 1691 2982 1752 τοῖς
3012 1689 3377 1761 ὑπομένουσιν
3404 1692 3627 1748 ἀποκεί-

2056 1785 2229 1838 μενοι.
2262 1771 2391 1824 Ὅτε
2427 1773 2612 1842 ἐγένου
2655 1778 2858 1849 μήτηρ,
2892 1781 2986 1833 καὶ
3027 1778 3167 1847 εἶδες
3197 1783 3288 1836 τὸν
3322 1785 3509 1850 παῖδα,
3538 1788 3626 1840 καὶ

367 1825 612 1893 genitum
644 1843 789 1885 esse.
818 1831 960 1898 Quid
992 1836 1161 1907 igitur
1205 1842 1442 1910 mirum,
1497 1848 1542 1901 si
1592 1862 1839 1908 mortuus
1864 1865 1938 1908 es.

367 1919 658 1948 Ιηηιιοηιῖοθ
693 1921 796 1948 (2...!
851 1925 992 1948 .I..I-.
1043 1945 1071 1948 _
1119 1930 1192 1948 1-,
1413 1938 1425 1948 .

2056 1825 2068 1838 _
2655 1825 2712 1845 ι.--
2746 1825 2797 1847 --,
2843 1825 2858 1842 ,
2894 1825 2986 1833 .-..-
3029 1825 3164 1847 -.-η
3207 1825 3284 1836 ,υ
3329 1825 3509 1850 ........,
3540 1825 3626 1840 η...

2051 1861 2458 1932 ηὐχαρίστησας
2482 1864 2562 1935 τῷ
2591 1825 2729 1937 Θεῷξ
2755 1825 2902 1939 ᾕδεις
2930 1871 3166 1939 πάντως,
3193 1874 3275 1926 ὅτι
3306 1874 3476 1948 θνητὴ
3497 1871 3627 1931 οὖσα

365 1919 658 2014 mortalis?
693 1921 799 1977 Sed
847 1925 995 1982 dolet
1041 1930 1238 1997 nobis,
1281 1938 1426 2002 quod
1473 1950 1668 2006 praeter
1711 1952 1943 2014 tempus.

364 2003 663 2075 Incertum,
702 2025 886 2069 utrum
919 2017 1021 2073 hoc
1050 2036 1160 2075 non
1194 2022 1360 2079 fuerit
1388 2033 1769 2099 tempestivum
1803 2053 1816 2089 ;
1845 2052 1947 2092 nos

364 2097 637 2169 siquidem
661 2106 864 2176 eligere
884 2125 1006 2179 quae
1034 2113 1326 2172 animabus
1355 2097 1518 2174 utilia
1545 2134 1694 2189 sunt,
1726 2134 1780 2181 et
1808 2141 1948 2197 prae-

360 2189 523 2248 ﬁnire
568 2198 833 2254 terminos
880 2202 1137 2259 humana:
1171 2208 1295 2263 vita;
1342 2227 1451 2266 non
1507 2216 1782 2273 novimus.
1824 2218 1946 2275 Cir-

360 2283 652 2351 cumspice
696 2293 1192 2348 totum-terrarum
1248 2299 1475 2361 orbem.
1526 2301 1580 2355 in
1629 2320 1738 2374 quo
1790 2308 1946 2363 babi-

359 2381 479 2438 tas;
532 2385 584 2430 et
633 2382 811 2450 cogita
848 2386 1034 2440 omnia
1092 2392 1347 2445 mortalia
1400 2409 1524 2450 esse
1576 2414 1696 2466 quae
1749 2401 1944 2457 viden-

359 2476 470 2531 tur,
502 2475 688 2524 omnia
737 2477 1079 2545 corruptioni
1126 2481 1385 2538 obnoxia.
1437 2484 1669 2557 Respice
1717 2491 1782 2545 ad
1827 2507 1942 2548 ca:-

357 2559 509 2625 ium;
568 2570 624 2616 et
674 2564 821 2619 illud
859 2567 1038 2638 ipsum
1098 2573 1395 2644 aliquando
1451 2579 1811 2652 dissolvetur;
1873 2587 1941 2641 ad

356 2651 570 2717 solem,
601 2655 671 2709 ne
700 2657 791 2712 ill'e
830 2660 1053 2729 quidem
1087 2668 1449 2735 permanebit.
1497 2669 1679 2728 Stellae
1709 2651 1901 2734 omnes
1924 2719 1939 2744 ,

357 2744 959 2805 animalia‘terrestria
1003 2763 1057 2808 et
1116 2759 1413 2825 aquatilia,
1465 2769 1625 2818 terra:
1675 2780 1938 2835 ornatus,

355 2839 504 2887 terra
530 2835 667 2906 ipsa,
692 2840 876 2895 omnia
906 2847 1249 2916 corruptioni
1279 2850 1539 2916 obnoxia,
1564 2856 1747 2909 omnia
1779 2860 1940 2927 paulo

356 2934 489 2996 post
516 2942 625 2983 non
652 2933 888 3002 amplius
911 2934 1116 2992 futura.
1157 2937 1362 2994 llcrum
1394 2945 1651 3015 cogitatio
1682 2949 1752 3002 sit
1777 2964 1939 3007 casus

358 3020 638 3076 solatium.
689 3023 835 3081 Cave
884 3029 1248 3087 calamitatem
1297 3036 1477 3105 seipsa
1522 3039 1810 3106 metiaris,
1862 3042 1938 3097 ita

357 3111 501 3165 enim
529 3113 626 3168 tibi
652 3114 929 3173 videbitur
957 3121 1321 3182 intolerabilis
1395 3129 1492 3183 sed
1520 3147 1637 3185 eam
1672 3149 1795 3189 cum
1827 3151 1939 3191 om-

355 3203 523 3258 nibus
574 3207 740 3263 rebus
789 3209 1044 3268 humanis
1091 3230 1457 3287 comparans,
1512 3222 1637 3278 inde
1694 3229 1934 3295 reperies

353 3297 506 3352 illius
534 3299 817 3356 solatium.
848 3300 945 3359 His
985 3312 1166 3361 autem
1197 3313 1456 3387 omnibus
1488 3313 1622 3369 illud
1657 3317 1933 3374 validissi-

353 3402 502 3441 mum
535 3389 848 3447 addendum
889 3394 1106 3452 habeo:
1136 3414 1299 3469 parce
1343 3403 1575 3470 marito;
1604 3407 1743 3461 alter
1780 3409 1937 3464 alteri

353 3480 600 3535 solamen
630 3492 847 3552 estote;
879 3503 946 3541 ne
977 3487 1149 3544 facias
1196 3493 1243 3547 ei
1292 3497 1600 3563 graviorem
1646 3500 1937 3558 calamita-
1985 3489 1989 3493 ’

353 3579 495 3636 teni,
544 3574 737 3631 dolore
772 3591 825 3632 te
862 3579 978 3648 ipsa
1023 3584 1344 3642 conliciens.
1378 3585 1615 3644 Omnino
1645 3600 1823 3645 autem
1859 3608 1942 3646 ar-

354 3662 532 3717 bitror
565 3678 874 3721 sermonem
903 3671 1100 3724 solatio
1131 3672 1393 3744 imparem
1422 3693 1545 3732 esse
1581 3701 1591 3733 :
1628 3679 1722 3733 sed
1755 3681 1932 3750 preci-

348 3754 450 3808 bus
479 3755 533 3809 in
558 3773 617 3811 re
639 3759 896 3827 praesenti
928 3775 1065 3829 opus
1101 3778 1224 3819 esse
1255 3781 1475 3822 censeo.
1517 3766 1718 3825 Precor
1748 3771 1930 3841 itaque

349 3844 525 3915 ipsum
556 3846 869 3917 Dominum,
902 3859 962 3905 ut
988 3868 1087 3908 sua
1114 3870 1224 3909 non
1246 3861 1537 3915 enarrabili
1560 3863 1803 3931 potentia
1818 3863 1930 3937 80

346 3946 577 4008 tangens
619 3957 719 3996 cor
768 3951 956 4009 tuum,
1002 3947 1431 4017 cogitationibus
1480 3952 1639 4009 bonis
1683 3956 1927 4010 animum

345 4035 500 4084 tuum
554 4034 822 4102 iliustret,
861 4045 922 4091 ut
965 4039 1020 4092 in
1077 4041 1249 4111 teipsa
1282 4044 1679 4103 consolationis
1721 4047 1926 4104 habeas

344 4134 689 4194 argumenta.

870 4334 1206 4392 EPISTOLA
1246 4339 1383 4395 νιν..

2050 1951 2242 2021 θνητὸν
2267 1954 2584 2026 ἐγέννησας.
2610 1957 2676 2010 Τί
2707 1953 2801 2013 οὖν
2841 1959 3164 2031 παράδοξον,
3210 1964 3260 2015 εί
3301 1964 3572 2019 ἀπέθανεν
3598 1965 3628 2017 6

2049 2039 2275 2112 θνητός;
2318 2042 2478 2096 Ἀλλὰ
2507 2043 2671 2098 λυπεῖ
2697 2049 2845 2117 ἡμᾶς
2869 2048 2932 2101 τὸ
2965 2050 3117 2120 παρὰ
3142 2052 3353 2121 καιρόν.
3377 2052 3624 2122 Ἄδηλον,

2047 2136 2097 2187 εί
2136 2134 2209 2206 μὴ
2258 2134 2514 2208 εὔκαιρον
2548 2138 2744 2192 τοῦτο’
2782 2140 2969 2212 ἐπειδὴ
3025 2142 3188 2213 ἡμεῖς
3215 2142 3535 2211 ἐκλέγεσθαι
3560 2145 3629 2198 τὰ

2048 2227 2396 2299 συμφέροντα
2437 2231 2578 2293 ταῖς
2608 2228 2845 2301 ψυχαῖς,
2890 2232 2985 2285 καὶ
3033 2233 3235 2304 ὁρίζειν
3285 2233 3627 2304 προθεσμίας

2046 2315 2363 2388 ἀνθρωπίνῃ
2411 2317 2521 2389 ζωῇ
2574 2318 2686 2390 (57)
2737 2321 2838 2375 οὐκ
2881 2322 3246 2393 ἐπιστάμεθα.
3292 2323 3627 2394 Περίϐλεψαι

2044 2405 2134 2461 τὸν
2174 2407 2378 2477 κόσμον
2413 2407 2646 2475 ἅπαντα,
2692 2411 2751 2463 ἐν
2796 2403 2841 2479 ᾧ
2869 2415 3142 2476 κατοικεῖς
3163 2430 3178 2444 ο
3227 2414 3320 2466 καὶ
3349 2414 3624 2483 ἐννόησον,

2044 2498 2127 2550 ὅτι
2150 2496 2328 2551 πάντα
2355 2496 2617 2569 θνητὰητὰ
2646 2499 2924 2572 ὁρώμενα,
2956 2502 3051 2556 καὶ
3079 2506 3256 2557 πάντα
3285 2503 3464 2575 φθορᾷ
3495 2506 3626 2558 ὑπο-

2044 2586 2294 2656 κείμενα.
2313 2588 2638 2659 Ἀνάϐλεψον
2663 2589 2798 2661 πρὸς
2819 2591 2909 2643 τὸν
2936 2592 3162 2663 οὐρανόν
3185 2591 3295 2661 (58)
3314 2609 3328 2621 ·
3353 2593 3448 2645 καὶ
3473 2586 3623 2656 οὗτός

2044 2694 2174 2730 ποτε
2197 2676 2524 2749 λυθήσεται·
2549 2679 2687 2750 πρὸς
2722 2680 2817 2735 τὸν
2842 2680 2994 2749 ἥλιον
3010 2695 3025 2709 ·
3052 2681 3171 2734 οὐδὲ
3192 2674 3345 2744 οὗτος
3368 2681 3480 2753 (59)
3508 2682 3624 2734 διαο

2046 2771 2216 2839 μενεῖ.
2278 2770 2342 2822 Οἱ
2396 2770 2626 2839 ἀστέρες
2680 2770 3024 2841 σύμπαντες,
3077 2771 3191 2836 ζῶα
3240 2775 3472 2844 χερσαῖα
3530 2772 3624 2828 καὶ

2010 2857 2257 2929 ⁴ἔνυδρα,
2304 2858 2373 2912 τὰ
2412 2859 2540 2931 περὶ
2601 2860 2703 2931 γῆν
2763 2860 2957 2933 κάλλη,
3016 2862 3154 2933 αὐτὴ
3206 2861 3391 2933 ήγῆ,
3444 2862 3623 2914 πάντα

2041 2950 2290 3024 φθαρτὰ,
2339 2951 2519 3005 πάντα
2574 2952 2769 3024 μικρὸν
2803 2952 2913 3023 (40)
2949 2952 3172 3025 ὕστερον
3230 2955 3328 3006 οὐκ
3360 2953 3615 3022 ἐσόμενα.

2052 3042 2116 3094 Ἠ
2151 3041 2359 3096 τούτων
2403 3040 2585 3096 ἔννοια
2640 3043 2965 3115 παραμυθία
3004 3043 3143 3096 ἔστω
3192 3043 3285 3096 τοῦ
3340 3043 3618 3114 συμϐεϐη-

2039 3132 2216 3196 κότος.
2270 3133 2361 3205 Μὴ
2402 3132 2523 3186 καθ’
2562 3135 2722 3187 ἑαυτὸ
2771 3133 2959 3205 μέτρει
3004 3134 3064 3186 τὸ
3096 3133 3301 3215 πάθοςο
3348 3134 3618 3206 ἀφόρητον

2038 3227 2147 3299 γὰρ
2177 3228 2319 3280 οὓτω
2347 3229 2598 3297 φανεῖταί
2634 3246 2715 3282 σοι
2735 3244 2748 3257 ·
2783 3228 2921 3282 ἀλλὰ
2947 3231 3060 3292 τοῖς
3091 3228 3453 3299 ἀνθρωπίνοις
3484 3229 3617 3282 πᾶσι

2040 3319 2435 3391 συγκρίνουσα.
2473 3318 2723 3372 ἐντεῦθεν
2772 3321 3026 3393 εὑρήσεις
3060 3321 3222 3374 αὑτοῦ
3283 3322 3383 3392 τὴν
3434 3338 3609 3394 παρα-

2043 3408 2260 3479 μυθίαν.
2300 3409 2431 3463 Ἐπὶ
2479 3411 2614 3462 πᾶσι
2666 3410 2724 3463 δέ
2771 3412 2949 3464 ἐκεῖνο
2995 3412 3171 3464 εἰπεῖν
3214 3411 3431 3482 ἰσχυρὸν
3486 3411 3614 3481 ἔχω,

2041 3505 2223 3570 φεῖσαι
2269 3500 2364 3553 τοῦ
2402 3498 2673 3570 ὁμοζύγου
2695 3518 2708 3532 ⁸
2754 3502 3003 3573 ἀλλήλοις
3041 3501 3262 3571 γένεσθε
3296 3501 3405 3572 (41)
3438 3519 3618 3573 παρα-

2045 3592 2211 3663 μυθία
2233 3608 2245 3621 ·
2283 3591 2358 3663 μὴ
2395 3594 2629 3664 ποιήσῃς
2667 3593 2816 3664 αὑτῷ
2844 3594 3228 3666 χαλεπωτέραν
3275 3595 3374 3667 τὴν
3409 3612 3619 3665 συμφο-

2037 3683 2254 3755 ρὰν,τῷ
2282 3682 2445 3736 πάθει
2477 3683 2675 3756 ἑαυτὴν
2705 3685 3176 3740 καταναλίσκουσα
3201 3685 3333 3757 (42).
3354 3684 3534 3750 Ὀλως
3558 3684 3618 3740 δὲ

2034 3776 2133 3827 οὐκ
2158 3766 2311 3846 οἶμαι
2341 3775 2498 3845 λόγον
2521 3775 2772 3848 ἐξαρκεῖν
2804 3778 2884 3841 είς
2914 3776 3282 3849 παράκλησιν,
3306 3776 3421 3830 ἀλλ’
3446 3776 3614 3847 εὐχῆς

2037 3865 2274 3937 ἡγοῦμαι
2299 3866 2487 3939 χρείαν
2519 3863 2660 3920 εἶναι
2694 3867 2831 3939 πρὸς
2856 3868 2927 3921 τὰ
2957 3868 3222 3940 παρόντα.
3251 3868 3495 3939 Εὖχομαι
3520 3864 3616 3923 οὖν

2034 3957 2197 4009 αὑτὸν
2220 3957 2311 4010 τὸν
2344 3957 2567 4030 Κύριον,
2594 3961 2662 4030 τῇ
2706 3958 2898 4029 ἀφάτῳ
2931 3958 3096 4013 αὑτοῦ
3144 3959 3371 4029 δυνάμει
3406 3957 3617 4028 ἐφαψά-

2038 4048 2197 4116 μενόν
2228 4066 2321 4102 σου
2361 4050 2459 4121 τῆς
2490 4050 2738 4122 καρδίας,
2778 4052 3074 4122 ἐμποιῆσαι
3104 4050 3220 4120 φῶς
3248 4054 3314 4123 τῇ
3342 4051 3486 4121 ψυχῇ
3518 4068 3613 4104 σου

2032 4138 2121 4191 διὰ
2168 4137 2279 4193 τῶν
2325 4140 2545 4210 ἀγαθῶν
2605 4141 2917 4213 λογισμῶν,
2976 4144 3042 4196 ἵν’
3076 4142 3286 4197 οἴκοθεν
3330 4141 3463 4213 ἔχῃς
3511 4140 3615 4212 τῆς

2034 4231 2390 4303 παραμυθίας
2422 4233 2521 4296 τὰς
2550 4233 2847 4319 ἀφορμάςη

2596 4334 2945 4409 ΕΠιΣτολΗ
2982 4352 3056 4403 Ζσ.

340 4434 557 4488 Basilius
573 4437 812 4505 signiﬁcat
832 4443 1411 4529 futurumse'prov‘idiss‘e.
1431 4457 1484 4499 ut
1504 4450 1723 4529 penuria;
1741 4453 1996 4529 uerborum
2014 4464 2357 4529 accusaretur,
2369 4471 2454 4529 nec
2473 4465 2630 4529 tanien
2650 4458 2835 4529 idcirco
2853 4457 3203 4529 consulentibus
3222 4457 3611 4523 respondmdum

821 4518 915 4555 non
933 4520 1053 4557 esse.
1078 4510 1314 4560 Hortatur
1337 4510 1644 4577 Gregorium,
1669 4522 1720 4564 ut
1737 4520 1885 4565 totum
1906 4530 1957 4566 se
1981 4517 2141 4567 tradat
2168 4510 2383 4569 veritatis
2402 4518 2688 4582 defensioni,
2710 4535 2794 4572 nec
2819 4534 2871 4571 se
2891 4522 3126 4570 consulat.

893 4588 1145 4658 Gregorio
1174 4592 1370 4648 sodaii.

412 4676 488 4730 Ne
540 4686 652 4732 tum
719 4696 940 4748 qulaem
1008 4682 1362 4753 ignorabam,
1438 4702 1561 4742 cum
1620 4690 1917 4745 scriberem

409 4769 455 4800 "
479 4768 517 4822 ll
545 4769 720 4826 Maeli.
749 4789 845 4836 vn,
878 4775 901 4828 1
944 4790 1096 4843 seqq.

416 4862 610 4934 ‘VAIias
640 4863 702 4917 ll.
737 4863 950 4934 Scripta
977 4866 1190 4919 videtur
1215 4869 1266 4920 in
1295 4884 1535 4923 secessu.

412 4932 524 5008 (57)
574 4932 944 5008 Ἀνθρωπίνῃ
979 4934 1110 5004 (toﬁ.
1152 4936 1265 5008 Duo
1283 4939 1640 4995 vetustissimi
1672 4942 1914 5008 codices,

337 4998 513 5077 Harl»:
543 5012 597 5077 et
626 4998 795 5077 (ξοῖείξ
831 4998 1177 5077 ἀνθρωπίνης
1211 5007 1375 5077 ζωῆς.

407 5068 519 5159 (58)
548 5072 704 5141 Πρὸς
732 5074 841 5131 τὸν
869 5068 1170 5145 οὺξρανόνῖ
1205 5068 1385 5142 ΙΙιιιίΙζ,
1412 5087 1466 5135 et
1506 5079 1795 5138 Medicaeus
1836 5085 1919 5149 εις

369 5139 427 5193 ὸν
456 5144 703 5196 ουοανόν.

333 5156 427 5194 τον
456 5156 517 5194 Οῡ
526 5156 703 5196 οανον.

407 5160 933 5292 ίῦἷΐρξΐέἐρᾷτρςτ
951 5207 1058 5292 Δδίο
1073 5217 1251 5292 ila_rl.,
1281 5227 1336 5274 et
1362 5217 1529 5275 Coisl.
1556 5221 1768 5292 primus
1785 5239 1911 5281 cum

334 5282 509 5335 tribus
536 5284 679 5337 aliis.
714 5286 856 5339 Editi
879 5286 1001 5340 οὐδὲ
1026 5290 1209 5353 αὐτός.

405 5353 517 5434 (41))
554 5353 1018 5434 Ιζᾴνςᾳημικρᾴν.
1049 5359 1149 5434 _Sic
1194 5358 1565 5434 Harl.,_Coisl.
1592 5371 1823 5434 uterque
1858 5376 1912 5421 et

331 5430 449 5501 tres
471 5422 651 5501 ﬂegii.
677 5422 826 5501 _E_d_iti
862 5422 1168 5501 καὶπάντα
1209 5422 1428 5501 μικροῦ.

1946 4608 1996 4663 D
2088 4610 2093 4615 .

2465 4605 2775 4673 Γρηγορίῳ
2804 4605 3014 4673 ἑταίρῳ
3040 4605 3175 4674 (45).

2099 4696 2232 4750 Οὐδὲ
2264 4698 2387 4751 τότε
2415 4698 2523 4769 (44)
2549 4699 2802 4768 ἠγνόουν,
2843 4697 2935 4757 ὅτε
2978 4697 3297 4752 ἐπέστελλον
3337 4701 3404 4769 τῇ
3429 4696 3610 4767 λογιό-

2027 4875 2569 4957 primisquintamen
2611 4875 2760 4957 addit
2806 4878 3115 4957 ἐπισκόπῳ.
3151 4875 3383 4957 Codices
3411 4891 3608 4957 omnes

2024 4942 2295 5013 Gregorio
2349 4945 2690 5000 Nazianzeno
2741 4947 2881 5000 banc
2921 4942 3207 5014 epistolam
3265 4947 3607 5010 inscribunt,

2025 5015 2118 5068 sed
2155 5016 2207 5068 in
2235 5016 2424 5070 codice
2455 5015 2832 5069 vetustissimo
2862 5015 3202 5070 Coisliniano
3234 5025 3355 5084 post
3383 5017 3607 5070 titulum

2027 5084 2222 5167 legitur
2277 5085 2496 5167 ea_dem_
2524 5100 2707 5167 manu‘
2747 5102 2855 5166 γρ.⁸
2891 5086 3153 5167 Εὑαγριίῳλ
3206 5085 3605 5167 πρεσβυτέρῳ,

2025 5156 2278 5223 scriptum
2319 5156 2606 5236 invenitur,
2637 5153 2886 5236 _Evugrio
2944 5153 3287 5236 presbytero.’
3466 5153 3607 5236 tanti

2024 5240 2132 5278 non
2161 5233 2245 5280 est
2283 5225 2551 5291 ejusmodi
2598 5226 2933 5281 observatio.
2972 5239 3024 5279 ιιι
3055 5225 3175 5296 haec
3204 5225 3431 5296 epistola
3466 5225 3608 5279 Eva-

2020 5296 2141 5363 grio
2170 5297 2490 5376 presbytero
2526 5295 2733 5364 scripta
2762 5297 2944 5376 potius
2980 5294 3253 5376 videatur,
3284 5311 3446 5376 quam
3473 5297 3605 5351 Gre-

2019 5364 2193 5435 gorio,
2227 5364 2416 5421 cui'et
2459 5364 2989 5447 veterunecodri‘cum
3016 5367 3350 5447 testiinonio
3400 5373 3454 5418 et
3503 5379 3603 5446 sua

2019 5445 2214 5505 sponte
2261 5441 2466 5505 optime
2501 5435 2775 5505 congruit.
2840 5434 3064 5504 Signata
3106 5444 3191 5489 est
3230 5436 3374 5490 enim
3412 5435 3608 5505 inani-

402 5492 515 5562 (41)
558 5492 883 5575 ἲξελλήλοές.
919 5496 1184 5575 γένεσθε.
1366 5509 1489 5575 tres
1525 5505 1909 5575 vetustissimi
2014 5492 2171 5560 festis
2207 5492 2351 5560 nolis
2397 5492 2781 5560 mntiuevillius
2821 5492 3017 5575 operae,
3050 5522 3213 5573 quam
3262 5505 3365 5560 sibi
3399 5503 3608 5575 Grego-

329 5563 755 5643 codioes__Harl.,
788 5563 957 5643 guisl.
986 5577 1040 5621 et
1067 5569 1203 5624 Med.
1237 5569 1377 5625 Editi
1409 5572 1659 5643 ἀλλήλοις
1690 5576 1834 5630 ἐστέ.

402 5632 515 5702 (42)
535 5636 1097 5711 Κατανᾳλίσκιουσα.
1121 5643 1375 5711 Quinque
1411 5632 1654 5708 codices;
1684 5662 1792 5701 non
1824 5654 1908 5699 ta-

330 5714 456 5755 men
490 5707 867 5769 vetustissimi,
900 5709 1284 5764 ἀναλίσκουσα.

333 5845 341 5854 _
402 5773 530 5847 (45)}
564 5775 883 5847 Γρηγορίῳ.
935 5778 1007 5834 lla
1063 5783 1230 5837 codex
1273 5780 1571 5840 Vaticanus
1624 5792 1677 5841 et
1729 5784 1900 5843 Coisl.

2012 5576 2129 5698 Eius
2157 5584 2210 5629 et
2249 5576 2489 5632 Basilius
2520 5578 2575 5631 in
2614 5577 2789 5631 sacris
2819 5577 3016 5633 litteris
3048 5575 3390 5631 illustrandls
3422 5575 3610 5630 trade-

2049 5654 2164 5698 aut.

2049 5654 2164 5698 aut.

2083 5716 2194 5799 (μ)
2236 5716 2399 5799 Οὐδὲ¹
2426 5717 2573 5799 ςότε.
2610 5718 2701 5799 Sic
2729 5719 2979 5799 quinque
3014 5733 3148 5799 mss.
3183 5715 3424 5797 codices.

2010 5786 2282 5839 οὐδέποτε.
2325 5786 2400 5842 Ad
2433 5788 2547 5842 lucc
2582 5786 2830 5844 vcrbain
2863 5788 3050 5844 codice
3082 5786 3275 5859 Regio,
3312 5800 3422 5857 quo
3463 5797 3598 5840 usus
