3886 6220
287 325 398 386 217

1679 332 1738 390 5.
1774 333 2023 392 BASlLll
2078 336 2297 393 MAGNI

3447 327 3568 383 118

292 443 463 498 subiit
502 443 637 500 mihi
685 459 971 502 sacrorum
1022 443 1371 517 dogmatum,
1415 451 1469 499 et
1513 444 1876 515 philosophia

1995 447 2070 510 ὶος
2093 463 2180 510 τις
2213 442 2461 516 ὑπεισῂει
2511 460 2615 514 μου
2660 442 2771 496 τῶν
2808 440 2968 495 θείων
3004 438 3312 511 δογμάτων,
3338 439 3433 491 καὶ
3457 441 3568 508 τῆς

256 551 414 618 ,ιιυαι
461 537 612 593 circa
660 538 753 593 illa
797 546 1067 596 versatur.
1113 537 1396 606 Quomodo
1444 537 1589 593 enim
1640 538 1869 608 possim,

256 628 530 697 laiebam,
569 618 921 687 habitantem
976 632 1033 686 in
1086 631 1247 687 nobis
1300 631 1566 685 malitiam
1619 629 1874 685 domare?

261 720 431 815 {Quis
465 722 601 777 mihi
648 723 742 779 ﬁat
784 724 989 788 Laban,
1023 724 1265 815 liberans
1297 740 1384 779 me
1424 725 1492 779 ab
1536 722 1680 815 Esau
1710 731 1873 793 atque

295 813 365 865 ad
413 829 709 885 supernam
768 816 1167 888 philosophiam
1226 813 1541 870 deducens?
1602 812 1872 879 Quoniam

297 912 502 968 autem.
536 907 649 964 Deo
685 909 868 969 dante.
910 912 1023 965 voti
1063 919 1367 980 compotes,
1400 918 1666 980 quantum
1696 908 1872 971 licuit,

298 993 426 1050 facti
460 1012 674 1060 sumus,
711 1001 999 1057 electionis
1031 1002 1252 1055 invento
1284 1017 1414 1056 vase
1455 1008 1510 1055 et
1553 1008 1717 1070 puteo
1748 1014 1877 1070 pro-

302 1086 492 1151 fundo.
537 1090 663 1147 dico
719 1101 900 1149 autem
950 1094 1157 1152 Christi
1201 1110 1265 1150 os
1308 1093 1678 1165 Gregorium:
1714 1092 1876 1147 nobis

299 1193 628 1250 parumper,
676 1198 898 1253 quaso,
953 1200 1178 1255 parum,
1241 1199 1535 1255 rogamus,
1590 1183 1878 1239 concedite

301 1272 601 1340 temporis;
627 1288 737 1328 non
784 1276 929 1344 quod
973 1276 1026 1331 in
1062 1276 1196 1332 urbe
1222 1276 1706 1331 commorationem
1762 1290 1877 1329 am-

302 1359 517 1417 biamus
561 1369 763 1434 (neque
803 1366 951 1421 enim
999 1367 1342 1437 ignoramus,
1375 1366 1628 1421 homines
1659 1366 1762 1421 hoc
1791 1381 1882 1436 pa-

303 1460 391 1506 rto
428 1468 459 1506 a
493 1456 731 1526 maligno
770 1456 995 1529 decipi),
1027 1461 1121 1516 sed
1163 1460 1309 1530 quod
1347 1460 1555 1515 versari
1585 1475 1708 1514 cum
1751 1476 1881 1515 san-

302 1541 407 1597 ctis
436 1543 593 1613 longe
624 1547 979 1603 utilissimum
1027 1565 1150 1605 esse
1186 1548 1522 1619 iudicemus.
1556 1548 1694 1603 Dum
1734 1551 1878 1605 enim

303 1632 369 1685 de
414 1634 617 1693 divinis
646 1639 999 1711 dogmatibus
1028 1642 1235 1713 aliquid
1277 1643 1501 1707 dicitur,
1553 1642 1883 1713 auditurque

304 1727 664 1798 frequentius,
694 1735 1220 1806 contemplationum
1271 1736 1559 1806 quemdam
1612 1736 1877 1804 habitum,

1973 540 2102 612 περὶ
2142 541 2324 592 ἐκεῖνα
2370 535 2706 608 φιλοσοφίας.
2733 534 2858 599 Πῶς
2884 535 2994 606 γὰρ
3030 532 3096 587 ἂν
3126 532 3394 601 δυναίμην
3421 531 3563 600 (50),

1974 631 2109 702 ἔφην
2150 628 2281 700 ἐγὼ,
2321 629 2589 700 κρατῆσαι
2620 627 2719 698 τῆς
2760 624 3112 694 συνοικούσης
3152 623 3281 694 ἡμῖν
3323 620 3565 687 κακίας;

1975 724 2068 789 Τίς
2113 724 2159 778 δ’
2188 724 2254 778 άν
2290 739 2381 795 μοι
2410 721 2637 793 γένηται
2682 719 2897 784 Λάὸαν,
2944 716 3305 773 ἀπαλλάττων
3347 730 3419 785 με
3460 711 3565 766 τοῦ

1987 815 2179 881 Ἡσαῦ,
2220 817 2315 870 καὶ
2361 814 2499 887 πρὸς
2541 814 2640 884 τὴν
2688 812 2951 867 ἀνωτάτω
2995 807 3314 880 φιλοσοφίαν
3361 803 3565 859 παιδα-

1975 907 2205 977 γωγῶν;
2247 905 2385 960 Ἀλλ’
2442 905 2630 977 ἐπειδὴ
2685 906 2783 958 σὺν
2838 901 2958 974 Θεῷ
3009 900 3105 955 τοῦ
3162 897 3370 952 σκοποῦ
3421 895 3566 950 κατὰ

1976 998 2205 1070 δύναμιν
2237 999 2636 1070 τετυχήκαμεν,
2670 997 2925 1068 εὑρόντες
2969 993 3162 1057 σκεῦος
3205 989 3441 1060 ἐκλογῆς
3467 989 3564 1042 καὶ

1978 1093 2153 1166 φρέαρ
2175 1091 2332 1163 βαθὺ,
2351 1091 2496 1161 λέγω
2518 1090 2575 1142 δὲ
2592 1090 2650 1143 τὸ
2675 1088 2768 1143 τοῦ
2789 1085 3026 1161 Χριστοῦ
3046 1086 3221 1157 στόμα
3238 1083 3557 1157 Γρηγόριον·

1977 1184 2155 1254 ὀλίγον
2183 1186 2337 1255 ἡμῖν,
2368 1180 2696 1254 παρακαλῶ,
2725 1179 2901 1248 ὀλίγον
2933 1178 3324 1248 συγχωρήσατε
3349 1173 3560 1245 χρόνον,

1979 1277 2281 1348 αἰτούμεθα
2302 1292 2315 1307 ·
2361 1276 2422 1328 οὐ
2457 1275 2554 1344 τὴν
2599 1274 2657 1327 ὲν
2699 1275 2817 1337 ταῖς
2854 1272 3043 1326 πόλεσι
3077 1268 3359 1340 διατριϐὴν
3384 1269 3564 1320 ἀσπα-

1982 1366 2200 1438 ζόμενοι
2219 1383 2234 1396 ο
2264 1365 2383 1419 οὐδὲ
2409 1363 2519 1435 γὰρ
2559 1362 2784 1435 λέληθεν
2828 1364 2976 1435 ἡμᾶς
3006 1363 3036 1414 ὁ
3073 1361 3310 1433 πονηρὸς
3339 1358 3432 1412 διὰ
3458 1358 3565 1412 τῶν

1979 1458 2236 1513 τοιούτων
2280 1456 2380 1528 τὴν
2424 1455 2644 1527 ἀπάτην
2671 1457 2787 1519 τοῖς
2817 1454 3127 1526 ἀνθρώποις
3162 1452 3565 1524 προσμηχανώ-

1986 1568 2176 1625 μενος’
2219 1550 2354 1605 ἀλλὰ
2396 1549 2496 1621 τὴν
2546 1550 2833 1620 συντυχίαν
2874 1542 2976 1620 τὴν
3020 1548 3156 1620 πρὸς
3198 1547 3329 1610 τοὺς
3377 1546 3565 1614 ἁγίους

1983 1643 2241 1714 ὲπωφελῆ
2273 1642 2509 1715 μάλιστα
2534 1642 2811 1715 κρίνοντες
2847 1640 2981 1712 (51).
3024 1641 3113 1694 Ἐν
3136 1639 3247 1711 γὰρ
3273 1638 3355 1710 τῷ
3391 1637 3567 1706 λέγειν

1983 1755 2037 1791 τι
2064 1736 2195 1809 περὶ
2239 1735 2349 1789 τῶν
2371 1735 2532 1789 θείων
2567 1732 2877 1804 δογμάτων,
2922 1732 3018 1786 καὶ
3056 1731 3278 1784 ἀκούειν
3310 1728 3570 1782 πυκνότεο

302 1821 395 1890 qui
436 1838 578 1896 agre
632 1798 949 1891 amittatur,
1003 1798 1356 1897 suscipimus.
1407 1826 1473 1882 Et
1521 1843 1614 1884 res
1661 1827 1878 1900 quidem

1995 1847 2079 1903 ρον
2103 1871 2117 1895 ,
2142 1798 2276 1895 ’ἕξιν
2321 1798 2726 1899 δυσαπόὸλητον
2770 1825 3144 1897 θεωρημάτων
3199 1822 3566 1894 λαμϐάνομεν.

305 1921 508 1969 nostra
537 1917 610 1970 ita
637 1932 696 1973 se
727 1919 948 1975 habent.

371 2005 427 2061 2.
462 2005 572 2061 Vos
607 2018 786 2064 autem
808 2052 824 2077 ,
855 2026 889 2065 o
917 2011 1104 2066 divina
1130 2020 1184 2067 et
1219 2014 1461 2069 omnium
1494 2014 1629 2069 mihi
1669 2014 1882 2070 charis-

305 2096 443 2150 sima
485 2100 661 2167 capita
689 2141 705 2165 ,
768 2112 960 2159 cavete
1012 2104 1425 2161 Philislinorum
1473 2115 1766 2177 pastores,
1812 2124 1883 2163 ne

305 2193 430 2256 quis
466 2201 661 2261 puteos
694 2204 907 2251 vestros
934 2198 1247 2253 clanculum
1279 2200 1529 2256 obstruat
1556 2239 1573 2264 .
1601 2210 1654 2256 et
1687 2215 1881 2271 puram

304 2299 494 2335 eorum
517 2324 530 2346 ,
564 2302 686 2355 qua
733 2288 799 2341 ad
838 2288 997 2344 ﬁdem
1031 2292 1336 2360 pertinent,
1373 2293 1741 2363 cognitionem
1783 2293 1883 2348 ob-

306 2374 508 2430 turbet.
543 2375 656 2431 Hoc
687 2380 834 2433 enim
878 2379 961 2435 eis
1005 2396 1221 2451 semper
1263 2381 1448 2437 studio
1497 2390 1620 2447 est,
1658 2398 1768 2437 non
1817 2397 1886 2437 ex

307 2465 612 2534 Scripturis
648 2469 821 2524 sacris
850 2469 1050 2523 docere
1093 2472 1305 2525 animas
1352 2473 1756 2543 simpliciores,
1789 2475 1887 2529 sed

306 2556 575 2624 sapientia
635 2567 898 2614 extranea
957 2561 1243 2615 veritatem
1307 2564 1730 2621 circumvenire.
1781 2565 1886 2631 Qui

306 2646 450 2699 enim
482 2649 769 2717 ingenitum
809 2658 862 2705 et
877 2653 1111 2720 genitum
1143 2654 1197 2706 in
1233 2664 1479 2709 nostram
1513 2657 1677 2711 ﬁdem
1708 2659 1890 2714 intro-

305 2736 491 2795 ducit.
525 2725 790 2807 docetque
841 2756 965 2795 eum
1017 2743 1111 2812 qui
1158 2758 1374 2814 semper
1419 2755 1543 2810 est,
1590 2745 1890 2816 aliquando

309 2845 416 2883 non
449 2830 656 2895 fuisse,
692 2848 929 2903 eumque
968 2837 1061 2904 qui
1113 2843 1310 2890 natura
1364 2855 1429 2893 ac
1484 2854 1701 2910 semper
1730 2839 1892 2897 Pater

307 2931 425 2985 est,
456 2933 664 2992 patrem
711 2924 861 2991 ﬁeri,
909 2935 963 2981 et
1022 2926 1287 2998 Spiritum
1328 2938 1579 2986 sanctum
1614 2947 1725 2987 non
1766 2947 1893 2990 esse

309 3015 740 3083 sempiternum,
803 3033 986 3073 nonne
1036 3020 1129 3074 ille
1186 3022 1363 3091 palam
1409 3022 1721 3080 Philistaus
1773 3034 1888 3093 est,

1982 1925 2094 1979 Kal.
2119 1922 2191 1978 τὰ
2223 1922 2323 1995 μὲν
2347 1921 2469 1976 καθ’
2493 1923 2640 1993 ἡμᾶς
2661 1920 2847 1974 τοῦτον
2877 1919 2992 1991 ἔχει
3019 1919 3110 1973 τὸν
3138 1917 3365 1990 τρόπον.

2050 2014 2106 2068 2.
2154 2014 2344 2085 Ὑμεῖς
2381 2012 2459 2076 δὲ,
2487 2004 2533 2065 ὦ
2555 2009 2695 2064 θεῖαί
2734 2027 2824 2081 μοι
2853 2009 2948 2064 καὶ
2967 2004 3435 2078 προσφιλέσταται
3468 2017 3571 2054 πα-

1985 2104 2094 2159 σῶν
2145 2102 2381 2172 κεφαλαὶ
2403 2143 2421 2168 ,
2477 2097 2813 2171 φυλάττεσθε
2874 2098 3002 2162 τοὺς
3055 2094 3168 2149 τῶν
3214 2092 3573 2148 Φυλιστιαίων

1984 2197 2272 2269 ποιμένας,
2303 2196 2377 2267 μή
2424 2210 2509 2258 τις
2550 2193 2729 2248 λαθὼν
2774 2190 3032 2264 ἐμφράξῃ
3060 2189 3217 2262 ὑμῶν
3241 2186 3310 2241 τὰ
3340 2186 3570 2259 φρέατα,

1987 2292 2082 2344 καὶ⁵
2132 2290 2195 2343 τὸ
2247 2288 2488 2362 καθαρὸν
2517 2288 2618 2358 τῆς
2650 2283 2907 2355 γνώσεως
2938 2284 3040 2355 τῆς
3087 2282 3218 2353 περὶ
3248 2280 3352 2351 τὴν
3392 2279 3575 2332 πίστιν

1987 2379 2316 2453 ὲπιθολώσῃ.
2366 2379 2537 2433 Τοῦτο
2584 2377 2690 2449 γὰρ
2734 2378 2918 2439 αὐτοῖς
2959 2373 3046 2428 άεί
3093 2375 3241 2427 ἐστιν
3290 2369 3573 2442 ἐπιμελὲς,

1993 2474 2066 2544 μὴ
2108 2477 2173 2527 ὲκ
2201 2472 2309 2525 τῶν
2341 2471 2502 2525 θείων
2548 2469 2778 2543 Γραφῶν
2801 2468 3073 2523 διδάσκειν
3112 2464 3211 2530 τὰς
3258 2460 3577 2534 ἀκεραιοτέ-

1993 2583 2091 2636 ρας
2132 2564 2331 2636 ψυχὰς,
2359 2563 2475 2617 ἀλλ’
2514 2564 2578 2616 ὲκ
2616 2560 2719 2632 τῆς
2759 2559 2958 2626 ἔξωθεν
2996 2557 3190 2628 σοφίας
3229 2550 3577 2626 παρακρούε·

1992 2659 2115 2712 σθαι
2142 2658 2241 2729 τὴν
2269 2656 2545 2728 ἀλήθειαν.
2584 2655 2642 2708 '0
2668 2653 2778 2725 γάρ
2803 2650 3136 2722 ἀγέννητον
3161 2648 3255 2702 καὶ
3282 2644 3578 2716 γεννητὸν

1991 2749 2300 2818 ἐπεισάγων
2337 2747 2498 2818 ἡμῶν
2546 2749 2614 2818 τῇ
2663 2746 2866 2809 πίστει,
2922 2742 3017 2796 κα)⁵
3055 2741 3148 2796 τὸν
3194 2740 3282 2793 ἀεὶ
3322 2738 3455 2792 ὄντα
3506 2737 3578 2807 μὴ

1991 2843 2120 2896 ὄντα
2157 2841 2291 2895 ποτὲ
2321 2839 2682 2910 δογματίζων,
2720 2836 2813 2891 καὶ
2849 2836 2942 2889 τὸν
2987 2834 3144 2902 φύσει
3189 2831 3285 2885 καὶ
3334 2829 3426 2884 ἀεὶ
3470 2830 3580 2881 Πα-

1990 2934 2125 3004 τέρα
2176 2930 2390 3002 πατέρα
2438 2928 2744 2998 γινόμενον,
2792 2927 2888 2980 καὶ
2934 2924 2995 2977 τὸ
3045 2920 3269 2993 Πνεῦμα
3315 2920 3378 2973 τὸ
3425 2918 3581 2987 ἅγιον

1992 3028 2093 3081 οὐκ
2129 3024 2318 3086 ἀΐδιον,
2351 3024 2452 3077 οὐκ
2496 3017 2756 3092 ἄντικρύς
2802 3019 2919 3070 ἐστι
2961 3013 3254 3077 Φυλιστεύς
3294 3011 3445 3083 (52);
3483 3010 3581 3081 βα·-

306 3104 560 3161 invidens
598 3109 922 3177 patriarcha
950 3112 1123 3167 nostri
1169 3113 1366 3170 ovibus
1392 3156 1406 3180 ,
1441 3133 1513 3171 ne
1545 3133 1611 3172 ex
1666 3133 1804 3188 pura
1837 3129 1888 3174 et

1997 3117 2230 3172 σκαίνων
2257 3118 2370 3177 τοῖς
2418 3112 2512 3167 τοῦ
2562 3111 2902 3184 πατριάρχου
2938 3108 3093 3180 ἡμῶν
3133 3106 3469 3212 προϐάτοιςὶ
3494 3104 3581 3212 ἵνα

313 3198 365 3249 in
390 3197 552 3252 vitam
587 3208 849 3255 aternam
874 3203 1105 3259 saliente
1135 3219 1277 3274 aqua
1303 3206 1494 3262 bibant
1524 3208 1594 3272 ³⁸,
1629 3209 1725 3264 sed
1756 3210 1888 3264 illud

1998 3210 2072 3281 μὴ
2101 3208 2328 3262 πίνωσιν
2357 3208 2422 3258 ὲκ
2448 3203 2541 3258 τοῦ
2565 3200 2806 3274 καθαροῦ
2853 3201 2948 3255 καὶ
2990 3199 3283 3270 ἁλλομένου
3321 3199 3403 3260 είς
3435 3194 3582 3265 ζωὴν

312 3291 590 3360 propheta:
618 3294 904 3347 oraculum
930 3294 1150 3350 trahant
1183 3297 1238 3350 in
1277 3299 1642 3369 semetipsos:
1678 3298 1766 3354 Me
1800 3301 1894 3355 de-

311 3382 634 3453 reliqueruut
664 3385 861 3455 fontem
890 3404 1044 3457 aqua:
1079 3391 1226 3449 viva—3.
1269 3406 1330 3443 ac
1361 3390 1608 3459 foderunt
1635 3393 1739 3448 sibi
1764 3395 1892 3456 ipsis

311 3477 568 3531 cisternas
597 3476 826 3534 obtritas
852 3518 868 3543 ,
900 3497 1019 3549 qua:
1071 3498 1175 3535 non
1216 3493 1462 3552 poterunt
1500 3502 1694 3557 aquam
1724 3490 1896 3542 conti-

312 3585 433 3623 nere
484 3569 571 3636 ³⁸;
624 3585 750 3624 cum
805 3570 1052 3627 conﬁteri
1104 3583 1354 3653 oporteat
1408 3576 1577 3632 Deum
1634 3576 1892 3647 Patrem,

312 3662 482 3715 Deum
535 3660 769 3729 Filium,
810 3662 981 3719 Deum
1015 3664 1280 3735 Spiritum
1330 3675 1586 3724 sanctum
1609 3709 1624 3733 ,
1656 3671 1736 3725 uti
1778 3672 1896 3726 elo-

313 3748 441 3815 quia
475 3749 659 3805 divina
682 3791 698 3815 ,
731 3761 785 3807 et
819 3753 913 3825 qui
967 3770 1032 3809 ea
1069 3756 1364 3813 sublimius
1398 3760 1755 3824 intellexere,
1790 3761 1894 3816 do-

314 3850 568 3897 cuerunt.
610 3844 878 3899 (laterum
911 3845 979 3900 ad
1009 3861 1104 3903 eos
1142 3849 1236 3918 qui
1267 3857 1383 3906 tres
1429 3850 1563 3907 deos
1607 3852 1771 3909 nobis
1798 3870 1897 3909 ex-

316 3932 615 4000 probrant,
669 3936 803 3990 illud
851 3936 1115 3993 dicatur:
1168 3956 1337 3995 unum
1390 3957 1494 3998 nos
1549 3942 1721 4000 Deum
1782 3961 1896 4001 non

315 4038 545 4078 numero
580 4065 596 4089 ,
665 4027 761 4082 sed
815 4037 1014 4085 natura
1083 4034 1356 4089 conﬁteri.
1416 4034 1692 4108 Quidquid
1749 4042 1894 4095 enim

315 4128 485 4168 unum
517 4132 750 4173 numero
777 4119 1007 4184 dicitur,
1042 4121 1098 4176 id
1131 4139 1259 4179 vere
1291 4140 1461 4179 unum
1491 4140 1601 4182 non
1635 4136 1755 4191 est,
1803 4145 1900 4183 ne-

315 4220 421 4271 que
456 4215 653 4261 natura
683 4210 917 4281 simplex
948 4231 960 4266 :
997 4212 1169 4269 Deum
1206 4231 1337 4270 vero
1377 4218 1680 4288 simplicem
1733 4230 1786 4273 et
1822 4221 1900 4274 in-

315 4300 678 4365 compositum
734 4302 1072 4357 conﬁtentur
1118 4321 1331 4361 omnes.
1389 4306 1506 4363 Non
1553 4309 1721 4379 igitur
1752 4325 1898 4365 unus

317 4404 545 4443 numero
574 4401 660 4446 est
696 4391 859 4448 Deus.
891 4396 1045 4460 Quod
1073 4406 1254 4452 autem
1285 4399 1441 4462 diro,
1475 4410 1561 4456 est
1600 4401 1892 4470 ejusmodi.

1993 3302 2212 3357 αἰώνιον
2240 3301 2452 3363 ὓδατος,
2487 3296 2622 3351 ἀλλὰ
2663 3297 2725 3350 τὸ
2771 3294 2864 3349 τοῦ
2909 3295 3190 3365 προφήτου
3236 3290 3415 3359 λόγιον
3438 3287 3582 3359 πρὸς

1995 3393 2222 3456 ἑαυτοὺς
2259 3389 2672 3444 ἐπισπάσωνται
2708 3386 2842 3457 (55).
2879 3385 2971 3438 τό’
3010 3382 3144 3452 Ἐμὲ
3184 3378 3582 3451 ἐγκατέλιπον

1994 3483 2199 3553 πηγὴν
2228 3481 2448 3547 ὕδατος
2480 3480 2718 3546 ζῶντος,
2751 3477 2849 3533 καὶ
2886 3476 3128 3545 ὤρυξαν
3155 3471 3393 3537 ἑαυτοῖς
3432 3469 3583 3525 λάκ-

1995 3591 2142 3638 κους
2183 3569 2754 3640 συντετριμμένους,
2805 3568 2862 3622 οἳ
2911 3569 2983 3621 οὐ
3024 3563 3396 3632 δυνήσονται
3425 3559 3584 3627 ὕδωρ

1994 3664 2256 3734 συσχεῒν
2275 3680 2288 3693 ’
2331 3663 2451 3716 δέον
2508 3662 2793 3733 ὁμολογεῖν
2838 3659 2973 3714 Θεὸν
3011 3658 3103 3712 τὸν
3145 3656 3363 3728 Πατέρα
3389 3693 3403 3716 ,
3446 3652 3580 3706 Θεὸν

1994 3756 2087 3810 τὸν
2111 3756 2259 3821 Υίὸν,
2288 3754 2422 3808 Θεὸν
2449 3754 2512 3807 τὸ
2546 3753 2771 3824 Πνεῦμα
2810 3751 2871 3806 τὸ
2917 3751 3103 3820 ἅγιον*
3140 3749 3217 3815 ὼς
3242 3749 3293 3801 οἱ
3327 3745 3462 3800 θεῖοι
3492 3744 3582 3797 λό-

1996 3866 2104 3917 γοι,
2132 3849 2228 3902 καὶ
2271 3847 2321 3900 οί
2360 3847 2585 3911 τούτους
2613 3847 2725 3917 (54)
2756 3845 3092 3919 ὑψηλότερον
3131 3842 3451 3913 νενοηκότες
3479 3839 3583 3893 ὲδί-

1995 3937 2182 4005 δαξαν.
2206 3938 2350 4010 Πρὸς
2389 3936 2445 3991 δὲ
2487 3939 2616 3999 τοὺς
2657 3936 3065 4008 ὲπηρεάζοντας
3091 3936 3224 4004 ἡμῖν
3265 3932 3324 3985 τὸ
3370 3930 3584 4003 τρίθεον

1998 4034 2177 4085 ἐκεῖνο
2204 4031 2466 4099 λεγέσθω,
2499 4032 2687 4102 ὅτιπερ
2717 4031 2878 4101 ἡμεῖς
2920 4028 3018 4082 ἕνα
3045 4027 3179 4080 Θεὸν
3213 4027 3273 4079 ού
3310 4024 3390 4096 τῷ
3427 4023 3583 4094 άριθ-

2004 4123 2108 4194 μῷ,
2162 4122 2293 4177 ἀλλὰ
2343 4125 2410 4194 τῇ
2456 4122 2615 4191 φύσει
2671 4120 3065 4192 ὁμολογοῦμεν.
3129 4120 3247 4172 Πᾶν
3287 4117 3397 4189 γὰρ
3447 4116 3476 4169 ὃ
3528 4115 3586 4168 ἓν

2000 4215 2219 4287 ἀριθμῷ
2245 4216 2482 4283 λέγεται,
2506 4215 2663 4269 τοῦτο
2691 4215 2795 4284 οὐχ.
2834 4212 2893 4266 ἓν
2922 4214 3110 4276 ὅντως,
3131 4212 3255 4266 οὐδ’
3286 4209 3491 4265 ἁπλοῦν
3519 4210 3584 4279 τῇ

2001 4306 2161 4375 φύσει
2191 4307 2367 4360 ἐστίν·
2404 4307 2509 4361 ὁδὲ
2548 4306 2682 4370 Θεὸς
2722 4304 2926 4368 ἁπλοῦς
2975 4305 3068 4358 καὶ
3109 4302 3405 4366 ἀσύνθετος
3440 4300 3587 4372 παρὰ

2004 4398 2170 4450 πᾶσιν
2218 4398 2581 4467 ὁμολογεῖται.
2632 4397 2748 4449 Οὐκ
2789 4396 2896 4466 ἄρα
2958 4389 3039 4457 εἷς
3089 4391 3307 4465 ἀριθμῷ
3362 4393 3512 4444 ἐστιν
3549 4391 3588 4442 ’ὁ

315 4480 496 4537 Unum
540 4499 769 4539 numero
800 4489 1060 4542 mundum
1101 4506 1224 4545 csse
1272 4492 1535 4558 dicimus,
1566 4509 1674 4547 non
1714 4503 1888 4550 tamen

2002 4490 2153 4553 Θεός.
2188 4491 2252 4542 Ὃ
2296 4489 2353 4542 δὲ
2400 4489 2565 4558 λέγω,
2605 4487 2844 4541 τοιοῦτόν
2889 4488 3057 4541 ἐστιν.
3095 4486 3188 4539 Ἓν
3235 4483 3453 4556 ἀριθμῷ
3499 4482 3589 4535 τὸν

316 4588 486 4629 unum
526 4586 756 4641 natura,
806 4596 986 4650 neque
1020 4583 1326 4651 simplicem
1374 4586 1529 4639 illum
1567 4585 1885 4656 quemdam.

318 4666 623 4724 Dividimus
652 4669 798 4723 cnim
834 4672 1011 4741 ipsum
1043 4674 1097 4727 in
1120 4674 1385 4730 elementa
1420 4694 1485 4730 ex
1523 4679 1724 4745 quibus
1759 4694 1897 4733 con-

316 4768 458 4824 stat,
487 4762 542 4815 in
571 4762 751 4832 ignem
776 4806 789 4825 .
824 4781 1021 4836 aquam
1044 4803 1061 4828 ,
1087 4781 1270 4823 aerem
1304 4779 1358 4824 et
1422 4779 1647 4827 terram.
1682 4772 1897 4830 Rursus

317 4852 480 4903 homo
513 4870 656 4906 unus
697 4872 928 4912 numero
966 4857 1188 4914 dicitur.
1214 4858 1392 4915 Unum
1425 4864 1570 4917 enim
1617 4865 1896 4922 hominem

315 4958 462 5012 sape
490 4945 763 5007 dicimus.
802 4946 898 5002 sed
954 4963 1060 5002 non
1096 4950 1331 5020 simplex
1375 4953 1596 5021 quidam
1642 4955 1733 5011 ille
1778 4967 1894 5023 est,

316 5047 441 5085 cum
486 5048 550 5088 ex
606 5048 841 5105 corpore
871 5046 924 5091 et
955 5037 1137 5091 anima
1166 5050 1399 5095 constet.
1432 5040 1698 5100 Similiter
1716 5056 1770 5101 et
1800 5062 1897 5101 an-

315 5123 494 5189 gelum
529 5140 697 5179 unum
734 5140 964 5181 numero
994 5125 1231 5185 dicimus
1252 5170 1267 5192 ,
1300 5130 1392 5184 sed
1424 5146 1534 5185 non
1566 5148 1736 5191 unum
1782 5134 1895 5205 82

385 5281 426 5311 ³³
451 5278 609 5335 Joan.
646 5298 717 5342 ιν,
754 5283 840 5337 Η.
916 5284 959 5316 ³⁵
981 5282 1181 5340 Jerem.
1209 5300 1270 5351 tt,
1299 5286 1386 5340 15.

383 5462 863 5547 (ἓξθλξυναίμην.
925 5466 1066 5547 E_diti
1112 5470 1333 5547 iterum_
1364 5471 1572 5547 addunt
1609 5471 1738 5547 Πῶς
1789 5473 1894 5547 γὰρ

310 5533 393 5601 ᾂν.
427 5534 531 5587 Sed
564 5536 677 5587 hac
702 5536 895 5590 melius
924 5538 1121 5591 absunt
1152 5556 1181 5593 a
1206 5540 1422 5597 duobus
1446 5533 1733 5599 codicibus
1762 5533 1892 5601 mss.

312 5599 504 5656 Plures
541 5619 644 5656 non
678 5605 986 5660 habuimus.

538 5675 879 5753 Ιςρίνοντες.
1054 5680 1354 5753 ῃιδεηῐζιίίιί
1391 5682 1689 5753 κρίναντες.

389 5744 501 5817 (52)
542 5748 899 5813 quamn/'5‘.
947 5747 1095 5801 Harl.
1130 5744 1487 5817 Φυλιστιαῖὸς.

2004 4580 2206 4651 κόσμον
2232 4576 2370 4634 εἷναί
2401 4598 2604 4651 φαμεν,
2625 4579 2739 4635 ἀλλ’
2773 4579 2870 4649 οὐχ
2902 4579 2997 4632 ἕνα
3024 4580 3090 4649 τῇ
3127 4576 3307 4645 φύσει,
3341 4576 3457 4629 ἀλλ’
3479 4574 3589 4628 οὐδ’

2005 4673 2210 4726 ἁπλοῦν
2234 4691 2354 4727 τινα
2377 4674 2586 4727 τοῦτον.
2621 4673 2904 4743 Τέμνομεν
2942 4670 3053 4742 γὰρ
3092 4669 3253 4724 αὐτὸν
3302 4669 3384 4731 είς
3433 4666 3505 4720 τά
3530 4666 3590 4733 ἐξ

2002 4759 2078 4819 ὧν
2108 4766 2404 4836 συνέστηκε
2448 4770 2710 4836 στοιχεῖα,
2739 4769 2818 4829 εἰς
2850 4764 2963 4835 πῦρ
3004 4764 3098 4817 καὶ
3130 4762 3275 4833 ὕδωρ
3314 4762 3408 4815 καὶ
3450 4760 3593 4831 άέρα

2004 4861 2099 4914 καὶ
2132 4861 2255 4930 γῆν.
2286 4859 2453 4913 Πάλιν
2481 4863 2510 4912 ό
2543 4859 2829 4931 ἅνθρωπος
2871 4854 2952 4922 εἷς
2980 4855 3202 4928 ἀριθμῷ
3238 4855 3591 4925 ὀνομάζεται.

2007 4953 2145 5008 Ἕνα
2196 4953 2305 5025 γὰρ
2350 4952 2636 5023 ἄνθρωπον
2680 4952 2941 5015 πολλάκις
2990 4949 3246 5021 λέγομεν.
3303 4947 3443 5001 Ἀλλ’
3493 4948 3593 5019 οὐχ

2005 5041 2208 5108 ἁπλοῦς
2232 5061 2314 5106 τις
2339 5037 2492 5107 οὗτός
2534 5044 2703 5105 ἐστιν,
2736 5044 2801 5095 ὲκ
2830 5041 3081 5112 σώματος
3111 5041 3206 5095 καὶ
3246 5038 3425 5110 ψυχῆς
3462 5053 3590 5091 συν-

2004 5131 2197 5198 εστώς.
2240 5132 2470 5203 Ὁμοίως
2513 5131 2571 5185 δὲ
2616 5133 2709 5186 καὶ
2760 5131 2991 5200 ἄγγελον
3036 5132 3133 5185 ἕνα
3174 5128 3394 5203 ἀριθμῷ
3432 5128 3590 5200 ἐροῦ-

2078 5473 2191 5541 (53)
2245 5473 2747 5529 Ἐπισπάσωνται.
2804 5474 2895 5529 Sic
2950 5471 3077 5542 Reg.
3134 5479 3186 5526 et
3238 5468 3390 5527 Harl.
3448 5469 3595 5529 Editl

2006 5546 2421 5599 ὲπισπάσονται.

2078 5614 2189 5694 (5d)
2226 5618 2503 5694 Τούτους.
2536 5614 2633 5694 Sic
2659 5614 2976 5694 "arl._Editi
3007 5613 3230 5694 τούτων.
3267 5613 3599 5694 Paulo

2006 5683 2326 5764 exiluobus
2368 5703 2497 5740 mss.
2536 5689 2763 5757 legimus
2816 5684 3220 5756 ὲπηρεάξοντας
3269 5686 3417 5754 ἡμῖν.
3453 5683 3598 5740 Editi

2008 5774 2039 5810 η
2048 5774 2182 5821 μων.
