3886 6220
110 379 197 439 τλθ
1074 385 1567 450 EPISTOLARUM
1607 394 1894 452 CLASSIS
1933 396 1975 452 Ι.
2019 395 2238 455 EPIST.
2281 396 2416 457 Vl".

3246 408 3356 464 250

110 493 344 584 μεν,
384 495 486 566 οὐχ
543 496 649 551 ἕνα
689 501 752 570 τῇ
796 498 976 568 φύσει,
1026 503 1145 556 οὐδὲ
1197 504 1443 558 ἁπλοῦν*
1494 506 1675 560 οὐσίαν

1784 518 2003 572 natura,
2036 527 2216 580 neque
2239 512 2541 582 simplicem
2573 531 2586 567 :
2616 513 2888 584 siquidem
2910 517 3203 572 essentiam
3227 534 3350 576 cun.

103 586 195 656 γάρ
219 583 327 655 μεθ’
361 585 650 657 ἁγιασμοῦ
702 589 799 660 τὴν
829 590 924 643 τοῦ
973 592 1205 660 ἀγγέλου
1251 595 1549 651 ὑπάστασιν
1580 597 1670 650 ὲν-

104 678 321 748 νωῦμεν.
362 679 427 731 Et
461 679 656 733 τοίνυν
704 683 810 734 πᾶν
853 682 913 736 τὸ
952 681 1012 736 ἒν
1057 683 1275 756 ἀριθμῷ
1314 685 1373 739 ἒν
1413 690 1481 759 τῇ
1511 686 1670 758 φύσει

103 771 187 823 οὐκ
213 769 337 833 ἐστι,
371 771 468 823 καὶ
500 772 567 824 τὸ
593 771 659 825 ἓν
681 776 744 843 τῇ
770 772 927 843 φύσει
959 775 1055 827 καὶ
1101 775 1307 831 ἁπλοῦν
1349 778 1410 830 ἓν
1452 776 1671 851 ἀριθμῷ

104 861 189 913 οὐκ
205 859 362 924 ἐστιν,
384 861 554 930 ἡμεῖς
593 860 658 914 δὲ
686 861 914 933 λέγομεν
946 864 1045 918 ἕνα
1073 868 1139 936 τῇ
1166 865 1326 934 φύσει
1351 866 1482 921 Θεόν
1504 884 1518 897 ·
1554 867 1673 931 πῶς

105 951 458 1019 ἐπεισάγουσιν
491 954 634 1023 ἡμῖν
666 953 755 1008 τὸν
799 954 1033 1027 ἀριθμὸν
1054 999 1071 1023 ,
1113 958 1276 1010 αὑτὸν
1306 958 1487 1029 πάντη
1516 958 1670 1029 ἡμῶν

104 1042 421 1113 ἰξοριζόντων
451 1044 555 1114 τῆς
609 1047 891 1118 μακαρίας
939 1049 1152 1119 ἐκείνης
1183 1048 1294 1120 (55)
1329 1050 1426 1102 καὶ
1477 1050 1672 1120 νοητῆς

105 1132 321 1202 φύσεωςς
360 1133 420 1188 '0
446 1134 563 1207 7&9
593 1136 831 1208 ἀριθμός
857 1141 972 1191 ἐστι
1014 1139 1109 1193 τοῦ
1147 1139 1316 1194 ποσοῦ
1345 1158 1357 1170 ·
1388 1140 1451 1194 τὸ
1480 1140 1538 1194 δὲ
1571 1158 1671 1194 πο-

105 1225 183 1278 σὸν
222 1229 284 1299 τῇ
337 1231 633 1301 σωματικῇ
682 1230 842 1299 φύσει
888 1232 1272 1297 συνέζευκται·
1327 1236 1356 1287 ὁ
1401 1232 1508 1304 7&9
1558 1232 1671 1304 (56)

103 1315 304 1388 ἀριθμὸς
347 1319 448 1390 τῆς
500 1323 833 1394 σωματικῆς
890 1323 1123 1392 φύσεως.
1161 1325 1437 1395 Σωμάτων
1475 1324 1531 1378 δὲ
1578 1325 1673 1394 δη-

109 1409 334 1481 μιουργὸν
382 1411 477 1465 τὸν
537 1412 752 1484 Κύριον
802 1414 960 1485 ἡμῶν
1015 1411 1154 1469 εἶναι
1207 1414 1670 1486 πεπιστεύκαμεν.

106 1502 180 1554 Διὸ
206 1502 292 1554 καὶ
311 1505 418 1565 πᾶς
456 1503 700 1574 ἀριθμὸς
736 1506 920 1559 ἐκεῖνα
955 1507 1209 1576 σημαίνει
1249 1505 1318 1559 τὰ
1360 1504 1544 1559 ἔνυλον
1578 1506 1674 1559 καὶ

108 1594 449 1665 περιγραπτὴν
492 1595 651 1665 ἔχειν
696 1595 929 1667 λαχόντα
974 1598 1072 1669 τὴν
1116 1598 1277 1667 φύσιν
1298 1615 1312 1629 ’
1339 1599 1375 1668 ἡ
1411 1596 1480 1649 δὲ.
1506 1596 1674 1668 μονὰς

110 1685 186 1736 καὶ
220 1684 335 1750 ὲνὰς
373 1686 475 1754 τῆς
521 1688 711 1757 ἁπλῆς
762 1688 856 1740 καὶ
899 1689 1273 1758 ἀπεριλήπτου
1323 1689 1510 1752 οὐσίας
1554 1689 1675 1741 ἐστὶ

112 1776 378 1846 σημαντικὴ
416 1776 556 1848 (57).
606 1777 668 1830 Ὁ
698 1778 878 1831 τοίνυν
910 1778 1142 1850 ἀριθμὸν
1181 1780 1214 1850 ἢ
1258 1778 1463 1850 κτίσμα
1488 1778 1675 1848 ὁμολο-

111 1868 201 1935 γῶν
216 1869 296 1921 τὸν
324 1868 448 1921 Υἱὺν
470 1868 570 1921 τοῦ
593 1868 738 1922 Θεοῦ
762 1869 796 1941 ἢ
821 1870 882 1923 τὸ
906 1869 1130 1941 Πνεῦμα
1155 1871 1216 1924 τὸ
1242 1870 1393 1940 ἅγιον
1420 1869 1672 1925 λανθάνει
1703 1854 1746 1910 Β

112 1958 264 2013 ἔνυλον
303 1959 393 2012 καὶ
429 1961 827 2033 περιγραπτὴν
874 1962 1036 2030 φύσιν
1088 1963 1343 2031 εἰσάγων.
1401 1963 1673 2034 Περιγρα-

114 2050 227 2119 πτὴν
249 2050 300 2102 δὲ
324 2049 465 2118 λέγω
495 2052 561 2104 οὐ
602 2051 770 2122 μόνον
801 2052 898 2122 τὴν
925 2053 1323 2124 περιεχομένην
1352 2053 1456 2106 ὑπὸ
1481 2054 1670 2118 τόπου,

114 2139 203 2191 ἀλλ’
227 2139 387 2210 ἤνπερ
436 2141 534 2193 καί¹
570 2145 640 2213 τῇ
681 2141 981 2213 προγνώσει
1028 2142 1453 2214 ὲμπεριείληφεν
1483 2143 1512 2194 ὁ
1546 2142 1675 2213 μέλ-

116 2230 200 2283 λων
228 2232 380 2303 αὐτὴν
407 2234 515 2287 ἀπὺ
540 2234 640 2286 τοῦ
684 2235 761 2305 μὴ
805 2233 956 2296 δντος
996 2236 1078 2298 εἰς
1124 2235 1184 2287 τὸ
1214 2231 1351 2287 εἶναι
1380 2234 1671 2304 παράγειν,

116 2322 169 2392 ἣν
185 2322 376 2392 καὶ(58)
391 2325 678 2397 ἐπιστήμῃ
702 2326 1016 2397 περιλαϐεῖν
1039 2326 1262 2379 δυνατόν
1292 2328 1425 2379 ἐστι.
1447 2327 1561 2379 Πᾶν
1583 2321 1675 2378 οὖν

120 2415 262 2482 am,
289 2416 316 2469 ὃ
344 2419 734 2489 περιγραπτὴν
760 2418 872 2489 ἔχει
899 2421 997 2489 τὴν
1031 2418 1212 2489 φύσιν,
1253 2419 1347 2472 καὶ
1380 2419 1675 2489 ἐπίκτητον

120 2503 208 2575 ἔχει
230 2508 318 2577 τὴν
346 2508 631 2579 άγιότητα,
671 2510 776 2563 οὐκ
820 2509 1167 2564 άνεπίδεκτόν
1202 2511 1318 2563 ἐστι
1364 2509 1581 2571 κακίας.
1620 2508 1677 2561 ὐ

122 2596 167 2650 δὲ
190 2599 314 2663 Υἱὸς,
337 2604 426 2656 καὶ
458 2604 521 2656 τὸ
553 2603 785 2673 Πνεῦμα
831 2603 893 2656 τὸ
929 2603 1104 2671 ἅγιον,
1154 2603 1303 2673 πηγή
1350 2604 1497 2655 ὲστιν
1525 2603 1678 2671 ἁγια-

125 2688 257 2755 σμοῦ,
283 2691 365 2760 ὑφ’
396 2688 463 2763 ἦς
504 2695 663 2747 πᾶσα
702 2695 736 2763 ἡ
774 2693 967 2765 λογικὴ
1017 2694 1194 2758 κτίσις
1238 2695 1358 2747 κατ’
1387 2693 1679 2764 ἀναλογίαν

126 2778 205 2846 τῆς
226 2780 403 2854 ἀρετῆς
434 2784 755 2852 ἁγιάζεται.

184 2979 229 3033 '5.
274 2982 450 3037 Καίτοι
489 2988 677 3055 ἡμεῖς.
732 2984 872 3038 κατὰ
925 2985 1014 3037 τὸν
1068 2984 1243 3055 ἀληθῆ
1296 2983 1491 3054 λόγον,
1522 3050 1525 3053 Α
1556 2983 1679 3038 οὔτε

129 3073 273 3139 ὅμοιον
307 3076 422 3129 οὔτε
453 3078 711 3148 ἀνόμοιον
746 3076 977 3147 λέγομεν
1025 3076 1117 3130 τὸν
1173 3077 1301 3131 Υίὸν
1350 3077 1428 3148 τῷ
1482 3076 1676 3148 Πατρί.

139 3164 383 3238 Ἑκάτερον
410 3168 518 3240 7&9
551 3168 739 3220 αὐτῶν
784 3170 978 3239 ἐπίσης
1009 3168 1288 3221 ἀδύνατον.
1314 3169 1542 3239 ’Ὅμοιον
1568 3168 1677 3240 γὰρ
1703 3197 1746 3257 c

132 3258 205 3309 καὶ
245 3259 476 3329 ἀνόμοιον
518 3260 670 3312 κατὰ
717 3260 814 3322 τὰς
873 3260 1165 3330 ποιότητας
1209 3260 1455 3328 λέγεται·
1522 3259 1671 3313 ποιό-

133 3363 258 3414 τητος
295 3349 346 3402 δὲ
387 3353 445 3404 τὸ
475 3351 620 3405 θεῖον
660 3349 966 3422 ἐλεύθερον.
1011 3351 1329 3420 Ταυτότητα
1362 3351 1419 3403 δὲ
1452 3352 1550 3422 τῆς
1580 3350 1677 3419 φύ-

136 3453 243 3500 σεως
269 3442 663 3510 ὁμολογοῦντες,
718 3442 813 3494 καὶ
852 3442 914 3494 τὸ
974 3442 1257 3512 ὁμοούσιον
1315 3441 1671 3513 ἐκδεχόμεθα,

135 3530 284 3584 καὶτὸ
311 3531 553 3586 σύνθετον
585 3533 887 3604 φεύγομεν,
915 3533 1009 3586 τοῦ
1051 3536 1171 3587 κατ’
1199 3535 1386 3587 οὐσίαν
1415 3532 1549 3586 Θεοῦ
1582 3534 1676 3586 καὶ

136 3619 308 3692 Harpe;
329 3625 413 3678 τὸν
437 3626 557 3680 κατ’
583 3627 777 3679 οὐσίαν
805 3626 937 3679 Θεὸν
970 3628 1065 3679 καὶ
1102 3626 1229 3680 Υίὺν
1259 3627 1669 3696 γεγεννηκότος.

146 3709 221 3763 Ἐκ
240 3712 334 3784 γὰρ
361 3715 545 3769 τούτου
573 3717 637 3770 τὸ
662 3716 949 3785 ὁμοούσιον
974 3720 1028 3771 δε
1039 3716 1272 3773 ίκνυται.
1315 3718 1374 3771 '0
1401 3717 1511 3789 7&9
1551 3718 1671 3771 κατ’

137 3802 286 3855 οὐσίαν
323 3805 445 3870 Θεὸς
484 3807 563 3877 τῷ
601 3809 725 3861 κατ’
773 3808 959 3862 οὐσίαν
1010 3809 1129 3880 Θεῷ
1170 3808 1456 3878 ὁμοούσιός
1506 3812 1674 3863 ἐστιν.

147 3890 269 3946 Ἐπεὶ
294 3895 345 3948 δὲ
370 3897 583 3966 λέγεται
622 3901 746 3963 θεὸς
790 3899 885 3954 καὶ
922 3903 952 3955 ὀ
999 3898 1283 3973 ἄνθρωπος
1316 3901 1457 3973 (59)'
1490 3903 1565 3965 ὡς
1593 3903 1675 3966 τὸν

148 3982 264 4052 Ἐγὼ
299 3984 454 4041 εἶπα·
488 3991 622 4043 Θεοί
664 3992 839 4044 ἐστε·
876 3991 970 4044 καὶ
1005 3991 1034 4042 ὁ
1064 3990 1271 4061 δαίμων
1303 3990 1443 4055 θεὸς,
1478 3993 1553 4055 ὡς
1578 3993 1638 4045 τὸ
1660 4031 1675 4052 ,

142 4076 189 4127 Οἱ
237 4078 340 4130 θεοὶ
371 4079 484 4133 τῶν
524 4081 722 4137 ἐθνῶν
764 4080 1069 4149 δαιμόνια·
1124 4081 1239 4135 ἀλλ’
1287 4083 1335 4135 oi
1392 4081 1490 4152 μὲν
1538 4080 1680 4135 κατὰ

138 4165 265 4234 χάριν
302 4169 664 4240 ὀνομάζονται,
704 4175 754 4226 οί
792 4172 851 4227 δὲ
907 4172 1049 4226 κατὰ
1093 4171 1308 4241 ψεῦδος.
1354 4172 1412 4226 '0
1444 4172 1501 4227 δὲ
1545 4173 1679 4236 Θεὸς

144 4255 265 4323 μόνος
294 4264 399 4314 κατ’
422 4264 606 4317 οὐσίαν
652 4264 773 4321 ἐστὶ
818 4264 970 4328 Θεός.
1023 4267 1220 4330 Μόνος
1254 4264 1312 4318 δὲ
1354 4264 1480 4319 ὅταν
1519 4265 1677 4334 εἴπω,

141 4346 218 4414 τὴν
250 4350 411 4405 οὐσίαν
440 4352 535 4407 τοῦ
581 4355 720 4408 Θεοῦ
764 4354 863 4425 τὴν
904 4354 1066 4423 ἁγίαν
1102 4355 1198 4408 καὶ
1229 4353 1484 4408 ἄκτιστον
1509 4352 1675 4426 δηλῶ.

143 4435 200 4488 Τδ
220 4439 310 4509 γὰρ
331 4445 507 4511 μόνος
531 4446 755 4515 λέγεται
786 4447 880 4499 καὶ
922 4447 1015 4499 ἐπί
1042 4463 1186 4511 τινος
1231 4445 1543 4517 ἀνθρώπου,
1579 4445 1677 4499 καὶ

1772 602 2514 675 sanctimonia.hypostasim
2544 606 2721 676 angeli
2757 606 3136 678 intelligimus.
3170 610 3355 682 Itaque

1772 692 1819 747 si
1843 692 2113 763 quidquid
2159 709 2328 747 unum
2370 704 2452 749 est
2501 711 2768 760 numero,
2799 713 2967 752 unum
3010 711 3206 756 natura
3243 717 3356 758 non

1771 793 1882 850 est,
1916 790 1972 839 et
2027 786 2176 855 quod
2216 795 2416 839 natura
2452 803 2620 840 unum
2658 802 2723 843 ac
2748 790 2992 861 'simplex
3022 799 3145 856 est,
3186 809 3355 849 unum

1770 890 2000 931 numero
2036 892 2144 931 non
2174 884 2295 941 est,
2326 893 2429 932 nos
2477 887 2656 934 autem
2703 878 2873 935 Deum
2933 892 3128 937 natura
3175 901 3346 940 unum

1771 967 2052 1035 dicimus;
2110 971 2385 1039 quomodo
2459 972 2619 1027 nobis
2681 989 2970 1029 numerum
3053 975 3349 1046 aﬂinguut,

1772 1074 1936 1128 quem
1992 1073 2221 1130 prorsus
2273 1076 2304 1114 a
2357 1062 2516 1118 beata
2583 1063 2676 1119 illa
2734 1080 2798 1118 ac
2844 1065 3113 1135 spirituali
3157 1078 3354 1122 natura

1772 1152 2127 1207 amovemus?
2174 1151 2448 1209 Numerus
2499 1156 2645 1210 enim
2696 1157 2934 1226 pertinet
2968 1157 3038 1213 ad
3079 1159 3358 1229 quantita—

1770 1247 1923 1295 tem:
1971 1242 2437 1310 quantitasnrero
2482 1245 2755 1315 corporali
2800 1256 3012 1302 natura:
3061 1248 3357 1316 conjuncta

1771 1339 1891 1399 est;
1921 1349 2186 1388 numerus
2209 1349 2341 1404 ergo
2375 1349 2654 1405 corporeae
2678 1343 2764 1392 est
2796 1344 3028 1393 naturae.
3061 1338 3133 1392 At
3168 1336 3359 1393 Domi-

1774 1436 1903 1474 nun
1952 1429 2206 1476 nostrum
2238 1436 2532 1494 corporum
2567 1425 2818 1496 Opiﬁcem
2874 1443 3000 1483 esse
3050 1427 3353 1484 credimus.

1772 1512 2121 1583 Quapropter
2167 1521 2221 1569 et
2259 1531 2524 1573 numerus
2554 1519 2735 1575 omnis
2790 1534 2855 1575 ea
2887 1519 3176 1592 designat,
3234 1536 3359 1592 qua:

1774 1605 2112 1659 materialem
2170 1621 2236 1661 ac
2307 1608 2792 1682 circumscriptam
2857 1620 3113 1666 naturam
3167 1615 3358 1669 sortita

1774 1702 1940 1749 sunt:
1978 1692 2176 1753 rmonas
2206 1714 2337 1753 vero
2366 1708 2421 1754 et
2472 1701 2657 1757 unitas
2690 1703 2958 1772 simplicis
3012 1718 3075 1759 ac
3145 1703 3359 1759 incom-

1773 1787 2166 1856 prehensibilis
2201 1793 2458 1848 essentia:
2480 1794 2715 1866 insigne.
2749 1795 3013 1865 Quisquis
3052 1796 3220 1866 igitur
3246 1813 3351 1851 uu-

1773 1892 1984 1931 merum
2032 1887 2127 1933 aut
2167 1889 2476 1936 creaturam
2507 1885 2804 1940 confitetur
2840 1884 3042 1940 Filium
3089 1885 3185 1942 Dei
3208 1927 3224 1951 ,
3260 1897 3357 1942 aut

1773 1965 2039 2037 Spiritum
2085 1974 2336 2025 sanctum
2358 2011 2374 2035 ,
2415 1973 2737 2042 imprudens
2768 1977 3103 2031 materialem
3155 1991 3220 2031 ac
3246 1977 3356 2031 cir-

1772 2059 2166 2129 cumscriptam
2196 2068 2451 2116 naturam
2485 2063 2716 2121 inducit.
2747 2064 3235 2136 Circumscriptam
3265 2081 3358 2120 au-

1777 2158 1885 2205 tem
1934 2150 2097 2217 dico,
2150 2167 2259 2206 non
2312 2154 2476 2208 modo
2521 2169 2640 2209 eam
2686 2171 2807 2227 quae
2850 2156 2974 2211 loco
3020 2159 3354 2221 continetur,

1775 2242 1871 2299 sed
1895 2244 2059 2298 etiam
2088 2260 2252 2315 quam
2302 2246 2643 2315 pramotione
2668 2247 3086 2318 comprehendit
3135 2249 3183 2304 is
3203 2288 3220 2314 ,
3250 2249 3348 2319 qui

1777 2335 1951 2405 ipsam
1994 2350 2024 2390 e
2078 2336 2250 2390 nihilo
2296 2337 2669 2407 producturus
2698 2346 2817 2404 est,
2848 2355 3081 2410 quaeque
3127 2341 3356 2396 scientia

1776 2426 2165 2497 comprehendi
2215 2437 2415 2497 potest.
2449 2428 2728 2499 Quidquid
2756 2431 2921 2501 igitur
2949 2443 3200 2487 sanctum
3232 2443 3315 2488 est
3337 2471 3354 2494 .

1777 2517 1944 2572 habet
1978 2525 2159 2572 autem
2188 2528 2441 2573 naturam
2478 2519 2956 2589 circumscriptam
2975 2559 2989 2585 ,
3018 2528 3073 2575 et
3102 2521 3352 2574 adventi-

1777 2611 1909 2663 tiam
1967 2612 2347 2676 sanctitatem,
2395 2610 2692 2666 obnoxium
2727 2627 2850 2667 esse
2888 2619 3069 2681 potest
3113 2614 3352 2667 malitiae.

1777 2700 1948 2756 Filius
1981 2710 2161 2756 autem
2186 2743 2201 2764 ,
2235 2710 2289 2757 et
2315 2702 2558 2772 Spiritus
2592 2710 2842 2767 sanctus,
2875 2703 2999 2758 fons
3028 2711 3114 2758 est
3153 2706 3358 2758 sancti-

1778 2793 2009 2857 moniae,
2032 2792 2174 2846 unde
2204 2793 2490 2847 rationalis
2518 2808 2750 2866 quaeque
2779 2801 3032 2847 creatura
3062 2808 3160 2863 pro
3192 2793 3359 2847 virtu-

1780 2883 1851 2941 tis
1872 2883 2087 2939 ratione
2113 2885 2514 2939 sanctiﬁcatur.

1852 2978 1905 3031 5.
1941 2976 2085 3042 Nos,
2122 2977 2425 3032 secundum
2461 2958 2655 3031 veratri
2687 2975 3028 3040 doctrinam,
3066 2990 3242 3045 neque
3282 2990 3360 3031 Sl-

1779 3069 2003 3133 milem,
2054 3083 2237 3138 neque
2282 3068 2601 3123 dissimilem
2657 3065 2809 3120 Patri
2842 3065 3042 3120 Filium
3097 3065 3356 3121 dicimus.

1779 3160 2105 3232 Numaeque
2137 3170 2433 3231 utrumque
2479 3161 2676 3214 horum
2729 3166 3025 3231 repugnat.
3071 3158 3361 3215 Enimvero

1781 3253 1959 3310 simile
1993 3261 2048 3308 et
2091 3251 2394 3314 dissimile,
2432 3251 2762 3322 qualitatum
2794 3250 2982 3303 habita
3028 3250 3242 3303 ratione
3272 3250 3359 3303 di-

1780 3354 2018 3398 cuntur:
2061 3342 2202 3398 Deus
2227 3351 2409 3397 autem
2464 3342 2601 3395 liber
2627 3349 2714 3396 est
2763 3358 2793 3395 a
2842 3341 3125 3411 qualitate.
3160 3338 3359 3395 Verum

1779 3434 2119 3489 identitatcm
2161 3440 2370 3487 natura:
2405 3431 2732 3486 conﬁtentes
2773 3438 2827 3484 et
2889 3430 3361 3484 consubstantiale

1779 3527 2142 3589 admittimus,
2162 3534 2216 3580 et
2238 3526 2694 3596 compositionem
2725 3522 2996 3594 fugimus;
3028 3536 3151 3575 cum
3187 3523 3233 3577 is
3257 3521 3350 3590 qui
3394 3549 3403 3555 ~

1780 3618 2080 3677 secundum
2121 3619 2413 3673 essentiam
2452 3617 2594 3672 Deus
2620 3626 2672 3671 et
2714 3615 2875 3670 Pater
2910 3625 3028 3677 est,
3068 3613 3235 3669 Deum
3266 3629 3355 3670 se-

1778 3709 2018 3765 cundum
2040 3709 2336 3763 essentiam
2364 3718 2418 3761 et
2449 3705 2645 3760 Filium
2672 3705 2945 3775 genuerit.
2975 3704 3049 3758 Ex
3084 3703 3187 3758 hoc
3211 3703 3360 3757 enim

1780 3797 2257 3855 consubstantiaie
2308 3797 2639 3851 ostenditur.
2676 3794 2809 3848 Nam
2860 3793 3004 3849 Deus
3055 3793 3359 3847 secundum

1779 3890 2076 3946 essentiam
2105 3888 2213 3944 Deo
2247 3888 2551 3945 secundmu
2583 3888 2884 3942 essentiam
2909 3887 3359 3941 consubstantia-

1780 3984 1868 4038 lis.
1904 3982 2183 4052 Siquidem
2226 3989 2281 4036 et
2319 3981 2485 4035 homo
2516 3980 2720 4033 dicitur
2753 3980 2922 4042 deus,
2968 3978 3114 4032 velut
3161 3978 3214 4031 in
3256 3975 3361 4030 hoc.

1781 4078 1922 4139 loco,
1942 4074 2053 4145 Ego
2068 4073 2214 4127 dixi:
2239 4072 2327 4126 Dii
2346 4074 2472 4127 estis
2486 4072 2530 4104 ³⁸
2573 4072 2716 4138 Quin
2739 4071 2903 4124 etiam
2929 4069 3142 4123 dmmou
3173 4067 3362 4138 appel-

1781 4171 1926 4223 latur
1941 4163 2415 4230 deus,secundum
2451 4164 2610 4229 illud,
2629 4161 2719 4216 Dii
2741 4163 2977 4233 gentium
3005 4159 3273 4214 dwmoniu
3293 4158 3361 4213 "’.

1784 4259 1893 4315 Sed
1924 4258 2002 4314 illi
2039 4255 2260 4328 quidem
2288 4271 2353 4311 ex
2390 4254 2534 4310 dono
2554 4296 2570 4322 ,
2592 4255 2649 4309 hi
2692 4269 2823 4309 vero
2847 4268 2914 4309 ex
2947 4248 3233 4307 mendacio
3261 4265 3362 4303 no-

1781 4367 1908 4406 men
1925 4349 2219 4420 accipiunt.
2246 4346 2391 4404 Deus
2404 4362 2533 4402 vero
2555 4346 2709 4402 solus
2732 4355 2818 4402 est
2844 4344 3147 4400 secundum
3175 4358 3362 4397 essen-

1781 4443 1917 4498 tiam
1959 4441 2121 4496 Deus.
2151 4441 2289 4494 Cum
2334 4449 2516 4493 autem
2547 4437 2670 4491 dico
2695 4478 2710 4504 ,
2741 4439 2913 4500 solus,
2943 4434 3239 4491 essentiam
3268 4429 3361 4484 Dei

145 4526 217 4578 ἐπὶ
238 4530 422 4598 φύσεως
469 4536 653 4601 ἁπλῶς
672 4537 772 4608 τῆς
793 4536 1041 4592 καθόλου.
1073 4538 1197 4591 Ἐπί
1214 4554 1360 4600 τινος
1391 4536 1512 4607 μὲν,
1539 4531 1673 4601 οἷον,

1785 4537 2032 4586 sanctam
2079 4538 2134 4583 et
2163 4524 2465 4584 in‘creatam
2510 4525 2788 4598 signiﬁco.
2832 4525 2968 4579 Nam
3018 4540 3160 4587 vox,
3193 4522 3359 4582 solus,

146 4616 249 4688 φέρε
290 4623 468 4690 εἰπεῖν,
516 4628 612 4680 ἐπὶ
661 4627 898 4692 Παύλου,
944 4630 1027 4683 ὅτι
1082 4630 1240 4700 μόνος
1291 4628 1517 4699 ἡρπάγη
1569 4627 1677 4691 ἕως

147 4707 291 4773 τρίτου
327 4713 580 4784 οὐρανοῦ,
630 4716 728 4770 καὶ
779 4717 1010 4788 ἢκουσεν
1060 4717 1274 4789 άρῤητα
1340 4718 1582 4787 ῥήματα,
1640 4716 1677 4770 ἃ

148 4796 227 4848 οὐκ
250 4800 350 4865 ὲξὸν
374 4804 636 4879 ἀνθρώπῳ
664 4807 917 4878 λαλῆσαι·
954 4809 1046 4861 ἐπὶ
1084 4808 1298 4878 φύσεως
1322 4808 1379 4861 δὲ
1411 4808 1509 4879 τῆς
1537 4806 1676 4861 καθ-

150 4885 264 4953 όλου,
288 4892 353 4956 ὡς
377 4896 497 4952 ὅταν
546 4898 681 4970 λέγῃ
731 4899 843 4970 (60)
888 4900 1051 4953 Δαὸίδ
1069 4918 1083 4931 ·
1116 4902 1481 4968 Ἀνθρωπος,
1531 4899 1676 4952 ὡσεὶ

156 4985 327 5054 χόρτος
357 4993 409 5044 αἱ
448 4993 656 5063 ἡμέραι
689 4994 898 5050 αὐτοῦ.
916 4994 1179 5049 Ἐνταῦθα
1206 4994 1314 5064 7&9
1345 4993 1406 5046 οὐ
1431 4993 1521 5045 τόν
1554 5009 1675 5045 τινα

157 5073 409 5147 ἄνθρωπον,
432 5083 558 5138 ἀλλά
597 5084 698 5156 τὴν
728 5086 956 5139 καθόλου
997 5087 1155 5154 φύσιν
1192 5086 1362 5154 δηλοῖ.
1407 5084 1523 5146 Πᾶς
1564 5083 1674 5155 γὰρ

163 5162 397 5237 ἅνθρωπος
439 5177 760 5246 πρόσκαιρος
814 5180 910 5232 καὶ
959 5179 1170 5250 θνητός.
1230 5177 1387 5231 Οῦτω
1442 5178 1669 5230 κάκεῖνα

165 5257 349 5329 νοοῦμεν
376 5265 461 5318 ἐπὶ
505 5267 603 5337 τῆς
650 5269 867 5339 φύσεως
926 5270 1219 5341 εἰρημέναο
1257 5269 1339 5333 τὸ,
1386 5269 1450 5321 '0
1484 5267 1675 5336 μόνος

1781 4624 1930 4681 etde
1972 4637 2085 4678 uno
2126 4622 2312 4692 aliquo
2350 4621 2573 4674 homine
2595 4662 2610 4686 ,
2641 4625 2696 4673 et
2729 4619 2795 4674 de
2826 4617 3089 4672 universa
3136 4629 3360 4686 prorsus

1781 4725 1977 4771 natura
2021 4714 2247 4769 dicitur.
2285 4711 2360 4768 De
2407 4726 2518 4766 uno
2575 4711 2793 4781 aliquo,
2848 4711 2998 4765 velut
3040 4724 3164 4762 cum
3207 4705 3357 4759 verbi

1779 4810 1953 4878 gratia
1991 4805 2195 4862 dicitur
2237 4804 2308 4859 de
2353 4802 2561 4867 Paulo,
2618 4803 2800 4858 solum
2844 4808 3062 4871 raptum
3117 4813 3239 4853 esse
3293 4797 3360 4851 ad

1778 4901 2001 4955 tertium
2041 4913 2217 4969 usque
2264 4896 2503 4959 caelum,
2536 4903 2591 4950 et
2631 4895 2857 4949 audisse
2905 4905 3108 4947 arcana
3159 4890 3358 4952 verba,

1780 5007 1902 5062 qua:
1936 5005 2049 5044 non
2087 4989 2252 5043 liceat
2304 4985 2515 5042 homini
2558 4986 2709 5055 loqui
2739 4984 2785 5017 ⁸⁸
2818 5002 2832 5036 :
2881 4980 2948 5036 de
2998 4988 3196 5034 natura
3230 4993 3363 5032 vero

1781 5086 2060 5147 universa,
2091 5082 2239 5135 velut
2283 5095 2408 5153 cum
2454 5076 2624 5133 David
2658 5076 2830 5130 dicit:
2866 5073 3039 5128 Homo
3078 5113 3092 5138 ,
3128 5071 3264 5125 sicut
3294 5070 3364 5129 fc-

1780 5190 1903 5228 mtm
1938 5173 2050 5226 dies
2089 5172 2204 5242 ejus
2228 5172 2294 5223 ³⁸.
2325 5168 2429 5224 Hic
2466 5169 2614 5224 enim
2644 5181 2752 5221 non
2782 5165 3059 5219 hominem
3097 5162 3358 5229 aliquem,

1780 5267 1877 5322 sed
1908 5266 2221 5321 universam
2249 5270 2505 5318 naturam
2536 5258 2743 5315 indicat
2776 5276 2788 5311 :
2824 5270 2951 5310 nam
2986 5254 3169 5309 omnis
3194 5253 3362 5325 hom0

222 5370 260 5402 ³⁸
281 5374 404 5435 Psal.
431 5395 607 5448 um,
635 5382 688 5438 6.
764 5384 808 5415 "’
832 5382 977 5440 Psal.
1008 5403 1129 5449 xcv,
1167 5386 1218 5440 5.
1299 5386 1343 5418 ³³
1364 5384 1405 5439 ll
1423 5383 1551 5439 Cor.
1579 5399 1681 5448 xu,
1706 5382 1759 5436 4.
1837 5380 1881 5413 ³⁹
1916 5379 2062 5434 Psal.
2096 5393 2195 5442 CII,
2238 5378 2326 5432 15-

360 5535 626 5606 Ἒκεῑνης.
656 5540 804 5595 Hanc.
825 5556 1012 5595 vocem
1041 5540 1350 5595 addidimus
1372 5555 1438 5595 ex
1459 5538 1675 5594 duobus

430 5676 549 5745 γὶἱρ.
593 5678 732 5750 Lege
769 5681 825 5733 ’0
851 5697 997 5747 γουν.

186 5736 699 5864 Βέξξεὲξηιὶαίτικήῗ
724 5750 811 5803 Sic
846 5736 1071 5821 uterque
1126 5748 1318 5805 codex.
1372 5745 1515 5801 Editi
1572 5762 1671 5816 ση-

1858 5534 1970 5603 (58)
2019 5535 2124 5587 Ἢν
2152 5531 2271 5604 καί.
2296 5529 2425 5584 Mss.
2451 5538 2504 5581 et
2530 5527 2661 5604 edit.
2697 5522 2860 5604 Basil.
2888 5523 3037 5604 _6_?tat

1856 5594 1971 5676 (59')
2018 5602 2462 5676 Ὀυᾷνθρῳποᾳ
2504 5596 2804 5676 _Articu.l'us
2838 5594 3091 5676 additus"
3111 5604 3175 5643 ex
3192 5603 3356 5676 “mss:

1783 5658 1935 5729 deest
1955 5658 2015 5727 in
2044 5658 2449 5727 editis-Ibidem
2489 5665 2597 5720 duo
2627 5665 2843 5720 codices
2868 5680 2998 5719 mss.
3037 5659 3250 5729 Ἐπειδὴ
3278 5658 3360 5722 δεῖ,

1855 5744 1964 5815 (60)
2003 5742 2179 5812 Λὲγῃ.
2219 5741 2307 5796 Sic
2343 5755 2475 5793 mss.
2506 5737 2644 5792 Editi
2672 5735 2814 5804 λέγει
