3886 6220
456 405 563 462 251

1799 399 1858 459 S.
1899 401 2164 459 BASILII‘
2185 405 2424 462 MAGNI‘

3662 403 3764 463 252

465 524 833 594 temporarius
879 530 934 579 et
967 523 1241 578 mortalis.
1294 519 1387 576 Sic
1433 520 1793 591 intelligimus
1836 520 1905 576 de
1943 538 2039 576 na-

2146 524 2298 595 ἔχων
2329 524 2671 580 ἀθανασίαν
2694 541 2708 553 ο
2728 548 2731 551 ι
2751 526 2869 588 καὶ,
2917 523 3092 591 Μόνῳ
3123 524 3295 594 σοφῷ
3333 524 3494 591 θεῷ,
3544 524 3650 577 καὶ
3684 526 3760 588 τὸ,

466 627 591 674 tura
622 621 770 674 dicta
803 634 926 674 esse
972 627 1028 673 et
1059 618 1150 673 illa
1179 636 1193 670 :
1226 616 1331 682 Qui
1354 615 1500 669 solus
1531 614 1684 668 habet
1727 614 2049 667 immortali.

467 721 630 766 tatem
649 711 725 779 “;
756 722 832 775 et,
866 709 982 766 Soli
1016 709 1244 779 sapienti
1284 707 1394 761 Deo
1418 707 1495 773 δίς
1535 716 1612 770 et,
1648 705 1818 761 Nemo
1857 706 2044 772 bonus,

464 805 572 857 nisi
622 820 759 857 unus
801 803 941 856 Deus
965 802 1032 855 "’.
1069 800 1169 854 Hic
1199 801 1345 855 enim
1380 816 1517 852 unus
1558 799 1846 869 signiﬁcat
1879 798 2043 863 idem,

459 898 613 968 quod
643 899 808 950 solus.
837 895 924 960 Et,
953 894 1058 961 Qui
1087 895 1323 949 extendit
1349 892 1535 947 coelum
1564 889 1708 945 solus
1731 892 1811 958 ";
1840 898 1890 944 et
1922 904 2048 944 rur-

460 1005 586 1050 sus,
629 988 916 1042 Dominum
953 987 1124 1042 Deum
1155 997 1304 1041 tuum
1333 984 1606 1046 adorabis,
1640 995 1689 1038 et
1711 983 1793 1037 illi
1815 985 1916 1038 soli
1936 999 2047 1037 ser-

460 1082 570 1136 oies
592 1081 637 1112 ιδ
665 1100 681 1138 ;
713 1090 787 1145 et,
824 1079 947 1133 Non
969 1091 1047 1135 est
1077 1079 1211 1133 Deus
1242 1087 1433 1146 prwter
1462 1093 1542 1131 me
1564 1077 1631 1130 "5.
1663 1075 1800 1130 Nam
1830 1093 1965 1129 unus
1992 1083 2047 1130 et

464 1172 611 1228 solus
635 1172 702 1227 de
738 1171 848 1224 Deo
876 1172 1140 1227 dicuntur
1160 1170 1269 1240 83
1306 1170 1362 1223 in
1396 1166 1683 1237 Scriptura
1713 1183 1821 1222 non
1855 1166 1922 1221 ad
1959 1166 2045 1219 di-

452 1265 816 1362 ‘stinctionem
849 1280 879 1317 a
914 1262 1053 1316 Filio
1094 1273 1190 1316 aut
1222 1262 1429 1331 Spiritu
1463 1268 1679 1323 sancto,
1714 1260 1810 1314 sed
1852 1258 2046 1313 adver-

452 1351 562 1459 ;sus
603 1373 698 1412 eos
727 1357 821 1426 qui
849 1371 975 1411 cum
1008 1354 1082 1409 dii
1114 1370 1223 1409 non
1258 1355 1392 1411 sint.
1426 1353 1501 1406 dii
1533 1361 1713 1406 tamen
1751 1351 1893 1405 falso
1938 1366 2042 1404 no-

464 1444 770 1512 minantur,
814 1456 873 1502 ut
907 1455 991 1503 est
1021 1447 1153 1501 illud
1183 1465 1195 1501 :
1224 1446 1484 1500 Dominus
1511 1447 1655 1498 solus
1679 1444 1836 1497 duxit
1855 1460 1963 1505 eos,
1991 1453 2044 1496 et

462 1559 568 1596 non
608 1551 724 1596 erat
754 1558 872 1594 cum
902 1540 979 1594 eis
1013 1540 1140 1593 deus
1176 1539 1380 1592 alienus
1402 1538 1479 1598 “z
1520 1544 1596 1598 et,
1631 1534 1942 1588 Evenerant
1976 1534 2044 1601 ﬁ-

464 1635 525 1688 lii
556 1632 730 1688 Israel
761 1631 997 1694 Baalim,
1030 1641 1079 1684 et
1113 1646 1329 1684 nemora
1358 1626 1633 1691 Astarotlt,
1666 1635 1715 1679 et
1751 1624 2043 1679 serviebant

465 1725 694 1779 Domino
731 1724 832 1778 soli
852 1724 918 1777 ³⁷.
962 1722 1038 1787 Et.
1080 1723 1279 1776 iterum
1324 1720 1530 1774 Paulus
1573 1717 1765 1774 :Sicut
1810 1725 1929 1771 sunt
1967 1716 2044 1769 dii

463 1818 641 1881 multi,
671 1826 720 1871 et
755 1816 957 1869 domini
984 1815 1164 1878 multi,
1194 1813 1345 1868 nobis
1371 1824 1545 1867 tamen
1566 1829 1703 1866 unus
1738 1810 1897 1873 Deus,
1931 1807 2037 1862 Pa-

464 1919 562 1973 ter,
606 1923 671 1962 ex
714 1924 818 1977 quo
866 1908 1066 1969 omnia,
1110 1916 1158 1959 et
1211 1921 1346 1958 unus
1387 1904 1647 1958 Dominus
1684 1901 1841 1955 Iesus
1889 1899 2044 1954 Clari-

461 2012 599 2062 stus,
654 2016 745 2069 per
802 2017 954 2071 quem
1014 1999 1191 2052 omnia
1212 2001 1279 2048 δ’.
1304 1996 1506 2051 Verum
1562 1997 1652 2049 hic
1712 1993 2040 2063 qumrimus,

458 2092 739 2163 quomodo
786 2108 912 2145 cum
953 2092 1207 2155 dixisset,
1250 2086 1396 2142 Unus
1444 2086 1608 2153 Deus,
1656 2101 1720 2141 ea
1755 2099 1889 2139 voce
1934 2099 2042 2138 non

462 2184 632 2241 fuerit
659 2192 955 2239 contentus
988 2182 1254 2255 (diximus
1285 2185 1452 2243 enim,
1483 2196 1608 2234 cum
1635 2179 1781 2233 solus
1821 2186 1875 2232 ct
1906 2193 2042 2230 unus

454 2279 529 2334 de
565 2277 677 2333 Deo
718 2277 1002 2335 dicuntur,
1057 2273 1354 2344 signiﬁcari
1391 2275 1688 2340 naturam),
1733 2272 1827 2325 sed
1862 2280 1916 2324 ct
1948 2285 2044 2323 vo—

461 2386 579 2425 cem
630 2369 796 2423 Pater
838 2368 1178 2438 apposuerit,
1223 2374 1278 2420 et
1329 2364 1534 2420 Christi
1580 2365 1772 2418 fecerit
1809 2365 2044 2416 mentio-

458 2477 605 2517 nem.
669 2460 936 2530 Suspicor
990 2460 1175 2528 imque
1233 2457 1578 2511 existimasse
1618 2455 1720 2508 hoc
1766 2454 1888 2507 loco
1945 2469 2042 2509 vas

458 2554 748 2609 electionis
804 2552 1068 2614 Paulum,
1127 2550 1261 2603 satis
1317 2564 1423 2602 non
1481 2562 1604 2602 esse
1659 2544 2042 2599 tantummodo

460 2646 630 2701 Deum
672 2644 895 2705 Filium,
935 2654 990 2698 et
1033 2642 1202 2697 Deum
1238 2640 1505 2711 Spiritum
1544 2648 1796 2693 sanctum
1830 2637 2041 2708 przedi-

459 2754 621 2805 care;
664 2738 715 2792 id
749 2736 893 2807 quod
935 2751 1031 2806 per
1071 2735 1396 2796 dicuiOnem,
1432 2731 1580 2785 Unus
1605 2730 1767 2791 Deus,
1792 2729 2044 2784 declara-

457 2838 634 2889 verat.
672 2830 776 2885 nisi
817 2838 1076 2900 praeterea
1123 2842 1218 2896 per
1263 2825 1626 2894 adjectiouem
1663 2823 1861 2885 Patris,
1905 2836 2033 2876 cum

456 2940 525 2981 ex
552 2938 661 2994 quo
685 2922 866 2977 omnia
897 2929 1046 2987 sunt,
1077 2918 1448 2988 exprimeret;
1484 2921 1539 2970 et
1570 2929 1668 2985 per
1707 2915 2040 2969 mentionem

459 3012 696 3078 Domini,
745 3008 980 3066 Verbum
1029 3024 1126 3080 per
1158 3007 1305 3078 quod
1343 3007 1527 3062 omnia
1566 3012 1715 3067 sunt,
1769 3004 2042 3076 signiﬁca-

458 3113 563 3164 ret.
597 3112 652 3159 et
683 3119 900 3165 rursus,
934 3117 1029 3172 per
1056 3099 1185 3155 Jesu
1231 3098 1436 3153 Christi
1481 3097 1915 3166 adjunctioncm,
1955 3096 2040 3149 in-

2155 616 2367 684 Οὐδείς
2418 617 2638 688 ἀγαθὸς
2674 619 2726 670 εί
2754 615 2840 687 μὴ
2880 611 2968 683 εἷς
2999 618 3033 671 ὁ
3077 618 3242 683 Θεός.
3275 618 3349 670 Τὸ
3379 616 3507 690 γὰρ
3557 611 3654 683 εἷς
3682 620 3760 671 ὲν-

2148 709 2322 764 ταῦθα
2347 709 2423 781 τῷ
2455 710 2646 779 μόνος
2673 709 2869 762 ταυτὸν
2900 709 3081 781 δηλοίτ
3121 711 3323 775 καὶτὸ,
3361 711 3427 765 '0
3472 712 3761 776 τανύσας
3797 764 3809 789 ι

2149 803 2256 855 τὸν
2270 802 2532 870 οὐρανὸν
2556 804 2744 871 μόνος
2759 818 2773 830 ·
2797 802 2889 854 καὶ
2912 801 3074 856 πάλιν
3093 819 3108 835 ⁸
3137 803 3331 871 Κῑιρίῳ
3354 801 3439 869 τῷ
3476 801 3618 867 Θεῷ
3643 820 3758 857 σου

2147 894 2620 962 προσκυνήσεις,
2656 897 2754 949 καὶ
2797 894 2958 962 αὐτῷ
3006 898 3171 965 μόνῳ
3198 896 3581 964 λατρεύσεις
3602 911 3619 925 θ
3670 895 3760 947 καὶ

2146 988 2229 1053 τὸ,
2256 990 2377 1041 Οὐκ
2407 988 2539 1042 ἔστι
2566 989 2711 1056 Θεὸς
2740 993 2906 1058 πλὴν
2947 989 3115 1060 ἐμοῦ.
3154 988 3227 1043 Τὸ
3253 989 3362 1061 γὰρ
3394 984 3495 1055 εἷς
3534 989 3639 1043 καὶ
3652 991 3759 1057 μοι

2146 1093 2255 1141 νος
2278 1076 2390 1130 ἐπὶ·
2411 1076 2546 1130 Θεοῦ
2579 1077 2689 1150 (61)
2720 1081 2779 1133 ἐν
2809 1083 2876 1152 τῇ
2911 1081 3101 1152 Γραεξῇ
3140 1081 3200 1133 οὐ
3228 1080 3365 1152 πρὸς
3384 1080 3759 1133 ,ἀντιδιαστο-

2146 1166 2244 1237 λὴν
2268 1166 2361 1220 τοῦ
2399 1168 2589 1240 Υἱοῦῆ
2634 1169 2730 1223 τοῦ
2761 1171 2917 1239 ἁγίου
2958 1172 3271 1242 Πνεῦματος
3313 1171 3755 1241 λέγεται,,ἀλλ.²ι

2148 1261 2283 1331 πρὸς
2313 1263 2438 1325 τοὺς
2505 1261 2579 1332 μὴ
2630 1262 2790 1327 ὄντας
2824 1262 2999 1328 θεοὺς,
3045 1261 3489 1334 ὀνομαζομένους
3525 1263 3594 1316 δὲ
3621 1263 3754 1332 ψευ-

2146 1352 2251 1417 δῶς
2271 1370 2288 1383 ν
2312 1352 2389 1418 ὡς
2420 1355 2499 1418 τὸ,
2538 1355 2753 1423 Κύριος
2767 1358 2956 1425 μόνος
2980 1353 3128 1426 ἦγεν
3163 1358 3384 1423 αὐτούς
3403 1372 3418 1386 '
3461 1357 3598 1421 καὶ,
3634 1358 3753 1410 Οὐκ

2145 1444 2225 1518 ἦν
2251 1449 2379 1517 μετ’
2410 1446 2610 1502 αὐτῶν
2632 1449 2776 1515 Θεὸς
2803 1451 3123 1519 ἀλλότριος
3143 1468 3157 1482 ·
3184 1450 3279 1504 καὶ
3300 1450 3384 1514 τὸ,
3420 1449 3752 1519 Περιεῖλον

2144 1538 2260 1592 υἱοὶ
2322 1537 2435 1608 (6‘2)
2503 1538 2741 1607 Ἰσραὴλ
2802 1541 2875 1594 τὰ
2923 1541 3211 1611 Βααλεὶμ,
3270 1541 3368 1594 καὶ
3431 1542 3515 1595 τὰ
3582 1540 3753 1609 ἄλση

2158 1629 2481 1697 Ἀσταρὼθ,
2516 1631 2615 1683 καὶ
2641 1631 3184 1701 ἐδούλευον-Κυρίῳ
3209 1637 3376 1703 μόνῳ
3394 1650 3408 1665 ’
3446 1634 3554 1687 καὶ
3584 1633 3749 1687 πάλιν

2143 1723 2172 1775 ὀ
2205 1722 2454 1788 Παῦλος⁸
2495 1723 2727 1792 ’Ὠσπερ
2752 1725 2871 1778 εἰσί
2918 1725 3040 1779 θεοὶ
3078 1727 3316 1791 πολλοὶ.
3379 1727 3484 1782 καὶ
3548 1727 3748 1794 κύριοι

2146 1816 2387 1878 πολλοὶ,
2432 1815 2569 1870 ἀλλ’
2620 1815 2766 1885 ἡμῖν
2817 1811 2904 1883 εἷς
2937 1817 3103 1884 Θεὸς,
3128 1821 3161 1872 ό
3194 1818 3419 1888 Πατὴρ,
3449 1817 3531 1884 ἐξ
3564 1813 3644 1874 οὗ
3673 1819 3755 1870 τὰ

2144 1905 2361 1971 πάντα,
2419 1907 2517 1961 καὶ
2560 1904 2649 1973 εἷς
2699 1908 2930 1976 Κύριος.
2973 1908 3204 1976 Ἰησοῦς
3247 1910 3532 1978 Χριστὸς,
3561 1908 3641 1962 δι’
3669 1903 3743 1963 οὗ

2143 1999 2215 2051 τὰ
2255 1998 2468 2054 πάντα.
2524 1998 2685 2052 Ἀλλά
2741 1999 3011 2072 ζητοῦμεν
3080 2001 3350 2067 ἐνταῦθα,
3410 2003 3577 2067 πῶς,
3634 1996 3751 2066 Εἷς.

2146 2090 2289 2157 Θεὸς
2345 2090 2457 2162 (65)
2515 2089 2771 2163 εἰρηκὼς,
2804 2093 2906 2145 οὐκ
2936 2092 3178 2165 ἠρκέσθη
3221 2096 3286 2164 τῇ
3320 2097 3473 2165 φωνῇ
3500 2094 3760 2163 (ἔφαμεν-

2143 2181 2274 2251 γὰρ,
2302 2181 2384 2234 ὅτι
2409 2181 2596 2250 μόνος
2624 2181 2717 2234 καὶ
2749 2181 2810 2234 τὸ
2828 2176 2917 2248 εἷς
2945 2182 3040 2234 ἐπὶ
3062 2180 3195 2235 Θεοῦ
3228 2182 3327 2254 τὴν
3349 2183 3517 2252 φύσιν
3542 2181 3755 2254 δηλοῖ),

2144 2270 2424 2325 ἀλλὰκαὶ
2475 2271 2536 2324 τὸ
2576 2271 2782 2340 Πατὴρ
2839 2273 3168 2345 προσέθηκε,
3220 2275 3314 2328 καὶ
3353 2274 3448 2329 τοῦ
3492 2272 3753 2347 Χριστοῦσ

2144 2353 2566 2435 ἐμνημόνευσεν.
2647 2363 2890 2417 ’Υπονοῶ
2927 2365 3139 2427 τοίνυν,
3190 2366 3272 2419 ὅτι
3323 2367 3425 2419 οὐκ
3477 2365 3735 2438 ἐξαρκεῖν

2144 2454 2298 2525 ᾠήθη
2330 2454 2426 2507 νῦν
2465 2456 2494 2508 ὁ
2538 2453 2769 2517 Παῦλος,
2801 2454 3078 2519 τδσκεῦος
3109 2456 3208 2527 τῆς
3225 2455 3487 2527 ἐκλογῆς,
3526 2454 3751 2528 κηρὺσο-

2146 2564 2259 2601 σειν
2319 2547 2477 2618 μόνον
2517 2545 2648 2600 Θεὸν
2703 2546 2794 2600 τὸν
2824 2547 2975 2615 Υίὸν,
3031 2547 3292 2601 καὶθεδν
3319 2549 3382 2601 τὸ
3413 2548 3653 2620 Πνεῦμα
3676 2546 3749 2599 τὸ.

2143 2637 2320 2708 ἅγιον,
2352 2640 2490 2712 ὅπερ
2529 2640 2617 2694 διὰ
2646 2639 2746 2710 τῆς
2767 2635 3044 2706 Εἷςθεὸς
3069 2639 3302 2711 ἐδήλωσε
3354 2642 3598 2712 ρήσεως,
3640 2639 3729 2692 ἐὰν

2147 2733 2221 2804 μὴ
2246 2734 2339 2786 καὶ
2372 2733 2462 2787 διὰ
2497 2735 2595 2806 τῆς
2634 2733 2953 2806 προσθήκης
2977 2733 3070 2787 τοῦ
3109 2734 3321 2805 Πατρρς
3352 2734 3446 2787 τὸν
3481 2735 3548 2799 ἐξ
3572 2724 3637 2786 οῦ
3667 2731 3749 2785 ei.

2143 2824 2324 2879 πάντα
2358 2824 2572 2898 δηλώσῃ
2595 2845 2608 2856 ·
2638 2828 2732 2880 καὶ
2755 2825 2843 2881 διὰ
2869 2827 2969 2898 τῆς
3004 2827 3224 2898 μνήμης
3255 2825 3350 2880 τοῦ
3377 2827 3616 2898 Κυρίου,
3642 2825 3729 2878 τὸν

2141 2917 2315 2986 Λόγον
2374 2917 2464 2972 τὸν
2516 2917 2585 2971 δι’
2613 2912 2675 2972 οὗ
2698 2918 2771 2972 τὰ
2805 2918 2987 2973 πάντα
3033 2919 3278 2990 σημάνῃ⁶
3312 2919 3406 2972 καὶ
3431 2917 3623 2983 πάλιν,
3645 2915 3730 2969 διὰ

2142 3010 2242 3079 τῆς
2285 3008 2458 3081 Ἰησοῦ
2508 3009 2746 3082 Χριστοῦ
2797 3008 3279 3082 συμπαραλήψεως
3326 3009 3426 3081 τὴν
3457 3005 3738 3080 ὲνανθριξμ.

2145 3117 2312 3172 πησιν
2362 3100 2705 3174 παραγγείλῃ
2733 3101 2895 3188 “(64),
2941 3101 3034 3155 καὶ
3065 3101 3127 3153 τὸ
3162 3098 3331 3164 πάθος
3374 3100 3737 3172 παραστήσῃ,

458 3196 834 3253 ςοτιιιιιίοηοιιι
874 3192 1250 3254 annuntiaret,
1283 3199 1337 3245 et
1365 3191 1678 3260 passionem
1713 3197 1939 3259 poneret
1970 3187 2039 3242 ob

2149 3190 2242 3244 καὶ
2275 3191 2374 3262 τὴν
2406 3190 2701 3244 ἀνάστασιν
2741 3187 3166 3262 φανερώσῃ..Τὸ”
3200 3191 3331 3262 γὰρ,
3359 3190 3575 3261 Ἰησοῦς
3599 3188 3714 3257 Χρι-

458 3291 652 3343 οευιυε
700 3296 800 3341 :et
849 3285 1318 3340 resurrectionem
1373 3290 1865 3336 εοιιιιιιοῐιειηπρι,
1901 3277 2036 3333 Nam

459 3380 618 3443 illud,
653 3377 816 3433 Jesus
842 3376 1121 3441 Christus,
1172 3376 1426 3430 notiones
1452 3374 1591 3429 tales
1620 3374 1778 3428 nobis
1811 3372 2037 3426 indicat.

454 3473 806 3544 Quapropter
851 3470 1016 3525 etiam
1069 3468 1337 3523 Dominus
1391 3475 1518 3521 ante
1569 3468 1882 3536 passionem
1928 3480 2038 3519 non

459 3566 576 3620 vult
601 3564 709 3619 dici
740 3561 903 3618 Jesns
936 3561 1217 3623 Christus,
1266 3567 1320 3614 et
1351 3558 1639 3628 discipulis
1677 3557 1942 3628 prmcipit,
1982 3563 2041 3609 ut

457 3672 529 3711 ne
557 3656 816 3724 cuiquam
849 3652 1039 3708 dicant
1077 3652 1253 3722 ipsum
1296 3665 1421 3705 esse
1448 3649 1633 3704 Jesum
1665 3649 1947 3704 Christum
1971 3647 2037 3702 δ’.

457 3746 809 3816 Propositum
857 3745 1004 3799 enim
1035 3742 1113 3795 illi
1156 3750 1273 3795 erat
1316 3748 1439 3811 post
1474 3740 1783 3795 absolutam
1810 3738 2037 3809 dispen-

453 3840 725 3895 sationem
768 3850 833 3889 ac
864 3835 1328 3889 resurrectionem
1364 3847 1432 3886 ex
1463 3831 1717 3892 mortuis,
1753 3838 1806 3885 et
1836 3831 1890 3885 in
1927 3845 2043 3884 co:—

454 3933 541 3987 los
578 3929 1038 3999 assumptionem,
1078 3934 1193 3980 tum
1229 3925 1447 3980 demum
1482 3925 1616 3995 ipsis
1664 3924 2036 3986 committere,

453 4030 517 4078 ut
559 4038 683 4077 eum
726 4019 914 4076 Jesum
966 4018 1249 4074 Christum
1304 4015 1693 4086 praedicarent.
1752 4014 2035 4085 Ejusmodi

450 4121 622 4170 estet
653 4112 785 4168 illud
816 4131 829 4167 :
869 4109 937 4165 Ut
986 4117 1304 4180 cognoscant
1340 4118 1388 4162 te
1427 4108 1597 4161 solum
1638 4124 1811 4161 verum
1846 4107 2034 4171 Deum,

449 4215 505 4261 ιι
539 4221 690 4273 quem
739 4203 933 4257 misisti
978 4200 1165 4256 Iesum
1208 4199 1479 4255 Christum
1504 4200 1587 4266 ⁵⁰;
1630 4199 1765 4253 illud
1804 4200 2033 4254 itidem:

457 4297 688 4353 Creditis
725 4297 780 4349 in
812 4294 1003 4359 Deum,
1033 4304 1082 4348 et
1113 4295 1168 4349 in
1202 4309 1282 4347 me
1314 4292 1509 4347 credite
1529 4293 1573 4324 “
1610 4310 1624 4346 :
1656 4292 1859 4362 ubique
1889 4292 2039 4362 cogi-

453 4391 719 4446 tationem
749 4399 995 4442 nostram
1038 4385 1434 4456 prannuniente
1463 4382 1673 4453 Spiritu
1710 4390 1903 4437 sancto
1929 4400 1944 4449 ;
1973 4399 2039 4436 ne

459 4476 781 4532 accedentes
843 4473 909 4528 ad
958 4478 1215 4533 alterum,
1263 4473 1436 4526 altero
1488 4472 1848 4538 excidamus;
1901 4488 2037 4527 neve

2147 3281 2290 3346 στὸς,
2349 3281 2446 3345 τὰς
2486 3280 2740 3345 τοιαύτας
2769 3281 2976 3343 ἑννοίας
3010 3281 3139 3352 ἡμῖν
3176 3280 3447 3350 ἐμφαίνει.
3511 3278 3605 3332 Διὸ
3636 3276 3716 3329 κατ

2142 3376 2249 3447 πρὸ
2282 3375 2376 3428 τοῦ
2406 3375 2613 3439 πάθους
2663 3378 3011 3446 παραιτεῖται
3041 3377 3068 3428 ὁ
3105 3374 3309 3444 Κύριος
3352 3374 3564 3444 Ἰησοῦς
3593 3373 3693 3443 Χρι

2144 3466 2268 3530 στὸς
2316 3465 2812 3535 καταγγέλλεσθαι·
2866 3464 2961 3518 καλ⁸
3007 3464 3520 3531 διαστέλλεταιτοίς
3551 3461 3712 3533 μαθηέ

2141 3560 2280 3625 ταῖς,
2308 3559 2397 3613 ἵνα
2431 3559 2622 3631 μηδενὶ
2670 3559 2919 3622 εἴπωσιν,
2961 3559 3043 3611 ὅτι
3073 3557 3237 3621 αὑτός
3280 3558 3429 3609 ἐστιν
3472 3555 3707 3627 Ἰησοῦςέ

2141 3652 2400 3724 Χριστός,
2462 3652 2752 3723 Πρόκειται
2775 3651 2885 3721 γὰρ
2907 3649 3055 3721 αὑτῷ
3080 3648 3549 3721 τελειώσαντιτὴν
3582 3651 3703 3702 οἰκο

2141 3744 2356 3815 νομίαν,
2414 3744 2554 3814 μετά
2604 3743 2705 3813 τὴν
2743 3744 2807 3795 ἐκ
2833 3740 3042 3812 νεκρῶν
3084 3742 3380 3795 ἀνάστασιν
3403 3741 3499 3794 καὶ
3520 3740 3617 3811 τὴν
3643 3738 3703 3793 εἰς

2139 3837 2401 3908 οὐρανοὺς
2422 3836 2710 3908 ἀνάληψιν,
2755 3834 3045 3907 ἐπιτρέψαι
3087 3835 3270 3897 αὐτοῖς
3303 3832 3600 3903 κηρύσσειν
3628 3830 3710 3883 αὖ.

2138 3929 2231 3984 τὸν
2277 3929 2483 4000 Ἰησοῦν
2514 3930 2604 3983 τὸν
2640 3928 2899 4000 Χριστόν.
2941 3926 3194 3981 Τοιοῦτόν
3220 3927 3336 3978 ἐστι
3368 3927 3461 3979 καὶ
3483 3924 3567 3981 τὸ.
3594 3924 3701 3976 Ἰν(

2141 4020 2482 4092 γινώσκωσί
2529 4037 2603 4075 σε
2649 4021 2756 4075 τὸν
2788 4022 2983 4091 μόνον
3006 4017 3297 4087 ἀληθινὸν
3330 4017 3501 4081 Θεὸν,
3536 4014 3701 4074 κσὶῶ

2142 4113 2507 4181 ἀπέστειλας
2539 4114 2773 4182 Ἰησοῦν
2805 4115 3064 4183 Χριστόν
3089 4129 3102 4143 ·
3129 4112 3222 4166 καὶ
3271 4112 3352 4177 τὸ,
3403 4112 3704 4165 Πιστεύετε

2138 4209 2226 4274 είς
2254 4205 2421 4272 Θεὸν,
2455 4206 2553 4259 καί
2599 4208 2687 4273 εἰς
2749 4204 2854 4275 ἐμὲ
2903 4206 3247 4259 πιστεύετεο
3299 4203 3576 4274 πανταχοῦ
3624 4200 3715 4271 τὴν

2140 4297 2347 4351 ἔννοιαν
2402 4296 2557 4368 ἡμῶν
2614 4296 3047 4366 ἀσφαλιζομένου
3110 4294 3203 4348 τοῦ
3263 4294 3583 4365 Πνεῦματος
3627 4289 3703 4344 τοί

2139 4389 2319 4457 ἁγίου,
2378 4389 2465 4442 ἵνα
2524 4388 2620 4460 μὴ,
2658 4388 2871 4461 θατέρῳ
2909 4386 3353 4459 προσϐαίνοντες,
3386 4385 3617 4456 θατέρου
3638 4384 3711 4435 ὲκ.

2141 4479 2463 4548 πίπτωμεν·
2503 4480 2597 4532 καὶ
2637 4481 2701 4549 τῇ
2741 4477 2989 4548 θεολογίᾳ
3029 4476 3405 4548 προσέχοντες,
3439 4474 3542 4546 τῆς
3584 4476 3690 4528 οίκο

452 4567 746 4637 theologia:
786 4565 979 4619 intenti
1028 4564 1369 4635 negligamus
1409 4564 1914 4634 dispensationem;
1953 4573 2038 4618 at-

2146 4569 2332 4640 νομίας
2388 4568 2849 4641 καταφρονῶμεν·
2900 4569 2994 4623 καὶ
3046 4569 3270 4640 γένηται
3313 4570 3443 4639 ἡμῖν
3481 4569 3624 4622 κατά
3658 4563 3702 4618 τί

452 4674 563 4729 que
596 4659 652 4711 in
686 4657 1045 4727 impietatem,
1076 4655 1206 4710 dum
1230 4654 1285 4709 in
1310 4656 1493 4725 aliquo
1518 4653 1867 4720 oﬂ‘endimus,
1902 4654 2031 4710 inci-

447 4750 670 4807 damus.
1568 4733 1598 4758 ‘

524 4843 579 4897 4.
625 4841 799 4897 Verba
833 4849 1014 4896 autem
1055 4841 1253 4895 divina:
1288 4838 1607 4908 Scripturaa,
1650 4852 1772 4907 quae
1814 4847 2032 4909 arrepta

452 4932 781 4995 adversarii,
806 4940 860 4986 et
885 4931 951 4985 ad
976 4945 1131 4985 suam
1160 4930 1401 4999 ipsorum
1435 4927 1761 4983 sententiam
1790 4928 2031 4994 detorta,

456 5026 615 5082 nobis
665 5026 731 5080 ad
793 5025 1136 5080 eversionem
1191 5021 1497 5091 majestatis
1564 5018 1837 5091 Unigeniti
1894 5021 2032 5092 obji-

453 5119 628 5184 ciunt,
659 5118 824 5174 simili
860 5116 1022 5172 modo
1066 5111 1465 5185 expendamus,
1508 5113 1793 5167 notionem
1839 5128 2032 5168 eorum

2140 4663 2382 4717 ἐλλεῖπον
2413 4663 2446 4734 ἡ
2478 4662 2721 4716 ἀσέϐεια.

2206 4841 2259 4896 4.
2288 4841 2369 4896 Τὰ
2392 4841 2449 4895 δὲ
2470 4843 2691 4914 ῥήματα
2733 4844 2831 4912 τῆς
2870 4841 3019 4906 θείας
3059 4841 3303 4914 Γραφῆς,
3340 4841 3483 4913 ἆπερ
3504 4836 3700 4911 λαμϐά-

2140 4951 2325 4999 νοντες
2363 4919 2412 4988 οἱ
2449 4936 2815 5007 ἀντικείμενοι
2864 4936 2960 4991 καὶ
3007 4935 3419 5007 διαστρέφοντες
3448 4935 3586 5005 πρὸς
3619 4930 3701 4999 τὴν

2137 5027 2346 5081 οἰκείαν
2376 5027 2683 5098 συνείδησιν
2722 5029 2801 5091 είς
2842 5026 3161 5099 καθαίρεσιν
3184 5028 3282 5097 τῆς
3309 5026 3464 5097 δόξης
3493 5025 3587 5077 τοῦ
3609 5024 3699 5077 Μο-

2138 5117 2390 5186 νογενοῦς
2429 5120 2562 5190 ἡμῖν
2593 5119 2979 5192 προφέρουσιν,
3003 5119 3176 5182 οὕτως
3210 5118 3552 5190 ἐξετάσωμεν
3584 5112 3702 5189 (65)»

527 5231 572 5263 ⁵ο
601 5229 621 5283 ι
648 5228 789 5284 Tim.
826 5247 901 5294 νι,
935 5229 1022 5284 16.
1066 5228 1143 5261 ’“
1184 5227 1337 5300 Rom.
1370 5243 1484 5290 xw,
1523 5226 1627 5300 27.
1689 5227 1733 5259 δ’
1761 5224 1894 5300 _L_uc_.
1920 5244 2028 5300 xyu

2146 5231 2197 5287 9.
2276 5235 2323 5266 ⁸³
2352 5232 2459 5290 Joh
2499 5250 2575 5299 nt,
2617 5234 2673 5292 8.
2748 5236 2795 5267 ³⁸
2829 5235 2988 5290 Deut.
3025 5251 3102 5300 vr,
3132 5235 3217 5288 15.
3279 5232 3324 5265 ⁸⁸
3359 5233 3513 5289 Deut.
3541 5248 3700 5291 xun,

452 5301 542 5356 '59.
651 5300 697 5333 “
734 5301 866 5356 ibid.
917 5300 1004 5354 12.

450 5372 495 5404 "
518 5368 676 5425 Joan.
707 5387 820 5438 xw,
858 5372 909 5425 l.

522 5487 655 5559 (6|),
706 5486 835 5540 Ἐπὶ
893 5485 1062 5542 Θεοῦ.
1123 5484 1268 5541 Editi
1324 5482 1533 5539 addunt
1567 5483 1885 5550 articulum,
1938 5482 2032 5539 sed

447 5559 601 5616 deest
616 5558 709 5629 lin
735 5572 868 5629 mss.

522 5621 641 5700 (-62)'
673 5625 992 5700 1101.11an
1045 5626 1521 5700 vocqnaddimus
1562 5640 1628 5681 ex
1674 5622 1808 5697 Reg.
1866 5621 2033 5679 Paulo

449 5695 876 5776 post_du_t_).msAs.
899 5695 1127 5776 ,ὥσ-περ.
1158 5695 1300 5749 Editi
1329 5697 1505 5769 εἴπερ.

522 5769 634 5839 (65)
666 5761 771 5834 Εἷς
800 5767 962 5839 Θεὸς.
1000 5761 1237 5839 Primam
1269 5761 1465 5839 rocem'
1506 5766 1761 5839 addimus
1794 5780 1859 5821 ex
1894 5780 2027 5819 mss.

450 5835 624 5898 Paulo
674 5848 796 5910 post
828 5837 885 5894 in
928 5837 1052 5894 cod.
1088 5835 1217 5909 Reg.
1268 5836 1460 5908 legitur
1492 5838 1551 5891 τὸ
1588 5836 1812 5907 Πνεῦμα
1862 5852 2022 5905 προσ-

1116 5300 1162 5332 "
1201 5299 1383 5370 liteg.
1441 5313 1538 5362 vn,
1598 5296 1653 5351 4.

1760 5298 1807 5329 “
1867 5297 1888 5350 ι
1945 5298 2073 5356 Cor.
2128 5304 2332 5371 “11,5,
2361 5304 2415 5360 6.

2525 5305 2767 5360 "Matth.
2819 5322 2930 5372 xw,
2984 5305 3073 5360 20.
3185 5300 3233 5336 ⁸⁸
3256 5302 3415 5360 Joan.
3474 5319 3608 5368 mi,
3655 5302 3701 5354 5.

2138 5483 2324 5538 ἑθηκε.

2358 5553 2754 5628 Παραπτείλῃ.
2786 5552 2907 5628 D_u_o
2938 5568 3070 5628 mss.
3106 5554 3433 5628 ἀπαγγείλῃ.

2209 5620 2320 5695 (65)
2346 5620 2800 5695 meamne.
2824 5624 2915 5677 Sic
2942 5620 3073 5695 Reg.
3100 5631 3157 5695 et
3183 5620 3352 5692 prima
3379 5620 3542 5680 manu
3566 5624 3699 5695 Harl.

2136 5693 2278 5750 Editi
2302 5693 2656 5764 ἐξετάσομεν.
2689 5694 2893 5749 Ibidem
2927 5693 3058 5748 editi
3087 5694 3522 5760 ἀναπτύσσοντες
3554 5693 3695 5755 αὑτά.

2138 5766 2254 5823 Duo
2282 5774 2489 5822 \‘chl'cs
2522 5764 2646 5820 libri
2690 5772 2746 5818 ut
2776 5765 2830 5819 in
2868 5770 3039 5820 textu.
