  <div class='ocr_page' id='page_1' title='image "/cluster/home/n/w/nwhite01/storage/ocr_20150623/32/mdp.39015011915462/138.png"; bbox 0 0 3886 6220; ppageno 0'>
   <div class='ocr_carea' id='block_1_1' title="bbox 137 320 1686 386">
    <p class='ocr_par' dir='ltr' id='par_1_1' title="bbox 137 320 1686 381">
     <span class='ocr_line' id='line_1_1' title="bbox 137 320 1686 381; baseline -0.001 -1"><span class='ocrx_word' id='word_1_1' title='bbox 137 325 218 380; x_wconf 77' lang='lat'><strong>257</strong></span> <span class='ocrx_word' id='word_1_2' title='bbox 1095 320 1583 380; x_wconf 59' lang='lat' dir='ltr'><strong>EPISTOLA‘RUM</strong></span> <span class='ocrx_word' id='word_1_3' title='bbox 1623 324 1686 381; x_wconf 78' lang='lat' dir='ltr'><strong>Cl</strong></span> 
     </span>
    </p>
   </div>
   <div class='ocr_carea' id='block_1_2' title="bbox 1794 320 2420 386">
    <p class='ocr_par' dir='ltr' id='par_1_2' title="bbox 1794 325 2420 386">
     <span class='ocr_line' id='line_1_2' title="bbox 1794 325 2420 386; baseline 0.019 -12"><span class='ocrx_word' id='word_1_4' title='bbox 1794 325 1903 382; x_wconf 77' lang='lat' dir='ltr'><strong>.SlS</strong></span> <span class='ocrx_word' id='word_1_5' title='bbox 1938 327 1978 382; x_wconf 84' lang='lat' dir='ltr'><strong>i.</strong></span> <span class='ocrx_word' id='word_1_6' title='bbox 2019 325 2238 384; x_wconf 70' lang='lat' dir='ltr'><strong>EPIST.</strong></span> <span class='ocrx_word' id='word_1_7' title='bbox 2285 328 2420 386; x_wconf 69' lang='lat' dir='ltr'><strong>\‘lll.</strong></span> 
     </span>
    </p>
   </div>
   <div class='ocr_carea' id='block_1_3' title="bbox 3272 335 3378 389">
    <p class='ocr_par' dir='ltr' id='par_1_3' title="bbox 3272 335 3378 389">
     <span class='ocr_line' id='line_1_3' title="bbox 3272 335 3378 389; baseline 0.009 -1"><span class='ocrx_word' id='word_1_8' title='bbox 3272 335 3378 389; x_wconf 71' lang='grc'><strong>258</strong></span> 
     </span>
    </p>
   </div>
   <div class='ocr_carea' id='block_1_4' title="bbox 133 442 1686 521">
    <p class='ocr_par' dir='ltr' id='par_1_4' title="bbox 133 442 1686 516">
     <span class='ocr_line' id='line_1_4' title="bbox 133 442 1686 516; baseline 0 -16"><span class='ocrx_word' id='word_1_9' title='bbox 133 446 424 516; x_wconf 78' lang='grc' dir='ltr'><strong>προσένειμε</strong></span> <span class='ocrx_word' id='word_1_10' title='bbox 483 443 564 514; x_wconf 84' lang='grc' dir='ltr'>τῷ</span> <span class='ocrx_word' id='word_1_11' title='bbox 611 442 806 514; x_wconf 86' lang='grc' dir='ltr'>Πατρί.</span> <span class='ocrx_word' id='word_1_12' title='bbox 857 444 1103 497; x_wconf 83' lang='grc' dir='ltr'>’Υπονοῶ</span> <span class='ocrx_word' id='word_1_13' title='bbox 1147 447 1346 510; x_wconf 81' lang='grc' dir='ltr'><strong>τοίνυν,</strong></span> <span class='ocrx_word' id='word_1_14' title='bbox 1392 447 1474 500; x_wconf 84' lang='grc' dir='ltr'><strong>ὅτι</strong></span> <span class='ocrx_word' id='word_1_15' title='bbox 1513 449 1686 500; x_wconf 80' lang='grc' dir='ltr'>έκεῖνο</span> 
     </span>
    </p>
   </div>
   <div class='ocr_carea' id='block_1_5' title="bbox 1794 442 3380 521">
    <p class='ocr_par' dir='ltr' id='par_1_5' title="bbox 1797 448 3380 521">
     <span class='ocr_line' id='line_1_5' title="bbox 1797 448 3380 521; baseline 0.004 -20"><span class='ocrx_word' id='word_1_16' title='bbox 1797 448 2023 503; x_wconf 72' lang='lat' dir='ltr'><strong>unitatis</strong></span> <span class='ocrx_word' id='word_1_17' title='bbox 2080 464 2143 502; x_wconf 89' lang='lat' dir='ltr'><strong>ac</strong></span> <span class='ocrx_word' id='word_1_18' title='bbox 2201 449 2453 504; x_wconf 87' lang='lat' dir='ltr'><strong>monadis</strong></span> <span class='ocrx_word' id='word_1_19' title='bbox 2531 449 3082 519; x_wconf 77' lang='lat' dir='ltr'><strong>contemplationem,</strong></span> <span class='ocrx_word' id='word_1_20' title='bbox 3140 467 3380 521; x_wconf 85' lang='lat' dir='ltr'><strong>quarum</strong></span> 
     </span>
    </p>
   </div>
   <div class='ocr_carea' id='block_1_6' title="bbox 128 533 1689 609">
    <p class='ocr_par' dir='ltr' id='par_1_6' title="bbox 128 533 1689 609">
     <span class='ocr_line' id='line_1_6' title="bbox 128 533 1689 609; baseline 0.001 -21"><span class='ocrx_word' id='word_1_21' title='bbox 128 539 317 604; x_wconf 77' lang='grc' dir='ltr'>λέγεται</span> <span class='ocrx_word' id='word_1_22' title='bbox 328 533 457 605; x_wconf 72' lang='grc' dir='ltr'>περὶ</span> <span class='ocrx_word' id='word_1_23' title='bbox 480 535 677 588; x_wconf 79' lang='grc' dir='ltr'>ἑαυτοῦ</span> <span class='ocrx_word' id='word_1_24' title='bbox 700 534 897 588; x_wconf 81' lang='grc' dir='ltr'>εἰδέναι</span> <span class='ocrx_word' id='word_1_25' title='bbox 915 538 942 589; x_wconf 87' lang='grc' dir='ltr'>ὁ</span> <span class='ocrx_word' id='word_1_26' title='bbox 961 535 1115 604; x_wconf 73' lang='grc' dir='ltr'>Θεὸς,</span> <span class='ocrx_word' id='word_1_27' title='bbox 1138 537 1275 609; x_wconf 82' lang='grc' dir='ltr'>ὅπερ</span> <span class='ocrx_word' id='word_1_28' title='bbox 1295 538 1409 589; x_wconf 77' lang='grc' dir='ltr'>ἐστί</span> <span class='ocrx_word' id='word_1_29' title='bbox 1428 556 1440 568; x_wconf 67' lang='grc' dir='ltr'><strong>ι</strong></span> <span class='ocrx_word' id='word_1_30' title='bbox 1469 539 1689 591; x_wconf 89' lang='grc' dir='ltr'>κάκεῖνο</span> 
     </span>
    </p>
   </div>
   <div class='ocr_carea' id='block_1_7' title="bbox 130 627 1686 704">
    <p class='ocr_par' dir='ltr' id='par_1_7' title="bbox 130 627 1686 704">
     <span class='ocr_line' id='line_1_7' title="bbox 130 627 1686 704; baseline 0.001 -22"><span class='ocrx_word' id='word_1_31' title='bbox 130 631 191 700; x_wconf 70' lang='grc' dir='ltr'><strong>μὴ</strong></span> <span class='ocrx_word' id='word_1_32' title='bbox 217 629 398 682; x_wconf 79' lang='grc' dir='ltr'>εἰδέναι</span> <span class='ocrx_word' id='word_1_33' title='bbox 443 630 590 699; x_wconf 82' lang='grc' dir='ltr'>ὅπερ</span> <span class='ocrx_word' id='word_1_34' title='bbox 641 629 741 682; x_wconf 87' lang='grc' dir='ltr'><strong>οὐκ</strong></span> <span class='ocrx_word' id='word_1_35' title='bbox 778 627 913 682; x_wconf 76' lang='grc' dir='ltr'>ἐστι.</span> <span class='ocrx_word' id='word_1_36' title='bbox 942 630 1299 702; x_wconf 73' lang='grc' dir='ltr'>Δικαιοσύνην</span> <span class='ocrx_word' id='word_1_37' title='bbox 1329 631 1428 700; x_wconf 86' lang='grc' dir='ltr'>μὲν</span> <span class='ocrx_word' id='word_1_38' title='bbox 1456 630 1566 704; x_wconf 88' lang='grc' dir='ltr'><strong>γάρ</strong></span> <span class='ocrx_word' id='word_1_39' title='bbox 1594 631 1686 685; x_wconf 79' lang='grc' dir='ltr'><strong>καὶ</strong></span> 
     </span>
    </p>
   </div>
   <div class='ocr_carea' id='block_1_8' title="bbox 125 720 1686 794">
    <p class='ocr_par' dir='ltr' id='par_1_8' title="bbox 125 720 1686 794">
     <span class='ocr_line' id='line_1_8' title="bbox 125 720 1686 794; baseline 0.003 -23"><span class='ocrx_word' id='word_1_40' title='bbox 125 722 293 788; x_wconf 78' lang='grc' dir='ltr'>σοφίαν</span> <span class='ocrx_word' id='word_1_41' title='bbox 331 720 554 789; x_wconf 85' lang='grc' dir='ltr'>λέγεται</span> <span class='ocrx_word' id='word_1_42' title='bbox 601 720 795 774; x_wconf 82' lang='grc' dir='ltr'>εἰδέναι</span> <span class='ocrx_word' id='word_1_43' title='bbox 843 723 872 774; x_wconf 83' lang='grc' dir='ltr'><strong><em>ὁ</em></strong></span> <span class='ocrx_word' id='word_1_44' title='bbox 914 721 1068 786; x_wconf 84' lang='grc' dir='ltr'>Θεὸς,</span> <span class='ocrx_word' id='word_1_45' title='bbox 1096 722 1544 794; x_wconf 80' lang='grc' dir='ltr'>αὺτοδικαιοσύνη</span> <span class='ocrx_word' id='word_1_46' title='bbox 1575 722 1686 793; x_wconf 82' lang='grc'><strong>(77)</strong></span> 
     </span>
    </p>
   </div>
   <div class='ocr_carea' id='block_1_9' title="bbox 129 812 1684 887">
    <p class='ocr_par' dir='ltr' id='par_1_9' title="bbox 129 812 1684 887">
     <span class='ocr_line' id='line_1_9' title="bbox 129 812 1684 887; baseline 0.001 -20"><span class='ocrx_word' id='word_1_47' title='bbox 129 815 204 867; x_wconf 73' lang='grc' dir='ltr'>καὶ</span> <span class='ocrx_word' id='word_1_48' title='bbox 223 812 372 881; x_wconf 73' lang='grc' dir='ltr'>σοφία</span> <span class='ocrx_word' id='word_1_49' title='bbox 395 813 664 884; x_wconf 80' lang='grc' dir='ltr'>ὑπάρχων</span> <span class='ocrx_word' id='word_1_50' title='bbox 686 831 700 842; x_wconf 92' lang='grc'><strong>·</strong></span> <span class='ocrx_word' id='word_1_51' title='bbox 724 813 940 867; x_wconf 87' lang='grc' dir='ltr'>ἀδικίαν</span> <span class='ocrx_word' id='word_1_52' title='bbox 955 814 1011 867; x_wconf 84' lang='grc' dir='ltr'>δὲ</span> <span class='ocrx_word' id='word_1_53' title='bbox 1044 816 1140 868; x_wconf 72' lang='grc' dir='ltr'><strong>καὶ</strong></span> <span class='ocrx_word' id='word_1_54' title='bbox 1161 816 1430 887; x_wconf 85' lang='grc' dir='ltr'>πονηρίαν</span> <span class='ocrx_word' id='word_1_55' title='bbox 1450 817 1684 883; x_wconf 90' lang='grc' dir='ltr'>ἀγνοεῖν·</span> 
     </span>
    </p>
   </div>
   <div class='ocr_carea' id='block_1_10' title="bbox 126 905 1684 980">
    <p class='ocr_par' dir='ltr' id='par_1_10' title="bbox 126 905 1684 980">
     <span class='ocr_line' id='line_1_10' title="bbox 126 905 1684 980; baseline 0.004 -24"><span class='ocrx_word' id='word_1_56' title='bbox 126 905 285 975; x_wconf 76' lang='grc' dir='ltr'>οὐγὰρ</span> <span class='ocrx_word' id='word_1_57' title='bbox 304 907 448 957; x_wconf 80' lang='grc' dir='ltr'>εστιν</span> <span class='ocrx_word' id='word_1_58' title='bbox 487 905 674 958; x_wconf 80' lang='grc' dir='ltr'>ἀδικία</span> <span class='ocrx_word' id='word_1_59' title='bbox 699 906 794 958; x_wconf 76' lang='grc' dir='ltr'><strong>καὶ</strong></span> <span class='ocrx_word' id='word_1_60' title='bbox 826 907 1059 977; x_wconf 78' lang='grc' dir='ltr'>πονηρία</span> <span class='ocrx_word' id='word_1_61' title='bbox 1089 910 1118 960; x_wconf 89' lang='grc' dir='ltr'><strong>ό</strong></span> <span class='ocrx_word' id='word_1_62' title='bbox 1144 908 1337 973; x_wconf 83' lang='grc' dir='ltr'>κτίσας</span> <span class='ocrx_word' id='word_1_63' title='bbox 1361 910 1513 980; x_wconf 80' lang='grc' dir='ltr'>ἡμᾶς</span> <span class='ocrx_word' id='word_1_64' title='bbox 1534 909 1684 973; x_wconf 86' lang='grc' dir='ltr'>Θεός.</span> 
     </span>
    </p>
   </div>
   <div class='ocr_carea' id='block_1_11' title="bbox 128 996 1689 1068">
    <p class='ocr_par' dir='ltr' id='par_1_11' title="bbox 128 996 1689 1068">
     <span class='ocr_line' id='line_1_11' title="bbox 128 996 1689 1068; baseline 0.003 -20"><span class='ocrx_word' id='word_1_65' title='bbox 128 997 178 1050; x_wconf 79' lang='lat' dir='ltr'><strong>Ei</strong></span> <span class='ocrx_word' id='word_1_66' title='bbox 201 996 366 1050; x_wconf 83' lang='grc' dir='ltr'>τοίνυν</span> <span class='ocrx_word' id='word_1_67' title='bbox 401 997 586 1050; x_wconf 75' lang='grc' dir='ltr'>έκεῖνο</span> <span class='ocrx_word' id='word_1_68' title='bbox 627 997 843 1066; x_wconf 83' lang='grc' dir='ltr'>λέγεται</span> <span class='ocrx_word' id='word_1_69' title='bbox 883 998 1012 1068; x_wconf 72' lang='grc' dir='ltr'>περὶ</span> <span class='ocrx_word' id='word_1_70' title='bbox 1044 998 1239 1051; x_wconf 79' lang='grc' dir='ltr'>ἑαυτοῦ</span> <span class='ocrx_word' id='word_1_71' title='bbox 1272 999 1470 1053; x_wconf 81' lang='grc' dir='ltr'>εἰδέναι</span> <span class='ocrx_word' id='word_1_72' title='bbox 1493 1001 1521 1052; x_wconf 91' lang='lat'><strong>6</strong></span> <span class='ocrx_word' id='word_1_73' title='bbox 1555 999 1689 1062; x_wconf 82' lang='grc' dir='ltr'>Θεὸς</span> 
     </span>
    </p>
   </div>
   <div class='ocr_carea' id='block_1_12' title="bbox 126 1088 1691 1161">
    <p class='ocr_par' dir='ltr' id='par_1_12' title="bbox 126 1088 1691 1161">
     <span class='ocr_line' id='line_1_12' title="bbox 126 1088 1691 1161; baseline 0.004 -22"><span class='ocrx_word' id='word_1_74' title='bbox 126 1088 239 1158; x_wconf 77' lang='grc' dir='ltr'>ΰπερ</span> <span class='ocrx_word' id='word_1_75' title='bbox 282 1088 415 1151; x_wconf 71' lang='grc' dir='ltr'>ἐστὶ,</span> <span class='ocrx_word' id='word_1_76' title='bbox 455 1089 682 1141; x_wconf 82' lang='grc' dir='ltr'>κάκεῖνο</span> <span class='ocrx_word' id='word_1_77' title='bbox 713 1090 788 1161; x_wconf 79' lang='grc' dir='ltr'>μὴ</span> <span class='ocrx_word' id='word_1_78' title='bbox 829 1089 1028 1142; x_wconf 85' lang='grc' dir='ltr'>εἰδέναι</span> <span class='ocrx_word' id='word_1_79' title='bbox 1050 1090 1188 1160; x_wconf 81' lang='grc' dir='ltr'>ὅπερ</span> <span class='ocrx_word' id='word_1_80' title='bbox 1223 1091 1323 1144; x_wconf 78' lang='grc' dir='ltr'><strong>οὐκ</strong></span> <span class='ocrx_word' id='word_1_81' title='bbox 1363 1090 1542 1143; x_wconf 66' lang='grc' dir='ltr'>ἔστιν*</span> <span class='ocrx_word' id='word_1_82' title='bbox 1591 1091 1691 1145; x_wconf 82' lang='grc' dir='ltr'><strong>οὐκ</strong></span> 
     </span>
    </p>
   </div>
   <div class='ocr_carea' id='block_1_13' title="bbox 127 1179 1690 1255">
    <p class='ocr_par' dir='ltr' id='par_1_13' title="bbox 127 1179 1690 1255">
     <span class='ocr_line' id='line_1_13' title="bbox 127 1179 1690 1255; baseline 0.002 -22"><span class='ocrx_word' id='word_1_83' title='bbox 127 1179 295 1234; x_wconf 73' lang='grc' dir='ltr'>ἔστιδὲ</span> <span class='ocrx_word' id='word_1_84' title='bbox 321 1183 347 1234; x_wconf 98' lang='lat'><strong>6</strong></span> <span class='ocrx_word' id='word_1_85' title='bbox 376 1181 586 1253; x_wconf 77' lang='grc' dir='ltr'>Κύριος</span> <span class='ocrx_word' id='word_1_86' title='bbox 606 1182 766 1254; x_wconf 79' lang='grc' dir='ltr'>ἡμῶν</span> <span class='ocrx_word' id='word_1_87' title='bbox 796 1182 938 1236; x_wconf 87' lang='grc' dir='ltr'><strong>κατά</strong></span> <span class='ocrx_word' id='word_1_88' title='bbox 957 1183 1057 1254; x_wconf 84' lang='grc' dir='ltr'>τὴν</span> <span class='ocrx_word' id='word_1_89' title='bbox 1095 1183 1194 1251; x_wconf 83' lang='grc' dir='ltr'>τῆς</span> <span class='ocrx_word' id='word_1_90' title='bbox 1222 1184 1690 1255; x_wconf 82' lang='grc' dir='ltr'>ὲνανθρωπήσεως</span> 
     </span>
    </p>
   </div>
   <div class='ocr_carea' id='block_1_14' title="bbox 128 1274 1690 1347">
    <p class='ocr_par' dir='ltr' id='par_1_14' title="bbox 128 1274 1690 1347">
     <span class='ocr_line' id='line_1_14' title="bbox 128 1274 1690 1347; baseline 0.002 -21"><span class='ocrx_word' id='word_1_91' title='bbox 128 1274 340 1326; x_wconf 76' lang='grc' dir='ltr'>ἐπίνοιαν</span> <span class='ocrx_word' id='word_1_92' title='bbox 362 1314 376 1335; x_wconf 91' lang='grc'><strong>,</strong></span> <span class='ocrx_word' id='word_1_93' title='bbox 412 1275 509 1328; x_wconf 81' lang='grc' dir='ltr'><strong>καὶ</strong></span> <span class='ocrx_word' id='word_1_94' title='bbox 557 1275 877 1346; x_wconf 82' lang='grc' dir='ltr'>παχυτέραν</span> <span class='ocrx_word' id='word_1_95' title='bbox 923 1275 1299 1339; x_wconf 83' lang='grc' dir='ltr'>διδασκαλίαν,</span> <span class='ocrx_word' id='word_1_96' title='bbox 1347 1276 1409 1329; x_wconf 87' lang='grc' dir='ltr'><strong>τὸ</strong></span> <span class='ocrx_word' id='word_1_97' title='bbox 1465 1275 1690 1347; x_wconf 78' lang='grc' dir='ltr'>ἔσχατον</span> 
     </span>
    </p>
   </div>
   <div class='ocr_carea' id='block_1_15' title="bbox 127 1361 1690 1436">
    <p class='ocr_par' dir='ltr' id='par_1_15' title="bbox 127 1361 1690 1436">
     <span class='ocr_line' id='line_1_15' title="bbox 127 1361 1690 1436; baseline 0.003 -21"><span class='ocrx_word' id='word_1_98' title='bbox 127 1363 320 1435; x_wconf 80' lang='grc' dir='ltr'>ὀρεκτόν</span> <span class='ocrx_word' id='word_1_99' title='bbox 341 1382 352 1392; x_wconf 92' lang='grc'><strong>·</strong></span> <span class='ocrx_word' id='word_1_100' title='bbox 385 1365 487 1418; x_wconf 82' lang='grc' dir='ltr'><strong>οὐκ</strong></span> <span class='ocrx_word' id='word_1_101' title='bbox 515 1366 628 1436; x_wconf 77' lang='grc' dir='ltr'>ἄρα</span> <span class='ocrx_word' id='word_1_102' title='bbox 658 1361 799 1419; x_wconf 80' lang='grc' dir='ltr'>οἶδεν</span> <span class='ocrx_word' id='word_1_103' title='bbox 830 1365 944 1433; x_wconf 83' lang='lat'><strong>(78)</strong></span> <span class='ocrx_word' id='word_1_104' title='bbox 972 1367 1001 1417; x_wconf 90' lang='lat'><strong>6</strong></span> <span class='ocrx_word' id='word_1_105' title='bbox 1035 1365 1228 1436; x_wconf 80' lang='grc' dir='ltr'>Σωτὴρ</span> <span class='ocrx_word' id='word_1_106' title='bbox 1255 1365 1412 1436; x_wconf 77' lang='grc' dir='ltr'>ἡμῶν</span> <span class='ocrx_word' id='word_1_107' title='bbox 1445 1367 1507 1418; x_wconf 90' lang='grc' dir='ltr'><strong>τὸ</strong></span> <span class='ocrx_word' id='word_1_108' title='bbox 1539 1366 1690 1431; x_wconf 81' lang='grc' dir='ltr'>τέλος</span> 
     </span>
    </p>
   </div>
   <div class='ocr_carea' id='block_1_16' title="bbox 130 1457 1688 1530">
    <p class='ocr_par' dir='ltr' id='par_1_16' title="bbox 130 1457 1688 1530">
     <span class='ocr_line' id='line_1_16' title="bbox 130 1457 1688 1530; baseline 0.002 -21"><span class='ocrx_word' id='word_1_109' title='bbox 130 1459 207 1509; x_wconf 69' lang='grc' dir='ltr'>καὶ</span> <span class='ocrx_word' id='word_1_110' title='bbox 229 1457 318 1526; x_wconf 74' lang='grc' dir='ltr'>τὴν</span> <span class='ocrx_word' id='word_1_111' title='bbox 348 1458 589 1529; x_wconf 78' lang='grc' dir='ltr'><strong>ἐσχάτην</strong></span> <span class='ocrx_word' id='word_1_112' title='bbox 627 1459 1024 1530; x_wconf 83' lang='grc' dir='ltr'>μακαριότητα.</span> <span class='ocrx_word' id='word_1_113' title='bbox 1067 1458 1221 1513; x_wconf 70' lang='grc' dir='ltr'><strong>Ἀλλ’</strong></span> <span class='ocrx_word' id='word_1_114' title='bbox 1259 1457 1401 1512; x_wconf 81' lang='grc' dir='ltr'>οὐδὲ</span> <span class='ocrx_word' id='word_1_115' title='bbox 1432 1462 1488 1512; x_wconf 80' lang='grc' dir='ltr'>οἱ</span> <span class='ocrx_word' id='word_1_116' title='bbox 1514 1459 1688 1529; x_wconf 69' lang='grc' dir='ltr'>ἄγγε-</span> 
     </span>
    </p>
   </div>
   <div class='ocr_carea' id='block_1_17' title="bbox 129 1550 1690 1624">
    <p class='ocr_par' dir='ltr' id='par_1_17' title="bbox 129 1550 1690 1624">
     <span class='ocr_line' id='line_1_17' title="bbox 129 1550 1690 1624; baseline 0.002 -22"><span class='ocrx_word' id='word_1_117' title='bbox 129 1553 226 1611; x_wconf 68' lang='grc' dir='ltr'>λοι,</span> <span class='ocrx_word' id='word_1_118' title='bbox 241 1550 414 1618; x_wconf 71' lang='grc' dir='ltr'>φησιν,</span> <span class='ocrx_word' id='word_1_119' title='bbox 436 1550 616 1605; x_wconf 78' lang='grc' dir='ltr'>ἴσασι</span> <span class='ocrx_word' id='word_1_120' title='bbox 636 1565 651 1579; x_wconf 82' lang='lat'><strong><em>°</em></strong></span> <span class='ocrx_word' id='word_1_121' title='bbox 688 1551 986 1616; x_wconf 81' lang='grc' dir='ltr'>τουτέστιν,</span> <span class='ocrx_word' id='word_1_122' title='bbox 1001 1551 1122 1605; x_wconf 78' lang='grc' dir='ltr'>οὐδὲ</span> <span class='ocrx_word' id='word_1_123' title='bbox 1145 1552 1177 1622; x_wconf 79' lang='grc' dir='ltr'><strong>ἡ</strong></span> <span class='ocrx_word' id='word_1_124' title='bbox 1201 1552 1258 1604; x_wconf 80' lang='grc' dir='ltr'>ὲν</span> <span class='ocrx_word' id='word_1_125' title='bbox 1287 1551 1473 1615; x_wconf 83' lang='grc' dir='ltr'>αὐτοῖς</span> <span class='ocrx_word' id='word_1_126' title='bbox 1487 1550 1690 1624; x_wconf 87' lang='grc' dir='ltr'>θεωρία</span> 
     </span>
    </p>
   </div>
   <div class='ocr_carea' id='block_1_18' title="bbox 131 1627 1684 1712">
    <p class='ocr_par' dir='ltr' id='par_1_18' title="bbox 131 1627 1684 1712">
     <span class='ocr_line' id='line_1_18' title="bbox 131 1627 1684 1712; baseline 0.003 -23"><span class='ocrx_word' id='word_1_127' title='bbox 131 1640 209 1690; x_wconf 76' lang='grc' dir='ltr'><strong>καὶ</strong></span> <span class='ocrx_word' id='word_1_128' title='bbox 234 1641 278 1692; x_wconf 75' lang='grc' dir='ltr'>οἱ</span> <span class='ocrx_word' id='word_1_129' title='bbox 305 1639 447 1707; x_wconf 90' lang='grc' dir='ltr'>λόγοι</span> <span class='ocrx_word' id='word_1_130' title='bbox 503 1640 618 1693; x_wconf 85' lang='grc' dir='ltr'><strong>τῶν</strong></span> <span class='ocrx_word' id='word_1_131' title='bbox 645 1640 931 1695; x_wconf 81' lang='grc' dir='ltr'>διακονιῶν</span> <span class='ocrx_word' id='word_1_132' title='bbox 959 1643 1066 1695; x_wconf 87' lang='grc' dir='ltr'>είσι</span> <span class='ocrx_word' id='word_1_133' title='bbox 1094 1639 1156 1694; x_wconf 85' lang='grc' dir='ltr'><strong>τό</strong></span> <span class='ocrx_word' id='word_1_134' title='bbox 1187 1640 1414 1711; x_wconf 78' lang='grc' dir='ltr'>ἔσχατον</span> <span class='ocrx_word' id='word_1_135' title='bbox 1439 1627 1684 1712; x_wconf 85' lang='grc' dir='ltr'>ὀρεκτόν.</span> 
     </span>
    </p>
   </div>
   <div class='ocr_carea' id='block_1_19' title="bbox 133 1730 1689 1817">
    <p class='ocr_par' dir='ltr' id='par_1_19' title="bbox 133 1730 1689 1817">
     <span class='ocr_line' id='line_1_19' title="bbox 133 1730 1689 1817; baseline 0.004 -37"><span class='ocrx_word' id='word_1_136' title='bbox 133 1730 307 1800; x_wconf 72' lang='grc' dir='ltr'>Παχεῖα</span> <span class='ocrx_word' id='word_1_137' title='bbox 334 1731 440 1802; x_wconf 73' lang='grc' dir='ltr'><strong>γὰρ</strong></span> <span class='ocrx_word' id='word_1_138' title='bbox 469 1732 568 1784; x_wconf 72' lang='grc' dir='ltr'><strong>καὶ</strong></span> <span class='ocrx_word' id='word_1_139' title='bbox 586 1730 810 1817; x_wconf 50' lang='grc' dir='ltr'>εούτων</span> <span class='ocrx_word' id='word_1_140' title='bbox 843 1733 876 1803; x_wconf 80' lang='grc' dir='ltr'>ἡ</span> <span class='ocrx_word' id='word_1_141' title='bbox 907 1731 1109 1800; x_wconf 82' lang='grc' dir='ltr'>γνῶσις</span> <span class='ocrx_word' id='word_1_142' title='bbox 1143 1732 1429 1803; x_wconf 78' lang='grc' dir='ltr'>συγκρίσει</span> <span class='ocrx_word' id='word_1_143' title='bbox 1454 1731 1550 1785; x_wconf 85' lang='grc' dir='ltr'><strong>τοῦ</strong></span> <span class='ocrx_word' id='word_1_144' title='bbox 1576 1732 1689 1805; x_wconf 83' lang='lat'><strong>(79)</strong></span> 
     </span>
    </p>
   </div>
   <div class='ocr_carea' id='block_1_20' title="bbox 135 1806 1765 1895">
    <p class='ocr_par' dir='ltr' id='par_1_20' title="bbox 135 1806 1765 1895">
     <span class='ocr_line' id='line_1_20' title="bbox 135 1806 1765 1895; baseline 0.004 -25"><span class='ocrx_word' id='word_1_145' title='bbox 135 1821 385 1888; x_wconf 79' lang='grc' dir='ltr'>πρόσωπον</span> <span class='ocrx_word' id='word_1_146' title='bbox 415 1821 555 1893; x_wconf 81' lang='grc' dir='ltr'>πρὸς</span> <span class='ocrx_word' id='word_1_147' title='bbox 589 1806 904 1893; x_wconf 62' lang='grc' dir='ltr'>πρόσωπον.</span> <span class='ocrx_word' id='word_1_148' title='bbox 924 1821 1098 1886; x_wconf 81' lang='grc' dir='ltr'>Μόνος</span> <span class='ocrx_word' id='word_1_149' title='bbox 1126 1821 1182 1876; x_wconf 81' lang='grc' dir='ltr'><strong>δὲ</strong></span> <span class='ocrx_word' id='word_1_150' title='bbox 1205 1825 1232 1876; x_wconf 91' lang='lat'><strong>6</strong></span> <span class='ocrx_word' id='word_1_151' title='bbox 1261 1823 1472 1894; x_wconf 80' lang='grc' dir='ltr'>Πατὴρ,</span> <span class='ocrx_word' id='word_1_152' title='bbox 1505 1823 1689 1895; x_wconf 75' lang='grc' dir='ltr'>φησιν,</span> <span class='ocrx_word' id='word_1_153' title='bbox 1724 1806 1765 1861; x_wconf 72' lang='grc' dir='ltr'><strong><em>Β</em></strong></span> 
     </span>
    </p>
   </div>
   <div class='ocr_carea' id='block_1_21' title="bbox 135 1910 1692 1987">
    <p class='ocr_par' dir='ltr' id='par_1_21' title="bbox 135 1910 1692 1987">
     <span class='ocr_line' id='line_1_21' title="bbox 135 1910 1692 1987; baseline 0.005 -27"><span class='ocrx_word' id='word_1_154' title='bbox 135 1910 416 1964; x_wconf 78' lang='grc' dir='ltr'>ἐπίσταται·</span> <span class='ocrx_word' id='word_1_155' title='bbox 479 1914 609 1965; x_wconf 75' lang='grc' dir='ltr'>ἐπεὶ</span> <span class='ocrx_word' id='word_1_156' title='bbox 676 1913 770 1968; x_wconf 83' lang='grc' dir='ltr'><strong>καὶ</strong></span> <span class='ocrx_word' id='word_1_157' title='bbox 823 1914 984 1977; x_wconf 77' lang='grc' dir='ltr'>αὑτός</span> <span class='ocrx_word' id='word_1_158' title='bbox 1035 1914 1149 1968; x_wconf 88' lang='grc' dir='ltr'>ὲστι</span> <span class='ocrx_word' id='word_1_159' title='bbox 1207 1914 1270 1968; x_wconf 83' lang='grc' dir='ltr'><strong>τὸ</strong></span> <span class='ocrx_word' id='word_1_160' title='bbox 1315 1914 1496 1980; x_wconf 78' lang='grc' dir='ltr'>τέλος,</span> <span class='ocrx_word' id='word_1_161' title='bbox 1533 1917 1692 1987; x_wconf 73' lang='grc' dir='ltr'>καὶὴ</span> 
     </span>
    </p>
   </div>
   <div class='ocr_carea' id='block_1_22' title="bbox 136 2001 1694 2078">
    <p class='ocr_par' dir='ltr' id='par_1_22' title="bbox 136 2001 1694 2078">
     <span class='ocr_line' id='line_1_22' title="bbox 136 2001 1694 2078; baseline 0.004 -23"><span class='ocrx_word' id='word_1_162' title='bbox 136 2001 305 2074; x_wconf 71' lang='grc' dir='ltr'>ἐσχάτη</span> <span class='ocrx_word' id='word_1_163' title='bbox 340 2005 708 2076; x_wconf 87' lang='grc' dir='ltr'>μακαριότης.</span> <span class='ocrx_word' id='word_1_164' title='bbox 745 2006 914 2060; x_wconf 86' lang='grc' dir='ltr'>Ὅταν</span> <span class='ocrx_word' id='word_1_165' title='bbox 947 2006 1058 2076; x_wconf 88' lang='grc' dir='ltr'><strong>γάρ</strong></span> <span class='ocrx_word' id='word_1_166' title='bbox 1094 2008 1292 2078; x_wconf 81' lang='grc' dir='ltr'>μηκέτι</span> <span class='ocrx_word' id='word_1_167' title='bbox 1338 2007 1468 2062; x_wconf 88' lang='grc' dir='ltr'>Θεὸν</span> <span class='ocrx_word' id='word_1_168' title='bbox 1497 2011 1554 2063; x_wconf 82' lang='grc' dir='ltr'>ὲν</span> <span class='ocrx_word' id='word_1_169' title='bbox 1581 2012 1694 2072; x_wconf 84' lang='grc' dir='ltr'>τοῖς</span> 
     </span>
    </p>
   </div>
   <div class='ocr_carea' id='block_1_23' title="bbox 127 2095 1690 2172">
    <p class='ocr_par' dir='ltr' id='par_1_23' title="bbox 127 2095 1690 2172">
     <span class='ocr_line' id='line_1_23' title="bbox 127 2095 1690 2172; baseline 0.006 -26"><span class='ocrx_word' id='word_1_170' title='bbox 127 2095 445 2166; x_wconf 78' lang='grc' dir='ltr'>κατόπτροις,</span> <span class='ocrx_word' id='word_1_171' title='bbox 482 2097 624 2169; x_wconf 84' lang='grc' dir='ltr'>μηδὲ</span> <span class='ocrx_word' id='word_1_172' title='bbox 647 2097 736 2151; x_wconf 75' lang='grc' dir='ltr'>διὰ</span> <span class='ocrx_word' id='word_1_173' title='bbox 767 2097 877 2150; x_wconf 85' lang='grc' dir='ltr'><strong>τῶν</strong></span> <span class='ocrx_word' id='word_1_174' title='bbox 901 2098 1194 2170; x_wconf 77' lang='grc' dir='ltr'>ἀλλοτρίων</span> <span class='ocrx_word' id='word_1_175' title='bbox 1216 2099 1690 2172; x_wconf 81' lang='grc' dir='ltr'>ὲπιγινὼσκωμεν,</span> 
     </span>
    </p>
   </div>
   <div class='ocr_carea' id='block_1_24' title="bbox 138 2187 1693 2264">
    <p class='ocr_par' dir='ltr' id='par_1_24' title="bbox 138 2187 1693 2264">
     <span class='ocr_line' id='line_1_24' title="bbox 138 2187 1693 2264; baseline 0.004 -24"><span class='ocrx_word' id='word_1_176' title='bbox 138 2187 230 2240; x_wconf 78' lang='grc' dir='ltr'>ἀλλ’</span> <span class='ocrx_word' id='word_1_177' title='bbox 255 2187 392 2258; x_wconf 78' lang='grc' dir='ltr'>αὐτῷ</span> <span class='ocrx_word' id='word_1_178' title='bbox 421 2189 494 2252; x_wconf 84' lang='grc' dir='ltr'>ὡς</span> <span class='ocrx_word' id='word_1_179' title='bbox 545 2189 700 2262; x_wconf 83' lang='grc' dir='ltr'>μόνῳ</span> <span class='ocrx_word' id='word_1_180' title='bbox 729 2191 824 2243; x_wconf 74' lang='grc' dir='ltr'><strong>καὶ</strong></span> <span class='ocrx_word' id='word_1_181' title='bbox 861 2192 941 2243; x_wconf 81' lang='grc' dir='ltr'>ἑνὶ</span> <span class='ocrx_word' id='word_1_182' title='bbox 981 2191 1370 2264; x_wconf 85' lang='grc' dir='ltr'>προσέλθωμεν</span> <span class='ocrx_word' id='word_1_183' title='bbox 1392 2210 1404 2222; x_wconf 90' lang='grc'>·</span> <span class='ocrx_word' id='word_1_184' title='bbox 1445 2194 1563 2247; x_wconf 89' lang='grc' dir='ltr'>τότε</span> <span class='ocrx_word' id='word_1_185' title='bbox 1600 2195 1693 2248; x_wconf 76' lang='grc' dir='ltr'>καὶ</span> 
     </span>
    </p>
   </div>
   <div class='ocr_carea' id='block_1_25' title="bbox 137 2278 1692 2355">
    <p class='ocr_par' dir='ltr' id='par_1_25' title="bbox 137 2278 1692 2355">
     <span class='ocr_line' id='line_1_25' title="bbox 137 2278 1692 2355; baseline 0.006 -26"><span class='ocrx_word' id='word_1_186' title='bbox 137 2279 186 2330; x_wconf 75' lang='grc' dir='ltr'><strong>τὸ</strong></span> <span class='ocrx_word' id='word_1_187' title='bbox 209 2278 412 2348; x_wconf 69' lang='grc' dir='ltr'>ἔσχατον</span> <span class='ocrx_word' id='word_1_188' title='bbox 474 2281 638 2345; x_wconf 88' lang='grc' dir='ltr'>τέλος</span> <span class='ocrx_word' id='word_1_189' title='bbox 683 2281 964 2353; x_wconf 80' lang='grc' dir='ltr'>εἰσόμεθα.</span> <span class='ocrx_word' id='word_1_190' title='bbox 995 2283 1233 2354; x_wconf 78' lang='grc' dir='ltr'>Χριστοῦ</span> <span class='ocrx_word' id='word_1_191' title='bbox 1274 2284 1383 2355; x_wconf 84' lang='grc' dir='ltr'>γὰρ</span> <span class='ocrx_word' id='word_1_192' title='bbox 1420 2284 1692 2355; x_wconf 81' lang='grc' dir='ltr'>βασιλείαν</span> 
     </span>
    </p>
   </div>
   <div class='ocr_carea' id='block_1_26' title="bbox 145 2368 1691 2446">
    <p class='ocr_par' dir='ltr' id='par_1_26' title="bbox 145 2368 1691 2446">
     <span class='ocr_line' id='line_1_26' title="bbox 145 2368 1691 2446; baseline 0.006 -24"><span class='ocrx_word' id='word_1_193' title='bbox 145 2373 277 2436; x_wconf 64' lang='grc' dir='ltr'>φασιν</span> <span class='ocrx_word' id='word_1_194' title='bbox 317 2368 446 2426; x_wconf 71' lang='grc' dir='ltr'>εἶναι</span> <span class='ocrx_word' id='word_1_195' title='bbox 479 2375 670 2428; x_wconf 82' lang='grc' dir='ltr'>πᾶσαν</span> <span class='ocrx_word' id='word_1_196' title='bbox 696 2375 795 2446; x_wconf 79' lang='grc' dir='ltr'>τὴν</span> <span class='ocrx_word' id='word_1_197' title='bbox 839 2375 1023 2429; x_wconf 81' lang='grc' dir='ltr'>ἔνυλον</span> <span class='ocrx_word' id='word_1_198' title='bbox 1053 2376 1288 2445; x_wconf 86' lang='grc' dir='ltr'>γνῶσιν·</span> <span class='ocrx_word' id='word_1_199' title='bbox 1333 2379 1426 2432; x_wconf 88' lang='grc' dir='ltr'><strong>τοῦ</strong></span> <span class='ocrx_word' id='word_1_200' title='bbox 1461 2380 1517 2432; x_wconf 83' lang='grc' dir='ltr'><strong>δὲ</strong></span> <span class='ocrx_word' id='word_1_201' title='bbox 1557 2378 1691 2432; x_wconf 90' lang='grc' dir='ltr'>Θεοῦ</span> 
     </span>
    </p>
   </div>
   <div class='ocr_carea' id='block_1_27' title="bbox 142 2461 1693 2540">
    <p class='ocr_par' dir='ltr' id='par_1_27' title="bbox 142 2461 1693 2540">
     <span class='ocr_line' id='line_1_27' title="bbox 142 2461 1693 2540; baseline 0.006 -28"><span class='ocrx_word' id='word_1_202' title='bbox 142 2461 219 2512; x_wconf 78' lang='grc' dir='ltr'><strong>καὶ</strong></span> <span class='ocrx_word' id='word_1_203' title='bbox 268 2463 465 2532; x_wconf 84' lang='grc' dir='ltr'>Πατρὸς</span> <span class='ocrx_word' id='word_1_204' title='bbox 509 2463 614 2534; x_wconf 70' lang='grc' dir='ltr'>τὴν</span> <span class='ocrx_word' id='word_1_205' title='bbox 647 2463 828 2524; x_wconf 81' lang='grc' dir='ltr'>άῦλον,</span> <span class='ocrx_word' id='word_1_206' title='bbox 856 2467 947 2518; x_wconf 76' lang='grc' dir='ltr'><strong>καὶ</strong></span> <span class='ocrx_word' id='word_1_207' title='bbox 981 2467 1056 2529; x_wconf 82' lang='grc' dir='ltr'>ὡς</span> <span class='ocrx_word' id='word_1_208' title='bbox 1096 2466 1162 2519; x_wconf 81' lang='grc' dir='ltr'><strong>ἂν</strong></span> <span class='ocrx_word' id='word_1_209' title='bbox 1197 2467 1340 2521; x_wconf 71' lang='grc' dir='ltr'>εἴποι</span> <span class='ocrx_word' id='word_1_210' title='bbox 1380 2486 1484 2533; x_wconf 90' lang='grc' dir='ltr'>τις,</span> <span class='ocrx_word' id='word_1_211' title='bbox 1523 2470 1693 2540; x_wconf 75' lang='grc' dir='ltr'>αὐτῆς</span> 
     </span>
    </p>
   </div>
   <div class='ocr_carea' id='block_1_28' title="bbox 144 2554 1691 2631">
    <p class='ocr_par' dir='ltr' id='par_1_28' title="bbox 144 2554 1691 2631">
     <span class='ocr_line' id='line_1_28' title="bbox 144 2554 1691 2631; baseline 0.005 -25"><span class='ocrx_word' id='word_1_212' title='bbox 144 2554 221 2623; x_wconf 73' lang='grc' dir='ltr'>τῆς</span> <span class='ocrx_word' id='word_1_213' title='bbox 249 2554 483 2626; x_wconf 78' lang='grc' dir='ltr'>θεότητος</span> <span class='ocrx_word' id='word_1_214' title='bbox 506 2557 787 2627; x_wconf 76' lang='grc' dir='ltr'>ιθεωρίαν.</span> <span class='ocrx_word' id='word_1_215' title='bbox 825 2559 985 2612; x_wconf 85' lang='grc' dir='ltr'>Ἔστι</span> <span class='ocrx_word' id='word_1_216' title='bbox 1014 2557 1072 2611; x_wconf 86' lang='grc' dir='ltr'>δὲ</span> <span class='ocrx_word' id='word_1_217' title='bbox 1109 2561 1204 2612; x_wconf 61' lang='grc' dir='ltr'><strong>και¹</strong></span> <span class='ocrx_word' id='word_1_218' title='bbox 1233 2561 1262 2613; x_wconf 93' lang='lat'><strong>6</strong></span> <span class='ocrx_word' id='word_1_219' title='bbox 1292 2561 1495 2631; x_wconf 85' lang='grc' dir='ltr'>Κύριος</span> <span class='ocrx_word' id='word_1_220' title='bbox 1529 2561 1691 2631; x_wconf 72' lang='grc' dir='ltr'>ἡμῶν</span> 
     </span>
    </p>
   </div>
   <div class='ocr_carea' id='block_1_29' title="bbox 143 2647 1692 2722">
    <p class='ocr_par' dir='ltr' id='par_1_29' title="bbox 143 2647 1692 2722">
     <span class='ocr_line' id='line_1_29' title="bbox 143 2647 1692 2722; baseline 0.006 -25"><span class='ocrx_word' id='word_1_221' title='bbox 143 2647 218 2698; x_wconf 76' lang='grc' dir='ltr'><strong>καὶ</strong></span> <span class='ocrx_word' id='word_1_222' title='bbox 242 2647 385 2710; x_wconf 79' lang='grc' dir='ltr'>αὐτὸς</span> <span class='ocrx_word' id='word_1_223' title='bbox 426 2648 486 2701; x_wconf 80' lang='grc' dir='ltr'><strong>τὸ</strong></span> <span class='ocrx_word' id='word_1_224' title='bbox 517 2649 696 2713; x_wconf 79' lang='grc' dir='ltr'>τέλος,</span> <span class='ocrx_word' id='word_1_225' title='bbox 737 2649 833 2703; x_wconf 80' lang='grc' dir='ltr'>καὶ</span> <span class='ocrx_word' id='word_1_226' title='bbox 859 2651 893 2720; x_wconf 80' lang='grc' dir='ltr'>ἡ</span> <span class='ocrx_word' id='word_1_227' title='bbox 921 2649 1123 2722; x_wconf 76' lang='grc' dir='ltr'>ἐσχάτη</span> <span class='ocrx_word' id='word_1_228' title='bbox 1161 2651 1524 2722; x_wconf 84' lang='grc' dir='ltr'>μακαριότης,</span> <span class='ocrx_word' id='word_1_229' title='bbox 1551 2655 1692 2709; x_wconf 86' lang='grc' dir='ltr'><strong>κατά</strong></span> 
     </span>
    </p>
   </div>
   <div class='ocr_carea' id='block_1_30' title="bbox 145 2736 1691 2813">
    <p class='ocr_par' dir='ltr' id='par_1_30' title="bbox 145 2736 1691 2813">
     <span class='ocr_line' id='line_1_30' title="bbox 145 2736 1691 2813; baseline 0.005 -25"><span class='ocrx_word' id='word_1_230' title='bbox 145 2736 221 2806; x_wconf 75' lang='grc' dir='ltr'><strong>τὴν</strong></span> <span class='ocrx_word' id='word_1_231' title='bbox 239 2739 320 2790; x_wconf 84' lang='grc' dir='ltr'><strong>τοῦ</strong></span> <span class='ocrx_word' id='word_1_232' title='bbox 365 2739 536 2806; x_wconf 85' lang='grc' dir='ltr'>Λόγου</span> <span class='ocrx_word' id='word_1_233' title='bbox 575 2739 848 2794; x_wconf 80' lang='grc' dir='ltr'>ἐπίνοιαν.</span> <span class='ocrx_word' id='word_1_234' title='bbox 882 2741 947 2793; x_wconf 90' lang='grc' dir='ltr'>Τί</span> <span class='ocrx_word' id='word_1_235' title='bbox 977 2741 1087 2813; x_wconf 87' lang='grc' dir='ltr'><strong>γάρ</strong></span> <span class='ocrx_word' id='word_1_236' title='bbox 1119 2759 1282 2812; x_wconf 84' lang='grc' dir='ltr'>φησιν</span> <span class='ocrx_word' id='word_1_237' title='bbox 1318 2743 1376 2795; x_wconf 80' lang='grc' dir='ltr'>ἐν</span> <span class='ocrx_word' id='word_1_238' title='bbox 1403 2743 1481 2813; x_wconf 80' lang='grc' dir='ltr'>τῷ</span> <span class='ocrx_word' id='word_1_239' title='bbox 1515 2744 1691 2812; x_wconf 81' lang='grc' dir='ltr'>Εὐαγ-</span> 
     </span>
    </p>
   </div>
   <div class='ocr_carea' id='block_1_31' title="bbox 147 2829 1690 2905">
    <p class='ocr_par' dir='ltr' id='par_1_31' title="bbox 147 2829 1690 2905">
     <span class='ocr_line' id='line_1_31' title="bbox 147 2829 1690 2905; baseline 0.006 -26"><span class='ocrx_word' id='word_1_240' title='bbox 147 2829 308 2900; x_wconf 74' lang='grc' dir='ltr'>γελίῳ;</span> <span class='ocrx_word' id='word_1_241' title='bbox 356 2832 526 2902; x_wconf 78' lang='grc' dir='ltr'>Κάγὼ</span> <span class='ocrx_word' id='word_1_242' title='bbox 583 2831 922 2898; x_wconf 81' lang='grc' dir='ltr'>ἀναστήσω</span> <span class='ocrx_word' id='word_1_243' title='bbox 975 2834 1164 2888; x_wconf 82' lang='grc' dir='ltr'>αὐτὸν</span> <span class='ocrx_word' id='word_1_244' title='bbox 1213 2834 1286 2887; x_wconf 78' lang='grc' dir='ltr'><strong>ὲν</strong></span> <span class='ocrx_word' id='word_1_245' title='bbox 1334 2832 1408 2903; x_wconf 80' lang='grc' dir='ltr'>τῇ</span> <span class='ocrx_word' id='word_1_246' title='bbox 1460 2835 1690 2905; x_wconf 81' lang='grc' dir='ltr'>ἐσχάτῃ</span> 
     </span>
    </p>
   </div>
   <div class='ocr_carea' id='block_1_32' title="bbox 149 2921 1692 2998">
    <p class='ocr_par' dir='ltr' id='par_1_32' title="bbox 149 2921 1692 2998">
     <span class='ocr_line' id='line_1_32' title="bbox 149 2921 1692 2998; baseline 0.003 -23"><span class='ocrx_word' id='word_1_247' title='bbox 149 2921 330 2990; x_wconf 71' lang='grc' dir='ltr'>ἡμέρᾳ·</span> <span class='ocrx_word' id='word_1_248' title='bbox 375 2925 675 2978; x_wconf 81' lang='grc' dir='ltr'>ἀνάστασιν</span> <span class='ocrx_word' id='word_1_249' title='bbox 727 2925 901 2994; x_wconf 89' lang='grc' dir='ltr'>λέγων</span> <span class='ocrx_word' id='word_1_250' title='bbox 929 2926 1028 2996; x_wconf 79' lang='grc' dir='ltr'><strong>τὴν</strong></span> <span class='ocrx_word' id='word_1_251' title='bbox 1063 2927 1174 2979; x_wconf 87' lang='grc' dir='ltr'><strong>ἀπὸ</strong></span> <span class='ocrx_word' id='word_1_252' title='bbox 1217 2926 1318 2998; x_wconf 82' lang='grc' dir='ltr'><strong>τῆς</strong></span> <span class='ocrx_word' id='word_1_253' title='bbox 1351 2925 1537 2979; x_wconf 79' lang='grc' dir='ltr'>ὲνύλου</span> <span class='ocrx_word' id='word_1_254' title='bbox 1559 2927 1692 2996; x_wconf 81' lang='grc' dir='ltr'>γνώ-</span> 
     </span>
    </p>
   </div>
   <div class='ocr_carea' id='block_1_33' title="bbox 153 3015 1688 3090">
    <p class='ocr_par' dir='ltr' id='par_1_33' title="bbox 153 3015 1688 3090">
     <span class='ocr_line' id='line_1_33' title="bbox 153 3015 1688 3090; baseline 0.01 -27"><span class='ocrx_word' id='word_1_255' title='bbox 153 3029 260 3076; x_wconf 81' lang='grc' dir='ltr'>σεως</span> <span class='ocrx_word' id='word_1_256' title='bbox 299 3016 380 3067; x_wconf 74' lang='grc' dir='ltr'>ἐπὶ</span> <span class='ocrx_word' id='word_1_257' title='bbox 406 3015 501 3087; x_wconf 75' lang='grc' dir='ltr'>τὴν</span> <span class='ocrx_word' id='word_1_258' title='bbox 536 3017 706 3071; x_wconf 80' lang='grc' dir='ltr'>ἄῦλον</span> <span class='ocrx_word' id='word_1_259' title='bbox 746 3015 978 3088; x_wconf 84' lang='grc' dir='ltr'>θεωρίαν</span> <span class='ocrx_word' id='word_1_260' title='bbox 1019 3017 1318 3088; x_wconf 75' lang='grc' dir='ltr'>μετάϐασιν</span> <span class='ocrx_word' id='word_1_261' title='bbox 1349 3016 1483 3090; x_wconf 88' lang='grc'><strong>(80),</strong></span> <span class='ocrx_word' id='word_1_262' title='bbox 1523 3018 1688 3088; x_wconf 75' lang='grc' dir='ltr'>ἐσχά-</span> 
     </span>
    </p>
   </div>
   <div class='ocr_carea' id='block_1_34' title="bbox 151 3105 1688 3182">
    <p class='ocr_par' dir='ltr' id='par_1_34' title="bbox 151 3105 1688 3182">
     <span class='ocr_line' id='line_1_34' title="bbox 151 3105 1688 3182; baseline 0.005 -28"><span class='ocrx_word' id='word_1_263' title='bbox 151 3118 229 3172; x_wconf 77' lang='grc' dir='ltr'><strong>την</strong></span> <span class='ocrx_word' id='word_1_264' title='bbox 255 3105 302 3156; x_wconf 78' lang='grc' dir='ltr'>δὲ</span> <span class='ocrx_word' id='word_1_265' title='bbox 332 3107 534 3178; x_wconf 75' lang='grc' dir='ltr'>ἡμέραν</span> <span class='ocrx_word' id='word_1_266' title='bbox 593 3109 697 3179; x_wconf 78' lang='grc' dir='ltr'>τὴν</span> <span class='ocrx_word' id='word_1_267' title='bbox 730 3108 931 3177; x_wconf 83' lang='grc' dir='ltr'>γνῶσιν</span> <span class='ocrx_word' id='word_1_268' title='bbox 974 3108 1179 3180; x_wconf 85' lang='grc' dir='ltr'>ταύτην</span> <span class='ocrx_word' id='word_1_269' title='bbox 1233 3108 1423 3172; x_wconf 83' lang='grc' dir='ltr'>εἰπὼν,</span> <span class='ocrx_word' id='word_1_270' title='bbox 1469 3109 1588 3181; x_wconf 80' lang='grc' dir='ltr'>μεθ’</span> <span class='ocrx_word' id='word_1_271' title='bbox 1621 3111 1688 3182; x_wconf 73' lang='grc' dir='ltr'>ἣν</span> 
     </span>
    </p>
   </div>
   <div class='ocr_carea' id='block_1_35' title="bbox 147 3195 1684 3272">
    <p class='ocr_par' dir='ltr' id='par_1_35' title="bbox 147 3195 1684 3272">
     <span class='ocr_line' id='line_1_35' title="bbox 147 3195 1684 3272; baseline 0.005 -26"><span class='ocrx_word' id='word_1_272' title='bbox 147 3195 230 3248; x_wconf 78' lang='grc' dir='ltr'><strong>οὐκ</strong></span> <span class='ocrx_word' id='word_1_273' title='bbox 250 3196 376 3250; x_wconf 76' lang='grc' dir='ltr'>ἔστιν</span> <span class='ocrx_word' id='word_1_274' title='bbox 403 3199 583 3270; x_wconf 77' lang='grc' dir='ltr'>ἑτέρα.</span> <span class='ocrx_word' id='word_1_275' title='bbox 638 3199 951 3272; x_wconf 84' lang='grc' dir='ltr'>Τηνικαῦτα</span> <span class='ocrx_word' id='word_1_276' title='bbox 977 3200 1085 3272; x_wconf 79' lang='grc' dir='ltr'>γὰρ</span> <span class='ocrx_word' id='word_1_277' title='bbox 1111 3204 1139 3254; x_wconf 89' lang='grc' dir='ltr'>ὁ</span> <span class='ocrx_word' id='word_1_278' title='bbox 1175 3201 1298 3265; x_wconf 91' lang='grc' dir='ltr'>νοῦς</span> <span class='ocrx_word' id='word_1_279' title='bbox 1332 3201 1493 3272; x_wconf 79' lang='grc' dir='ltr'>ἡμῶν</span> <span class='ocrx_word' id='word_1_280' title='bbox 1525 3202 1684 3268; x_wconf 81' lang='grc' dir='ltr'>ἐξαν-</span> 
     </span>
    </p>
   </div>
   <div class='ocr_carea' id='block_1_36' title="bbox 155 3284 1689 3366">
    <p class='ocr_par' dir='ltr' id='par_1_36' title="bbox 155 3284 1689 3366">
     <span class='ocr_line' id='line_1_36' title="bbox 155 3284 1689 3366; baseline 0.01 -34"><span class='ocrx_word' id='word_1_281' title='bbox 155 3284 344 3348; x_wconf 78' lang='grc' dir='ltr'>ίσταται,</span> <span class='ocrx_word' id='word_1_282' title='bbox 386 3290 475 3343; x_wconf 80' lang='grc' dir='ltr'>καὶ</span> <span class='ocrx_word' id='word_1_283' title='bbox 525 3291 669 3363; x_wconf 79' lang='grc' dir='ltr'>πρὸς</span> <span class='ocrx_word' id='word_1_284' title='bbox 704 3291 838 3362; x_wconf 70' lang='grc' dir='ltr'>ὕψος</span> <span class='ocrx_word' id='word_1_285' title='bbox 873 3293 1141 3363; x_wconf 70' lang='grc' dir='ltr'>μακάριον</span> <span class='ocrx_word' id='word_1_286' title='bbox 1172 3293 1518 3365; x_wconf 88' lang='grc' dir='ltr'>διεγείρεται,</span> <span class='ocrx_word' id='word_1_287' title='bbox 1549 3294 1689 3366; x_wconf 84' lang='grc' dir='ltr'>ὁπη-</span> 
     </span>
    </p>
   </div>
   <div class='ocr_carea' id='block_1_37' title="bbox 153 3379 1686 3458">
    <p class='ocr_par' dir='ltr' id='par_1_37' title="bbox 153 3379 1686 3458">
     <span class='ocr_line' id='line_1_37' title="bbox 153 3379 1686 3458; baseline 0.007 -29"><span class='ocrx_word' id='word_1_288' title='bbox 153 3379 252 3433; x_wconf 82' lang='grc' dir='ltr'>νίκα</span> <span class='ocrx_word' id='word_1_289' title='bbox 279 3383 336 3436; x_wconf 87' lang='grc' dir='ltr'>ἂν</span> <span class='ocrx_word' id='word_1_290' title='bbox 375 3385 630 3457; x_wconf 81' lang='grc' dir='ltr'>θεωρήσῃ</span> <span class='ocrx_word' id='word_1_291' title='bbox 657 3385 755 3456; x_wconf 83' lang='grc' dir='ltr'>τὴν</span> <span class='ocrx_word' id='word_1_292' title='bbox 800 3385 960 3439; x_wconf 84' lang='grc' dir='ltr'>ὲνάδα</span> <span class='ocrx_word' id='word_1_293' title='bbox 1001 3387 1095 3440; x_wconf 80' lang='grc' dir='ltr'><strong>καὶ</strong></span> <span class='ocrx_word' id='word_1_294' title='bbox 1125 3386 1329 3458; x_wconf 86' lang='grc' dir='ltr'>μονάδα</span> <span class='ocrx_word' id='word_1_295' title='bbox 1365 3386 1460 3439; x_wconf 86' lang='grc' dir='ltr'><strong>τοῦ</strong></span> <span class='ocrx_word' id='word_1_296' title='bbox 1490 3387 1686 3456; x_wconf 84' lang='grc' dir='ltr'>Λόγου.</span> 
     </span>
    </p>
   </div>
   <div class='ocr_carea' id='block_1_38' title="bbox 165 3469 1688 3552">
    <p class='ocr_par' dir='ltr' id='par_1_38' title="bbox 165 3469 1688 3552">
     <span class='ocr_line' id='line_1_38' title="bbox 165 3469 1688 3552; baseline 0.016 -31"><span class='ocrx_word' id='word_1_297' title='bbox 165 3469 274 3524; x_wconf 76' lang='grc' dir='ltr'>Ἀλλ’</span> <span class='ocrx_word' id='word_1_298' title='bbox 295 3475 466 3548; x_wconf 77' lang='grc' dir='ltr'>ἐπειδὴ</span> <span class='ocrx_word' id='word_1_299' title='bbox 498 3476 802 3547; x_wconf 76' lang='grc' dir='ltr'>παχυνθεὶς</span> <span class='ocrx_word' id='word_1_300' title='bbox 821 3479 854 3549; x_wconf 79' lang='grc' dir='ltr'><strong>ἡ</strong></span> <span class='ocrx_word' id='word_1_301' title='bbox 863 3477 979 3548; x_wconf 86' lang='grc' dir='ltr'>μῶν</span> <span class='ocrx_word' id='word_1_302' title='bbox 997 3481 1025 3532; x_wconf 91' lang='lat'><strong>6</strong></span> <span class='ocrx_word' id='word_1_303' title='bbox 1053 3480 1176 3543; x_wconf 87' lang='grc' dir='ltr'>νοῦς</span> <span class='ocrx_word' id='word_1_304' title='bbox 1205 3479 1283 3552; x_wconf 83' lang='grc' dir='ltr'><strong>τῷ</strong></span> <span class='ocrx_word' id='word_1_305' title='bbox 1303 3478 1388 3550; x_wconf 72' lang='grc' dir='ltr'><strong>χοῖ</strong></span> <span class='ocrx_word' id='word_1_306' title='bbox 1410 3481 1688 3552; x_wconf 72' lang='grc' dir='ltr'>συνεδέθην</span> 
     </span>
    </p>
   </div>
   <div class='ocr_carea' id='block_1_39' title="bbox 157 3563 1685 3643">
    <p class='ocr_par' dir='ltr' id='par_1_39' title="bbox 157 3563 1685 3643">
     <span class='ocr_line' id='line_1_39' title="bbox 157 3563 1685 3643; baseline 0.009 -31"><span class='ocrx_word' id='word_1_307' title='bbox 157 3563 309 3634; x_wconf 71' lang='grc' dir='ltr'>καὶτῷ</span> <span class='ocrx_word' id='word_1_308' title='bbox 532 3568 908 3640; x_wconf 80' lang='grc' dir='ltr'>συμφύρεται,</span> <span class='ocrx_word' id='word_1_309' title='bbox 953 3571 1048 3624; x_wconf 77' lang='grc' dir='ltr'>καὶ</span> <span class='ocrx_word' id='word_1_310' title='bbox 1097 3571 1225 3642; x_wconf 77' lang='grc' dir='ltr'>ψιλῇ</span> <span class='ocrx_word' id='word_1_311' title='bbox 1257 3574 1323 3643; x_wconf 83' lang='grc' dir='ltr'>τῇ</span> <span class='ocrx_word' id='word_1_312' title='bbox 1353 3571 1555 3643; x_wconf 83' lang='grc' dir='ltr'>θεωρίᾳ</span> <span class='ocrx_word' id='word_1_313' title='bbox 1597 3573 1685 3626; x_wconf 85' lang='grc' dir='ltr'><strong>ὲν-</strong></span> 
     </span>
    </p>
   </div>
   <div class='ocr_carea' id='block_1_40' title="bbox 155 3652 1689 3733">
    <p class='ocr_par' dir='ltr' id='par_1_40' title="bbox 155 3652 1689 3733">
     <span class='ocr_line' id='line_1_40' title="bbox 155 3652 1689 3733; baseline 0.01 -33"><span class='ocrx_word' id='word_1_314' title='bbox 155 3653 372 3717; x_wconf 75' lang='grc' dir='ltr'>αεενίζειν</span> <span class='ocrx_word' id='word_1_315' title='bbox 408 3659 681 3720; x_wconf 81' lang='grc' dir='ltr'>ἀδυνατεῖ.</span> <span class='ocrx_word' id='word_1_316' title='bbox 712 3658 801 3712; x_wconf 76' lang='grc' dir='ltr'>διὰ</span> <span class='ocrx_word' id='word_1_317' title='bbox 852 3652 960 3713; x_wconf 81' lang='grc' dir='ltr'>τῶν</span> <span class='ocrx_word' id='word_1_318' title='bbox 997 3661 1274 3730; x_wconf 79' lang='grc' dir='ltr'>συγγενῶν</span> <span class='ocrx_word' id='word_1_319' title='bbox 1303 3661 1398 3715; x_wconf 88' lang='grc' dir='ltr'><strong>τοῦ</strong></span> <span class='ocrx_word' id='word_1_320' title='bbox 1439 3662 1689 3733; x_wconf 87' lang='grc' dir='ltr'>σώματος</span> 
     </span>
    </p>
   </div>
   <div class='ocr_carea' id='block_1_41' title="bbox 157 3747 1690 3826">
    <p class='ocr_par' dir='ltr' id='par_1_41' title="bbox 157 3747 1690 3826">
     <span class='ocr_line' id='line_1_41' title="bbox 157 3747 1690 3826; baseline 0.008 -29"><span class='ocrx_word' id='word_1_321' title='bbox 157 3747 288 3802; x_wconf 70' lang='grc' dir='ltr'>αὑτοῦ</span> <span class='ocrx_word' id='word_1_322' title='bbox 336 3752 545 3824; x_wconf 89' lang='grc' dir='ltr'>κόσμων</span> <span class='ocrx_word' id='word_1_323' title='bbox 607 3754 722 3824; x_wconf 77' lang='lat'><strong>(8|)</strong></span> <span class='ocrx_word' id='word_1_324' title='bbox 764 3754 1201 3826; x_wconf 80' lang='grc' dir='ltr'>ποδηγούμενος·</span> <span class='ocrx_word' id='word_1_325' title='bbox 1255 3755 1356 3819; x_wconf 82' lang='grc' dir='ltr'><strong>τάς</strong></span> <span class='ocrx_word' id='word_1_326' title='bbox 1408 3755 1690 3826; x_wconf 74' lang='grc' dir='ltr'>ἐνεργείας</span> 
     </span>
    </p>
   </div>
   <div class='ocr_carea' id='block_1_42' title="bbox 155 3840 1688 3912">
    <p class='ocr_par' dir='ltr' id='par_1_42' title="bbox 155 3840 1688 3912">
     <span class='ocr_line' id='line_1_42' title="bbox 155 3840 1688 3912; baseline 0.007 -24"><span class='ocrx_word' id='word_1_327' title='bbox 155 3840 230 3891; x_wconf 68' lang='grc' dir='ltr'><strong>τοῦ</strong></span> <span class='ocrx_word' id='word_1_328' title='bbox 270 3844 464 3897; x_wconf 83' lang='grc' dir='ltr'>κτίστου</span> <span class='ocrx_word' id='word_1_329' title='bbox 507 3848 784 3912; x_wconf 80' lang='grc' dir='ltr'>κατανοεῖ,</span> <span class='ocrx_word' id='word_1_330' title='bbox 826 3845 922 3899; x_wconf 75' lang='grc' dir='ltr'><strong>καὶ</strong></span> <span class='ocrx_word' id='word_1_331' title='bbox 959 3845 1132 3899; x_wconf 88' lang='grc' dir='ltr'>ταῦτα</span> <span class='ocrx_word' id='word_1_332' title='bbox 1167 3848 1231 3900; x_wconf 81' lang='grc' dir='ltr'>ἐκ</span> <span class='ocrx_word' id='word_1_333' title='bbox 1275 3846 1384 3899; x_wconf 83' lang='grc' dir='ltr'><strong>τῶν</strong></span> <span class='ocrx_word' id='word_1_334' title='bbox 1429 3846 1688 3899; x_wconf 86' lang='grc' dir='ltr'>ἀποτελε-</span> 
     </span>
    </p>
   </div>
   <div class='ocr_carea' id='block_1_43' title="bbox 160 3931 1689 4012">
    <p class='ocr_par' dir='ltr' id='par_1_43' title="bbox 160 3931 1689 4012">
     <span class='ocr_line' id='line_1_43' title="bbox 160 3931 1689 4012; baseline 0.008 -29"><span class='ocrx_word' id='word_1_335' title='bbox 160 3931 340 4000; x_wconf 72' lang='grc' dir='ltr'>σμάτων</span> <span class='ocrx_word' id='word_1_336' title='bbox 385 3937 515 4003; x_wconf 82' lang='grc' dir='ltr'>τέως</span> <span class='ocrx_word' id='word_1_337' title='bbox 586 3937 965 4007; x_wconf 74' lang='grc' dir='ltr'>ἐπιγινώσκει,</span> <span class='ocrx_word' id='word_1_338' title='bbox 1009 3939 1075 3994; x_wconf 83' lang='grc' dir='ltr'><strong>ἵν’</strong></span> <span class='ocrx_word' id='word_1_339' title='bbox 1123 3939 1267 3993; x_wconf 77' lang='grc' dir='ltr'>οὕτω</span> <span class='ocrx_word' id='word_1_340' title='bbox 1320 3941 1465 3993; x_wconf 85' lang='grc' dir='ltr'><strong>κατά</strong></span> <span class='ocrx_word' id='word_1_341' title='bbox 1493 3939 1689 4012; x_wconf 77' lang='grc' dir='ltr'>μικρὸν</span> 
     </span>
    </p>
   </div>
   <div class='ocr_carea' id='block_1_44' title="bbox 161 4023 1689 4104">
    <p class='ocr_par' dir='ltr' id='par_1_44' title="bbox 161 4023 1689 4104">
     <span class='ocr_line' id='line_1_44' title="bbox 161 4023 1689 4104; baseline 0.008 -31"><span class='ocrx_word' id='word_1_342' title='bbox 161 4023 371 4094; x_wconf 67' lang='grc' dir='ltr'>αὐξηθεὶς</span> <span class='ocrx_word' id='word_1_343' title='bbox 388 4029 576 4104; x_wconf 75' lang='grc' dir='ltr'>ἰσχύσῃ</span> <span class='ocrx_word' id='word_1_344' title='bbox 621 4029 752 4083; x_wconf 83' lang='grc' dir='ltr'>ποτὲ</span> <span class='ocrx_word' id='word_1_345' title='bbox 776 4031 872 4084; x_wconf 77' lang='grc' dir='ltr'><strong>και</strong></span> <span class='ocrx_word' id='word_1_346' title='bbox 892 4031 1029 4103; x_wconf 78' lang='grc' dir='ltr'>αὐτῇ</span> <span class='ocrx_word' id='word_1_347' title='bbox 1070 4034 1249 4103; x_wconf 86' lang='grc' dir='ltr'>γυμνῇ</span> <span class='ocrx_word' id='word_1_348' title='bbox 1284 4031 1600 4103; x_wconf 86' lang='grc' dir='ltr'>προσελθεῖν</span> <span class='ocrx_word' id='word_1_349' title='bbox 1619 4033 1689 4103; x_wconf 78' lang='grc' dir='ltr'>τῇ</span> 
     </span>
    </p>
   </div>
   <div class='ocr_carea' id='block_1_45' title="bbox 163 4111 1689 4196">
    <p class='ocr_par' dir='ltr' id='par_1_45' title="bbox 163 4111 1689 4196">
     <span class='ocr_line' id='line_1_45' title="bbox 163 4111 1689 4196; baseline 0.008 -32"><span class='ocrx_word' id='word_1_350' title='bbox 163 4111 353 4186; x_wconf 80' lang='grc' dir='ltr'>θεότητι.</span> <span class='ocrx_word' id='word_1_351' title='bbox 380 4121 530 4175; x_wconf 79' lang='grc' dir='ltr'>Κατά</span> <span class='ocrx_word' id='word_1_352' title='bbox 556 4121 766 4193; x_wconf 84' lang='grc' dir='ltr'>ταύτην</span> <span class='ocrx_word' id='word_1_353' title='bbox 786 4123 842 4176; x_wconf 87' lang='grc' dir='ltr'>δὲ</span> <span class='ocrx_word' id='word_1_354' title='bbox 873 4117 1027 4194; x_wconf 76' lang='grc' dir='ltr'>οἶμαι</span> <span class='ocrx_word' id='word_1_355' title='bbox 1056 4123 1156 4195; x_wconf 81' lang='grc' dir='ltr'>τὴν</span> <span class='ocrx_word' id='word_1_356' title='bbox 1171 4124 1416 4177; x_wconf 76' lang='grc' dir='ltr'>ἐπίνοιαν</span> <span class='ocrx_word' id='word_1_357' title='bbox 1437 4121 1689 4196; x_wconf 84' lang='grc' dir='ltr'>είρῆσθαι</span> 
     </span>
    </p>
   </div>
   <div class='ocr_carea' id='block_1_46' title="bbox 163 4207 1686 4287">
    <p class='ocr_par' dir='ltr' id='par_1_46' title="bbox 163 4207 1686 4287">
     <span class='ocr_line' id='line_1_46' title="bbox 163 4207 1686 4287; baseline 0.009 -30"><span class='ocrx_word' id='word_1_358' title='bbox 163 4207 237 4259; x_wconf 72' lang='grc' dir='ltr'><strong>καὶ</strong></span> <span class='ocrx_word' id='word_1_359' title='bbox 275 4211 342 4273; x_wconf 83' lang='grc' dir='ltr'><strong>τὸ,</strong></span> <span class='ocrx_word' id='word_1_360' title='bbox 384 4212 432 4265; x_wconf 82' lang='grc'>’0</span> <span class='ocrx_word' id='word_1_361' title='bbox 469 4213 675 4283; x_wconf 79' lang='grc' dir='ltr'>Πατήρ</span> <span class='ocrx_word' id='word_1_362' title='bbox 716 4233 836 4287; x_wconf 82' lang='grc' dir='ltr'><strong>μου</strong></span> <span class='ocrx_word' id='word_1_363' title='bbox 874 4215 1088 4284; x_wconf 68' lang='grc' dir='ltr'>μείζω·</span> <span class='ocrx_word' id='word_1_364' title='bbox 1128 4234 1248 4286; x_wconf 83' lang='grc' dir='ltr'><strong>μου</strong></span> <span class='ocrx_word' id='word_1_365' title='bbox 1276 4217 1440 4271; x_wconf 77' lang='grc' dir='ltr'>ἐστί’</span> <span class='ocrx_word' id='word_1_366' title='bbox 1479 4218 1574 4271; x_wconf 77' lang='grc' dir='ltr'>καὶ</span> <span class='ocrx_word' id='word_1_367' title='bbox 1605 4218 1686 4284; x_wconf 88' lang='grc' dir='ltr'><strong>τὸ,</strong></span> 
     </span>
    </p>
   </div>
   <div class='ocr_carea' id='block_1_47' title="bbox 1791 540 3380 614">
    <p class='ocr_par' dir='ltr' id='par_1_47' title="bbox 1791 540 3380 614">
     <span class='ocr_line' id='line_1_47' title="bbox 1791 540 3380 614; baseline 0.002 -19"><span class='ocrx_word' id='word_1_368' title='bbox 1791 541 2076 595; x_wconf 83' lang='lat' dir='ltr'><strong>scientiam</strong></span> <span class='ocrx_word' id='word_1_369' title='bbox 2102 542 2204 596; x_wconf 89' lang='lat' dir='ltr'><strong>soli</strong></span> <span class='ocrx_word' id='word_1_370' title='bbox 2230 540 2378 595; x_wconf 82' lang='lat' dir='ltr'><strong>Patri</strong></span> <span class='ocrx_word' id='word_1_371' title='bbox 2410 542 2680 596; x_wconf 86' lang='lat' dir='ltr'><strong>attribuit.</strong></span> <span class='ocrx_word' id='word_1_372' title='bbox 2715 541 2978 612; x_wconf 87' lang='lat' dir='ltr'><strong>Suspicor</strong></span> <span class='ocrx_word' id='word_1_373' title='bbox 3010 543 3176 614; x_wconf 85' lang='lat' dir='ltr'><strong>igitur</strong></span> <span class='ocrx_word' id='word_1_374' title='bbox 3207 542 3380 598; x_wconf 89' lang='lat' dir='ltr'><strong>Deum</strong></span> 
     </span>
    </p>
   </div>
   <div class='ocr_carea' id='block_1_48' title="bbox 1790 633 3372 704">
    <p class='ocr_par' dir='ltr' id='par_1_48' title="bbox 1790 633 3372 704">
     <span class='ocr_line' id='line_1_48' title="bbox 1790 633 3372 704; baseline 0.001 -18"><span class='ocrx_word' id='word_1_375' title='bbox 1790 633 1897 688; x_wconf 91' lang='lat' dir='ltr'><strong>dici</strong></span> <span class='ocrx_word' id='word_1_376' title='bbox 1927 633 1980 688; x_wconf 91' lang='lat' dir='ltr'><strong>id</strong></span> <span class='ocrx_word' id='word_1_377' title='bbox 2013 633 2159 702; x_wconf 91' lang='lat' dir='ltr'><strong>quod</strong></span> <span class='ocrx_word' id='word_1_378' title='bbox 2189 641 2273 689; x_wconf 86' lang='lat' dir='ltr'><strong>est</strong></span> <span class='ocrx_word' id='word_1_379' title='bbox 2303 633 2369 688; x_wconf 90' lang='lat' dir='ltr'><strong>de</strong></span> <span class='ocrx_word' id='word_1_380' title='bbox 2400 634 2581 703; x_wconf 90' lang='lat' dir='ltr'><strong>seipso</strong></span> <span class='ocrx_word' id='word_1_381' title='bbox 2611 633 2774 697; x_wconf 92' lang='lat' dir='ltr'><strong>scire,</strong></span> <span class='ocrx_word' id='word_1_382' title='bbox 2808 642 2861 688; x_wconf 93' lang='lat' dir='ltr'><strong>et</strong></span> <span class='ocrx_word' id='word_1_383' title='bbox 2889 634 2944 687; x_wconf 91' lang='lat' dir='ltr'><strong>id</strong></span> <span class='ocrx_word' id='word_1_384' title='bbox 2978 634 3191 690; x_wconf 88' lang='lat' dir='ltr'><strong>nescire</strong></span> <span class='ocrx_word' id='word_1_385' title='bbox 3220 633 3372 704; x_wconf 91' lang='lat' dir='ltr'><strong>quod</strong></span> 
     </span>
    </p>
   </div>
   <div class='ocr_carea' id='block_1_49' title="bbox 1794 721 3383 791">
    <p class='ocr_par' dir='ltr' id='par_1_49' title="bbox 1794 721 3383 791">
     <span class='ocr_line' id='line_1_49' title="bbox 1794 721 3383 791; baseline 0 -15"><span class='ocrx_word' id='word_1_386' title='bbox 1794 738 1906 777; x_wconf 89' lang='lat' dir='ltr'><strong>non</strong></span> <span class='ocrx_word' id='word_1_387' title='bbox 1943 731 2048 777; x_wconf 90' lang='lat' dir='ltr'><strong>est.</strong></span> <span class='ocrx_word' id='word_1_388' title='bbox 2097 721 2372 778; x_wconf 81' lang='lat' dir='ltr'><strong>Justitiam</strong></span> <span class='ocrx_word' id='word_1_389' title='bbox 2405 723 2548 777; x_wconf 89' lang='lat' dir='ltr'><strong>enim</strong></span> <span class='ocrx_word' id='word_1_390' title='bbox 2586 731 2639 776; x_wconf 91' lang='lat' dir='ltr'><strong>et</strong></span> <span class='ocrx_word' id='word_1_391' title='bbox 2681 723 3006 791; x_wconf 81' lang='lat' dir='ltr'><strong>sapientiam</strong></span> <span class='ocrx_word' id='word_1_392' title='bbox 3048 738 3214 778; x_wconf 90' lang='lat' dir='ltr'><strong>nosse</strong></span> <span class='ocrx_word' id='word_1_393' title='bbox 3243 721 3383 776; x_wconf 89' lang='lat' dir='ltr'><strong>dici-</strong></span> 
     </span>
    </p>
   </div>
   <div class='ocr_carea' id='block_1_50' title="bbox 1801 815 3382 887">
    <p class='ocr_par' dir='ltr' id='par_1_50' title="bbox 1801 815 3382 887">
     <span class='ocr_line' id='line_1_50' title="bbox 1801 815 3382 887; baseline 0.001 -19"><span class='ocrx_word' id='word_1_394' title='bbox 1801 823 1894 869; x_wconf 88' lang='lat' dir='ltr'><strong>tur</strong></span> <span class='ocrx_word' id='word_1_395' title='bbox 1921 815 2090 880; x_wconf 86' lang='lat' dir='ltr'><strong>Deus,</strong></span> <span class='ocrx_word' id='word_1_396' title='bbox 2123 830 2248 870; x_wconf 91' lang='lat' dir='ltr'><strong>cum</strong></span> <span class='ocrx_word' id='word_1_397' title='bbox 2281 815 2396 885; x_wconf 91' lang='lat' dir='ltr'><strong>ipse</strong></span> <span class='ocrx_word' id='word_1_398' title='bbox 2431 815 2645 884; x_wconf 88' lang='lat' dir='ltr'><strong>justitia</strong></span> <span class='ocrx_word' id='word_1_399' title='bbox 2676 822 2733 870; x_wconf 89' lang='lat' dir='ltr'><strong>et</strong></span> <span class='ocrx_word' id='word_1_400' title='bbox 2781 816 3049 886; x_wconf 88' lang='lat' dir='ltr'><strong>sapientia</strong></span> <span class='ocrx_word' id='word_1_401' title='bbox 3083 816 3155 872; x_wconf 89' lang='lat' dir='ltr'><strong>sit</strong></span> <span class='ocrx_word' id='word_1_402' title='bbox 3186 833 3200 882; x_wconf 88' lang='lat'>;</span> <span class='ocrx_word' id='word_1_403' title='bbox 3235 815 3382 887; x_wconf 83' lang='lat' dir='ltr'><strong>inju-</strong></span> 
     </span>
    </p>
   </div>
   <div class='ocr_carea' id='block_1_51' title="bbox 1791 904 3381 977">
    <p class='ocr_par' dir='ltr' id='par_1_51' title="bbox 1791 904 3381 977">
     <span class='ocr_line' id='line_1_51' title="bbox 1791 904 3381 977; baseline 0.001 -19"><span class='ocrx_word' id='word_1_404' title='bbox 1791 904 1997 959; x_wconf 90' lang='lat' dir='ltr'><strong>stitiam</strong></span> <span class='ocrx_word' id='word_1_405' title='bbox 2040 921 2171 958; x_wconf 83' lang='lat' dir='ltr'><strong>vero</strong></span> <span class='ocrx_word' id='word_1_406' title='bbox 2197 911 2249 958; x_wconf 92' lang='lat' dir='ltr'><strong>et</strong></span> <span class='ocrx_word' id='word_1_407' title='bbox 2293 905 2555 958; x_wconf 84' lang='lat' dir='ltr'><strong>malitiam</strong></span> <span class='ocrx_word' id='word_1_408' title='bbox 2598 904 2899 977; x_wconf 88' lang='lat' dir='ltr'><strong>ignorare;</strong></span> <span class='ocrx_word' id='word_1_409' title='bbox 2948 921 3055 960; x_wconf 91' lang='lat' dir='ltr'><strong>non</strong></span> <span class='ocrx_word' id='word_1_410' title='bbox 3097 907 3243 960; x_wconf 90' lang='lat' dir='ltr'><strong>enim</strong></span> <span class='ocrx_word' id='word_1_411' title='bbox 3295 915 3381 960; x_wconf 89' lang='lat' dir='ltr'><strong>est</strong></span> 
     </span>
    </p>
   </div>
   <div class='ocr_carea' id='block_1_52' title="bbox 1791 997 3379 1068">
    <p class='ocr_par' dir='ltr' id='par_1_52' title="bbox 1791 997 3379 1068">
     <span class='ocr_line' id='line_1_52' title="bbox 1791 997 3379 1068; baseline 0.002 -17"><span class='ocrx_word' id='word_1_412' title='bbox 1791 997 2061 1068; x_wconf 86' lang='lat' dir='ltr'><strong>injustitia</strong></span> <span class='ocrx_word' id='word_1_413' title='bbox 2113 1013 2290 1067; x_wconf 90' lang='lat' dir='ltr'><strong>neque</strong></span> <span class='ocrx_word' id='word_1_414' title='bbox 2347 999 2574 1059; x_wconf 85' lang='lat' dir='ltr'><strong>malitia,</strong></span> <span class='ocrx_word' id='word_1_415' title='bbox 2624 999 2718 1068; x_wconf 92' lang='lat' dir='ltr'><strong>qui</strong></span> <span class='ocrx_word' id='word_1_416' title='bbox 2771 997 3018 1052; x_wconf 86' lang='lat' dir='ltr'><strong>condidit</strong></span> <span class='ocrx_word' id='word_1_417' title='bbox 3069 1013 3172 1054; x_wconf 91' lang='lat' dir='ltr'><strong>nos</strong></span> <span class='ocrx_word' id='word_1_418' title='bbox 3212 997 3379 1054; x_wconf 85' lang='lat' dir='ltr'><strong>Deus.</strong></span> 
     </span>
    </p>
   </div>
   <div class='ocr_carea' id='block_1_53' title="bbox 1796 1088 3379 1160">
    <p class='ocr_par' dir='ltr' id='par_1_53' title="bbox 1796 1088 3379 1160">
     <span class='ocr_line' id='line_1_53' title="bbox 1796 1088 3379 1160; baseline 0.001 -15"><span class='ocrx_word' id='word_1_419' title='bbox 1796 1091 1987 1160; x_wconf 87' lang='lat' dir='ltr'><strong>Itaque</strong></span> <span class='ocrx_word' id='word_1_420' title='bbox 2019 1092 2064 1145; x_wconf 90' lang='lat' dir='ltr'><strong>si</strong></span> <span class='ocrx_word' id='word_1_421' title='bbox 2093 1089 2296 1143; x_wconf 84' lang='lat' dir='ltr'><strong>dicitur</strong></span> <span class='ocrx_word' id='word_1_422' title='bbox 2325 1088 2488 1151; x_wconf 88' lang='lat' dir='ltr'><strong>Deus,</strong></span> <span class='ocrx_word' id='word_1_423' title='bbox 2521 1089 2574 1142; x_wconf 89' lang='lat' dir='ltr'><strong>id</strong></span> <span class='ocrx_word' id='word_1_424' title='bbox 2603 1090 2748 1159; x_wconf 91' lang='lat' dir='ltr'><strong>quod</strong></span> <span class='ocrx_word' id='word_1_425' title='bbox 2775 1098 2859 1145; x_wconf 85' lang='lat' dir='ltr'><strong>est</strong></span> <span class='ocrx_word' id='word_1_426' title='bbox 2887 1089 2955 1145; x_wconf 89' lang='lat' dir='ltr'><strong>de</strong></span> <span class='ocrx_word' id='word_1_427' title='bbox 2983 1090 3164 1160; x_wconf 91' lang='lat' dir='ltr'><strong>seipso</strong></span> <span class='ocrx_word' id='word_1_428' title='bbox 3193 1105 3379 1158; x_wconf 86' lang='lat' dir='ltr'><strong>nosse,</strong></span> 
     </span>
    </p>
   </div>
   <div class='ocr_carea' id='block_1_54' title="bbox 1793 1181 3379 1253">
    <p class='ocr_par' dir='ltr' id='par_1_54' title="bbox 1793 1181 3379 1253">
     <span class='ocr_line' id='line_1_54' title="bbox 1793 1181 3379 1253; baseline 0 -17"><span class='ocrx_word' id='word_1_429' title='bbox 1793 1193 1959 1253; x_wconf 89' lang='lat' dir='ltr'><strong>atque</strong></span> <span class='ocrx_word' id='word_1_430' title='bbox 2010 1182 2063 1237; x_wconf 94' lang='lat' dir='ltr'><strong>id</strong></span> <span class='ocrx_word' id='word_1_431' title='bbox 2119 1181 2334 1237; x_wconf 85' lang='lat' dir='ltr'><strong>nescire</strong></span> <span class='ocrx_word' id='word_1_432' title='bbox 2373 1182 2520 1252; x_wconf 87' lang='lat' dir='ltr'><strong>quod</strong></span> <span class='ocrx_word' id='word_1_433' title='bbox 2565 1197 2675 1236; x_wconf 90' lang='lat' dir='ltr'><strong>non</strong></span> <span class='ocrx_word' id='word_1_434' title='bbox 2729 1192 2855 1240; x_wconf 83' lang='lat' dir='ltr'><strong>est:</strong></span> <span class='ocrx_word' id='word_1_435' title='bbox 2908 1197 3017 1237; x_wconf 90' lang='lat' dir='ltr'><strong>non</strong></span> <span class='ocrx_word' id='word_1_436' title='bbox 3065 1191 3147 1237; x_wconf 88' lang='lat' dir='ltr'><strong>est</strong></span> <span class='ocrx_word' id='word_1_437' title='bbox 3197 1192 3379 1236; x_wconf 86' lang='lat' dir='ltr'><strong>autem</strong></span> 
     </span>
    </p>
   </div>
   <div class='ocr_carea' id='block_1_55' title="bbox 1792 1273 3382 1329">
    <p class='ocr_par' dir='ltr' id='par_1_55' title="bbox 1792 1273 3382 1329">
     <span class='ocr_line' id='line_1_55' title="bbox 1792 1273 3382 1329; baseline 0 -1"><span class='ocrx_word' id='word_1_438' title='bbox 1792 1273 2058 1329; x_wconf 88' lang='lat' dir='ltr'><strong>Dominus</strong></span> <span class='ocrx_word' id='word_1_439' title='bbox 2105 1281 2294 1329; x_wconf 87' lang='lat' dir='ltr'><strong>noster</strong></span> <span class='ocrx_word' id='word_1_440' title='bbox 2334 1273 2638 1329; x_wconf 88' lang='lat' dir='ltr'><strong>secundum</strong></span> <span class='ocrx_word' id='word_1_441' title='bbox 2687 1273 3082 1329; x_wconf 88' lang='lat' dir='ltr'><strong>incarnationis</strong></span> <span class='ocrx_word' id='word_1_442' title='bbox 3127 1275 3382 1328; x_wconf 89' lang='lat' dir='ltr'><strong>conside-</strong></span> 
     </span>
    </p>
   </div>
   <div class='ocr_carea' id='block_1_56' title="bbox 1788 1359 3380 1430">
    <p class='ocr_par' dir='ltr' id='par_1_56' title="bbox 1788 1359 3380 1430">
     <span class='ocr_line' id='line_1_56' title="bbox 1788 1359 3380 1430; baseline 0 -10"><span class='ocrx_word' id='word_1_443' title='bbox 1788 1359 2101 1430; x_wconf 73' lang='lat' dir='ltr'><strong>rationem,</strong></span> <span class='ocrx_word' id='word_1_444' title='bbox 2145 1377 2200 1421; x_wconf 89' lang='lat' dir='ltr'><strong>et</strong></span> <span class='ocrx_word' id='word_1_445' title='bbox 2260 1367 2593 1421; x_wconf 82' lang='lat' dir='ltr'><strong>crassiorem</strong></span> <span class='ocrx_word' id='word_1_446' title='bbox 2659 1365 3009 1430; x_wconf 85' lang='lat' dir='ltr'><strong>doctrinam,</strong></span> <span class='ocrx_word' id='word_1_447' title='bbox 3071 1375 3380 1422; x_wconf 89' lang='lat' dir='ltr'><strong>extremum</strong></span> 
     </span>
    </p>
   </div>
   <div class='ocr_carea' id='block_1_57' title="bbox 1793 1455 3381 1526">
    <p class='ocr_par' dir='ltr' id='par_1_57' title="bbox 1793 1455 3381 1526">
     <span class='ocr_line' id='line_1_57' title="bbox 1793 1455 3381 1526; baseline -0.002 -15"><span class='ocrx_word' id='word_1_448' title='bbox 1793 1457 1930 1512; x_wconf 92' lang='lat' dir='ltr'><strong>illud</strong></span> <span class='ocrx_word' id='word_1_449' title='bbox 1982 1457 2186 1512; x_wconf 90' lang='lat' dir='ltr'><strong>bonum</strong></span> <span class='ocrx_word' id='word_1_450' title='bbox 2251 1455 2612 1511; x_wconf 87' lang='lat' dir='ltr'><strong>desiderabile</strong></span> <span class='ocrx_word' id='word_1_451' title='bbox 2669 1474 2683 1510; x_wconf 89' lang='lat'>:</span> <span class='ocrx_word' id='word_1_452' title='bbox 2738 1470 2849 1510; x_wconf 89' lang='lat' dir='ltr'><strong>non</strong></span> <span class='ocrx_word' id='word_1_453' title='bbox 2905 1455 3073 1526; x_wconf 82' lang='lat' dir='ltr'><strong>igitur</strong></span> <span class='ocrx_word' id='word_1_454' title='bbox 3121 1455 3381 1524; x_wconf 81' lang='lat' dir='ltr'><strong>cognovit</strong></span> 
     </span>
    </p>
   </div>
   <div class='ocr_carea' id='block_1_58' title="bbox 1793 1546 3378 1603">
    <p class='ocr_par' dir='ltr' id='par_1_58' title="bbox 1793 1546 3378 1603">
     <span class='ocr_line' id='line_1_58' title="bbox 1793 1546 3378 1603; baseline 0.002 -3"><span class='ocrx_word' id='word_1_455' title='bbox 1793 1546 2048 1601; x_wconf 79' lang='lat' dir='ltr'><strong>Salvator</strong></span> <span class='ocrx_word' id='word_1_456' title='bbox 2077 1556 2267 1603; x_wconf 90' lang='lat' dir='ltr'><strong>noster</strong></span> <span class='ocrx_word' id='word_1_457' title='bbox 2309 1546 2472 1602; x_wconf 91' lang='lat' dir='ltr'><strong>ﬁnem</strong></span> <span class='ocrx_word' id='word_1_458' title='bbox 2529 1553 2583 1602; x_wconf 88' lang='lat' dir='ltr'><strong>et</strong></span> <span class='ocrx_word' id='word_1_459' title='bbox 2613 1554 2916 1602; x_wconf 77' lang='lat' dir='ltr'><strong>extremam</strong></span> <span class='ocrx_word' id='word_1_460' title='bbox 2961 1547 3378 1603; x_wconf 81' lang='lat' dir='ltr'><strong>beatitudinem.</strong></span> 
     </span>
    </p>
   </div>
   <div class='ocr_carea' id='block_1_59' title="bbox 1793 1638 3382 1712">
    <p class='ocr_par' dir='ltr' id='par_1_59' title="bbox 1793 1638 3382 1712">
     <span class='ocr_line' id='line_1_59' title="bbox 1793 1638 3382 1712; baseline 0.002 -19"><span class='ocrx_word' id='word_1_461' title='bbox 1793 1638 1896 1694; x_wconf 85' lang='lat' dir='ltr'><strong>Sed</strong></span> <span class='ocrx_word' id='word_1_462' title='bbox 1926 1656 2090 1710; x_wconf 84' lang='lat' dir='ltr'><strong>neque</strong></span> <span class='ocrx_word' id='word_1_463' title='bbox 2128 1639 2323 1710; x_wconf 80' lang='lat' dir='ltr'><strong>angeli,</strong></span> <span class='ocrx_word' id='word_1_464' title='bbox 2352 1639 2552 1710; x_wconf 89' lang='lat' dir='ltr'><strong>inquit,</strong></span> <span class='ocrx_word' id='word_1_465' title='bbox 2572 1640 2744 1693; x_wconf 72' lang='lat' dir='ltr'><strong>sciunt</strong></span> <span class='ocrx_word' id='word_1_466' title='bbox 2775 1639 2840 1671; x_wconf 77' lang='lat'><strong>“‘</strong></span> <span class='ocrx_word' id='word_1_467' title='bbox 2876 1659 2889 1694; x_wconf 75' lang='grc' dir='ltr'><strong>ε</strong></span> <span class='ocrx_word' id='word_1_468' title='bbox 2929 1640 3034 1695; x_wconf 79' lang='lat' dir='ltr'><strong>hoc</strong></span> <span class='ocrx_word' id='word_1_469' title='bbox 3063 1649 3167 1706; x_wconf 87' lang='lat' dir='ltr'><strong>est,</strong></span> <span class='ocrx_word' id='word_1_470' title='bbox 3203 1657 3382 1712; x_wconf 90' lang='lat' dir='ltr'><strong>neque</strong></span> 
     </span>
    </p>
   </div>
   <div class='ocr_carea' id='block_1_60' title="bbox 1792 1731 3384 1803">
    <p class='ocr_par' dir='ltr' id='par_1_60' title="bbox 1792 1731 3384 1803">
     <span class='ocr_line' id='line_1_60' title="bbox 1792 1731 3384 1803; baseline 0.001 -17"><span class='ocrx_word' id='word_1_471' title='bbox 1792 1732 2178 1802; x_wconf 90' lang='lat' dir='ltr'><strong>contemplatio</strong></span> <span class='ocrx_word' id='word_1_472' title='bbox 2230 1747 2351 1802; x_wconf 66' lang='lat' dir='ltr'><strong>quae</strong></span> <span class='ocrx_word' id='word_1_473' title='bbox 2395 1733 2451 1785; x_wconf 92' lang='lat' dir='ltr'><strong>in</strong></span> <span class='ocrx_word' id='word_1_474' title='bbox 2487 1731 2622 1802; x_wconf 92' lang='lat' dir='ltr'><strong>ipsis</strong></span> <span class='ocrx_word' id='word_1_475' title='bbox 2652 1740 2758 1798; x_wconf 92' lang='lat' dir='ltr'><strong>est,</strong></span> <span class='ocrx_word' id='word_1_476' title='bbox 2798 1748 2975 1803; x_wconf 89' lang='lat' dir='ltr'><strong>neque</strong></span> <span class='ocrx_word' id='word_1_477' title='bbox 3007 1735 3252 1788; x_wconf 86' lang='lat' dir='ltr'><strong>rationes</strong></span> <span class='ocrx_word' id='word_1_478' title='bbox 3279 1735 3384 1788; x_wconf 88' lang='lat' dir='ltr'><strong>mi-</strong></span> 
     </span>
    </p>
   </div>
   <div class='ocr_carea' id='block_1_61' title="bbox 1793 1823 3380 1880">
    <p class='ocr_par' dir='ltr' id='par_1_61' title="bbox 1793 1823 3380 1880">
     <span class='ocr_line' id='line_1_61' title="bbox 1793 1823 3380 1880; baseline 0 -2"><span class='ocrx_word' id='word_1_479' title='bbox 1793 1825 2146 1879; x_wconf 89' lang='lat' dir='ltr'><strong>nisteriorum</strong></span> <span class='ocrx_word' id='word_1_480' title='bbox 2180 1833 2310 1879; x_wconf 89' lang='lat' dir='ltr'><strong>sunt</strong></span> <span class='ocrx_word' id='word_1_481' title='bbox 2336 1833 2644 1879; x_wconf 89' lang='lat' dir='ltr'><strong>extremum</strong></span> <span class='ocrx_word' id='word_1_482' title='bbox 2691 1823 2824 1876; x_wconf 89' lang='lat' dir='ltr'><strong>illud</strong></span> <span class='ocrx_word' id='word_1_483' title='bbox 2856 1825 3057 1878; x_wconf 88' lang='lat' dir='ltr'><strong>bonum</strong></span> <span class='ocrx_word' id='word_1_484' title='bbox 3098 1823 3380 1880; x_wconf 87' lang='lat' dir='ltr'><strong>desidera-</strong></span> 
     </span>
    </p>
   </div>
   <div class='ocr_carea' id='block_1_62' title="bbox 1794 1913 3384 1977">
    <p class='ocr_par' dir='ltr' id='par_1_62' title="bbox 1794 1913 3384 1977">
     <span class='ocr_line' id='line_1_62' title="bbox 1794 1913 3384 1977; baseline -0.001 -8"><span class='ocrx_word' id='word_1_485' title='bbox 1794 1915 1921 1970; x_wconf 91' lang='lat' dir='ltr'><strong>bile.</strong></span> <span class='ocrx_word' id='word_1_486' title='bbox 1983 1913 2117 1968; x_wconf 84' lang='lat' dir='ltr'><strong>Nam</strong></span> <span class='ocrx_word' id='word_1_487' title='bbox 2181 1914 2380 1969; x_wconf 87' lang='lat' dir='ltr'><strong>horum</strong></span> <span class='ocrx_word' id='word_1_488' title='bbox 2437 1915 2600 1968; x_wconf 90' lang='lat' dir='ltr'><strong>etiam</strong></span> <span class='ocrx_word' id='word_1_489' title='bbox 2661 1915 2893 1968; x_wconf 89' lang='lat' dir='ltr'><strong>scientia</strong></span> <span class='ocrx_word' id='word_1_490' title='bbox 2947 1930 3133 1970; x_wconf 86' lang='lat' dir='ltr'><strong>crassa</strong></span> <span class='ocrx_word' id='word_1_491' title='bbox 3181 1925 3284 1977; x_wconf 87' lang='lat' dir='ltr'><strong>est,</strong></span> <span class='ocrx_word' id='word_1_492' title='bbox 3333 1913 3384 1970; x_wconf 87' lang='lat' dir='ltr'><strong>si</strong></span> 
     </span>
    </p>
   </div>
   <div class='ocr_carea' id='block_1_63' title="bbox 1793 1995 3384 2078">
    <p class='ocr_par' dir='ltr' id='par_1_63' title="bbox 1793 1995 3384 2078">
     <span class='ocr_line' id='line_1_63' title="bbox 1793 1995 3384 2078; baseline 0 -16"><span class='ocrx_word' id='word_1_493' title='bbox 1793 2019 2144 2078; x_wconf 86' lang='lat' dir='ltr'><strong>comparetur</strong></span> <span class='ocrx_word' id='word_1_494' title='bbox 2191 2023 2316 2061; x_wconf 90' lang='lat' dir='ltr'><strong>cum</strong></span> <span class='ocrx_word' id='word_1_495' title='bbox 2349 2022 2434 2070; x_wconf 90' lang='lat' dir='ltr'><strong>ea,</strong></span> <span class='ocrx_word' id='word_1_496' title='bbox 2462 2023 2583 2076; x_wconf 77' lang='lat' dir='ltr'><strong>qua:</strong></span> <span class='ocrx_word' id='word_1_497' title='bbox 2613 2016 2696 2062; x_wconf 88' lang='lat' dir='ltr'><strong>est</strong></span> <span class='ocrx_word' id='word_1_498' title='bbox 2731 1995 2868 2060; x_wconf 77' lang='lat' dir='ltr'><strong>facie</strong></span> <span class='ocrx_word' id='word_1_499' title='bbox 2909 2005 2976 2058; x_wconf 89' lang='lat' dir='ltr'><strong>ad</strong></span> <span class='ocrx_word' id='word_1_500' title='bbox 3023 2008 3244 2060; x_wconf 69' lang='lat' dir='ltr'><strong>faciem.</strong></span> <span class='ocrx_word' id='word_1_501' title='bbox 3281 2008 3384 2062; x_wconf 69' lang='lat' dir='ltr'><strong>So-</strong></span> 
     </span>
    </p>
   </div>
   <div class='ocr_carea' id='block_1_64' title="bbox 1792 2097 3383 2168">
    <p class='ocr_par' dir='ltr' id='par_1_64' title="bbox 1792 2097 3383 2168">
     <span class='ocr_line' id='line_1_64' title="bbox 1792 2097 3383 2168; baseline 0 -16"><span class='ocrx_word' id='word_1_502' title='bbox 1792 2098 1880 2154; x_wconf 89' lang='lat' dir='ltr'><strong>lus</strong></span> <span class='ocrx_word' id='word_1_503' title='bbox 1933 2107 2116 2153; x_wconf 88' lang='lat' dir='ltr'><strong>autem</strong></span> <span class='ocrx_word' id='word_1_504' title='bbox 2173 2097 2352 2164; x_wconf 86' lang='lat' dir='ltr'><strong>Pater,</strong></span> <span class='ocrx_word' id='word_1_505' title='bbox 2405 2098 2606 2168; x_wconf 85' lang='lat' dir='ltr'><strong>inquit,</strong></span> <span class='ocrx_word' id='word_1_506' title='bbox 2644 2100 2798 2152; x_wconf 83' lang='lat' dir='ltr'><strong>novit</strong></span> <span class='ocrx_word' id='word_1_507' title='bbox 2828 2099 2912 2149; x_wconf 69' lang='grc' dir='ltr'><strong>δίε</strong></span> <span class='ocrx_word' id='word_1_508' title='bbox 2948 2099 3150 2168; x_wconf 87' lang='lat' dir='ltr'><strong>quippe</strong></span> <span class='ocrx_word' id='word_1_509' title='bbox 3181 2108 3234 2152; x_wconf 88' lang='lat' dir='ltr'><strong>et</strong></span> <span class='ocrx_word' id='word_1_510' title='bbox 3263 2097 3383 2168; x_wconf 87' lang='lat' dir='ltr'><strong>ipse</strong></span> 
     </span>
    </p>
   </div>
   <div class='ocr_carea' id='block_1_65' title="bbox 1791 2189 3383 2256">
    <p class='ocr_par' dir='ltr' id='par_1_65' title="bbox 1791 2189 3383 2256">
     <span class='ocr_line' id='line_1_65' title="bbox 1791 2189 3383 2256; baseline -0.001 -10"><span class='ocrx_word' id='word_1_511' title='bbox 1791 2199 1877 2246; x_wconf 90' lang='lat' dir='ltr'><strong>est</strong></span> <span class='ocrx_word' id='word_1_512' title='bbox 1925 2190 2095 2256; x_wconf 92' lang='lat' dir='ltr'><strong>ﬁnis,</strong></span> <span class='ocrx_word' id='word_1_513' title='bbox 2142 2197 2196 2245; x_wconf 89' lang='lat' dir='ltr'><strong>et</strong></span> <span class='ocrx_word' id='word_1_514' title='bbox 2239 2198 2484 2244; x_wconf 83' lang='lat' dir='ltr'><strong>extrema</strong></span> <span class='ocrx_word' id='word_1_515' title='bbox 2536 2189 2838 2244; x_wconf 84' lang='lat' dir='ltr'><strong>beatitudo.</strong></span> <span class='ocrx_word' id='word_1_516' title='bbox 2889 2189 3023 2244; x_wconf 90' lang='lat' dir='ltr'><strong>Cum</strong></span> <span class='ocrx_word' id='word_1_517' title='bbox 3073 2190 3218 2242; x_wconf 89' lang='lat' dir='ltr'><strong>enim</strong></span> <span class='ocrx_word' id='word_1_518' title='bbox 3270 2204 3383 2244; x_wconf 85' lang='lat' dir='ltr'><strong>non</strong></span> 
     </span>
    </p>
   </div>
   <div class='ocr_carea' id='block_1_66' title="bbox 1793 2279 3381 2351">
    <p class='ocr_par' dir='ltr' id='par_1_66' title="bbox 1793 2279 3381 2351">
     <span class='ocr_line' id='line_1_66' title="bbox 1793 2279 3381 2351; baseline -0.001 -17"><span class='ocrx_word' id='word_1_519' title='bbox 1793 2281 2026 2351; x_wconf 82' lang='lat' dir='ltr'><strong>amplius</strong></span> <span class='ocrx_word' id='word_1_520' title='bbox 2059 2279 2229 2334; x_wconf 86' lang='lat' dir='ltr'><strong>Deum</strong></span> <span class='ocrx_word' id='word_1_521' title='bbox 2263 2281 2317 2334; x_wconf 92' lang='lat' dir='ltr'><strong>in</strong></span> <span class='ocrx_word' id='word_1_522' title='bbox 2342 2281 2604 2349; x_wconf 86' lang='lat' dir='ltr'><strong>speculis,</strong></span> <span class='ocrx_word' id='word_1_523' title='bbox 2632 2296 2811 2350; x_wconf 89' lang='lat' dir='ltr'><strong>neque</strong></span> <span class='ocrx_word' id='word_1_524' title='bbox 2843 2295 2938 2350; x_wconf 90' lang='lat' dir='ltr'><strong>per</strong></span> <span class='ocrx_word' id='word_1_525' title='bbox 2970 2279 3148 2334; x_wconf 86' lang='lat' dir='ltr'><strong>aliena</strong></span> <span class='ocrx_word' id='word_1_526' title='bbox 3172 2294 3381 2348; x_wconf 75' lang='lat' dir='ltr'><strong>cogno-</strong></span> 
     </span>
    </p>
   </div>
   <div class='ocr_carea' id='block_1_67' title="bbox 1793 2373 3380 2442">
    <p class='ocr_par' dir='ltr' id='par_1_67' title="bbox 1793 2373 3380 2442">
     <span class='ocr_line' id='line_1_67' title="bbox 1793 2373 3380 2442; baseline -0.004 -12"><span class='ocrx_word' id='word_1_527' title='bbox 1793 2389 2012 2430; x_wconf 89' lang='lat' dir='ltr'><strong>scemus</strong></span> <span class='ocrx_word' id='word_1_528' title='bbox 2064 2373 2131 2437; x_wconf 82' lang='lat'><strong>&quot;,</strong></span> <span class='ocrx_word' id='word_1_529' title='bbox 2189 2373 2284 2428; x_wconf 90' lang='lat' dir='ltr'><strong>sed</strong></span> <span class='ocrx_word' id='word_1_530' title='bbox 2332 2373 2400 2426; x_wconf 88' lang='lat' dir='ltr'><strong>ad</strong></span> <span class='ocrx_word' id='word_1_531' title='bbox 2447 2373 2625 2442; x_wconf 76' lang='lat' dir='ltr'><strong>ipsum</strong></span> <span class='ocrx_word' id='word_1_532' title='bbox 2674 2374 2841 2427; x_wconf 86' lang='lat' dir='ltr'><strong>veluti</strong></span> <span class='ocrx_word' id='word_1_533' title='bbox 2883 2373 3059 2427; x_wconf 91' lang='lat' dir='ltr'><strong>solum</strong></span> <span class='ocrx_word' id='word_1_534' title='bbox 3112 2381 3166 2426; x_wconf 90' lang='lat' dir='ltr'><strong>et</strong></span> <span class='ocrx_word' id='word_1_535' title='bbox 3212 2386 3380 2424; x_wconf 92' lang='lat' dir='ltr'><strong>unum</strong></span> 
     </span>
    </p>
   </div>
   <div class='ocr_carea' id='block_1_68' title="bbox 1794 2465 3372 2534">
    <p class='ocr_par' dir='ltr' id='par_1_68' title="bbox 1794 2465 3372 2534">
     <span class='ocr_line' id='line_1_68' title="bbox 1794 2465 3372 2534; baseline -0.002 -14"><span class='ocrx_word' id='word_1_536' title='bbox 1794 2468 2172 2534; x_wconf 79' lang='lat' dir='ltr'><strong>accedemus;</strong></span> <span class='ocrx_word' id='word_1_537' title='bbox 2229 2474 2360 2520; x_wconf 92' lang='lat' dir='ltr'><strong>tunc</strong></span> <span class='ocrx_word' id='word_1_538' title='bbox 2409 2475 2462 2520; x_wconf 93' lang='lat' dir='ltr'><strong>et</strong></span> <span class='ocrx_word' id='word_1_539' title='bbox 2523 2476 2830 2521; x_wconf 86' lang='lat' dir='ltr'><strong>extremum</strong></span> <span class='ocrx_word' id='word_1_540' title='bbox 2882 2465 3045 2521; x_wconf 92' lang='lat' dir='ltr'><strong>ﬁnem</strong></span> <span class='ocrx_word' id='word_1_541' title='bbox 3109 2467 3372 2520; x_wconf 87' lang='lat' dir='ltr'><strong>sciemus.</strong></span> 
     </span>
    </p>
   </div>
   <div class='ocr_carea' id='block_1_69' title="bbox 1791 2557 3381 2628">
    <p class='ocr_par' dir='ltr' id='par_1_69' title="bbox 1791 2557 3381 2628">
     <span class='ocr_line' id='line_1_69' title="bbox 1791 2557 3381 2628; baseline -0.001 -16"><span class='ocrx_word' id='word_1_542' title='bbox 1791 2558 1925 2612; x_wconf 87' lang='lat' dir='ltr'><strong>Nam</strong></span> <span class='ocrx_word' id='word_1_543' title='bbox 1947 2558 2155 2613; x_wconf 85' lang='lat' dir='ltr'><strong>Christi</strong></span> <span class='ocrx_word' id='word_1_544' title='bbox 2182 2574 2408 2628; x_wconf 78' lang='lat' dir='ltr'><strong>regnum</strong></span> <span class='ocrx_word' id='word_1_545' title='bbox 2433 2573 2556 2612; x_wconf 88' lang='lat' dir='ltr'><strong>esse</strong></span> <span class='ocrx_word' id='word_1_546' title='bbox 2586 2557 2768 2612; x_wconf 79' lang='lat' dir='ltr'><strong>ferunt</strong></span> <span class='ocrx_word' id='word_1_547' title='bbox 2795 2573 3011 2612; x_wconf 90' lang='lat' dir='ltr'><strong>omnem</strong></span> <span class='ocrx_word' id='word_1_548' title='bbox 3042 2557 3381 2612; x_wconf 85' lang='lat' dir='ltr'><strong>matcrialcm</strong></span> 
     </span>
    </p>
   </div>
   <div class='ocr_carea' id='block_1_70' title="bbox 1792 2649 3378 2721">
    <p class='ocr_par' dir='ltr' id='par_1_70' title="bbox 1792 2649 3378 2721">
     <span class='ocr_line' id='line_1_70' title="bbox 1792 2649 3378 2721; baseline 0.001 -17"><span class='ocrx_word' id='word_1_549' title='bbox 1792 2651 2158 2721; x_wconf 82' lang='lat' dir='ltr'><strong>cognitionem</strong></span> <span class='ocrx_word' id='word_1_550' title='bbox 2187 2667 2202 2716; x_wconf 93' lang='lat'><strong>;</strong></span> <span class='ocrx_word' id='word_1_551' title='bbox 2237 2649 2332 2704; x_wconf 90' lang='lat' dir='ltr'><strong>Dei</strong></span> <span class='ocrx_word' id='word_1_552' title='bbox 2362 2666 2494 2704; x_wconf 89' lang='lat' dir='ltr'><strong>vero</strong></span> <span class='ocrx_word' id='word_1_553' title='bbox 2521 2657 2574 2704; x_wconf 91' lang='lat' dir='ltr'><strong>et</strong></span> <span class='ocrx_word' id='word_1_554' title='bbox 2599 2649 2800 2717; x_wconf 88' lang='lat' dir='ltr'><strong>Patris,</strong></span> <span class='ocrx_word' id='word_1_555' title='bbox 2833 2649 3272 2716; x_wconf 88' lang='lat' dir='ltr'><strong>immaterialem,</strong></span> <span class='ocrx_word' id='word_1_556' title='bbox 3303 2656 3378 2717; x_wconf 88' lang='lat' dir='ltr'><strong>et,</strong></span> 
     </span>
    </p>
   </div>
   <div class='ocr_carea' id='block_1_71' title="bbox 1793 2740 3366 2810">
    <p class='ocr_par' dir='ltr' id='par_1_71' title="bbox 1793 2740 3366 2810">
     <span class='ocr_line' id='line_1_71' title="bbox 1793 2740 3366 2810; baseline -0.002 -14"><span class='ocrx_word' id='word_1_557' title='bbox 1793 2749 1851 2796; x_wconf 90' lang='lat' dir='ltr'><strong>ut</strong></span> <span class='ocrx_word' id='word_1_558' title='bbox 1883 2742 1955 2795; x_wconf 90' lang='lat' dir='ltr'><strong>ita</strong></span> <span class='ocrx_word' id='word_1_559' title='bbox 1989 2741 2244 2804; x_wconf 78' lang='lat' dir='ltr'><strong>dixerim,</strong></span> <span class='ocrx_word' id='word_1_560' title='bbox 2281 2741 2452 2810; x_wconf 84' lang='lat' dir='ltr'><strong>ipsius</strong></span> <span class='ocrx_word' id='word_1_561' title='bbox 2483 2740 2788 2796; x_wconf 84' lang='lat' dir='ltr'><strong>divinitatis</strong></span> <span class='ocrx_word' id='word_1_562' title='bbox 2822 2740 3366 2809; x_wconf 84' lang='lat' dir='ltr'><strong>contemplationem.</strong></span> 
     </span>
    </p>
   </div>
   <div class='ocr_carea' id='block_1_72' title="bbox 1791 2831 3382 2903">
    <p class='ocr_par' dir='ltr' id='par_1_72' title="bbox 1791 2831 3382 2903">
     <span class='ocr_line' id='line_1_72' title="bbox 1791 2831 3382 2903; baseline -0.001 -17"><span class='ocrx_word' id='word_1_563' title='bbox 1791 2834 1969 2903; x_wconf 83' lang='lat' dir='ltr'><strong>Atque</strong></span> <span class='ocrx_word' id='word_1_564' title='bbox 2006 2834 2170 2887; x_wconf 90' lang='lat' dir='ltr'><strong>etiam</strong></span> <span class='ocrx_word' id='word_1_565' title='bbox 2215 2831 2480 2886; x_wconf 90' lang='lat' dir='ltr'><strong>Dominus</strong></span> <span class='ocrx_word' id='word_1_566' title='bbox 2529 2839 2718 2886; x_wconf 88' lang='lat' dir='ltr'><strong>noster</strong></span> <span class='ocrx_word' id='word_1_567' title='bbox 2764 2841 2818 2886; x_wconf 89' lang='lat' dir='ltr'><strong>et</strong></span> <span class='ocrx_word' id='word_1_568' title='bbox 2853 2833 2980 2902; x_wconf 81' lang='lat' dir='ltr'><strong>ipse</strong></span> <span class='ocrx_word' id='word_1_569' title='bbox 3030 2831 3154 2884; x_wconf 88' lang='lat' dir='ltr'><strong>ﬁnis</strong></span> <span class='ocrx_word' id='word_1_570' title='bbox 3197 2840 3299 2894; x_wconf 88' lang='lat' dir='ltr'><strong>est,</strong></span> <span class='ocrx_word' id='word_1_571' title='bbox 3327 2839 3382 2886; x_wconf 87' lang='lat' dir='ltr'><strong>et</strong></span> 
     </span>
    </p>
   </div>
   <div class='ocr_carea' id='block_1_73' title="bbox 1791 2923 3381 2981">
    <p class='ocr_par' dir='ltr' id='par_1_73' title="bbox 1791 2923 3381 2981">
     <span class='ocr_line' id='line_1_73' title="bbox 1791 2923 3381 2981; baseline 0 -2"><span class='ocrx_word' id='word_1_572' title='bbox 1791 2934 2032 2980; x_wconf 80' lang='lat' dir='ltr'><strong>extrema</strong></span> <span class='ocrx_word' id='word_1_573' title='bbox 2079 2925 2360 2980; x_wconf 90' lang='lat' dir='ltr'><strong>beatitudo</strong></span> <span class='ocrx_word' id='word_1_574' title='bbox 2413 2926 2720 2981; x_wconf 86' lang='lat' dir='ltr'><strong>secundum</strong></span> <span class='ocrx_word' id='word_1_575' title='bbox 2779 2923 2941 2980; x_wconf 84' lang='lat' dir='ltr'><strong>Verbi</strong></span> <span class='ocrx_word' id='word_1_576' title='bbox 2981 2924 3381 2979; x_wconf 82' lang='lat' dir='ltr'><strong>consideratio-</strong></span> 
     </span>
    </p>
   </div>
   <div class='ocr_carea' id='block_1_74' title="bbox 1793 3015 3383 3087">
    <p class='ocr_par' dir='ltr' id='par_1_74' title="bbox 1793 3015 3383 3087">
     <span class='ocr_line' id='line_1_74' title="bbox 1793 3015 3383 3087; baseline -0.001 -16"><span class='ocrx_word' id='word_1_577' title='bbox 1793 3033 1937 3072; x_wconf 91' lang='lat' dir='ltr'><strong>nem.</strong></span> <span class='ocrx_word' id='word_1_578' title='bbox 1973 3017 2117 3083; x_wconf 85' lang='lat' dir='ltr'><strong>Quid</strong></span> <span class='ocrx_word' id='word_1_579' title='bbox 2160 3018 2306 3072; x_wconf 90' lang='lat' dir='ltr'><strong>enim</strong></span> <span class='ocrx_word' id='word_1_580' title='bbox 2341 3019 2417 3072; x_wconf 90' lang='lat' dir='ltr'><strong>ait</strong></span> <span class='ocrx_word' id='word_1_581' title='bbox 2452 3018 2507 3072; x_wconf 93' lang='lat' dir='ltr'><strong>in</strong></span> <span class='ocrx_word' id='word_1_582' title='bbox 2544 3016 2880 3087; x_wconf 73' lang='lat' dir='ltr'><strong>Evangelia?</strong></span> <span class='ocrx_word' id='word_1_583' title='bbox 2916 3015 2982 3069; x_wconf 85' lang='lat' dir='ltr'><strong>Et</strong></span> <span class='ocrx_word' id='word_1_584' title='bbox 3014 3033 3110 3086; x_wconf 85' lang='lat' dir='ltr'><strong>ego</strong></span> <span class='ocrx_word' id='word_1_585' title='bbox 3151 3018 3383 3078; x_wconf 80' lang='lat' dir='ltr'><strong>resusci-</strong></span> 
     </span>
    </p>
   </div>
   <div class='ocr_carea' id='block_1_75' title="bbox 1793 3109 3383 3165">
    <p class='ocr_par' dir='ltr' id='par_1_75' title="bbox 1793 3109 3383 3165">
     <span class='ocr_line' id='line_1_75' title="bbox 1793 3109 3383 3165; baseline -0.002 -1"><span class='ocrx_word' id='word_1_586' title='bbox 1793 3111 1918 3164; x_wconf 85' lang='lat' dir='ltr'><strong>tabo</strong></span> <span class='ocrx_word' id='word_1_587' title='bbox 1952 3127 2070 3164; x_wconf 72' lang='lat' dir='ltr'><strong>eum</strong></span> <span class='ocrx_word' id='word_1_588' title='bbox 2115 3111 2169 3164; x_wconf 78' lang='lat' dir='ltr'><strong>in</strong></span> <span class='ocrx_word' id='word_1_589' title='bbox 2218 3112 2503 3165; x_wconf 77' lang='lat' dir='ltr'><strong>novissimo</strong></span> <span class='ocrx_word' id='word_1_590' title='bbox 2534 3110 2618 3163; x_wconf 84' lang='lat' dir='ltr'><strong>die</strong></span> <span class='ocrx_word' id='word_1_591' title='bbox 2646 3111 2691 3141; x_wconf 80' lang='lat'><strong>“</strong></span> <span class='ocrx_word' id='word_1_592' title='bbox 2735 3129 2747 3162; x_wconf 91' lang='lat'><strong>:</strong></span> <span class='ocrx_word' id='word_1_593' title='bbox 2796 3109 3254 3163; x_wconf 84' lang='lat' dir='ltr'><strong>resurrectionem</strong></span> <span class='ocrx_word' id='word_1_594' title='bbox 3297 3109 3383 3162; x_wconf 82' lang='lat' dir='ltr'><strong>di-</strong></span> 
     </span>
    </p>
   </div>
   <div class='ocr_carea' id='block_1_76' title="bbox 1794 3200 3384 3272">
    <p class='ocr_par' dir='ltr' id='par_1_76' title="bbox 1794 3200 3384 3272">
     <span class='ocr_line' id='line_1_76' title="bbox 1794 3200 3384 3272; baseline -0.002 -15"><span class='ocrx_word' id='word_1_595' title='bbox 1794 3219 1926 3257; x_wconf 72' lang='lat' dir='ltr'><strong>cens</strong></span> <span class='ocrx_word' id='word_1_596' title='bbox 1955 3204 2248 3259; x_wconf 88' lang='lat' dir='ltr'><strong>transitum</strong></span> <span class='ocrx_word' id='word_1_597' title='bbox 2283 3217 2312 3256; x_wconf 92' lang='lat' dir='ltr'><strong>a</strong></span> <span class='ocrx_word' id='word_1_598' title='bbox 2349 3202 2620 3257; x_wconf 89' lang='lat' dir='ltr'><strong>materiali</strong></span> <span class='ocrx_word' id='word_1_599' title='bbox 2667 3201 2980 3272; x_wconf 78' lang='lat' dir='ltr'><strong>cognitione</strong></span> <span class='ocrx_word' id='word_1_600' title='bbox 3002 3200 3068 3254; x_wconf 91' lang='lat' dir='ltr'><strong>ad</strong></span> <span class='ocrx_word' id='word_1_601' title='bbox 3100 3201 3384 3254; x_wconf 87' lang='lat' dir='ltr'><strong>immorta-</strong></span> 
     </span>
    </p>
   </div>
   <div class='ocr_carea' id='block_1_77' title="bbox 1793 3293 3378 3367">
    <p class='ocr_par' dir='ltr' id='par_1_77' title="bbox 1793 3293 3378 3367">
     <span class='ocr_line' id='line_1_77' title="bbox 1793 3293 3378 3367; baseline -0.002 -18"><span class='ocrx_word' id='word_1_602' title='bbox 1793 3295 1898 3349; x_wconf 87' lang='lat' dir='ltr'><strong>lem</strong></span> <span class='ocrx_word' id='word_1_603' title='bbox 1923 3296 2443 3366; x_wconf 86' lang='lat' dir='ltr'><strong>contemplationem</strong></span> <span class='ocrx_word' id='word_1_604' title='bbox 2467 3313 2482 3361; x_wconf 88' lang='lat'><strong>;</strong></span> <span class='ocrx_word' id='word_1_605' title='bbox 2509 3294 2622 3367; x_wconf 77' lang='lat'><strong>86</strong></span> <span class='ocrx_word' id='word_1_606' title='bbox 2643 3294 2786 3348; x_wconf 85' lang='lat' dir='ltr'><strong>diem</strong></span> <span class='ocrx_word' id='word_1_607' title='bbox 2815 3304 2995 3348; x_wconf 90' lang='lat' dir='ltr'><strong>autem</strong></span> <span class='ocrx_word' id='word_1_608' title='bbox 3022 3293 3378 3348; x_wconf 86' lang='lat' dir='ltr'><strong>novissimum</strong></span> 
     </span>
    </p>
   </div>
   <div class='ocr_carea' id='block_1_78' title="bbox 1795 3388 3382 3460">
    <p class='ocr_par' dir='ltr' id='par_1_78' title="bbox 1795 3388 3382 3460">
     <span class='ocr_line' id='line_1_78' title="bbox 1795 3388 3382 3460; baseline -0.004 -17"><span class='ocrx_word' id='word_1_609' title='bbox 1795 3389 2080 3460; x_wconf 87' lang='lat' dir='ltr'><strong>appellans</strong></span> <span class='ocrx_word' id='word_1_610' title='bbox 2128 3403 2249 3443; x_wconf 88' lang='lat' dir='ltr'><strong>eam</strong></span> <span class='ocrx_word' id='word_1_611' title='bbox 2316 3388 2719 3456; x_wconf 83' lang='lat' dir='ltr'><strong>cognitionem,</strong></span> <span class='ocrx_word' id='word_1_612' title='bbox 2765 3394 2890 3457; x_wconf 90' lang='lat' dir='ltr'><strong>post</strong></span> <span class='ocrx_word' id='word_1_613' title='bbox 2932 3400 3098 3456; x_wconf 89' lang='lat' dir='ltr'><strong>quam</strong></span> <span class='ocrx_word' id='word_1_614' title='bbox 3142 3401 3251 3438; x_wconf 89' lang='lat' dir='ltr'><strong>non</strong></span> <span class='ocrx_word' id='word_1_615' title='bbox 3295 3393 3382 3438; x_wconf 89' lang='lat' dir='ltr'><strong>est</strong></span> 
     </span>
    </p>
   </div>
   <div class='ocr_carea' id='block_1_79' title="bbox 1796 3477 3378 3544">
    <p class='ocr_par' dir='ltr' id='par_1_79' title="bbox 1796 3477 3378 3544">
     <span class='ocr_line' id='line_1_79' title="bbox 1796 3477 3378 3544; baseline -0.003 -10"><span class='ocrx_word' id='word_1_616' title='bbox 1796 3481 1924 3538; x_wconf 90' lang='lat' dir='ltr'><strong>alia.</strong></span> <span class='ocrx_word' id='word_1_617' title='bbox 1957 3480 2110 3535; x_wconf 85' lang='lat' dir='ltr'><strong>Tunc</strong></span> <span class='ocrx_word' id='word_1_618' title='bbox 2142 3480 2288 3535; x_wconf 88' lang='lat' dir='ltr'><strong>enirn</strong></span> <span class='ocrx_word' id='word_1_619' title='bbox 2324 3497 2478 3536; x_wconf 89' lang='lat' dir='ltr'><strong>mens</strong></span> <span class='ocrx_word' id='word_1_620' title='bbox 2511 3489 2698 3535; x_wconf 89' lang='lat' dir='ltr'><strong>nostra</strong></span> <span class='ocrx_word' id='word_1_621' title='bbox 2724 3479 3019 3544; x_wconf 83' lang='lat' dir='ltr'><strong>excitatur,</strong></span> <span class='ocrx_word' id='word_1_622' title='bbox 3062 3484 3116 3532; x_wconf 91' lang='lat' dir='ltr'><strong>et</strong></span> <span class='ocrx_word' id='word_1_623' title='bbox 3149 3477 3216 3531; x_wconf 87' lang='lat' dir='ltr'><strong>ad</strong></span> <span class='ocrx_word' id='word_1_624' title='bbox 3246 3477 3378 3531; x_wconf 79' lang='lat' dir='ltr'><strong>bea-</strong></span> 
     </span>
    </p>
   </div>
   <div class='ocr_carea' id='block_1_80' title="bbox 1788 3569 3381 3642">
    <p class='ocr_par' dir='ltr' id='par_1_80' title="bbox 1788 3569 3381 3642">
     <span class='ocr_line' id='line_1_80' title="bbox 1788 3569 3381 3642; baseline -0.001 -17"><span class='ocrx_word' id='word_1_625' title='bbox 1788 3580 1900 3626; x_wconf 83' lang='lat' dir='ltr'><strong>tam</strong></span> <span class='ocrx_word' id='word_1_626' title='bbox 1933 3573 2329 3628; x_wconf 86' lang='lat' dir='ltr'><strong>sublimitatem</strong></span> <span class='ocrx_word' id='word_1_627' title='bbox 2374 3571 2629 3642; x_wconf 88' lang='lat' dir='ltr'><strong>erigitur.</strong></span> <span class='ocrx_word' id='word_1_628' title='bbox 2663 3587 2787 3625; x_wconf 90' lang='lat' dir='ltr'><strong>cum</strong></span> <span class='ocrx_word' id='word_1_629' title='bbox 2822 3569 2987 3624; x_wconf 79' lang='lat' dir='ltr'><strong>Verbi</strong></span> <span class='ocrx_word' id='word_1_630' title='bbox 3023 3569 3288 3625; x_wconf 86' lang='lat' dir='ltr'><strong>unitatem</strong></span> <span class='ocrx_word' id='word_1_631' title='bbox 3316 3585 3381 3624; x_wconf 87' lang='lat' dir='ltr'><strong>ac</strong></span> 
     </span>
    </p>
   </div>
   <div class='ocr_carea' id='block_1_81' title="bbox 1791 3662 3379 3736">
    <p class='ocr_par' dir='ltr' id='par_1_81' title="bbox 1791 3662 3379 3736">
     <span class='ocr_line' id='line_1_81' title="bbox 1791 3662 3379 3736; baseline -0.001 -16"><span class='ocrx_word' id='word_1_632' title='bbox 1791 3665 2026 3721; x_wconf 91' lang='lat' dir='ltr'><strong>monada</strong></span> <span class='ocrx_word' id='word_1_633' title='bbox 2082 3665 2448 3736; x_wconf 88' lang='lat' dir='ltr'><strong>contemplata</strong></span> <span class='ocrx_word' id='word_1_634' title='bbox 2507 3664 2691 3720; x_wconf 77' lang='lat' dir='ltr'><strong>fuerit.</strong></span> <span class='ocrx_word' id='word_1_635' title='bbox 2758 3662 2866 3718; x_wconf 91' lang='lat' dir='ltr'><strong>Sed</strong></span> <span class='ocrx_word' id='word_1_636' title='bbox 2915 3667 3169 3733; x_wconf 84' lang='lat' dir='ltr'><strong>quoniam</strong></span> <span class='ocrx_word' id='word_1_637' title='bbox 3223 3677 3379 3718; x_wconf 89' lang='lat' dir='ltr'><strong>mens</strong></span> 
     </span>
    </p>
   </div>
   <div class='ocr_carea' id='block_1_82' title="bbox 1791 3754 3379 3826">
    <p class='ocr_par' dir='ltr' id='par_1_82' title="bbox 1791 3754 3379 3826">
     <span class='ocr_line' id='line_1_82' title="bbox 1791 3754 3379 3826; baseline -0.003 -13"><span class='ocrx_word' id='word_1_638' title='bbox 1791 3766 1983 3813; x_wconf 84' lang='lat' dir='ltr'><strong>nostra</strong></span> <span class='ocrx_word' id='word_1_639' title='bbox 2029 3759 2274 3813; x_wconf 90' lang='lat' dir='ltr'><strong>crassior</strong></span> <span class='ocrx_word' id='word_1_640' title='bbox 2313 3757 2505 3812; x_wconf 82' lang='lat' dir='ltr'><strong>eﬁ&#39;ecta</strong></span> <span class='ocrx_word' id='word_1_641' title='bbox 2555 3765 2716 3811; x_wconf 63' lang='lat' dir='ltr'><strong>terra:</strong></span> <span class='ocrx_word' id='word_1_642' title='bbox 2765 3757 2969 3826; x_wconf 87' lang='lat' dir='ltr'><strong>illigata</strong></span> <span class='ocrx_word' id='word_1_643' title='bbox 3014 3763 3120 3820; x_wconf 89' lang='lat' dir='ltr'><strong>cst,</strong></span> <span class='ocrx_word' id='word_1_644' title='bbox 3167 3762 3222 3808; x_wconf 89' lang='lat' dir='ltr'><strong>et</strong></span> <span class='ocrx_word' id='word_1_645' title='bbox 3264 3754 3379 3808; x_wconf 90' lang='lat' dir='ltr'><strong>luto</strong></span> 
     </span>
    </p>
   </div>
   <div class='ocr_carea' id='block_1_83' title="bbox 1796 3845 3380 3917">
    <p class='ocr_par' dir='ltr' id='par_1_83' title="bbox 1796 3845 3380 3917">
     <span class='ocr_line' id='line_1_83' title="bbox 1796 3845 3380 3917; baseline -0.003 -14"><span class='ocrx_word' id='word_1_646' title='bbox 1796 3849 2154 3913; x_wconf 86' lang='lat' dir='ltr'><strong>admiscetur,</strong></span> <span class='ocrx_word' id='word_1_647' title='bbox 2206 3858 2261 3904; x_wconf 89' lang='lat' dir='ltr'><strong>et</strong></span> <span class='ocrx_word' id='word_1_648' title='bbox 2305 3848 2756 3917; x_wconf 90' lang='lat' dir='ltr'><strong>contemplationi</strong></span> <span class='ocrx_word' id='word_1_649' title='bbox 2804 3845 2963 3899; x_wconf 85' lang='lat' dir='ltr'><strong>nudae</strong></span> <span class='ocrx_word' id='word_1_650' title='bbox 3006 3847 3211 3899; x_wconf 91' lang='lat' dir='ltr'><strong>intenta</strong></span> <span class='ocrx_word' id='word_1_651' title='bbox 3255 3859 3380 3898; x_wconf 85' lang='lat' dir='ltr'><strong>esse</strong></span> 
     </span>
    </p>
   </div>
   <div class='ocr_carea' id='block_1_84' title="bbox 1796 3937 3380 4014">
    <p class='ocr_par' dir='ltr' id='par_1_84' title="bbox 1796 3937 3380 4014">
     <span class='ocr_line' id='line_1_84' title="bbox 1796 3937 3380 4014; baseline -0.006 -16"><span class='ocrx_word' id='word_1_652' title='bbox 1796 3958 1908 3998; x_wconf 91' lang='lat' dir='ltr'><strong>non</strong></span> <span class='ocrx_word' id='word_1_653' title='bbox 1939 3951 2120 4014; x_wconf 85' lang='lat' dir='ltr'><strong>potest</strong></span> <span class='ocrx_word' id='word_1_654' title='bbox 2148 3960 2162 4010; x_wconf 86' lang='lat'><strong>;</strong></span> <span class='ocrx_word' id='word_1_655' title='bbox 2196 3958 2293 4012; x_wconf 80' lang='lat' dir='ltr'><strong>per</strong></span> <span class='ocrx_word' id='word_1_656' title='bbox 2333 3950 2599 4012; x_wconf 88' lang='lat' dir='ltr'><strong>cognatas</strong></span> <span class='ocrx_word' id='word_1_657' title='bbox 2628 3939 2846 4009; x_wconf 88' lang='lat' dir='ltr'><strong>corpori</strong></span> <span class='ocrx_word' id='word_1_658' title='bbox 2876 3939 3048 4008; x_wconf 88' lang='lat' dir='ltr'><strong>ipsius</strong></span> <span class='ocrx_word' id='word_1_659' title='bbox 3081 3937 3380 4006; x_wconf 85' lang='lat' dir='ltr'><strong>pulchritu-</strong></span> 
     </span>
    </p>
   </div>
   <div class='ocr_carea' id='block_1_85' title="bbox 1797 4028 3379 4101">
    <p class='ocr_par' dir='ltr' id='par_1_85' title="bbox 1797 4028 3379 4101">
     <span class='ocr_line' id='line_1_85' title="bbox 1797 4028 3379 4101; baseline -0.004 -11"><span class='ocrx_word' id='word_1_660' title='bbox 1797 4034 1958 4091; x_wconf 90' lang='lat' dir='ltr'><strong>dines</strong></span> <span class='ocrx_word' id='word_1_661' title='bbox 1990 4050 2155 4089; x_wconf 91' lang='lat' dir='ltr'><strong>manu</strong></span> <span class='ocrx_word' id='word_1_662' title='bbox 2195 4034 2382 4098; x_wconf 90' lang='lat' dir='ltr'><strong>ducta,</strong></span> <span class='ocrx_word' id='word_1_663' title='bbox 2419 4033 2722 4088; x_wconf 89' lang='lat' dir='ltr'><strong>conditoris</strong></span> <span class='ocrx_word' id='word_1_664' title='bbox 2747 4031 3094 4101; x_wconf 88' lang='lat' dir='ltr'><strong>operationes</strong></span> <span class='ocrx_word' id='word_1_665' title='bbox 3125 4028 3379 4084; x_wconf 83' lang='lat' dir='ltr'><strong>conside-</strong></span> 
     </span>
    </p>
   </div>
   <div class='ocr_carea' id='block_1_86' title="bbox 1797 4121 3379 4196">
    <p class='ocr_par' dir='ltr' id='par_1_86' title="bbox 1797 4121 3379 4196">
     <span class='ocr_line' id='line_1_86' title="bbox 1797 4121 3379 4196; baseline -0.004 -16"><span class='ocrx_word' id='word_1_666' title='bbox 1797 4135 1906 4191; x_wconf 86' lang='lat' dir='ltr'><strong>rat,</strong></span> <span class='ocrx_word' id='word_1_667' title='bbox 1940 4141 2115 4196; x_wconf 88' lang='lat' dir='ltr'><strong>eaque</strong></span> <span class='ocrx_word' id='word_1_668' title='bbox 2149 4126 2370 4180; x_wconf 87' lang='lat' dir='ltr'><strong>interim</strong></span> <span class='ocrx_word' id='word_1_669' title='bbox 2421 4139 2489 4179; x_wconf 88' lang='lat' dir='ltr'><strong>ex</strong></span> <span class='ocrx_word' id='word_1_670' title='bbox 2537 4123 2826 4179; x_wconf 76' lang='lat' dir='ltr'><strong>eﬂectibus</strong></span> <span class='ocrx_word' id='word_1_671' title='bbox 2871 4123 3178 4192; x_wconf 78' lang='lat' dir='ltr'><strong>cognoscit,</strong></span> <span class='ocrx_word' id='word_1_672' title='bbox 3211 4129 3270 4174; x_wconf 94' lang='lat' dir='ltr'><strong>ut</strong></span> <span class='ocrx_word' id='word_1_673' title='bbox 3303 4121 3379 4174; x_wconf 90' lang='lat' dir='ltr'><strong>ita</strong></span> 
     </span>
    </p>
   </div>
   <div class='ocr_carea' id='block_1_87' title="bbox 1798 4213 3379 4290">
    <p class='ocr_par' dir='ltr' id='par_1_87' title="bbox 1798 4213 3379 4290">
     <span class='ocr_line' id='line_1_87' title="bbox 1798 4213 3379 4290; baseline -0.002 -19"><span class='ocrx_word' id='word_1_674' title='bbox 1798 4217 2066 4290; x_wconf 90' lang='lat' dir='ltr'><strong>paulatim</strong></span> <span class='ocrx_word' id='word_1_675' title='bbox 2113 4224 2298 4285; x_wconf 90' lang='lat' dir='ltr'><strong>aucta,</strong></span> <span class='ocrx_word' id='word_1_676' title='bbox 2330 4215 2547 4287; x_wconf 88' lang='lat' dir='ltr'><strong>possint</strong></span> <span class='ocrx_word' id='word_1_677' title='bbox 2587 4213 2878 4286; x_wconf 86' lang='lat' dir='ltr'><strong>aliquando</strong></span> <span class='ocrx_word' id='word_1_678' title='bbox 2903 4215 2970 4268; x_wconf 91' lang='lat' dir='ltr'><strong>ad</strong></span> <span class='ocrx_word' id='word_1_679' title='bbox 3001 4214 3173 4284; x_wconf 88' lang='lat' dir='ltr'><strong>ipsam</strong></span> <span class='ocrx_word' id='word_1_680' title='bbox 3214 4213 3379 4268; x_wconf 87' lang='lat' dir='ltr'><strong>etiam</strong></span> 
     </span>
    </p>
   </div>
   <div class='ocr_carea' id='block_1_88' title="bbox 220 4363 2233 4438">
    <p class='ocr_par' dir='ltr' id='par_1_88' title="bbox 220 4363 2233 4438">
     <span class='ocr_line' id='line_1_88' title="bbox 220 4363 2233 4438; baseline 0.004 -20"><span class='ocrx_word' id='word_1_681' title='bbox 220 4363 437 4424; x_wconf 71' lang='lat' dir='ltr'><strong>&quot;&#39;Marc.</strong></span> <span class='ocrx_word' id='word_1_682' title='bbox 464 4387 582 4436; x_wconf 86' lang='lat' dir='ltr'><strong>xm,</strong></span> <span class='ocrx_word' id='word_1_683' title='bbox 608 4371 697 4426; x_wconf 65' lang='grc' dir='ltr'>δί.</span> <span class='ocrx_word' id='word_1_684' title='bbox 775 4375 820 4405; x_wconf 81' lang='lat'><strong><em>“</em></strong></span> <span class='ocrx_word' id='word_1_685' title='bbox 857 4373 992 4428; x_wconf 91' lang='lat' dir='ltr'><strong>ibid.</strong></span> <span class='ocrx_word' id='word_1_686' title='bbox 1067 4373 1112 4404; x_wconf 78' lang='grc'>⁸³</span> <span class='ocrx_word' id='word_1_687' title='bbox 1149 4372 1168 4426; x_wconf 90' lang='grc' dir='ltr'><strong>ι</strong></span> <span class='ocrx_word' id='word_1_688' title='bbox 1205 4373 1332 4428; x_wconf 88' lang='lat' dir='ltr'><strong>Cor.</strong></span> <span class='ocrx_word' id='word_1_689' title='bbox 1384 4388 1506 4437; x_wconf 88' lang='lat' dir='ltr'><strong>xm,</strong></span> <span class='ocrx_word' id='word_1_690' title='bbox 1553 4373 1644 4429; x_wconf 76' lang='lat' dir='ltr'><strong>l2.</strong></span> <span class='ocrx_word' id='word_1_691' title='bbox 1721 4373 1767 4406; x_wconf 79' lang='lat'><strong>“</strong></span> <span class='ocrx_word' id='word_1_692' title='bbox 1801 4372 1960 4429; x_wconf 83' lang='lat' dir='ltr'><strong>Joan.</strong></span> <span class='ocrx_word' id='word_1_693' title='bbox 2013 4389 2089 4438; x_wconf 88' lang='lat' dir='ltr'><strong>vI,</strong></span> <span class='ocrx_word' id='word_1_694' title='bbox 2141 4372 2233 4428; x_wconf 68' lang='grc'>40.</span> 
     </span>
    </p>
   </div>
   <div class='ocr_carea' id='block_1_89' title="bbox 223 4475 1686 4558">
    <p class='ocr_par' dir='ltr' id='par_1_89' title="bbox 223 4475 1686 4558">
     <span class='ocr_line' id='line_1_89' title="bbox 223 4475 1686 4558; baseline 0.008 -25"><span class='ocrx_word' id='word_1_695' title='bbox 223 4475 309 4558; x_wconf 56' lang='lat' dir='ltr'><strong>(ii)</strong></span> <span class='ocrx_word' id='word_1_696' title='bbox 337 4483 857 4558; x_wconf 62' lang='lat' dir='ltr'><strong>A6r_06&#39;txatoatirn.</strong></span> <span class='ocrx_word' id='word_1_697' title='bbox 917 4483 1009 4540; x_wconf 90' lang='lat' dir='ltr'><strong>Sic</strong></span> <span class='ocrx_word' id='word_1_698' title='bbox 1048 4502 1181 4542; x_wconf 88' lang='lat' dir='ltr'><strong>mss.</strong></span> <span class='ocrx_word' id='word_1_699' title='bbox 1235 4486 1374 4542; x_wconf 82' lang='lat' dir='ltr'><strong>Male</strong></span> <span class='ocrx_word' id='word_1_700' title='bbox 1421 4485 1478 4540; x_wconf 91' lang='lat' dir='ltr'><strong>in</strong></span> <span class='ocrx_word' id='word_1_701' title='bbox 1527 4485 1686 4544; x_wconf 81' lang='lat' dir='ltr'><strong>editis</strong></span> 
     </span>
    </p>
   </div>
   <div class='ocr_carea' id='block_1_90' title="bbox 1794 4475 3378 4558">
    <p class='ocr_par' dir='ltr' id='par_1_90' title="bbox 1797 4482 3378 4558">
     <span class='ocr_line' id='line_1_90' title="bbox 1797 4482 3378 4558; baseline -0.004 -18"><span class='ocrx_word' id='word_1_702' title='bbox 1797 4488 1888 4542; x_wconf 83' lang='lat' dir='ltr'><strong>Ait</strong></span> <span class='ocrx_word' id='word_1_703' title='bbox 1915 4490 2058 4544; x_wconf 89' lang='lat' dir='ltr'><strong>enim</strong></span> <span class='ocrx_word' id='word_1_704' title='bbox 2112 4498 2247 4543; x_wconf 92' lang='lat' dir='ltr'><strong>tom.</strong></span> <span class='ocrx_word' id='word_1_705' title='bbox 2294 4487 2362 4552; x_wconf 86' lang='grc' dir='ltr'><strong>ΙΙ,</strong></span> <span class='ocrx_word' id='word_1_706' title='bbox 2414 4504 2467 4558; x_wconf 86' lang='lat' dir='ltr'><strong>p.</strong></span> <span class='ocrx_word' id='word_1_707' title='bbox 2508 4487 2633 4551; x_wconf 77' lang='lat'><strong>3‘20,</strong></span> <span class='ocrx_word' id='word_1_708' title='bbox 2667 4486 2890 4558; x_wconf 80' lang='lat' dir='ltr'><strong>angelos</strong></span> <span class='ocrx_word' id='word_1_709' title='bbox 2920 4485 2975 4558; x_wconf 88' lang='lat' dir='ltr'><strong>in</strong></span> <span class='ocrx_word' id='word_1_710' title='bbox 3004 4483 3245 4558; x_wconf 74' lang='lat' dir='ltr'><strong>divinam</strong></span> <span class='ocrx_word' id='word_1_711' title='bbox 3295 4482 3378 4536; x_wconf 57' lang='lat' dir='ltr'><strong>fa-</strong></span> 
     </span>
    </p>
   </div>
   <div class='ocr_carea' id='block_1_91' title="bbox 169 4545 764 4630">
    <p class='ocr_par' dir='ltr' id='par_1_91' title="bbox 169 4545 764 4630">
     <span class='ocr_line' id='line_1_91' title="bbox 169 4545 764 4630; baseline -0.003 0"><span class='ocrx_word' id='word_1_712' title='bbox 169 4545 764 4630; x_wconf 57' lang='grc' dir='ltr'><strong>αδῖὲξ,κεέὶ-δικαὲαβύνηε</strong></span> 
     </span>
    </p>
   </div>
   <div class='ocr_carea' id='block_1_92' title="bbox 223 4620 1688 4699">
    <p class='ocr_par' dir='ltr' id='par_1_92' title="bbox 223 4620 1688 4699">
     <span class='ocr_line' id='line_1_92' title="bbox 223 4620 1688 4699; baseline 0.007 -26"><span class='ocrx_word' id='word_1_713' title='bbox 223 4620 315 4699; x_wconf 70' lang='lat'><strong>(78)</strong></span> <span class='ocrx_word' id='word_1_714' title='bbox 343 4620 519 4680; x_wconf 78' lang='grc' dir='ltr'>οἶδεν.</span> <span class='ocrx_word' id='word_1_715' title='bbox 561 4626 654 4699; x_wconf 72' lang='lat' dir='ltr'><strong>Sic</strong></span> <span class='ocrx_word' id='word_1_716' title='bbox 698 4620 821 4680; x_wconf 73' lang='lat' dir='ltr'><strong>li&#39;bri</strong></span> <span class='ocrx_word' id='word_1_717' title='bbox 859 4635 1071 4682; x_wconf 78' lang='lat' dir='ltr'><strong>veteres</strong></span> <span class='ocrx_word' id='word_1_718' title='bbox 1103 4641 1203 4697; x_wconf 89' lang='lat' dir='ltr'><strong>pro</strong></span> <span class='ocrx_word' id='word_1_719' title='bbox 1239 4624 1400 4690; x_wconf 74' lang='grc' dir='ltr'>εἶδεν,</span> <span class='ocrx_word' id='word_1_720' title='bbox 1431 4635 1486 4682; x_wconf 91' lang='lat' dir='ltr'><strong>et</strong></span> <span class='ocrx_word' id='word_1_721' title='bbox 1522 4627 1688 4699; x_wconf 88' lang='lat' dir='ltr'><strong>paulo</strong></span> 
     </span>
    </p>
   </div>
   <div class='ocr_carea' id='block_1_93' title="bbox 171 4691 753 4770">
    <p class='ocr_par' dir='ltr' id='par_1_93' title="bbox 171 4691 753 4770">
     <span class='ocr_line' id='line_1_93' title="bbox 171 4691 753 4770; baseline -0.005 -18"><span class='ocrx_word' id='word_1_722' title='bbox 171 4691 415 4770; x_wconf 41' lang='lat' dir='ltr'><strong>Wﬁlin}</strong></span> <span class='ocrx_word' id='word_1_723' title='bbox 443 4711 545 4770; x_wconf 83' lang='lat' dir='ltr'><strong>pro</strong></span> <span class='ocrx_word' id='word_1_724' title='bbox 559 4696 753 4770; x_wconf 70' lang='grc' dir='ltr'>οἴδασι.</span> 
     </span>
    </p>
   </div>
   <div class='ocr_carea' id='block_1_94' title="bbox 191 4757 1687 4837">
    <p class='ocr_par' dir='ltr' id='par_1_94' title="bbox 191 4757 1687 4837">
     <span class='ocr_line' id='line_1_94' title="bbox 191 4757 1687 4837; baseline 0.005 -22"><span class='ocrx_word' id='word_1_725' title='bbox 191 4823 200 4834; x_wconf 86' lang='lat'><strong>_</strong></span> <span class='ocrx_word' id='word_1_726' title='bbox 226 4757 316 4828; x_wconf 77' lang='lat'><strong>(79)</strong></span> <span class='ocrx_word' id='word_1_727' title='bbox 345 4757 641 4833; x_wconf 70' lang='grc' dir='ltr'>Συγῖιιρίσει</span> <span class='ocrx_word' id='word_1_728' title='bbox 667 4766 796 4828; x_wconf 82' lang='grc' dir='ltr'>τοῦ.</span> <span class='ocrx_word' id='word_1_729' title='bbox 824 4774 930 4821; x_wconf 91' lang='lat' dir='ltr'><strong>etc.</strong></span> <span class='ocrx_word' id='word_1_730' title='bbox 958 4765 1094 4820; x_wconf 87' lang='lat' dir='ltr'><strong>Tota</strong></span> <span class='ocrx_word' id='word_1_731' title='bbox 1123 4767 1238 4820; x_wconf 74' lang='lat' dir='ltr'><strong>haec</strong></span> <span class='ocrx_word' id='word_1_732' title='bbox 1265 4767 1572 4837; x_wconf 89' lang='lat' dir='ltr'><strong>explicandi</strong></span> <span class='ocrx_word' id='word_1_733' title='bbox 1605 4784 1687 4822; x_wconf 84' lang='lat' dir='ltr'><strong>ra-</strong></span> 
     </span>
    </p>
   </div>
   <div class='ocr_carea' id='block_1_95' title="bbox 171 4831 1684 4910">
    <p class='ocr_par' dir='ltr' id='par_1_95' title="bbox 171 4831 1684 4910">
     <span class='ocr_line' id='line_1_95' title="bbox 171 4831 1684 4910; baseline 0.004 -23"><span class='ocrx_word' id='word_1_734' title='bbox 171 4831 233 4910; x_wconf 63' lang='grc' dir='ltr'><strong>ξξο</strong></span> <span class='ocrx_word' id='word_1_735' title='bbox 260 4831 465 4910; x_wconf 56' lang='lat' dir='ltr'><strong>Itqnsua</strong></span> <span class='ocrx_word' id='word_1_736' title='bbox 488 4831 977 4910; x_wconf 73' lang='lat' dir='ltr'><strong>spontededucta,</strong></span> <span class='ocrx_word' id='word_1_737' title='bbox 1013 4838 1106 4893; x_wconf 89' lang='lat' dir='ltr'><strong>sed</strong></span> <span class='ocrx_word' id='word_1_738' title='bbox 1138 4837 1191 4890; x_wconf 87' lang='lat' dir='ltr'><strong>vi</strong></span> <span class='ocrx_word' id='word_1_739' title='bbox 1221 4831 1502 4910; x_wconf 67' lang='lat' dir='ltr'><strong>perfracta</strong></span> <span class='ocrx_word' id='word_1_740' title='bbox 1536 4840 1684 4910; x_wconf 12' lang='lat' dir='ltr'><strong>imul-</strong></span> 
     </span>
    </p>
   </div>
   <div class='ocr_carea' id='block_1_96' title="bbox 173 4899 1681 4976">
    <p class='ocr_par' dir='ltr' id='par_1_96' title="bbox 173 4899 1681 4976">
     <span class='ocr_line' id='line_1_96' title="bbox 173 4899 1681 4976; baseline 0.013 -31"><span class='ocrx_word' id='word_1_741' title='bbox 173 4899 230 4947; x_wconf 86' lang='lat' dir='ltr'><strong>tis</strong></span> <span class='ocrx_word' id='word_1_742' title='bbox 252 4899 503 4976; x_wconf 77' lang='lat' dir='ltr'><strong>videbitur.</strong></span> <span class='ocrx_word' id='word_1_743' title='bbox 528 4899 639 4961; x_wconf 77' lang='lat' dir='ltr'><strong>Sed</strong></span> <span class='ocrx_word' id='word_1_744' title='bbox 672 4907 803 4962; x_wconf 90' lang='lat' dir='ltr'><strong>illud</strong></span> <span class='ocrx_word' id='word_1_745' title='bbox 853 4909 919 4960; x_wconf 91' lang='lat' dir='ltr'><strong>ad</strong></span> <span class='ocrx_word' id='word_1_746' title='bbox 955 4899 1330 4962; x_wconf 80' lang='lat' dir='ltr'><strong>excusandum</strong></span> <span class='ocrx_word' id='word_1_747' title='bbox 1385 4907 1681 4976; x_wconf 81' lang='lat' dir='ltr'><strong>diﬁicilius,</strong></span> 
     </span>
    </p>
   </div>
   <div class='ocr_carea' id='block_1_97' title="bbox 176 4969 1684 5051">
    <p class='ocr_par' dir='ltr' id='par_1_97' title="bbox 176 4969 1684 5051">
     <span class='ocr_line' id='line_1_97' title="bbox 176 4969 1684 5051; baseline 0.01 -31"><span class='ocrx_word' id='word_1_748' title='bbox 176 4969 288 5051; x_wconf 72' lang='lat' dir='ltr'><strong>quod</strong></span> <span class='ocrx_word' id='word_1_749' title='bbox 329 4973 396 5051; x_wconf 79' lang='lat' dir='ltr'><strong>ait</strong></span> <span class='ocrx_word' id='word_1_750' title='bbox 443 4975 670 5032; x_wconf 84' lang='lat' dir='ltr'><strong>Basilius</strong></span> <span class='ocrx_word' id='word_1_751' title='bbox 720 4977 1036 5051; x_wconf 81' lang='lat' dir='ltr'><strong>angelorum</strong></span> <span class='ocrx_word' id='word_1_752' title='bbox 1094 4978 1376 5051; x_wconf 80' lang='lat' dir='ltr'><strong>scientiam</strong></span> <span class='ocrx_word' id='word_1_753' title='bbox 1414 4969 1684 5051; x_wconf 74' lang='lat' dir='ltr'><strong>crassam</strong></span> 
     </span>
    </p>
   </div>
   <div class='ocr_carea' id='block_1_98' title="bbox 175 5044 1683 5117">
    <p class='ocr_par' dir='ltr' id='par_1_98' title="bbox 175 5044 1683 5117">
     <span class='ocr_line' id='line_1_98' title="bbox 175 5044 1683 5117; baseline 0.003 -19"><span class='ocrx_word' id='word_1_754' title='bbox 175 5049 287 5112; x_wconf 53' lang='lat'><strong>9856.</strong></span> <span class='ocrx_word' id='word_1_755' title='bbox 327 5044 376 5117; x_wconf 68' lang='lat' dir='ltr'><strong>si</strong></span> <span class='ocrx_word' id='word_1_756' title='bbox 397 5057 729 5117; x_wconf 79' lang='lat' dir='ltr'><strong>comparetur</strong></span> <span class='ocrx_word' id='word_1_757' title='bbox 774 5044 897 5102; x_wconf 60' lang='lat' dir='ltr'><strong>&#39;c&#39;um</strong></span> <span class='ocrx_word' id='word_1_758' title='bbox 947 5063 1011 5101; x_wconf 93' lang='lat' dir='ltr'><strong>ea</strong></span> <span class='ocrx_word' id='word_1_759' title='bbox 1049 5063 1170 5117; x_wconf 74' lang='lat' dir='ltr'><strong>qure</strong></span> <span class='ocrx_word' id='word_1_760' title='bbox 1198 5055 1282 5102; x_wconf 86' lang='lat' dir='ltr'><strong>est</strong></span> <span class='ocrx_word' id='word_1_761' title='bbox 1323 5048 1460 5102; x_wconf 82' lang='lat' dir='ltr'><strong>facie</strong></span> <span class='ocrx_word' id='word_1_762' title='bbox 1500 5048 1565 5102; x_wconf 92' lang='lat' dir='ltr'><strong>ad</strong></span> <span class='ocrx_word' id='word_1_763' title='bbox 1601 5049 1683 5102; x_wconf 80' lang='lat' dir='ltr'><strong>fa-</strong></span> 
     </span>
    </p>
   </div>
   <div class='ocr_carea' id='block_1_99' title="bbox 178 5109 1682 5189">
    <p class='ocr_par' dir='ltr' id='par_1_99' title="bbox 178 5109 1682 5189">
     <span class='ocr_line' id='line_1_99' title="bbox 178 5109 1682 5189; baseline 0.011 -32"><span class='ocrx_word' id='word_1_764' title='bbox 178 5109 304 5189; x_wconf 68' lang='lat' dir='ltr'><strong>ciem.</strong></span> <span class='ocrx_word' id='word_1_765' title='bbox 327 5109 528 5189; x_wconf 69' lang='lat' dir='ltr'><strong>Videtur</strong></span> <span class='ocrx_word' id='word_1_766' title='bbox 568 5118 786 5173; x_wconf 86' lang='lat' dir='ltr'><strong>subtilis</strong></span> <span class='ocrx_word' id='word_1_767' title='bbox 831 5109 1144 5186; x_wconf 80' lang='lat' dir='ltr'><strong>explicatio,</strong></span> <span class='ocrx_word' id='word_1_768' title='bbox 1174 5133 1338 5188; x_wconf 88' lang='lat' dir='ltr'><strong>quam</strong></span> <span class='ocrx_word' id='word_1_769' title='bbox 1370 5117 1458 5171; x_wconf 90' lang='lat' dir='ltr'><strong>hic</strong></span> <span class='ocrx_word' id='word_1_770' title='bbox 1496 5120 1682 5189; x_wconf 86' lang='lat' dir='ltr'><strong>sequi-</strong></span> 
     </span>
    </p>
   </div>
   <div class='ocr_carea' id='block_1_100' title="bbox 163 5181 1684 5259">
    <p class='ocr_par' dir='ltr' id='par_1_100' title="bbox 163 5181 1684 5259">
     <span class='ocr_line' id='line_1_100' title="bbox 163 5181 1684 5259; baseline 0.008 -27"><span class='ocrx_word' id='word_1_771' title='bbox 163 5181 264 5259; x_wconf 42' lang='lat' dir='ltr'><strong>tur,</strong></span> <span class='ocrx_word' id='word_1_772' title='bbox 285 5187 636 5259; x_wconf 71' lang='lat' dir='ltr'><strong>necessitatem</strong></span> <span class='ocrx_word' id='word_1_773' title='bbox 665 5189 714 5242; x_wconf 88' lang='lat' dir='ltr'><strong>ei</strong></span> <span class='ocrx_word' id='word_1_774' title='bbox 742 5181 1071 5258; x_wconf 82' lang='lat' dir='ltr'><strong>imposuisse</strong></span> <span class='ocrx_word' id='word_1_775' title='bbox 1112 5181 1289 5242; x_wconf 48' lang='lat' dir='ltr'><strong>ita-de</strong></span> <span class='ocrx_word' id='word_1_776' title='bbox 1319 5189 1528 5256; x_wconf 78' lang='lat' dir='ltr'><strong>angelis</strong></span> <span class='ocrx_word' id='word_1_777' title='bbox 1555 5181 1684 5244; x_wconf 58' lang='lat' dir='ltr'><strong>s&#39;en-</strong></span> 
     </span>
    </p>
   </div>
   <div class='ocr_carea' id='block_1_101' title="bbox 165 5250 1686 5314">
    <p class='ocr_par' dir='ltr' id='par_1_101' title="bbox 165 5250 1686 5314">
     <span class='ocr_line' id='line_1_101' title="bbox 165 5250 1686 5314; baseline 0.014 -22"><span class='ocrx_word' id='word_1_778' title='bbox 165 5250 330 5314; x_wconf 53' lang='lat' dir='ltr'><strong>,nendi.</strong></span> <span class='ocrx_word' id='word_1_779' title='bbox 363 5252 482 5308; x_wconf 83' lang='lat' dir='ltr'><strong>Nam</strong></span> <span class='ocrx_word' id='word_1_780' title='bbox 508 5274 628 5312; x_wconf 92' lang='lat' dir='ltr'><strong>cum</strong></span> <span class='ocrx_word' id='word_1_781' title='bbox 663 5259 806 5314; x_wconf 92' lang='lat' dir='ltr'><strong>diem</strong></span> <span class='ocrx_word' id='word_1_782' title='bbox 821 5250 892 5313; x_wconf 71' lang='grc' dir='ltr'><strong>ἰιι</strong></span> <span class='ocrx_word' id='word_1_783' title='bbox 920 5260 1107 5312; x_wconf 88' lang='lat' dir='ltr'><strong>horam</strong></span> <span class='ocrx_word' id='word_1_784' title='bbox 1155 5259 1297 5312; x_wconf 89' lang='lat' dir='ltr'><strong>idem</strong></span> <span class='ocrx_word' id='word_1_785' title='bbox 1324 5250 1444 5312; x_wconf 72' lang='lat' dir='ltr'><strong>esse</strong></span> <span class='ocrx_word' id='word_1_786' title='bbox 1481 5268 1686 5314; x_wconf 88' lang='lat' dir='ltr'><strong>statue-</strong></span> 
     </span>
    </p>
   </div>
   <div class='ocr_carea' id='block_1_102' title="bbox 166 5309 1682 5397">
    <p class='ocr_par' dir='ltr' id='par_1_102' title="bbox 166 5309 1682 5397">
     <span class='ocr_line' id='line_1_102' title="bbox 166 5309 1682 5397; baseline 0.01 -28"><span class='ocrx_word' id='word_1_787' title='bbox 166 5309 262 5397; x_wconf 64' lang='grc' dir='ltr'>ιεεει,</span> <span class='ocrx_word' id='word_1_788' title='bbox 289 5335 344 5374; x_wconf 88' lang='lat' dir='ltr'><strong>ac</strong></span> <span class='ocrx_word' id='word_1_789' title='bbox 380 5309 1105 5382; x_wconf 48' lang='lat' dir='ltr'><strong>emiss}.&quot;aestimans;</strong></span> <span class='ocrx_word' id='word_1_790' title='bbox 1128 5309 1310 5393; x_wconf 48' lang='lat' dir='ltr'><strong>{una</strong></span> <span class='ocrx_word' id='word_1_791' title='bbox 1334 5309 1682 5397; x_wconf 45' lang='lat' dir='ltr'><strong>&quot;stagna,</strong></span> 
     </span>
    </p>
   </div>
   <div class='ocr_carea' id='block_1_103' title="bbox 167 5381 1680 5467">
    <p class='ocr_par' dir='ltr' id='par_1_103' title="bbox 167 5381 1680 5467">
     <span class='ocr_line' id='line_1_103' title="bbox 167 5381 1680 5467; baseline 0.009 -28"><span class='ocrx_word' id='word_1_792' title='bbox 167 5381 260 5467; x_wconf 70' lang='grc' dir='ltr'>ξδεά</span> <span class='ocrx_word' id='word_1_793' title='bbox 279 5405 414 5467; x_wconf 57' lang='lat' dir='ltr'><strong>neque</strong></span> <span class='ocrx_word' id='word_1_794' title='bbox 439 5400 598 5467; x_wconf 78' lang='lat' dir='ltr'><strong>angeli</strong></span> <span class='ocrx_word' id='word_1_795' title='bbox 612 5381 1071 5467; x_wconf 12' lang='lat' dir='ltr'><strong>seiungicogebat</strong></span> <span class='ocrx_word' id='word_1_796' title='bbox 1089 5381 1196 5451; x_wconf 73' lang='lat' dir='ltr'><strong>illis</strong></span> <span class='ocrx_word' id='word_1_797' title='bbox 1214 5381 1680 5464; x_wconf 59' lang='lat' dir='ltr'><strong>visinncm&#39;illam,</strong></span> 
     </span>
    </p>
   </div>
   <div class='ocr_carea' id='block_1_104' title="bbox 166 5460 1684 5538">
    <p class='ocr_par' dir='ltr' id='par_1_104' title="bbox 166 5460 1684 5538">
     <span class='ocr_line' id='line_1_104' title="bbox 166 5460 1684 5538; baseline 0.009 -27"><span class='ocrx_word' id='word_1_798' title='bbox 166 5460 275 5538; x_wconf 51' lang='lat' dir='ltr'><strong>igua!</strong></span> <span class='ocrx_word' id='word_1_799' title='bbox 302 5460 348 5513; x_wconf 87' lang='lat' dir='ltr'><strong>ﬁt</strong></span> <span class='ocrx_word' id='word_1_800' title='bbox 389 5460 523 5521; x_wconf 71' lang='lat' dir='ltr'><strong>facie</strong></span> <span class='ocrx_word' id='word_1_801' title='bbox 544 5469 608 5522; x_wconf 87' lang='lat' dir='ltr'><strong>ad</strong></span> <span class='ocrx_word' id='word_1_802' title='bbox 638 5460 855 5531; x_wconf 80' lang='lat' dir='ltr'><strong>faciem,</strong></span> <span class='ocrx_word' id='word_1_803' title='bbox 903 5460 1211 5538; x_wconf 83' lang='lat' dir='ltr'><strong>denegare;</strong></span> <span class='ocrx_word' id='word_1_804' title='bbox 1266 5471 1393 5538; x_wconf 92' lang='lat' dir='ltr'><strong>quia</strong></span> <span class='ocrx_word' id='word_1_805' title='bbox 1440 5468 1582 5523; x_wconf 90' lang='lat' dir='ltr'><strong>idem</strong></span> <span class='ocrx_word' id='word_1_806' title='bbox 1615 5460 1684 5525; x_wconf 84' lang='lat' dir='ltr'><strong>de</strong></span> 
     </span>
    </p>
   </div>
   <div class='ocr_carea' id='block_1_105' title="bbox 188 5527 1681 5610">
    <p class='ocr_par' dir='ltr' id='par_1_105' title="bbox 188 5527 1681 5610">
     <span class='ocr_line' id='line_1_105' title="bbox 188 5527 1681 5610; baseline 0.005 -27"><span class='ocrx_word' id='word_1_807' title='bbox 188 5527 270 5610; x_wconf 57' lang='lat' dir='ltr'><strong>illis</strong></span> <span class='ocrx_word' id='word_1_808' title='bbox 304 5545 393 5610; x_wconf 73' lang='lat' dir='ltr'><strong>non</strong></span> <span class='ocrx_word' id='word_1_809' title='bbox 423 5545 620 5610; x_wconf 85' lang='lat' dir='ltr'><strong>poterat</strong></span> <span class='ocrx_word' id='word_1_810' title='bbox 677 5539 784 5593; x_wconf 89' lang='lat' dir='ltr'><strong>dici</strong></span> <span class='ocrx_word' id='word_1_811' title='bbox 827 5527 891 5593; x_wconf 84' lang='lat' dir='ltr'><strong>ac</strong></span> <span class='ocrx_word' id='word_1_812' title='bbox 917 5540 985 5593; x_wconf 88' lang='lat' dir='ltr'><strong>de</strong></span> <span class='ocrx_word' id='word_1_813' title='bbox 1018 5527 1326 5602; x_wconf 42' lang='lat' dir='ltr'><strong>F‘ilio,&#39;eos</strong></span> <span class='ocrx_word' id='word_1_814' title='bbox 1356 5540 1422 5591; x_wconf 89' lang='lat' dir='ltr'><strong>de</strong></span> <span class='ocrx_word' id='word_1_815' title='bbox 1483 5539 1681 5610; x_wconf 50' lang='lat' dir='ltr'><strong>seipsis</strong></span> 
     </span>
    </p>
   </div>
   <div class='ocr_carea' id='block_1_106' title="bbox 189 5604 1678 5679">
    <p class='ocr_par' dir='ltr' id='par_1_106' title="bbox 189 5604 1678 5679">
     <span class='ocr_line' id='line_1_106' title="bbox 189 5604 1678 5679; baseline 0.009 -28"><span class='ocrx_word' id='word_1_816' title='bbox 189 5607 296 5679; x_wconf 57' lang='grc' dir='ltr'>ξςιξε</span> <span class='ocrx_word' id='word_1_817' title='bbox 323 5604 536 5679; x_wconf 80' lang='lat' dir='ltr'><strong>idquod</strong></span> <span class='ocrx_word' id='word_1_818' title='bbox 567 5617 716 5674; x_wconf 91' lang='lat' dir='ltr'><strong>sunt,</strong></span> <span class='ocrx_word' id='word_1_819' title='bbox 761 5611 972 5665; x_wconf 90' lang='lat' dir='ltr'><strong>nescire</strong></span> <span class='ocrx_word' id='word_1_820' title='bbox 1003 5610 1148 5679; x_wconf 88' lang='lat' dir='ltr'><strong>quod</strong></span> <span class='ocrx_word' id='word_1_821' title='bbox 1186 5624 1294 5662; x_wconf 91' lang='lat' dir='ltr'><strong>non</strong></span> <span class='ocrx_word' id='word_1_822' title='bbox 1342 5619 1489 5664; x_wconf 92' lang='lat' dir='ltr'><strong>sunt.</strong></span> <span class='ocrx_word' id='word_1_823' title='bbox 1522 5604 1678 5675; x_wconf 78' lang='lat' dir='ltr'><strong>Quod</strong></span> 
     </span>
    </p>
   </div>
   <div class='ocr_carea' id='block_1_107' title="bbox 191 5666 1678 5750">
    <p class='ocr_par' dir='ltr' id='par_1_107' title="bbox 191 5666 1678 5750">
     <span class='ocr_line' id='line_1_107' title="bbox 191 5666 1678 5750; baseline 0.005 -23"><span class='ocrx_word' id='word_1_824' title='bbox 191 5666 362 5750; x_wconf 13' lang='grc' dir='ltr'>ξὶιγδιᾎξιο</span> <span class='ocrx_word' id='word_1_825' title='bbox 379 5666 543 5750; x_wconf 76' lang='lat' dir='ltr'><strong>hausit</strong></span> <span class='ocrx_word' id='word_1_826' title='bbox 570 5666 881 5749; x_wconf 82' lang='lat' dir='ltr'><strong>opinionem</strong></span> <span class='ocrx_word' id='word_1_827' title='bbox 909 5697 973 5736; x_wconf 88' lang='lat' dir='ltr'><strong>ex</strong></span> <span class='ocrx_word' id='word_1_828' title='bbox 1004 5666 1253 5750; x_wconf 78' lang='lat' dir='ltr'><strong>Origenis</strong></span> <span class='ocrx_word' id='word_1_829' title='bbox 1285 5666 1678 5750; x_wconf 44' lang='lat' dir='ltr'><strong>l‘ontibusrqui</strong></span> 
     </span>
    </p>
   </div>
   <div class='ocr_carea' id='block_1_108' title="bbox 195 5734 1654 5821">
    <p class='ocr_par' dir='ltr' id='par_1_108' title="bbox 195 5734 1654 5821">
     <span class='ocr_line' id='line_1_108' title="bbox 195 5734 1654 5821; baseline 0.003 -20"><span class='ocrx_word' id='word_1_830' title='bbox 195 5734 386 5800; x_wconf 79' lang='lat' dir='ltr'><strong>Pluribus</strong></span> <span class='ocrx_word' id='word_1_831' title='bbox 426 5749 546 5806; x_wconf 82' lang='lat' dir='ltr'><strong>locis</strong></span> <span class='ocrx_word' id='word_1_832' title='bbox 591 5734 709 5806; x_wconf 74' lang='lat' dir='ltr'><strong>eam</strong></span> <span class='ocrx_word' id='word_1_833' title='bbox 737 5734 1037 5819; x_wconf 49' lang='lat' dir='ltr'><strong>insinuat;</strong></span> <span class='ocrx_word' id='word_1_834' title='bbox 1066 5734 1210 5808; x_wconf 44' lang='lat' dir='ltr'><strong>certe</strong></span> <span class='ocrx_word' id='word_1_835' title='bbox 1260 5750 1369 5804; x_wconf 90' lang='lat' dir='ltr'><strong>cito</strong></span> <span class='ocrx_word' id='word_1_836' title='bbox 1401 5734 1654 5821; x_wconf 65' lang='lat' dir='ltr'><strong>deposuit</strong></span> 
     </span>
    </p>
   </div>
   <div class='ocr_carea' id='block_1_109' title="bbox 1795 4555 3378 4614">
    <p class='ocr_par' dir='ltr' id='par_1_109' title="bbox 1795 4555 3378 4614">
     <span class='ocr_line' id='line_1_109' title="bbox 1795 4555 3378 4614; baseline -0.005 -1"><span class='ocrx_word' id='word_1_837' title='bbox 1795 4562 1936 4613; x_wconf 88' lang='lat' dir='ltr'><strong>ciem</strong></span> <span class='ocrx_word' id='word_1_838' title='bbox 1970 4564 2316 4614; x_wconf 83' lang='lat' dir='ltr'><strong>continenter</strong></span> <span class='ocrx_word' id='word_1_839' title='bbox 2347 4555 2586 4614; x_wconf 78' lang='lat' dir='ltr'><strong>intentos</strong></span> <span class='ocrx_word' id='word_1_840' title='bbox 2623 4555 2814 4612; x_wconf 81' lang='lat' dir='ltr'><strong>oculos</strong></span> <span class='ocrx_word' id='word_1_841' title='bbox 2852 4557 3068 4611; x_wconf 86' lang='lat' dir='ltr'><strong>habere.</strong></span> <span class='ocrx_word' id='word_1_842' title='bbox 3109 4555 3249 4606; x_wconf 86' lang='lat' dir='ltr'><strong>Idem</strong></span> <span class='ocrx_word' id='word_1_843' title='bbox 3281 4569 3378 4605; x_wconf 73' lang='grc' dir='ltr'>..ο-</span> 
     </span>
    </p>
   </div>
   <div class='ocr_carea' id='block_1_110' title="bbox 1795 4622 3378 4697">
    <p class='ocr_par' dir='ltr' id='par_1_110' title="bbox 1795 4622 3378 4697">
     <span class='ocr_line' id='line_1_110' title="bbox 1795 4622 3378 4697; baseline -0.004 -14"><span class='ocrx_word' id='word_1_844' title='bbox 1795 4639 1877 4684; x_wconf 84' lang='lat' dir='ltr'><strong>cet</strong></span> <span class='ocrx_word' id='word_1_845' title='bbox 1916 4631 1967 4684; x_wconf 94' lang='lat' dir='ltr'><strong>in</strong></span> <span class='ocrx_word' id='word_1_846' title='bbox 2012 4630 2420 4684; x_wconf 81' lang='lat' dir='ltr'><strong>Commentario</strong></span> <span class='ocrx_word' id='word_1_847' title='bbox 2463 4632 2516 4682; x_wconf 83' lang='lat' dir='ltr'><strong>in</strong></span> <span class='ocrx_word' id='word_1_848' title='bbox 2561 4629 2764 4682; x_wconf 77' lang='lat' dir='ltr'><strong>Isaiam</strong></span> <span class='ocrx_word' id='word_1_849' title='bbox 2809 4645 2860 4697; x_wconf 90' lang='lat' dir='ltr'><strong>p.</strong></span> <span class='ocrx_word' id='word_1_850' title='bbox 2895 4627 3020 4691; x_wconf 75' lang='grc'><strong>515,</strong></span> <span class='ocrx_word' id='word_1_851' title='bbox 3055 4642 3110 4678; x_wconf 92' lang='lat' dir='ltr'><strong>n.</strong></span> <span class='ocrx_word' id='word_1_852' title='bbox 3162 4622 3284 4684; x_wconf 74' lang='grc'><strong>185,</strong></span> <span class='ocrx_word' id='word_1_853' title='bbox 3321 4630 3378 4676; x_wconf 81' lang='lat' dir='ltr'><strong>et</strong></span> 
     </span>
    </p>
   </div>
   <div class='ocr_carea' id='block_1_111' title="bbox 1795 4698 2874 4769">
    <p class='ocr_par' dir='ltr' id='par_1_111' title="bbox 1795 4698 2874 4769">
     <span class='ocr_line' id='line_1_111' title="bbox 1795 4698 2874 4769; baseline -0.004 -15"><span class='ocrx_word' id='word_1_854' title='bbox 1795 4701 1850 4754; x_wconf 91' lang='lat' dir='ltr'><strong>in</strong></span> <span class='ocrx_word' id='word_1_855' title='bbox 1885 4700 2022 4754; x_wconf 91' lang='lat' dir='ltr'><strong>libro</strong></span> <span class='ocrx_word' id='word_1_856' title='bbox 2057 4701 2133 4753; x_wconf 87' lang='lat' dir='ltr'><strong>De</strong></span> <span class='ocrx_word' id='word_1_857' title='bbox 2159 4701 2360 4768; x_wconf 78' lang='lat' dir='ltr'><strong>Spiritu</strong></span> <span class='ocrx_word' id='word_1_858' title='bbox 2395 4711 2601 4760; x_wconf 81' lang='lat' dir='ltr'><strong>sancto,</strong></span> <span class='ocrx_word' id='word_1_859' title='bbox 2639 4715 2758 4769; x_wconf 88' lang='lat' dir='ltr'><strong>cap.</strong></span> <span class='ocrx_word' id='word_1_860' title='bbox 2790 4698 2874 4752; x_wconf 78' lang='grc'>16.</span> 
     </span>
    </p>
   </div>
   <div class='ocr_carea' id='block_1_112' title="bbox 1868 4768 3369 4840">
    <p class='ocr_par' dir='ltr' id='par_1_112' title="bbox 1868 4768 3369 4840">
     <span class='ocr_line' id='line_1_112' title="bbox 1868 4768 3369 4840; baseline -0.005 -16"><span class='ocrx_word' id='word_1_861' title='bbox 1868 4771 1981 4840; x_wconf 90' lang='grc'>(80)</span> <span class='ocrx_word' id='word_1_862' title='bbox 2013 4771 2373 4826; x_wconf 74' lang='grc' dir='ltr'>Μετάὸασιν.</span> <span class='ocrx_word' id='word_1_863' title='bbox 2419 4769 2569 4824; x_wconf 84' lang='lat' dir='ltr'><strong>Hanc,</strong></span> <span class='ocrx_word' id='word_1_864' title='bbox 2603 4768 2786 4823; x_wconf 77' lang='lat' dir='ltr'><strong>vocem</strong></span> <span class='ocrx_word' id='word_1_865' title='bbox 2845 4768 3098 4840; x_wconf 80' lang='lat' dir='ltr'><strong>addimus</strong></span> <span class='ocrx_word' id='word_1_866' title='bbox 3124 4780 3187 4840; x_wconf 70' lang='lat' dir='ltr'><strong>ex</strong></span> <span class='ocrx_word' id='word_1_867' title='bbox 3237 4779 3369 4840; x_wconf 83' lang='lat' dir='ltr'><strong>mss.</strong></span> 
     </span>
    </p>
   </div>
   <div class='ocr_carea' id='block_1_113' title="bbox 1796 4833 3376 4914">
    <p class='ocr_par' dir='ltr' id='par_1_113' title="bbox 1796 4833 3376 4914">
     <span class='ocr_line' id='line_1_113' title="bbox 1796 4833 3376 4914; baseline -0.003 -22"><span class='ocrx_word' id='word_1_868' title='bbox 1796 4833 1882 4914; x_wconf 66' lang='lat' dir='ltr'><strong>Ex</strong></span> <span class='ocrx_word' id='word_1_869' title='bbox 1907 4833 2100 4896; x_wconf 75' lang='lat' dir='ltr'><strong>iisdem</strong></span> <span class='ocrx_word' id='word_1_870' title='bbox 2143 4843 2379 4913; x_wconf 78' lang='lat' dir='ltr'><strong>legimus</strong></span> <span class='ocrx_word' id='word_1_871' title='bbox 2411 4841 2625 4914; x_wconf 73' lang='grc' dir='ltr'>ἡμέραν</span> <span class='ocrx_word' id='word_1_872' title='bbox 2659 4840 2714 4894; x_wconf 85' lang='grc' dir='ltr'>δὲ</span> <span class='ocrx_word' id='word_1_873' title='bbox 2755 4842 2853 4910; x_wconf 75' lang='grc' dir='ltr'>τήν</span> <span class='ocrx_word' id='word_1_874' title='bbox 2888 4853 2987 4906; x_wconf 87' lang='lat' dir='ltr'><strong>pro</strong></span> <span class='ocrx_word' id='word_1_875' title='bbox 3025 4836 3122 4906; x_wconf 81' lang='grc' dir='ltr'>τὴν</span> <span class='ocrx_word' id='word_1_876' title='bbox 3159 4833 3376 4904; x_wconf 80' lang='grc' dir='ltr'>ἡμέραν</span> 
     </span>
    </p>
   </div>
   <div class='ocr_carea' id='block_1_114' title="bbox 1791 4926 1912 4963">
    <p class='ocr_par' dir='ltr' id='par_1_114' title="bbox 1791 4926 1912 4963">
     <span class='ocr_line' id='line_1_114' title="bbox 1791 4926 1912 4963; baseline 0.008 -1"><span class='ocrx_word' id='word_1_877' title='bbox 1791 4926 1912 4963; x_wconf 81' lang='grc' dir='ltr'>την.</span> 
     </span>
    </p>
   </div>
   <div class='ocr_carea' id='block_1_115' title="bbox 1825 4911 3377 5053">
    <p class='ocr_par' dir='ltr' id='par_1_115' title="bbox 1825 4911 3377 5053">
     <span class='ocr_line' id='line_1_115' title="bbox 1825 4911 3377 5053; baseline -0.008 -13"><span class='ocrx_word' id='word_1_878' title='bbox 1825 4911 1977 5053; x_wconf 61' lang='grc' dir='ltr'><strong>ήῖέι)</strong></span> <span class='ocrx_word' id='word_1_879' title='bbox 2023 4983 2299 5051; x_wconf 61' lang='grc' dir='ltr'>Κόσμον.</span> <span class='ocrx_word' id='word_1_880' title='bbox 2345 4982 2438 5035; x_wconf 84' lang='lat' dir='ltr'><strong>Ait</strong></span> <span class='ocrx_word' id='word_1_881' title='bbox 2484 4979 2848 5036; x_wconf 87' lang='lat' dir='ltr'><strong>Combeﬁsius</strong></span> <span class='ocrx_word' id='word_1_882' title='bbox 2883 4996 2896 5031; x_wconf 93' lang='lat'>:</span> <span class='ocrx_word' id='word_1_883' title='bbox 2934 4975 3084 5053; x_wconf 78' lang='lat' dir='ltr'><strong>Dura</strong></span> <span class='ocrx_word' id='word_1_884' title='bbox 3128 4973 3258 5053; x_wconf 69' lang='lat' dir='ltr'><strong>mihi</strong></span> <span class='ocrx_word' id='word_1_885' title='bbox 3290 4973 3377 5027; x_wconf 85' lang='lat' dir='ltr'><strong>hic</strong></span> 
     </span>
    </p>
   </div>
   <div class='ocr_carea' id='block_1_116' title="bbox 1793 5044 3371 5124">
    <p class='ocr_par' dir='ltr' id='par_1_116' title="bbox 1793 5044 3371 5124">
     <span class='ocr_line' id='line_1_116' title="bbox 1793 5044 3371 5124; baseline -0.004 -20"><span class='ocrx_word' id='word_1_886' title='bbox 1793 5044 1897 5124; x_wconf 42' lang='lat' dir='ltr'><strong>nos</strong></span> <span class='ocrx_word' id='word_1_887' title='bbox 1919 5044 2032 5124; x_wconf 49' lang='grc' dir='ltr'><strong>ς’δίι</strong></span> <span class='ocrx_word' id='word_1_888' title='bbox 2056 5044 2475 5122; x_wconf 67' lang='grc' dir='ltr'>ρτὸστοιχείων,</span> <span class='ocrx_word' id='word_1_889' title='bbox 2504 5067 2596 5124; x_wconf 77' lang='lat' dir='ltr'><strong>per</strong></span> <span class='ocrx_word' id='word_1_890' title='bbox 2614 5059 2837 5124; x_wconf 81' lang='lat' dir='ltr'><strong>cognata</strong></span> <span class='ocrx_word' id='word_1_891' title='bbox 2867 5047 3076 5124; x_wconf 63' lang='lat' dir='ltr'><strong>corpori</strong></span> <span class='ocrx_word' id='word_1_892' title='bbox 3096 5044 3371 5124; x_wconf 74' lang='lat' dir='ltr'><strong>elementa.</strong></span> 
     </span>
    </p>
   </div>
   <div class='ocr_carea' id='block_1_117' title="bbox 1796 5117 3372 5193">
    <p class='ocr_par' dir='ltr' id='par_1_117' title="bbox 1796 5117 3372 5193">
     <span class='ocr_line' id='line_1_117' title="bbox 1796 5117 3372 5193; baseline -0.005 -19"><span class='ocrx_word' id='word_1_893' title='bbox 1796 5120 1901 5193; x_wconf 90' lang='lat' dir='ltr'><strong>Sed</strong></span> <span class='ocrx_word' id='word_1_894' title='bbox 1940 5117 2124 5177; x_wconf 81' lang='lat' dir='ltr'><strong>hacin</strong></span> <span class='ocrx_word' id='word_1_895' title='bbox 2161 5138 2219 5176; x_wconf 90' lang='lat' dir='ltr'><strong>re</strong></span> <span class='ocrx_word' id='word_1_896' title='bbox 2253 5117 2437 5177; x_wconf 80' lang='lat' dir='ltr'><strong>minus</strong></span> <span class='ocrx_word' id='word_1_897' title='bbox 2471 5117 2604 5177; x_wconf 89' lang='lat' dir='ltr'><strong>vidit</strong></span> <span class='ocrx_word' id='word_1_898' title='bbox 2637 5117 2734 5193; x_wconf 83' lang='lat' dir='ltr'><strong>vir_</strong></span> <span class='ocrx_word' id='word_1_899' title='bbox 2768 5117 3054 5193; x_wconf 76' lang='lat' dir='ltr'><strong>eruditus;</strong></span> <span class='ocrx_word' id='word_1_900' title='bbox 3092 5131 3198 5168; x_wconf 89' lang='lat' dir='ltr'><strong>non</strong></span> <span class='ocrx_word' id='word_1_901' title='bbox 3227 5117 3372 5193; x_wconf 79' lang='lat' dir='ltr'><strong>enim</strong></span> 
     </span>
    </p>
   </div>
   <div class='ocr_carea' id='block_1_118' title="bbox 1795 5187 3375 5259">
    <p class='ocr_par' dir='ltr' id='par_1_118' title="bbox 1795 5187 3375 5259">
     <span class='ocr_line' id='line_1_118' title="bbox 1795 5187 3375 5259; baseline -0.004 -15"><span class='ocrx_word' id='word_1_902' title='bbox 1795 5191 1939 5246; x_wconf 89' lang='lat' dir='ltr'><strong>idem</strong></span> <span class='ocrx_word' id='word_1_903' title='bbox 1992 5201 2150 5247; x_wconf 89' lang='lat' dir='ltr'><strong>sonat</strong></span> <span class='ocrx_word' id='word_1_904' title='bbox 2185 5194 2275 5246; x_wconf 89' lang='lat' dir='ltr'><strong>illa</strong></span> <span class='ocrx_word' id='word_1_905' title='bbox 2326 5210 2429 5247; x_wconf 76' lang='lat' dir='ltr'><strong>vox</strong></span> <span class='ocrx_word' id='word_1_906' title='bbox 2460 5209 2524 5246; x_wconf 90' lang='lat' dir='ltr'><strong>ac</strong></span> <span class='ocrx_word' id='word_1_907' title='bbox 2572 5189 2775 5255; x_wconf 84' lang='lat' dir='ltr'><strong>mundi,</strong></span> <span class='ocrx_word' id='word_1_908' title='bbox 2805 5187 3176 5259; x_wconf 7' lang='lat' dir='ltr'><strong>quasigplures</strong></span> <span class='ocrx_word' id='word_1_909' title='bbox 3223 5187 3375 5251; x_wconf 85' lang='lat' dir='ltr'><strong>ejus-</strong></span> 
     </span>
    </p>
   </div>
   <div class='ocr_carea' id='block_1_119' title="bbox 1793 5257 3375 5325">
    <p class='ocr_par' dir='ltr' id='par_1_119' title="bbox 1793 5257 3375 5325">
     <span class='ocr_line' id='line_1_119' title="bbox 1793 5257 3375 5325; baseline -0.004 -11"><span class='ocrx_word' id='word_1_910' title='bbox 1793 5263 1942 5317; x_wconf 75' lang='lat' dir='ltr'><strong>modi</strong></span> <span class='ocrx_word' id='word_1_911' title='bbox 1985 5265 2218 5318; x_wconf 90' lang='lat' dir='ltr'><strong>mundos</strong></span> <span class='ocrx_word' id='word_1_912' title='bbox 2250 5264 2502 5317; x_wconf 83' lang='lat' dir='ltr'><strong>admittat</strong></span> <span class='ocrx_word' id='word_1_913' title='bbox 2539 5257 2929 5325; x_wconf 50' lang='lat' dir='ltr'><strong>Basilius;&#39;sed</strong></span> <span class='ocrx_word' id='word_1_914' title='bbox 2968 5257 3108 5310; x_wconf 88' lang='lat' dir='ltr'><strong>idem</strong></span> <span class='ocrx_word' id='word_1_915' title='bbox 3147 5269 3375 5325; x_wconf 78' lang='lat' dir='ltr'><strong>prorsus</strong></span> 
     </span>
    </p>
   </div>
   <div class='ocr_carea' id='block_1_120' title="bbox 1793 5324 3374 5398">
    <p class='ocr_par' dir='ltr' id='par_1_120' title="bbox 1793 5324 3374 5398">
     <span class='ocr_line' id='line_1_120' title="bbox 1793 5324 3374 5398; baseline -0.006 -13"><span class='ocrx_word' id='word_1_916' title='bbox 1793 5346 1857 5385; x_wconf 89' lang='lat' dir='ltr'><strong>ac</strong></span> <span class='ocrx_word' id='word_1_917' title='bbox 1891 5343 2142 5398; x_wconf 83' lang='lat' dir='ltr'><strong>ornatus,</strong></span> <span class='ocrx_word' id='word_1_918' title='bbox 2178 5335 2291 5387; x_wconf 83' lang='lat' dir='ltr'><strong>sive</strong></span> <span class='ocrx_word' id='word_1_919' title='bbox 2315 5342 2372 5386; x_wconf 91' lang='lat' dir='ltr'><strong>ut</strong></span> <span class='ocrx_word' id='word_1_920' title='bbox 2399 5334 2474 5386; x_wconf 89' lang='lat' dir='ltr'><strong>ait</strong></span> <span class='ocrx_word' id='word_1_921' title='bbox 2497 5332 2730 5384; x_wconf 83' lang='lat' dir='ltr'><strong>Basilius</strong></span> <span class='ocrx_word' id='word_1_922' title='bbox 2759 5324 2813 5382; x_wconf 88' lang='lat' dir='ltr'><strong>in</strong></span> <span class='ocrx_word' id='word_1_923' title='bbox 2845 5328 3006 5395; x_wconf 84' lang='lat' dir='ltr'><strong>epist.</strong></span> <span class='ocrx_word' id='word_1_924' title='bbox 3032 5325 3064 5380; x_wconf 87' lang='lat'><strong>6</strong></span> <span class='ocrx_word' id='word_1_925' title='bbox 3096 5345 3106 5379; x_wconf 91' lang='lat'><strong>:</strong></span> <span class='ocrx_word' id='word_1_926' title='bbox 3140 5324 3220 5377; x_wconf 88' lang='grc' dir='ltr'><strong>Τά</strong></span> <span class='ocrx_word' id='word_1_927' title='bbox 3246 5325 3374 5395; x_wconf 79' lang='grc' dir='ltr'>περὶ</span> 
     </span>
    </p>
   </div>
   <div class='ocr_carea' id='block_1_121' title="bbox 1791 5401 3370 5473">
    <p class='ocr_par' dir='ltr' id='par_1_121' title="bbox 1791 5401 3370 5473">
     <span class='ocr_line' id='line_1_121' title="bbox 1791 5401 3370 5473; baseline -0.004 -17"><span class='ocrx_word' id='word_1_928' title='bbox 1791 5403 1895 5473; x_wconf 74' lang='grc' dir='ltr'>γῆν</span> <span class='ocrx_word' id='word_1_929' title='bbox 1934 5404 2128 5473; x_wconf 86' lang='grc' dir='ltr'>κάλλη,</span> <span class='ocrx_word' id='word_1_930' title='bbox 2176 5403 2594 5473; x_wconf 63' lang='lat' dir='ltr'><strong>pulchritudines</strong></span> <span class='ocrx_word' id='word_1_931' title='bbox 2643 5409 2914 5473; x_wconf 34' lang='lat' dir='ltr'><strong>qureAsunt</strong></span> <span class='ocrx_word' id='word_1_932' title='bbox 2963 5401 3370 5473; x_wconf 8' lang='lat' dir='ltr'><strong>cirgcantcrram.</strong></span> 
     </span>
    </p>
   </div>
   <div class='ocr_carea' id='block_1_122' title="bbox 1791 5466 3373 5538">
    <p class='ocr_par' dir='ltr' id='par_1_122' title="bbox 1791 5466 3373 5538">
     <span class='ocr_line' id='line_1_122' title="bbox 1791 5466 3373 5538; baseline -0.004 -14"><span class='ocrx_word' id='word_1_933' title='bbox 1791 5466 1860 5526; x_wconf 60' lang='lat' dir='ltr'><strong>In&#39;</strong></span> <span class='ocrx_word' id='word_1_934' title='bbox 1881 5466 2288 5528; x_wconf 78' lang='lat' dir='ltr'><strong>Commentario</strong></span> <span class='ocrx_word' id='word_1_935' title='bbox 2318 5475 2369 5526; x_wconf 88' lang='lat' dir='ltr'><strong>in</strong></span> <span class='ocrx_word' id='word_1_936' title='bbox 2407 5471 2610 5526; x_wconf 84' lang='lat' dir='ltr'><strong>Isaiam</strong></span> <span class='ocrx_word' id='word_1_937' title='bbox 2643 5466 2698 5525; x_wconf 67' lang='grc' dir='ltr'><strong>ιι.</strong></span> <span class='ocrx_word' id='word_1_938' title='bbox 2727 5469 2816 5533; x_wconf 88' lang='grc'><strong>58,</strong></span> <span class='ocrx_word' id='word_1_939' title='bbox 2862 5484 2915 5538; x_wconf 91' lang='lat' dir='ltr'><strong>p.</strong></span> <span class='ocrx_word' id='word_1_940' title='bbox 2949 5467 3076 5531; x_wconf 75' lang='grc'>422,</span> <span class='ocrx_word' id='word_1_941' title='bbox 3125 5466 3373 5520; x_wconf 83' lang='lat' dir='ltr'><strong>Ecclesia</strong></span> 
     </span>
    </p>
   </div>
   <div class='ocr_carea' id='block_1_123' title="bbox 1791 5538 3375 5616">
    <p class='ocr_par' dir='ltr' id='par_1_123' title="bbox 1791 5538 3375 5616">
     <span class='ocr_line' id='line_1_123' title="bbox 1791 5538 3375 5616; baseline -0.005 -19"><span class='ocrx_word' id='word_1_942' title='bbox 1791 5544 1995 5598; x_wconf 84' lang='lat' dir='ltr'><strong>dicitur</strong></span> <span class='ocrx_word' id='word_1_943' title='bbox 2025 5546 2326 5616; x_wconf 80' lang='grc' dir='ltr'>πρέπουσιν</span> <span class='ocrx_word' id='word_1_944' title='bbox 2353 5545 2518 5612; x_wconf 78' lang='grc' dir='ltr'>ἑαυτῇ</span> <span class='ocrx_word' id='word_1_945' title='bbox 2549 5542 2773 5616; x_wconf 76' lang='grc' dir='ltr'>κόσμοις</span> <span class='ocrx_word' id='word_1_946' title='bbox 2804 5538 3222 5616; x_wconf 63' lang='grc' dir='ltr'>κεκοσμημένη,</span> <span class='ocrx_word' id='word_1_947' title='bbox 3251 5552 3375 5590; x_wconf 76' lang='lat' dir='ltr'><strong>cort-</strong></span> 
     </span>
    </p>
   </div>
   <div class='ocr_carea' id='block_1_124' title="bbox 1789 5609 3374 5668">
    <p class='ocr_par' dir='ltr' id='par_1_124' title="bbox 1789 5609 3374 5668">
     <span class='ocr_line' id='line_1_124' title="bbox 1789 5609 3374 5668; baseline -0.003 0"><span class='ocrx_word' id='word_1_948' title='bbox 1789 5609 2110 5668; x_wconf 71' lang='lat' dir='ltr'><strong>venientibus</strong></span> <span class='ocrx_word' id='word_1_949' title='bbox 2160 5614 2264 5668; x_wconf 79' lang='lat' dir='ltr'><strong>sibi</strong></span> <span class='ocrx_word' id='word_1_950' title='bbox 2305 5609 2628 5668; x_wconf 65' lang='lat' dir='ltr'><strong>ornaméntis</strong></span> <span class='ocrx_word' id='word_1_951' title='bbox 2656 5609 2958 5665; x_wconf 62' lang='lat' dir='ltr'><strong>instructa.</strong></span> <span class='ocrx_word' id='word_1_952' title='bbox 3005 5609 3202 5664; x_wconf 74' lang='lat' dir='ltr'><strong>Eadem</strong></span> <span class='ocrx_word' id='word_1_953' title='bbox 3235 5621 3374 5663; x_wconf 78' lang='lat' dir='ltr'><strong>voce</strong></span> 
     </span>
    </p>
   </div>
   <div class='ocr_carea' id='block_1_125' title="bbox 1789 5680 3335 5756">
    <p class='ocr_par' dir='ltr' id='par_1_125' title="bbox 1789 5680 3335 5756">
     <span class='ocr_line' id='line_1_125' title="bbox 1789 5680 3335 5756; baseline -0.004 -16"><span class='ocrx_word' id='word_1_954' title='bbox 1789 5688 1962 5740; x_wconf 85' lang='lat' dir='ltr'><strong>utitur</strong></span> <span class='ocrx_word' id='word_1_955' title='bbox 1992 5685 2286 5756; x_wconf 76' lang='lat' dir='ltr'><strong>Gregorius</strong></span> <span class='ocrx_word' id='word_1_956' title='bbox 2317 5684 2693 5738; x_wconf 83' lang='lat' dir='ltr'><strong>Nazianzenus</strong></span> <span class='ocrx_word' id='word_1_957' title='bbox 2724 5683 2884 5754; x_wconf 83' lang='lat' dir='ltr'><strong>epist.</strong></span> <span class='ocrx_word' id='word_1_958' title='bbox 2921 5680 3045 5735; x_wconf 82' lang='grc'>107.</span> <span class='ocrx_word' id='word_1_959' title='bbox 3330 5699 3335 5703; x_wconf 95' lang='grc'><strong>·</strong></span> 
     </span>
    </p>
   </div>
  </div>
