3886 6220
477 307 585 364 159

1729 292 1794 350 '5.
1834 289 2081 348 BASILII
2117 285 2332 347 MAGN!

3671 279 3773 337 κο

426 399 1517 492 In
1570 409 1821 468 eludent
1870 415 2052 464 autem

2174 411 2283 464 σῦκ
2308 409 2483 463 ἐστιν
2511 402 2660 475 ἐμὸν
2688 398 2921 468 δοῦναι,
2953 400 3096 458 ω
3122 391 3641 492 ἀτμόν-’ξι

479 514 722 570 arbitror
761 508 1088 567 sententiam
1126 506 1335 561 dictum
1385 504 1555 560 fuisse
1592 511 1649 559 et
1685 501 1818 556 illud
1852 516 1865 553 :
1898 499 2063 554 Pater

480 605 658 676 major
687 618 770 658 me
797 611 874 657 est
905 602 950 633 "
982 617 996 655 :
1037 597 1172 653 illud
1194 597 1404 662 itidem,
1433 593 1555 649 Non
1589 605 1668 648 est
1698 609 1869 647 meum
1908 596 2058 655 dare,

481 699 573 755 sed
616 696 803 769 quibus
849 701 1097 761 paratum
1133 698 1212 744 est
1245 705 1279 742 a
1327 687 1489 742 Patre
1524 687 1593 740 ⁸⁸.
1626 684 1739 740 Hoc
1789 684 1934 741 enim
1975 690 2063 739 est

482 792 633 861 quod
670 797 726 844 et
765 786 1021 843 Christus
1065 796 1294 853 regnum
1340 779 1560 835 tradere
1611 778 1817 833 dicitur
1849 776 1960 832 Deo
2007 784 2063 832 et

482 879 633 936 Patri
665 879 751 946 ‘7;
798 892 922 933 cum
967 874 1243 946 primitiae,
1290 887 1399 928 non
1450 870 1575 927 tinis
1616 871 1710 933 sit,
1760 868 2063 925 secundum

480 971 796 1033 rudiorem,
861 976 922 1024 ut
968 967 1113 1032 dixi,
1158 966 1508 1028 doctrinam,
1561 979 1681 1035 quae
1730 962 1904 1018 nostri
1951 976 2064 1016 non

483 1057 665 1132 ipsius
708 1059 832 1114 Filii
863 1065 1117 1129 respectu
1163 1056 1509 1125 intelligitur.
1552 1053 1709 1121 Quod
1737 1061 1917 1107 autem
1949 1051 2064 1106 haec

481 1152 560 1207 ita
585 1167 645 1208 se
671 1150 892 1215 habent,
939 1163 1133 1204 rursus
1183 1145 1473 1216 discipulis
1496 1146 1570 1216 .in
1599 1144 1754 1199 Actis
1783 1142 2064 1214 apostolo-

482 1259 605 1299 rum
682 1241 1194 1312 interrogantibus,
1251 1238 1477 1305 Quando
1539 1238 1781 1292 restitues
1845 1251 2063 1306 regnum

483 1335 680 1399 Israel,
709 1332 1026 1405 respondit,
1076 1330 1199 1384 Non
1234 1340 1309 1384 est
1354 1339 1583 1383 vestrum
1628 1343 1780 1381 nosse
1828 1334 2063 1395 tempora

480 1429 562 1486 cel
624 1435 909 1491 momenta,
955 1441 1073 1496 quia
1113 1423 1281 1479 Pater
1323 1424 1501 1491 posuit
1548 1423 1602 1475 in
1646 1421 1867 1492 propria
1913 1430 2062 1489 pote-

482 1529 624 1574 state
671 1519 737 1574 ⁸⁸.
782 1515 900 1571 Hoc
943 1523 1048 1582 est,
1102 1530 1213 1570 non
1268 1528 1458 1568 eorum
1507 1520 1615 1568 est.
1663 1511 1759 1581 qui
1807 1510 1961 1566 carni
2006 1521 2062 1566 et

480 1610 736 1682 sanguini
770 1607 963 1678 illigati
1007 1612 1158 1670 sunt,
1208 1605 1335 1659 talis
1381 1603 1537 1674 regni
1583 1601 1846 1673 cognitio.
1871 1599 2063 1656 Posuit

479 1703 629 1759 enim
685 1703 853 1757 Pater
914 1698 1434 1768 contemplationem
1501 1696 1664 1750 istam
1722 1694 1779 1748 in
1838 1690 2061 1765 propria

2162 501 2271 556 τοῦ
2292 501 2548 569 Πατρός.
2582 498 2752 552 Τοῦτο
2781 497 2891 570 γάρ
2917 498 3033 550 ἐστι
3070 497 3248 551 καὶτὸ
3286 490 3664 567 παραδοῦναι
3684 490 3776 560 τὴν

2165 592 2439 666 βασιλείαν
2462 591 2554 645 τὸν
2584 590 2817 663 Χριστὸν
2845 587 2926 660 τῷ
2952 576 3071 659 Θεῷ
3108 589 3204 641 καὶ
3240 585 3425 658 Πατρί
3453 601 3470 613 ·
3512 581 3777 654 ἀπαρχὴν

2162 687 2291 741 ὄντα
2318 686 2413 739 καὶ
2458 684 2521 738 οὐ
2575 683 2750 748 τέλος,
2779 683 2921 737 κατὰ
2948 682 3048 753 τὴν
3100 680 3446 754 παχυτέραν,
3500 676 3590 739 ὡς
3624 674 3775 744 ἔφην,

2161 777 2533 842 διδασκαλίαν,
2563 777 2685 848 ἥτις
2713 776 2789 840 ὡς
2821 774 2958 849 πρὸς
2986 775 3157 847 ἡμᾶς,
3192 774 3287 829 καὶ
3322 773 3387 826 οὐ
3432 768 3599 840 πρὸς
3621 763 3776 821 αὐτον

2161 871 2253 925 τὸν
2287 870 2415 924 Υἰὸν
2438 871 2742 939 θεωρεῖται.
2780 868 2903 921 Ὅτι
2932 867 2989 920 δὲ
3027 864 3181 920 ταῦθ’
3212 863 3385 927 οὕτως
3419 861 3586 932 ἔχει,
3617 856 3776 911 πάλιν

2162 964 2472 1035 ὲρωτήσασι
2500 963 2614 1025 τοῖς
2630 959 2903 1031 μαθηταῖς,
2939 961 2996 1013 ὲν
3029 960 3150 1018 ταῖς
3176 954 3419 1028 Πράξεσι
3480 951 3607 1006 τῶν
3644 952 3777 1003 ἀπο·

2166 1054 2367 1109 στόλων
2394 1053 2475 1107 τό·
2527 1054 2680 1107 Πότε
2720 1048 3224 1116 ἀποκαθιστανεῖς
3260 1047 3377 1116 τὴν
3419 1045 3779 1111 βασιλείαν

2163 1146 2245 1214 τῷ
2282 1145 2543 1216 Ἰσραὴλ,
2600 1143 2764 1216 φησίν
2783 1159 2797 1173 '
2833 1144 2956 1211 Οὐχ
3001 1140 3173 1211 ἡμῶν
3202 1141 3335 1194 ἐστι
3363 1137 3623 1209 γνῶναι
3646 1135 3778 1203 χρόα

2163 1239 2371 1308 νουςῆ
2398 1237 2644 1308 καιροὺς
2675 1235 2786 1305 (82)
2806 1275 2822 1301 ,
2875 1236 2984 1300 οὓς
3030 1237 3063 1286 ό
3115 1231 3319 1299 Πατὴρ
3363 1232 3562 1285 ἔθετο
3594 1228 3671 1280 ἐν
3706 1224 3776 1294 τῇ

2163 1332 2284 1400 ἰδίᾳ
2313 1330 2587 1397 ἐξουσίᾳ.
2612 1328 2927 1389 Τουτέστιν,
2950 1327 3011 1380 οὐ
3031 1324 3139 1380 τῶν
3157 1322 3583 1393 συνδεδεμένων
3615 1319 3776 1391 σαρκὶ

2164 1427 2260 1480 καὶ
2280 1426 2471 1498 αἵματι
2501 1423 2602 1494 τῆς
2633 1421 2888 1493 τοιαύτης
2922 1418 3197 1492 βασιλείας
3220 1420 3253 1489 ἠ
3273 1416 3515 1486 γνῶσις.
3554 1412 3771 1483 Ταύτην

2163 1516 2273 1589 γὰρ
2294 1516 2392 1587 τὴν
2422 1513 2654 1587 Θεωρίαν
2686 1517 2716 1568 6
2735 1513 2927 1584 Πατὴρ
2955 1510 3246 1565 ἐναπέθετο
3269 1512 3334 1580 τῇ
3362 1508 3481 1579 ἰδίᾳ
3505 1506 3739 1576 ἐξουσίᾳ
3755 1523 3768 1534 ·

2165 1609 2410 1676 ἐξουσίαν
2439 1608 2611 1677 λέγων
2632 1607 2760 1671 τοὺς
2800 1603 3304 1675 ὲξουσιαζομένους,
3344 1602 3529 1665 ἰδίους
3562 1599 3647 1663 δὲ,
3680 1598 3769 1661 οὓς

2169 1701 2244 1773 μὴ
2286 1700 2506 1770 κατέχει
2545 1699 2658 1769 (8'5)
2688 1700 2879 1765 ἄγνοια
2906 1697 3014 1751 τῶν
3043 1696 3341 1767 κατωτέρω
3380 1693 3766 1767 πραγμάτων.

481 1801 752 1867 potestate
796 1811 810 1847 :
851 1799 1173 1862 potestatem
1218 1789 1408 1844 dicens
1444 1803 1563 1850 eos,
1601 1786 1694 1858 qui
1741 1785 1846 1841 sub
1888 1785 2063 1856 ipsius

2174 1792 2405 1864 Χρόνους
2427 1792 2486 1845 δὲ
2519 1792 2613 1845 καὶ
2640 1792 2866 1862 καιροὺς
2900 1792 2974 1861 μή
3009 1807 3099 1860 μοι
3132 1784 3243 1843 νόὲι
3267 1786 3605 1858 αἰσθητοὺς,
3635 1784 3767 1839 άλλά

482 1894 614 1942 sunt
662 1892 983 1957 potestate;
1030 1878 1286 1955 proprios
1332 1895 1465 1937 vero
1510 1895 1627 1941 eos.
1685 1894 1827 1950 quos
1874 1894 2063 1934 rerum

482 1979 804 2035 inferiorum
850 1975 1122 2048 ignoratio
1163 1989 1273 2029 non
1322 1980 1489 2029 tenet.
1540 1969 1720 2025 Nolim
1768 1977 1952 2024 autem
1980 1969 2066 2023 in-

481 2073 695 2144 telligas
740 2080 984 2142 tempora
1022 2076 1079 2125 et
1118 2075 1397 2122 momenta
1449 2064 1756 2128 sensibilis,
1790 2063 1886 2119 sed
1916 2078 2066 2133 quae-

481 2165 606 2219 dam
631 2162 964 2234 cognitionis
1008 2158 1294 2216 intervalla
1323 2172 1355 2212 a
1386 2157 1503 2213 sole
1527 2154 1861 2227 intelligibili
1898 2154 2062 2210 facta.

478 2254 708 2327 Oportet
769 2254 915 2310 enim
968 2254 1128 2307 istam
1191 2250 1409 2306 Domini
1457 2248 1636 2305 nostri
1691 2246 2063 2319 precationem

482 2348 552 2403 ad
597 2348 757 2403 ﬁnem
798 2346 1020 2417 perduci
1069 2360 1135 2399 ac
1182 2342 1422 2414 impleri.
1455 2340 1620 2398 Jesus
1649 2341 1797 2396 enim
1836 2346 1923 2395 est
1970 2338 2063 2410 qui

481 2446 743 2513 precatus
774 2444 861 2493 est
898 2456 912 2491 :
942 2436 1027 2491 Da
1047 2436 1148 2501 eis,
1176 2445 1234 2489 ut
1263 2445 1313 2489 et
1346 2434 1452 2505 ipsi
1478 2434 1534 2488 in
1570 2432 1719 2487 nobis
1750 2448 1913 2487 unum
1933 2432 2062 2494 sint,

480 2531 620 2587 sicut
650 2546 745 2601 ego
774 2538 825 2584 et
857 2540 937 2595 tu,
970 2528 1157 2592 Pater,
1199 2543 1366 2581 unum
1410 2542 1596 2580 sumus
1634 2525 1701 2579 θ’.
1732 2523 1877 2579 Deus
1917 2523 2063 2578 enim

480 2639 608 2678 cum
650 2638 797 2678 unus
836 2622 930 2688 sit,
975 2621 1025 2676 si
1069 2620 1125 2674 in
1168 2619 1401 2691 singulis
1438 2617 1625 2683 fuerit,
1669 2632 1862 2672 omnes
1893 2630 2063 2670 unum

483 2714 688 2782 etiicit;
721 2723 776 2768 et
801 2711 1097 2768 accedente
1129 2712 1363 2775 unitate,
1392 2709 1535 2780 perit
1571 2721 1857 2762 numerus.
1888 2705 2066 2775 Atque

483 2804 741 2876 equidem
777 2804 864 2858 sic
898 2817 1193 2874 aggressus
1238 2816 1362 2857 sum
1411 2800 1515 2853 hoc
1565 2798 1772 2852 dictum
1822 2797 2065 2853 secundo

481 2896 807 2952 tentamine.
839 2894 998 2962 Quod
1044 2894 1091 2950 si
1127 2893 1253 2964 quis
1295 2891 1521 2947 meliora
1553 2890 1724 2955 dicat,
1754 2896 1849 2943 aut
1873 2896 2065 2944 nostra

482 2990 573 3061 pie
600 2986 895 3054 emendet;
951 2994 1007 3042 et
1059 2986 1227 3049 dicat,
1271 2991 1327 3039 et
1367 2982 1641 3048 emendet,
1695 2992 1748 3038 et
1790 2996 1916 3037 eum
1965 2996 2065 3052 pro

2166 1883 2355 1954 διαστή
2364 1883 2513 1954 ματά
2525 1899 2645 1936 τινα
2665 1881 2919 1951 γνώσεως
2951 1881 3056 1934 ὑπὸ
3084 1881 3178 1934 τοῦ
3196 1879 3388 1951 νοητοῦ
3419 1879 3593 1950 ἡλίου
3626 1878 3769 1947 me.

2171 1993 2329 2047 μενα.
2348 1977 2441 2028 Δεῖ
2457 1974 2563 2048 γὰρ
2586 1974 2684 2045 τὴν
2707 1972 3012 2046 προσευχὴν
3030 1972 3246 2043 ἐκείνην
3269 1973 3361 2025 ἐπὶ
3376 1972 3573 2043 πέρας
3604 1969 3766 2042 exes-

2167 2067 2365 2124 ναιτοῦ
2393 2068 2662 2121 Δεσπότου
2699 2066 2876 2137 ἡμῶν.
2909 2065 3116 2136 Ἰησοῦς
3146 2066 3256 2136 γάρ
3271 2067 3421 2118 ἐστιν
3459 2066 3493 2118 6
3525 2079 3766 2135 προσευ·

2169 2158 2399 2231 ξάμενος
2424 2172 2439 2187 ⁸
2506 2159 2615 2225 Δὸς
2650 2158 2877 2225 αὐτοῖς,
2926 2158 3028 2211 ἵνα
3081 2160 3180 2213 καὶ
3206 2157 3381 2213 αὐτοὶ
3409 2158 3486 2211 ἐν
3522 2154 3768 2226 mare.

2164 2248 2300 2315 ὦσι,
2323 2250 2519 2318 καθὼς
2532 2251 2648 2321 ἐγὼ
2667 2252 2767 2304 καὶ
2801 2251 2883 2304 σὺ
2920 2250 2991 2304 ἓν
3021 2251 3230 2321 ἐσμεν,
3273 2249 3494 2319 Πάτερ.
3534 2245 3639 2312 Εἷς
3661 2248 3764 2317 γὰρ

2165 2345 2242 2400 ὢν
2265 2347 2294 2398 6
2323 2344 2478 2408 Θεὸς,
2515 2345 2574 2397 ὲν
2615 2344 2833 2414 ἑκάστῳ
2875 2343 3178 2415 γινόμενος,
3208 2346 3321 2397 ἑνοῖ
3352 2344 3487 2408 τοὺς
3516 2343 3761 2404 πάντας·

2167 2439 2262 2494 καὶ
2292 2438 2588 2493 ἀπόλλυται
2617 2439 2648 2491 6
2690 2438 2923 2510 ἀριθμὸς
2950 2441 3015 2509 τῇ
3044 2438 3146 2509 τῆς
3194 2436 3422 2509 μονάδος
3461 2433 3756 2507 ἐπιδημίᾳ.

2164 2529 2339 2601 Κάγὼ
2394 2530 2494 2602 μὲν
2534 2528 2709 2594 οὕτως
2744 2529 3010 2584 ἐπέϐαλον
3048 2529 3128 2601 τῷ
3156 2528 3308 2601 ῥητῷ
3341 2529 3458 2602 (84)
3489 2527 3646 2583 κατὰ
3667 2525 3761 2596 τὴν

2164 2621 2423 2693 δευτέραν
2453 2619 2816 2692 ἐπιχείρησιν.
2848 2621 2911 2674 Et
2939 2619 2997 2673 δέ
3018 2637 3104 2683 τις
3118 2618 3324 2690 βέλτιον
3344 2619 3523 2688 λέγοι,
3556 2620 3592 2690 ἢ
3622 2618 3756 2689 διορ-

2167 2713 2285 2785 θοίη
2307 2712 2548 2777 εὐσεϐῶς
2564 2713 2632 2766 τὰ
2656 2714 2920 2785 ἡμέτερα,
2947 2712 3042 2767 καὶ
3062 2712 3267 2783 λεγέτω
3281 2712 3373 2766 καὶ
3391 2709 3753 2785 διορθούσθω,

2165 2805 2261 2857 καὶ
2315 2805 2344 2857 6
2387 2804 2592 2876 Κύριος
2639 2802 3009 2858 ἀνταποδώσει
3039 2803 3180 2872 ὑπὲρ
3211 2803 3391 2874 ἡμῶν.
3432 2801 3635 2865 Οὐδεὶς
3651 2800 3753 2871 γὰρ

2168 2896 2296 2969 παρ’
2351 2898 2481 2968 ἡμῖν
2534 2895 2810 2961 αὐλίζεται
2843 2894 3056 2965 φθόνος,
3100 2895 3184 2948 ὃτι
3238 2894 3374 2965 μηδὲ
3417 2892 3756 2963 φιλονεικίας

2166 2989 2350 3042 ἕνεκεν
2382 2987 2414 3059 ἢ
2447 2987 2753 3053 κενοδοξίας
2780 2987 2889 3059 (85)
2911 2988 3005 3040 ἐπὶ
3037 2988 3195 3058 τήνδε
3226 2986 3329 3056 τὴν
3360 2985 3622 3050 ἐξέτασιν
3650 2982 3750 3036 τῶν

482 3080 646 3135 nobis
675 3077 1052 3134 remunerabit
1096 3074 1381 3132 Dominus.
1411 3073 1571 3128 Nulla
1598 3074 1745 3129 enim
1781 3072 1924 3143 apud
1961 3089 2064 3128 nos

2174 3079 2428 3151 ῥημάτων
2491 3079 2922 3148 κεχωρήκαμεν·
2962 3075 3078 3129 ἀλλ’
3108 3075 3379 3144 ὠφελείας
3415 3076 3611 3129 ἕνεκεν
3647 3072 3749 3125 τῶν

2090 3123 2139 3185 C

483 3170 695 3226 habitat
725 3170 953 3232 invidia,
985 3178 1043 3223 ut
1066 3167 1163 3239 qui
1196 3182 1297 3223 nec
1318 3166 1713 3230 contentionis,
1739 3181 1842 3221 nec
1876 3165 2063 3221 inanis

2174 3169 2433 3241 ἀδελφῶν,
2487 3170 2630 3241 ὑπὲρ
2682 3169 2776 3222 τοῦ
2841 3169 2915 3241 μὴ
2961 3168 3139 3221 δοκεῖν
3182 3165 3639 3239 παρακρούεσθαι
3686 3161 3748 3215 τὰ

482 3263 674 3335 gloria:
714 3262 900 3318 studio
951 3260 1019 3316 ad
1062 3261 1203 3315 hanc
1247 3261 1542 3315 verborum
1586 3258 2062 3329 investigationem

487 3355 892 3411 accesserimus
923 3371 939 3419 ;
989 3352 1085 3408 sed
1120 3358 1347 3423 propter
1376 3350 1611 3405 fratrum
1639 3351 1958 3415 utilitatem,
1995 3365 2065 3405 ne

499 3455 743 3503 testacea
768 3458 900 3500 vasa
938 3444 1259 3499 thesaurum
1290 3442 1384 3498 Dei
1416 3442 1674 3499 habentia
1704 3443 1776 3496 ab
1821 3442 2064 3499 homini-

2170 3261 2469 3333 ὀστράκινα
2499 3259 2690 3331 σκεύη,
2728 3258 2798 3312 τὰ
2833 3259 2925 3312 τὸν
2960 3258 3231 3331 θησαυρὸν
3256 3258 3450 3329 ἔχοντα
3473 3257 3575 3312 τοῦ
3598 3254 3746 3315 Θεοῦ,

2171 3354 2277 3407 ὑπὸ
2307 3353 2415 3407 τῶν
2472 3351 2828 3423 λιθοκαρδίων
2880 3352 2975 3406 καὶ
3010 3353 3402 3424 άπεριτμήτων
3424 3348 3745 3422 ἀνθρώπων.

2170 3445 2291 3522 τῶν·
2313 3446 2377 3497 ἐκ
2397 3442 2499 3513 τῆς
2519 3444 2708 3514 μωρᾶς
2734 3441 3094 3512 ὡπλισμένων
3119 3441 3333 3511 σοφίας.

485 3536 592 3593 bus
624 3551 791 3593 saxeo
835 3535 1001 3591 corde
1035 3534 1278 3605 praeditis
1338 3542 1394 3590 et
1432 3535 1862 3601 incircumcisis,
1936 3534 2033 3605 qui
2071 3550 2138 3591 ex
2178 3538 2346 3593 stulta
2399 3536 2668 3606 sapientia
2731 3537 2927 3589 armati
2996 3545 3168 3600 sunt,
3227 3533 3625 3590 circumveniri
3682 3528 3749 3580 τί·

483 3632 740 3688 deantur.

561 3721 616 3777 8.
658 3720 874 3777 Rursus
920 3736 1018 3792 per
1062 3721 1368 3792 sapientem
1428 3719 1779 3777 Salomonem
1835 3721 1890 3775 in
1932 3719 2069 3776 Pro-

482 3814 689 3869 verbiis
729 3820 950 3870 creatus
979 3820 1084 3870 est.
1124 3813 1385 3869 Dominus
1429 3815 1591 3878 enim,
1626 3814 1827 3884 inquit,
1874 3816 2071 3869 creavit

484 3924 567 3962 me
590 3908 658 3963 ⁷⁸.
694 3904 762 3960 Et
806 3906 1027 3961 initium
1059 3909 1276 3962 viarum
1324 3906 1764 3977 evangelicarum
1815 3910 2068 3963 nomina-

484 4006 595 4062 tur,
627 4011 750 4069 quaa
800 4011 903 4052 nos
949 3994 1020 4050 ad
1060 4010 1290 4065 regnum
1339 3994 1611 4048 cmlorum
1657 3994 1915 4057 ducunt;
1960 4008 2071 4047 non

492 4088 794 4143 secundum
839 4087 1139 4143 essentiam
1177 4094 1455 4149 creatura,
1491 4086 1586 4139 sed
1625 4086 1925 4140 secundum
1956 4085 2073 4139 dis-

485 4181 866 4251 pensationem
893 4180 1072 4235 factus
1105 4178 1214 4237 via.
1245 4177 1379 4233 Nam
1416 4179 1621 4249 factum
1652 4195 1784 4243 esse,
1830 4185 1886 4232 et
1918 4194 2068 4232 crea-

485 4277 598 4323 tum
623 4285 754 4336 esse,
789 4269 934 4324 idem
961 4269 1292 4340 signiﬁcant.
1329 4266 1530 4325 Factus
1567 4279 1654 4325 est
1694 4271 1840 4324 enim
1871 4277 2066 4339 quate-

2242 3719 2296 3775 8.
2332 3719 2502 3774 Πάλιν
2534 3719 2623 3772 διὰ
2644 3717 2738 3771 τοῦ
2764 3717 2929 3788 σοφοῦ
2960 3718 3302 3790 Σολομῶντος
3331 3724 3389 3773 ὲν
3421 3721 3745 3793 Παροιμίαις

2171 3812 2432 3867 ἔκτισται.
2466 3812 2680 3879 Κῦριος
2728 3810 2859 3882 γὰρ,
2897 3812 3082 3883 φησὶν,
3116 3811 3430 3883 ἕκτισέμε.
3466 3814 3582 3867 Καὶ
3610 3812 3741 3885 ἀρχὴ

2171 3903 2306 3957 ὁδῶν
2326 3903 2697 3972 εύαγγελικῶν
2722 3903 3070 3975 ὀνομάζεται,
3083 3905 3330 3973 άγουσῶν
3343 3907 3493 3977 ἡμᾶς
3505 3907 3641 3979 πρὸς
3651 3903 3742 3975 τὴν

2176 3994 2451 4066 βασιλείαν
2474 3995 2581 4048 τῶν
2626 3995 2894 4067 οὐρανῶν,
2921 3996 2983 4048 ού
3022 3997 3142 4049 κατ’
3168 3996 3356 4049 οὐσίαν
3391 3997 3592 4062 κτίσις,
3616 3993 3742 4049 ἀλλὰ

2173 4086 2316 4139 κατὰ
2342 4086 2440 4156 τὴν
2467 4085 2776 4157 οἰκονομίαν
2817 4085 2936 4149 ὁδὸς
2972 4085 3231 4155 γεγονώς.
3271 4088 3345 4141 Τὸ
3372 4089 3480 4160 γὰρ
3515 4086 3741 4159 γετονέ-

2172 4193 2295 4240 rat,
2347 4178 2441 4229 καὶ
2492 4177 2555 4229 τὸ
2599 4177 2889 4241 ἐκτίσθαι,
2917 4179 3110 4232 ταυτὸν
3153 4178 3322 4249 δηλοῖ.
3372 4181 3461 4244 Ὠς
3500 4181 3609 4253 γάρ
3632 4178 3739 4239 ὁδὸς

2171 4268 2382 4336 γέγονε,
2416 4269 2512 4321 καὶ
2534 4267 2694 4341 θύρα,
2731 4271 2825 4322 καὶ
2848 4270 3070 4341 ποιμὴν,
3088 4274 3181 4326 καὶ
3205 4272 3454 4342 ἄγγελος,
3493 4277 3587 4329 καὶ
3615 4273 3736 4344 πρό·

484 4377 595 4417 nns
628 4362 715 4415 via
744 4371 799 4416 et
822 4362 990 4430 janna
1038 4374 1093 4418 et
1127 4372 1316 4433 pastor
1359 4372 1415 4418 et
1451 4364 1681 4418 nuntius
1723 4371 1779 4418 et
1819 4363 1958 4428 ovis,
2001 4377 2064 4417 ac

2174 4358 2369 4423 ϐατον,
2423 4364 2519 4414 καὶ
2570 4361 2732 4414 πάλιν
2783 4363 3077 4433 ἀρχιερεὺς
3128 4366 3225 4419 καὶ
3269 4366 3603 4432 ἀπόστολος·
3650 4366 3732 4421 άλ-

485 4465 685 4504 rursns
748 4452 996 4519 pontifex
1059 4459 1114 4506 et
1171 4453 1500 4521 apostolus;
1560 4453 1881 4508 nominibus
1936 4453 2066 4508 aliis

484 4556 587 4614 pro
611 4542 718 4595 alia
751 4542 1143 4598 considerandi
1173 4543 1385 4599 ratione
1413 4545 1633 4615 positis.
1672 4544 1886 4600 Rursus
1935 4546 2063 4615 quid

485 4634 635 4690 dicat
666 4634 953 4690 haereticus
992 4636 1102 4706 87
1149 4636 1218 4691 de
1250 4651 1361 4691 non
1405 4636 1655 4706 subjecto
1684 4636 1817 4700 Deo,
1857 4645 1912 4692 et
1940 4653 2067 4708 pro-

485 4735 609 4797 pter
655 4741 756 4781 nos
809 4726 954 4781 facto
1004 4728 1267 4797 peccato?
1329 4727 1604 4798 Scriptum
1655 4744 1890 4799 namque
1928 4737 2063 4784 est:

485 4815 621 4874 Cum
652 4817 889 4888 subjecta
932 4818 1132 4887 fuerint
1163 4817 1248 4872 illi
1282 4820 1483 4882 omnia,
1515 4830 1638 4874 tunc
1665 4829 1715 4874 et
1745 4823 1858 4890 ipse
1887 4819 2066 4875 Filius

484 4906 751 4974 subjectus
793 4907 894 4960 erit
934 4910 1002 4972 ei,
1057 4908 1148 4976 qui
1193 4906 1417 4977 subjecit
1465 4907 1569 4963 sibi
1614 4911 1793 4963 omnia
1837 4910 1905 4965 ἰ.
1945 4908 2067 4965 Non

485 4996 667 5056 times,
701 5010 735 5050 o
769 4995 951 5055 homo.
985 5013 1109 5051 cum
1146 4996 1290 5053 Deus
1333 5014 1444 5053 non
1487 4999 1777 5069 subjectus
1821 5001 2062 5071 appella-

486 5087 608 5140 turl
649 5084 822 5142 Tuam
878 5089 1024 5143 enim
1075 5089 1511 5159 subjectionem,
1567 5107 1724 5147 suam
1786 5092 1957 5159 facit;
2008 5100 2065 5148 et

2170 4449 2278 4504 λων
2308 4450 2417 4523 (86)
2452 4453 2572 4505 κατ’
2593 4451 2761 4522 ἄλλην
2805 4455 3049 4509 ἐπίνοιαν
3091 4455 3200 4508 τῶν
3244 4457 3528 4528 ὀνομάτων
3561 4458 3734 4530 κειμέ·

2170 4560 2295 4597 νων.
2330 4544 2394 4595 Τί
2416 4542 2481 4597 ἂν
2514 4544 2660 4597 εἴποι
2699 4538 2861 4598 πάλιν
2898 4547 2928 4598 6
2955 4547 3231 4618 αἱρετικὸς
3266 4549 3394 4621 περὶ
3431 4550 3527 4603 τοῦ
3554 4553 3733 4604 tivum-

2168 4635 2368 4689 τάκτου
2420 4634 2577 4699 Θεοῦ,
2621 4637 2714 4690 καὶ
2750 4636 2846 4689 τοῦ
2875 4637 2943 4691 δι’
2968 4640 3114 4709 ἡμᾶς
3150 4640 3424 4711 ἁμαρτίαν
3457 4640 3737 4712 γεγενημέ-

2170 4744 2298 4794 νου;
2360 4728 2673 4800 Γέγραπται
2729 4730 2867 4801 γάρ’
2924 4731 3109 4786 Ὅταν
3153 4734 3427 4804 ὑποταγῇ
3478 4736 3637 4802 αὐτῷ
3674 4732 3738 4787 τὰ

2171 4816 2387 4881 πάντα,
2416 4820 2551 4871 τότε
2606 4819 2706 4872 καὶ
2765 4820 2948 4886 αὐτὸς
2968 4824 3001 4876 ὁ
3039 4823 3172 4889 Υἱὸς
3203 4825 3641 4894 ὑποταγήσεται
3665 4821 3735 4888 τῷ

2168 4910 2536 4974 ὑποτάξαντι
2583 4911 2745 4977 αὐτῷ
2796 4914 2867 4968 τὰ
2908 4914 3123 4968 πάντα.
3161 4917 3234 4970 Οὐ
3278 4918 3439 4989 φοϐῇ,
3475 4919 3731 4988 ἄνθρωπε.

2166 5003 2257 5055 τὸν
2283 5003 2418 5056 Θεὸν
2470 5004 2848 5058 ἀνυπότακτον
2882 5006 3287 5078 ὀνομαζόμενον
3314 5027 3328 5074 ;
3364 5011 3476 5082 Τὴν
3518 5012 3626 5085 γὰρ
3647 5011 3733 5080 σὴν

2166 5094 2444 5165 ὑποταγὴν
2469 5093 2605 5149 ἰδίαν
2633 5100 2888 5162 ποιεῖται,
2911 5102 3006 5154 καὶ
3024 5101 3082 5153 ὲν
3101 5099 3179 5171 τῷ
3199 5101 3516 5157 ἀντιτείνειν
3535 5121 3596 5157 σε
3616 5100 3735 5173 πρὸς

560 5237 605 5271 ⁸³
634 5236 1090 5323 ξρειηκῃιινλεὸζ
1148 5242 1412 5323 ⁸⁸)]ιιιιιι.
1454 5259 1547 5310 xx,
1593 5245 1678 5299 30.
1759 5245 1802 5277 ⁸⁷
1830 5246 1852 5300 l
1881 5245 2008 5304 Cor.
2053 5266 2064 5304 ε

2187 5247 2279 5303 24.
2358 5250 2405 5282 ⁸⁸
2431 5250 2556 5307 Act.
2593 5269 2631 5316 ι,
2669 5253 2725 5317 6,
2783 5255 2833 5311 7.
2911 5256 2954 5288 ⁶⁹
2986 5253 3147 5312 Joan.
3183 5274 3316 5323 xvn,
3343 5260 3433 5315 21.
3510 5261 3558 5292 ⁷⁸
3588 5259 3727 5313 Prov.

485 5323 608 5371 vm,
643 5310 733 5364 32.
811 5312 854 5343 ⁷¹
888 5312 1054 5368 ICor.
1082 5330 1171 5377 xv,
1196 5312 1289 5368 28.

562 5427 674 5509 (8g)
712 5431 784 5509 ξιξ
811 5434 1073 5509 καιρούς.
1092 5431 1211 5509 Δδίο
1237 5449 1372 5509 mss.
1403 5432 1554 5509 Editi
1573 5436 1680 5509 Δκαὶ
1701 5437 1945 5509 καιρούς.

560 5497 671 5639 (83)
704 5500 821 5566 Οὓς
845 5497 932 5569 μὴ
965 5497 1223 5581 κατέχει.
1265 5503 1396 5583 διες.
1421 5500 1496 5558 ὦν
1528 5506 1601 5577 μὴ
1631 5497 1864 5578 μετέχει.

583 5568 674 5637 84)
717 5570 1046 5627 Ἐπέόιινῑον
1069 5591 1150 5639 τῳ
1165 5576 1349 5639 ρητῳ.
1380 5574 1569 5629 Melior
1595 5580 1809 5632 vnletnr
1837 5580 1864 5631 b

583 5568 674 5637 84)
717 5568 1046 5643 Ἐπέὸιινῑον
1069 5568 1150 5639 τῷ
1165 5568 1349 5643 ῥητῷ.
1380 5568 1569 5629 Melior
1590 5568 1809 5632 videtur
1837 5580 1950 5633 haec
1974 5594 2065 5634 ve-

488 5642 665 5718 terum
685 5641 939 5695 codicum
962 5641 1242 5714 scriptura
1266 5661 1432 5715 quam
1461 5648 1677 5718 vulgata
1705 5648 1977 5703 ὰπέλαδον
2006 5650 2067 5703 τὸ

490 5707 676 5780 ῥητόν.

2248 5440 2358 5512 (85)
2386 5442 2766 5515 Κενρδοξίας.
2796 5443 2887 5499 Sic
2913 5459 3044 5500 mss.
3078 5444 3213 5499 Editi
3240 5445 3556 5515 φιλοδοξίας.
3583 5443 3731 5500 Paulo

2177 5510 2461 5586 postem].
2492 5510 2626 5582 Reg.
2673 5514 2749 5586 μὴ
2781 5515 2956 5569 δοκεῖν
2989 5510 3433 5586 περικρούέσθαι.

2249 5582 2358 5648 (86)
2395 5582 2836 5639 Ἀλλωνξῐιὶιὶιί
2867 5582 3076 5639 addunt
3114 5582 3194 5648 δέ,
3227 5591 3320 5643 sed
3348 5592 3499 5643 deest
3525 5589 3579 5642 in
3611 5598 3725 5642 mss.

2175 5648 2495 5775 Ξᾷιέιῗιξρῧι
2518 5654 2763 5725 ἁμαρτία
2782 5656 3148 5727 γεγενημένου
3178 5659 3232 5713 in
3248 5657 3373 5713 cod.
3400 5656 3558 5730 393.;
3579 5660 3733 5731 ἁμαρ⁹

2176 5737 2298 5784 τιας
2327 5737 2471 5775 narl.
