3886 6220
97 351 184 407 26!

1072 341 1561 406 EPISTOLABUM
1599 340 1889 400 CLASSIS
1924 340 1966 397 ι.
2006 335 2227 397 EPIST.
2252 336 2397 399 Vl“.

3242 340 3347 396 289

98 465 185 533 τὴν
231 457 464 531 ἀρετὴν,
516 457 892 513 ἀνυπότακτον
944 458 1138 513 ἑαυτὸν
1179 459 1454 531 ὀνομάζει.
1516 460 1672 514 οὕτω

1775 461 1921 532 quod
1945 469 2003 515 tu
2033 461 2324 518 reluctaris
2354 459 2619 515 adversus
2645 459 2928 525 virtutem,
2960 460 3201 531 seipsum
3236 477 3349 517 non

98 554 212 608 ποτὲ
236 554 329 605 καὶ
380 552 586 607 ἑαυτὸν
638 551 740 624 ἔφη
774 546 911 605 εἶναι
951 552 1045 605 τὸν
1092 552 1440 625 διωκόμενον.
1472 554 1669 609 Σαῦλε

98 644 214 715 γὰρ,
257 642 414 713 φησὶ,
451 642 658 696 Σαῦλε
681 683 697 706 ,
722 642 794 694 στί
821 657 899 709 με
945 640 1209 709 διώκεις;
1248 643 1412 714 ἡνίκα
1447 644 1540 696 ἐπὶ
1565 646 1668 697 Δα-

101 733 289 805 μασκὸν
320 734 517 804 ἔτρεχε
555 732 689 803 (87),
726 732 1123 803 τοὺςμαθητὰς
1155 734 1249 787 τοῦ
1280 734 1519 806 Χριστοῦ
1546 752 1673 789 συν-

98 827 241 897 δῆσαι
275 825 629 896 βουλόμενος.
666 827 778 879 Καὶ
804 826 967 879 πάλιν
1007 826 1200 880 ἑαυτὸν
1230 827 1436 899 γυμνὸν
1468 828 1670 901 ὀνομά-

99 920 189 984 ζει,
206 918 317 980 ἑνός
340 933 491 979 τινος
520 916 630 969 τῶν
652 915 896 986 ἀδελφῶν
924 918 1381 989 γυμνητεύοντος.
1429 921 1670 990 Γυμνὸς

98 1010 216 1081 γὰρ,
243 1010 431 1081 φησὶν,
458 1008 647 1077 ἤμην,
682 1009 780 1065 καὶ
814 1009 1195 1078 περιεϐάλετέ
1232 1028 1331 1079 με.
1376 1012 1487 1065 Καὶ
1506 1012 1667 1067 ἄλλον

100 1106 151 1155 ἐν
171 1102 374 1172 φυλακῇ
398 1102 581 1167 ὄντος,
610 1103 801 1156 ἑαυτὸν
831 1102 935 1173 ἔφη
959 1099 1098 1156 εἶναι
1136 1103 1229 1157 τὸν
1250 1103 1665 1176 καθειργμένον.

100 1194 253 1260 Αὐτὸς
273 1194 382 1268 γὰρ
415 1195 520 1260 τὰς
570 1195 842 1267 ἁμαρτίας
865 1196 1022 1267 ἡμῶν
1064 1191 1191 1269 ἦρε,
1226 1197 1322 1250 καὶ
1352 1197 1452 1262 τὰς
1478 1198 1670 1264 νόσους

99 1288 364 1341 ἐϐάστασε.
414 1287 539 1341 Μία
570 1288 627 1341 δὲ
674 1288 781 1341 τῶν
810 1287 1107 1343 ἀσθενειῶν
1131 1290 1248 1343 ἐστι
1276 1290 1370 1344 καὶ
1407 1292 1440 1363 ὴ
1464 1292 1668 1345 ἀνυπο-

100 1376 270 1442 ταξίιν
320 1382 417 1433 καὶ
473 1381 686 1452 ταύτην
726 1382 1026 1436 ἐϐάστασε.
1072 1383 1164 1436 Διὸ
1196 1384 1292 1437 καὶ
1336 1382 1407 1436 τὰ
1437 1384 1670 1454 συμϐαί-

105 1488 241 1524 νοντα
267 1472 395 1541 ήμῖν
424 1473 794 1544 περιστατικά
819 1473 1156 1528 ίδιοποιεῖται
1182 1477 1211 1529 6
1234 1474 1457 1545 Κύριος,
1477 1476 1541 1528 ὲκ
1569 1476 1669 1547 τῆς

106 1564 219 1634 πρὸς
263 1566 409 1635 ἡμᾶς
461 1566 755 1631 κοινωνίας
809 1565 878 1621 τά
912 1567 1159 1640 ἡμέτερα
1213 1567 1362 1639 πάθη
1420 1570 1670 1642 ἀναδεχό-

110 1671 269 1724 μενος.

1771 553 2081 622 subjectum
2116 553 2383 608 nominat.
2425 551 2499 605 Ita
2544 551 2842 623 aliquando
2867 562 2923 608 et
2948 554 3189 624 seipsum
3217 552 3351 610 dicit

1769 659 1896 699 esse
1945 645 2315 715 persecutioni
2367 644 2685 699 obnoxium.
2734 644 2826 698 Ait
2879 645 3025 700 enim
3077 664 3089 700 :
3149 643 3351 712 Saule,

1770 736 1953 799 Saule.
1989 738 2115 809 quid
2159 756 2241 792 me
2273 722 2599 809 perseq'ueris
2646 739 2738 793 7'?
2787 754 2911 794 cum
2959 738 3213 794 videlicet
3238 737 3352 793 Da-

1769 844 2014 883 mascum
2074 837 2344 894 curreret,
2402 829 2608 885 Christi
2655 831 2961 901 discipulos
2998 831 3207 885 vincire
3254 845 3353 887 νος

1768 916 1908 972 lens.
1957 917 2023 973 Et
2072 935 2266 974 rursus
2317 920 2562 990 seipsum
2616 923 2822 975 nudum
2869 928 3062 985 vocat,
3101 923 3149 976 si
3207 937 3350 978 unus

1768 1010 1971 1080 aliquis
2008 1026 2075 1066 ex
2105 996 2369 1066 fratribus
2411 1012 2592 1067 nudus
2619 1013 2907 1068 exstiterit.
2948 1011 3142 1067 Nudus
3187 1015 3349 1082 enim,

1768 1100 1966 1172 inquit,
1989 1120 2157 1165 eram,
2178 1112 2228 1156 et
2260 1105 2601 1173 cooperuistis
2633 1121 2713 1159 me
2741 1105 2809 1161 ⁷³.
2836 1104 2999 1168 item,
3037 1121 3161 1160 cum
3207 1106 3352 1163 alius

1769 1191 1826 1246 in
1850 1208 2075 1249 carcere
2102 1200 2375 1260 versatur,
2431 1196 2674 1265 seipsum
2718 1196 2998 1251 inclusum
3040 1213 3165 1252 esse
3198 1197 3351 1254 dicit.

1767 1281 1889 1353 Ipse
1916 1286 2061 1339 enim
2086 1295 2314 1354 peccata
2350 1297 2537 1342 nostra
2566 1288 2710 1351 tulit,
2739 1297 2793 1343 et
2823 1290 3045 1344 morbos
3082 1291 3349 1358 portavit.

1771 1372 1891 1428 Una
1921 1383 2103 1430 autem
2135 1391 2202 1430 ex
2234 1377 2648 1432 inﬁrmitatibus
2683 1385 2767 1432 est
2800 1379 2946 1447 quod
2971 1379 3206 1447 subjecti
3238 1395 3351 1435 non

1769 1465 1945 1522 simus
1978 1483 1994 1531 ;
2024 1476 2078 1522 et
2100 1467 2242 1523 hanc
2267 1470 2525 1539 portavit.
2565 1469 2913 1539 Quapropter
2948 1478 3004 1525 et
3034 1485 3124 1525 res
3160 1471 3356 1527 adver-

1767 1570 1882 1619 sas,
1911 1572 2034 1626 qua:
2068 1560 2227 1615 nobis
2250 1563 2532 1625 accidunt,
2567 1563 2819 1632 proprias
2845 1577 2977 1619 suas
3010 1562 3142 1617 facit
3167 1563 3357 1620 Domi-

1769 1663 1917 1704 nus:
1967 1651 2039 1703 ob
2085 1667 2206 1705 eam
2256 1669 2421 1722 quam
2471 1655 2758 1710 nobiscum
2808 1656 2971 1710 habet
3010 1657 3355 1728 societatem,

1771 1742 2151 1810 perpessiones
2186 1752 2407 1801 nostras
2448 1747 2780 1817 suscipiens.

165 1831 214 1888 θ.
247 1833 400 1888 Ἀλλὰ
432 1835 531 1888 καὶ
571 1834 656 1898 τὺ,
688 1836 772 1889 Οὐ
812 1835 1063 1889 δύναται
1095 1837 1129 1888 ὁ
1171 1835 1303 1901 Υἱός
1338 1835 1533 1889 ποιεῖν
1561 1836 1662 1904 ἀφ’

1836 1832 1890 1887 9.
1935 1833 2038 1888 Sed
2095 1843 2149 1889 et
2211 1836 2343 1891 illud
2380 1877 2395 1900 ,
2459 1837 2581 1892 Non
2613 1849 2779 1908 potest
2812 1838 2992 1895 Filius
3037 1840 3212 1910 facem
3240 1858 3273 1893 a
3301 1855 3357 1894 se

110 1921 301 1978 ἑαυτοῦ
325 1924 531 1986 οὐδὲν,
573 1924 942 1995 λαμϐάνουσιν
980 1927 1030 1978 οἱ
1073 1924 1331 1996 θεομάχοι
1360 1927 1453 1979 ἐπὶ
1497 1943 1667 1980 κατα-

119 2018 294 2086 στροφῇ
326 2015 429 2068 τῶν
452 2016 784 2069 ἀκουόντων.
825 2016 978 2087 Ἐμοὶ
1008 2015 1066 2069 δὲ
1104 2016 1198 2070 καὶ
1225 2015 1383 2070 τοῦτο
1406 2017 1467 2070 τὸ
1501 2017 1665 2089 ῥητὸν

121 2107 320 2177 μάλιστα
341 2106 707 2176 καταγγέλλει
729 2108 829 2178 τῆς
854 2108 1022 2179 αὐτῆς
1046 2108 1260 2178 φύσεως
1275 2104 1413 2162 εἶναι
1437 2109 1527 2162 τὸν
1541 2109 1666 2163 Υίὸν

116 2196 182 2267 τῷ
208 2197 387 2268 Πατρί.
419 2197 481 2250 Ei
520 2196 637 2269 γὰρ
677 2197 905 2251 ἕκαστον
933 2198 1042 2251 τῶν
1086 2197 1320 2271 λογικῶν
1351 2199 1666 2268 κτισμάτων

119 2287 307 2340 δύναταί
342 2305 394 2341 τι
441 2291 620 2341 ποιεῖν
650 2287 745 2358 ἀφ’
774 2287 988 2353 ἑαυτοῦ,
1024 2289 1370 2357 αὐτεξούσιον
1407 2290 1526 2361 ἔχον
1554 2291 1664 2361 (88)

120 2380 201 2451 τὴν
228 2382 313 2434 ἐπὶ
343 2382 404 2433 τὸ
437 2382 625 2453 χεῖρόν
665 2399 727 2434 τε
751 2382 845 2436 καὶ
884 2386 1129 2455 κρεῖττον
1162 2384 1335 2454 ῥοπὴν
1355 2423 1370 2446 ,
1401 2385 1430 2437 6
1450 2384 1506 2437 δὲ
1542 2384 1667 2448 Υἱὸς

123 2472 173 2524 οὗ
199 2473 398 2527 δύναταί
429 2491 482 2526 τι
520 2477 704 2527 ποιεῖν
746 2474 838 2543 ἀφ’
867 2475 1062 2529 ἑαυτοῦ
1085 2492 1101 2506 ’
1128 2477 1188 2528 οὺ
1224 2478 1430 2547 κτίσμα
1460 2480 1489 2531 6
1515 2477 1664 2542 Υἱός.

122 2563 249 2616 Et“
276 2564 344 2636 μὴ
368 2566 598 2637 κτίσμα,
649 2566 931 2637 ὁμοούσιος
974 2566 1052 2637 τῷ
1099 2567 1293 2638 Πατρί.
1330 2569 1439 2621 Καὶ
1482 2568 1664 2632 πάλιν,

129 2656 252 2709 οὐδὲ»
288 2657 392 2710 τῶν
419 2659 742 2729 κτισμάτων
782 2658 852 2711 τὰ
896 2658 995 2712 ὅσα
1025 2658 1275 2729 βούλεται
1314 2659 1555 2715 δύναται.
1610 2661 1668 2715 Ὀ

118 2744 173 2800 ’ἢ
204 2748 313 2813 Υἱὸς
343 2753 398 2803 ὲν
441 2750 519 2821 τῷ
559 2751 781 2822 οὐρανῷ
819 2752 913 2805 καὶ
953 2752 1045 2804 ἐπὶ
1075 2752 1173 2822 τῆς
1218 2752 1321 2822 γῆς
1362 2753 1540 2807 πάντα
1568 2754 1668 2807 ὅσα

122 2835 372 2907 ἠθέλησεν,
418 2839 712 2907 ἐποίησεν·
746 2840 846 2894 οὐκ
897 2840 1004 2912 ἄρα
1037 2842 1243 2912 κτίσμα
1294 2844 1322 2895 6
1356 2842 1503 2906 Υἱός.
1559 2846 1670 2897 Καὶ

130 2925 280 2986 πάλιν.
310 2928 478 2981 πάντα
518 2930 594 2983 τά
623 2930 898 3001 κτίσματα
927 2932 960 3001 ἢ
1009 2932 1073 2983 ὲκ
1106 2932 1214 2985 τῶν
1257 2934 1516 2988 ἐναντίων
1547 2953 1670 2989 συν-

134 3016 342 3087 έστηκεν,
372 3020 405 3091 ἢ
434 3020 544 3074 τῶν
588 3021 850 3076 ἐναντίων
883 3024 998 3076 ἐστὶ
1043 3023 1288 3077 δεκτικά.
1329 3024 1387 3077 Ὀ
1437 3026 1494 3079 δὲ
1550 3026 1669 3091 Υἱὸς

125 3109 554 3184 ἀὖτοδικαιοσὺνη,
588 3114 686 3167 καὶ
712 3113 873 3178 ἄῦλός
914 3116 1091 3168 ἐστιν·
1127 3116 1227 3169 οὐκ
1257 3116 1365 3188 ἄρα
1401 3125 1607 3189 κτίσμα
1639 3120 1669 3172 6

138 3198 257 3265 Υἱός.
278 3203 336 3256 Ei
356 3204 409 3258 δὲ
449 3205 523 3277 μὴ
553 3204 739 3270 τοῦτο,
770 3205 1052 3276 ὁμοούσιος
1080 3205 1157 3278 τῷ
1188 3206 1382 3276 Πατρί.

194 3374 383 3433 10.Καὶ
412 3381 548 3453 αὕτη
585 3381 691 3451 μὲν
720 3381 1145 3455 αὐτάρκηςήμῖν
1169 3386 1203 3455 ἡ
1237 3384 1500 3449 ἐξέτασις,
1531 3385 1672 3440 κατὰ

141 3461 217 3532 τὴν
235 3464 439 3539 δύναμιν
467 3472 568 3542 τὴν
592 3472 868 3543 ἡμετέραν
895 3473 1004 3526 τῶν
1026 3473 1290 3528 τεθέντων
1320 3475 1670 3549 ῥητῶν.Ἥδη

142 3550 360 3612 δὲλοιπὸν
389 3577 482 3614 και
512 3563 656 3633 πρὸς
686 3564 810 3626 τοὺς
840 3563 1257 3629 ἀντιπίπτοντας
1286 3564 1364 3636 τῷ
1396 3566 1673 3637 Πνεῦματι

144 3645 204 3715 τῷ
244 3650 367 3721 ἁγίῳ
408 3653 483 3724 τῷ
510 3653 663 3725 λόγῳ
717 3656 1056 3727 χωρήσωμεν
1090 3656 1233 3727 (89),
1284 3657 1674 3729 καθαιροῦντες

140 3738 289 3791 αὐτῶν
325 3744 422 3795 πᾶν
463 3744 673 3815 ὕψωμα
721 3746 960 3810 διανοίας
990 3748 1352 3820 ἐπαιρόμενον
1395 3750 1537 3802 κατὰ
1572 3750 1675 3820 τῆς

146 3829 355 3899 γνώσεως
401 3837 491 3891 τοῦ
523 3838 686 3892 Θεοῦ.
737 3840 957 3905 Κτίσμα
1004 3840 1184 3910 λέγεις
1239 3842 1301 3895 τὸ
1346 3842 1570 3914 Πνεῦμα
1612 3843 1676 3897 τὸ

144 3918 287 3988 ἅγιον.
324 3926 428 3981 Πᾶν
462 3929 520 3983 δὲ
573 3930 784 4002 κτίσμα
832 3932 1015 3986 δοῦλόν
1049 3936 1166 3987 ἐστι
1209 3934 1303 3988 τοῦ
1352 3935 1671 3998 κτίσαντος’

154 4015 214 4068 Τὰ
235 4016 329 4086 γὰρ
360 4022 702 4092 σύμπαντα,
730 4026 885 4096 φησὶ,
923 4024 1117 4081 δοῦλα
1157 4024 1258 4081 σά.
1303 4027 1364 4080 El
1402 4027 1460 4081 δὲ
1491 4027 1676 4081 δοῦλόν

152 4104 261 4169 ἔστι.
300 4112 386 4164 καὶ
412 4114 705 4186 ἐπίκτητον
753 4116 866 4187 ἔχει
914 4117 1014 4189 τὴν
1066 4118 1360 4191 ἀγιότητα’
1406 4120 1515 4171 πᾶν
1556 4118 1613 4171 δὲ
1648 4118 1677 4171 6

142 4195 395 4273 ἐπίκτητον
424 4204 530 4276 ἔχει
573 4206 673 4277 τὴν
705 4208 971 4280 ἁγιότητα
990 4247 1005 4271 ,
1044 4210 1146 4263 οὐκ
1174 4210 1525 4264 άνεπίδεκτόν
1561 4211 1678 4263 ἐστι

155 4291 340 4356 κακίας·
364 4296 420 4348 τὸ
444 4297 500 4351 δὲ
519 4299 752 4370 Πνεῦμα
775 4299 836 4353 τὸ
864 4300 1039 4368 ἆγιον,
1062 4302 1183 4354 κατ’
1207 4301 1395 4355 οὐσίαν
1414 4302 1473 4355 ὃν
1502 4302 1675 4371 ἆγιον,

158 4382 278 4453 πηγὴ
299 4387 546 4461 ἀγιασμοῦ
594 4393 1059 4464 προσηγόρευται·
1093 4395 1194 4448 οὐκ
1225 4393 1336 4466 ἄρα
1378 4394 1586 4466 κτίσμα
1620 4394 1680 4447 τὸ

1696 3158 1741 3217 C

1765 1923 2050 1992 quidquam
2075 1924 2156 1987 7‘,
2211 1935 2480 1996 usurpant
2527 1927 2617 1983 Dei
2677 1929 2864 1984 hostes
2917 1930 2984 1983 ad
3017 1931 3356 1985 audientium

1765 2018 2129 2071 eversionem.
2172 2017 2300 2072 Mihi
2363 2029 2545 2073 autem
2579 2028 2633 2074 et
2694 2022 2797 2076 hoc
2851 2023 3059 2077 dictum
3116 2023 3357 2077 maxime

1767 2109 2009 2161 declarat
2061 2109 2307 2177 ejusdem
2362 2122 2575 2165 naturae
2609 2128 2732 2166 esse
2778 2112 2975 2166 Filium
3000 2129 3072 2167 ac
3111 2112 3352 2169 Patrem.

1768 2199 2006 2265 Etenim,
2061 2203 2105 2256 si
2172 2217 2513 2272 unaquaeque
2567 2205 2911 2258 rationalium
2977 2212 3355 2259 creaturarum

1768 2292 1972 2361 aliquid
2034 2306 2066 2345 a
2122 2292 2303 2363 seipsa
2360 2292 2541 2347 facere
2596 2301 2807 2363 potest.
2855 2294 3023 2349 libere
3085 2295 3141 2348 in
3197 2295 3358 2363 pejus

1768 2385 2034 2439 meliusve
2105 2385 2421 2448 inclinans,
2476 2383 2650 2441 Filius
2701 2393 3038 2440 autemnon
3096 2394 3276 2457 potest
3324 2400 3360 2440 a

1769 2478 2062 2546 semetipso
2092 2476 2389 2546 quidquam
2427 2477 2643 2537 facere:
2727 2475 2903 2533 Filius
2935 2487 3191 2532 creatura
3244 2493 3357 2534 non

1768 2576 1870 2620 est.
1912 2565 2068 2632 Quod
2100 2567 2146 2620 si
2195 2576 2447 2622 creatura
2477 2584 2587 2623 non
2628 2578 2733 2632 est,
2787 2568 2936 2623 Patri
2990 2578 3075 2625 est
3122 2571 3360 2625 consub-

1770 2659 2065 2714 stantialis.
2132 2658 2210 2714 Ac
2241 2675 2433 2715 rursus
2463 2701 2477 2724 ,
2517 2662 2664 2714 nulla
2706 2670 2959 2717 creatura
2989 2662 3361 2732 quodcunque

1769 2750 1885 2801 vult
1917 2789 1931 2812 ,
1979 2755 2161 2818 potest
2210 2748 2423 2803 ellicere
2460 2767 2473 2802 :
2510 2747 2681 2803 Filius
2734 2758 2916 2803 autem
2972 2750 3159 2802 omnia
3211 2764 3361 2817 quaa—

1769 2854 1986 2909 cunque
2029 2839 2241 2904 voluit,
2277 2838 2403 2893 fecit
2446 2840 2500 2892 in
2547 2839 2688 2893 caelo
2732 2845 2788 2892 et
2835 2840 2893 2892 in
2924 2847 3067 2893 terra
3092 2857 3111 2893 ς
3140 2853 3250 2892 non
3276 2847 3361 2894 est

1771 2931 1940 3001 igitur
1972 2939 2226 2985 creatura
2268 2929 2461 2984 Filius.
2499 2928 2564 2983 Et
2604 2929 2835 2995 iterum,
2869 2939 3137 2984 creatura:
3168 2946 3360 2985 omncs

1772 3028 1866 3075 aut
1896 3030 2153 3077 constant
2183 3038 2249 3076 ex
2283 3021 2609 3086 contrariis,
2644 3028 2737 3074 aut
2793 3023 3195 3075 contrariorum
3231 3028 3363 3075 sunt

1773 3127 2024 3183 capaces.
2067 3112 2238 3169 Filius
2266 3129 2396 3167 vero
2427 3121 2513 3168 est
2548 3113 2667 3183 ipsa
2688 3113 2905 3182 justitia
2927 3155 2941 3177 ,
2975 3121 3032 3169 et
3071 3128 3101 3166 a
3132 3114 3363 3167 materia

1774 3217 2020 3261 secretus
2057 3222 2070 3258 :
2104 3206 2334 3277 proinde
2363 3204 2536 3260 Filius
2590 3215 2842 3260 creatura
2891 3222 2997 3259 non
3050 3214 3156 3260 est.
3202 3204 3364 3271 Quod

1772 3298 1819 3351 si
1850 3306 2099 3352 creatura
2126 3313 2236 3353 non
2268 3306 2353 3353 est
2379 3338 2393 3360 ,
2425 3298 2914 3353 consubstantialis
2938 3305 3021 3351 est
3047 3296 3219 3352 Patri.

1844 3391 1930 3445 10.
1975 3388 2079 3446 Sed
2108 3391 2223 3461 jam
2284 3390 2502 3461 quidem
2561 3391 2700 3446 satis
2748 3406 2852 3461 pro
2890 3391 3102 3445 viribus
3153 3404 3358 3459 propo-

1773 3483 1878 3538 sita
1931 3485 2078 3539 dicta
2134 3485 2570 3555 explanavimus.
2618 3481 2737 3536 Jam
2796 3484 3057 3552 deinceps
3096 3482 3258 3535 etiam
3296 3480 3365 3536 ad

1773 3591 1872 3630 eos
1904 3577 1997 3646 qui
2052 3574 2316 3646 Spiritum
2372 3582 2626 3630 sanctum
2667 3584 3012 3644 oppugnant,
3050 3586 3365 3628 sermonem

1774 3681 2202 3733 eonvertamus,
2262 3675 2320 3721 ut
2374 3682 2593 3722 omnem
2661 3666 2831 3720 animi
2884 3680 3076 3720 eorum
3120 3662 3371 3718 altitudi-

1775 3778 1921 3827 nem,
1958 3777 2081 3832 quae
2108 3777 2166 3816 se
2200 3769 2394 3816 contra
2431 3761 2527 3817 Dei
2560 3761 2928 3832 cognitionem
2961 3758 3197 3825 ellert",
3228 3757 3368 3826 deji-

1776 3855 2003 3909 ciamus.
2040 3853 2304 3922 Spiritum
2341 3862 2592 3908 sanctum
2626 3861 2937 3908 creaturam
2975 3851 3137 3905 dicis.
3172 3848 3369 3904 Omnis

1777 3955 1959 4000 autem
1993 3954 2245 3999 creatura
2290 3960 2446 4000 serva
2477 3957 2560 4001 est
2595 3944 2877 3999 Creatoris
2917 3957 2931 3993 :
2968 3941 3164 3997 Omnia
3202 3941 3365 4006 enim,

1778 4032 1981 4102 inquit,
2015 4041 2135 4083 sunt
2169 4047 2318 4086 serva
2351 4029 2526 4084 tua".
2561 4029 2617 4083 Si
2652 4044 2783 4083 vero
2808 4042 3002 4083 servus
3027 4034 3132 4088 est,
3164 4026 3369 4079 adven-

1777 4117 1955 4173 titiam
2005 4132 2224 4187 quoque
2255 4115 2415 4169 habet
2452 4114 2799 4170 sanctitatem
2838 4127 2851 4163 :
2885 4108 3152 4181 quidquid
3184 4118 3366 4162 autem

1779 4207 2127 4261 adventitiam
2164 4205 2511 4259 sanctitatem
2543 4204 2728 4264 habet.
2760 4216 2933 4271 capax
2970 4208 3055 4256 est
3109 4200 3364 4253 malitia:

1781 4306 1836 4351 at
1887 4297 2126 4368 Spiritus
2176 4306 2441 4360 sanctus,
2511 4311 2633 4351 eum
2700 4294 3003 4349 secundum
3063 4292 3365 4347 essentiam

1782 4398 2007 4445 sanctus
2034 4390 2137 4453 sit,
2171 4387 2292 4441 l‘ous
2322 4386 2632 4457 appellatur
2675 4385 2989 4440 sanctitatis
3014 4385 3059 4415 ⁷⁷
3090 4401 3103 4437 :
3139 4399 3249 4438 nou
3282 4389 3372 4437 est

158 4468 340 4546 Πνεῦμα
366 4481 423 4533 τὸ
442 4483 617 4551 ἆγιον.
653 4484 716 4537 Εἰ
753 4484 811 4537 δὲ
847 4485 921 4556 μὴ
956 4485 1186 4557 κτίσμα,
1225 4486 1514 4557 ὁμοοῦσιόν
1562 4489 1672 4540 ἔστι

1784 4481 1948 4550 igitur
1975 4489 2228 4534 creatura
2274 4479 2514 4548 Spiritus
2547 4486 2796 4533 sanctus.
2842 4476 2996 4544 Quod
3035 4476 3079 4530 si
3112 4482 3370 4529 creatura

163 4561 221 4632 τῷ
246 4565 361 4639 Θεῷ.
385 4572 501 4637 Πῶς
531 4574 593 4627 δὲ
612 4573 795 4628 δοῦλον
828 4577 1146 4641 ἀποκαλεῖς,
1182 4576 1303 4631 εἰπέ
1335 4594 1443 4648 μοι,
1478 4576 1569 4630 τὸν
1592 4576 1679 4631 διὰ

163 4657 236 4708 τοῦ
265 4659 609 4736 βαπτίσματος
643 4667 1031 4740 ὲλευθεροῦντά
1057 4686 1119 4723 σε
1159 4670 1260 4739 τῆς
1295 4669 1578 4733 δουλείας;
1616 4670 1679 4722 '0

166 4748 250 4816 ‘l‘l‘tP
271 4754 449 4822 νόμος,
477 4760 630 4830 φησὶ,
659 4758 768 4813 τσῦ
799 4762 1143 4830 Πνεύματος
1164 4760 1276 4829 τῆς
1312 4758 1460 4827 ζωῆς
1499 4760 1682 4828 ἠλευ-

166 4838 345 4907 θέρωσέ
376 4864 445 4915 με
486 4849 594 4921 (90)
638 4851 757 4905 ἀπὸ
808 4851 913 4906 τοῦ
958 4853 1148 4921 νόμου
1206 4849 1320 4919 τῆς
1371 4852 1678 4922 ἁμαρτίας.

174 4928 287 4985 Ἀλλ’
313 4938 417 4991 οὐδὲ
441 4942 678 5014 τρεπτὴν
704 4942 869 4998 αὐτοῦ
903 4961 1032 4998 ποτε
1055 4943 1153 5015 τὴν
1178 4943 1366 4997 οὐσίαν
1390 4943 1683 5014 τολμήσεις

171 5023 334 5090 εἰπεῖν,
364 5030 567 5103 ἀφορῶν
598 5036 680 5097 εἰς
704 5034 804 5106 τὴν
842 5035 1003 5105 φύσιν
1045 5034 1146 5106 τῆς
1174 5033 1559 5104 ἀντικειμένης
1591 5034 1684 5088 δυ-

469 5170 556 5233 ,4.
632 5170 679 5201 "
703 5168 893 5225 Matth.
921 5187 1047 5236 xxv,
1073 5169 1164 5227 56.
1241 5173 1286 5205 ⁷⁵
1320 5171 1482 5228 Joan.
1526 5190 1594 5237 v,
1632 5172 1716 5228 l9.

174 5227 216 5283 4.
278 5233 315 5263 ⁷⁸
341 5227 481 5293 Rom.
520 5256 615 5297 vm
641 5280 657 5303 ,
692 5241 749 5295 2.

237 5384 591 5466 (δη-Ἐἵρεχι
622 5396 843 5466 Addunt
881 5395 1015 5451 editi
1052 5397 1279 5461 ἐκεῖνος,
1315 5396 1412 5452 sed
1441 5396 1593 5452 deest
1628 5396 1684 5451 in

182 5464 286 5538 [εἰδῇ.
311 5457 460 5538 lfaqu
628 5460 760 5538 editi
793 5465 1210 5538 περιεϐάλλετε*
1239 5457 1430 5538 ὀιίιοιδ
1459 5468 1515 5521 in
1548 5482 1679 5523 mss.

185 5521 376 5608 Subjpde
404 5521 517 5608 eod'.
549 5521 699 5590 Harl.
733 5521 1031 5608 ἀσθενείας-
1048 5551 1147 5606 pro
1175 5521 1467 5608 ἁμαρτίας·

238 5594 324 5666 (88)
350 5604 734 5670 Λὺτεξούσιον
777 5607 943 5675 ἕχον.
993 5594 1115 5661 llam
1148 5594 1311 5662 verba
1344 5615 1399 5662 et
1429 5594 1561 5674 qua:
1592 5622 1681 5662 se-

188 5674 377 5747 Ἦιιῑηιιμ·
390 5688 555 5747 lisque
579 5676 646 5731 ad
675 5674 817 5739 ista,
833 5674 894 5729 οὑ
918 5676 1126 5747 κτῳμα
1143 5678 1172 5729 6
1188 5676 1340 5740 Υίός,
1371 5677 1683 5747 addidimus

192 5741 242 5782 ει
265 5733 511 5823 εοάοικθὲ.
555 5746 642 5802 cui
687 5733 962 5803 consentit
990 5733 1162 5813 (15.1.,
1195 5733 1312 5803 nisi
1325 5733 1489 5818 'quod
1521 5747 1683 5802 habet

1785 4591 1896 4629 non
1927 4583 2035 4630 est.
2094 4572 2585 4628 consubstantialis
2629 4577 2715 4627 est
2763 4568 2893 4625 Deo.
2945 4568 3234 4635 Quomodo
3272 4581 3373 4620 au-

1784 4676 1895 4723 tem
1958 4682 2176 4721 servum
2221 4680 2431 4729 vocas,
2478 4664 2569 4719 dic
2613 4662 2747 4717 mihi
2777 4702 2793 4725 ,
2844 4677 3006 4723 eum,
3058 4661 3150 4730 qui
3184 4668 3237 4713 te
3273 4671 3374 4727 per

1782 4758 2118 4827 baptismum
2165 4773 2196 4812 e
2231 4757 2497 4812 servitute
2543 4755 2775 4811 eximit?
2805 4752 2971 4819 Nam,
3016 4752 3230 4821 inquit,
3286 4749 3372 4802 lea;

1787 4848 2023 4918 Spiritus
2070 4850 2189 4903 vita:
2226 4849 2469 4902 liberavit
2531 4864 2612 4901 me
2669 4864 2703 4901 a
2763 4847 2871 4915 lege
2916 4844 3117 4914 peccati
3131 4843 3196 4895 ⁷⁸.
3261 4839 3371 4897 Sed

1785 4957 1963 5011 neque
2011 4941 2326 4996 mutabilem
2358 4939 2586 4994 audebis
2639 4952 2879 5008 unquam
2919 4935 3040 5004 ejus
3072 4932 3371 4989 essentiam

1786 5033 2004 5099 dicere;
2059 5034 2113 5087 si’
2166 5030 2329 5086 modo
2382 5030 2451 5085 ad
2501 5029 2757 5100 potentia:
2810 5029 3055 5083 adversae
3115 5032 3371 5077 naturam

1793 5175 1837 5207 ⁷⁸
1867 5171 1911 5226 ll
1943 5174 2069 5229 Cor.
2101 5189 2173 5237 κ,
2210 5173 2263 5227 5.
2338 5173 2389 5205 ⁷⁸
2425 5172 2567 5227 Psal.
2612 5186 2819 5228 cxvm.
2856 5166 2946 5222 9|.
3022 5166 3068 5198 "
3108 5165 3267 5219 Rom.
3307 5180 3368 5227 ι,

1787 5397 2132 5461 αὐτεξούσιον
2160 5398 2256 5452 καὶ
2287 5397 2410 5468 ῐσην
2430 5395 2559 5467 ,ἔχον
2584 5394 2679 5448 ἐπὶ
2702 5392 2762 5446 τὸ
2793 5393 2973 5463 χεῖρον
2996 5390 3091 5444 καὶ
3122 5368 3373 5462 κρεῖττον

1789 5470 1981 5606 ῥοῗὲὃῖ
2000 5535 2392 5606 Χωρήσωμεν.
2430 5533 2523 5606 Sic
2547 5549 2682 5606 mss.
2711 5533 2854 5606 Editi
2880 5533 3222 5606 χωρήσομεν.
3247 5527 3370 5606 lion

1786 5599 1961 5660 multo
1996 5599 2117 5676 post
2155 5599 2224 5661 ex
2257 5599 2399 5676 'cod.
2433 5604 2583 5676 Harl.
2619 5604 2803 5658 addita
2839 5599 2976 5659 sunt
3019 5599 3131 5657 haec
3178 5599 3368 5669 verba,

1786 5679 1895 5731 πᾶν
1921 5676 1979 5730 δὲ
2000 5675 2035 5729 6
2063 5676 2354 5746 ἐπίκτητον
2376 5675 2490 5746 ἔχει
2520 5675 2619 5746 τὴν
2648 5676 2930 5746 ἁγιότητα.

1857 5679 1895 5729 ἰν
1921 5674 2035 5730 δὲθ
2063 5676 2192 5729 ὲπίκ
2262 5692 2354 5729 τον
2376 5675 2402 5729 ἐ
2440 5692 2490 5729 ει
2520 5691 2552 5727 τ
2648 5676 2930 5746 ἁγιότητα.

1857 5748 1969 5819 (90)
2010 5692 2533 5816 με.
2554 5674 2642 5800 ﬁ
2690 5747 2746 5801 in
2770 5745 2986 5801 duobus
3020 5756 3155 5799 mss.
