  <div class='ocr_page' id='page_1' title='image "/cluster/home/n/w/nwhite01/storage/ocr_20150623/32/mdp.39015011915462/141.png"; bbox 0 0 3886 6220; ppageno 0'>
   <div class='ocr_carea' id='block_1_1' title="bbox 473 331 587 388">
    <p class='ocr_par' dir='ltr' id='par_1_1' title="bbox 473 331 587 388">
     <span class='ocr_line' id='line_1_1' title="bbox 473 331 587 388; baseline -0.026 0"><span class='ocrx_word' id='word_1_1' title='bbox 473 331 587 388; x_wconf 57' lang='grc'><strong>163</strong></span> 
     </span>
    </p>
   </div>
   <div class='ocr_carea' id='block_1_2' title="bbox 1822 308 2420 373">
    <p class='ocr_par' dir='ltr' id='par_1_2' title="bbox 1822 308 2420 373">
     <span class='ocr_line' id='line_1_2' title="bbox 1822 308 2420 373; baseline -0.002 -2"><span class='ocrx_word' id='word_1_2' title='bbox 1822 316 1885 373; x_wconf 67' lang='lat'><strong>3.</strong></span> <span class='ocrx_word' id='word_1_3' title='bbox 1926 311 2165 370; x_wconf 66' lang='grc' dir='ltr'>ΒΑειιιι</span> <span class='ocrx_word' id='word_1_4' title='bbox 2208 308 2420 371; x_wconf 71' lang='grc' dir='ltr'><strong>ΜΑΒΝ]</strong></span> 
     </span>
    </p>
   </div>
   <div class='ocr_carea' id='block_1_3' title="bbox 3673 300 3770 360">
    <p class='ocr_par' dir='ltr' id='par_1_3' title="bbox 3673 300 3770 360">
     <span class='ocr_line' id='line_1_3' title="bbox 3673 300 3770 360; baseline 0 0"><span class='ocrx_word' id='word_1_5' title='bbox 3673 300 3770 360; x_wconf 72' lang='grc' dir='ltr'><strong>εει</strong></span> 
     </span>
    </p>
   </div>
   <div class='ocr_carea' id='block_1_4' title="bbox 419 422 2062 515">
    <p class='ocr_par' dir='ltr' id='par_1_4' title="bbox 419 435 2061 515">
     <span class='ocr_line' id='line_1_4' title="bbox 419 435 2061 515; baseline -0.009 -15"><span class='ocrx_word' id='word_1_6' title='bbox 419 494 426 500; x_wconf 91' lang='grc'><strong>.</strong></span> <span class='ocrx_word' id='word_1_7' title='bbox 474 445 743 515; x_wconf 78' lang='lat' dir='ltr'><strong>respicias</strong></span> <span class='ocrx_word' id='word_1_8' title='bbox 765 484 779 509; x_wconf 90' lang='lat'><strong>,</strong></span> <span class='ocrx_word' id='word_1_9' title='bbox 811 457 934 514; x_wconf 66' lang='lat' dir='ltr'><strong>qua</strong></span> <span class='ocrx_word' id='word_1_10' title='bbox 965 441 1198 512; x_wconf 70' lang='lat' dir='ltr'><strong>fulguris</strong></span> <span class='ocrx_word' id='word_1_11' title='bbox 1229 439 1284 493; x_wconf 92' lang='lat' dir='ltr'><strong>in</strong></span> <span class='ocrx_word' id='word_1_12' title='bbox 1319 451 1526 492; x_wconf 89' lang='lat' dir='ltr'><strong>morem</strong></span> <span class='ocrx_word' id='word_1_13' title='bbox 1549 451 1580 491; x_wconf 91' lang='lat' dir='ltr'><strong>e</strong></span> <span class='ocrx_word' id='word_1_14' title='bbox 1604 435 1746 490; x_wconf 74' lang='lat' dir='ltr'><strong>cmlo</strong></span> <span class='ocrx_word' id='word_1_15' title='bbox 1778 436 1928 504; x_wconf 86' lang='lat' dir='ltr'><strong>lapsa</strong></span> <span class='ocrx_word' id='word_1_16' title='bbox 1956 442 2061 499; x_wconf 89' lang='lat' dir='ltr'><strong>est,</strong></span> 
     </span>
    </p>
   </div>
   <div class='ocr_carea' id='block_1_5' title="bbox 2167 422 3771 515">
    <p class='ocr_par' dir='ltr' id='par_1_5' title="bbox 2167 422 3771 506">
     <span class='ocr_line' id='line_1_5' title="bbox 2167 422 3771 506; baseline -0.008 -19"><span class='ocrx_word' id='word_1_17' title='bbox 2167 436 2402 506; x_wconf 84' lang='grc' dir='ltr'>νάμεως,</span> <span class='ocrx_word' id='word_1_18' title='bbox 2426 437 2568 505; x_wconf 78' lang='grc' dir='ltr'>ἥτις,</span> <span class='ocrx_word' id='word_1_19' title='bbox 2596 433 2671 497; x_wconf 84' lang='grc' dir='ltr'>ὡς</span> <span class='ocrx_word' id='word_1_20' title='bbox 2698 432 2975 505; x_wconf 80' lang='grc' dir='ltr'>ἀστραπὴ,</span> <span class='ocrx_word' id='word_1_21' title='bbox 3005 429 3293 484; x_wconf 76' lang='grc' dir='ltr'><strong>πέπτωκεν</strong></span> <span class='ocrx_word' id='word_1_22' title='bbox 3319 425 3454 482; x_wconf 68' lang='grc' dir='ltr'><strong>ἀπὸ</strong></span> <span class='ocrx_word' id='word_1_23' title='bbox 3492 422 3598 476; x_wconf 84' lang='grc' dir='ltr'><strong>τοῦ</strong></span> <span class='ocrx_word' id='word_1_24' title='bbox 3625 424 3771 497; x_wconf 72' lang='grc' dir='ltr'>οὖρα-</span> 
     </span>
    </p>
   </div>
   <div class='ocr_carea' id='block_1_6' title="bbox 475 526 2065 602">
    <p class='ocr_par' dir='ltr' id='par_1_6' title="bbox 475 526 2065 602">
     <span class='ocr_line' id='line_1_6' title="bbox 475 526 2065 602; baseline -0.009 -11"><span class='ocrx_word' id='word_1_25' title='bbox 475 547 531 591; x_wconf 83' lang='lat' dir='ltr'><strong>et</strong></span> <span class='ocrx_word' id='word_1_26' title='bbox 570 551 698 591; x_wconf 81' lang='lat' dir='ltr'><strong>vera</strong></span> <span class='ocrx_word' id='word_1_27' title='bbox 734 536 845 590; x_wconf 86' lang='lat' dir='ltr'><strong>vita</strong></span> <span class='ocrx_word' id='word_1_28' title='bbox 878 534 1103 598; x_wconf 78' lang='lat' dir='ltr'><strong>excidit,</strong></span> <span class='ocrx_word' id='word_1_29' title='bbox 1154 538 1445 602; x_wconf 72' lang='lat' dir='ltr'><strong>propterea</strong></span> <span class='ocrx_word' id='word_1_30' title='bbox 1478 528 1624 597; x_wconf 91' lang='lat' dir='ltr'><strong>quod</strong></span> <span class='ocrx_word' id='word_1_31' title='bbox 1687 526 1918 580; x_wconf 89' lang='lat' dir='ltr'><strong>ascitam</strong></span> <span class='ocrx_word' id='word_1_32' title='bbox 1970 540 2065 578; x_wconf 78' lang='lat' dir='ltr'><strong>cx-</strong></span> 
     </span>
    </p>
   </div>
   <div class='ocr_carea' id='block_1_7' title="bbox 477 618 2067 696">
    <p class='ocr_par' dir='ltr' id='par_1_7' title="bbox 477 618 2067 696">
     <span class='ocr_line' id='line_1_7' title="bbox 477 618 2067 696; baseline -0.011 -12"><span class='ocrx_word' id='word_1_33' title='bbox 477 636 806 696; x_wconf 88' lang='lat' dir='ltr'><strong>ternamque</strong></span> <span class='ocrx_word' id='word_1_34' title='bbox 854 624 1203 681; x_wconf 85' lang='lat' dir='ltr'><strong>sanctitatem</strong></span> <span class='ocrx_word' id='word_1_35' title='bbox 1237 621 1430 676; x_wconf 82' lang='lat' dir='ltr'><strong>habuit</strong></span> <span class='ocrx_word' id='word_1_36' title='bbox 1454 658 1470 681; x_wconf 92' lang='lat'><strong>,</strong></span> <span class='ocrx_word' id='word_1_37' title='bbox 1508 618 1889 686; x_wconf 83' lang='lat' dir='ltr'><strong>successitque</strong></span> <span class='ocrx_word' id='word_1_38' title='bbox 1931 629 2067 668; x_wconf 91' lang='lat' dir='ltr'><strong>con-</strong></span> 
     </span>
    </p>
   </div>
   <div class='ocr_carea' id='block_1_8' title="bbox 477 700 2065 782">
    <p class='ocr_par' dir='ltr' id='par_1_8' title="bbox 477 700 2065 782">
     <span class='ocr_line' id='line_1_8' title="bbox 477 700 2065 782; baseline -0.009 -8"><span class='ocrx_word' id='word_1_39' title='bbox 477 719 604 774; x_wconf 88' lang='lat' dir='ltr'><strong>silio</strong></span> <span class='ocrx_word' id='word_1_40' title='bbox 632 719 775 772; x_wconf 90' lang='lat' dir='ltr'><strong>malo</strong></span> <span class='ocrx_word' id='word_1_41' title='bbox 816 716 1049 771; x_wconf 86' lang='lat' dir='ltr'><strong>mutatio</strong></span> <span class='ocrx_word' id='word_1_42' title='bbox 1109 714 1298 782; x_wconf 90' lang='lat' dir='ltr'><strong>ltaque</strong></span> <span class='ocrx_word' id='word_1_43' title='bbox 1314 700 1688 781; x_wconf 68' lang='lat' dir='ltr'><strong>&#39;posteaquam</strong></span> <span class='ocrx_word' id='word_1_44' title='bbox 1712 708 1827 778; x_wconf 73' lang='lat'><strong>88</strong></span> <span class='ocrx_word' id='word_1_45' title='bbox 1857 716 1912 762; x_wconf 92' lang='lat' dir='ltr'><strong>et</strong></span> <span class='ocrx_word' id='word_1_46' title='bbox 1945 707 2065 760; x_wconf 90' lang='lat' dir='ltr'><strong>uni-</strong></span> 
     </span>
    </p>
   </div>
   <div class='ocr_carea' id='block_1_9' title="bbox 481 801 2065 877">
    <p class='ocr_par' dir='ltr' id='par_1_9' title="bbox 481 801 2065 877">
     <span class='ocr_line' id='line_1_9' title="bbox 481 801 2065 877; baseline -0.007 -13"><span class='ocrx_word' id='word_1_47' title='bbox 481 820 592 865; x_wconf 88' lang='lat' dir='ltr'><strong>tate</strong></span> <span class='ocrx_word' id='word_1_48' title='bbox 618 809 847 874; x_wconf 84' lang='lat' dir='ltr'><strong>excidit,</strong></span> <span class='ocrx_word' id='word_1_49' title='bbox 907 815 961 861; x_wconf 92' lang='lat' dir='ltr'><strong>et</strong></span> <span class='ocrx_word' id='word_1_50' title='bbox 1022 806 1326 877; x_wconf 77' lang='lat' dir='ltr'><strong>angelicam</strong></span> <span class='ocrx_word' id='word_1_51' title='bbox 1364 802 1566 871; x_wconf 70' lang='lat' dir='ltr'><strong>abiecit</strong></span> <span class='ocrx_word' id='word_1_52' title='bbox 1595 801 1959 871; x_wconf 82' lang='lat' dir='ltr'><strong>dignitatem,</strong></span> <span class='ocrx_word' id='word_1_53' title='bbox 1997 814 2065 853; x_wconf 93' lang='lat' dir='ltr'><strong>ex</strong></span> 
     </span>
    </p>
   </div>
   <div class='ocr_carea' id='block_1_10' title="bbox 480 894 2065 965">
    <p class='ocr_par' dir='ltr' id='par_1_10' title="bbox 480 894 2065 965">
     <span class='ocr_line' id='line_1_10' title="bbox 480 894 2065 965; baseline -0.009 -5"><span class='ocrx_word' id='word_1_54' title='bbox 480 907 727 962; x_wconf 88' lang='lat' dir='ltr'><strong>moribus</strong></span> <span class='ocrx_word' id='word_1_55' title='bbox 776 906 958 959; x_wconf 86' lang='lat' dir='ltr'><strong>dictus</strong></span> <span class='ocrx_word' id='word_1_56' title='bbox 1009 909 1093 957; x_wconf 88' lang='lat' dir='ltr'><strong>est</strong></span> <span class='ocrx_word' id='word_1_57' title='bbox 1160 900 1458 965; x_wconf 89' lang='lat' dir='ltr'><strong>diabolus,</strong></span> <span class='ocrx_word' id='word_1_58' title='bbox 1522 899 1794 951; x_wconf 80' lang='lat' dir='ltr'><strong>exstincto</strong></span> <span class='ocrx_word' id='word_1_59' title='bbox 1845 894 2065 965; x_wconf 85' lang='lat' dir='ltr'><strong>quidem</strong></span> 
     </span>
    </p>
   </div>
   <div class='ocr_carea' id='block_1_11' title="bbox 479 984 2066 1066">
    <p class='ocr_par' dir='ltr' id='par_1_11' title="bbox 479 984 2066 1066">
     <span class='ocr_line' id='line_1_11' title="bbox 479 984 2066 1066; baseline -0.008 -17"><span class='ocrx_word' id='word_1_60' title='bbox 479 995 667 1066; x_wconf 83' lang='lat' dir='ltr'><strong>priore</strong></span> <span class='ocrx_word' id='word_1_61' title='bbox 708 1010 771 1049; x_wconf 90' lang='lat' dir='ltr'><strong>ac</strong></span> <span class='ocrx_word' id='word_1_62' title='bbox 805 995 966 1047; x_wconf 89' lang='lat' dir='ltr'><strong>beato</strong></span> <span class='ocrx_word' id='word_1_63' title='bbox 1002 991 1186 1046; x_wconf 87' lang='lat' dir='ltr'><strong>habitu</strong></span> <span class='ocrx_word' id='word_1_64' title='bbox 1211 1032 1224 1052; x_wconf 84' lang='lat'><strong>,</strong></span> <span class='ocrx_word' id='word_1_65' title='bbox 1271 990 1507 1043; x_wconf 83' lang='lat' dir='ltr'><strong>excitata</strong></span> <span class='ocrx_word' id='word_1_66' title='bbox 1538 1003 1668 1042; x_wconf 86' lang='lat' dir='ltr'><strong>vero</strong></span> <span class='ocrx_word' id='word_1_67' title='bbox 1711 988 1939 1041; x_wconf 80' lang='lat' dir='ltr'><strong>adversa</strong></span> <span class='ocrx_word' id='word_1_68' title='bbox 1973 984 2066 1038; x_wconf 90' lang='lat' dir='ltr'><strong>illa</strong></span> 
     </span>
    </p>
   </div>
   <div class='ocr_carea' id='block_1_12' title="bbox 488 1078 2064 1155">
    <p class='ocr_par' dir='ltr' id='par_1_12' title="bbox 488 1078 2064 1155">
     <span class='ocr_line' id='line_1_12' title="bbox 488 1078 2064 1155; baseline -0.007 -17"><span class='ocrx_word' id='word_1_69' title='bbox 488 1085 751 1155; x_wconf 87' lang='lat' dir='ltr'><strong>potentia.</strong></span> <span class='ocrx_word' id='word_1_70' title='bbox 779 1085 859 1139; x_wconf 84' lang='lat' dir='ltr'><strong>Ad</strong></span> <span class='ocrx_word' id='word_1_71' title='bbox 885 1084 1002 1138; x_wconf 70' lang='lat' dir='ltr'><strong>haec</strong></span> <span class='ocrx_word' id='word_1_72' title='bbox 1028 1083 1074 1138; x_wconf 93' lang='lat' dir='ltr'><strong>si</strong></span> <span class='ocrx_word' id='word_1_73' title='bbox 1101 1081 1373 1153; x_wconf 75' lang='lat' dir='ltr'><strong>Spiritum</strong></span> <span class='ocrx_word' id='word_1_74' title='bbox 1399 1086 1655 1135; x_wconf 86' lang='lat' dir='ltr'><strong>sanctum</strong></span> <span class='ocrx_word' id='word_1_75' title='bbox 1689 1078 1823 1132; x_wconf 87' lang='lat' dir='ltr'><strong>dicit</strong></span> <span class='ocrx_word' id='word_1_76' title='bbox 1844 1086 2064 1131; x_wconf 86' lang='lat' dir='ltr'><strong>creatu-</strong></span> 
     </span>
    </p>
   </div>
   <div class='ocr_carea' id='block_1_13' title="bbox 476 1166 2067 1243">
    <p class='ocr_par' dir='ltr' id='par_1_13' title="bbox 476 1166 2067 1243">
     <span class='ocr_line' id='line_1_13' title="bbox 476 1166 2067 1243; baseline -0.005 -17"><span class='ocrx_word' id='word_1_77' title='bbox 476 1189 621 1239; x_wconf 86' lang='lat' dir='ltr'><strong>ram,</strong></span> <span class='ocrx_word' id='word_1_78' title='bbox 669 1172 1145 1243; x_wconf 78' lang='lat' dir='ltr'><strong>circumscriptam</strong></span> <span class='ocrx_word' id='word_1_79' title='bbox 1182 1185 1249 1225; x_wconf 91' lang='lat' dir='ltr'><strong>ac</strong></span> <span class='ocrx_word' id='word_1_80' title='bbox 1276 1170 1484 1224; x_wconf 78' lang='lat' dir='ltr'><strong>ﬁnitam</strong></span> <span class='ocrx_word' id='word_1_81' title='bbox 1516 1169 1664 1223; x_wconf 90' lang='lat' dir='ltr'><strong>illius</strong></span> <span class='ocrx_word' id='word_1_82' title='bbox 1696 1175 1948 1221; x_wconf 91' lang='lat' dir='ltr'><strong>naturam</strong></span> <span class='ocrx_word' id='word_1_83' title='bbox 1988 1166 2067 1219; x_wconf 90' lang='lat' dir='ltr'><strong>in-</strong></span> 
     </span>
    </p>
   </div>
   <div class='ocr_carea' id='block_1_14' title="bbox 475 1255 2067 1332">
    <p class='ocr_par' dir='ltr' id='par_1_14' title="bbox 475 1255 2067 1332">
     <span class='ocr_line' id='line_1_14' title="bbox 475 1255 2067 1332; baseline -0.005 -16"><span class='ocrx_word' id='word_1_84' title='bbox 475 1262 649 1319; x_wconf 88' lang='lat' dir='ltr'><strong>ducit.</strong></span> <span class='ocrx_word' id='word_1_85' title='bbox 707 1264 996 1331; x_wconf 86' lang='lat' dir='ltr'><strong>Quomodo</strong></span> <span class='ocrx_word' id='word_1_86' title='bbox 1050 1278 1183 1332; x_wconf 76' lang='lat' dir='ltr'><strong>ergo</strong></span> <span class='ocrx_word' id='word_1_87' title='bbox 1234 1261 1401 1317; x_wconf 80' lang='lat' dir='ltr'><strong>stabit</strong></span> <span class='ocrx_word' id='word_1_88' title='bbox 1466 1260 1598 1314; x_wconf 71' lang='lat' dir='ltr'><strong>illud</strong></span> <span class='ocrx_word' id='word_1_89' title='bbox 1639 1276 1652 1310; x_wconf 90' lang='lat'><strong>:</strong></span> <span class='ocrx_word' id='word_1_90' title='bbox 1688 1258 1924 1327; x_wconf 84' lang='lat' dir='ltr'><strong>Spiritus</strong></span> <span class='ocrx_word' id='word_1_91' title='bbox 1959 1255 2067 1309; x_wconf 86' lang='lat' dir='ltr'><strong>Do-</strong></span> 
     </span>
    </p>
   </div>
   <div class='ocr_carea' id='block_1_15' title="bbox 478 1346 2065 1421">
    <p class='ocr_par' dir='ltr' id='par_1_15' title="bbox 478 1346 2065 1421">
     <span class='ocr_line' id='line_1_15' title="bbox 478 1346 2065 1421; baseline -0.004 -13"><span class='ocrx_word' id='word_1_92' title='bbox 478 1356 610 1408; x_wconf 86' lang='lat' dir='ltr'><strong>mini</strong></span> <span class='ocrx_word' id='word_1_93' title='bbox 659 1354 873 1421; x_wconf 77' lang='lat' dir='ltr'><strong>replevit</strong></span> <span class='ocrx_word' id='word_1_94' title='bbox 903 1353 1079 1407; x_wconf 84' lang='lat' dir='ltr'><strong>orbem</strong></span> <span class='ocrx_word' id='word_1_95' title='bbox 1116 1361 1380 1405; x_wconf 75' lang='lat' dir='ltr'><strong>terrarum</strong></span> <span class='ocrx_word' id='word_1_96' title='bbox 1403 1350 1491 1403; x_wconf 74' lang='grc' dir='ltr'>ηι</span> <span class='ocrx_word' id='word_1_97' title='bbox 1525 1349 1659 1403; x_wconf 89' lang='lat' dir='ltr'><strong>illud</strong></span> <span class='ocrx_word' id='word_1_98' title='bbox 1683 1362 1920 1419; x_wconf 88' lang='lat' dir='ltr'><strong>quoque.</strong></span> <span class='ocrx_word' id='word_1_99' title='bbox 1947 1346 2065 1413; x_wconf 85' lang='lat' dir='ltr'><strong>Quo</strong></span> 
     </span>
    </p>
   </div>
   <div class='ocr_carea' id='block_1_16' title="bbox 475 1441 2063 1514">
    <p class='ocr_par' dir='ltr' id='par_1_16' title="bbox 475 1441 2063 1514">
     <span class='ocr_line' id='line_1_16' title="bbox 475 1441 2063 1514; baseline -0.005 -15"><span class='ocrx_word' id='word_1_100' title='bbox 475 1445 562 1499; x_wconf 82' lang='lat' dir='ltr'><strong>ibo</strong></span> <span class='ocrx_word' id='word_1_101' title='bbox 598 1462 631 1498; x_wconf 90' lang='lat' dir='ltr'><strong>a</strong></span> <span class='ocrx_word' id='word_1_102' title='bbox 667 1443 875 1514; x_wconf 77' lang='lat' dir='ltr'><strong>Spiritu</strong></span> <span class='ocrx_word' id='word_1_103' title='bbox 907 1455 996 1498; x_wconf 84' lang='lat' dir='ltr'><strong>tuo</strong></span> <span class='ocrx_word' id='word_1_104' title='bbox 1020 1445 1066 1476; x_wconf 82' lang='grc'><strong>⁸⁸</strong></span> <span class='ocrx_word' id='word_1_105' title='bbox 1101 1443 1126 1495; x_wconf 84' lang='lat'><strong>?</strong></span> <span class='ocrx_word' id='word_1_106' title='bbox 1152 1441 1258 1498; x_wconf 88' lang='lat' dir='ltr'><strong>Sed</strong></span> <span class='ocrx_word' id='word_1_107' title='bbox 1285 1457 1463 1512; x_wconf 88' lang='lat' dir='ltr'><strong>neque</strong></span> <span class='ocrx_word' id='word_1_108' title='bbox 1491 1441 1669 1511; x_wconf 89' lang='lat' dir='ltr'><strong>ipsum</strong></span> <span class='ocrx_word' id='word_1_109' title='bbox 1702 1447 1899 1493; x_wconf 88' lang='lat' dir='ltr'><strong>natura</strong></span> <span class='ocrx_word' id='word_1_110' title='bbox 1929 1441 2063 1493; x_wconf 90' lang='lat' dir='ltr'><strong>sim-</strong></span> 
     </span>
    </p>
   </div>
   <div class='ocr_carea' id='block_1_17' title="bbox 479 1530 2063 1605">
    <p class='ocr_par' dir='ltr' id='par_1_17' title="bbox 479 1530 2063 1605">
     <span class='ocr_line' id='line_1_17' title="bbox 479 1530 2063 1605; baseline -0.004 -16"><span class='ocrx_word' id='word_1_111' title='bbox 479 1536 699 1605; x_wconf 89' lang='lat' dir='ltr'><strong>plicem,</strong></span> <span class='ocrx_word' id='word_1_112' title='bbox 759 1542 818 1588; x_wconf 92' lang='lat' dir='ltr'><strong>ut</strong></span> <span class='ocrx_word' id='word_1_113' title='bbox 870 1542 1128 1605; x_wconf 85' lang='lat' dir='ltr'><strong>apparet,</strong></span> <span class='ocrx_word' id='word_1_114' title='bbox 1161 1531 1473 1588; x_wconf 80' lang='lat' dir='ltr'><strong>conﬁtetur.</strong></span> <span class='ocrx_word' id='word_1_115' title='bbox 1527 1531 1670 1586; x_wconf 89' lang='lat' dir='ltr'><strong>Dicit</strong></span> <span class='ocrx_word' id='word_1_116' title='bbox 1701 1531 1846 1585; x_wconf 92' lang='lat' dir='ltr'><strong>enim</strong></span> <span class='ocrx_word' id='word_1_117' title='bbox 1883 1530 2063 1601; x_wconf 88' lang='lat' dir='ltr'><strong>ipsum</strong></span> 
     </span>
    </p>
   </div>
   <div class='ocr_carea' id='block_1_18' title="bbox 479 1623 2062 1695">
    <p class='ocr_par' dir='ltr' id='par_1_18' title="bbox 479 1623 2062 1695">
     <span class='ocr_line' id='line_1_18' title="bbox 479 1623 2062 1695; baseline -0.005 -14"><span class='ocrx_word' id='word_1_118' title='bbox 479 1642 711 1682; x_wconf 87' lang='lat' dir='ltr'><strong>numero</strong></span> <span class='ocrx_word' id='word_1_119' title='bbox 743 1642 934 1680; x_wconf 91' lang='lat' dir='ltr'><strong>unum.</strong></span> <span class='ocrx_word' id='word_1_120' title='bbox 967 1623 1244 1695; x_wconf 82' lang='lat' dir='ltr'><strong>Quidquid</strong></span> <span class='ocrx_word' id='word_1_121' title='bbox 1279 1632 1459 1678; x_wconf 88' lang='lat' dir='ltr'><strong>autem</strong></span> <span class='ocrx_word' id='word_1_122' title='bbox 1493 1638 1662 1677; x_wconf 82' lang='lat' dir='ltr'><strong>unum</strong></span> <span class='ocrx_word' id='word_1_123' title='bbox 1694 1636 1927 1676; x_wconf 90' lang='lat' dir='ltr'><strong>numero</strong></span> <span class='ocrx_word' id='word_1_124' title='bbox 1956 1629 2062 1686; x_wconf 87' lang='lat' dir='ltr'><strong>est,</strong></span> 
     </span>
    </p>
   </div>
   <div class='ocr_carea' id='block_1_19' title="bbox 480 1712 2061 1786">
    <p class='ocr_par' dir='ltr' id='par_1_19' title="bbox 480 1712 2061 1786">
     <span class='ocr_line' id='line_1_19' title="bbox 480 1712 2061 1786; baseline -0.003 -15"><span class='ocrx_word' id='word_1_125' title='bbox 480 1717 559 1781; x_wconf 87' lang='lat' dir='ltr'><strong>id,</strong></span> <span class='ocrx_word' id='word_1_126' title='bbox 592 1725 653 1770; x_wconf 90' lang='lat' dir='ltr'><strong>ut</strong></span> <span class='ocrx_word' id='word_1_127' title='bbox 687 1716 822 1775; x_wconf 83' lang='lat' dir='ltr'><strong>dixi.</strong></span> <span class='ocrx_word' id='word_1_128' title='bbox 877 1717 1108 1786; x_wconf 80' lang='lat' dir='ltr'><strong>simplex</strong></span> <span class='ocrx_word' id='word_1_129' title='bbox 1144 1731 1254 1770; x_wconf 92' lang='lat' dir='ltr'><strong>non</strong></span> <span class='ocrx_word' id='word_1_130' title='bbox 1305 1723 1409 1770; x_wconf 90' lang='lat' dir='ltr'><strong>est.</strong></span> <span class='ocrx_word' id='word_1_131' title='bbox 1447 1712 1505 1767; x_wconf 88' lang='lat' dir='ltr'><strong>Si</strong></span> <span class='ocrx_word' id='word_1_132' title='bbox 1537 1729 1664 1769; x_wconf 88' lang='lat' dir='ltr'><strong>vero</strong></span> <span class='ocrx_word' id='word_1_133' title='bbox 1695 1713 1922 1783; x_wconf 80' lang='lat' dir='ltr'><strong>simplex</strong></span> <span class='ocrx_word' id='word_1_134' title='bbox 1952 1728 2061 1767; x_wconf 89' lang='lat' dir='ltr'><strong>non</strong></span> 
     </span>
    </p>
   </div>
   <div class='ocr_carea' id='block_1_20' title="bbox 480 1805 2062 1879">
    <p class='ocr_par' dir='ltr' id='par_1_20' title="bbox 480 1805 2062 1879">
     <span class='ocr_line' id='line_1_20' title="bbox 480 1805 2062 1879; baseline -0.002 -17"><span class='ocrx_word' id='word_1_135' title='bbox 480 1815 568 1863; x_wconf 89' lang='lat' dir='ltr'><strong>est</strong></span> <span class='ocrx_word' id='word_1_136' title='bbox 597 1806 836 1879; x_wconf 86' lang='lat' dir='ltr'><strong>Spiritus</strong></span> <span class='ocrx_word' id='word_1_137' title='bbox 867 1818 1091 1862; x_wconf 89' lang='lat' dir='ltr'><strong>sanctus</strong></span> <span class='ocrx_word' id='word_1_138' title='bbox 1112 1846 1127 1872; x_wconf 94' lang='lat'><strong>,</strong></span> <span class='ocrx_word' id='word_1_139' title='bbox 1160 1823 1227 1862; x_wconf 91' lang='lat' dir='ltr'><strong>ex</strong></span> <span class='ocrx_word' id='word_1_140' title='bbox 1256 1805 1497 1862; x_wconf 87' lang='lat' dir='ltr'><strong>essentia</strong></span> <span class='ocrx_word' id='word_1_141' title='bbox 1524 1812 1582 1859; x_wconf 88' lang='lat' dir='ltr'><strong>et</strong></span> <span class='ocrx_word' id='word_1_142' title='bbox 1610 1805 1899 1860; x_wconf 85' lang='lat' dir='ltr'><strong>sanctitate</strong></span> <span class='ocrx_word' id='word_1_143' title='bbox 1933 1819 2062 1859; x_wconf 87' lang='lat' dir='ltr'><strong>con-</strong></span> 
     </span>
    </p>
   </div>
   <div class='ocr_carea' id='block_1_21' title="bbox 476 1898 2057 1971">
    <p class='ocr_par' dir='ltr' id='par_1_21' title="bbox 476 1898 2057 1971">
     <span class='ocr_line' id='line_1_21' title="bbox 476 1898 2057 1971; baseline -0.004 -14"><span class='ocrx_word' id='word_1_144' title='bbox 476 1909 588 1958; x_wconf 82' lang='lat' dir='ltr'><strong>stat</strong></span> <span class='ocrx_word' id='word_1_145' title='bbox 633 1919 648 1955; x_wconf 89' lang='lat'><strong>:</strong></span> <span class='ocrx_word' id='word_1_146' title='bbox 698 1900 843 1971; x_wconf 90' lang='lat' dir='ltr'><strong>quod</strong></span> <span class='ocrx_word' id='word_1_147' title='bbox 878 1907 1061 1954; x_wconf 87' lang='lat' dir='ltr'><strong>autem</strong></span> <span class='ocrx_word' id='word_1_148' title='bbox 1091 1906 1176 1955; x_wconf 87' lang='lat' dir='ltr'><strong>est</strong></span> <span class='ocrx_word' id='word_1_149' title='bbox 1225 1898 1518 1969; x_wconf 86' lang='lat' dir='ltr'><strong>ejusmodi,</strong></span> <span class='ocrx_word' id='word_1_150' title='bbox 1555 1901 1921 1967; x_wconf 85' lang='lat' dir='ltr'><strong>compositum</strong></span> <span class='ocrx_word' id='word_1_151' title='bbox 1952 1908 2057 1951; x_wconf 88' lang='lat' dir='ltr'><strong>est.</strong></span> 
     </span>
    </p>
   </div>
   <div class='ocr_carea' id='block_1_22' title="bbox 478 1986 2057 2060">
    <p class='ocr_par' dir='ltr' id='par_1_22' title="bbox 478 1986 2057 2060">
     <span class='ocr_line' id='line_1_22' title="bbox 478 1986 2057 2060; baseline -0.003 -15"><span class='ocrx_word' id='word_1_152' title='bbox 478 1989 586 2045; x_wconf 85' lang='lat' dir='ltr'><strong>Sed</strong></span> <span class='ocrx_word' id='word_1_153' title='bbox 617 1992 742 2060; x_wconf 89' lang='lat' dir='ltr'><strong>quis</strong></span> <span class='ocrx_word' id='word_1_154' title='bbox 766 1990 901 2046; x_wconf 87' lang='lat' dir='ltr'><strong>adeo</strong></span> <span class='ocrx_word' id='word_1_155' title='bbox 931 1991 1158 2045; x_wconf 90' lang='lat' dir='ltr'><strong>demens</strong></span> <span class='ocrx_word' id='word_1_156' title='bbox 1184 1988 1374 2053; x_wconf 72' lang='lat' dir='ltr'><strong>fuerit,</strong></span> <span class='ocrx_word' id='word_1_157' title='bbox 1408 1998 1467 2042; x_wconf 92' lang='lat' dir='ltr'><strong>ut</strong></span> <span class='ocrx_word' id='word_1_158' title='bbox 1507 1986 1775 2058; x_wconf 88' lang='lat' dir='ltr'><strong>Spiritum</strong></span> <span class='ocrx_word' id='word_1_159' title='bbox 1807 2001 2057 2043; x_wconf 79' lang='lat' dir='ltr'><strong>sanctum</strong></span> 
     </span>
    </p>
   </div>
   <div class='ocr_carea' id='block_1_23' title="bbox 483 2078 2062 2152">
    <p class='ocr_par' dir='ltr' id='par_1_23' title="bbox 483 2078 2062 2152">
     <span class='ocr_line' id='line_1_23' title="bbox 483 2078 2062 2152; baseline -0.001 -18"><span class='ocrx_word' id='word_1_160' title='bbox 483 2083 633 2137; x_wconf 90' lang='lat' dir='ltr'><strong>dicat</strong></span> <span class='ocrx_word' id='word_1_161' title='bbox 664 2083 1030 2152; x_wconf 90' lang='lat' dir='ltr'><strong>compositum</strong></span> <span class='ocrx_word' id='word_1_162' title='bbox 1057 2124 1072 2149; x_wconf 89' lang='lat'><strong>,</strong></span> <span class='ocrx_word' id='word_1_163' title='bbox 1111 2096 1175 2136; x_wconf 88' lang='lat' dir='ltr'><strong>ac</strong></span> <span class='ocrx_word' id='word_1_164' title='bbox 1198 2096 1310 2136; x_wconf 91' lang='lat' dir='ltr'><strong>non</strong></span> <span class='ocrx_word' id='word_1_165' title='bbox 1358 2080 1690 2150; x_wconf 89' lang='lat' dir='ltr'><strong>simplicem,</strong></span> <span class='ocrx_word' id='word_1_166' title='bbox 1718 2092 1773 2133; x_wconf 90' lang='lat' dir='ltr'><strong>et</strong></span> <span class='ocrx_word' id='word_1_167' title='bbox 1826 2078 1976 2134; x_wconf 82' lang='lat' dir='ltr'><strong>Patri</strong></span> <span class='ocrx_word' id='word_1_168' title='bbox 2008 2088 2062 2132; x_wconf 94' lang='lat' dir='ltr'><strong>et</strong></span> 
     </span>
    </p>
   </div>
   <div class='ocr_carea' id='block_1_24' title="bbox 476 2170 2064 2240">
    <p class='ocr_par' dir='ltr' id='par_1_24' title="bbox 476 2170 2064 2240">
     <span class='ocr_line' id='line_1_24' title="bbox 476 2170 2064 2240; baseline -0.002 -14"><span class='ocrx_word' id='word_1_169' title='bbox 476 2170 620 2227; x_wconf 83' lang='lat' dir='ltr'><strong>Filio</strong></span> <span class='ocrx_word' id='word_1_170' title='bbox 668 2173 1196 2229; x_wconf 84' lang='lat' dir='ltr'><strong>consubstantialem</strong></span> <span class='ocrx_word' id='word_1_171' title='bbox 1225 2171 1527 2227; x_wconf 84' lang='lat' dir='ltr'><strong>secundum</strong></span> <span class='ocrx_word' id='word_1_172' title='bbox 1565 2171 1936 2240; x_wconf 62' lang='lat' dir='ltr'><strong>simplicitatis</strong></span> <span class='ocrx_word' id='word_1_173' title='bbox 1981 2187 2064 2224; x_wconf 88' lang='lat' dir='ltr'><strong>ra-</strong></span> 
     </span>
    </p>
   </div>
   <div class='ocr_carea' id='block_1_25' title="bbox 475 2263 724 2320">
    <p class='ocr_par' dir='ltr' id='par_1_25' title="bbox 475 2263 724 2320">
     <span class='ocr_line' id='line_1_25' title="bbox 475 2263 724 2320; baseline 0.004 -2"><span class='ocrx_word' id='word_1_174' title='bbox 475 2263 724 2320; x_wconf 80' lang='lat' dir='ltr'><strong>tionem&quot;!</strong></span> 
     </span>
    </p>
   </div>
   <div class='ocr_carea' id='block_1_26' title="bbox 545 2391 2058 2463">
    <p class='ocr_par' dir='ltr' id='par_1_26' title="bbox 545 2391 2058 2463">
     <span class='ocr_line' id='line_1_26' title="bbox 545 2391 2058 2463; baseline -0.001 -16"><span class='ocrx_word' id='word_1_175' title='bbox 545 2393 636 2447; x_wconf 77' lang='grc'><strong>11.</strong></span> <span class='ocrx_word' id='word_1_176' title='bbox 677 2391 835 2459; x_wconf 84' lang='lat' dir='ltr'><strong>Quod</strong></span> <span class='ocrx_word' id='word_1_177' title='bbox 872 2396 921 2447; x_wconf 88' lang='lat' dir='ltr'><strong>si</strong></span> <span class='ocrx_word' id='word_1_178' title='bbox 978 2407 1233 2448; x_wconf 82' lang='lat' dir='ltr'><strong>sermone</strong></span> <span class='ocrx_word' id='word_1_179' title='bbox 1285 2391 1748 2463; x_wconf 74' lang='lat' dir='ltr'><strong>progrediendum</strong></span> <span class='ocrx_word' id='word_1_180' title='bbox 1777 2399 1892 2455; x_wconf 88' lang='lat' dir='ltr'><strong>est,</strong></span> <span class='ocrx_word' id='word_1_181' title='bbox 1940 2407 2058 2445; x_wconf 87' lang='lat' dir='ltr'><strong>ma-</strong></span> 
     </span>
    </p>
   </div>
   <div class='ocr_carea' id='block_1_27' title="bbox 471 2482 2056 2554">
    <p class='ocr_par' dir='ltr' id='par_1_27' title="bbox 471 2482 2056 2554">
     <span class='ocr_line' id='line_1_27' title="bbox 471 2482 2056 2554; baseline 0 -19"><span class='ocrx_word' id='word_1_182' title='bbox 471 2482 705 2554; x_wconf 73' lang='lat' dir='ltr'><strong>ioraque</strong></span> <span class='ocrx_word' id='word_1_183' title='bbox 752 2483 1098 2553; x_wconf 84' lang='lat' dir='ltr'><strong>inspicienda</strong></span> <span class='ocrx_word' id='word_1_184' title='bbox 1121 2521 1137 2547; x_wconf 93' lang='lat'><strong>,</strong></span> <span class='ocrx_word' id='word_1_185' title='bbox 1172 2482 1301 2536; x_wconf 84' lang='lat' dir='ltr'><strong>hinc</strong></span> <span class='ocrx_word' id='word_1_186' title='bbox 1347 2484 1586 2537; x_wconf 80' lang='lat' dir='ltr'><strong>maxime</strong></span> <span class='ocrx_word' id='word_1_187' title='bbox 1609 2482 1849 2536; x_wconf 83' lang='lat' dir='ltr'><strong>divinam</strong></span> <span class='ocrx_word' id='word_1_188' title='bbox 1881 2483 2056 2538; x_wconf 82' lang='lat' dir='ltr'><strong>sancti</strong></span> 
     </span>
    </p>
   </div>
   <div class='ocr_carea' id='block_1_28' title="bbox 478 2572 2058 2644">
    <p class='ocr_par' dir='ltr' id='par_1_28' title="bbox 478 2572 2058 2644">
     <span class='ocr_line' id='line_1_28' title="bbox 478 2572 2058 2644; baseline -0.001 -17"><span class='ocrx_word' id='word_1_189' title='bbox 478 2572 721 2644; x_wconf 87' lang='lat' dir='ltr'><strong>Spiritus</strong></span> <span class='ocrx_word' id='word_1_190' title='bbox 768 2574 1072 2644; x_wconf 87' lang='lat' dir='ltr'><strong>potentiam</strong></span> <span class='ocrx_word' id='word_1_191' title='bbox 1127 2575 1581 2643; x_wconf 89' lang='lat' dir='ltr'><strong>contemplemur.</strong></span> <span class='ocrx_word' id='word_1_192' title='bbox 1632 2572 1762 2626; x_wconf 92' lang='lat' dir='ltr'><strong>Tria</strong></span> <span class='ocrx_word' id='word_1_193' title='bbox 1819 2575 2058 2628; x_wconf 74' lang='lat' dir='ltr'><strong>creatio-</strong></span> 
     </span>
    </p>
   </div>
   <div class='ocr_carea' id='block_1_29' title="bbox 477 2663 2055 2736">
    <p class='ocr_par' dir='ltr' id='par_1_29' title="bbox 477 2663 2055 2736">
     <span class='ocr_line' id='line_1_29' title="bbox 477 2663 2055 2736; baseline -0.001 -17"><span class='ocrx_word' id='word_1_194' title='bbox 477 2681 609 2719; x_wconf 90' lang='lat' dir='ltr'><strong>num</strong></span> <span class='ocrx_word' id='word_1_195' title='bbox 664 2679 865 2736; x_wconf 74' lang='lat' dir='ltr'><strong>genera</strong></span> <span class='ocrx_word' id='word_1_196' title='bbox 931 2666 988 2718; x_wconf 92' lang='lat' dir='ltr'><strong>in</strong></span> <span class='ocrx_word' id='word_1_197' title='bbox 1024 2663 1312 2733; x_wconf 87' lang='lat' dir='ltr'><strong>Scriptura</strong></span> <span class='ocrx_word' id='word_1_198' title='bbox 1363 2664 1646 2719; x_wconf 81' lang='lat' dir='ltr'><strong>nominata</strong></span> <span class='ocrx_word' id='word_1_199' title='bbox 1697 2665 2055 2721; x_wconf 76' lang='lat' dir='ltr'><strong>invenimus:</strong></span> 
     </span>
    </p>
   </div>
   <div class='ocr_carea' id='block_1_30' title="bbox 477 2753 2059 2825">
    <p class='ocr_par' dir='ltr' id='par_1_30' title="bbox 477 2753 2059 2825">
     <span class='ocr_line' id='line_1_30' title="bbox 477 2753 2059 2825; baseline 0.002 -17"><span class='ocrx_word' id='word_1_200' title='bbox 477 2770 647 2809; x_wconf 89' lang='lat' dir='ltr'><strong>unum</strong></span> <span class='ocrx_word' id='word_1_201' title='bbox 700 2753 924 2825; x_wconf 90' lang='lat' dir='ltr'><strong>quidem</strong></span> <span class='ocrx_word' id='word_1_202' title='bbox 979 2768 1043 2808; x_wconf 89' lang='lat' dir='ltr'><strong>ac</strong></span> <span class='ocrx_word' id='word_1_203' title='bbox 1096 2755 1364 2824; x_wconf 79' lang='lat' dir='ltr'><strong>primum,</strong></span> <span class='ocrx_word' id='word_1_204' title='bbox 1415 2770 1479 2809; x_wconf 84' lang='lat' dir='ltr'><strong>ex</strong></span> <span class='ocrx_word' id='word_1_205' title='bbox 1526 2755 1699 2809; x_wconf 87' lang='lat' dir='ltr'><strong>nihilo</strong></span> <span class='ocrx_word' id='word_1_206' title='bbox 1739 2758 2059 2825; x_wconf 81' lang='lat' dir='ltr'><strong>productio-</strong></span> 
     </span>
    </p>
   </div>
   <div class='ocr_carea' id='block_1_31' title="bbox 475 2843 2058 2914">
    <p class='ocr_par' dir='ltr' id='par_1_31' title="bbox 475 2843 2058 2914">
     <span class='ocr_line' id='line_1_31' title="bbox 475 2843 2058 2914; baseline 0.001 -15"><span class='ocrx_word' id='word_1_207' title='bbox 475 2860 642 2912; x_wconf 90' lang='lat' dir='ltr'><strong>nem;</strong></span> <span class='ocrx_word' id='word_1_208' title='bbox 694 2844 996 2900; x_wconf 90' lang='lat' dir='ltr'><strong>secundum</strong></span> <span class='ocrx_word' id='word_1_209' title='bbox 1042 2858 1214 2908; x_wconf 88' lang='lat' dir='ltr'><strong>vero,</strong></span> <span class='ocrx_word' id='word_1_210' title='bbox 1273 2859 1341 2899; x_wconf 92' lang='lat' dir='ltr'><strong>ex</strong></span> <span class='ocrx_word' id='word_1_211' title='bbox 1396 2843 1585 2914; x_wconf 89' lang='lat' dir='ltr'><strong>pejore</strong></span> <span class='ocrx_word' id='word_1_212' title='bbox 1625 2845 1680 2901; x_wconf 91' lang='lat' dir='ltr'><strong>in</strong></span> <span class='ocrx_word' id='word_1_213' title='bbox 1713 2846 1908 2901; x_wconf 89' lang='lat' dir='ltr'><strong>melius</strong></span> <span class='ocrx_word' id='word_1_214' title='bbox 1955 2847 2058 2901; x_wconf 89' lang='lat' dir='ltr'><strong>im-</strong></span> 
     </span>
    </p>
   </div>
   <div class='ocr_carea' id='block_1_32' title="bbox 479 2935 2057 3003">
    <p class='ocr_par' dir='ltr' id='par_1_32' title="bbox 479 2935 2057 3003">
     <span class='ocr_line' id='line_1_32' title="bbox 479 2935 2057 3003; baseline 0.003 -14"><span class='ocrx_word' id='word_1_215' title='bbox 479 2937 874 3003; x_wconf 89' lang='lat' dir='ltr'><strong>mutationem;</strong></span> <span class='ocrx_word' id='word_1_216' title='bbox 945 2935 1164 2990; x_wconf 88' lang='lat' dir='ltr'><strong>tertium</strong></span> <span class='ocrx_word' id='word_1_217' title='bbox 1193 2973 1209 3000; x_wconf 92' lang='lat'><strong>,</strong></span> <span class='ocrx_word' id='word_1_218' title='bbox 1260 2936 1726 2991; x_wconf 85' lang='lat' dir='ltr'><strong>resurrectionem</strong></span> <span class='ocrx_word' id='word_1_219' title='bbox 1810 2949 2057 2993; x_wconf 89' lang='lat' dir='ltr'><strong>mortuo-</strong></span> 
     </span>
    </p>
   </div>
   <div class='ocr_carea' id='block_1_33' title="bbox 475 3023 2056 3097">
    <p class='ocr_par' dir='ltr' id='par_1_33' title="bbox 475 3023 2056 3097">
     <span class='ocr_line' id='line_1_33' title="bbox 475 3023 2056 3097; baseline 0.003 -18"><span class='ocrx_word' id='word_1_220' title='bbox 475 3043 619 3080; x_wconf 89' lang='lat' dir='ltr'><strong>rum.</strong></span> <span class='ocrx_word' id='word_1_221' title='bbox 657 3027 717 3082; x_wconf 87' lang='lat' dir='ltr'><strong>ln</strong></span> <span class='ocrx_word' id='word_1_222' title='bbox 759 3026 847 3082; x_wconf 82' lang='lat' dir='ltr'><strong>bis</strong></span> <span class='ocrx_word' id='word_1_223' title='bbox 896 3026 1139 3097; x_wconf 86' lang='lat' dir='ltr'><strong>reperies</strong></span> <span class='ocrx_word' id='word_1_224' title='bbox 1195 3023 1461 3096; x_wconf 89' lang='lat' dir='ltr'><strong>Spiritum</strong></span> <span class='ocrx_word' id='word_1_225' title='bbox 1506 3035 1756 3081; x_wconf 86' lang='lat' dir='ltr'><strong>sanctum</strong></span> <span class='ocrx_word' id='word_1_226' title='bbox 1793 3043 1899 3082; x_wconf 88' lang='lat' dir='ltr'><strong>una</strong></span> <span class='ocrx_word' id='word_1_227' title='bbox 1932 3044 2056 3083; x_wconf 91' lang='lat' dir='ltr'><strong>cum</strong></span> 
     </span>
    </p>
   </div>
   <div class='ocr_carea' id='block_1_34' title="bbox 477 3118 2128 3193">
    <p class='ocr_par' dir='ltr' id='par_1_34' title="bbox 477 3118 2128 3193">
     <span class='ocr_line' id='line_1_34' title="bbox 477 3118 2128 3193; baseline 0.002 -18"><span class='ocrx_word' id='word_1_228' title='bbox 477 3120 640 3175; x_wconf 83' lang='lat' dir='ltr'><strong>Patre</strong></span> <span class='ocrx_word' id='word_1_229' title='bbox 672 3129 726 3175; x_wconf 88' lang='lat' dir='ltr'><strong>et</strong></span> <span class='ocrx_word' id='word_1_230' title='bbox 776 3118 914 3175; x_wconf 85' lang='lat' dir='ltr'><strong>Filio</strong></span> <span class='ocrx_word' id='word_1_231' title='bbox 956 3128 1297 3191; x_wconf 78' lang='lat' dir='ltr'><strong>operantem.</strong></span> <span class='ocrx_word' id='word_1_232' title='bbox 1352 3120 1489 3175; x_wconf 72' lang='grc' dir='ltr'><strong>ϐωΙί</strong></span> <span class='ocrx_word' id='word_1_233' title='bbox 1545 3126 1691 3175; x_wconf 91' lang='lat' dir='ltr'><strong>enim</strong></span> <span class='ocrx_word' id='word_1_234' title='bbox 1742 3123 2056 3193; x_wconf 87' lang='lat' dir='ltr'><strong>producun-</strong></span> <span class='ocrx_word' id='word_1_235' title='bbox 2085 3134 2128 3191; x_wconf 68' lang='grc' dir='ltr'><strong>(ι</strong></span> 
     </span>
    </p>
   </div>
   <div class='ocr_carea' id='block_1_35' title="bbox 478 3212 2063 3282">
    <p class='ocr_par' dir='ltr' id='par_1_35' title="bbox 478 3212 2063 3282">
     <span class='ocr_line' id='line_1_35' title="bbox 478 3212 2063 3282; baseline 0.005 -16"><span class='ocrx_word' id='word_1_236' title='bbox 478 3223 591 3267; x_wconf 88' lang='lat' dir='ltr'><strong>tur.</strong></span> <span class='ocrx_word' id='word_1_237' title='bbox 625 3212 767 3279; x_wconf 86' lang='lat' dir='ltr'><strong>Quid</strong></span> <span class='ocrx_word' id='word_1_238' title='bbox 820 3214 934 3282; x_wconf 88' lang='lat' dir='ltr'><strong>jam</strong></span> <span class='ocrx_word' id='word_1_239' title='bbox 987 3213 1122 3268; x_wconf 86' lang='lat' dir='ltr'><strong>dicit</strong></span> <span class='ocrx_word' id='word_1_240' title='bbox 1172 3212 1393 3269; x_wconf 82' lang='lat' dir='ltr'><strong>David?</strong></span> <span class='ocrx_word' id='word_1_241' title='bbox 1445 3214 1610 3268; x_wconf 83' lang='lat' dir='ltr'><strong>Verbo</strong></span> <span class='ocrx_word' id='word_1_242' title='bbox 1666 3214 1885 3271; x_wconf 78' lang='lat' dir='ltr'><strong>Domini</strong></span> <span class='ocrx_word' id='word_1_243' title='bbox 1948 3221 2063 3274; x_wconf 65' lang='lat' dir='ltr'><strong>caeli</strong></span> 
     </span>
    </p>
   </div>
   <div class='ocr_carea' id='block_1_36' title="bbox 476 3305 2062 3375">
    <p class='ocr_par' dir='ltr' id='par_1_36' title="bbox 476 3305 2062 3375">
     <span class='ocr_line' id='line_1_36' title="bbox 476 3305 2062 3375; baseline 0.004 -17"><span class='ocrx_word' id='word_1_244' title='bbox 476 3306 678 3375; x_wconf 79' lang='lat' dir='ltr'><strong>ﬁrmati</strong></span> <span class='ocrx_word' id='word_1_245' title='bbox 735 3314 900 3369; x_wconf 84' lang='lat' dir='ltr'><strong>sunt,</strong></span> <span class='ocrx_word' id='word_1_246' title='bbox 969 3314 1018 3358; x_wconf 83' lang='lat' dir='ltr'><strong>et</strong></span> <span class='ocrx_word' id='word_1_247' title='bbox 1064 3305 1258 3373; x_wconf 80' lang='lat' dir='ltr'><strong>spiritu</strong></span> <span class='ocrx_word' id='word_1_248' title='bbox 1322 3308 1432 3360; x_wconf 79' lang='lat' dir='ltr'><strong>oris</strong></span> <span class='ocrx_word' id='word_1_249' title='bbox 1494 3307 1610 3375; x_wconf 85' lang='lat' dir='ltr'><strong>ejus</strong></span> <span class='ocrx_word' id='word_1_250' title='bbox 1671 3311 1839 3362; x_wconf 87' lang='lat' dir='ltr'><strong>omnis</strong></span> <span class='ocrx_word' id='word_1_251' title='bbox 1896 3311 2062 3364; x_wconf 82' lang='lat' dir='ltr'><strong>virtus</strong></span> 
     </span>
    </p>
   </div>
   <div class='ocr_carea' id='block_1_37' title="bbox 475 3394 2063 3468">
    <p class='ocr_par' dir='ltr' id='par_1_37' title="bbox 475 3394 2063 3468">
     <span class='ocr_line' id='line_1_37' title="bbox 475 3394 2063 3468; baseline 0.003 -18"><span class='ocrx_word' id='word_1_252' title='bbox 475 3396 738 3451; x_wconf 76' lang='lat' dir='ltr'><strong>eorum&quot;.</strong></span> <span class='ocrx_word' id='word_1_253' title='bbox 774 3394 991 3451; x_wconf 82' lang='lat' dir='ltr'><strong>Rursus</strong></span> <span class='ocrx_word' id='word_1_254' title='bbox 1029 3406 1253 3450; x_wconf 82' lang='lat' dir='ltr'><strong>creatur</strong></span> <span class='ocrx_word' id='word_1_255' title='bbox 1311 3397 1477 3450; x_wconf 87' lang='lat' dir='ltr'><strong>homo</strong></span> <span class='ocrx_word' id='word_1_256' title='bbox 1525 3413 1619 3466; x_wconf 86' lang='lat' dir='ltr'><strong>per</strong></span> <span class='ocrx_word' id='word_1_257' title='bbox 1649 3399 1940 3468; x_wconf 87' lang='lat' dir='ltr'><strong>baptisma.</strong></span> <span class='ocrx_word' id='word_1_258' title='bbox 2003 3402 2063 3457; x_wconf 91' lang='lat' dir='ltr'><strong>Si</strong></span> 
     </span>
    </p>
   </div>
   <div class='ocr_carea' id='block_1_38' title="bbox 472 3487 2062 3564">
    <p class='ocr_par' dir='ltr' id='par_1_38' title="bbox 472 3487 2062 3564">
     <span class='ocr_line' id='line_1_38' title="bbox 472 3487 2062 3564; baseline 0.005 -24"><span class='ocrx_word' id='word_1_259' title='bbox 472 3506 582 3558; x_wconf 82' lang='lat' dir='ltr'><strong>qua</strong></span> <span class='ocrx_word' id='word_1_260' title='bbox 635 3490 772 3542; x_wconf 82' lang='lat' dir='ltr'><strong>enim</strong></span> <span class='ocrx_word' id='word_1_261' title='bbox 826 3490 882 3542; x_wconf 85' lang='lat' dir='ltr'><strong>in</strong></span> <span class='ocrx_word' id='word_1_262' title='bbox 930 3487 1148 3543; x_wconf 80' lang='lat' dir='ltr'><strong>Christo</strong></span> <span class='ocrx_word' id='word_1_263' title='bbox 1200 3506 1337 3543; x_wconf 83' lang='lat' dir='ltr'><strong>nova</strong></span> <span class='ocrx_word' id='word_1_264' title='bbox 1376 3504 1647 3543; x_wconf 58' lang='lat' dir='ltr'><strong>&#39;creatura</strong></span> <span class='ocrx_word' id='word_1_265' title='bbox 1671 3491 1742 3544; x_wconf 78' lang='grc'><strong>⁸³.</strong></span> <span class='ocrx_word' id='word_1_266' title='bbox 1773 3490 1890 3545; x_wconf 74' lang='lat' dir='ltr'><strong>Iam</strong></span> <span class='ocrx_word' id='word_1_267' title='bbox 1930 3495 2062 3564; x_wconf 87' lang='lat' dir='ltr'><strong>qttid</strong></span> 
     </span>
    </p>
   </div>
   <div class='ocr_carea' id='block_1_39' title="bbox 472 3578 2063 3649">
    <p class='ocr_par' dir='ltr' id='par_1_39' title="bbox 472 3578 2063 3649">
     <span class='ocr_line' id='line_1_39' title="bbox 472 3578 2063 3649; baseline 0.005 -18"><span class='ocrx_word' id='word_1_268' title='bbox 472 3581 612 3634; x_wconf 82' lang='lat' dir='ltr'><strong>dicit</strong></span> <span class='ocrx_word' id='word_1_269' title='bbox 662 3580 950 3649; x_wconf 86' lang='lat' dir='ltr'><strong>discipulis</strong></span> <span class='ocrx_word' id='word_1_270' title='bbox 1011 3579 1309 3632; x_wconf 73' lang='lat' dir='ltr'><strong>Salvator?</strong></span> <span class='ocrx_word' id='word_1_271' title='bbox 1375 3578 1574 3635; x_wconf 84' lang='lat' dir='ltr'><strong>Euntes</strong></span> <span class='ocrx_word' id='word_1_272' title='bbox 1632 3581 1811 3636; x_wconf 75' lang='lat' dir='ltr'><strong>docete</strong></span> <span class='ocrx_word' id='word_1_273' title='bbox 1888 3601 2063 3639; x_wconf 83' lang='lat' dir='ltr'><strong>omnes</strong></span> 
     </span>
    </p>
   </div>
   <div class='ocr_carea' id='block_1_40' title="bbox 473 3672 2067 3742">
    <p class='ocr_par' dir='ltr' id='par_1_40' title="bbox 473 3672 2067 3742">
     <span class='ocr_line' id='line_1_40' title="bbox 473 3672 2067 3742; baseline 0.005 -18"><span class='ocrx_word' id='word_1_274' title='bbox 473 3683 671 3741; x_wconf 72' lang='lat' dir='ltr'><strong>gentes,</strong></span> <span class='ocrx_word' id='word_1_275' title='bbox 724 3672 1057 3742; x_wconf 81' lang='lat' dir='ltr'><strong>baptizantes</strong></span> <span class='ocrx_word' id='word_1_276' title='bbox 1118 3687 1207 3726; x_wconf 89' lang='lat' dir='ltr'><strong>eos</strong></span> <span class='ocrx_word' id='word_1_277' title='bbox 1243 3674 1297 3726; x_wconf 86' lang='lat' dir='ltr'><strong>in</strong></span> <span class='ocrx_word' id='word_1_278' title='bbox 1332 3673 1541 3727; x_wconf 81' lang='lat' dir='ltr'><strong>nomine</strong></span> <span class='ocrx_word' id='word_1_279' title='bbox 1592 3673 1777 3729; x_wconf 87' lang='lat' dir='ltr'><strong>Patris</strong></span> <span class='ocrx_word' id='word_1_280' title='bbox 1831 3689 1881 3729; x_wconf 89' lang='lat' dir='ltr'><strong>et</strong></span> <span class='ocrx_word' id='word_1_281' title='bbox 1931 3676 2067 3732; x_wconf 80' lang='lat' dir='ltr'><strong>Filii</strong></span> 
     </span>
    </p>
   </div>
   <div class='ocr_carea' id='block_1_41' title="bbox 475 3763 2063 3835">
    <p class='ocr_par' dir='ltr' id='par_1_41' title="bbox 475 3763 2063 3835">
     <span class='ocr_line' id='line_1_41' title="bbox 475 3763 2063 3835; baseline 0.003 -16"><span class='ocrx_word' id='word_1_282' title='bbox 475 3780 529 3819; x_wconf 79' lang='lat' dir='ltr'><strong>et</strong></span> <span class='ocrx_word' id='word_1_283' title='bbox 560 3765 793 3835; x_wconf 84' lang='lat' dir='ltr'><strong>Spiritus</strong></span> <span class='ocrx_word' id='word_1_284' title='bbox 843 3768 1017 3820; x_wconf 81' lang='lat' dir='ltr'><strong>sancti</strong></span> <span class='ocrx_word' id='word_1_285' title='bbox 1042 3765 1108 3819; x_wconf 81' lang='grc'>⁸³.</span> <span class='ocrx_word' id='word_1_286' title='bbox 1166 3763 1334 3821; x_wconf 83' lang='lat' dir='ltr'><strong>Vides</strong></span> <span class='ocrx_word' id='word_1_287' title='bbox 1362 3775 1418 3820; x_wconf 92' lang='lat' dir='ltr'><strong>et</strong></span> <span class='ocrx_word' id='word_1_288' title='bbox 1453 3767 1543 3821; x_wconf 88' lang='lat' dir='ltr'><strong>hic</strong></span> <span class='ocrx_word' id='word_1_289' title='bbox 1574 3783 1683 3820; x_wconf 92' lang='lat' dir='ltr'><strong>una</strong></span> <span class='ocrx_word' id='word_1_290' title='bbox 1711 3766 1907 3824; x_wconf 88' lang='lat' dir='ltr'><strong>adesse</strong></span> <span class='ocrx_word' id='word_1_291' title='bbox 1937 3785 2063 3824; x_wconf 92' lang='lat' dir='ltr'><strong>cum</strong></span> 
     </span>
    </p>
   </div>
   <div class='ocr_carea' id='block_1_42' title="bbox 474 3853 2063 3924">
    <p class='ocr_par' dir='ltr' id='par_1_42' title="bbox 474 3853 2063 3924">
     <span class='ocr_line' id='line_1_42' title="bbox 474 3853 2063 3924; baseline 0.003 -14"><span class='ocrx_word' id='word_1_292' title='bbox 474 3854 638 3911; x_wconf 76' lang='lat' dir='ltr'><strong>Patre</strong></span> <span class='ocrx_word' id='word_1_293' title='bbox 669 3864 723 3911; x_wconf 88' lang='lat' dir='ltr'><strong>et</strong></span> <span class='ocrx_word' id='word_1_294' title='bbox 756 3854 893 3909; x_wconf 85' lang='lat' dir='ltr'><strong>Filio</strong></span> <span class='ocrx_word' id='word_1_295' title='bbox 919 3854 1184 3924; x_wconf 85' lang='lat' dir='ltr'><strong>Spiritum</strong></span> <span class='ocrx_word' id='word_1_296' title='bbox 1216 3864 1490 3911; x_wconf 89' lang='lat' dir='ltr'><strong>sanctum.</strong></span> <span class='ocrx_word' id='word_1_297' title='bbox 1528 3853 1673 3923; x_wconf 90' lang='lat' dir='ltr'><strong>Quid</strong></span> <span class='ocrx_word' id='word_1_298' title='bbox 1704 3865 1887 3912; x_wconf 89' lang='lat' dir='ltr'><strong>autem</strong></span> <span class='ocrx_word' id='word_1_299' title='bbox 1909 3859 2063 3914; x_wconf 89' lang='lat' dir='ltr'><strong>dices</strong></span> 
     </span>
    </p>
   </div>
   <div class='ocr_carea' id='block_1_43' title="bbox 470 3949 2066 4020">
    <p class='ocr_par' dir='ltr' id='par_1_43' title="bbox 470 3949 2066 4020">
     <span class='ocr_line' id='line_1_43' title="bbox 470 3949 2066 4020; baseline 0.002 -16"><span class='ocrx_word' id='word_1_300' title='bbox 470 3961 531 4004; x_wconf 85' lang='lat' dir='ltr'><strong>et</strong></span> <span class='ocrx_word' id='word_1_301' title='bbox 583 3951 650 4004; x_wconf 90' lang='lat' dir='ltr'><strong>de</strong></span> <span class='ocrx_word' id='word_1_302' title='bbox 707 3949 1108 4004; x_wconf 87' lang='lat' dir='ltr'><strong>resurrectione</strong></span> <span class='ocrx_word' id='word_1_303' title='bbox 1161 3959 1505 4003; x_wconf 88' lang='lat' dir='ltr'><strong>mortuorum</strong></span> <span class='ocrx_word' id='word_1_304' title='bbox 1533 3989 1549 4014; x_wconf 93' lang='lat'><strong>,</strong></span> <span class='ocrx_word' id='word_1_305' title='bbox 1590 3957 1882 4020; x_wconf 86' lang='lat' dir='ltr'><strong>postquam</strong></span> <span class='ocrx_word' id='word_1_306' title='bbox 1917 3951 2066 4007; x_wconf 80' lang='lat' dir='ltr'><strong>defe-</strong></span> 
     </span>
    </p>
   </div>
   <div class='ocr_carea' id='block_1_44' title="bbox 476 4041 2066 4110">
    <p class='ocr_par' dir='ltr' id='par_1_44' title="bbox 476 4041 2066 4110">
     <span class='ocr_line' id='line_1_44' title="bbox 476 4041 2066 4110; baseline 0 -13"><span class='ocrx_word' id='word_1_307' title='bbox 476 4043 714 4097; x_wconf 89' lang='lat' dir='ltr'><strong>cerimus</strong></span> <span class='ocrx_word' id='word_1_308' title='bbox 745 4081 760 4104; x_wconf 85' lang='lat'><strong>,</strong></span> <span class='ocrx_word' id='word_1_309' title='bbox 807 4051 859 4097; x_wconf 91' lang='lat' dir='ltr'><strong>et</strong></span> <span class='ocrx_word' id='word_1_310' title='bbox 901 4042 957 4095; x_wconf 90' lang='lat' dir='ltr'><strong>in</strong></span> <span class='ocrx_word' id='word_1_311' title='bbox 1007 4048 1262 4096; x_wconf 88' lang='lat' dir='ltr'><strong>nostrum</strong></span> <span class='ocrx_word' id='word_1_312' title='bbox 1308 4041 1585 4110; x_wconf 84' lang='lat' dir='ltr'><strong>pulverem</strong></span> <span class='ocrx_word' id='word_1_313' title='bbox 1634 4043 1838 4096; x_wconf 80' lang='lat' dir='ltr'><strong>reversi</strong></span> <span class='ocrx_word' id='word_1_314' title='bbox 1893 4041 2066 4097; x_wconf 84' lang='lat' dir='ltr'><strong>fueri-</strong></span> 
     </span>
    </p>
   </div>
   <div class='ocr_carea' id='block_1_45' title="bbox 472 4132 2065 4200">
    <p class='ocr_par' dir='ltr' id='par_1_45' title="bbox 472 4132 2065 4200">
     <span class='ocr_line' id='line_1_45' title="bbox 472 4132 2065 4200; baseline 0.001 -10"><span class='ocrx_word' id='word_1_315' title='bbox 472 4134 639 4190; x_wconf 83' lang='lat' dir='ltr'><strong>mus?</strong></span> <span class='ocrx_word' id='word_1_316' title='bbox 668 4132 839 4188; x_wconf 86' lang='lat' dir='ltr'><strong>Terra</strong></span> <span class='ocrx_word' id='word_1_317' title='bbox 880 4134 1024 4189; x_wconf 88' lang='lat' dir='ltr'><strong>enim</strong></span> <span class='ocrx_word' id='word_1_318' title='bbox 1052 4149 1277 4200; x_wconf 85' lang='lat' dir='ltr'><strong>sumus,</strong></span> <span class='ocrx_word' id='word_1_319' title='bbox 1312 4142 1368 4190; x_wconf 89' lang='lat' dir='ltr'><strong>et</strong></span> <span class='ocrx_word' id='word_1_320' title='bbox 1412 4134 1467 4189; x_wconf 91' lang='lat' dir='ltr'><strong>in</strong></span> <span class='ocrx_word' id='word_1_321' title='bbox 1510 4142 1710 4188; x_wconf 88' lang='lat' dir='ltr'><strong>terram</strong></span> <span class='ocrx_word' id='word_1_322' title='bbox 1741 4135 1965 4200; x_wconf 90' lang='lat' dir='ltr'><strong>ibimus,</strong></span> <span class='ocrx_word' id='word_1_323' title='bbox 2010 4145 2065 4191; x_wconf 87' lang='lat' dir='ltr'><strong>et</strong></span> 
     </span>
    </p>
   </div>
   <div class='ocr_carea' id='block_1_46' title="bbox 477 4222 2067 4293">
    <p class='ocr_par' dir='ltr' id='par_1_46' title="bbox 477 4222 2067 4293">
     <span class='ocr_line' id='line_1_46' title="bbox 477 4222 2067 4293; baseline 0.002 -14"><span class='ocrx_word' id='word_1_324' title='bbox 477 4224 655 4279; x_wconf 88' lang='lat' dir='ltr'><strong>mittet</strong></span> <span class='ocrx_word' id='word_1_325' title='bbox 700 4222 964 4293; x_wconf 87' lang='lat' dir='ltr'><strong>Spiritum</strong></span> <span class='ocrx_word' id='word_1_326' title='bbox 1009 4233 1259 4279; x_wconf 85' lang='lat' dir='ltr'><strong>sanctum</strong></span> <span class='ocrx_word' id='word_1_327' title='bbox 1288 4266 1305 4291; x_wconf 95' lang='lat'><strong>,</strong></span> <span class='ocrx_word' id='word_1_328' title='bbox 1359 4235 1414 4281; x_wconf 94' lang='lat' dir='ltr'><strong>et</strong></span> <span class='ocrx_word' id='word_1_329' title='bbox 1451 4227 1664 4280; x_wconf 86' lang='lat' dir='ltr'><strong>creabit</strong></span> <span class='ocrx_word' id='word_1_330' title='bbox 1695 4242 1797 4281; x_wconf 81' lang='lat' dir='ltr'><strong>nos</strong></span> <span class='ocrx_word' id='word_1_331' title='bbox 1827 4267 1842 4291; x_wconf 89' lang='lat'><strong>,</strong></span> <span class='ocrx_word' id='word_1_332' title='bbox 1872 4238 1927 4282; x_wconf 91' lang='lat' dir='ltr'><strong>et</strong></span> <span class='ocrx_word' id='word_1_333' title='bbox 1980 4243 2067 4283; x_wconf 89' lang='lat' dir='ltr'><strong>re-</strong></span> 
     </span>
    </p>
   </div>
   <div class='ocr_carea' id='block_1_47' title="bbox 479 4315 2063 4388">
    <p class='ocr_par' dir='ltr' id='par_1_47' title="bbox 479 4315 2063 4388">
     <span class='ocr_line' id='line_1_47' title="bbox 479 4315 2063 4388; baseline 0.004 -17"><span class='ocrx_word' id='word_1_334' title='bbox 479 4316 705 4371; x_wconf 81' lang='lat' dir='ltr'><strong>novabit</strong></span> <span class='ocrx_word' id='word_1_335' title='bbox 731 4316 922 4370; x_wconf 77' lang='lat' dir='ltr'><strong>faciem</strong></span> <span class='ocrx_word' id='word_1_336' title='bbox 965 4327 1128 4370; x_wconf 67' lang='lat' dir='ltr'><strong>terra:</strong></span> <span class='ocrx_word' id='word_1_337' title='bbox 1146 4317 1215 4371; x_wconf 71' lang='grc'><strong>⁸⁸.</strong></span> <span class='ocrx_word' id='word_1_338' title='bbox 1256 4315 1394 4371; x_wconf 90' lang='lat' dir='ltr'><strong>Nam</strong></span> <span class='ocrx_word' id='word_1_339' title='bbox 1430 4316 1577 4388; x_wconf 88' lang='lat' dir='ltr'><strong>quod</strong></span> <span class='ocrx_word' id='word_1_340' title='bbox 1604 4331 1828 4375; x_wconf 87' lang='lat' dir='ltr'><strong>sanctus</strong></span> <span class='ocrx_word' id='word_1_341' title='bbox 1856 4318 2063 4377; x_wconf 83' lang='lat' dir='ltr'><strong>Paulus</strong></span> 
     </span>
    </p>
   </div>
   <div class='ocr_carea' id='block_1_48' title="bbox 474 4403 2061 4479">
    <p class='ocr_par' dir='ltr' id='par_1_48' title="bbox 474 4403 2061 4479">
     <span class='ocr_line' id='line_1_48' title="bbox 474 4403 2061 4479; baseline 0.001 -18"><span class='ocrx_word' id='word_1_342' title='bbox 474 4405 936 4461; x_wconf 82' lang='lat' dir='ltr'><strong>resurrectionem</strong></span> <span class='ocrx_word' id='word_1_343' title='bbox 995 4403 1162 4468; x_wconf 82' lang='lat' dir='ltr'><strong>dixit,</strong></span> <span class='ocrx_word' id='word_1_344' title='bbox 1216 4405 1271 4459; x_wconf 89' lang='lat' dir='ltr'><strong>id</strong></span> <span class='ocrx_word' id='word_1_345' title='bbox 1322 4404 1491 4461; x_wconf 86' lang='lat' dir='ltr'><strong>David</strong></span> <span class='ocrx_word' id='word_1_346' title='bbox 1526 4409 1932 4462; x_wconf 89' lang='lat' dir='ltr'><strong>renovationem</strong></span> <span class='ocrx_word' id='word_1_347' title='bbox 1966 4425 2061 4479; x_wconf 89' lang='lat' dir='ltr'><strong>ap-</strong></span> 
     </span>
    </p>
   </div>
   <div class='ocr_carea' id='block_1_49' title="bbox 474 4477 2138 4569">
    <p class='ocr_par' dir='ltr' id='par_1_49' title="bbox 474 4477 2138 4569">
     <span class='ocr_line' id='line_1_49' title="bbox 474 4477 2138 4569; baseline 0.006 -23"><span class='ocrx_word' id='word_1_348' title='bbox 474 4494 718 4567; x_wconf 82' lang='lat' dir='ltr'><strong>pellavit.</strong></span> <span class='ocrx_word' id='word_1_349' title='bbox 767 4492 985 4549; x_wconf 78' lang='lat' dir='ltr'><strong>Rursus</strong></span> <span class='ocrx_word' id='word_1_350' title='bbox 1040 4502 1225 4552; x_wconf 89' lang='lat' dir='ltr'><strong>autem</strong></span> <span class='ocrx_word' id='word_1_351' title='bbox 1280 4497 1571 4553; x_wconf 89' lang='lat' dir='ltr'><strong>audiamus</strong></span> <span class='ocrx_word' id='word_1_352' title='bbox 1622 4512 1791 4562; x_wconf 81' lang='lat' dir='ltr'><strong>eum,</strong></span> <span class='ocrx_word' id='word_1_353' title='bbox 1845 4499 1938 4569; x_wconf 92' lang='lat' dir='ltr'><strong>qui</strong></span> <span class='ocrx_word' id='word_1_354' title='bbox 1991 4477 2059 4555; x_wconf 76' lang='lat' dir='ltr'><strong>ad</strong></span> <span class='ocrx_word' id='word_1_355' title='bbox 2092 4477 2138 4533; x_wconf 77' lang='lat' dir='ltr'><strong>D</strong></span> 
     </span>
    </p>
   </div>
   <div class='ocr_carea' id='block_1_50' title="bbox 476 4587 2064 4657">
    <p class='ocr_par' dir='ltr' id='par_1_50' title="bbox 476 4587 2064 4657">
     <span class='ocr_line' id='line_1_50' title="bbox 476 4587 2064 4657; baseline 0.004 -17"><span class='ocrx_word' id='word_1_356' title='bbox 476 4588 703 4640; x_wconf 86' lang='lat' dir='ltr'><strong>tertium</strong></span> <span class='ocrx_word' id='word_1_357' title='bbox 786 4601 962 4655; x_wconf 88' lang='lat' dir='ltr'><strong>usque</strong></span> <span class='ocrx_word' id='word_1_358' title='bbox 1009 4587 1211 4642; x_wconf 85' lang='lat' dir='ltr'><strong>coelum</strong></span> <span class='ocrx_word' id='word_1_359' title='bbox 1275 4595 1469 4657; x_wconf 90' lang='lat' dir='ltr'><strong>raptus</strong></span> <span class='ocrx_word' id='word_1_360' title='bbox 1535 4599 1639 4643; x_wconf 84' lang='lat' dir='ltr'><strong>est.</strong></span> <span class='ocrx_word' id='word_1_361' title='bbox 1688 4588 1828 4655; x_wconf 90' lang='lat' dir='ltr'><strong>Quid</strong></span> <span class='ocrx_word' id='word_1_362' title='bbox 1883 4590 2064 4647; x_wconf 84' lang='lat' dir='ltr'><strong>dicit?</strong></span> 
     </span>
    </p>
   </div>
   <div class='ocr_carea' id='block_1_51' title="bbox 481 4677 2063 4748">
    <p class='ocr_par' dir='ltr' id='par_1_51' title="bbox 481 4677 2063 4748">
     <span class='ocr_line' id='line_1_51' title="bbox 481 4677 2063 4748; baseline 0.003 -14"><span class='ocrx_word' id='word_1_363' title='bbox 481 4677 754 4745; x_wconf 82' lang='lat' dir='ltr'><strong>Templum</strong></span> <span class='ocrx_word' id='word_1_364' title='bbox 821 4680 946 4732; x_wconf 82' lang='lat' dir='ltr'><strong>estis</strong></span> <span class='ocrx_word' id='word_1_365' title='bbox 987 4677 1221 4748; x_wconf 85' lang='lat' dir='ltr'><strong>Spiritus</strong></span> <span class='ocrx_word' id='word_1_366' title='bbox 1252 4680 1426 4733; x_wconf 84' lang='lat' dir='ltr'><strong>sancti</strong></span> <span class='ocrx_word' id='word_1_367' title='bbox 1482 4680 1538 4733; x_wconf 86' lang='lat' dir='ltr'><strong>in</strong></span> <span class='ocrx_word' id='word_1_368' title='bbox 1570 4680 1717 4736; x_wconf 82' lang='lat' dir='ltr'><strong>vobis</strong></span> <span class='ocrx_word' id='word_1_369' title='bbox 1757 4682 2063 4738; x_wconf 69' lang='lat' dir='ltr'><strong>inhabitan-</strong></span> 
     </span>
    </p>
   </div>
   <div class='ocr_carea' id='block_1_52' title="bbox 480 4768 2059 4843">
    <p class='ocr_par' dir='ltr' id='par_1_52' title="bbox 480 4768 2059 4843">
     <span class='ocr_line' id='line_1_52' title="bbox 480 4768 2059 4843; baseline 0.004 -19"><span class='ocrx_word' id='word_1_370' title='bbox 480 4772 549 4824; x_wconf 87' lang='lat' dir='ltr'><strong>tis</strong></span> <span class='ocrx_word' id='word_1_371' title='bbox 568 4770 636 4826; x_wconf 81' lang='grc'><strong>⁸⁸.</strong></span> <span class='ocrx_word' id='word_1_372' title='bbox 679 4768 965 4840; x_wconf 89' lang='lat' dir='ltr'><strong>Templum</strong></span> <span class='ocrx_word' id='word_1_373' title='bbox 1015 4779 1196 4825; x_wconf 89' lang='lat' dir='ltr'><strong>autem</strong></span> <span class='ocrx_word' id='word_1_374' title='bbox 1247 4785 1450 4835; x_wconf 89' lang='lat' dir='ltr'><strong>omne,</strong></span> <span class='ocrx_word' id='word_1_375' title='bbox 1493 4770 1589 4827; x_wconf 90' lang='lat' dir='ltr'><strong>Dei</strong></span> <span class='ocrx_word' id='word_1_376' title='bbox 1643 4774 1902 4843; x_wconf 88' lang='lat' dir='ltr'><strong>templum</strong></span> <span class='ocrx_word' id='word_1_377' title='bbox 1955 4785 2059 4831; x_wconf 88' lang='lat' dir='ltr'><strong>est.</strong></span> 
     </span>
    </p>
   </div>
   <div class='ocr_carea' id='block_1_53' title="bbox 474 4859 2064 4937">
    <p class='ocr_par' dir='ltr' id='par_1_53' title="bbox 474 4859 2064 4937">
     <span class='ocr_line' id='line_1_53' title="bbox 474 4859 2064 4937; baseline 0.006 -21"><span class='ocrx_word' id='word_1_378' title='bbox 474 4859 637 4930; x_wconf 84' lang='lat' dir='ltr'><strong>Quod</strong></span> <span class='ocrx_word' id='word_1_379' title='bbox 678 4863 724 4919; x_wconf 87' lang='lat' dir='ltr'><strong>si</strong></span> <span class='ocrx_word' id='word_1_380' title='bbox 760 4863 1029 4934; x_wconf 88' lang='lat' dir='ltr'><strong>templum</strong></span> <span class='ocrx_word' id='word_1_381' title='bbox 1055 4878 1248 4920; x_wconf 88' lang='lat' dir='ltr'><strong>sumus</strong></span> <span class='ocrx_word' id='word_1_382' title='bbox 1290 4861 1530 4935; x_wconf 88' lang='lat' dir='ltr'><strong>Spiritus</strong></span> <span class='ocrx_word' id='word_1_383' title='bbox 1558 4866 1780 4933; x_wconf 87' lang='lat' dir='ltr'><strong>sancti;</strong></span> <span class='ocrx_word' id='word_1_384' title='bbox 1825 4864 2064 4937; x_wconf 86' lang='lat' dir='ltr'><strong>Spiritus</strong></span> 
     </span>
    </p>
   </div>
   <div class='ocr_carea' id='block_1_54' title="bbox 477 4952 2068 5028">
    <p class='ocr_par' dir='ltr' id='par_1_54' title="bbox 477 4952 2068 5028">
     <span class='ocr_line' id='line_1_54' title="bbox 477 4952 2068 5028; baseline 0.003 -19"><span class='ocrx_word' id='word_1_385' title='bbox 477 4961 704 5009; x_wconf 84' lang='lat' dir='ltr'><strong>sanctus</strong></span> <span class='ocrx_word' id='word_1_386' title='bbox 758 4952 903 5010; x_wconf 90' lang='lat' dir='ltr'><strong>Deus</strong></span> <span class='ocrx_word' id='word_1_387' title='bbox 931 4963 1039 5009; x_wconf 90' lang='lat' dir='ltr'><strong>est.</strong></span> <span class='ocrx_word' id='word_1_388' title='bbox 1086 4953 1299 5009; x_wconf 90' lang='lat' dir='ltr'><strong>Dicitur</strong></span> <span class='ocrx_word' id='word_1_389' title='bbox 1341 4961 1525 5011; x_wconf 89' lang='lat' dir='ltr'><strong>autem</strong></span> <span class='ocrx_word' id='word_1_390' title='bbox 1576 4963 1631 5011; x_wconf 85' lang='lat' dir='ltr'><strong>et</strong></span> <span class='ocrx_word' id='word_1_391' title='bbox 1670 4957 1933 5028; x_wconf 90' lang='lat' dir='ltr'><strong>templum</strong></span> <span class='ocrx_word' id='word_1_392' title='bbox 1965 4958 2068 5013; x_wconf 85' lang='lat' dir='ltr'><strong>Sa-</strong></span> 
     </span>
    </p>
   </div>
   <div class='ocr_carea' id='block_1_55' title="bbox 475 5045 2061 5118">
    <p class='ocr_par' dir='ltr' id='par_1_55' title="bbox 475 5045 2061 5118">
     <span class='ocr_line' id='line_1_55' title="bbox 475 5045 2061 5118; baseline 0.004 -17"><span class='ocrx_word' id='word_1_393' title='bbox 475 5045 753 5115; x_wconf 84' lang='lat' dir='ltr'><strong>lomonis;</strong></span> <span class='ocrx_word' id='word_1_394' title='bbox 820 5062 1009 5102; x_wconf 91' lang='lat' dir='ltr'><strong>verum</strong></span> <span class='ocrx_word' id='word_1_395' title='bbox 1084 5053 1345 5118; x_wconf 91' lang='lat' dir='ltr'><strong>tanquam</strong></span> <span class='ocrx_word' id='word_1_396' title='bbox 1415 5048 1538 5118; x_wconf 83' lang='lat' dir='ltr'><strong>ejus</strong></span> <span class='ocrx_word' id='word_1_397' title='bbox 1612 5049 1705 5118; x_wconf 89' lang='lat' dir='ltr'><strong>qui</strong></span> <span class='ocrx_word' id='word_1_398' title='bbox 1769 5051 2061 5108; x_wconf 82' lang='lat' dir='ltr'><strong>exstruxit.</strong></span> 
     </span>
    </p>
   </div>
   <div class='ocr_carea' id='block_1_56' title="bbox 478 5137 2066 5213">
    <p class='ocr_par' dir='ltr' id='par_1_56' title="bbox 478 5137 2066 5213">
     <span class='ocr_line' id='line_1_56' title="bbox 478 5137 2066 5213; baseline 0.004 -23"><span class='ocrx_word' id='word_1_399' title='bbox 478 5137 637 5202; x_wconf 83' lang='lat' dir='ltr'><strong>Quod</strong></span> <span class='ocrx_word' id='word_1_400' title='bbox 676 5140 725 5193; x_wconf 90' lang='lat' dir='ltr'><strong>si</strong></span> <span class='ocrx_word' id='word_1_401' title='bbox 778 5138 859 5193; x_wconf 91' lang='lat' dir='ltr'><strong>sic</strong></span> <span class='ocrx_word' id='word_1_402' title='bbox 893 5154 1086 5195; x_wconf 89' lang='lat' dir='ltr'><strong>sumus</strong></span> <span class='ocrx_word' id='word_1_403' title='bbox 1130 5140 1395 5211; x_wconf 86' lang='lat' dir='ltr'><strong>templum</strong></span> <span class='ocrx_word' id='word_1_404' title='bbox 1427 5137 1670 5209; x_wconf 79' lang='lat' dir='ltr'><strong>Spiritus</strong></span> <span class='ocrx_word' id='word_1_405' title='bbox 1704 5142 1902 5205; x_wconf 87' lang='lat' dir='ltr'><strong>sancti,</strong></span> <span class='ocrx_word' id='word_1_406' title='bbox 1942 5142 2066 5213; x_wconf 86' lang='lat' dir='ltr'><strong>Spi-</strong></span> 
     </span>
    </p>
   </div>
   <div class='ocr_carea' id='block_1_57' title="bbox 477 5230 2063 5299">
    <p class='ocr_par' dir='ltr' id='par_1_57' title="bbox 477 5230 2063 5299">
     <span class='ocr_line' id='line_1_57' title="bbox 477 5230 2063 5299; baseline 0.002 -14"><span class='ocrx_word' id='word_1_407' title='bbox 477 5231 620 5285; x_wconf 87' lang='lat' dir='ltr'><strong>ritus</strong></span> <span class='ocrx_word' id='word_1_408' title='bbox 653 5238 880 5286; x_wconf 88' lang='lat' dir='ltr'><strong>sanctus</strong></span> <span class='ocrx_word' id='word_1_409' title='bbox 915 5230 1215 5287; x_wconf 67' lang='lat' dir='ltr'><strong>Deus&#39;est:</strong></span> <span class='ocrx_word' id='word_1_410' title='bbox 1280 5232 1387 5299; x_wconf 83' lang='lat' dir='ltr'><strong>Qui</strong></span> <span class='ocrx_word' id='word_1_411' title='bbox 1436 5232 1583 5287; x_wconf 90' lang='lat' dir='ltr'><strong>enim</strong></span> <span class='ocrx_word' id='word_1_412' title='bbox 1644 5235 1824 5287; x_wconf 83' lang='lat' dir='ltr'><strong>omnia</strong></span> <span class='ocrx_word' id='word_1_413' title='bbox 1878 5236 2063 5289; x_wconf 85' lang='lat' dir='ltr'><strong>condi-</strong></span> 
     </span>
    </p>
   </div>
   <div class='ocr_carea' id='block_1_58' title="bbox 472 5320 2064 5402">
    <p class='ocr_par' dir='ltr' id='par_1_58' title="bbox 472 5320 2064 5402">
     <span class='ocr_line' id='line_1_58' title="bbox 472 5320 2064 5402; baseline 0.004 -27"><span class='ocrx_word' id='word_1_414' title='bbox 472 5320 577 5389; x_wconf 84' lang='lat' dir='ltr'><strong>dit,</strong></span> <span class='ocrx_word' id='word_1_415' title='bbox 604 5321 745 5377; x_wconf 77' lang='lat' dir='ltr'><strong>Deus</strong></span> <span class='ocrx_word' id='word_1_416' title='bbox 793 5334 871 5378; x_wconf 83' lang='lat' dir='ltr'><strong>est</strong></span> <span class='ocrx_word' id='word_1_417' title='bbox 893 5325 939 5357; x_wconf 80' lang='grc'><strong>⁸⁸</strong></span> <span class='ocrx_word' id='word_1_418' title='bbox 973 5341 989 5392; x_wconf 90' lang='lat'><strong>;</strong></span> <span class='ocrx_word' id='word_1_419' title='bbox 1020 5324 1086 5402; x_wconf 84' lang='lat' dir='ltr'><strong>si</strong></span> <span class='ocrx_word' id='word_1_420' title='bbox 1110 5340 1243 5380; x_wconf 89' lang='lat' dir='ltr'><strong>vero</strong></span> <span class='ocrx_word' id='word_1_421' title='bbox 1273 5334 1535 5395; x_wconf 89' lang='lat' dir='ltr'><strong>tanquam</strong></span> <span class='ocrx_word' id='word_1_422' title='bbox 1567 5322 1711 5394; x_wconf 85' lang='lat' dir='ltr'><strong>ejus,</strong></span> <span class='ocrx_word' id='word_1_423' title='bbox 1742 5324 1837 5396; x_wconf 90' lang='lat' dir='ltr'><strong>qui</strong></span> <span class='ocrx_word' id='word_1_424' title='bbox 1868 5325 2064 5381; x_wconf 89' lang='lat' dir='ltr'><strong>adora-</strong></span> 
     </span>
    </p>
   </div>
   <div class='ocr_carea' id='block_1_59' title="bbox 546 5479 933 5554">
    <p class='ocr_par' dir='ltr' id='par_1_59' title="bbox 546 5479 933 5554">
     <span class='ocr_line' id='line_1_59' title="bbox 546 5479 933 5554; baseline 0.003 -18"><span class='ocrx_word' id='word_1_425' title='bbox 546 5482 593 5514; x_wconf 84' lang='lat'>&quot;</span> <span class='ocrx_word' id='word_1_426' title='bbox 625 5479 754 5554; x_wconf 86' lang='lat' dir='ltr'><strong>Sap.</strong></span> <span class='ocrx_word' id='word_1_427' title='bbox 787 5498 804 5554; x_wconf 77' lang='grc' dir='ltr'><strong>ι</strong></span> <span class='ocrx_word' id='word_1_428' title='bbox 823 5523 838 5547; x_wconf 85' lang='grc'><em>,</em></span> <span class='ocrx_word' id='word_1_429' title='bbox 860 5482 933 5554; x_wconf 89' lang='lat'><strong>_7.</strong></span> 
     </span>
    </p>
   </div>
   <div class='ocr_carea' id='block_1_60' title="bbox 473 5552 1775 5621">
    <p class='ocr_par' dir='ltr' id='par_1_60' title="bbox 473 5552 1775 5621">
     <span class='ocr_line' id='line_1_60' title="bbox 473 5552 1775 5621; baseline 0.002 -12"><span class='ocrx_word' id='word_1_430' title='bbox 473 5564 596 5619; x_wconf 80' lang='lat' dir='ltr'><strong>cut,</strong></span> <span class='ocrx_word' id='word_1_431' title='bbox 627 5552 719 5608; x_wconf 69' lang='lat'><strong>50.</strong></span> <span class='ocrx_word' id='word_1_432' title='bbox 791 5552 1026 5612; x_wconf 76' lang='lat' dir='ltr'><strong>“lCor.</strong></span> <span class='ocrx_word' id='word_1_433' title='bbox 1059 5572 1135 5621; x_wconf 78' lang='lat' dir='ltr'><strong>vi,</strong></span> <span class='ocrx_word' id='word_1_434' title='bbox 1166 5557 1232 5610; x_wconf 80' lang='lat' dir='ltr'><strong>l9</strong></span> <span class='ocrx_word' id='word_1_435' title='bbox 1316 5555 1362 5586; x_wconf 81' lang='grc'>⁸⁸</span> <span class='ocrx_word' id='word_1_436' title='bbox 1394 5553 1558 5610; x_wconf 82' lang='lat' dir='ltr'><strong>Hebr.</strong></span> <span class='ocrx_word' id='word_1_437' title='bbox 1598 5570 1681 5620; x_wconf 83' lang='grc' dir='ltr'>ιιι,</span> <span class='ocrx_word' id='word_1_438' title='bbox 1716 5553 1775 5612; x_wconf 76' lang='grc'>4.</span> 
     </span>
    </p>
   </div>
   <div class='ocr_carea' id='block_1_61' title="bbox 545 5752 1525 5829">
    <p class='ocr_par' dir='ltr' id='par_1_61' title="bbox 545 5752 1525 5829">
     <span class='ocr_line' id='line_1_61' title="bbox 545 5752 1525 5829; baseline -0.004 -17"><span class='ocrx_word' id='word_1_439' title='bbox 545 5754 1003 5829; x_wconf 70' lang='grc' dir='ltr'>(91)Προϐἦναι.</span> <span class='ocrx_word' id='word_1_440' title='bbox 1036 5753 1165 5810; x_wconf 71' lang='lat' dir='ltr'><strong>Mss.</strong></span> <span class='ocrx_word' id='word_1_441' title='bbox 1200 5752 1525 5825; x_wconf 77' lang='grc' dir='ltr'>προσϐῆναι.</span> 
     </span>
    </p>
   </div>
   <div class='ocr_carea' id='block_1_62' title="bbox 2166 518 3772 598">
    <p class='ocr_par' dir='ltr' id='par_1_62' title="bbox 2166 518 3772 598">
     <span class='ocr_line' id='line_1_62' title="bbox 2166 518 3772 598; baseline -0.008 -17"><span class='ocrx_word' id='word_1_442' title='bbox 2166 529 2280 594; x_wconf 89' lang='grc' dir='ltr'>νοῦ,</span> <span class='ocrx_word' id='word_1_443' title='bbox 2316 529 2410 581; x_wconf 77' lang='grc' dir='ltr'><strong>καὶ</strong></span> <span class='ocrx_word' id='word_1_444' title='bbox 2439 527 2663 594; x_wconf 81' lang='grc' dir='ltr'>ἐξέπεσε</span> <span class='ocrx_word' id='word_1_445' title='bbox 2691 527 2790 598; x_wconf 81' lang='grc' dir='ltr'>τῆς</span> <span class='ocrx_word' id='word_1_446' title='bbox 2822 526 2990 587; x_wconf 81' lang='grc' dir='ltr'>ὅντως</span> <span class='ocrx_word' id='word_1_447' title='bbox 3028 524 3192 593; x_wconf 79' lang='grc' dir='ltr'><strong>ζωῆς,</strong></span> <span class='ocrx_word' id='word_1_448' title='bbox 3218 522 3305 575; x_wconf 81' lang='grc' dir='ltr'>διὰ</span> <span class='ocrx_word' id='word_1_449' title='bbox 3338 520 3419 574; x_wconf 79' lang='grc' dir='ltr'><strong>τὸ</strong></span> <span class='ocrx_word' id='word_1_450' title='bbox 3474 518 3772 587; x_wconf 71' lang='grc' dir='ltr'><strong>ἐπίκτητον</strong></span> 
     </span>
    </p>
   </div>
   <div class='ocr_carea' id='block_1_63' title="bbox 2164 610 3771 691">
    <p class='ocr_par' dir='ltr' id='par_1_63' title="bbox 2164 610 3771 691">
     <span class='ocr_line' id='line_1_63' title="bbox 2164 610 3771 691; baseline -0.007 -18"><span class='ocrx_word' id='word_1_451' title='bbox 2164 620 2458 691; x_wconf 78' lang='grc' dir='ltr'><strong>ἐσχηκέναι</strong></span> <span class='ocrx_word' id='word_1_452' title='bbox 2508 621 2605 689; x_wconf 81' lang='grc' dir='ltr'><strong>τὴν</strong></span> <span class='ocrx_word' id='word_1_453' title='bbox 2652 620 2948 688; x_wconf 87' lang='grc' dir='ltr'>ὰγιότητα,</span> <span class='ocrx_word' id='word_1_454' title='bbox 2982 616 3076 670; x_wconf 76' lang='grc' dir='ltr'>καὶ</span> <span class='ocrx_word' id='word_1_455' title='bbox 3123 610 3671 685; x_wconf 71' lang='grc' dir='ltr'><strong>ἐπηκολουθηκέναι</strong></span> <span class='ocrx_word' id='word_1_456' title='bbox 3713 615 3771 683; x_wconf 72' lang='grc' dir='ltr'>τῇ</span> 
     </span>
    </p>
   </div>
   <div class='ocr_carea' id='block_1_64' title="bbox 2165 701 3773 786">
    <p class='ocr_par' dir='ltr' id='par_1_64' title="bbox 2165 701 3773 786">
     <span class='ocr_line' id='line_1_64' title="bbox 2165 701 3773 786; baseline -0.01 -17"><span class='ocrx_word' id='word_1_457' title='bbox 2165 718 2306 786; x_wconf 85' lang='grc' dir='ltr'>κακῇ</span> <span class='ocrx_word' id='word_1_458' title='bbox 2356 714 2517 784; x_wconf 81' lang='grc' dir='ltr'>βουλῇ</span> <span class='ocrx_word' id='word_1_459' title='bbox 2553 713 2649 784; x_wconf 81' lang='grc' dir='ltr'>τὴν</span> <span class='ocrx_word' id='word_1_460' title='bbox 2684 710 2988 765; x_wconf 81' lang='grc' dir='ltr'>ἀλλοίωσιν.</span> <span class='ocrx_word' id='word_1_461' title='bbox 3021 706 3322 778; x_wconf 77' lang='grc' dir='ltr'><strong>Τοιγαροῦν</strong></span> <span class='ocrx_word' id='word_1_462' title='bbox 3368 704 3491 759; x_wconf 77' lang='grc' dir='ltr'>καὶ</span> <span class='ocrx_word' id='word_1_463' title='bbox 3525 701 3773 755; x_wconf 60' lang='lat' dir='ltr'><strong>cummi»</strong></span> 
     </span>
    </p>
   </div>
   <div class='ocr_carea' id='block_1_65' title="bbox 2162 789 3772 875">
    <p class='ocr_par' dir='ltr' id='par_1_65' title="bbox 2162 789 3772 875">
     <span class='ocr_line' id='line_1_65' title="bbox 2162 789 3772 875; baseline -0.01 -16"><span class='ocrx_word' id='word_1_464' title='bbox 2162 806 2264 874; x_wconf 81' lang='grc' dir='ltr'>τῆς</span> <span class='ocrx_word' id='word_1_465' title='bbox 2298 804 2526 875; x_wconf 75' lang='grc' dir='ltr'><strong>μονάδος</strong></span> <span class='ocrx_word' id='word_1_466' title='bbox 2546 843 2559 865; x_wconf 84' lang='grc'><em>,</em></span> <span class='ocrx_word' id='word_1_467' title='bbox 2595 803 2690 856; x_wconf 83' lang='grc' dir='ltr'>καὶ</span> <span class='ocrx_word' id='word_1_468' title='bbox 2738 802 2800 854; x_wconf 82' lang='grc' dir='ltr'><strong>τὸ</strong></span> <span class='ocrx_word' id='word_1_469' title='bbox 2831 798 3119 869; x_wconf 81' lang='grc' dir='ltr'>ἁγγελικὸν</span> <span class='ocrx_word' id='word_1_470' title='bbox 3149 794 3489 868; x_wconf 72' lang='grc' dir='ltr'><strong>ἀπορρίψας</strong></span> <span class='ocrx_word' id='word_1_471' title='bbox 3532 789 3772 861; x_wconf 77' lang='grc' dir='ltr'>ἀξίωμα,</span> 
     </span>
    </p>
   </div>
   <div class='ocr_carea' id='block_1_66' title="bbox 2165 882 3774 969">
    <p class='ocr_par' dir='ltr' id='par_1_66' title="bbox 2165 882 3774 969">
     <span class='ocr_line' id='line_1_66' title="bbox 2165 882 3774 969; baseline -0.009 -21"><span class='ocrx_word' id='word_1_472' title='bbox 2165 895 2274 950; x_wconf 78' lang='grc' dir='ltr'>ἀπὸ</span> <span class='ocrx_word' id='word_1_473' title='bbox 2313 894 2408 948; x_wconf 88' lang='grc' dir='ltr'><strong>τοῦ</strong></span> <span class='ocrx_word' id='word_1_474' title='bbox 2437 894 2639 969; x_wconf 83' lang='grc' dir='ltr'>τρόπου</span> <span class='ocrx_word' id='word_1_475' title='bbox 2667 892 2962 963; x_wconf 82' lang='grc' dir='ltr'><strong>ὠνομάσθη</strong></span> <span class='ocrx_word' id='word_1_476' title='bbox 2998 887 3239 950; x_wconf 78' lang='grc' dir='ltr'>διάϐολος</span> <span class='ocrx_word' id='word_1_477' title='bbox 3261 905 3272 917; x_wconf 93' lang='grc'>·</span> <span class='ocrx_word' id='word_1_478' title='bbox 3309 882 3774 953; x_wconf 76' lang='grc' dir='ltr'>ἀποσϐεσθείσης</span> 
     </span>
    </p>
   </div>
   <div class='ocr_carea' id='block_1_67' title="bbox 2169 974 3772 1056">
    <p class='ocr_par' dir='ltr' id='par_1_67' title="bbox 2169 974 3772 1056">
     <span class='ocr_line' id='line_1_67' title="bbox 2169 974 3772 1056; baseline -0.008 -17"><span class='ocrx_word' id='word_1_479' title='bbox 2169 987 2269 1056; x_wconf 81' lang='grc' dir='ltr'>μὲν</span> <span class='ocrx_word' id='word_1_480' title='bbox 2299 986 2466 1040; x_wconf 81' lang='grc' dir='ltr'>αὐτοῦ</span> <span class='ocrx_word' id='word_1_481' title='bbox 2500 986 2600 1055; x_wconf 84' lang='grc' dir='ltr'><strong>τῆς</strong></span> <span class='ocrx_word' id='word_1_482' title='bbox 2648 986 2923 1055; x_wconf 80' lang='grc' dir='ltr'><strong>προτέρας</strong></span> <span class='ocrx_word' id='word_1_483' title='bbox 2963 982 3058 1035; x_wconf 80' lang='grc' dir='ltr'>καὶ</span> <span class='ocrx_word' id='word_1_484' title='bbox 3094 980 3371 1052; x_wconf 79' lang='grc' dir='ltr'><strong>μακαρίας</strong></span> <span class='ocrx_word' id='word_1_485' title='bbox 3416 976 3643 1040; x_wconf 77' lang='grc' dir='ltr'>ἕξεως,</span> <span class='ocrx_word' id='word_1_486' title='bbox 3680 974 3772 1043; x_wconf 71' lang='grc' dir='ltr'>τῆς</span> 
     </span>
    </p>
   </div>
   <div class='ocr_carea' id='block_1_68' title="bbox 2164 1064 3777 1147">
    <p class='ocr_par' dir='ltr' id='par_1_68' title="bbox 2164 1064 3777 1147">
     <span class='ocr_line' id='line_1_68' title="bbox 2164 1064 3777 1147; baseline -0.01 -17"><span class='ocrx_word' id='word_1_487' title='bbox 2164 1077 2222 1130; x_wconf 86' lang='grc' dir='ltr'><strong>δὲ</strong></span> <span class='ocrx_word' id='word_1_488' title='bbox 2248 1076 2631 1147; x_wconf 74' lang='grc' dir='ltr'><strong>ἀντικειμένης</strong></span> <span class='ocrx_word' id='word_1_489' title='bbox 2651 1074 2852 1145; x_wconf 81' lang='grc' dir='ltr'><strong>ταύτης</strong></span> <span class='ocrx_word' id='word_1_490' title='bbox 2878 1072 3160 1142; x_wconf 86' lang='grc' dir='ltr'>δυνάμεως</span> <span class='ocrx_word' id='word_1_491' title='bbox 3185 1066 3574 1137; x_wconf 77' lang='grc' dir='ltr'>ἀναφθείσης.</span> <span class='ocrx_word' id='word_1_492' title='bbox 3594 1064 3777 1115; x_wconf 81' lang='grc' dir='ltr'>Ἔπει-</span> 
     </span>
    </p>
   </div>
   <div class='ocr_carea' id='block_1_69' title="bbox 2163 1159 3774 1238">
    <p class='ocr_par' dir='ltr' id='par_1_69' title="bbox 2163 1159 3774 1238">
     <span class='ocr_line' id='line_1_69' title="bbox 2163 1159 3774 1238; baseline -0.009 -16"><span class='ocrx_word' id='word_1_493' title='bbox 2163 1185 2234 1221; x_wconf 88' lang='grc' dir='ltr'>τα</span> <span class='ocrx_word' id='word_1_494' title='bbox 2260 1170 2309 1221; x_wconf 80' lang='grc' dir='ltr'><strong>εί</strong></span> <span class='ocrx_word' id='word_1_495' title='bbox 2336 1168 2543 1238; x_wconf 80' lang='grc' dir='ltr'><strong>κτίσμα</strong></span> <span class='ocrx_word' id='word_1_496' title='bbox 2573 1167 2720 1234; x_wconf 84' lang='grc' dir='ltr'>λέγει</span> <span class='ocrx_word' id='word_1_497' title='bbox 2753 1166 2815 1218; x_wconf 86' lang='grc' dir='ltr'>τὸ</span> <span class='ocrx_word' id='word_1_498' title='bbox 2854 1163 3082 1235; x_wconf 80' lang='grc' dir='ltr'><strong>Πνεῦμα</strong></span> <span class='ocrx_word' id='word_1_499' title='bbox 3112 1163 3173 1216; x_wconf 79' lang='grc' dir='ltr'><strong>τὸ</strong></span> <span class='ocrx_word' id='word_1_500' title='bbox 3204 1159 3383 1229; x_wconf 67' lang='grc' dir='ltr'>ἅγιον,</span> <span class='ocrx_word' id='word_1_501' title='bbox 3432 1170 3774 1227; x_wconf 73' lang='grc' dir='ltr'>πεπερατω·</span> 
     </span>
    </p>
   </div>
   <div class='ocr_carea' id='block_1_70' title="bbox 2171 1248 3773 1332">
    <p class='ocr_par' dir='ltr' id='par_1_70' title="bbox 2171 1248 3773 1332">
     <span class='ocr_line' id='line_1_70' title="bbox 2171 1248 3773 1332; baseline -0.01 -17"><span class='ocrx_word' id='word_1_502' title='bbox 2171 1257 2339 1332; x_wconf 83' lang='grc' dir='ltr'>μένην</span> <span class='ocrx_word' id='word_1_503' title='bbox 2367 1261 2464 1332; x_wconf 83' lang='grc' dir='ltr'>τὴν</span> <span class='ocrx_word' id='word_1_504' title='bbox 2489 1261 2652 1330; x_wconf 84' lang='grc' dir='ltr'>φύσιν</span> <span class='ocrx_word' id='word_1_505' title='bbox 2679 1257 2844 1313; x_wconf 82' lang='grc' dir='ltr'>αὑτοῦ</span> <span class='ocrx_word' id='word_1_506' title='bbox 2877 1258 3109 1326; x_wconf 80' lang='grc' dir='ltr'>εἰσάγει.</span> <span class='ocrx_word' id='word_1_507' title='bbox 3135 1253 3261 1317; x_wconf 84' lang='grc' dir='ltr'><strong>Πῶς</strong></span> <span class='ocrx_word' id='word_1_508' title='bbox 3287 1248 3385 1306; x_wconf 82' lang='grc' dir='ltr'><strong>οὖν</strong></span> <span class='ocrx_word' id='word_1_509' title='bbox 3423 1249 3773 1320; x_wconf 72' lang='grc' dir='ltr'>σταθήσεται</span> 
     </span>
    </p>
   </div>
   <div class='ocr_carea' id='block_1_71' title="bbox 2164 1337 3772 1419">
    <p class='ocr_par' dir='ltr' id='par_1_71' title="bbox 2164 1337 3772 1419">
     <span class='ocr_line' id='line_1_71' title="bbox 2164 1337 3772 1419; baseline -0.002 -16"><span class='ocrx_word' id='word_1_510' title='bbox 2164 1351 2246 1415; x_wconf 83' lang='grc' dir='ltr'>τὸ,</span> <span class='ocrx_word' id='word_1_511' title='bbox 2277 1348 2520 1419; x_wconf 75' lang='grc' dir='ltr'>Πνεῦμα</span> <span class='ocrx_word' id='word_1_512' title='bbox 2551 1350 2776 1417; x_wconf 78' lang='grc' dir='ltr'><strong>Κυρίου</strong></span> <span class='ocrx_word' id='word_1_513' title='bbox 2810 1346 3164 1414; x_wconf 69' lang='grc' dir='ltr'>πεπλήρωκε</span> <span class='ocrx_word' id='word_1_514' title='bbox 3195 1342 3309 1411; x_wconf 69' lang='grc' dir='ltr'><strong>τὴν</strong></span> <span class='ocrx_word' id='word_1_515' title='bbox 3343 1337 3772 1408; x_wconf 72' lang='grc' dir='ltr'>οἱκουμένην;</span> 
     </span>
    </p>
   </div>
   <div class='ocr_carea' id='block_1_72' title="bbox 2166 1435 3770 1508">
    <p class='ocr_par' dir='ltr' id='par_1_72' title="bbox 2166 1435 3770 1508">
     <span class='ocr_line' id='line_1_72' title="bbox 2166 1435 3770 1508; baseline -0.006 -14"><span class='ocrx_word' id='word_1_516' title='bbox 2166 1441 2261 1495; x_wconf 74' lang='grc' dir='ltr'>καὶ</span> <span class='ocrx_word' id='word_1_517' title='bbox 2284 1441 2367 1508; x_wconf 83' lang='grc' dir='ltr'><strong>τὸ,</strong></span> <span class='ocrx_word' id='word_1_518' title='bbox 2415 1440 2542 1495; x_wconf 85' lang='grc' dir='ltr'><strong>Ποῦ</strong></span> <span class='ocrx_word' id='word_1_519' title='bbox 2589 1439 2859 1508; x_wconf 74' lang='grc' dir='ltr'>πορευθῶ</span> <span class='ocrx_word' id='word_1_520' title='bbox 2894 1438 3016 1493; x_wconf 79' lang='grc' dir='ltr'><strong>ἀπὸ</strong></span> <span class='ocrx_word' id='word_1_521' title='bbox 3049 1436 3155 1490; x_wconf 87' lang='grc' dir='ltr'><strong>τοῦ</strong></span> <span class='ocrx_word' id='word_1_522' title='bbox 3192 1435 3578 1504; x_wconf 80' lang='grc' dir='ltr'>Πνεύματός</span> <span class='ocrx_word' id='word_1_523' title='bbox 3621 1440 3770 1492; x_wconf 72' lang='grc' dir='ltr'>σουξ</span> 
     </span>
    </p>
   </div>
   <div class='ocr_carea' id='block_1_73' title="bbox 2178 1524 3769 1601">
    <p class='ocr_par' dir='ltr' id='par_1_73' title="bbox 2178 1524 3769 1601">
     <span class='ocr_line' id='line_1_73' title="bbox 2178 1524 3769 1601; baseline -0.008 -13"><span class='ocrx_word' id='word_1_524' title='bbox 2178 1534 2317 1588; x_wconf 84' lang='grc' dir='ltr'><strong>Ἀλλ’</strong></span> <span class='ocrx_word' id='word_1_525' title='bbox 2352 1534 2464 1588; x_wconf 79' lang='grc' dir='ltr'><strong>οὐδ’</strong></span> <span class='ocrx_word' id='word_1_526' title='bbox 2502 1533 2708 1586; x_wconf 79' lang='grc' dir='ltr'>ἁπλοῦν</span> <span class='ocrx_word' id='word_1_527' title='bbox 2744 1532 2875 1585; x_wconf 72' lang='grc' dir='ltr'>αὐτὸ</span> <span class='ocrx_word' id='word_1_528' title='bbox 2920 1534 2986 1601; x_wconf 82' lang='grc' dir='ltr'>τῇ</span> <span class='ocrx_word' id='word_1_529' title='bbox 3038 1529 3218 1599; x_wconf 80' lang='grc' dir='ltr'>φύσει,</span> <span class='ocrx_word' id='word_1_530' title='bbox 3248 1527 3326 1591; x_wconf 81' lang='grc' dir='ltr'><strong>ὡς</strong></span> <span class='ocrx_word' id='word_1_531' title='bbox 3358 1527 3590 1587; x_wconf 72' lang='grc' dir='ltr'>ἔοικεν,</span> <span class='ocrx_word' id='word_1_532' title='bbox 3644 1524 3769 1593; x_wconf 81' lang='grc' dir='ltr'>ὀμο-</span> 
     </span>
    </p>
   </div>
   <div class='ocr_carea' id='block_1_74' title="bbox 2165 1618 3769 1700">
    <p class='ocr_par' dir='ltr' id='par_1_74' title="bbox 2165 1618 3769 1700">
     <span class='ocr_line' id='line_1_74' title="bbox 2165 1618 3769 1700; baseline -0.007 -17"><span class='ocrx_word' id='word_1_533' title='bbox 2165 1630 2334 1698; x_wconf 83' lang='grc' dir='ltr'>λογεῖ.</span> <span class='ocrx_word' id='word_1_534' title='bbox 2372 1627 2617 1700; x_wconf 80' lang='grc' dir='ltr'>’Δριθμῷ</span> <span class='ocrx_word' id='word_1_535' title='bbox 2666 1626 2776 1698; x_wconf 86' lang='grc' dir='ltr'>γὰρ</span> <span class='ocrx_word' id='word_1_536' title='bbox 2807 1625 2865 1678; x_wconf 80' lang='grc' dir='ltr'>ἓν</span> <span class='ocrx_word' id='word_1_537' title='bbox 2909 1624 3039 1678; x_wconf 78' lang='grc' dir='ltr'>αὐτὸ</span> <span class='ocrx_word' id='word_1_538' title='bbox 3065 1623 3340 1694; x_wconf 75' lang='grc' dir='ltr'>ὀνομάζει.</span> <span class='ocrx_word' id='word_1_539' title='bbox 3382 1622 3523 1675; x_wconf 76' lang='grc' dir='ltr'>Πᾶν</span> <span class='ocrx_word' id='word_1_540' title='bbox 3564 1620 3627 1673; x_wconf 80' lang='grc' dir='ltr'><strong>δὲ</strong></span> <span class='ocrx_word' id='word_1_541' title='bbox 3653 1618 3683 1671; x_wconf 83' lang='grc' dir='ltr'><strong>ὃ</strong></span> <span class='ocrx_word' id='word_1_542' title='bbox 3717 1618 3769 1671; x_wconf 76' lang='grc' dir='ltr'>ἓν</span> 
     </span>
    </p>
   </div>
   <div class='ocr_carea' id='block_1_75' title="bbox 2166 1710 3768 1795">
    <p class='ocr_par' dir='ltr' id='par_1_75' title="bbox 2166 1710 3768 1795">
     <span class='ocr_line' id='line_1_75' title="bbox 2166 1710 3768 1795; baseline -0.009 -18"><span class='ocrx_word' id='word_1_543' title='bbox 2166 1722 2407 1795; x_wconf 82' lang='grc' dir='ltr'>ἀριθμῷ,</span> <span class='ocrx_word' id='word_1_544' title='bbox 2440 1721 2599 1775; x_wconf 90' lang='grc' dir='ltr'>τοῦτο</span> <span class='ocrx_word' id='word_1_545' title='bbox 2637 1722 2736 1791; x_wconf 84' lang='grc' dir='ltr'><strong>οὐχ</strong></span> <span class='ocrx_word' id='word_1_546' title='bbox 2766 1718 3004 1777; x_wconf 83' lang='grc' dir='ltr'>ἁπλοῦν.</span> <span class='ocrx_word' id='word_1_547' title='bbox 3049 1717 3125 1781; x_wconf 86' lang='grc' dir='ltr'>ὼς</span> <span class='ocrx_word' id='word_1_548' title='bbox 3157 1716 3327 1786; x_wconf 76' lang='grc' dir='ltr'>ἔφην,</span> <span class='ocrx_word' id='word_1_549' title='bbox 3361 1714 3561 1768; x_wconf 76' lang='grc' dir='ltr'>ἐστιν.</span> <span class='ocrx_word' id='word_1_550' title='bbox 3606 1712 3673 1765; x_wconf 81' lang='lat' dir='ltr'><strong>Ei</strong></span> <span class='ocrx_word' id='word_1_551' title='bbox 3716 1710 3768 1762; x_wconf 79' lang='grc' dir='ltr'><strong>δὲ</strong></span> 
     </span>
    </p>
   </div>
   <div class='ocr_carea' id='block_1_76' title="bbox 2175 1803 3766 1884">
    <p class='ocr_par' dir='ltr' id='par_1_76' title="bbox 2175 1803 3766 1884">
     <span class='ocr_line' id='line_1_76' title="bbox 2175 1803 3766 1884; baseline -0.009 -18"><span class='ocrx_word' id='word_1_552' title='bbox 2175 1813 2251 1884; x_wconf 83' lang='grc' dir='ltr'>μὴ</span> <span class='ocrx_word' id='word_1_553' title='bbox 2285 1810 2488 1865; x_wconf 82' lang='grc' dir='ltr'>ἁπλοῦν</span> <span class='ocrx_word' id='word_1_554' title='bbox 2530 1813 2647 1864; x_wconf 75' lang='grc' dir='ltr'>ἐστι</span> <span class='ocrx_word' id='word_1_555' title='bbox 2688 1809 2748 1862; x_wconf 83' lang='grc' dir='ltr'><strong>τὸ</strong></span> <span class='ocrx_word' id='word_1_556' title='bbox 2778 1807 3003 1879; x_wconf 82' lang='grc' dir='ltr'>Πνεῦμα</span> <span class='ocrx_word' id='word_1_557' title='bbox 3039 1806 3100 1859; x_wconf 84' lang='grc' dir='ltr'>τὸ</span> <span class='ocrx_word' id='word_1_558' title='bbox 3127 1806 3300 1874; x_wconf 73' lang='grc' dir='ltr'>ἅγιον,</span> <span class='ocrx_word' id='word_1_559' title='bbox 3334 1803 3395 1870; x_wconf 81' lang='grc' dir='ltr'>ὲξ</span> <span class='ocrx_word' id='word_1_560' title='bbox 3440 1803 3657 1865; x_wconf 81' lang='grc' dir='ltr'>οὐσίας</span> <span class='ocrx_word' id='word_1_561' title='bbox 3680 1803 3766 1853; x_wconf 67' lang='grc' dir='ltr'>καὶ</span> 
     </span>
    </p>
   </div>
   <div class='ocr_carea' id='block_1_77' title="bbox 2172 1891 3767 1973">
    <p class='ocr_par' dir='ltr' id='par_1_77' title="bbox 2172 1891 3767 1973">
     <span class='ocr_line' id='line_1_77' title="bbox 2172 1891 3767 1973; baseline -0.008 -15"><span class='ocrx_word' id='word_1_562' title='bbox 2172 1902 2448 1973; x_wconf 86' lang='grc' dir='ltr'>ἁγιασμοῦ</span> <span class='ocrx_word' id='word_1_563' title='bbox 2477 1902 2814 1970; x_wconf 77' lang='grc' dir='ltr'>συνέστηκε·</span> <span class='ocrx_word' id='word_1_564' title='bbox 2847 1892 2907 1953; x_wconf 78' lang='grc' dir='ltr'>τδ</span> <span class='ocrx_word' id='word_1_565' title='bbox 2946 1899 3004 1952; x_wconf 77' lang='grc' dir='ltr'><strong>δὲ</strong></span> <span class='ocrx_word' id='word_1_566' title='bbox 3037 1898 3301 1961; x_wconf 85' lang='grc' dir='ltr'>τοιοῦτον,</span> <span class='ocrx_word' id='word_1_567' title='bbox 3327 1894 3634 1949; x_wconf 85' lang='grc' dir='ltr'>σύνθετον.</span> <span class='ocrx_word' id='word_1_568' title='bbox 3672 1891 3767 1945; x_wconf 80' lang='grc' dir='ltr'><strong>Καὶ</strong></span> 
     </span>
    </p>
   </div>
   <div class='ocr_carea' id='block_1_78' title="bbox 2168 1979 3764 2063">
    <p class='ocr_par' dir='ltr' id='par_1_78' title="bbox 2168 1979 3764 2063">
     <span class='ocr_line' id='line_1_78' title="bbox 2168 1979 3764 2063; baseline -0.01 -15"><span class='ocrx_word' id='word_1_569' title='bbox 2168 1996 2253 2058; x_wconf 90' lang='grc' dir='ltr'><strong>τίς</strong></span> <span class='ocrx_word' id='word_1_570' title='bbox 2279 1992 2452 2057; x_wconf 76' lang='grc' dir='ltr'>οὕτως</span> <span class='ocrx_word' id='word_1_571' title='bbox 2479 1991 2724 2063; x_wconf 81' lang='grc' dir='ltr'>ἀνόητος,</span> <span class='ocrx_word' id='word_1_572' title='bbox 2756 1990 2829 2053; x_wconf 78' lang='grc' dir='ltr'>ὡς</span> <span class='ocrx_word' id='word_1_573' title='bbox 2864 1984 3116 2043; x_wconf 83' lang='grc' dir='ltr'>σῦνθετον</span> <span class='ocrx_word' id='word_1_574' title='bbox 3144 1988 3318 2040; x_wconf 73' lang='grc' dir='ltr'>εἰπεῖν</span> <span class='ocrx_word' id='word_1_575' title='bbox 3348 1984 3414 2037; x_wconf 78' lang='grc' dir='ltr'>τὸ</span> <span class='ocrx_word' id='word_1_576' title='bbox 3444 1979 3764 2052; x_wconf 55' lang='lat' dir='ltr'><strong>unauna</strong></span> 
     </span>
    </p>
   </div>
   <div class='ocr_carea' id='block_1_79' title="bbox 2171 2075 3763 2158">
    <p class='ocr_par' dir='ltr' id='par_1_79' title="bbox 2171 2075 3763 2158">
     <span class='ocr_line' id='line_1_79' title="bbox 2171 2075 3763 2158; baseline -0.012 -14"><span class='ocrx_word' id='word_1_577' title='bbox 2171 2091 2343 2158; x_wconf 71' lang='grc' dir='ltr'>ἅγιον,</span> <span class='ocrx_word' id='word_1_578' title='bbox 2385 2088 2480 2142; x_wconf 75' lang='grc' dir='ltr'>καὶ</span> <span class='ocrx_word' id='word_1_579' title='bbox 2515 2086 2590 2157; x_wconf 83' lang='grc' dir='ltr'><strong>μὴ</strong></span> <span class='ocrx_word' id='word_1_580' title='bbox 2617 2084 2844 2145; x_wconf 82' lang='grc' dir='ltr'>ἁπλοῦν,</span> <span class='ocrx_word' id='word_1_581' title='bbox 2875 2082 2970 2136; x_wconf 71' lang='grc' dir='ltr'>καὶ</span> <span class='ocrx_word' id='word_1_582' title='bbox 3004 2080 3147 2134; x_wconf 84' lang='grc' dir='ltr'>κατὰ</span> <span class='ocrx_word' id='word_1_583' title='bbox 3174 2077 3265 2133; x_wconf 82' lang='grc' dir='ltr'><strong>τὸν</strong></span> <span class='ocrx_word' id='word_1_584' title='bbox 3296 2078 3400 2149; x_wconf 77' lang='grc' dir='ltr'>τῆς</span> <span class='ocrx_word' id='word_1_585' title='bbox 3445 2075 3763 2145; x_wconf 70' lang='grc' dir='ltr'><strong>ἁπλότητος</strong></span> 
     </span>
    </p>
   </div>
   <div class='ocr_carea' id='block_1_80' title="bbox 2168 2173 3140 2252">
    <p class='ocr_par' dir='ltr' id='par_1_80' title="bbox 2168 2173 3140 2252">
     <span class='ocr_line' id='line_1_80' title="bbox 2168 2173 3140 2252; baseline -0.007 -18"><span class='ocrx_word' id='word_1_586' title='bbox 2168 2183 2324 2251; x_wconf 82' lang='grc' dir='ltr'>λόγον</span> <span class='ocrx_word' id='word_1_587' title='bbox 2352 2179 2636 2252; x_wconf 83' lang='grc' dir='ltr'>ὁμοούσιον</span> <span class='ocrx_word' id='word_1_588' title='bbox 2661 2177 2841 2248; x_wconf 72' lang='grc' dir='ltr'>Πατρὶ</span> <span class='ocrx_word' id='word_1_589' title='bbox 2869 2176 2964 2229; x_wconf 77' lang='grc' dir='ltr'>καὶ</span> <span class='ocrx_word' id='word_1_590' title='bbox 2992 2173 3140 2244; x_wconf 85' lang='grc' dir='ltr'><strong>Υίῷ;</strong></span> 
     </span>
    </p>
   </div>
   <div class='ocr_carea' id='block_1_81' title="bbox 2241 2387 3754 2474">
    <p class='ocr_par' dir='ltr' id='par_1_81' title="bbox 2241 2387 3754 2474">
     <span class='ocr_line' id='line_1_81' title="bbox 2241 2387 3754 2474; baseline -0.014 -12"><span class='ocrx_word' id='word_1_591' title='bbox 2241 2409 2329 2463; x_wconf 78' lang='lat' dir='ltr'><strong>H.</strong></span> <span class='ocrx_word' id='word_1_592' title='bbox 2368 2407 2429 2460; x_wconf 81' lang='grc' dir='ltr'><strong>Εἰ</strong></span> <span class='ocrx_word' id='word_1_593' title='bbox 2455 2405 2511 2459; x_wconf 76' lang='grc' dir='ltr'><strong>δὲ</strong></span> <span class='ocrx_word' id='word_1_594' title='bbox 2533 2404 2613 2457; x_wconf 85' lang='grc' dir='ltr'><strong>δεῖ</strong></span> <span class='ocrx_word' id='word_1_595' title='bbox 2638 2401 2907 2474; x_wconf 78' lang='grc' dir='ltr'>προϐῆναι</span> <span class='ocrx_word' id='word_1_596' title='bbox 2924 2397 3035 2469; x_wconf 84' lang='lat'><strong>(9|)</strong></span> <span class='ocrx_word' id='word_1_597' title='bbox 3062 2395 3139 2466; x_wconf 82' lang='grc' dir='ltr'>τῷ</span> <span class='ocrx_word' id='word_1_598' title='bbox 3161 2410 3322 2465; x_wconf 82' lang='grc' dir='ltr'>Αογῳ,</span> <span class='ocrx_word' id='word_1_599' title='bbox 3351 2392 3451 2447; x_wconf 75' lang='grc' dir='ltr'>καὶ</span> <span class='ocrx_word' id='word_1_600' title='bbox 3481 2387 3754 2445; x_wconf 66' lang='grc' dir='ltr'>ὲποπτεῦο</span> 
     </span>
    </p>
   </div>
   <div class='ocr_carea' id='block_1_82' title="bbox 2169 2475 3752 2565">
    <p class='ocr_par' dir='ltr' id='par_1_82' title="bbox 2169 2475 3752 2565">
     <span class='ocr_line' id='line_1_82' title="bbox 2169 2475 3752 2565; baseline -0.015 -13"><span class='ocrx_word' id='word_1_601' title='bbox 2169 2515 2260 2552; x_wconf 87' lang='grc' dir='ltr'><strong>σαι</strong></span> <span class='ocrx_word' id='word_1_602' title='bbox 2303 2495 2371 2549; x_wconf 82' lang='grc' dir='ltr'>τὰ</span> <span class='ocrx_word' id='word_1_603' title='bbox 2402 2490 2645 2565; x_wconf 80' lang='grc' dir='ltr'>μείζονα,</span> <span class='ocrx_word' id='word_1_604' title='bbox 2681 2491 2746 2542; x_wconf 81' lang='grc' dir='ltr'>ὲκ</span> <span class='ocrx_word' id='word_1_605' title='bbox 2793 2487 2984 2540; x_wconf 88' lang='grc' dir='ltr'>τούτου</span> <span class='ocrx_word' id='word_1_606' title='bbox 3019 2482 3252 2554; x_wconf 83' lang='grc' dir='ltr'>μάλιστα</span> <span class='ocrx_word' id='word_1_607' title='bbox 3290 2481 3387 2551; x_wconf 86' lang='grc' dir='ltr'>τὴν</span> <span class='ocrx_word' id='word_1_608' title='bbox 3432 2476 3639 2549; x_wconf 79' lang='grc' dir='ltr'>θεῖκὴν</span> <span class='ocrx_word' id='word_1_609' title='bbox 3667 2475 3752 2528; x_wconf 83' lang='grc' dir='ltr'><strong>δύ-</strong></span> 
     </span>
    </p>
   </div>
   <div class='ocr_carea' id='block_1_83' title="bbox 2166 2568 3750 2661">
    <p class='ocr_par' dir='ltr' id='par_1_83' title="bbox 2166 2568 3750 2661">
     <span class='ocr_line' id='line_1_83' title="bbox 2166 2568 3750 2661; baseline -0.016 -17"><span class='ocrx_word' id='word_1_610' title='bbox 2166 2606 2329 2661; x_wconf 87' lang='grc' dir='ltr'>ναμιν</span> <span class='ocrx_word' id='word_1_611' title='bbox 2357 2586 2452 2641; x_wconf 88' lang='grc' dir='ltr'><strong>τοῦ</strong></span> <span class='ocrx_word' id='word_1_612' title='bbox 2487 2585 2643 2652; x_wconf 82' lang='grc' dir='ltr'>ἁγίου</span> <span class='ocrx_word' id='word_1_613' title='bbox 2669 2581 2985 2652; x_wconf 81' lang='grc' dir='ltr'>Πνεύματος</span> <span class='ocrx_word' id='word_1_614' title='bbox 3025 2577 3411 2648; x_wconf 79' lang='grc' dir='ltr'>θεωρήσωμεν.</span> <span class='ocrx_word' id='word_1_615' title='bbox 3439 2574 3618 2643; x_wconf 81' lang='grc' dir='ltr'>Τρεῖς</span> <span class='ocrx_word' id='word_1_616' title='bbox 3646 2568 3750 2661; x_wconf 81' lang='grc' dir='ltr'>κτί-</span> 
     </span>
    </p>
   </div>
   <div class='ocr_carea' id='block_1_84' title="bbox 2167 2660 3749 2749">
    <p class='ocr_par' dir='ltr' id='par_1_84' title="bbox 2167 2660 3749 2749">
     <span class='ocr_line' id='line_1_84' title="bbox 2167 2660 3749 2749; baseline -0.015 -15"><span class='ocrx_word' id='word_1_617' title='bbox 2167 2697 2280 2745; x_wconf 89' lang='grc' dir='ltr'>σεις</span> <span class='ocrx_word' id='word_1_618' title='bbox 2325 2678 2641 2749; x_wconf 83' lang='grc' dir='ltr'>εὑρήκαμεν</span> <span class='ocrx_word' id='word_1_619' title='bbox 2675 2662 3079 2743; x_wconf 68' lang='grc' dir='ltr'>ὀνομαζομένας</span> <span class='ocrx_word' id='word_1_620' title='bbox 3128 2669 3185 2720; x_wconf 85' lang='grc' dir='ltr'>ὲν</span> <span class='ocrx_word' id='word_1_621' title='bbox 3227 2669 3291 2734; x_wconf 83' lang='grc' dir='ltr'>τῇ</span> <span class='ocrx_word' id='word_1_622' title='bbox 3336 2665 3578 2737; x_wconf 82' lang='grc' dir='ltr'><strong>Γραφῇ·</strong></span> <span class='ocrx_word' id='word_1_623' title='bbox 3628 2660 3749 2749; x_wconf 72' lang='grc' dir='ltr'>μίαν</span> 
     </span>
    </p>
   </div>
   <div class='ocr_carea' id='block_1_85' title="bbox 2170 2747 3744 2845">
    <p class='ocr_par' dir='ltr' id='par_1_85' title="bbox 2170 2747 3744 2845">
     <span class='ocr_line' id='line_1_85' title="bbox 2170 2747 3744 2845; baseline -0.015 -19"><span class='ocrx_word' id='word_1_624' title='bbox 2170 2774 2266 2845; x_wconf 80' lang='grc' dir='ltr'><strong>μὲν</strong></span> <span class='ocrx_word' id='word_1_625' title='bbox 2314 2747 2409 2825; x_wconf 56' lang='grc' dir='ltr'><strong>καί</strong></span> <span class='ocrx_word' id='word_1_626' title='bbox 2447 2747 2672 2840; x_wconf 74' lang='grc' dir='ltr'>πρώτην</span> <span class='ocrx_word' id='word_1_627' title='bbox 2701 2767 2801 2836; x_wconf 79' lang='grc' dir='ltr'>τὴν</span> <span class='ocrx_word' id='word_1_628' title='bbox 2837 2763 2946 2817; x_wconf 80' lang='grc' dir='ltr'>ἀπὸ</span> <span class='ocrx_word' id='word_1_629' title='bbox 2975 2760 3067 2815; x_wconf 89' lang='grc' dir='ltr'><strong>τοῦ</strong></span> <span class='ocrx_word' id='word_1_630' title='bbox 3104 2760 3178 2831; x_wconf 82' lang='grc' dir='ltr'>μὴ</span> <span class='ocrx_word' id='word_1_631' title='bbox 3210 2759 3362 2820; x_wconf 77' lang='grc' dir='ltr'>ὄντος</span> <span class='ocrx_word' id='word_1_632' title='bbox 3394 2757 3481 2819; x_wconf 84' lang='grc' dir='ltr'><strong>είς</strong></span> <span class='ocrx_word' id='word_1_633' title='bbox 3517 2753 3584 2807; x_wconf 84' lang='grc' dir='ltr'>τὸ</span> <span class='ocrx_word' id='word_1_634' title='bbox 3620 2747 3744 2845; x_wconf 76' lang='grc' dir='ltr'>εἶναι</span> 
     </span>
    </p>
   </div>
   <div class='ocr_carea' id='block_1_86' title="bbox 2167 2842 3745 2936">
    <p class='ocr_par' dir='ltr' id='par_1_86' title="bbox 2167 2842 3745 2936">
     <span class='ocr_line' id='line_1_86' title="bbox 2167 2842 3745 2936; baseline -0.016 -16"><span class='ocrx_word' id='word_1_635' title='bbox 2167 2842 2537 2936; x_wconf 67' lang='grc' dir='ltr'>παραγωγήν*</span> <span class='ocrx_word' id='word_1_636' title='bbox 2568 2857 2822 2931; x_wconf 77' lang='grc' dir='ltr'>δευτέραν</span> <span class='ocrx_word' id='word_1_637' title='bbox 2866 2855 2923 2908; x_wconf 83' lang='grc' dir='ltr'><strong>δὲ</strong></span> <span class='ocrx_word' id='word_1_638' title='bbox 2972 2854 3070 2925; x_wconf 83' lang='grc' dir='ltr'>τὴν</span> <span class='ocrx_word' id='word_1_639' title='bbox 3099 2851 3208 2906; x_wconf 78' lang='grc' dir='ltr'><strong>ἀπὸ</strong></span> <span class='ocrx_word' id='word_1_640' title='bbox 3251 2849 3343 2903; x_wconf 88' lang='grc' dir='ltr'><strong>τοῦ</strong></span> <span class='ocrx_word' id='word_1_641' title='bbox 3390 2848 3648 2919; x_wconf 84' lang='grc' dir='ltr'>χείρονος</span> <span class='ocrx_word' id='word_1_642' title='bbox 3673 2842 3745 2903; x_wconf 82' lang='grc' dir='ltr'><strong>είς</strong></span> 
     </span>
    </p>
   </div>
   <div class='ocr_carea' id='block_1_87' title="bbox 2163 2937 3745 3028">
    <p class='ocr_par' dir='ltr' id='par_1_87' title="bbox 2163 2937 3745 3028">
     <span class='ocr_line' id='line_1_87' title="bbox 2163 2937 3745 3028; baseline -0.016 -16"><span class='ocrx_word' id='word_1_643' title='bbox 2163 2957 2225 3011; x_wconf 83' lang='grc' dir='ltr'>τὸ</span> <span class='ocrx_word' id='word_1_644' title='bbox 2271 2958 2515 3028; x_wconf 88' lang='grc' dir='ltr'>κρεῖττον</span> <span class='ocrx_word' id='word_1_645' title='bbox 2567 2949 2882 3006; x_wconf 58' lang='grc' dir='ltr'>ἀλλοίωσιν</span> <span class='ocrx_word' id='word_1_646' title='bbox 2920 2945 3112 3015; x_wconf 80' lang='grc' dir='ltr'>τρίτην</span> <span class='ocrx_word' id='word_1_647' title='bbox 3141 2944 3198 2997; x_wconf 82' lang='grc' dir='ltr'><strong>δὲ</strong></span> <span class='ocrx_word' id='word_1_648' title='bbox 3245 2941 3344 3012; x_wconf 85' lang='grc' dir='ltr'>τὴν</span> <span class='ocrx_word' id='word_1_649' title='bbox 3381 2937 3745 3028; x_wconf 54' lang='grc' dir='ltr'>ἐξανάστασιν</span> 
     </span>
    </p>
   </div>
   <div class='ocr_carea' id='block_1_88' title="bbox 2162 3025 3741 3120">
    <p class='ocr_par' dir='ltr' id='par_1_88' title="bbox 2162 3025 3741 3120">
     <span class='ocr_line' id='line_1_88' title="bbox 2162 3025 3741 3120; baseline -0.016 -18"><span class='ocrx_word' id='word_1_650' title='bbox 2162 3049 2272 3103; x_wconf 84' lang='grc' dir='ltr'><strong>τῶν</strong></span> <span class='ocrx_word' id='word_1_651' title='bbox 2306 3025 2539 3120; x_wconf 80' lang='grc' dir='ltr'>νεκρῶν.</span> <span class='ocrx_word' id='word_1_652' title='bbox 2581 3045 2670 3098; x_wconf 83' lang='grc' dir='ltr'>Ἐν</span> <span class='ocrx_word' id='word_1_653' title='bbox 2714 3041 2937 3102; x_wconf 85' lang='grc' dir='ltr'>ταύταις</span> <span class='ocrx_word' id='word_1_654' title='bbox 2968 3040 3221 3110; x_wconf 86' lang='grc' dir='ltr'>εὑρήσεις</span> <span class='ocrx_word' id='word_1_655' title='bbox 3271 3032 3539 3104; x_wconf 80' lang='grc' dir='ltr'>συνεργὸν</span> <span class='ocrx_word' id='word_1_656' title='bbox 3573 3025 3741 3097; x_wconf 81' lang='grc' dir='ltr'>Πατρὶ</span> 
     </span>
    </p>
   </div>
   <div class='ocr_carea' id='block_1_89' title="bbox 2163 3120 3739 3209">
    <p class='ocr_par' dir='ltr' id='par_1_89' title="bbox 2163 3120 3739 3209">
     <span class='ocr_line' id='line_1_89' title="bbox 2163 3120 3739 3209; baseline -0.016 -15"><span class='ocrx_word' id='word_1_657' title='bbox 2163 3140 2259 3194; x_wconf 75' lang='grc' dir='ltr'><strong>καὶ</strong></span> <span class='ocrx_word' id='word_1_658' title='bbox 2300 3138 2415 3209; x_wconf 79' lang='grc' dir='ltr'>Υἱῷ</span> <span class='ocrx_word' id='word_1_659' title='bbox 2463 3137 2524 3189; x_wconf 83' lang='grc' dir='ltr'><strong>τὸ</strong></span> <span class='ocrx_word' id='word_1_660' title='bbox 2554 3136 2707 3204; x_wconf 79' lang='grc' dir='ltr'>ἆγιον</span> <span class='ocrx_word' id='word_1_661' title='bbox 2748 3131 2986 3201; x_wconf 82' lang='grc' dir='ltr'>Πνεῦμα.</span> <span class='ocrx_word' id='word_1_662' title='bbox 3030 3125 3289 3199; x_wconf 84' lang='grc' dir='ltr'>Οὐρανῶν</span> <span class='ocrx_word' id='word_1_663' title='bbox 3316 3128 3426 3193; x_wconf 78' lang='grc' dir='ltr'>γὰρ</span> <span class='ocrx_word' id='word_1_664' title='bbox 3464 3120 3739 3209; x_wconf 68' lang='grc' dir='ltr'>οὺσίωσις.</span> 
     </span>
    </p>
   </div>
   <div class='ocr_carea' id='block_1_90' title="bbox 2165 3205 3736 3300">
    <p class='ocr_par' dir='ltr' id='par_1_90' title="bbox 2165 3205 3736 3300">
     <span class='ocr_line' id='line_1_90' title="bbox 2165 3205 3736 3300; baseline -0.018 -13"><span class='ocrx_word' id='word_1_665' title='bbox 2165 3232 2277 3286; x_wconf 72' lang='grc' dir='ltr'>Καὶ</span> <span class='ocrx_word' id='word_1_666' title='bbox 2305 3231 2359 3285; x_wconf 81' lang='grc' dir='ltr'><strong>τι</strong></span> <span class='ocrx_word' id='word_1_667' title='bbox 2387 3205 2555 3300; x_wconf 48' lang='lat' dir='ltr'><strong>lam</strong></span> <span class='ocrx_word' id='word_1_668' title='bbox 2583 3229 2611 3280; x_wconf 86' lang='grc' dir='ltr'>ὁ</span> <span class='ocrx_word' id='word_1_669' title='bbox 2642 3225 2840 3291; x_wconf 67' lang='lat' dir='ltr'><strong>saeta;</strong></span> <span class='ocrx_word' id='word_1_670' title='bbox 2865 3222 2949 3289; x_wconf 79' lang='grc' dir='ltr'>τῷ</span> <span class='ocrx_word' id='word_1_671' title='bbox 2973 3221 3133 3290; x_wconf 73' lang='grc' dir='ltr'><strong>λόγῳ</strong></span> <span class='ocrx_word' id='word_1_672' title='bbox 3162 3216 3384 3287; x_wconf 81' lang='grc' dir='ltr'>Κυρίου</span> <span class='ocrx_word' id='word_1_673' title='bbox 3408 3216 3466 3269; x_wconf 84' lang='lat' dir='ltr'><strong>ot</strong></span> <span class='ocrx_word' id='word_1_674' title='bbox 3497 3205 3736 3279; x_wconf 79' lang='grc' dir='ltr'>οὐρανοὶ</span> 
     </span>
    </p>
   </div>
   <div class='ocr_carea' id='block_1_91' title="bbox 2163 3308 3737 3392">
    <p class='ocr_par' dir='ltr' id='par_1_91' title="bbox 2163 3308 3737 3392">
     <span class='ocr_line' id='line_1_91' title="bbox 2163 3308 3737 3392; baseline -0.015 -12"><span class='ocrx_word' id='word_1_675' title='bbox 2163 3322 2617 3392; x_wconf 81' lang='grc' dir='ltr'>ἐστερεώθησαν</span> <span class='ocrx_word' id='word_1_676' title='bbox 2636 3358 2654 3385; x_wconf 92' lang='lat'><strong>,</strong></span> <span class='ocrx_word' id='word_1_677' title='bbox 2688 3318 2789 3372; x_wconf 79' lang='grc' dir='ltr'><strong>καὶ</strong></span> <span class='ocrx_word' id='word_1_678' title='bbox 2830 3315 2911 3383; x_wconf 83' lang='grc' dir='ltr'>τῷ</span> <span class='ocrx_word' id='word_1_679' title='bbox 2962 3314 3255 3382; x_wconf 77' lang='grc' dir='ltr'>πνεύματι</span> <span class='ocrx_word' id='word_1_680' title='bbox 3293 3308 3398 3363; x_wconf 84' lang='grc' dir='ltr'><strong>τοῦ</strong></span> <span class='ocrx_word' id='word_1_681' title='bbox 3444 3308 3737 3374; x_wconf 73' lang='grc' dir='ltr'>στόματος</span> 
     </span>
    </p>
   </div>
   <div class='ocr_carea' id='block_1_92' title="bbox 2164 3397 3735 3478">
    <p class='ocr_par' dir='ltr' id='par_1_92' title="bbox 2164 3397 3735 3478">
     <span class='ocr_line' id='line_1_92' title="bbox 2164 3397 3735 3478; baseline -0.016 -6"><span class='ocrx_word' id='word_1_682' title='bbox 2164 3416 2351 3471; x_wconf 85' lang='grc' dir='ltr'>αὑτοῦ</span> <span class='ocrx_word' id='word_1_683' title='bbox 2404 3413 2573 3469; x_wconf 80' lang='grc' dir='ltr'>πᾶσα</span> <span class='ocrx_word' id='word_1_684' title='bbox 2616 3411 2655 3478; x_wconf 74' lang='grc' dir='ltr'><strong><em>ἡ</em></strong></span> <span class='ocrx_word' id='word_1_685' title='bbox 2695 3410 2950 3476; x_wconf 75' lang='grc' dir='ltr'>δύναμις</span> <span class='ocrx_word' id='word_1_686' title='bbox 2974 3404 3190 3460; x_wconf 81' lang='grc' dir='ltr'>αὐτῶν.</span> <span class='ocrx_word' id='word_1_687' title='bbox 3244 3401 3413 3455; x_wconf 81' lang='grc' dir='ltr'>Πάλιν</span> <span class='ocrx_word' id='word_1_688' title='bbox 3456 3397 3735 3467; x_wconf 74' lang='grc' dir='ltr'>ἄνθρωπος</span> 
     </span>
    </p>
   </div>
   <div class='ocr_carea' id='block_1_93' title="bbox 2164 3479 3735 3577">
    <p class='ocr_par' dir='ltr' id='par_1_93' title="bbox 2164 3479 3735 3577">
     <span class='ocr_line' id='line_1_93' title="bbox 2164 3479 3735 3577; baseline -0.015 -16"><span class='ocrx_word' id='word_1_689' title='bbox 2164 3507 2253 3561; x_wconf 85' lang='grc' dir='ltr'>διὰ</span> <span class='ocrx_word' id='word_1_690' title='bbox 2299 3505 2670 3577; x_wconf 84' lang='grc' dir='ltr'>βαπτίσματος</span> <span class='ocrx_word' id='word_1_691' title='bbox 2715 3498 2982 3565; x_wconf 76' lang='grc' dir='ltr'>κτίζεταιο</span> <span class='ocrx_word' id='word_1_692' title='bbox 3032 3497 3113 3552; x_wconf 67' lang='lat' dir='ltr'><strong>Et</strong></span> <span class='ocrx_word' id='word_1_693' title='bbox 3148 3513 3238 3555; x_wconf 79' lang='grc' dir='ltr'><strong>τις</strong></span> <span class='ocrx_word' id='word_1_694' title='bbox 3266 3493 3376 3563; x_wconf 72' lang='grc' dir='ltr'>γὰρ</span> <span class='ocrx_word' id='word_1_695' title='bbox 3416 3491 3493 3577; x_wconf 67' lang='grc' dir='ltr'>ἐκ</span> <span class='ocrx_word' id='word_1_696' title='bbox 3513 3479 3735 3556; x_wconf 73' lang='grc' dir='ltr'>Χριστῷ</span> 
     </span>
    </p>
   </div>
   <div class='ocr_carea' id='block_1_94' title="bbox 2166 3576 3728 3666">
    <p class='ocr_par' dir='ltr' id='par_1_94' title="bbox 2166 3576 3728 3666">
     <span class='ocr_line' id='line_1_94' title="bbox 2166 3576 3728 3666; baseline -0.015 -11"><span class='ocrx_word' id='word_1_697' title='bbox 2166 3576 2342 3666; x_wconf 75' lang='grc' dir='ltr'>καινὴ</span> <span class='ocrx_word' id='word_1_698' title='bbox 2368 3597 2586 3663; x_wconf 79' lang='grc' dir='ltr'>κτίσις.</span> <span class='ocrx_word' id='word_1_699' title='bbox 2612 3593 2724 3648; x_wconf 77' lang='grc' dir='ltr'>Καὶ</span> <span class='ocrx_word' id='word_1_700' title='bbox 2759 3592 2811 3646; x_wconf 86' lang='grc' dir='ltr'><strong>τί</strong></span> <span class='ocrx_word' id='word_1_701' title='bbox 2847 3607 2981 3661; x_wconf 85' lang='grc' dir='ltr'>φησι</span> <span class='ocrx_word' id='word_1_702' title='bbox 3006 3583 3121 3650; x_wconf 68' lang='grc' dir='ltr'>τοῖς</span> <span class='ocrx_word' id='word_1_703' title='bbox 3151 3585 3420 3656; x_wconf 81' lang='grc' dir='ltr'>μαθηταῖς</span> <span class='ocrx_word' id='word_1_704' title='bbox 3447 3576 3728 3646; x_wconf 66' lang='grc' dir='ltr'><strong>οΣωτήρς</strong></span> 
     </span>
    </p>
   </div>
   <div class='ocr_carea' id='block_1_95' title="bbox 2179 3667 3732 3757">
    <p class='ocr_par' dir='ltr' id='par_1_95' title="bbox 2179 3667 3732 3757">
     <span class='ocr_line' id='line_1_95' title="bbox 2179 3667 3732 3757; baseline -0.019 -8"><span class='ocrx_word' id='word_1_705' title='bbox 2179 3693 2579 3755; x_wconf 76' lang='grc' dir='ltr'>Ἀπελθόντες,</span> <span class='ocrx_word' id='word_1_706' title='bbox 2623 3685 3037 3757; x_wconf 84' lang='grc' dir='ltr'>μαθητεύσατε</span> <span class='ocrx_word' id='word_1_707' title='bbox 3075 3677 3274 3732; x_wconf 72' lang='grc' dir='ltr'>πάντα</span> <span class='ocrx_word' id='word_1_708' title='bbox 3304 3673 3377 3729; x_wconf 80' lang='grc' dir='ltr'>τὰ</span> <span class='ocrx_word' id='word_1_709' title='bbox 3417 3673 3593 3738; x_wconf 74' lang='grc' dir='ltr'>ἔθνη,</span> 
     </span>
    </p>
   </div>
   <div class='ocr_carea' id='block_1_96' title="bbox 2166 3754 3729 3848">
    <p class='ocr_par' dir='ltr' id='par_1_96' title="bbox 2166 3754 3729 3848">
     <span class='ocr_line' id='line_1_96' title="bbox 2166 3754 3729 3848; baseline -0.019 -8"><span class='ocrx_word' id='word_1_710' title='bbox 2166 3783 2470 3848; x_wconf 66' lang='grc' dir='ltr'>πτίζοιντες</span> <span class='ocrx_word' id='word_1_711' title='bbox 2508 3754 2729 3843; x_wconf 82' lang='grc' dir='ltr'>αὐτοὺς</span> <span class='ocrx_word' id='word_1_712' title='bbox 2774 3778 2861 3841; x_wconf 80' lang='grc' dir='ltr'>εὶς</span> <span class='ocrx_word' id='word_1_713' title='bbox 2888 3773 2954 3827; x_wconf 86' lang='grc' dir='ltr'>τὸ</span> <span class='ocrx_word' id='word_1_714' title='bbox 2995 3772 3182 3839; x_wconf 77' lang='grc' dir='ltr'>ὄνομα</span> <span class='ocrx_word' id='word_1_715' title='bbox 3213 3767 3318 3821; x_wconf 83' lang='grc' dir='ltr'><strong>τοῦ</strong></span> <span class='ocrx_word' id='word_1_716' title='bbox 3358 3764 3593 3832; x_wconf 79' lang='grc' dir='ltr'>Πατρός</span> <span class='ocrx_word' id='word_1_717' title='bbox 3640 3754 3729 3811; x_wconf 77' lang='grc' dir='ltr'><strong>καί</strong></span> 
     </span>
    </p>
   </div>
   <div class='ocr_carea' id='block_1_97' title="bbox 2165 3849 3727 3936">
    <p class='ocr_par' dir='ltr' id='par_1_97' title="bbox 2165 3849 3727 3936">
     <span class='ocr_line' id='line_1_97' title="bbox 2165 3849 3727 3936; baseline -0.021 -5"><span class='ocrx_word' id='word_1_718' title='bbox 2165 3875 2273 3931; x_wconf 86' lang='grc' dir='ltr'><strong>τοῦ</strong></span> <span class='ocrx_word' id='word_1_719' title='bbox 2313 3874 2447 3928; x_wconf 73' lang='grc' dir='ltr'><strong><em>Υίοῦ</em></strong></span> <span class='ocrx_word' id='word_1_720' title='bbox 2492 3872 2591 3925; x_wconf 83' lang='grc' dir='ltr'>καὶ</span> <span class='ocrx_word' id='word_1_721' title='bbox 2625 3868 2729 3923; x_wconf 84' lang='grc' dir='ltr'><strong>τοῦ</strong></span> <span class='ocrx_word' id='word_1_722' title='bbox 2781 3867 2952 3936; x_wconf 80' lang='grc' dir='ltr'><strong>ἁγίου</strong></span> <span class='ocrx_word' id='word_1_723' title='bbox 2997 3861 3360 3928; x_wconf 74' lang='grc' dir='ltr'>Πνεύματος.</span> <span class='ocrx_word' id='word_1_724' title='bbox 3402 3853 3569 3924; x_wconf 82' lang='grc' dir='ltr'>Ὁρᾷς</span> <span class='ocrx_word' id='word_1_725' title='bbox 3605 3849 3727 3902; x_wconf 72' lang='grc' dir='ltr'>κὰνο</span> 
     </span>
    </p>
   </div>
   <div class='ocr_carea' id='block_1_98' title="bbox 2166 3943 3721 4037">
    <p class='ocr_par' dir='ltr' id='par_1_98' title="bbox 2166 3943 3721 4037">
     <span class='ocr_line' id='line_1_98' title="bbox 2166 3943 3721 4037; baseline -0.019 -14"><span class='ocrx_word' id='word_1_726' title='bbox 2166 3968 2341 4023; x_wconf 88' lang='grc' dir='ltr'>ταῦθα</span> <span class='ocrx_word' id='word_1_727' title='bbox 2376 3964 2662 4037; x_wconf 83' lang='grc' dir='ltr'>συμπαρὸν</span> <span class='ocrx_word' id='word_1_728' title='bbox 2702 3957 2877 4031; x_wconf 73' lang='grc' dir='ltr'>Πατρὶ</span> <span class='ocrx_word' id='word_1_729' title='bbox 2929 3957 3023 4010; x_wconf 78' lang='grc' dir='ltr'><strong>καὶ</strong></span> <span class='ocrx_word' id='word_1_730' title='bbox 3061 3953 3175 4024; x_wconf 82' lang='grc' dir='ltr'><strong>Υίῷ</strong></span> <span class='ocrx_word' id='word_1_731' title='bbox 3207 3946 3267 4005; x_wconf 82' lang='grc' dir='ltr'><strong>τὸ</strong></span> <span class='ocrx_word' id='word_1_732' title='bbox 3298 3951 3450 4018; x_wconf 72' lang='grc' dir='ltr'>ἅγιον</span> <span class='ocrx_word' id='word_1_733' title='bbox 3491 3943 3721 4037; x_wconf 69' lang='grc' dir='ltr'>Πνεῦμα.</span> 
     </span>
    </p>
   </div>
   <div class='ocr_carea' id='block_1_99' title="bbox 2167 4033 3723 4123">
    <p class='ocr_par' dir='ltr' id='par_1_99' title="bbox 2167 4033 3723 4123">
     <span class='ocr_line' id='line_1_99' title="bbox 2167 4033 3723 4123; baseline -0.016 -8"><span class='ocrx_word' id='word_1_734' title='bbox 2167 4057 2233 4114; x_wconf 89' lang='grc' dir='ltr'>Τί</span> <span class='ocrx_word' id='word_1_735' title='bbox 2259 4061 2303 4114; x_wconf 80' lang='grc' dir='ltr'><strong>δ’</strong></span> <span class='ocrx_word' id='word_1_736' title='bbox 2329 4059 2395 4113; x_wconf 81' lang='grc' dir='ltr'>ἂν</span> <span class='ocrx_word' id='word_1_737' title='bbox 2419 4033 2595 4119; x_wconf 78' lang='grc' dir='ltr'>είποις</span> <span class='ocrx_word' id='word_1_738' title='bbox 2619 4052 2862 4123; x_wconf 73' lang='grc' dir='ltr'>καὶπερὶ</span> <span class='ocrx_word' id='word_1_739' title='bbox 2887 4051 2984 4121; x_wconf 82' lang='grc' dir='ltr'>τῆς</span> <span class='ocrx_word' id='word_1_740' title='bbox 3003 4045 3354 4107; x_wconf 83' lang='grc' dir='ltr'>ἀναστάσεως</span> <span class='ocrx_word' id='word_1_741' title='bbox 3375 4041 3483 4095; x_wconf 81' lang='grc' dir='ltr'><strong>τῶν</strong></span> <span class='ocrx_word' id='word_1_742' title='bbox 3507 4033 3723 4123; x_wconf 66' lang='grc' dir='ltr'>νεκρῶν,</span> 
     </span>
    </p>
   </div>
   <div class='ocr_carea' id='block_1_100' title="bbox 2165 4121 3729 4219">
    <p class='ocr_par' dir='ltr' id='par_1_100' title="bbox 2165 4121 3729 4219">
     <span class='ocr_line' id='line_1_100' title="bbox 2165 4121 3729 4219; baseline -0.017 -11"><span class='ocrx_word' id='word_1_743' title='bbox 2165 4154 2292 4207; x_wconf 83' lang='grc' dir='ltr'>ὅταν</span> <span class='ocrx_word' id='word_1_744' title='bbox 2332 4149 2693 4219; x_wconf 72' lang='grc' dir='ltr'>ὲκλείψωμεν,</span> <span class='ocrx_word' id='word_1_745' title='bbox 2729 4121 2824 4199; x_wconf 55' lang='grc' dir='ltr'><strong>καὶ</strong></span> <span class='ocrx_word' id='word_1_746' title='bbox 2871 4145 2950 4205; x_wconf 75' lang='grc' dir='ltr'><strong>εἰς</strong></span> <span class='ocrx_word' id='word_1_747' title='bbox 2986 4141 3076 4193; x_wconf 84' lang='grc' dir='ltr'><strong>τὸν</strong></span> <span class='ocrx_word' id='word_1_748' title='bbox 3110 4136 3241 4208; x_wconf 83' lang='grc' dir='ltr'>χοῦν</span> <span class='ocrx_word' id='word_1_749' title='bbox 3281 4133 3438 4206; x_wconf 80' lang='grc' dir='ltr'>ἡμῶν</span> <span class='ocrx_word' id='word_1_750' title='bbox 3488 4121 3729 4219; x_wconf 55' lang='grc' dir='ltr'>ἐπιστρέ-</span> 
     </span>
    </p>
   </div>
   <div class='ocr_carea' id='block_1_101' title="bbox 2165 4214 3722 4317">
    <p class='ocr_par' dir='ltr' id='par_1_101' title="bbox 2165 4214 3722 4317">
     <span class='ocr_line' id='line_1_101' title="bbox 2165 4214 3722 4317; baseline 0.001 -1"><span class='ocrx_word' id='word_1_751' title='bbox 2165 4245 2390 4317; x_wconf 75' lang='grc' dir='ltr'>ψωμενς</span> <span class='ocrx_word' id='word_1_752' title='bbox 2420 4214 2630 4312; x_wconf 44' lang='lat' dir='ltr'><strong>Piri?</strong></span> <span class='ocrx_word' id='word_1_753' title='bbox 2671 4239 2861 4307; x_wconf 70' lang='grc' dir='ltr'><strong>ἐσμενο</strong></span> <span class='ocrx_word' id='word_1_754' title='bbox 2896 4234 2990 4287; x_wconf 61' lang='grc' dir='ltr'><strong>καὶ</strong></span> <span class='ocrx_word' id='word_1_755' title='bbox 3036 4233 3116 4295; x_wconf 70' lang='grc' dir='ltr'>είς</span> <span class='ocrx_word' id='word_1_756' title='bbox 3157 4229 3256 4317; x_wconf 58' lang='grc' dir='ltr'><strong>τὴΥ</strong></span> <span class='ocrx_word' id='word_1_757' title='bbox 3295 4225 3399 4296; x_wconf 69' lang='grc' dir='ltr'>γῆν</span> <span class='ocrx_word' id='word_1_758' title='bbox 3436 4214 3722 4317; x_wconf 23' lang='lat' dir='ltr'><strong>“id”?</strong></span> 
     </span>
    </p>
   </div>
   <div class='ocr_carea' id='block_1_102' title="bbox 2171 4302 3724 4406">
    <p class='ocr_par' dir='ltr' id='par_1_102' title="bbox 2171 4302 3724 4406">
     <span class='ocr_line' id='line_1_102' title="bbox 2171 4302 3724 4406; baseline -0.023 -16"><span class='ocrx_word' id='word_1_759' title='bbox 2171 4302 2330 4406; x_wconf 57' lang='grc' dir='ltr'>μεθας</span> <span class='ocrx_word' id='word_1_760' title='bbox 2357 4302 2452 4385; x_wconf 72' lang='grc' dir='ltr'>καὶ</span> <span class='ocrx_word' id='word_1_761' title='bbox 2472 4302 2759 4383; x_wconf 63' lang='grc' dir='ltr'>ἀποστελεί</span> <span class='ocrx_word' id='word_1_762' title='bbox 2789 4322 2850 4377; x_wconf 83' lang='grc' dir='ltr'>τδ</span> <span class='ocrx_word' id='word_1_763' title='bbox 2880 4318 3105 4389; x_wconf 89' lang='grc' dir='ltr'>Πνεῦμα</span> <span class='ocrx_word' id='word_1_764' title='bbox 3124 4315 3185 4369; x_wconf 83' lang='grc' dir='ltr'><strong>τὸ</strong></span> <span class='ocrx_word' id='word_1_765' title='bbox 3223 4312 3401 4406; x_wconf 54' lang='grc' dir='ltr'><strong>ἅγιον3</strong></span> <span class='ocrx_word' id='word_1_766' title='bbox 3429 4309 3534 4406; x_wconf 55' lang='grc' dir='ltr'><strong>καὶζ</strong></span> <span class='ocrx_word' id='word_1_767' title='bbox 3564 4302 3724 4406; x_wconf 51' lang='grc' dir='ltr'>κτίσει</span> 
     </span>
    </p>
   </div>
   <div class='ocr_carea' id='block_1_103' title="bbox 2167 4389 3721 4501">
    <p class='ocr_par' dir='ltr' id='par_1_103' title="bbox 2167 4389 3721 4501">
     <span class='ocr_line' id='line_1_103' title="bbox 2167 4389 3721 4501; baseline -0.026 -19"><span class='ocrx_word' id='word_1_768' title='bbox 2167 4389 2335 4498; x_wconf 52' lang='lat' dir='ltr'><strong>iusim,</strong></span> <span class='ocrx_word' id='word_1_769' title='bbox 2383 4424 2477 4476; x_wconf 75' lang='grc' dir='ltr'>καὶ</span> <span class='ocrx_word' id='word_1_770' title='bbox 2520 4416 2860 4474; x_wconf 83' lang='grc' dir='ltr'>ἀνακαινίσει</span> <span class='ocrx_word' id='word_1_771' title='bbox 2897 4413 2958 4467; x_wconf 83' lang='grc' dir='ltr'><strong>τὸ</strong></span> <span class='ocrx_word' id='word_1_772' title='bbox 2995 4410 3286 4481; x_wconf 84' lang='grc' dir='ltr'>πρόσωπον</span> <span class='ocrx_word' id='word_1_773' title='bbox 3334 4401 3432 4473; x_wconf 84' lang='grc' dir='ltr'>τῆς</span> <span class='ocrx_word' id='word_1_774' title='bbox 3469 4389 3721 4501; x_wconf 49' lang='grc' dir='ltr'>γῆς..Ἢν</span> 
     </span>
    </p>
   </div>
   <div class='ocr_carea' id='block_1_104' title="bbox 2167 4497 3722 4588">
    <p class='ocr_par' dir='ltr' id='par_1_104' title="bbox 2167 4497 3722 4588">
     <span class='ocr_line' id='line_1_104' title="bbox 2167 4497 3722 4588; baseline -0.026 -10"><span class='ocrx_word' id='word_1_775' title='bbox 2167 4497 2277 4588; x_wconf 49' lang='grc' dir='ltr'>γὰρ</span> <span class='ocrx_word' id='word_1_776' title='bbox 2320 4512 2531 4577; x_wconf 83' lang='grc' dir='ltr'>Παῦλος</span> <span class='ocrx_word' id='word_1_777' title='bbox 2573 4513 2602 4565; x_wconf 86' lang='grc' dir='ltr'>ὁ</span> <span class='ocrx_word' id='word_1_778' title='bbox 2639 4510 2792 4578; x_wconf 80' lang='grc' dir='ltr'>ἆγιος</span> <span class='ocrx_word' id='word_1_779' title='bbox 2842 4503 3200 4572; x_wconf 71' lang='grc' dir='ltr'>ἐξανάστασιν</span> <span class='ocrx_word' id='word_1_780' title='bbox 3254 4498 3449 4588; x_wconf 41' lang='grc' dir='ltr'>είρηκε.</span> <span class='ocrx_word' id='word_1_781' title='bbox 3472 4530 3489 4556; x_wconf 86' lang='grc'><em>,</em></span> <span class='ocrx_word' id='word_1_782' title='bbox 3531 4497 3722 4588; x_wconf 48' lang='lat' dir='ltr'><strong>suos?</strong></span> 
     </span>
    </p>
   </div>
   <div class='ocr_carea' id='block_1_105' title="bbox 2163 4569 3720 4671">
    <p class='ocr_par' dir='ltr' id='par_1_105' title="bbox 2163 4569 3720 4671">
     <span class='ocr_line' id='line_1_105' title="bbox 2163 4569 3720 4671; baseline -0.021 -11"><span class='ocrx_word' id='word_1_783' title='bbox 2373 4569 2784 4671; x_wconf 28' lang='lat' dir='ltr'><strong>dvaxutvtotibv&#39;</strong></span> <span class='ocrx_word' id='word_1_784' title='bbox 2811 4569 3243 4667; x_wconf 81' lang='grc' dir='ltr'>προσηγόρευσε.</span> <span class='ocrx_word' id='word_1_785' title='bbox 3295 4581 3636 4671; x_wconf 74' lang='grc' dir='ltr'>Ἀκούσωμεν</span> 
     </span>
    </p>
   </div>
   <div class='ocr_carea' id='block_1_106' title="bbox 2163 4660 3721 4765">
    <p class='ocr_par' dir='ltr' id='par_1_106' title="bbox 2163 4660 3721 4765">
     <span class='ocr_line' id='line_1_106' title="bbox 2163 4660 3721 4765; baseline -0.02 -14"><span class='ocrx_word' id='word_1_786' title='bbox 2163 4696 2326 4750; x_wconf 81' lang='grc' dir='ltr'>πάλιν</span> <span class='ocrx_word' id='word_1_787' title='bbox 2358 4693 2471 4765; x_wconf 72' lang='grc'><strong>(92)</strong></span> <span class='ocrx_word' id='word_1_788' title='bbox 2500 4690 2595 4745; x_wconf 89' lang='grc' dir='ltr'><strong>τοῦ</strong></span> <span class='ocrx_word' id='word_1_789' title='bbox 2632 4660 2989 4761; x_wconf 38' lang='grc' dir='ltr'>α’ρπαγέντος-</span> <span class='ocrx_word' id='word_1_790' title='bbox 3016 4660 3120 4745; x_wconf 66' lang='lat' dir='ltr'><strong>Ea);</strong></span> <span class='ocrx_word' id='word_1_791' title='bbox 3168 4676 3353 4751; x_wconf 89' lang='grc' dir='ltr'>τρίτου</span> <span class='ocrx_word' id='word_1_792' title='bbox 3381 4669 3631 4765; x_wconf 77' lang='grc' dir='ltr'>οὐρανοῦ.</span> <span class='ocrx_word' id='word_1_793' title='bbox 3663 4660 3721 4765; x_wconf 56' lang='grc' dir='ltr'><strong>’ξι</strong></span> 
     </span>
    </p>
   </div>
   <div class='ocr_carea' id='block_1_107' title="bbox 2164 4754 3717 4859">
    <p class='ocr_par' dir='ltr' id='par_1_107' title="bbox 2164 4754 3717 4859">
     <span class='ocr_line' id='line_1_107' title="bbox 2164 4754 3717 4859; baseline -0.018 -19"><span class='ocrx_word' id='word_1_794' title='bbox 2164 4802 2329 4859; x_wconf 84' lang='grc' dir='ltr'>φησιν</span> <span class='ocrx_word' id='word_1_795' title='bbox 2345 4754 2377 4850; x_wconf 36' lang='grc' dir='ltr'>ς’</span> <span class='ocrx_word' id='word_1_796' title='bbox 2400 4784 2522 4836; x_wconf 88' lang='grc' dir='ltr'><strong>Ὅτι</strong></span> <span class='ocrx_word' id='word_1_797' title='bbox 2561 4754 2707 4844; x_wconf 76' lang='grc' dir='ltr'>ναὸς</span> <span class='ocrx_word' id='word_1_798' title='bbox 2751 4754 2857 4831; x_wconf 86' lang='grc' dir='ltr'><strong>τοῦ</strong></span> <span class='ocrx_word' id='word_1_799' title='bbox 2899 4775 2969 4828; x_wconf 83' lang='grc' dir='ltr'><strong>ἐν</strong></span> <span class='ocrx_word' id='word_1_800' title='bbox 3006 4770 3149 4842; x_wconf 76' lang='grc' dir='ltr'><strong>ὑμῖν</strong></span> <span class='ocrx_word' id='word_1_801' title='bbox 3189 4754 3717 4859; x_wconf 40' lang='grc' dir='ltr'>ἁγίου-Πγεύματός</span> 
     </span>
    </p>
   </div>
   <div class='ocr_carea' id='block_1_108' title="bbox 2163 4854 3717 4938">
    <p class='ocr_par' dir='ltr' id='par_1_108' title="bbox 2163 4854 3717 4938">
     <span class='ocr_line' id='line_1_108' title="bbox 2163 4854 3717 4938; baseline -0.022 -6"><span class='ocrx_word' id='word_1_802' title='bbox 2163 4854 2324 4933; x_wconf 79' lang='grc' dir='ltr'>ἐστε.</span> <span class='ocrx_word' id='word_1_803' title='bbox 2358 4875 2474 4938; x_wconf 81' lang='grc' dir='ltr'><strong>Πᾶς</strong></span> <span class='ocrx_word' id='word_1_804' title='bbox 2511 4871 2569 4925; x_wconf 81' lang='grc' dir='ltr'>δὲ</span> <span class='ocrx_word' id='word_1_805' title='bbox 2597 4870 2724 4932; x_wconf 83' lang='grc' dir='ltr'>ναὸς</span> <span class='ocrx_word' id='word_1_806' title='bbox 2758 4865 2894 4920; x_wconf 82' lang='grc' dir='ltr'>Θεοῦ</span> <span class='ocrx_word' id='word_1_807' title='bbox 2932 4864 3076 4926; x_wconf 82' lang='grc' dir='ltr'>ναός.</span> <span class='ocrx_word' id='word_1_808' title='bbox 3106 4861 3169 4913; x_wconf 88' lang='grc' dir='ltr'>Εί</span> <span class='ocrx_word' id='word_1_809' title='bbox 3202 4859 3259 4912; x_wconf 82' lang='grc' dir='ltr'><strong>δὲ</strong></span> <span class='ocrx_word' id='word_1_810' title='bbox 3284 4854 3411 4918; x_wconf 81' lang='grc' dir='ltr'>ναός</span> <span class='ocrx_word' id='word_1_811' title='bbox 3444 4854 3608 4919; x_wconf 78' lang='grc' dir='ltr'>ἐσμεν</span> <span class='ocrx_word' id='word_1_812' title='bbox 3634 4858 3717 4897; x_wconf 79' lang='grc' dir='ltr'><strong>του</strong></span> 
     </span>
    </p>
   </div>
   <div class='ocr_carea' id='block_1_109' title="bbox 2165 4938 3712 5035">
    <p class='ocr_par' dir='ltr' id='par_1_109' title="bbox 2165 4938 3712 5035">
     <span class='ocr_line' id='line_1_109' title="bbox 2165 4938 3712 5035; baseline -0.021 -15"><span class='ocrx_word' id='word_1_813' title='bbox 2165 4964 2482 5035; x_wconf 81' lang='grc' dir='ltr'>Πνεῦματος</span> <span class='ocrx_word' id='word_1_814' title='bbox 2531 4959 2624 5014; x_wconf 88' lang='grc' dir='ltr'><strong>τοῦ</strong></span> <span class='ocrx_word' id='word_1_815' title='bbox 2676 4957 2857 5026; x_wconf 83' lang='grc' dir='ltr'>ἁγίου,</span> <span class='ocrx_word' id='word_1_816' title='bbox 2890 4951 3023 5016; x_wconf 78' lang='grc' dir='ltr'>Θεὸς</span> <span class='ocrx_word' id='word_1_817' title='bbox 3059 4951 3121 5004; x_wconf 84' lang='grc' dir='ltr'>τὸ</span> <span class='ocrx_word' id='word_1_818' title='bbox 3173 4945 3399 5015; x_wconf 87' lang='grc' dir='ltr'>Πνεῦμα</span> <span class='ocrx_word' id='word_1_819' title='bbox 3452 4941 3515 5035; x_wconf 78' lang='grc' dir='ltr'>τὸ</span> <span class='ocrx_word' id='word_1_820' title='bbox 3557 4938 3712 5005; x_wconf 72' lang='grc' dir='ltr'>ἅγιον.</span> 
     </span>
    </p>
   </div>
   <div class='ocr_carea' id='block_1_110' title="bbox 2165 5034 3713 5125">
    <p class='ocr_par' dir='ltr' id='par_1_110' title="bbox 2165 5034 3713 5125">
     <span class='ocr_line' id='line_1_110' title="bbox 2165 5034 3713 5125; baseline -0.023 -12"><span class='ocrx_word' id='word_1_821' title='bbox 2165 5034 2398 5125; x_wconf 84' lang='grc' dir='ltr'>Λέγεται</span> <span class='ocrx_word' id='word_1_822' title='bbox 2443 5054 2502 5108; x_wconf 81' lang='grc' dir='ltr'><strong>δὲ</strong></span> <span class='ocrx_word' id='word_1_823' title='bbox 2561 5053 2655 5105; x_wconf 79' lang='grc' dir='ltr'><strong>καὶ</strong></span> <span class='ocrx_word' id='word_1_824' title='bbox 2705 5049 2834 5111; x_wconf 84' lang='grc' dir='ltr'>ναδς</span> <span class='ocrx_word' id='word_1_825' title='bbox 2879 5043 3245 5115; x_wconf 81' lang='grc' dir='ltr'>Σολομῶντος,</span> <span class='ocrx_word' id='word_1_826' title='bbox 3279 5037 3394 5092; x_wconf 76' lang='grc' dir='ltr'><strong>ἀλλ’</strong></span> <span class='ocrx_word' id='word_1_827' title='bbox 3445 5034 3523 5125; x_wconf 78' lang='grc' dir='ltr'>ὡς</span> <span class='ocrx_word' id='word_1_828' title='bbox 3563 5042 3713 5125; x_wconf 70' lang='grc' dir='ltr'>κατα-</span> 
     </span>
    </p>
   </div>
   <div class='ocr_carea' id='block_1_111' title="bbox 2167 5116 3713 5205">
    <p class='ocr_par' dir='ltr' id='par_1_111' title="bbox 2167 5116 3713 5205">
     <span class='ocr_line' id='line_1_111' title="bbox 2167 5116 3713 5205; baseline -0.016 -7"><span class='ocrx_word' id='word_1_829' title='bbox 2167 5116 2556 5205; x_wconf 75' lang='grc' dir='ltr'>σκευάσαντος.</span> <span class='ocrx_word' id='word_1_830' title='bbox 2598 5141 2664 5193; x_wconf 79' lang='lat' dir='ltr'><strong>Et</strong></span> <span class='ocrx_word' id='word_1_831' title='bbox 2717 5138 2775 5192; x_wconf 86' lang='grc' dir='ltr'><strong>δὲ</strong></span> <span class='ocrx_word' id='word_1_832' title='bbox 2826 5136 3000 5198; x_wconf 70' lang='grc' dir='ltr'>οὕτως</span> <span class='ocrx_word' id='word_1_833' title='bbox 3048 5131 3218 5203; x_wconf 77' lang='grc' dir='ltr'>ἐσμὲν</span> <span class='ocrx_word' id='word_1_834' title='bbox 3258 5127 3387 5191; x_wconf 85' lang='grc' dir='ltr'>ναδς</span> <span class='ocrx_word' id='word_1_835' title='bbox 3430 5123 3522 5179; x_wconf 92' lang='grc' dir='ltr'><strong>τοῦ</strong></span> <span class='ocrx_word' id='word_1_836' title='bbox 3575 5116 3713 5187; x_wconf 81' lang='grc' dir='ltr'>ἁγίου</span> 
     </span>
    </p>
   </div>
   <div class='ocr_carea' id='block_1_112' title="bbox 2164 5213 3766 5306">
    <p class='ocr_par' dir='ltr' id='par_1_112' title="bbox 2164 5213 3766 5306">
     <span class='ocr_line' id='line_1_112' title="bbox 2164 5213 3766 5306; baseline 0.006 -16"><span class='ocrx_word' id='word_1_837' title='bbox 2164 5236 2501 5306; x_wconf 86' lang='grc' dir='ltr'>Πνεύματος,</span> <span class='ocrx_word' id='word_1_838' title='bbox 2545 5231 2678 5294; x_wconf 81' lang='grc' dir='ltr'><strong>Θεδς</strong></span> <span class='ocrx_word' id='word_1_839' title='bbox 2722 5229 2782 5282; x_wconf 79' lang='grc' dir='ltr'><strong>τδ</strong></span> <span class='ocrx_word' id='word_1_840' title='bbox 2821 5229 2973 5297; x_wconf 74' lang='grc' dir='ltr'>ἅγιον</span> <span class='ocrx_word' id='word_1_841' title='bbox 3020 5223 3264 5292; x_wconf 68' lang='grc' dir='ltr'>Πνεῦμα·</span> <span class='ocrx_word' id='word_1_842' title='bbox 3311 5220 3373 5274; x_wconf 79' lang='grc' dir='ltr'><em>Ὅ</em></span> <span class='ocrx_word' id='word_1_843' title='bbox 3400 5218 3510 5287; x_wconf 69' lang='grc' dir='ltr'>γὰρ</span> <span class='ocrx_word' id='word_1_844' title='bbox 3539 5213 3713 5306; x_wconf 39' lang='grc' dir='ltr'><em>πάντᾳ</em></span> <span class='ocrx_word' id='word_1_845' title='bbox 3758 5220 3766 5229; x_wconf 35' lang='grc' dir='ltr'><strong>ί</strong></span> 
     </span>
    </p>
   </div>
   <div class='ocr_carea' id='block_1_113' title="bbox 2164 5297 3715 5388">
    <p class='ocr_par' dir='ltr' id='par_1_113' title="bbox 2164 5297 3715 5388">
     <span class='ocr_line' id='line_1_113' title="bbox 2164 5297 3715 5388; baseline -0.015 -8"><span class='ocrx_word' id='word_1_846' title='bbox 2164 5297 2629 5388; x_wconf 72' lang='grc' dir='ltr'>κατασκευάσας</span> <span class='ocrx_word' id='word_1_847' title='bbox 2643 5321 2787 5387; x_wconf 85' lang='grc' dir='ltr'>Θεός</span> <span class='ocrx_word' id='word_1_848' title='bbox 2804 5336 2819 5352; x_wconf 75' lang='grc' dir='ltr'><strong><em>ο</em></strong></span> <span class='ocrx_word' id='word_1_849' title='bbox 2854 5320 2903 5372; x_wconf 80' lang='grc' dir='ltr'><strong>εί</strong></span> <span class='ocrx_word' id='word_1_850' title='bbox 2934 5317 2990 5371; x_wconf 79' lang='grc' dir='ltr'><strong>δὲ</strong></span> <span class='ocrx_word' id='word_1_851' title='bbox 3012 5316 3087 5380; x_wconf 87' lang='grc' dir='ltr'>ὡς</span> <span class='ocrx_word' id='word_1_852' title='bbox 3115 5310 3608 5386; x_wconf 81' lang='grc' dir='ltr'>προσκυνουμένου,</span> <span class='ocrx_word' id='word_1_853' title='bbox 3635 5297 3715 5356; x_wconf 71' lang='grc' dir='ltr'>καὶ</span> 
     </span>
    </p>
   </div>
   <div class='ocr_carea' id='block_1_114' title="bbox 1043 5458 3708 5553">
    <p class='ocr_par' dir='ltr' id='par_1_114' title="bbox 1043 5458 3708 5553">
     <span class='ocr_line' id='line_1_114' title="bbox 1043 5458 3708 5553; baseline -0.008 -15"><span class='ocrx_word' id='word_1_854' title='bbox 1043 5484 1089 5517; x_wconf 78' lang='grc' dir='ltr'><strong><em>⁸ο</em></strong></span> <span class='ocrx_word' id='word_1_855' title='bbox 1123 5483 1269 5539; x_wconf 87' lang='lat' dir='ltr'><strong>Psal.</strong></span> <span class='ocrx_word' id='word_1_856' title='bbox 1296 5498 1562 5550; x_wconf 82' lang='lat' dir='ltr'><strong>cxxxvm,</strong></span> <span class='ocrx_word' id='word_1_857' title='bbox 1588 5484 1641 5537; x_wconf 89' lang='lat'><strong>7.</strong></span> <span class='ocrx_word' id='word_1_858' title='bbox 1734 5483 1776 5516; x_wconf 79' lang='lat'><strong>&quot;</strong></span> <span class='ocrx_word' id='word_1_859' title='bbox 1805 5482 1953 5542; x_wconf 87' lang='lat' dir='ltr'><strong>Psal.</strong></span> <span class='ocrx_word' id='word_1_860' title='bbox 1976 5501 2149 5553; x_wconf 77' lang='lat' dir='ltr'><strong>xxx&quot;,</strong></span> <span class='ocrx_word' id='word_1_861' title='bbox 2176 5485 2231 5542; x_wconf 84' lang='lat'><strong>6.</strong></span> <span class='ocrx_word' id='word_1_862' title='bbox 2310 5486 2354 5518; x_wconf 84' lang='grc'><strong>⁶¹</strong></span> <span class='ocrx_word' id='word_1_863' title='bbox 2378 5483 2421 5538; x_wconf 85' lang='lat' dir='ltr'><strong>ll</strong></span> <span class='ocrx_word' id='word_1_864' title='bbox 2441 5483 2570 5539; x_wconf 90' lang='lat' dir='ltr'><strong>Cor.</strong></span> <span class='ocrx_word' id='word_1_865' title='bbox 2599 5499 2648 5538; x_wconf 72' lang='grc' dir='ltr'><strong>ν.</strong></span> <span class='ocrx_word' id='word_1_866' title='bbox 2673 5479 2761 5536; x_wconf 76' lang='lat' dir='ltr'><strong>i7.</strong></span> <span class='ocrx_word' id='word_1_867' title='bbox 2837 5479 2884 5513; x_wconf 80' lang='grc'><strong>⁸³</strong></span> <span class='ocrx_word' id='word_1_868' title='bbox 2912 5476 3104 5532; x_wconf 84' lang='lat' dir='ltr'><strong>Matth.</strong></span> <span class='ocrx_word' id='word_1_869' title='bbox 3134 5487 3327 5535; x_wconf 82' lang='lat' dir='ltr'><strong>xxvm,</strong></span> <span class='ocrx_word' id='word_1_870' title='bbox 3356 5470 3440 5525; x_wconf 82' lang='lat' dir='ltr'><strong>i9.</strong></span> <span class='ocrx_word' id='word_1_871' title='bbox 3514 5466 3561 5498; x_wconf 71' lang='lat'>“</span> <span class='ocrx_word' id='word_1_872' title='bbox 3581 5458 3708 5519; x_wconf 59' lang='lat' dir='ltr'><strong>Psal.</strong></span> 
     </span>
    </p>
   </div>
   <div class='ocr_carea' id='block_1_115' title="bbox 2237 5743 3589 5822">
    <p class='ocr_par' dir='ltr' id='par_1_115' title="bbox 2237 5743 3589 5822">
     <span class='ocr_line' id='line_1_115' title="bbox 2237 5743 3589 5822; baseline -0.011 -16"><span class='ocrx_word' id='word_1_873' title='bbox 2237 5748 2345 5822; x_wconf 76' lang='lat'><strong>(92)</strong></span> <span class='ocrx_word' id='word_1_874' title='bbox 2380 5746 2589 5802; x_wconf 69' lang='grc' dir='ltr'>Πάλιν.</span> <span class='ocrx_word' id='word_1_875' title='bbox 2622 5746 2771 5802; x_wconf 66' lang='lat' dir='ltr'><strong>Hanc</strong></span> <span class='ocrx_word' id='word_1_876' title='bbox 2800 5759 2987 5803; x_wconf 90' lang='lat' dir='ltr'><strong>vocem</strong></span> <span class='ocrx_word' id='word_1_877' title='bbox 3020 5743 3330 5799; x_wconf 86' lang='lat' dir='ltr'><strong>addidimus</strong></span> <span class='ocrx_word' id='word_1_878' title='bbox 3362 5754 3427 5795; x_wconf 79' lang='lat' dir='ltr'><strong>ex</strong></span> <span class='ocrx_word' id='word_1_879' title='bbox 3453 5751 3589 5795; x_wconf 79' lang='lat' dir='ltr'><strong>mss.</strong></span> 
     </span>
    </p>
   </div>
  </div>
