  <div class='ocr_page' id='page_1' title='image "/cluster/home/n/w/nwhite01/storage/ocr_20150623/32/mdp.39015011915462/142.png"; bbox 0 0 3886 6220; ppageno 0'>
   <div class='ocr_carea' id='block_1_1' title="bbox 180 350 273 405">
    <p class='ocr_par' dir='ltr' id='par_1_1' title="bbox 180 350 273 405">
     <span class='ocr_line' id='line_1_1' title="bbox 180 350 273 405; baseline 0 0"><span class='ocrx_word' id='word_1_1' title='bbox 180 350 273 405; x_wconf 72' lang='lat'><strong>26$</strong></span> 
     </span>
    </p>
   </div>
   <div class='ocr_carea' id='block_1_2' title="bbox 1130 336 2471 401">
    <p class='ocr_par' dir='ltr' id='par_1_2' title="bbox 1130 336 2471 401">
     <span class='ocr_line' id='line_1_2' title="bbox 1130 336 2471 401; baseline 0.001 -2"><span class='ocrx_word' id='word_1_2' title='bbox 1130 336 1626 400; x_wconf 68' lang='lat' dir='ltr'><strong>EPISTULARUM</strong></span> <span class='ocrx_word' id='word_1_3' title='bbox 1658 338 1953 400; x_wconf 67' lang='lat' dir='ltr'><strong>‘CLASSIS</strong></span> <span class='ocrx_word' id='word_1_4' title='bbox 1983 339 2027 401; x_wconf 83' lang='grc'>1.</span> <span class='ocrx_word' id='word_1_5' title='bbox 2070 338 2290 401; x_wconf 83' lang='lat' dir='ltr'><strong>EPIST.</strong></span> <span class='ocrx_word' id='word_1_6' title='bbox 2332 342 2471 401; x_wconf 78' lang='lat' dir='ltr'><strong>Vill.</strong></span> 
     </span>
    </p>
   </div>
   <div class='ocr_carea' id='block_1_3' title="bbox 3314 348 3420 402">
    <p class='ocr_par' dir='ltr' id='par_1_3' title="bbox 3314 348 3420 402">
     <span class='ocr_line' id='line_1_3' title="bbox 3314 348 3420 402; baseline -0.009 0"><span class='ocrx_word' id='word_1_7' title='bbox 3314 348 3420 402; x_wconf 62' lang='lat'><strong>866</strong></span> 
     </span>
    </p>
   </div>
   <div class='ocr_carea' id='block_1_4' title="bbox 179 459 1736 536">
    <p class='ocr_par' dir='ltr' id='par_1_4' title="bbox 179 459 1735 536">
     <span class='ocr_line' id='line_1_4' title="bbox 179 459 1735 536; baseline -0.001 -17"><span class='ocrx_word' id='word_1_8' title='bbox 179 463 495 528; x_wconf 73' lang='grc' dir='ltr'>ἐνοικοῦντος</span> <span class='ocrx_word' id='word_1_9' title='bbox 525 466 582 519; x_wconf 80' lang='grc' dir='ltr'><strong>ὲν</strong></span> <span class='ocrx_word' id='word_1_10' title='bbox 610 466 767 535; x_wconf 79' lang='grc' dir='ltr'>ἡμῖν,</span> <span class='ocrx_word' id='word_1_11' title='bbox 795 463 1219 536; x_wconf 79' lang='grc' dir='ltr'><strong>ὁμολογήσωμεν</strong></span> <span class='ocrx_word' id='word_1_12' title='bbox 1250 464 1383 518; x_wconf 81' lang='grc' dir='ltr'>αὐτὸ</span> <span class='ocrx_word' id='word_1_13' title='bbox 1411 459 1550 517; x_wconf 76' lang='grc' dir='ltr'>εἶναι</span> <span class='ocrx_word' id='word_1_14' title='bbox 1580 461 1735 517; x_wconf 82' lang='grc' dir='ltr'>Θεόν.</span> 
     </span>
    </p>
   </div>
   <div class='ocr_carea' id='block_1_5' title="bbox 1843 459 3422 536">
    <p class='ocr_par' dir='ltr' id='par_1_5' title="bbox 1843 462 3422 533">
     <span class='ocr_line' id='line_1_5' title="bbox 1843 462 3422 533; baseline 0 -14"><span class='ocrx_word' id='word_1_15' title='bbox 1843 472 1953 529; x_wconf 76' lang='lat' dir='ltr'><strong>tur,</strong></span> <span class='ocrx_word' id='word_1_16' title='bbox 2011 475 2063 520; x_wconf 88' lang='lat' dir='ltr'><strong>et</strong></span> <span class='ocrx_word' id='word_1_17' title='bbox 2094 464 2365 519; x_wconf 88' lang='lat' dir='ltr'><strong>inhabitat</strong></span> <span class='ocrx_word' id='word_1_18' title='bbox 2394 466 2451 519; x_wconf 89' lang='lat' dir='ltr'><strong>in</strong></span> <span class='ocrx_word' id='word_1_19' title='bbox 2478 464 2660 529; x_wconf 88' lang='lat' dir='ltr'><strong>nobis,</strong></span> <span class='ocrx_word' id='word_1_20' title='bbox 2699 462 3060 519; x_wconf 82' lang='lat' dir='ltr'><strong>conﬁteamur</strong></span> <span class='ocrx_word' id='word_1_21' title='bbox 3088 463 3269 533; x_wconf 87' lang='lat' dir='ltr'><strong>ipsum</strong></span> <span class='ocrx_word' id='word_1_22' title='bbox 3295 477 3422 519; x_wconf 82' lang='lat' dir='ltr'><strong>esse</strong></span> 
     </span>
    </p>
   </div>
   <div class='ocr_carea' id='block_1_6' title="bbox 178 553 1734 626">
    <p class='ocr_par' dir='ltr' id='par_1_6' title="bbox 178 553 1734 626">
     <span class='ocr_line' id='line_1_6' title="bbox 178 553 1734 626; baseline -0.004 -14"><span class='ocrx_word' id='word_1_23' title='bbox 178 559 355 626; x_wconf 80' lang='grc' dir='ltr'><strong>Κυρίῳ</strong></span> <span class='ocrx_word' id='word_1_24' title='bbox 387 557 498 625; x_wconf 74' lang='grc' dir='ltr'>γὰρ</span> <span class='ocrx_word' id='word_1_25' title='bbox 530 554 608 621; x_wconf 82' lang='grc' dir='ltr'><strong>τῷ</strong></span> <span class='ocrx_word' id='word_1_26' title='bbox 642 554 765 620; x_wconf 83' lang='grc' dir='ltr'>Θεῷ</span> <span class='ocrx_word' id='word_1_27' title='bbox 799 569 914 609; x_wconf 90' lang='grc' dir='ltr'><strong>σου</strong></span> <span class='ocrx_word' id='word_1_28' title='bbox 937 553 1410 622; x_wconf 68' lang='grc' dir='ltr'><strong>προσκυνήσεις,</strong></span> <span class='ocrx_word' id='word_1_29' title='bbox 1450 554 1547 607; x_wconf 78' lang='grc' dir='ltr'><strong>καὶ</strong></span> <span class='ocrx_word' id='word_1_30' title='bbox 1574 553 1734 618; x_wconf 83' lang='grc' dir='ltr'>αὐτῷ</span> 
     </span>
    </p>
   </div>
   <div class='ocr_carea' id='block_1_7' title="bbox 176 642 1732 720">
    <p class='ocr_par' dir='ltr' id='par_1_7' title="bbox 176 642 1732 720">
     <span class='ocr_line' id='line_1_7' title="bbox 176 642 1732 720; baseline -0.006 -17"><span class='ocrx_word' id='word_1_31' title='bbox 176 651 324 720; x_wconf 75' lang='grc' dir='ltr'><strong>μόνῳ</strong></span> <span class='ocrx_word' id='word_1_32' title='bbox 365 647 739 713; x_wconf 74' lang='grc' dir='ltr'><strong>λατρεύσεις.</strong></span> <span class='ocrx_word' id='word_1_33' title='bbox 782 646 846 698; x_wconf 78' lang='lat' dir='ltr'><strong>Ei</strong></span> <span class='ocrx_word' id='word_1_34' title='bbox 870 644 933 697; x_wconf 79' lang='grc' dir='ltr'><strong>δὲ</strong></span> <span class='ocrx_word' id='word_1_35' title='bbox 977 643 1074 714; x_wconf 84' lang='grc' dir='ltr'>τὴν</span> <span class='ocrx_word' id='word_1_36' title='bbox 1118 644 1263 709; x_wconf 83' lang='grc' dir='ltr'><strong>Θεὸς</strong></span> <span class='ocrx_word' id='word_1_37' title='bbox 1310 642 1492 715; x_wconf 79' lang='grc' dir='ltr'>φωνὴν</span> <span class='ocrx_word' id='word_1_38' title='bbox 1532 660 1732 714; x_wconf 85' lang='grc' dir='ltr'>παραι-</span> 
     </span>
    </p>
   </div>
   <div class='ocr_carea' id='block_1_8' title="bbox 177 733 1735 808">
    <p class='ocr_par' dir='ltr' id='par_1_8' title="bbox 177 733 1735 808">
     <span class='ocr_line' id='line_1_8' title="bbox 177 733 1735 808; baseline -0.005 -15"><span class='ocrx_word' id='word_1_39' title='bbox 177 745 354 802; x_wconf 83' lang='grc' dir='ltr'>τοίντο,</span> <span class='ocrx_word' id='word_1_40' title='bbox 393 736 817 808; x_wconf 76' lang='grc' dir='ltr'><strong>μανθανέτωσαν</strong></span> <span class='ocrx_word' id='word_1_41' title='bbox 844 734 986 796; x_wconf 88' lang='grc' dir='ltr'>τίνος</span> <span class='ocrx_word' id='word_1_42' title='bbox 1014 735 1131 787; x_wconf 80' lang='grc' dir='ltr'><strong>ἐστὶ</strong></span> <span class='ocrx_word' id='word_1_43' title='bbox 1159 733 1493 805; x_wconf 80' lang='grc' dir='ltr'>σημαντικὸν</span> <span class='ocrx_word' id='word_1_44' title='bbox 1531 733 1592 786; x_wconf 86' lang='grc' dir='ltr'>τὸ</span> <span class='ocrx_word' id='word_1_45' title='bbox 1619 733 1735 786; x_wconf 78' lang='grc' dir='ltr'>δνο-</span> 
     </span>
    </p>
   </div>
   <div class='ocr_carea' id='block_1_9' title="bbox 178 822 1736 902">
    <p class='ocr_par' dir='ltr' id='par_1_9' title="bbox 178 822 1736 902">
     <span class='ocr_line' id='line_1_9' title="bbox 178 822 1736 902; baseline -0.004 -19"><span class='ocrx_word' id='word_1_46' title='bbox 178 850 248 902; x_wconf 80' lang='grc' dir='ltr'><strong>μα</strong></span> <span class='ocrx_word' id='word_1_47' title='bbox 274 828 447 883; x_wconf 85' lang='grc' dir='ltr'>τοῦτο.</span> <span class='ocrx_word' id='word_1_48' title='bbox 473 827 633 898; x_wconf 87' lang='grc' dir='ltr'><strong>Παρά</strong></span> <span class='ocrx_word' id='word_1_49' title='bbox 663 828 772 898; x_wconf 79' lang='grc' dir='ltr'>γὰρ</span> <span class='ocrx_word' id='word_1_50' title='bbox 801 826 863 878; x_wconf 83' lang='grc' dir='ltr'>τὸ</span> <span class='ocrx_word' id='word_1_51' title='bbox 901 823 1203 878; x_wconf 81' lang='grc' dir='ltr'><strong>τεθεικέναι</strong></span> <span class='ocrx_word' id='word_1_52' title='bbox 1228 823 1299 878; x_wconf 84' lang='grc' dir='ltr'><strong>τὰ</strong></span> <span class='ocrx_word' id='word_1_53' title='bbox 1346 823 1522 877; x_wconf 81' lang='grc' dir='ltr'>πάντα</span> <span class='ocrx_word' id='word_1_54' title='bbox 1545 823 1580 895; x_wconf 75' lang='grc' dir='ltr'><strong>ἢ</strong></span> <span class='ocrx_word' id='word_1_55' title='bbox 1613 822 1736 877; x_wconf 80' lang='grc' dir='ltr'>θεᾶ-</span> 
     </span>
    </p>
   </div>
   <div class='ocr_carea' id='block_1_10' title="bbox 178 915 1734 988">
    <p class='ocr_par' dir='ltr' id='par_1_10' title="bbox 178 915 1734 988">
     <span class='ocr_line' id='line_1_10' title="bbox 178 915 1734 988; baseline -0.004 -12"><span class='ocrx_word' id='word_1_56' title='bbox 178 924 288 976; x_wconf 97' lang='grc' dir='ltr'>σθαι</span> <span class='ocrx_word' id='word_1_57' title='bbox 326 921 395 974; x_wconf 84' lang='grc' dir='ltr'><strong>τά</strong></span> <span class='ocrx_word' id='word_1_58' title='bbox 441 921 620 974; x_wconf 78' lang='grc' dir='ltr'>πάντα</span> <span class='ocrx_word' id='word_1_59' title='bbox 654 921 683 973; x_wconf 88' lang='grc' dir='ltr'>ὀ</span> <span class='ocrx_word' id='word_1_60' title='bbox 726 918 859 982; x_wconf 75' lang='grc' dir='ltr'>Θεὸς</span> <span class='ocrx_word' id='word_1_61' title='bbox 910 916 1235 988; x_wconf 79' lang='grc' dir='ltr'><strong>ὀνομάζεται</strong></span> <span class='ocrx_word' id='word_1_62' title='bbox 1264 916 1397 987; x_wconf 80' lang='lat'><strong>(95).</strong></span> <span class='ocrx_word' id='word_1_63' title='bbox 1448 918 1511 969; x_wconf 78' lang='lat' dir='ltr'><strong>Ei</strong></span> <span class='ocrx_word' id='word_1_64' title='bbox 1555 915 1734 970; x_wconf 81' lang='grc' dir='ltr'>τοίνυν</span> 
     </span>
    </p>
   </div>
   <div class='ocr_carea' id='block_1_11' title="bbox 176 1008 1732 1084">
    <p class='ocr_par' dir='ltr' id='par_1_11' title="bbox 176 1008 1732 1084">
     <span class='ocr_line' id='line_1_11' title="bbox 176 1008 1732 1084; baseline -0.004 -16"><span class='ocrx_word' id='word_1_65' title='bbox 176 1015 292 1078; x_wconf 76' lang='grc' dir='ltr'>Θεὸς</span> <span class='ocrx_word' id='word_1_66' title='bbox 309 1013 522 1084; x_wconf 71' lang='grc' dir='ltr'>εἴρηται</span> <span class='ocrx_word' id='word_1_67' title='bbox 549 1011 701 1081; x_wconf 85' lang='grc' dir='ltr'><strong>παρά</strong></span> <span class='ocrx_word' id='word_1_68' title='bbox 719 1010 783 1063; x_wconf 83' lang='grc' dir='ltr'>τὸ</span> <span class='ocrx_word' id='word_1_69' title='bbox 807 1009 1110 1063; x_wconf 81' lang='grc' dir='ltr'><strong>τεθεικέναι</strong></span> <span class='ocrx_word' id='word_1_70' title='bbox 1136 1009 1171 1078; x_wconf 82' lang='grc' dir='ltr'><strong>ἢ</strong></span> <span class='ocrx_word' id='word_1_71' title='bbox 1195 1008 1420 1062; x_wconf 83' lang='grc' dir='ltr'>θεᾶσθαι</span> <span class='ocrx_word' id='word_1_72' title='bbox 1446 1008 1514 1061; x_wconf 81' lang='grc' dir='ltr'>τὰ</span> <span class='ocrx_word' id='word_1_73' title='bbox 1534 1009 1732 1074; x_wconf 82' lang='grc' dir='ltr'>πάντα,</span> 
     </span>
    </p>
   </div>
   <div class='ocr_carea' id='block_1_12' title="bbox 175 1099 1736 1174">
    <p class='ocr_par' dir='ltr' id='par_1_12' title="bbox 175 1099 1736 1174">
     <span class='ocr_line' id='line_1_12' title="bbox 175 1099 1736 1174; baseline -0.003 -15"><span class='ocrx_word' id='word_1_74' title='bbox 175 1107 228 1159; x_wconf 78' lang='grc' dir='ltr'>τὸ</span> <span class='ocrx_word' id='word_1_75' title='bbox 253 1105 305 1159; x_wconf 85' lang='grc' dir='ltr'><strong>δὲ</strong></span> <span class='ocrx_word' id='word_1_76' title='bbox 335 1102 562 1174; x_wconf 79' lang='grc' dir='ltr'>Πνεῦμα</span> <span class='ocrx_word' id='word_1_77' title='bbox 604 1104 782 1156; x_wconf 80' lang='grc' dir='ltr'>πάντα</span> <span class='ocrx_word' id='word_1_78' title='bbox 812 1101 1069 1170; x_wconf 81' lang='grc' dir='ltr'><strong>γινώσκει</strong></span> <span class='ocrx_word' id='word_1_79' title='bbox 1116 1099 1187 1154; x_wconf 87' lang='grc' dir='ltr'><strong>τά</strong></span> <span class='ocrx_word' id='word_1_80' title='bbox 1232 1099 1324 1154; x_wconf 89' lang='grc' dir='ltr'><strong>τοῦ</strong></span> <span class='ocrx_word' id='word_1_81' title='bbox 1372 1099 1530 1167; x_wconf 89' lang='grc' dir='ltr'>Θεοῦ,</span> <span class='ocrx_word' id='word_1_82' title='bbox 1569 1099 1645 1163; x_wconf 81' lang='grc' dir='ltr'>ὡς</span> <span class='ocrx_word' id='word_1_83' title='bbox 1676 1100 1736 1155; x_wconf 84' lang='grc' dir='ltr'>τὸ</span> 
     </span>
    </p>
   </div>
   <div class='ocr_carea' id='block_1_13' title="bbox 174 1188 1738 1267">
    <p class='ocr_par' dir='ltr' id='par_1_13' title="bbox 174 1188 1738 1267">
     <span class='ocr_line' id='line_1_13' title="bbox 174 1188 1738 1267; baseline -0.004 -16"><span class='ocrx_word' id='word_1_84' title='bbox 174 1196 372 1267; x_wconf 69' lang='grc' dir='ltr'>πνεῦμα</span> <span class='ocrx_word' id='word_1_85' title='bbox 403 1196 464 1248; x_wconf 82' lang='grc' dir='ltr'>τὺ</span> <span class='ocrx_word' id='word_1_86' title='bbox 503 1197 562 1248; x_wconf 77' lang='grc' dir='ltr'><strong>ὲν</strong></span> <span class='ocrx_word' id='word_1_87' title='bbox 595 1197 730 1266; x_wconf 78' lang='grc' dir='ltr'><strong>ἡμῖν</strong></span> <span class='ocrx_word' id='word_1_88' title='bbox 765 1194 836 1247; x_wconf 82' lang='grc' dir='ltr'><strong>τὰ</strong></span> <span class='ocrx_word' id='word_1_89' title='bbox 878 1193 1156 1265; x_wconf 74' lang='grc' dir='ltr'><strong>ἡμέτερασ</strong></span> <span class='ocrx_word' id='word_1_90' title='bbox 1191 1193 1326 1257; x_wconf 83' lang='grc' dir='ltr'><strong>Θεὸς</strong></span> <span class='ocrx_word' id='word_1_91' title='bbox 1358 1188 1451 1246; x_wconf 83' lang='grc' dir='ltr'>οὖν</span> <span class='ocrx_word' id='word_1_92' title='bbox 1474 1193 1535 1245; x_wconf 87' lang='grc' dir='ltr'>τὸ</span> <span class='ocrx_word' id='word_1_93' title='bbox 1565 1192 1738 1246; x_wconf 80' lang='grc' dir='ltr'>Πνεῦ-</span> 
     </span>
    </p>
   </div>
   <div class='ocr_carea' id='block_1_14' title="bbox 176 1282 1736 1361">
    <p class='ocr_par' dir='ltr' id='par_1_14' title="bbox 176 1282 1736 1361">
     <span class='ocr_line' id='line_1_14' title="bbox 176 1282 1736 1361; baseline -0.004 -18"><span class='ocrx_word' id='word_1_94' title='bbox 176 1306 245 1361; x_wconf 79' lang='grc' dir='ltr'>μα</span> <span class='ocrx_word' id='word_1_95' title='bbox 266 1289 325 1342; x_wconf 80' lang='grc' dir='ltr'>τὸ</span> <span class='ocrx_word' id='word_1_96' title='bbox 352 1290 529 1355; x_wconf 75' lang='grc' dir='ltr'>ἅγιον.</span> <span class='ocrx_word' id='word_1_97' title='bbox 560 1287 672 1341; x_wconf 77' lang='grc' dir='ltr'><strong>Καὶ</strong></span> <span class='ocrx_word' id='word_1_98' title='bbox 712 1284 898 1352; x_wconf 83' lang='grc' dir='ltr'>πάλιν,</span> <span class='ocrx_word' id='word_1_99' title='bbox 932 1287 981 1337; x_wconf 83' lang='grc' dir='ltr'><strong>εί</strong></span> <span class='ocrx_word' id='word_1_100' title='bbox 1011 1286 1044 1356; x_wconf 78' lang='grc' dir='ltr'>ἡ</span> <span class='ocrx_word' id='word_1_101' title='bbox 1087 1283 1334 1355; x_wconf 80' lang='grc' dir='ltr'>μάχαιρα</span> <span class='ocrx_word' id='word_1_102' title='bbox 1360 1282 1453 1336; x_wconf 91' lang='grc' dir='ltr'><strong>τοῦ</strong></span> <span class='ocrx_word' id='word_1_103' title='bbox 1482 1282 1736 1352; x_wconf 80' lang='grc' dir='ltr'>Πνεῦμα-</span> 
     </span>
    </p>
   </div>
   <div class='ocr_carea' id='block_1_15' title="bbox 172 1372 1735 1452">
    <p class='ocr_par' dir='ltr' id='par_1_15' title="bbox 172 1372 1735 1452">
     <span class='ocr_line' id='line_1_15' title="bbox 172 1372 1735 1452; baseline -0.008 -17"><span class='ocrx_word' id='word_1_104' title='bbox 172 1398 252 1445; x_wconf 67' lang='lat' dir='ltr'><strong>vo;</strong></span> <span class='ocrx_word' id='word_1_105' title='bbox 278 1380 423 1452; x_wconf 78' lang='grc' dir='ltr'><strong>ῥῆμά</strong></span> <span class='ocrx_word' id='word_1_106' title='bbox 445 1383 567 1433; x_wconf 84' lang='grc' dir='ltr'>ἐστι</span> <span class='ocrx_word' id='word_1_107' title='bbox 592 1376 751 1441; x_wconf 89' lang='grc' dir='ltr'>Θεοῦ,</span> <span class='ocrx_word' id='word_1_108' title='bbox 774 1377 905 1441; x_wconf 83' lang='grc' dir='ltr'>Θεὸς</span> <span class='ocrx_word' id='word_1_109' title='bbox 932 1378 993 1430; x_wconf 79' lang='grc' dir='ltr'>τὸ</span> <span class='ocrx_word' id='word_1_110' title='bbox 1016 1374 1242 1447; x_wconf 87' lang='grc' dir='ltr'>Πνεῦμα</span> <span class='ocrx_word' id='word_1_111' title='bbox 1260 1375 1321 1428; x_wconf 77' lang='grc' dir='ltr'>τὸ</span> <span class='ocrx_word' id='word_1_112' title='bbox 1352 1374 1529 1443; x_wconf 80' lang='grc' dir='ltr'>ἀγιον.</span> <span class='ocrx_word' id='word_1_113' title='bbox 1562 1372 1735 1425; x_wconf 87' lang='grc' dir='ltr'>Ἐκεί-</span> 
     </span>
    </p>
   </div>
   <div class='ocr_carea' id='block_1_16' title="bbox 177 1463 1732 1543">
    <p class='ocr_par' dir='ltr' id='par_1_16' title="bbox 177 1463 1732 1543">
     <span class='ocr_line' id='line_1_16' title="bbox 177 1463 1732 1543; baseline -0.005 -16"><span class='ocrx_word' id='word_1_114' title='bbox 177 1491 257 1527; x_wconf 78' lang='grc' dir='ltr'><strong>νου</strong></span> <span class='ocrx_word' id='word_1_115' title='bbox 290 1475 394 1543; x_wconf 78' lang='grc' dir='ltr'>γάρ</span> <span class='ocrx_word' id='word_1_116' title='bbox 441 1473 593 1524; x_wconf 76' lang='grc' dir='ltr'>ἐστιν</span> <span class='ocrx_word' id='word_1_117' title='bbox 628 1473 663 1543; x_wconf 83' lang='grc' dir='ltr'><strong>ἡ</strong></span> <span class='ocrx_word' id='word_1_118' title='bbox 711 1472 984 1541; x_wconf 78' lang='grc' dir='ltr'>μάχαιρα,</span> <span class='ocrx_word' id='word_1_119' title='bbox 1017 1463 1078 1522; x_wconf 77' lang='grc' dir='ltr'><strong>οὗ</strong></span> <span class='ocrx_word' id='word_1_120' title='bbox 1126 1468 1219 1521; x_wconf 71' lang='grc' dir='ltr'>καὶ</span> <span class='ocrx_word' id='word_1_121' title='bbox 1267 1466 1418 1538; x_wconf 77' lang='grc' dir='ltr'><strong>ῥῆμα</strong></span> <span class='ocrx_word' id='word_1_122' title='bbox 1466 1466 1732 1519; x_wconf 84' lang='grc' dir='ltr'>καλεῖται.</span> 
     </span>
    </p>
   </div>
   <div class='ocr_carea' id='block_1_17' title="bbox 176 1558 1737 1631">
    <p class='ocr_par' dir='ltr' id='par_1_17' title="bbox 176 1558 1737 1631">
     <span class='ocr_line' id='line_1_17' title="bbox 176 1558 1737 1631; baseline -0.006 -10"><span class='ocrx_word' id='word_1_123' title='bbox 176 1567 273 1621; x_wconf 72' lang='grc' dir='ltr'><strong>Καὶ</strong></span> <span class='ocrx_word' id='word_1_124' title='bbox 297 1567 343 1618; x_wconf 81' lang='grc' dir='ltr'>εί</span> <span class='ocrx_word' id='word_1_125' title='bbox 368 1566 460 1619; x_wconf 69' lang='grc' dir='ltr'>καὶ</span> <span class='ocrx_word' id='word_1_126' title='bbox 488 1563 642 1630; x_wconf 78' lang='grc' dir='ltr'>δεξιά</span> <span class='ocrx_word' id='word_1_127' title='bbox 671 1562 780 1630; x_wconf 70' lang='grc'>(94)</span> <span class='ocrx_word' id='word_1_128' title='bbox 808 1562 900 1615; x_wconf 86' lang='grc' dir='ltr'><strong>τοῦ</strong></span> <span class='ocrx_word' id='word_1_129' title='bbox 930 1561 1144 1631; x_wconf 86' lang='grc' dir='ltr'>Πατρδς</span> <span class='ocrx_word' id='word_1_130' title='bbox 1165 1559 1492 1630; x_wconf 79' lang='grc' dir='ltr'><strong>ὀνομάζεται</strong></span> <span class='ocrx_word' id='word_1_131' title='bbox 1525 1558 1737 1626; x_wconf 75' lang='grc' dir='ltr'>(Δεξιὰ</span> 
     </span>
    </p>
   </div>
   <div class='ocr_carea' id='block_1_18' title="bbox 180 1639 1733 1726">
    <p class='ocr_par' dir='ltr' id='par_1_18' title="bbox 180 1639 1733 1726">
     <span class='ocr_line' id='line_1_18' title="bbox 180 1639 1733 1726; baseline -0.005 -14"><span class='ocrx_word' id='word_1_132' title='bbox 180 1657 505 1726; x_wconf 68' lang='grc' dir='ltr'>γὰρΚυρίου</span> <span class='ocrx_word' id='word_1_133' title='bbox 543 1639 798 1723; x_wconf 83' lang='grc' dir='ltr'>ἐποίησε</span> <span class='ocrx_word' id='word_1_134' title='bbox 842 1654 1098 1722; x_wconf 75' lang='grc' dir='ltr'><strong>δύναμιν</strong></span> <span class='ocrx_word' id='word_1_135' title='bbox 1118 1668 1130 1682; x_wconf 88' lang='grc'><strong>·</strong></span> <span class='ocrx_word' id='word_1_136' title='bbox 1164 1653 1279 1711; x_wconf 78' lang='grc' dir='ltr'>καὶ,</span> <span class='ocrx_word' id='word_1_137' title='bbox 1317 1652 1377 1705; x_wconf 87' lang='grc' dir='ltr'><strong><em>Ἠ</em></strong></span> <span class='ocrx_word' id='word_1_138' title='bbox 1397 1648 1567 1714; x_wconf 80' lang='grc' dir='ltr'><strong>δεξιά</strong></span> <span class='ocrx_word' id='word_1_139' title='bbox 1595 1665 1733 1717; x_wconf 91' lang='grc' dir='ltr'>σου,</span> 
     </span>
    </p>
   </div>
   <div class='ocr_carea' id='block_1_19' title="bbox 1842 553 3419 626">
    <p class='ocr_par' dir='ltr' id='par_1_19' title="bbox 1842 553 3419 626">
     <span class='ocr_line' id='line_1_19' title="bbox 1842 553 3419 626; baseline -0.001 -16"><span class='ocrx_word' id='word_1_140' title='bbox 1842 553 2034 610; x_wconf 87' lang='lat' dir='ltr'><strong>Deum.</strong></span> <span class='ocrx_word' id='word_1_141' title='bbox 2077 554 2343 610; x_wconf 81' lang='lat' dir='ltr'><strong>Adorabis</strong></span> <span class='ocrx_word' id='word_1_142' title='bbox 2396 571 2619 626; x_wconf 79' lang='lat' dir='ltr'><strong><em>namque</em></strong></span> <span class='ocrx_word' id='word_1_143' title='bbox 2664 554 2949 610; x_wconf 83' lang='lat' dir='ltr'><strong>Dominum</strong></span> <span class='ocrx_word' id='word_1_144' title='bbox 3012 554 3181 609; x_wconf 79' lang='lat' dir='ltr'><strong>Deum</strong></span> <span class='ocrx_word' id='word_1_145' title='bbox 3225 563 3419 622; x_wconf 84' lang='lat' dir='ltr'><strong>tuum,</strong></span> 
     </span>
    </p>
   </div>
   <div class='ocr_carea' id='block_1_20' title="bbox 1839 646 3421 716">
    <p class='ocr_par' dir='ltr' id='par_1_20' title="bbox 1839 646 3421 716">
     <span class='ocr_line' id='line_1_20' title="bbox 1839 646 3421 716; baseline -0.001 -14"><span class='ocrx_word' id='word_1_146' title='bbox 1839 656 1890 702; x_wconf 86' lang='lat' dir='ltr'><strong>et</strong></span> <span class='ocrx_word' id='word_1_147' title='bbox 1936 647 2022 701; x_wconf 80' lang='lat' dir='ltr'><strong>illi</strong></span> <span class='ocrx_word' id='word_1_148' title='bbox 2059 647 2162 703; x_wconf 79' lang='lat' dir='ltr'><strong>soli</strong></span> <span class='ocrx_word' id='word_1_149' title='bbox 2192 650 2380 703; x_wconf 73' lang='lat' dir='ltr'><strong>servies</strong></span> <span class='ocrx_word' id='word_1_150' title='bbox 2401 649 2467 701; x_wconf 73' lang='grc'><strong>⁸⁷.</strong></span> <span class='ocrx_word' id='word_1_151' title='bbox 2514 648 2673 714; x_wconf 85' lang='lat' dir='ltr'><strong>Quod</strong></span> <span class='ocrx_word' id='word_1_152' title='bbox 2718 650 2766 704; x_wconf 90' lang='lat' dir='ltr'><strong>si</strong></span> <span class='ocrx_word' id='word_1_153' title='bbox 2806 648 2888 704; x_wconf 91' lang='lat' dir='ltr'><strong>eis</strong></span> <span class='ocrx_word' id='word_1_154' title='bbox 2935 663 3038 702; x_wconf 78' lang='lat' dir='ltr'><strong>vox</strong></span> <span class='ocrx_word' id='word_1_155' title='bbox 3065 648 3179 711; x_wconf 88' lang='lat' dir='ltr'><strong>illa,</strong></span> <span class='ocrx_word' id='word_1_156' title='bbox 3227 646 3370 701; x_wconf 75' lang='lat' dir='ltr'><strong>Deus</strong></span> <span class='ocrx_word' id='word_1_157' title='bbox 3399 686 3421 716; x_wconf 88' lang='lat'><strong>,</strong></span> 
     </span>
    </p>
   </div>
   <div class='ocr_carea' id='block_1_21' title="bbox 1840 737 3420 811">
    <p class='ocr_par' dir='ltr' id='par_1_21' title="bbox 1840 737 3420 811">
     <span class='ocr_line' id='line_1_21' title="bbox 1840 737 3420 811; baseline -0.001 -18"><span class='ocrx_word' id='word_1_158' title='bbox 1840 738 2140 809; x_wconf 89' lang='lat' dir='ltr'><strong>displicet,</strong></span> <span class='ocrx_word' id='word_1_159' title='bbox 2197 739 2412 795; x_wconf 80' lang='lat' dir='ltr'><strong>discant</strong></span> <span class='ocrx_word' id='word_1_160' title='bbox 2456 741 2586 811; x_wconf 86' lang='lat' dir='ltr'><strong>quid</strong></span> <span class='ocrx_word' id='word_1_161' title='bbox 2620 740 2724 795; x_wconf 90' lang='lat' dir='ltr'><strong>hoc</strong></span> <span class='ocrx_word' id='word_1_162' title='bbox 2772 755 2973 795; x_wconf 87' lang='lat' dir='ltr'>nomen</span> <span class='ocrx_word' id='word_1_163' title='bbox 2999 741 3292 810; x_wconf 84' lang='lat' dir='ltr'><strong>signiﬁcet.</strong></span> <span class='ocrx_word' id='word_1_164' title='bbox 3322 737 3420 793; x_wconf 84' lang='lat' dir='ltr'><strong>Ni-</strong></span> 
     </span>
    </p>
   </div>
   <div class='ocr_carea' id='block_1_22' title="bbox 1840 830 3418 901">
    <p class='ocr_par' dir='ltr' id='par_1_22' title="bbox 1840 830 3418 901">
     <span class='ocr_line' id='line_1_22' title="bbox 1840 830 3418 901; baseline 0.001 -18"><span class='ocrx_word' id='word_1_165' title='bbox 1840 830 2041 884; x_wconf 85' lang='lat' dir='ltr'><strong>mirum</strong></span> <span class='ocrx_word' id='word_1_166' title='bbox 2094 844 2161 885; x_wconf 80' lang='lat' dir='ltr'><strong>ex</strong></span> <span class='ocrx_word' id='word_1_167' title='bbox 2204 845 2271 885; x_wconf 86' lang='lat' dir='ltr'><strong>eo</strong></span> <span class='ocrx_word' id='word_1_168' title='bbox 2325 831 2474 901; x_wconf 89' lang='lat' dir='ltr'><strong>quod</strong></span> <span class='ocrx_word' id='word_1_169' title='bbox 2523 830 2768 901; x_wconf 87' lang='lat' dir='ltr'><strong>posuerit</strong></span> <span class='ocrx_word' id='word_1_170' title='bbox 2796 832 3019 893; x_wconf 88' lang='lat' dir='ltr'><strong>omnia,</strong></span> <span class='ocrx_word' id='word_1_171' title='bbox 3068 830 3157 885; x_wconf 91' lang='lat' dir='ltr'><strong>vel</strong></span> <span class='ocrx_word' id='word_1_172' title='bbox 3205 837 3418 900; x_wconf 88' lang='lat' dir='ltr'><strong>spectet</strong></span> 
     </span>
    </p>
   </div>
   <div class='ocr_carea' id='block_1_23' title="bbox 1840 920 3415 992">
    <p class='ocr_par' dir='ltr' id='par_1_23' title="bbox 1840 920 3415 992">
     <span class='ocr_line' id='line_1_23' title="bbox 1840 920 3415 992; baseline -0.001 -17"><span class='ocrx_word' id='word_1_173' title='bbox 1840 921 2043 989; x_wconf 87' lang='lat' dir='ltr'><strong>omnia,</strong></span> <span class='ocrx_word' id='word_1_174' title='bbox 2094 920 2239 978; x_wconf 90' lang='lat' dir='ltr'><strong>Deus</strong></span> <span class='ocrx_word' id='word_1_175' title='bbox 2268 924 2603 977; x_wconf 84' lang='lat' dir='ltr'><strong>nominatur.</strong></span> <span class='ocrx_word' id='word_1_176' title='bbox 2653 920 2716 976; x_wconf 90' lang='lat' dir='ltr'><strong>Si</strong></span> <span class='ocrx_word' id='word_1_177' title='bbox 2758 922 2926 992; x_wconf 80' lang='lat' dir='ltr'><strong>igitur</strong></span> <span class='ocrx_word' id='word_1_178' title='bbox 2973 920 3119 977; x_wconf 88' lang='lat' dir='ltr'><strong>Deus</strong></span> <span class='ocrx_word' id='word_1_179' title='bbox 3174 921 3415 984; x_wconf 87' lang='lat' dir='ltr'><strong>dicitur,</strong></span> 
     </span>
    </p>
   </div>
   <div class='ocr_carea' id='block_1_24' title="bbox 1840 1009 3420 1082">
    <p class='ocr_par' dir='ltr' id='par_1_24' title="bbox 1840 1009 3420 1082">
     <span class='ocr_line' id='line_1_24' title="bbox 1840 1009 3420 1082; baseline -0.002 -17"><span class='ocrx_word' id='word_1_180' title='bbox 1840 1025 1907 1065; x_wconf 90' lang='lat' dir='ltr'><strong>eo</strong></span> <span class='ocrx_word' id='word_1_181' title='bbox 1935 1009 2080 1080; x_wconf 91' lang='lat' dir='ltr'><strong>quod</strong></span> <span class='ocrx_word' id='word_1_182' title='bbox 2128 1014 2372 1080; x_wconf 86' lang='lat' dir='ltr'><strong>posuerit</strong></span> <span class='ocrx_word' id='word_1_183' title='bbox 2423 1014 2508 1066; x_wconf 85' lang='lat' dir='ltr'><strong>vel</strong></span> <span class='ocrx_word' id='word_1_184' title='bbox 2550 1020 2757 1082; x_wconf 82' lang='lat' dir='ltr'><strong>spectet</strong></span> <span class='ocrx_word' id='word_1_185' title='bbox 2790 1011 3013 1078; x_wconf 85' lang='lat' dir='ltr'><strong>omnia;</strong></span> <span class='ocrx_word' id='word_1_186' title='bbox 3050 1009 3288 1080; x_wconf 88' lang='lat' dir='ltr'><strong>Spiritus</strong></span> <span class='ocrx_word' id='word_1_187' title='bbox 3321 1023 3420 1062; x_wconf 85' lang='lat' dir='ltr'><strong>au-</strong></span> 
     </span>
    </p>
   </div>
   <div class='ocr_carea' id='block_1_25' title="bbox 1838 1102 3420 1174">
    <p class='ocr_par' dir='ltr' id='par_1_25' title="bbox 1838 1102 3420 1174">
     <span class='ocr_line' id='line_1_25' title="bbox 1838 1102 3420 1174; baseline 0 -18"><span class='ocrx_word' id='word_1_188' title='bbox 1838 1110 1956 1158; x_wconf 87' lang='lat' dir='ltr'><strong>tem</strong></span> <span class='ocrx_word' id='word_1_189' title='bbox 2007 1104 2288 1173; x_wconf 77' lang='lat' dir='ltr'><strong>cognoscit</strong></span> <span class='ocrx_word' id='word_1_190' title='bbox 2337 1104 2521 1157; x_wconf 86' lang='lat' dir='ltr'><strong>omnia</strong></span> <span class='ocrx_word' id='word_1_191' title='bbox 2577 1118 2700 1174; x_wconf 68' lang='lat' dir='ltr'><strong>qua:</strong></span> <span class='ocrx_word' id='word_1_192' title='bbox 2741 1102 2839 1159; x_wconf 90' lang='lat' dir='ltr'><strong>Dei</strong></span> <span class='ocrx_word' id='word_1_193' title='bbox 2870 1111 3020 1168; x_wconf 85' lang='lat' dir='ltr'><strong>sunt,</strong></span> <span class='ocrx_word' id='word_1_194' title='bbox 3078 1103 3226 1157; x_wconf 87' lang='lat' dir='ltr'><strong>velut</strong></span> <span class='ocrx_word' id='word_1_195' title='bbox 3255 1102 3420 1173; x_wconf 86' lang='lat' dir='ltr'><strong>spiri-</strong></span> 
     </span>
    </p>
   </div>
   <div class='ocr_carea' id='block_1_26' title="bbox 1843 1193 3420 1265">
    <p class='ocr_par' dir='ltr' id='par_1_26' title="bbox 1843 1193 3420 1265">
     <span class='ocr_line' id='line_1_26' title="bbox 1843 1193 3420 1265; baseline 0 -19"><span class='ocrx_word' id='word_1_196' title='bbox 1843 1202 1953 1256; x_wconf 89' lang='lat' dir='ltr'><strong>tus,</strong></span> <span class='ocrx_word' id='word_1_197' title='bbox 1982 1193 2079 1264; x_wconf 86' lang='lat' dir='ltr'><strong>qui</strong></span> <span class='ocrx_word' id='word_1_198' title='bbox 2107 1195 2163 1249; x_wconf 90' lang='lat' dir='ltr'><strong>in</strong></span> <span class='ocrx_word' id='word_1_199' title='bbox 2191 1195 2350 1249; x_wconf 89' lang='lat' dir='ltr'><strong>nobis</strong></span> <span class='ocrx_word' id='word_1_200' title='bbox 2380 1202 2487 1260; x_wconf 88' lang='lat' dir='ltr'><strong>est,</strong></span> <span class='ocrx_word' id='word_1_201' title='bbox 2517 1196 2666 1249; x_wconf 87' lang='lat' dir='ltr'><strong>novit</strong></span> <span class='ocrx_word' id='word_1_202' title='bbox 2694 1209 2816 1265; x_wconf 71' lang='lat' dir='ltr'><strong>qua:</strong></span> <span class='ocrx_word' id='word_1_203' title='bbox 2848 1204 3035 1249; x_wconf 88' lang='lat' dir='ltr'><strong>nostra</strong></span> <span class='ocrx_word' id='word_1_204' title='bbox 3058 1193 3253 1250; x_wconf 74' lang='lat' dir='ltr'><strong>sunt”</strong></span> <span class='ocrx_word' id='word_1_205' title='bbox 3286 1193 3420 1264; x_wconf 83' lang='lat' dir='ltr'><strong>:igi—</strong></span> 
     </span>
    </p>
   </div>
   <div class='ocr_carea' id='block_1_27' title="bbox 1843 1283 3417 1355">
    <p class='ocr_par' dir='ltr' id='par_1_27' title="bbox 1843 1283 3417 1355">
     <span class='ocr_line' id='line_1_27' title="bbox 1843 1283 3417 1355; baseline 0.001 -16"><span class='ocrx_word' id='word_1_206' title='bbox 1843 1295 1933 1339; x_wconf 88' lang='lat' dir='ltr'><strong>tur</strong></span> <span class='ocrx_word' id='word_1_207' title='bbox 1956 1283 2195 1355; x_wconf 82' lang='lat' dir='ltr'><strong>Spiritus</strong></span> <span class='ocrx_word' id='word_1_208' title='bbox 2223 1295 2447 1341; x_wconf 85' lang='lat' dir='ltr'><strong>sanctus</strong></span> <span class='ocrx_word' id='word_1_209' title='bbox 2474 1285 2617 1341; x_wconf 89' lang='lat' dir='ltr'><strong>Deus</strong></span> <span class='ocrx_word' id='word_1_210' title='bbox 2646 1295 2751 1342; x_wconf 86' lang='lat' dir='ltr'><strong>est.</strong></span> <span class='ocrx_word' id='word_1_211' title='bbox 2779 1286 2847 1340; x_wconf 90' lang='lat' dir='ltr'><strong>Et</strong></span> <span class='ocrx_word' id='word_1_212' title='bbox 2874 1301 3091 1350; x_wconf 87' lang='lat' dir='ltr'><strong>rursus,</strong></span> <span class='ocrx_word' id='word_1_213' title='bbox 3122 1285 3169 1340; x_wconf 89' lang='lat' dir='ltr'><strong>si</strong></span> <span class='ocrx_word' id='word_1_214' title='bbox 3199 1283 3417 1355; x_wconf 82' lang='lat' dir='ltr'><strong>gladius</strong></span> 
     </span>
    </p>
   </div>
   <div class='ocr_carea' id='block_1_28' title="bbox 1840 1373 3417 1447">
    <p class='ocr_par' dir='ltr' id='par_1_28' title="bbox 1840 1373 3417 1447">
     <span class='ocr_line' id='line_1_28' title="bbox 1840 1373 3417 1447; baseline 0.002 -19"><span class='ocrx_word' id='word_1_215' title='bbox 1840 1373 2080 1445; x_wconf 87' lang='lat' dir='ltr'><strong>Spiritus</strong></span> <span class='ocrx_word' id='word_1_216' title='bbox 2130 1377 2359 1431; x_wconf 84' lang='lat' dir='ltr'><strong>verbum</strong></span> <span class='ocrx_word' id='word_1_217' title='bbox 2384 1385 2469 1431; x_wconf 91' lang='lat' dir='ltr'><strong>est</strong></span> <span class='ocrx_word' id='word_1_218' title='bbox 2500 1377 2596 1432; x_wconf 89' lang='lat' dir='ltr'><strong>Dei</strong></span> <span class='ocrx_word' id='word_1_219' title='bbox 2612 1376 2659 1409; x_wconf 82' lang='grc'><strong>³⁹</strong></span> <span class='ocrx_word' id='word_1_220' title='bbox 2680 1416 2695 1442; x_wconf 93' lang='lat'><strong>,</strong></span> <span class='ocrx_word' id='word_1_221' title='bbox 2734 1376 2879 1433; x_wconf 86' lang='lat' dir='ltr'><strong>Deus</strong></span> <span class='ocrx_word' id='word_1_222' title='bbox 2905 1388 2988 1433; x_wconf 91' lang='lat' dir='ltr'><strong>est</strong></span> <span class='ocrx_word' id='word_1_223' title='bbox 3019 1376 3259 1447; x_wconf 86' lang='lat' dir='ltr'><strong>Spiritus</strong></span> <span class='ocrx_word' id='word_1_224' title='bbox 3287 1391 3417 1432; x_wconf 65' lang='lat' dir='ltr'><strong>sano</strong></span> 
     </span>
    </p>
   </div>
   <div class='ocr_carea' id='block_1_29' title="bbox 1844 1474 3418 1545">
    <p class='ocr_par' dir='ltr' id='par_1_29' title="bbox 1844 1474 3418 1545">
     <span class='ocr_line' id='line_1_29' title="bbox 1844 1474 3418 1545; baseline 0.001 -17"><span class='ocrx_word' id='word_1_225' title='bbox 1844 1482 1988 1530; x_wconf 87' lang='lat' dir='ltr'><strong>ctus.</strong></span> <span class='ocrx_word' id='word_1_226' title='bbox 2055 1474 2202 1531; x_wconf 90' lang='lat' dir='ltr'><strong>Illius</strong></span> <span class='ocrx_word' id='word_1_227' title='bbox 2234 1484 2319 1530; x_wconf 90' lang='lat' dir='ltr'><strong>est</strong></span> <span class='ocrx_word' id='word_1_228' title='bbox 2350 1474 2497 1529; x_wconf 87' lang='lat' dir='ltr'><strong>enim</strong></span> <span class='ocrx_word' id='word_1_229' title='bbox 2548 1475 2784 1545; x_wconf 80' lang='lat' dir='ltr'><strong>gladius,</strong></span> <span class='ocrx_word' id='word_1_230' title='bbox 2809 1475 2971 1544; x_wconf 91' lang='lat' dir='ltr'><strong>cujus</strong></span> <span class='ocrx_word' id='word_1_231' title='bbox 2993 1475 3156 1529; x_wconf 85' lang='lat' dir='ltr'><strong>etiam</strong></span> <span class='ocrx_word' id='word_1_232' title='bbox 3190 1475 3418 1529; x_wconf 85' lang='lat' dir='ltr'><strong>verbum</strong></span> 
     </span>
    </p>
   </div>
   <div class='ocr_carea' id='block_1_30' title="bbox 1845 1563 3420 1637">
    <p class='ocr_par' dir='ltr' id='par_1_30' title="bbox 1845 1563 3420 1637">
     <span class='ocr_line' id='line_1_30' title="bbox 1845 1563 3420 1637; baseline 0 -17"><span class='ocrx_word' id='word_1_233' title='bbox 1845 1575 2088 1622; x_wconf 79' lang='lat' dir='ltr'><strong>vocatur.</strong></span> <span class='ocrx_word' id='word_1_234' title='bbox 2124 1566 2281 1633; x_wconf 84' lang='lat' dir='ltr'><strong>Quod</strong></span> <span class='ocrx_word' id='word_1_235' title='bbox 2313 1567 2427 1637; x_wconf 76' lang='lat'><strong>89</strong></span> <span class='ocrx_word' id='word_1_236' title='bbox 2449 1568 2493 1622; x_wconf 91' lang='lat' dir='ltr'><strong>si</strong></span> <span class='ocrx_word' id='word_1_237' title='bbox 2522 1569 2688 1622; x_wconf 84' lang='lat' dir='ltr'><strong>etiam</strong></span> <span class='ocrx_word' id='word_1_238' title='bbox 2738 1568 3056 1621; x_wconf 86' lang='lat' dir='ltr'><strong>nominatur</strong></span> <span class='ocrx_word' id='word_1_239' title='bbox 3080 1563 3260 1622; x_wconf 88' lang='lat' dir='ltr'><strong>Patris</strong></span> <span class='ocrx_word' id='word_1_240' title='bbox 3287 1564 3420 1620; x_wconf 81' lang='lat' dir='ltr'><strong>dex-</strong></span> 
     </span>
    </p>
   </div>
   <div class='ocr_carea' id='block_1_31' title="bbox 1841 1656 3417 1729">
    <p class='ocr_par' dir='ltr' id='par_1_31' title="bbox 1841 1656 3417 1729">
     <span class='ocr_line' id='line_1_31' title="bbox 1841 1656 3417 1729; baseline -0.002 -15"><span class='ocrx_word' id='word_1_241' title='bbox 1841 1670 1956 1714; x_wconf 90' lang='lat' dir='ltr'><strong>tera</strong></span> <span class='ocrx_word' id='word_1_242' title='bbox 1985 1659 2236 1729; x_wconf 65' lang='lat' dir='ltr'><strong>(Dextera</strong></span> <span class='ocrx_word' id='word_1_243' title='bbox 2257 1661 2396 1713; x_wconf 86' lang='lat' dir='ltr'><strong>enim</strong></span> <span class='ocrx_word' id='word_1_244' title='bbox 2423 1659 2634 1713; x_wconf 78' lang='lat' dir='ltr'><strong>Domini</strong></span> <span class='ocrx_word' id='word_1_245' title='bbox 2656 1659 2776 1727; x_wconf 82' lang='lat' dir='ltr'><strong>fecit</strong></span> <span class='ocrx_word' id='word_1_246' title='bbox 2800 1659 3118 1726; x_wconf 72' lang='lat' dir='ltr'><strong>virtutem”;</strong></span> <span class='ocrx_word' id='word_1_247' title='bbox 3146 1667 3198 1712; x_wconf 90' lang='lat' dir='ltr'><strong>et</strong></span> <span class='ocrx_word' id='word_1_248' title='bbox 3222 1676 3241 1711; x_wconf 69' lang='grc' dir='ltr'>ι</span> <span class='ocrx_word' id='word_1_249' title='bbox 3275 1656 3417 1711; x_wconf 73' lang='lat' dir='ltr'><strong>Dex-</strong></span> 
     </span>
    </p>
   </div>
   <div class='ocr_carea' id='block_1_32' title="bbox 179 1742 1736 1820">
    <p class='ocr_par' dir='ltr' id='par_1_32' title="bbox 179 1742 1736 1816">
     <span class='ocr_line' id='line_1_32' title="bbox 179 1742 1736 1816; baseline -0.004 -14"><span class='ocrx_word' id='word_1_250' title='bbox 179 1750 363 1816; x_wconf 79' lang='grc' dir='ltr'>Κύριε,</span> <span class='ocrx_word' id='word_1_251' title='bbox 393 1748 694 1816; x_wconf 73' lang='grc' dir='ltr'><strong>ἔθραυσεν</strong></span> <span class='ocrx_word' id='word_1_252' title='bbox 742 1747 1025 1816; x_wconf 76' lang='grc' dir='ltr'>ἐχθρούςο</span> <span class='ocrx_word' id='word_1_253' title='bbox 1085 1743 1347 1806; x_wconf 81' lang='grc' dir='ltr'>δάκτυλος</span> <span class='ocrx_word' id='word_1_254' title='bbox 1393 1743 1450 1796; x_wconf 78' lang='grc' dir='ltr'>δὲ</span> <span class='ocrx_word' id='word_1_255' title='bbox 1494 1742 1630 1796; x_wconf 87' lang='grc' dir='ltr'>Θεοῦ</span> <span class='ocrx_word' id='word_1_256' title='bbox 1674 1744 1736 1796; x_wconf 78' lang='grc' dir='ltr'>τὸ</span> 
     </span>
    </p>
   </div>
   <div class='ocr_carea' id='block_1_33' title="bbox 1843 1742 3418 1820">
    <p class='ocr_par' dir='ltr' id='par_1_33' title="bbox 1846 1748 3418 1820">
     <span class='ocr_line' id='line_1_33' title="bbox 1846 1748 3418 1820; baseline -0.002 -16"><span class='ocrx_word' id='word_1_257' title='bbox 1846 1762 1958 1804; x_wconf 81' lang='lat' dir='ltr'><strong>tera</strong></span> <span class='ocrx_word' id='word_1_258' title='bbox 1989 1763 2080 1804; x_wconf 87' lang='lat' dir='ltr'><strong>tua</strong></span> <span class='ocrx_word' id='word_1_259' title='bbox 2106 1791 2123 1815; x_wconf 92' lang='lat'><strong>,</strong></span> <span class='ocrx_word' id='word_1_260' title='bbox 2164 1749 2388 1804; x_wconf 78' lang='lat' dir='ltr'><strong>Domine</strong></span> <span class='ocrx_word' id='word_1_261' title='bbox 2412 1791 2427 1813; x_wconf 95' lang='lat'><strong>,</strong></span> <span class='ocrx_word' id='word_1_262' title='bbox 2476 1751 2735 1820; x_wconf 72' lang='lat' dir='ltr'><strong>percussit</strong></span> <span class='ocrx_word' id='word_1_263' title='bbox 2768 1751 3007 1804; x_wconf 83' lang='lat' dir='ltr'><strong>inimicos</strong></span> <span class='ocrx_word' id='word_1_264' title='bbox 3034 1749 3079 1780; x_wconf 80' lang='lat'>“</span> <span class='ocrx_word' id='word_1_265' title='bbox 3105 1769 3121 1814; x_wconf 86' lang='lat'><strong>;</strong></span> <span class='ocrx_word' id='word_1_266' title='bbox 3174 1748 3269 1803; x_wconf 85' lang='lat' dir='ltr'><strong>Dei</strong></span> <span class='ocrx_word' id='word_1_267' title='bbox 3318 1763 3418 1802; x_wconf 84' lang='lat' dir='ltr'><strong>att-</strong></span> 
     </span>
    </p>
   </div>
   <div class='ocr_carea' id='block_1_34' title="bbox 180 1823 1736 1912">
    <p class='ocr_par' dir='ltr' id='par_1_34' title="bbox 180 1835 1736 1912">
     <span class='ocr_line' id='line_1_34' title="bbox 180 1835 1736 1912; baseline -0.004 -16"><span class='ocrx_word' id='word_1_268' title='bbox 180 1842 380 1912; x_wconf 81' lang='grc' dir='ltr'>Πνεῦμα</span> <span class='ocrx_word' id='word_1_269' title='bbox 408 1841 471 1893; x_wconf 83' lang='grc' dir='ltr'>τὸ</span> <span class='ocrx_word' id='word_1_270' title='bbox 507 1842 689 1909; x_wconf 74' lang='grc' dir='ltr'>ἅγιον,</span> <span class='ocrx_word' id='word_1_271' title='bbox 738 1838 883 1893; x_wconf 84' lang='grc' dir='ltr'>κατά</span> <span class='ocrx_word' id='word_1_272' title='bbox 935 1838 998 1891; x_wconf 86' lang='grc' dir='ltr'>τὸ</span> <span class='ocrx_word' id='word_1_273' title='bbox 1038 1837 1235 1908; x_wconf 74' lang='grc' dir='ltr'>ρητόνο</span> <span class='ocrx_word' id='word_1_274' title='bbox 1280 1836 1362 1901; x_wconf 87' lang='grc' dir='ltr'>τὸ,</span> <span class='ocrx_word' id='word_1_275' title='bbox 1411 1838 1481 1889; x_wconf 78' lang='lat' dir='ltr'><strong>Ei</strong></span> <span class='ocrx_word' id='word_1_276' title='bbox 1506 1835 1623 1906; x_wconf 66' lang='grc' dir='ltr'><strong>ἐγὼ</strong></span> <span class='ocrx_word' id='word_1_277' title='bbox 1666 1837 1736 1889; x_wconf 80' lang='grc' dir='ltr'><strong>ἐν</strong></span> 
     </span>
    </p>
   </div>
   <div class='ocr_carea' id='block_1_35' title="bbox 1843 1823 3412 1912">
    <p class='ocr_par' dir='ltr' id='par_1_35' title="bbox 1843 1825 3412 1912">
     <span class='ocr_line' id='line_1_35' title="bbox 1843 1825 3412 1912; baseline -0.001 -18"><span class='ocrx_word' id='word_1_278' title='bbox 1843 1850 1944 1897; x_wconf 92' lang='lat' dir='ltr'><strong>tem</strong></span> <span class='ocrx_word' id='word_1_279' title='bbox 1978 1840 2184 1912; x_wconf 86' lang='lat' dir='ltr'><strong>digitus</strong></span> <span class='ocrx_word' id='word_1_280' title='bbox 2215 1841 2455 1911; x_wconf 85' lang='lat' dir='ltr'><strong>Spiritus</strong></span> <span class='ocrx_word' id='word_1_281' title='bbox 2499 1851 2727 1897; x_wconf 91' lang='lat' dir='ltr'><strong>sanctus</strong></span> <span class='ocrx_word' id='word_1_282' title='bbox 2750 1849 2834 1896; x_wconf 85' lang='lat' dir='ltr'><strong>est</strong></span> <span class='ocrx_word' id='word_1_283' title='bbox 2855 1882 2870 1905; x_wconf 94' lang='lat'><strong>,</strong></span> <span class='ocrx_word' id='word_1_284' title='bbox 2904 1825 3206 1896; x_wconf 85' lang='lat' dir='ltr'><strong>secundum</strong></span> <span class='ocrx_word' id='word_1_285' title='bbox 3236 1839 3370 1895; x_wconf 87' lang='lat' dir='ltr'><strong>illud</strong></span> <span class='ocrx_word' id='word_1_286' title='bbox 3399 1859 3412 1893; x_wconf 92' lang='lat'>:</span> 
     </span>
    </p>
   </div>
   <div class='ocr_carea' id='block_1_36' title="bbox 180 1926 1737 1998">
    <p class='ocr_par' dir='ltr' id='par_1_36' title="bbox 180 1926 1737 1998">
     <span class='ocr_line' id='line_1_36' title="bbox 180 1926 1737 1998; baseline -0.004 -13"><span class='ocrx_word' id='word_1_287' title='bbox 180 1931 427 1997; x_wconf 70' lang='grc' dir='ltr'><strong>δακτύλῳ</strong></span> <span class='ocrx_word' id='word_1_288' title='bbox 456 1930 613 1985; x_wconf 85' lang='grc' dir='ltr'>Θεοῦ</span> <span class='ocrx_word' id='word_1_289' title='bbox 636 1929 910 1983; x_wconf 74' lang='grc' dir='ltr'><strong>ἐκϐάλλω</strong></span> <span class='ocrx_word' id='word_1_290' title='bbox 935 1926 1008 1982; x_wconf 84' lang='grc' dir='ltr'><strong>τὰ</strong></span> <span class='ocrx_word' id='word_1_291' title='bbox 1038 1927 1318 1997; x_wconf 80' lang='grc' dir='ltr'>δαιμόνια</span> <span class='ocrx_word' id='word_1_292' title='bbox 1337 1944 1349 1956; x_wconf 75' lang='grc' dir='ltr'><strong><em>ο</em></strong></span> <span class='ocrx_word' id='word_1_293' title='bbox 1376 1927 1514 1998; x_wconf 83' lang='grc' dir='ltr'>ὅπερ</span> <span class='ocrx_word' id='word_1_294' title='bbox 1542 1929 1599 1979; x_wconf 80' lang='grc' dir='ltr'><strong>ὲν</strong></span> <span class='ocrx_word' id='word_1_295' title='bbox 1623 1929 1737 1980; x_wconf 81' lang='grc' dir='ltr'><strong>ἐτέ-</strong></span> 
     </span>
    </p>
   </div>
   <div class='ocr_carea' id='block_1_37' title="bbox 182 2018 1735 2093">
    <p class='ocr_par' dir='ltr' id='par_1_37' title="bbox 182 2018 1735 2093">
     <span class='ocr_line' id='line_1_37' title="bbox 182 2018 1735 2093; baseline -0.001 -18"><span class='ocrx_word' id='word_1_296' title='bbox 182 2040 250 2093; x_wconf 81' lang='grc' dir='ltr'>ρῳ</span> <span class='ocrx_word' id='word_1_297' title='bbox 275 2021 587 2091; x_wconf 73' lang='grc' dir='ltr'><strong>Εὖαγγελίῳ</strong></span> <span class='ocrx_word' id='word_1_298' title='bbox 621 2021 953 2093; x_wconf 79' lang='grc' dir='ltr'>γέγραπται,</span> <span class='ocrx_word' id='word_1_299' title='bbox 986 2019 1070 2082; x_wconf 85' lang='grc' dir='ltr'>τὸ,</span> <span class='ocrx_word' id='word_1_300' title='bbox 1107 2022 1179 2074; x_wconf 81' lang='lat' dir='ltr'><strong>Ei</strong></span> <span class='ocrx_word' id='word_1_301' title='bbox 1201 2018 1317 2089; x_wconf 73' lang='grc' dir='ltr'><strong>ἐγὼ</strong></span> <span class='ocrx_word' id='word_1_302' title='bbox 1352 2019 1422 2072; x_wconf 85' lang='grc' dir='ltr'><strong>ἐν</strong></span> <span class='ocrx_word' id='word_1_303' title='bbox 1443 2021 1735 2089; x_wconf 77' lang='grc' dir='ltr'>Πνεύματι</span> 
     </span>
    </p>
   </div>
   <div class='ocr_carea' id='block_1_38' title="bbox 164 2110 1740 2181">
    <p class='ocr_par' dir='ltr' id='par_1_38' title="bbox 164 2110 1740 2181">
     <span class='ocr_line' id='line_1_38' title="bbox 164 2110 1740 2181; baseline -0.003 -13"><span class='ocrx_word' id='word_1_304' title='bbox 164 2113 312 2168; x_wconf 75' lang='grc' dir='ltr'>’Θεοῦ</span> <span class='ocrx_word' id='word_1_305' title='bbox 345 2111 622 2167; x_wconf 71' lang='grc' dir='ltr'><strong>ἐκϐάλλω</strong></span> <span class='ocrx_word' id='word_1_306' title='bbox 654 2113 729 2167; x_wconf 82' lang='grc' dir='ltr'><strong>τὰ</strong></span> <span class='ocrx_word' id='word_1_307' title='bbox 761 2110 1105 2181; x_wconf 78' lang='grc' dir='ltr'>δαιμόνια)’</span> <span class='ocrx_word' id='word_1_308' title='bbox 1151 2110 1251 2180; x_wconf 74' lang='grc' dir='ltr'>τῆς</span> <span class='ocrx_word' id='word_1_309' title='bbox 1305 2111 1476 2179; x_wconf 80' lang='grc' dir='ltr'>αὐτῆς</span> <span class='ocrx_word' id='word_1_310' title='bbox 1526 2111 1740 2179; x_wconf 79' lang='grc' dir='ltr'>φύσεως</span> 
     </span>
    </p>
   </div>
   <div class='ocr_carea' id='block_1_39' title="bbox 184 2202 1346 2277">
    <p class='ocr_par' dir='ltr' id='par_1_39' title="bbox 184 2202 1346 2277">
     <span class='ocr_line' id='line_1_39' title="bbox 184 2202 1346 2277; baseline -0.005 -15"><span class='ocrx_word' id='word_1_311' title='bbox 184 2205 250 2276; x_wconf 80' lang='grc' dir='ltr'>τῷ</span> <span class='ocrx_word' id='word_1_312' title='bbox 272 2207 435 2277; x_wconf 81' lang='grc' dir='ltr'>Πατρὶ</span> <span class='ocrx_word' id='word_1_313' title='bbox 464 2206 561 2259; x_wconf 75' lang='grc' dir='ltr'>καὶ</span> <span class='ocrx_word' id='word_1_314' title='bbox 578 2204 699 2274; x_wconf 79' lang='grc' dir='ltr'>Υίῷ</span> <span class='ocrx_word' id='word_1_315' title='bbox 734 2204 796 2257; x_wconf 71' lang='grc' dir='ltr'><strong>τὸ</strong></span> <span class='ocrx_word' id='word_1_316' title='bbox 828 2202 1053 2274; x_wconf 82' lang='grc' dir='ltr'>Πνεῦμα</span> <span class='ocrx_word' id='word_1_317' title='bbox 1074 2203 1137 2255; x_wconf 88' lang='grc' dir='ltr'>τὸ</span> <span class='ocrx_word' id='word_1_318' title='bbox 1169 2202 1346 2269; x_wconf 72' lang='grc' dir='ltr'>ἅγιον.</span> 
     </span>
    </p>
   </div>
   <div class='ocr_carea' id='block_1_40' title="bbox 244 2294 1738 2369">
    <p class='ocr_par' dir='ltr' id='par_1_40' title="bbox 244 2294 1738 2369">
     <span class='ocr_line' id='line_1_40' title="bbox 244 2294 1738 2369; baseline -0.001 -18"><span class='ocrx_word' id='word_1_319' title='bbox 244 2298 323 2352; x_wconf 71' lang='grc' dir='ltr'>η.</span> <span class='ocrx_word' id='word_1_320' title='bbox 361 2298 468 2351; x_wconf 82' lang='grc' dir='ltr'><strong>Καὶ</strong></span> <span class='ocrx_word' id='word_1_321' title='bbox 521 2297 658 2369; x_wconf 71' lang='grc' dir='ltr'>περὶ</span> <span class='ocrx_word' id='word_1_322' title='bbox 703 2296 803 2367; x_wconf 82' lang='grc' dir='ltr'><strong>μὲν</strong></span> <span class='ocrx_word' id='word_1_323' title='bbox 854 2294 956 2364; x_wconf 82' lang='grc' dir='ltr'>τῆς</span> <span class='ocrx_word' id='word_1_324' title='bbox 996 2294 1380 2365; x_wconf 53' lang='grc' dir='ltr'>προσκυνητῂ</span> <span class='ocrx_word' id='word_1_325' title='bbox 1437 2294 1530 2347; x_wconf 79' lang='grc' dir='ltr'>καὶ</span> <span class='ocrx_word' id='word_1_326' title='bbox 1579 2295 1738 2363; x_wconf 78' lang='grc' dir='ltr'>ἁγίας</span> 
     </span>
    </p>
   </div>
   <div class='ocr_carea' id='block_1_41' title="bbox 186 2384 1738 2460">
    <p class='ocr_par' dir='ltr' id='par_1_41' title="bbox 186 2384 1738 2460">
     <span class='ocr_line' id='line_1_41' title="bbox 186 2384 1738 2460; baseline -0.001 -21"><span class='ocrx_word' id='word_1_327' title='bbox 186 2388 384 2460; x_wconf 61' lang='lat' dir='ltr'><strong>mssa;</strong></span> <span class='ocrx_word' id='word_1_328' title='bbox 422 2388 667 2442; x_wconf 82' lang='grc' dir='ltr'>τοσαῦτα</span> <span class='ocrx_word' id='word_1_329' title='bbox 694 2386 807 2457; x_wconf 79' lang='lat'><strong>(95)</strong></span> <span class='ocrx_word' id='word_1_330' title='bbox 852 2388 986 2456; x_wconf 79' lang='grc' dir='ltr'><strong>ἡμῖν</strong></span> <span class='ocrx_word' id='word_1_331' title='bbox 1022 2385 1114 2437; x_wconf 81' lang='grc' dir='ltr'><strong>ὲπὶ</strong></span> <span class='ocrx_word' id='word_1_332' title='bbox 1155 2384 1249 2439; x_wconf 90' lang='grc' dir='ltr'><strong>τοῦ</strong></span> <span class='ocrx_word' id='word_1_333' title='bbox 1278 2385 1543 2456; x_wconf 83' lang='grc' dir='ltr'><strong>παρόντος</strong></span> <span class='ocrx_word' id='word_1_334' title='bbox 1586 2386 1738 2456; x_wconf 53' lang='grc' dir='ltr'><strong>εἰρήν-</strong></span> 
     </span>
    </p>
   </div>
   <div class='ocr_carea' id='block_1_42' title="bbox 186 2474 1737 2549">
    <p class='ocr_par' dir='ltr' id='par_1_42' title="bbox 186 2474 1737 2549">
     <span class='ocr_line' id='line_1_42' title="bbox 186 2474 1737 2549; baseline -0.001 -19"><span class='ocrx_word' id='word_1_335' title='bbox 186 2477 281 2530; x_wconf 87' lang='grc' dir='ltr'><strong>σθω</strong></span> <span class='ocrx_word' id='word_1_336' title='bbox 300 2478 423 2548; x_wconf 73' lang='grc'>(96).</span> <span class='ocrx_word' id='word_1_337' title='bbox 458 2479 533 2531; x_wconf 77' lang='grc' dir='ltr'><strong>Οὐ</strong></span> <span class='ocrx_word' id='word_1_338' title='bbox 570 2478 684 2549; x_wconf 78' lang='grc' dir='ltr'><strong>γὰρ</strong></span> <span class='ocrx_word' id='word_1_339' title='bbox 716 2476 809 2529; x_wconf 91' lang='grc' dir='ltr'><strong>νῦν</strong></span> <span class='ocrx_word' id='word_1_340' title='bbox 847 2475 1067 2528; x_wconf 77' lang='grc' dir='ltr'>δυνατὸν</span> <span class='ocrx_word' id='word_1_341' title='bbox 1107 2474 1442 2547; x_wconf 82' lang='grc' dir='ltr'><strong>πλατύτερον</strong></span> <span class='ocrx_word' id='word_1_342' title='bbox 1488 2475 1737 2540; x_wconf 75' lang='grc' dir='ltr'><strong>ἐξετάσαι</strong></span> 
     </span>
    </p>
   </div>
   <div class='ocr_carea' id='block_1_43' title="bbox 187 2566 1740 2640">
    <p class='ocr_par' dir='ltr' id='par_1_43' title="bbox 187 2566 1740 2640">
     <span class='ocr_line' id='line_1_43' title="bbox 187 2566 1740 2640; baseline -0.001 -18"><span class='ocrx_word' id='word_1_343' title='bbox 187 2569 262 2622; x_wconf 77' lang='grc' dir='ltr'><strong>τὸν</strong></span> <span class='ocrx_word' id='word_1_344' title='bbox 282 2571 400 2640; x_wconf 78' lang='grc' dir='ltr'>περὶ</span> <span class='ocrx_word' id='word_1_345' title='bbox 434 2570 613 2640; x_wconf 75' lang='grc' dir='ltr'>αὐτῆς</span> <span class='ocrx_word' id='word_1_346' title='bbox 642 2569 821 2637; x_wconf 83' lang='grc' dir='ltr'>λόγον,</span> <span class='ocrx_word' id='word_1_347' title='bbox 857 2568 1046 2638; x_wconf 77' lang='grc' dir='ltr'>Ὑμεῖς</span> <span class='ocrx_word' id='word_1_348' title='bbox 1084 2566 1162 2630; x_wconf 80' lang='grc' dir='ltr'>δὲ,</span> <span class='ocrx_word' id='word_1_349' title='bbox 1185 2566 1437 2631; x_wconf 80' lang='grc' dir='ltr'>λαϐόντες</span> <span class='ocrx_word' id='word_1_350' title='bbox 1464 2567 1612 2639; x_wconf 90' lang='grc' dir='ltr'><strong>παρά</strong></span> <span class='ocrx_word' id='word_1_351' title='bbox 1638 2568 1740 2638; x_wconf 83' lang='grc' dir='ltr'>τῆς</span> 
     </span>
    </p>
   </div>
   <div class='ocr_carea' id='block_1_44' title="bbox 186 2658 1738 2731">
    <p class='ocr_par' dir='ltr' id='par_1_44' title="bbox 186 2658 1738 2731">
     <span class='ocr_line' id='line_1_44' title="bbox 186 2658 1738 2731; baseline -0.001 -18"><span class='ocrx_word' id='word_1_352' title='bbox 186 2661 429 2731; x_wconf 72' lang='grc' dir='ltr'><strong>ἡμετέρας</strong></span> <span class='ocrx_word' id='word_1_353' title='bbox 471 2660 860 2724; x_wconf 75' lang='grc' dir='ltr'><strong>ταπεινώσεως</strong></span> <span class='ocrx_word' id='word_1_354' title='bbox 911 2659 1230 2729; x_wconf 81' lang='grc' dir='ltr'>σπέρματα,</span> <span class='ocrx_word' id='word_1_355' title='bbox 1278 2660 1478 2729; x_wconf 85' lang='grc' dir='ltr'>στάχυν</span> <span class='ocrx_word' id='word_1_356' title='bbox 1529 2658 1738 2730; x_wconf 85' lang='grc' dir='ltr'>ῶριμον</span> 
     </span>
    </p>
   </div>
   <div class='ocr_carea' id='block_1_45' title="bbox 189 2750 1738 2824">
    <p class='ocr_par' dir='ltr' id='par_1_45' title="bbox 189 2750 1738 2824">
     <span class='ocr_line' id='line_1_45' title="bbox 189 2750 1738 2824; baseline -0.001 -18"><span class='ocrx_word' id='word_1_357' title='bbox 189 2752 372 2815; x_wconf 76' lang='grc' dir='ltr'><strong>ἑαυτοῖς</strong></span> <span class='ocrx_word' id='word_1_358' title='bbox 398 2754 783 2824; x_wconf 87' lang='grc' dir='ltr'>γεωργήσατε,</span> <span class='ocrx_word' id='word_1_359' title='bbox 815 2752 937 2803; x_wconf 77' lang='grc' dir='ltr'><strong>ἐπεὶ</strong></span> <span class='ocrx_word' id='word_1_360' title='bbox 966 2752 1061 2804; x_wconf 76' lang='grc' dir='ltr'>καὶ</span> <span class='ocrx_word' id='word_1_361' title='bbox 1092 2751 1304 2814; x_wconf 79' lang='grc' dir='ltr'>τόκους,</span> <span class='ocrx_word' id='word_1_362' title='bbox 1332 2751 1408 2814; x_wconf 85' lang='grc' dir='ltr'>ὡς</span> <span class='ocrx_word' id='word_1_363' title='bbox 1454 2752 1589 2815; x_wconf 80' lang='grc' dir='ltr'>ἴστε,</span> <span class='ocrx_word' id='word_1_364' title='bbox 1630 2750 1738 2805; x_wconf 89' lang='grc' dir='ltr'><strong>τῶν</strong></span> 
     </span>
    </p>
   </div>
   <div class='ocr_carea' id='block_1_46' title="bbox 186 2841 1736 2914">
    <p class='ocr_par' dir='ltr' id='par_1_46' title="bbox 186 2841 1736 2914">
     <span class='ocr_line' id='line_1_46' title="bbox 186 2841 1736 2914; baseline 0.003 -21"><span class='ocrx_word' id='word_1_365' title='bbox 186 2842 413 2895; x_wconf 76' lang='grc' dir='ltr'>τοιούτων</span> <span class='ocrx_word' id='word_1_366' title='bbox 445 2841 991 2914; x_wconf 79' lang='grc' dir='ltr'>προσαπαιτούμεθα.</span> <span class='ocrx_word' id='word_1_367' title='bbox 1018 2841 1267 2895; x_wconf 77' lang='grc' dir='ltr'>Πιστεύω</span> <span class='ocrx_word' id='word_1_368' title='bbox 1303 2842 1362 2895; x_wconf 84' lang='grc' dir='ltr'><strong>δὲ</strong></span> <span class='ocrx_word' id='word_1_369' title='bbox 1386 2841 1465 2913; x_wconf 85' lang='grc' dir='ltr'>τῷ</span> <span class='ocrx_word' id='word_1_370' title='bbox 1488 2841 1628 2913; x_wconf 80' lang='grc' dir='ltr'>Θεῷ,</span> <span class='ocrx_word' id='word_1_371' title='bbox 1656 2844 1736 2897; x_wconf 83' lang='grc' dir='ltr'><strong>ὅτι</strong></span> 
     </span>
    </p>
   </div>
   <div class='ocr_carea' id='block_1_47' title="bbox 186 2933 1736 3005">
    <p class='ocr_par' dir='ltr' id='par_1_47' title="bbox 186 2933 1736 3005">
     <span class='ocr_line' id='line_1_47' title="bbox 186 2933 1736 3005; baseline 0.001 -21"><span class='ocrx_word' id='word_1_372' title='bbox 186 2937 615 3004; x_wconf 64' lang='grc' dir='ltr'>καρποφορήσετε</span> <span class='ocrx_word' id='word_1_373' title='bbox 671 2933 766 2987; x_wconf 78' lang='grc' dir='ltr'>καὶ</span> <span class='ocrx_word' id='word_1_374' title='bbox 798 2933 1125 3004; x_wconf 81' lang='grc' dir='ltr'>τριάκοντα,</span> <span class='ocrx_word' id='word_1_375' title='bbox 1168 2934 1262 2986; x_wconf 74' lang='grc' dir='ltr'>καὶ</span> <span class='ocrx_word' id='word_1_376' title='bbox 1323 2933 1586 3005; x_wconf 80' lang='grc' dir='ltr'><strong>ἐξήκοντα</strong></span> <span class='ocrx_word' id='word_1_377' title='bbox 1643 2934 1736 2987; x_wconf 70' lang='grc' dir='ltr'><strong>καὶ</strong></span> 
     </span>
    </p>
   </div>
   <div class='ocr_carea' id='block_1_48' title="bbox 190 3022 1733 3095">
    <p class='ocr_par' dir='ltr' id='par_1_48' title="bbox 190 3022 1733 3095">
     <span class='ocr_line' id='line_1_48' title="bbox 190 3022 1733 3095; baseline 0.002 -20"><span class='ocrx_word' id='word_1_378' title='bbox 190 3023 377 3090; x_wconf 73' lang='grc' dir='ltr'>ἑκατὸν,</span> <span class='ocrx_word' id='word_1_379' title='bbox 420 3024 506 3078; x_wconf 78' lang='grc' dir='ltr'><strong>διὰ</strong></span> <span class='ocrx_word' id='word_1_380' title='bbox 526 3025 631 3095; x_wconf 84' lang='grc' dir='ltr'>τὴν</span> <span class='ocrx_word' id='word_1_381' title='bbox 660 3024 1008 3094; x_wconf 83' lang='grc' dir='ltr'>καθαρότητα</span> <span class='ocrx_word' id='word_1_382' title='bbox 1053 3022 1146 3077; x_wconf 84' lang='grc' dir='ltr'><strong>τοῦ</strong></span> <span class='ocrx_word' id='word_1_383' title='bbox 1177 3023 1292 3094; x_wconf 85' lang='grc' dir='ltr'>βίου</span> <span class='ocrx_word' id='word_1_384' title='bbox 1323 3023 1498 3095; x_wconf 83' lang='grc' dir='ltr'>ὑμῶν.</span> <span class='ocrx_word' id='word_1_385' title='bbox 1532 3024 1733 3078; x_wconf 81' lang='grc' dir='ltr'><strong>Μακὰ-</strong></span> 
     </span>
    </p>
   </div>
   <div class='ocr_carea' id='block_1_49' title="bbox 1840 1933 3415 2006">
    <p class='ocr_par' dir='ltr' id='par_1_49' title="bbox 1840 1933 3415 2006">
     <span class='ocr_line' id='line_1_49' title="bbox 1840 1933 3415 2006; baseline -0.003 -16"><span class='ocrx_word' id='word_1_386' title='bbox 1840 1934 1902 1990; x_wconf 90' lang='lat' dir='ltr'><strong>Si</strong></span> <span class='ocrx_word' id='word_1_387' title='bbox 1924 1951 2017 2006; x_wconf 88' lang='lat' dir='ltr'><strong>ego</strong></span> <span class='ocrx_word' id='word_1_388' title='bbox 2052 1935 2106 1989; x_wconf 86' lang='lat' dir='ltr'><strong>in</strong></span> <span class='ocrx_word' id='word_1_389' title='bbox 2155 1934 2321 2005; x_wconf 81' lang='lat' dir='ltr'><strong>digito</strong></span> <span class='ocrx_word' id='word_1_390' title='bbox 2368 1934 2464 1988; x_wconf 88' lang='lat' dir='ltr'><strong>Dei</strong></span> <span class='ocrx_word' id='word_1_391' title='bbox 2491 1934 2647 2003; x_wconf 86' lang='lat' dir='ltr'><strong>ejicio</strong></span> <span class='ocrx_word' id='word_1_392' title='bbox 2669 1933 3040 1998; x_wconf 73' lang='lat' dir='ltr'><strong>dmmonia&quot;;</strong></span> <span class='ocrx_word' id='word_1_393' title='bbox 3076 1933 3127 1986; x_wconf 89' lang='lat' dir='ltr'><strong>id</strong></span> <span class='ocrx_word' id='word_1_394' title='bbox 3159 1933 3310 2003; x_wconf 85' lang='lat' dir='ltr'><strong>quod</strong></span> <span class='ocrx_word' id='word_1_395' title='bbox 3359 1933 3415 1986; x_wconf 90' lang='lat' dir='ltr'><strong>in</strong></span> 
     </span>
    </p>
   </div>
   <div class='ocr_carea' id='block_1_50' title="bbox 1838 2023 3417 2098">
    <p class='ocr_par' dir='ltr' id='par_1_50' title="bbox 1838 2023 3417 2098">
     <span class='ocr_line' id='line_1_50' title="bbox 1838 2023 3417 2098; baseline -0.003 -16"><span class='ocrx_word' id='word_1_396' title='bbox 1838 2028 1944 2082; x_wconf 88' lang='lat' dir='ltr'><strong>alio</strong></span> <span class='ocrx_word' id='word_1_397' title='bbox 1971 2026 2263 2098; x_wconf 81' lang='lat' dir='ltr'><strong>Evangelia</strong></span> <span class='ocrx_word' id='word_1_398' title='bbox 2306 2027 2571 2097; x_wconf 79' lang='lat' dir='ltr'><strong>scriptum</strong></span> <span class='ocrx_word' id='word_1_399' title='bbox 2606 2033 2692 2081; x_wconf 89' lang='lat' dir='ltr'><strong>est</strong></span> <span class='ocrx_word' id='word_1_400' title='bbox 2728 2045 2742 2080; x_wconf 89' lang='lat'><strong>:</strong></span> <span class='ocrx_word' id='word_1_401' title='bbox 2788 2024 2850 2079; x_wconf 90' lang='lat' dir='ltr'><strong>Si</strong></span> <span class='ocrx_word' id='word_1_402' title='bbox 2877 2042 2968 2095; x_wconf 89' lang='lat' dir='ltr'><strong>ego</strong></span> <span class='ocrx_word' id='word_1_403' title='bbox 2994 2026 3048 2078; x_wconf 87' lang='lat' dir='ltr'><strong>in</strong></span> <span class='ocrx_word' id='word_1_404' title='bbox 3083 2023 3284 2093; x_wconf 80' lang='lat' dir='ltr'><strong>Spiritu</strong></span> <span class='ocrx_word' id='word_1_405' title='bbox 3315 2023 3417 2078; x_wconf 83' lang='lat' dir='ltr'><strong>Dei</strong></span> 
     </span>
    </p>
   </div>
   <div class='ocr_carea' id='block_1_51' title="bbox 1836 2116 3417 2190">
    <p class='ocr_par' dir='ltr' id='par_1_51' title="bbox 1836 2116 3417 2190">
     <span class='ocr_line' id='line_1_51' title="bbox 1836 2116 3417 2190; baseline -0.002 -17"><span class='ocrx_word' id='word_1_406' title='bbox 1836 2121 1991 2190; x_wconf 80' lang='lat' dir='ltr'><strong>eiicio</strong></span> <span class='ocrx_word' id='word_1_407' title='bbox 2050 2120 2316 2174; x_wconf 78' lang='lat' dir='ltr'><strong>dtemam&#39;a</strong></span> <span class='ocrx_word' id='word_1_408' title='bbox 2332 2118 2400 2189; x_wconf 77' lang='grc'><strong>⁹³)</strong></span> <span class='ocrx_word' id='word_1_409' title='bbox 2436 2135 2448 2170; x_wconf 92' lang='lat'><strong>:</strong></span> <span class='ocrx_word' id='word_1_410' title='bbox 2508 2118 2747 2187; x_wconf 89' lang='lat' dir='ltr'><strong>Spiritus</strong></span> <span class='ocrx_word' id='word_1_411' title='bbox 2783 2128 3011 2185; x_wconf 76' lang='lat' dir='ltr'><strong>sanctus</strong></span> <span class='ocrx_word' id='word_1_412' title='bbox 3044 2116 3290 2187; x_wconf 86' lang='lat' dir='ltr'><strong>ejusdem</strong></span> <span class='ocrx_word' id='word_1_413' title='bbox 3319 2133 3417 2171; x_wconf 84' lang='lat' dir='ltr'><strong>na-</strong></span> 
     </span>
    </p>
   </div>
   <div class='ocr_carea' id='block_1_52' title="bbox 1834 2208 2538 2266">
    <p class='ocr_par' dir='ltr' id='par_1_52' title="bbox 1834 2208 2538 2266">
     <span class='ocr_line' id='line_1_52' title="bbox 1834 2208 2538 2266; baseline 0 -2"><span class='ocrx_word' id='word_1_414' title='bbox 1834 2218 1973 2266; x_wconf 71' lang='lat' dir='ltr'><strong>tura:</strong></span> <span class='ocrx_word' id='word_1_415' title='bbox 1996 2226 2059 2265; x_wconf 88' lang='lat' dir='ltr'><strong>ac</strong></span> <span class='ocrx_word' id='word_1_416' title='bbox 2075 2209 2236 2264; x_wconf 86' lang='lat' dir='ltr'><strong>Pater</strong></span> <span class='ocrx_word' id='word_1_417' title='bbox 2262 2217 2316 2264; x_wconf 87' lang='lat' dir='ltr'><strong>et</strong></span> <span class='ocrx_word' id='word_1_418' title='bbox 2345 2208 2538 2264; x_wconf 89' lang='lat' dir='ltr'><strong>Filius.</strong></span> 
     </span>
    </p>
   </div>
   <div class='ocr_carea' id='block_1_53' title="bbox 1912 2296 3415 2370">
    <p class='ocr_par' dir='ltr' id='par_1_53' title="bbox 1912 2296 3415 2370">
     <span class='ocr_line' id='line_1_53' title="bbox 1912 2296 3415 2370; baseline -0.003 -15"><span class='ocrx_word' id='word_1_419' title='bbox 1912 2300 2002 2355; x_wconf 71' lang='grc'><strong>12.</strong></span> <span class='ocrx_word' id='word_1_420' title='bbox 2039 2301 2214 2370; x_wconf 85' lang='lat' dir='ltr'><strong>Atque</strong></span> <span class='ocrx_word' id='word_1_421' title='bbox 2275 2300 2379 2354; x_wconf 85' lang='lat' dir='ltr'><strong>ista</strong></span> <span class='ocrx_word' id='word_1_422' title='bbox 2443 2298 2662 2368; x_wconf 90' lang='lat' dir='ltr'><strong>quidem</strong></span> <span class='ocrx_word' id='word_1_423' title='bbox 2724 2297 2885 2353; x_wconf 84' lang='lat' dir='ltr'><strong>nobis</strong></span> <span class='ocrx_word' id='word_1_424' title='bbox 2943 2298 3011 2352; x_wconf 86' lang='lat' dir='ltr'><strong>de</strong></span> <span class='ocrx_word' id='word_1_425' title='bbox 3047 2296 3327 2351; x_wconf 84' lang='lat' dir='ltr'><strong>adoranda</strong></span> <span class='ocrx_word' id='word_1_426' title='bbox 3359 2304 3415 2350; x_wconf 89' lang='lat' dir='ltr'><strong>et</strong></span> 
     </span>
    </p>
   </div>
   <div class='ocr_carea' id='block_1_54' title="bbox 1838 2386 3412 2458">
    <p class='ocr_par' dir='ltr' id='par_1_54' title="bbox 1838 2386 3412 2458">
     <span class='ocr_line' id='line_1_54' title="bbox 1838 2386 3412 2458; baseline -0.004 -10"><span class='ocrx_word' id='word_1_427' title='bbox 1838 2400 2029 2448; x_wconf 85' lang='lat' dir='ltr'><strong>sancta</strong></span> <span class='ocrx_word' id='word_1_428' title='bbox 2061 2390 2331 2445; x_wconf 88' lang='lat' dir='ltr'><strong>Trinitate</strong></span> <span class='ocrx_word' id='word_1_429' title='bbox 2355 2390 2410 2444; x_wconf 90' lang='lat' dir='ltr'><strong>in</strong></span> <span class='ocrx_word' id='word_1_430' title='bbox 2444 2389 2700 2458; x_wconf 80' lang='lat' dir='ltr'><strong>praesenti</strong></span> <span class='ocrx_word' id='word_1_431' title='bbox 2726 2389 2873 2441; x_wconf 86' lang='lat' dir='ltr'><strong>dicta</strong></span> <span class='ocrx_word' id='word_1_432' title='bbox 2902 2388 3031 2443; x_wconf 88' lang='lat' dir='ltr'><strong>sint.</strong></span> <span class='ocrx_word' id='word_1_433' title='bbox 3081 2386 3237 2440; x_wconf 85' lang='lat' dir='ltr'><strong>Nunc</strong></span> <span class='ocrx_word' id='word_1_434' title='bbox 3265 2386 3412 2441; x_wconf 87' lang='lat' dir='ltr'><strong>enim</strong></span> 
     </span>
    </p>
   </div>
   <div class='ocr_carea' id='block_1_55' title="bbox 1841 2476 3409 2553">
    <p class='ocr_par' dir='ltr' id='par_1_55' title="bbox 1841 2476 3409 2553">
     <span class='ocr_line' id='line_1_55' title="bbox 1841 2476 3409 2553; baseline -0.005 -17"><span class='ocrx_word' id='word_1_435' title='bbox 1841 2482 1954 2539; x_wconf 81' lang='lat' dir='ltr'><strong>ﬁeri</strong></span> <span class='ocrx_word' id='word_1_436' title='bbox 1985 2483 2196 2553; x_wconf 86' lang='lat' dir='ltr'><strong>nequit,</strong></span> <span class='ocrx_word' id='word_1_437' title='bbox 2241 2489 2302 2536; x_wconf 90' lang='lat' dir='ltr'><strong>ut</strong></span> <span class='ocrx_word' id='word_1_438' title='bbox 2333 2476 2511 2536; x_wconf 82' lang='lat' dir='ltr'><strong>latius</strong></span> <span class='ocrx_word' id='word_1_439' title='bbox 2543 2479 2811 2534; x_wconf 86' lang='lat' dir='ltr'><strong>rationem</strong></span> <span class='ocrx_word' id='word_1_440' title='bbox 2838 2478 2987 2532; x_wconf 86' lang='lat' dir='ltr'><strong>illius</strong></span> <span class='ocrx_word' id='word_1_441' title='bbox 3031 2479 3409 2548; x_wconf 80' lang='lat' dir='ltr'><strong>exquiramus.</strong></span> 
     </span>
    </p>
   </div>
   <div class='ocr_carea' id='block_1_56' title="bbox 1841 2570 3411 2642">
    <p class='ocr_par' dir='ltr' id='par_1_56' title="bbox 1841 2570 3411 2642">
     <span class='ocr_line' id='line_1_56' title="bbox 1841 2570 3411 2642; baseline -0.002 -14"><span class='ocrx_word' id='word_1_442' title='bbox 1841 2573 1953 2629; x_wconf 74' lang='lat' dir='ltr'><strong>Vos</strong></span> <span class='ocrx_word' id='word_1_443' title='bbox 1977 2588 2129 2637; x_wconf 88' lang='lat' dir='ltr'><strong>vero,</strong></span> <span class='ocrx_word' id='word_1_444' title='bbox 2178 2574 2419 2642; x_wconf 86' lang='lat' dir='ltr'><strong>acceptis</strong></span> <span class='ocrx_word' id='word_1_445' title='bbox 2446 2587 2478 2626; x_wconf 85' lang='lat' dir='ltr'><strong>a</strong></span> <span class='ocrx_word' id='word_1_446' title='bbox 2523 2580 2711 2626; x_wconf 88' lang='lat' dir='ltr'><strong>nostra</strong></span> <span class='ocrx_word' id='word_1_447' title='bbox 2745 2571 3053 2626; x_wconf 85' lang='lat' dir='ltr'><strong>humilitate</strong></span> <span class='ocrx_word' id='word_1_448' title='bbox 3083 2570 3411 2638; x_wconf 79' lang='lat' dir='ltr'><strong>seminibus,</strong></span> 
     </span>
    </p>
   </div>
   <div class='ocr_carea' id='block_1_57' title="bbox 1841 2659 3414 2731">
    <p class='ocr_par' dir='ltr' id='par_1_57' title="bbox 1841 2659 3414 2731">
     <span class='ocr_line' id='line_1_57' title="bbox 1841 2659 3414 2731; baseline 0.001 -15"><span class='ocrx_word' id='word_1_449' title='bbox 1841 2670 2110 2718; x_wconf 85' lang='lat' dir='ltr'><strong>maturam</strong></span> <span class='ocrx_word' id='word_1_450' title='bbox 2174 2663 2384 2731; x_wconf 87' lang='lat' dir='ltr'><strong>spicam</strong></span> <span class='ocrx_word' id='word_1_451' title='bbox 2452 2660 2749 2730; x_wconf 89' lang='lat' dir='ltr'><strong>vobisipsis</strong></span> <span class='ocrx_word' id='word_1_452' title='bbox 2803 2660 3081 2722; x_wconf 81' lang='lat' dir='ltr'><strong>excolite,</strong></span> <span class='ocrx_word' id='word_1_453' title='bbox 3142 2659 3414 2730; x_wconf 83' lang='lat' dir='ltr'><strong>siquidem</strong></span> 
     </span>
    </p>
   </div>
   <div class='ocr_carea' id='block_1_58' title="bbox 1838 2750 3416 2821">
    <p class='ocr_par' dir='ltr' id='par_1_58' title="bbox 1838 2750 3416 2821">
     <span class='ocr_line' id='line_1_58' title="bbox 1838 2750 3416 2821; baseline -0.001 -16"><span class='ocrx_word' id='word_1_454' title='bbox 1838 2759 1890 2805; x_wconf 88' lang='lat' dir='ltr'><strong>et</strong></span> <span class='ocrx_word' id='word_1_455' title='bbox 1939 2767 1969 2805; x_wconf 92' lang='lat' dir='ltr'><strong>a</strong></span> <span class='ocrx_word' id='word_1_456' title='bbox 2006 2751 2187 2814; x_wconf 85' lang='lat' dir='ltr'><strong>nobis.</strong></span> <span class='ocrx_word' id='word_1_457' title='bbox 2219 2760 2277 2804; x_wconf 91' lang='lat' dir='ltr'><strong>ut</strong></span> <span class='ocrx_word' id='word_1_458' title='bbox 2304 2752 2501 2813; x_wconf 87' lang='lat' dir='ltr'><strong>nostis,</strong></span> <span class='ocrx_word' id='word_1_459' title='bbox 2535 2751 2770 2821; x_wconf 76' lang='lat' dir='ltr'><strong>exigitur</strong></span> <span class='ocrx_word' id='word_1_460' title='bbox 2810 2750 3000 2803; x_wconf 86' lang='lat' dir='ltr'><strong>talium</strong></span> <span class='ocrx_word' id='word_1_461' title='bbox 3046 2764 3232 2804; x_wconf 87' lang='lat' dir='ltr'><strong>usura.</strong></span> <span class='ocrx_word' id='word_1_462' title='bbox 3277 2750 3416 2804; x_wconf 83' lang='lat' dir='ltr'><strong>Con-</strong></span> 
     </span>
    </p>
   </div>
   <div class='ocr_carea' id='block_1_59' title="bbox 1842 2842 3414 2914">
    <p class='ocr_par' dir='ltr' id='par_1_59' title="bbox 1842 2842 3414 2914">
     <span class='ocr_line' id='line_1_59' title="bbox 1842 2842 3414 2914; baseline -0.001 -16"><span class='ocrx_word' id='word_1_463' title='bbox 1842 2843 1949 2899; x_wconf 82' lang='lat' dir='ltr'><strong>lido</strong></span> <span class='ocrx_word' id='word_1_464' title='bbox 1979 2851 2160 2899; x_wconf 84' lang='lat' dir='ltr'><strong>autem</strong></span> <span class='ocrx_word' id='word_1_465' title='bbox 2196 2842 2325 2906; x_wconf 89' lang='lat' dir='ltr'><strong>Deo,</strong></span> <span class='ocrx_word' id='word_1_466' title='bbox 2383 2844 2620 2898; x_wconf 81' lang='lat' dir='ltr'><strong>fructum</strong></span> <span class='ocrx_word' id='word_1_467' title='bbox 2669 2843 2935 2896; x_wconf 78' lang='lat' dir='ltr'><strong>allaturos</strong></span> <span class='ocrx_word' id='word_1_468' title='bbox 2985 2857 3083 2897; x_wconf 87' lang='lat' dir='ltr'><strong>vos</strong></span> <span class='ocrx_word' id='word_1_469' title='bbox 3135 2849 3188 2897; x_wconf 87' lang='lat' dir='ltr'><strong>et</strong></span> <span class='ocrx_word' id='word_1_470' title='bbox 3247 2843 3414 2914; x_wconf 87' lang='lat' dir='ltr'><strong>trige-</strong></span> 
     </span>
    </p>
   </div>
   <div class='ocr_carea' id='block_1_60' title="bbox 1839 2934 3435 3009">
    <p class='ocr_par' dir='ltr' id='par_1_60' title="bbox 1839 2934 3435 3009">
     <span class='ocr_line' id='line_1_60' title="bbox 1839 2934 3435 3009; baseline -0.006 -17"><span class='ocrx_word' id='word_1_471' title='bbox 1839 2938 2061 3009; x_wconf 88' lang='lat' dir='ltr'><strong>cuplum</strong></span> <span class='ocrx_word' id='word_1_472' title='bbox 2112 2942 2167 2990; x_wconf 88' lang='lat' dir='ltr'><strong>et</strong></span> <span class='ocrx_word' id='word_1_473' title='bbox 2220 2934 2679 3004; x_wconf 67' lang='lat' dir='ltr'><strong>sexagecuplum,</strong></span> <span class='ocrx_word' id='word_1_474' title='bbox 2724 2941 2777 2987; x_wconf 90' lang='lat' dir='ltr'><strong>et</strong></span> <span class='ocrx_word' id='word_1_475' title='bbox 2820 2934 3158 3002; x_wconf 87' lang='lat' dir='ltr'><strong>centuplum,</strong></span> <span class='ocrx_word' id='word_1_476' title='bbox 3202 2934 3273 2989; x_wconf 95' lang='lat' dir='ltr'><strong>ob</strong></span> <span class='ocrx_word' id='word_1_477' title='bbox 3324 2950 3435 2989; x_wconf 76' lang='lat' dir='ltr'><strong>ve-.</strong></span> 
     </span>
    </p>
   </div>
   <div class='ocr_carea' id='block_1_61' title="bbox 1841 3021 3411 3095">
    <p class='ocr_par' dir='ltr' id='par_1_61' title="bbox 1841 3021 3411 3095">
     <span class='ocr_line' id='line_1_61' title="bbox 1841 3021 3411 3095; baseline -0.004 -11"><span class='ocrx_word' id='word_1_478' title='bbox 1841 3036 1968 3084; x_wconf 67' lang='lat' dir='ltr'><strong>atrae</strong></span> <span class='ocrx_word' id='word_1_479' title='bbox 2026 3025 2151 3080; x_wconf 73' lang='lat' dir='ltr'><strong>vita:</strong></span> <span class='ocrx_word' id='word_1_480' title='bbox 2213 3025 2525 3095; x_wconf 86' lang='lat' dir='ltr'><strong>puritatem.</strong></span> <span class='ocrx_word' id='word_1_481' title='bbox 2582 3021 2715 3076; x_wconf 85' lang='lat' dir='ltr'><strong>Nam</strong></span> <span class='ocrx_word' id='word_1_482' title='bbox 2779 3023 2918 3077; x_wconf 85' lang='lat' dir='ltr'><strong>beati</strong></span> <span class='ocrx_word' id='word_1_483' title='bbox 2961 3022 3156 3078; x_wconf 84' lang='lat' dir='ltr'><strong>mundo</strong></span> <span class='ocrx_word' id='word_1_484' title='bbox 3212 3023 3411 3088; x_wconf 84' lang='lat' dir='ltr'><strong>corde,</strong></span> 
     </span>
    </p>
   </div>
   <div class='ocr_carea' id='block_1_62' title="bbox 177 3113 1736 3217">
    <p class='ocr_par' dir='ltr' id='par_1_62' title="bbox 177 3113 1734 3187">
     <span class='ocr_line' id='line_1_62' title="bbox 177 3113 1734 3187; baseline 0.001 -20"><span class='ocrx_word' id='word_1_485' title='bbox 177 3130 285 3182; x_wconf 73' lang='lat' dir='ltr'><strong>pun</strong></span> <span class='ocrx_word' id='word_1_486' title='bbox 305 3114 425 3186; x_wconf 87' lang='grc' dir='ltr'>γὰρ,</span> <span class='ocrx_word' id='word_1_487' title='bbox 472 3116 646 3187; x_wconf 78' lang='grc' dir='ltr'>φησὶν</span> <span class='ocrx_word' id='word_1_488' title='bbox 675 3115 820 3187; x_wconf 84' lang='grc'>(97),</span> <span class='ocrx_word' id='word_1_489' title='bbox 879 3119 932 3169; x_wconf 74' lang='grc' dir='ltr'>οἱ</span> <span class='ocrx_word' id='word_1_490' title='bbox 966 3117 1210 3184; x_wconf 83' lang='grc' dir='ltr'>καθαροὶ</span> <span class='ocrx_word' id='word_1_491' title='bbox 1254 3113 1328 3184; x_wconf 81' lang='grc' dir='ltr'><strong>τῇ</strong></span> <span class='ocrx_word' id='word_1_492' title='bbox 1357 3113 1599 3184; x_wconf 79' lang='grc' dir='ltr'>καρδίᾳ,</span> <span class='ocrx_word' id='word_1_493' title='bbox 1646 3115 1734 3169; x_wconf 84' lang='grc' dir='ltr'><strong>ὅτι</strong></span> 
     </span>
    </p>
   </div>
   <div class='ocr_carea' id='block_1_63' title="bbox 1843 3113 3412 3217">
    <p class='ocr_par' dir='ltr' id='par_1_63' title="bbox 1843 3113 3412 3191">
     <span class='ocr_line' id='line_1_63' title="bbox 1843 3113 3412 3191; baseline -0.001 -19"><span class='ocrx_word' id='word_1_494' title='bbox 1843 3120 2092 3191; x_wconf 83' lang='lat' dir='ltr'><strong>quoniam</strong></span> <span class='ocrx_word' id='word_1_495' title='bbox 2127 3117 2239 3185; x_wconf 56' lang='lat' dir='ltr'><strong>(ipsi</strong></span> <span class='ocrx_word' id='word_1_496' title='bbox 2292 3115 2462 3169; x_wconf 84' lang='lat' dir='ltr'><strong>Deum</strong></span> <span class='ocrx_word' id='word_1_497' title='bbox 2508 3113 2841 3167; x_wconf 68' lang='lat' dir='ltr'><strong>videbunt“.</strong></span> <span class='ocrx_word' id='word_1_498' title='bbox 2904 3113 3091 3183; x_wconf 87' lang='lat' dir='ltr'><strong>Neque</strong></span> <span class='ocrx_word' id='word_1_499' title='bbox 3133 3129 3263 3170; x_wconf 76' lang='lat' dir='ltr'><strong>vero</strong></span> <span class='ocrx_word' id='word_1_500' title='bbox 3321 3130 3412 3171; x_wconf 83' lang='lat' dir='ltr'><strong>re—</strong></span> 
     </span>
    </p>
   </div>
   <div class='ocr_carea' id='block_1_64' title="bbox 192 3205 1738 3277">
    <p class='ocr_par' dir='ltr' id='par_1_64' title="bbox 192 3205 1738 3277">
     <span class='ocr_line' id='line_1_64' title="bbox 192 3205 1738 3277; baseline -0.001 -18"><span class='ocrx_word' id='word_1_501' title='bbox 192 3206 333 3259; x_wconf 78' lang='grc' dir='ltr'>αὐτοὶ</span> <span class='ocrx_word' id='word_1_502' title='bbox 358 3207 459 3260; x_wconf 79' lang='grc' dir='ltr'><strong>τὸν</strong></span> <span class='ocrx_word' id='word_1_503' title='bbox 485 3207 643 3261; x_wconf 78' lang='grc' dir='ltr'>Θεὸν</span> <span class='ocrx_word' id='word_1_504' title='bbox 671 3206 943 3276; x_wconf 65' lang='grc' dir='ltr'>ὄψονται.</span> <span class='ocrx_word' id='word_1_505' title='bbox 988 3207 1099 3259; x_wconf 75' lang='grc' dir='ltr'><strong>Καὶ</strong></span> <span class='ocrx_word' id='word_1_506' title='bbox 1144 3205 1280 3277; x_wconf 81' lang='grc' dir='ltr'><strong>μηδὲ</strong></span> <span class='ocrx_word' id='word_1_507' title='bbox 1309 3205 1437 3260; x_wconf 75' lang='grc' dir='ltr'>ἄλλο</span> <span class='ocrx_word' id='word_1_508' title='bbox 1468 3225 1542 3270; x_wconf 88' lang='grc' dir='ltr'><strong>τι,</strong></span> <span class='ocrx_word' id='word_1_509' title='bbox 1585 3206 1738 3260; x_wconf 87' lang='grc' dir='ltr'>ἀδελ-</span> 
     </span>
    </p>
   </div>
   <div class='ocr_carea' id='block_1_65' title="bbox 193 3293 1737 3367">
    <p class='ocr_par' dir='ltr' id='par_1_65' title="bbox 193 3293 1737 3367">
     <span class='ocr_line' id='line_1_65' title="bbox 193 3293 1737 3367; baseline 0.001 -22"><span class='ocrx_word' id='word_1_510' title='bbox 193 3295 284 3361; x_wconf 79' lang='grc' dir='ltr'>φοὶ,</span> <span class='ocrx_word' id='word_1_511' title='bbox 310 3295 400 3366; x_wconf 78' lang='grc' dir='ltr'><strong>τὴν</strong></span> <span class='ocrx_word' id='word_1_512' title='bbox 431 3295 715 3366; x_wconf 79' lang='grc' dir='ltr'>βασιλείαν</span> <span class='ocrx_word' id='word_1_513' title='bbox 747 3295 852 3348; x_wconf 83' lang='grc' dir='ltr'><strong>τῶν</strong></span> <span class='ocrx_word' id='word_1_514' title='bbox 881 3294 1127 3366; x_wconf 81' lang='grc' dir='ltr'>οὐρανῶν</span> <span class='ocrx_word' id='word_1_515' title='bbox 1154 3294 1412 3366; x_wconf 76' lang='grc' dir='ltr'>νομίσητε</span> <span class='ocrx_word' id='word_1_516' title='bbox 1440 3293 1550 3366; x_wconf 88' lang='grc'>(98)</span> <span class='ocrx_word' id='word_1_517' title='bbox 1581 3295 1612 3366; x_wconf 79' lang='grc' dir='ltr'>ἢ</span> <span class='ocrx_word' id='word_1_518' title='bbox 1641 3295 1737 3367; x_wconf 79' lang='grc' dir='ltr'>τὴν</span> 
     </span>
    </p>
   </div>
   <div class='ocr_carea' id='block_1_66' title="bbox 190 3385 1738 3458">
    <p class='ocr_par' dir='ltr' id='par_1_66' title="bbox 190 3385 1738 3458">
     <span class='ocr_line' id='line_1_66' title="bbox 190 3385 1738 3458; baseline -0.001 -19"><span class='ocrx_word' id='word_1_519' title='bbox 190 3385 283 3439; x_wconf 80' lang='grc' dir='ltr'>τῶν</span> <span class='ocrx_word' id='word_1_520' title='bbox 311 3388 468 3443; x_wconf 72' lang='grc' dir='ltr'>ὄντων</span> <span class='ocrx_word' id='word_1_521' title='bbox 494 3388 675 3458; x_wconf 83' lang='grc' dir='ltr'><strong>ἀληθῆ</strong></span> <span class='ocrx_word' id='word_1_522' title='bbox 721 3387 1081 3457; x_wconf 82' lang='grc' dir='ltr'>κατανόησιν,</span> <span class='ocrx_word' id='word_1_523' title='bbox 1118 3386 1186 3457; x_wconf 76' lang='grc' dir='ltr'><strong>ἢν</strong></span> <span class='ocrx_word' id='word_1_524' title='bbox 1219 3386 1314 3439; x_wconf 84' lang='grc' dir='ltr'>καὶ</span> <span class='ocrx_word' id='word_1_525' title='bbox 1354 3385 1738 3457; x_wconf 85' lang='grc' dir='ltr'>μακαριότητα</span> 
     </span>
    </p>
   </div>
   <div class='ocr_carea' id='block_1_67' title="bbox 187 3476 1739 3550">
    <p class='ocr_par' dir='ltr' id='par_1_67' title="bbox 187 3476 1739 3550">
     <span class='ocr_line' id='line_1_67' title="bbox 187 3476 1739 3550; baseline -0.001 -19"><span class='ocrx_word' id='word_1_526' title='bbox 187 3476 507 3548; x_wconf 71' lang='grc' dir='ltr'>ὀνομάζουσιν</span> <span class='ocrx_word' id='word_1_527' title='bbox 538 3481 602 3533; x_wconf 80' lang='grc' dir='ltr'>αἱ</span> <span class='ocrx_word' id='word_1_528' title='bbox 635 3478 773 3532; x_wconf 89' lang='grc' dir='ltr'>θεῖαι</span> <span class='ocrx_word' id='word_1_529' title='bbox 806 3478 1034 3550; x_wconf 83' lang='grc' dir='ltr'>Γραφαί.</span> <span class='ocrx_word' id='word_1_530' title='bbox 1070 3478 1140 3532; x_wconf 86' lang='grc' dir='ltr'>Ἡ</span> <span class='ocrx_word' id='word_1_531' title='bbox 1164 3476 1273 3548; x_wconf 78' lang='grc' dir='ltr'>γὰρ</span> <span class='ocrx_word' id='word_1_532' title='bbox 1298 3477 1589 3541; x_wconf 75' lang='grc' dir='ltr'>βασιλεία</span> <span class='ocrx_word' id='word_1_533' title='bbox 1620 3476 1739 3530; x_wconf 75' lang='grc' dir='ltr'>τῶν</span> 
     </span>
    </p>
   </div>
   <div class='ocr_carea' id='block_1_68' title="bbox 188 3567 1738 3643">
    <p class='ocr_par' dir='ltr' id='par_1_68' title="bbox 188 3567 1738 3643">
     <span class='ocr_line' id='line_1_68' title="bbox 188 3567 1738 3643; baseline 0.001 -23"><span class='ocrx_word' id='word_1_534' title='bbox 188 3569 430 3636; x_wconf 76' lang='grc' dir='ltr'>οὐραγῶν</span> <span class='ocrx_word' id='word_1_535' title='bbox 455 3570 635 3637; x_wconf 75' lang='grc' dir='ltr'><strong>ἐντὸς</strong></span> <span class='ocrx_word' id='word_1_536' title='bbox 660 3570 826 3643; x_wconf 77' lang='grc' dir='ltr'><strong>ὑμῶν</strong></span> <span class='ocrx_word' id='word_1_537' title='bbox 850 3569 1148 3640; x_wconf 76' lang='grc' dir='ltr'>ἐστι.Περὶ</span> <span class='ocrx_word' id='word_1_538' title='bbox 1170 3567 1226 3622; x_wconf 81' lang='grc' dir='ltr'><strong>δὲ</strong></span> <span class='ocrx_word' id='word_1_539' title='bbox 1244 3569 1335 3621; x_wconf 81' lang='grc' dir='ltr'>τὸν</span> <span class='ocrx_word' id='word_1_540' title='bbox 1350 3567 1500 3632; x_wconf 78' lang='grc' dir='ltr'>ἐντὸς</span> <span class='ocrx_word' id='word_1_541' title='bbox 1529 3567 1738 3639; x_wconf 82' lang='grc' dir='ltr'>ἀνθρω-</span> 
     </span>
    </p>
   </div>
   <div class='ocr_carea' id='block_1_69' title="bbox 194 3659 1739 3733">
    <p class='ocr_par' dir='ltr' id='par_1_69' title="bbox 194 3659 1739 3733">
     <span class='ocr_line' id='line_1_69' title="bbox 194 3659 1739 3733; baseline 0.002 -22"><span class='ocrx_word' id='word_1_542' title='bbox 194 3673 278 3711; x_wconf 68' lang='lat' dir='ltr'><strong>saw</strong></span> <span class='ocrx_word' id='word_1_543' title='bbox 296 3661 431 3715; x_wconf 75' lang='grc' dir='ltr'>οὐδὲν</span> <span class='ocrx_word' id='word_1_544' title='bbox 455 3662 647 3733; x_wconf 74' lang='grc' dir='ltr'>ἕτερον</span> <span class='ocrx_word' id='word_1_545' title='bbox 673 3661 706 3732; x_wconf 71' lang='grc' dir='ltr'>ἢ</span> <span class='ocrx_word' id='word_1_546' title='bbox 732 3659 933 3733; x_wconf 79' lang='grc' dir='ltr'>θεωρία</span> <span class='ocrx_word' id='word_1_547' title='bbox 962 3662 1299 3715; x_wconf 86' lang='grc' dir='ltr'><strong>συνίσταται.</strong></span> <span class='ocrx_word' id='word_1_548' title='bbox 1316 3661 1534 3731; x_wconf 92' lang='grc' dir='ltr'>Θεωρία</span> <span class='ocrx_word' id='word_1_549' title='bbox 1558 3661 1624 3715; x_wconf 83' lang='grc' dir='ltr'>ἂν</span> <span class='ocrx_word' id='word_1_550' title='bbox 1652 3661 1739 3732; x_wconf 70' lang='grc' dir='ltr'><strong>εἰη</strong></span> 
     </span>
    </p>
   </div>
   <div class='ocr_carea' id='block_1_70' title="bbox 194 3745 1740 3826">
    <p class='ocr_par' dir='ltr' id='par_1_70' title="bbox 194 3745 1740 3826">
     <span class='ocr_line' id='line_1_70' title="bbox 194 3745 1740 3826; baseline 0.003 -24"><span class='ocrx_word' id='word_1_551' title='bbox 194 3745 349 3803; x_wconf 71' lang='grc' dir='ltr'>λοιπὸν</span> <span class='ocrx_word' id='word_1_552' title='bbox 374 3752 405 3823; x_wconf 76' lang='grc' dir='ltr'><strong>ή</strong></span> <span class='ocrx_word' id='word_1_553' title='bbox 431 3751 681 3823; x_wconf 81' lang='grc' dir='ltr'>βασιλεία</span> <span class='ocrx_word' id='word_1_554' title='bbox 701 3751 810 3806; x_wconf 88' lang='grc' dir='ltr'>τῶν</span> <span class='ocrx_word' id='word_1_555' title='bbox 841 3750 1104 3826; x_wconf 76' lang='grc' dir='ltr'>οὐρανῶν.</span> <span class='ocrx_word' id='word_1_556' title='bbox 1122 3746 1222 3806; x_wconf 79' lang='grc' dir='ltr'><strong>’Ὧν</strong></span> <span class='ocrx_word' id='word_1_557' title='bbox 1250 3753 1360 3825; x_wconf 84' lang='grc' dir='ltr'><strong>γὰρ</strong></span> <span class='ocrx_word' id='word_1_558' title='bbox 1387 3753 1481 3808; x_wconf 87' lang='grc' dir='ltr'><strong>νῦν</strong></span> <span class='ocrx_word' id='word_1_559' title='bbox 1501 3754 1610 3826; x_wconf 86' lang='lat'><strong>(99)</strong></span> <span class='ocrx_word' id='word_1_560' title='bbox 1640 3756 1740 3818; x_wconf 81' lang='grc' dir='ltr'>τὰς</span> 
     </span>
    </p>
   </div>
   <div class='ocr_carea' id='block_1_71' title="bbox 199 3840 1740 3917">
    <p class='ocr_par' dir='ltr' id='par_1_71' title="bbox 199 3840 1740 3917">
     <span class='ocr_line' id='line_1_71' title="bbox 199 3840 1740 3917; baseline 0.006 -25"><span class='ocrx_word' id='word_1_561' title='bbox 199 3840 331 3905; x_wconf 71' lang='grc' dir='ltr'>σκιὰς</span> <span class='ocrx_word' id='word_1_562' title='bbox 349 3843 672 3917; x_wconf 84' lang='grc' dir='ltr'>καθορῶμεν</span> <span class='ocrx_word' id='word_1_563' title='bbox 693 3843 768 3908; x_wconf 83' lang='grc' dir='ltr'>ὡς</span> <span class='ocrx_word' id='word_1_564' title='bbox 792 3846 849 3897; x_wconf 84' lang='grc' dir='ltr'><strong>ὲν</strong></span> <span class='ocrx_word' id='word_1_565' title='bbox 879 3845 1189 3916; x_wconf 80' lang='grc' dir='ltr'>κατόπτρῳ,</span> <span class='ocrx_word' id='word_1_566' title='bbox 1222 3844 1470 3917; x_wconf 77' lang='grc' dir='ltr'>ὕστερον,</span> <span class='ocrx_word' id='word_1_567' title='bbox 1497 3846 1740 3901; x_wconf 87' lang='grc' dir='ltr'>ἀπαλλα-</span> 
     </span>
    </p>
   </div>
   <div class='ocr_carea' id='block_1_72' title="bbox 194 3929 1747 4009">
    <p class='ocr_par' dir='ltr' id='par_1_72' title="bbox 194 3929 1747 4009">
     <span class='ocr_line' id='line_1_72' title="bbox 194 3929 1747 4009; baseline 0.002 -23"><span class='ocrx_word' id='word_1_568' title='bbox 194 3929 357 3999; x_wconf 79' lang='grc' dir='ltr'>γέντες</span> <span class='ocrx_word' id='word_1_569' title='bbox 389 3934 479 3988; x_wconf 89' lang='grc' dir='ltr'><strong>τοῦ</strong></span> <span class='ocrx_word' id='word_1_570' title='bbox 507 3933 752 4004; x_wconf 84' lang='grc' dir='ltr'><strong>γεώδους</strong></span> <span class='ocrx_word' id='word_1_571' title='bbox 796 3933 1048 4006; x_wconf 83' lang='grc' dir='ltr'>σώματος</span> <span class='ocrx_word' id='word_1_572' title='bbox 1078 3935 1298 3999; x_wconf 81' lang='grc' dir='ltr'>τούτου,</span> <span class='ocrx_word' id='word_1_573' title='bbox 1329 3937 1424 3989; x_wconf 75' lang='grc' dir='ltr'>καὶ</span> <span class='ocrx_word' id='word_1_574' title='bbox 1466 3936 1747 4009; x_wconf 62' lang='grc' dir='ltr'>ἄφθαρτον</span> 
     </span>
    </p>
   </div>
   <div class='ocr_carea' id='block_1_73' title="bbox 192 4020 1739 4096">
    <p class='ocr_par' dir='ltr' id='par_1_73' title="bbox 192 4020 1739 4096">
     <span class='ocr_line' id='line_1_73' title="bbox 192 4020 1739 4096; baseline 0.005 -25"><span class='ocrx_word' id='word_1_575' title='bbox 192 4020 583 4095; x_wconf 68' lang='grc' dir='ltr'>ἐπενδυσάμενοι</span> <span class='ocrx_word' id='word_1_576' title='bbox 630 4024 724 4077; x_wconf 76' lang='grc' dir='ltr'>καὶ</span> <span class='ocrx_word' id='word_1_577' title='bbox 757 4022 1053 4088; x_wconf 75' lang='grc' dir='ltr'>ἀθάνατον,</span> <span class='ocrx_word' id='word_1_578' title='bbox 1088 4023 1295 4077; x_wconf 84' lang='grc' dir='ltr'>τούτων</span> <span class='ocrx_word' id='word_1_579' title='bbox 1344 4025 1411 4078; x_wconf 82' lang='grc' dir='ltr'>τὰ</span> <span class='ocrx_word' id='word_1_580' title='bbox 1454 4024 1739 4096; x_wconf 78' lang='grc' dir='ltr'>ἀρχέτυπα</span> 
     </span>
    </p>
   </div>
   <div class='ocr_carea' id='block_1_74' title="bbox 196 4112 1738 4187">
    <p class='ocr_par' dir='ltr' id='par_1_74' title="bbox 196 4112 1738 4187">
     <span class='ocr_line' id='line_1_74' title="bbox 196 4112 1738 4187; baseline 0.007 -26"><span class='ocrx_word' id='word_1_581' title='bbox 196 4112 529 4184; x_wconf 67' lang='grc' dir='ltr'>κατοψόμεθα.</span> <span class='ocrx_word' id='word_1_582' title='bbox 599 4112 873 4184; x_wconf 75' lang='grc' dir='ltr'>Ὀψόμεθα</span> <span class='ocrx_word' id='word_1_583' title='bbox 900 4113 955 4167; x_wconf 81' lang='grc' dir='ltr'><strong>δὲ</strong></span> <span class='ocrx_word' id='word_1_584' title='bbox 975 4157 991 4181; x_wconf 92' lang='grc'><strong>,</strong></span> <span class='ocrx_word' id='word_1_585' title='bbox 1029 4113 1085 4166; x_wconf 77' lang='grc' dir='ltr'><strong>ετ</strong></span> <span class='ocrx_word' id='word_1_586' title='bbox 1116 4131 1180 4183; x_wconf 85' lang='grc' dir='ltr'><strong>γε</strong></span> <span class='ocrx_word' id='word_1_587' title='bbox 1230 4115 1322 4168; x_wconf 82' lang='grc' dir='ltr'>τὸν</span> <span class='ocrx_word' id='word_1_588' title='bbox 1370 4116 1578 4170; x_wconf 76' lang='grc' dir='ltr'>ἑαυτῶν</span> <span class='ocrx_word' id='word_1_589' title='bbox 1625 4115 1738 4187; x_wconf 85' lang='grc' dir='ltr'>βίον</span> 
     </span>
    </p>
   </div>
   <div class='ocr_carea' id='block_1_75' title="bbox 201 4202 1737 4278">
    <p class='ocr_par' dir='ltr' id='par_1_75' title="bbox 201 4202 1737 4278">
     <span class='ocr_line' id='line_1_75' title="bbox 201 4202 1737 4278; baseline 0.003 -22"><span class='ocrx_word' id='word_1_590' title='bbox 201 4202 315 4271; x_wconf 68' lang='grc' dir='ltr'>πρὸς</span> <span class='ocrx_word' id='word_1_591' title='bbox 332 4204 389 4257; x_wconf 79' lang='grc' dir='ltr'><strong>τὸ</strong></span> <span class='ocrx_word' id='word_1_592' title='bbox 417 4205 571 4270; x_wconf 77' lang='grc' dir='ltr'>εὒθὲς</span> <span class='ocrx_word' id='word_1_593' title='bbox 596 4205 1017 4276; x_wconf 76' lang='grc' dir='ltr'>κυδερνοίημεν,</span> <span class='ocrx_word' id='word_1_594' title='bbox 1050 4207 1145 4258; x_wconf 74' lang='grc' dir='ltr'><strong>καὶ</strong></span> <span class='ocrx_word' id='word_1_595' title='bbox 1177 4206 1277 4276; x_wconf 80' lang='grc' dir='ltr'>τῆς</span> <span class='ocrx_word' id='word_1_596' title='bbox 1300 4206 1467 4278; x_wconf 76' lang='grc' dir='ltr'>ὀρθῆς</span> <span class='ocrx_word' id='word_1_597' title='bbox 1503 4207 1737 4272; x_wconf 84' lang='grc' dir='ltr'>πίστεως</span> 
     </span>
    </p>
   </div>
   <div class='ocr_carea' id='block_1_76' title="bbox 203 4293 1737 4372">
    <p class='ocr_par' dir='ltr' id='par_1_76' title="bbox 203 4293 1737 4372">
     <span class='ocr_line' id='line_1_76' title="bbox 203 4293 1737 4372; baseline 0.004 -26"><span class='ocrx_word' id='word_1_598' title='bbox 203 4295 455 4366; x_wconf 76' lang='grc' dir='ltr'>ποιοίμεθα</span> <span class='ocrx_word' id='word_1_599' title='bbox 501 4299 800 4372; x_wconf 85' lang='grc' dir='ltr'>πρόνοιαν,</span> <span class='ocrx_word' id='word_1_600' title='bbox 837 4293 911 4352; x_wconf 83' lang='grc' dir='ltr'><strong>ὧν</strong></span> <span class='ocrx_word' id='word_1_601' title='bbox 963 4300 1134 4371; x_wconf 74' lang='grc' dir='ltr'>χωρὶς</span> <span class='ocrx_word' id='word_1_602' title='bbox 1185 4298 1361 4362; x_wconf 73' lang='grc' dir='ltr'>οὐδεὶς</span> <span class='ocrx_word' id='word_1_603' title='bbox 1404 4298 1591 4368; x_wconf 75' lang='grc' dir='ltr'>ῦψεται</span> <span class='ocrx_word' id='word_1_604' title='bbox 1645 4300 1737 4353; x_wconf 76' lang='grc' dir='ltr'>τὸν</span> 
     </span>
    </p>
   </div>
   <div class='ocr_carea' id='block_1_77' title="bbox 202 4384 1737 4461">
    <p class='ocr_par' dir='ltr' id='par_1_77' title="bbox 202 4384 1737 4461">
     <span class='ocr_line' id='line_1_77' title="bbox 202 4384 1737 4461; baseline 0.005 -23"><span class='ocrx_word' id='word_1_605' title='bbox 202 4384 391 4458; x_wconf 75' lang='grc' dir='ltr'>Κύριον.</span> <span class='ocrx_word' id='word_1_606' title='bbox 419 4393 520 4457; x_wconf 75' lang='grc' dir='ltr'><strong>Εἰς</strong></span> <span class='ocrx_word' id='word_1_607' title='bbox 548 4390 662 4461; x_wconf 81' lang='grc' dir='ltr'><strong>τὰρ</strong></span> <span class='ocrx_word' id='word_1_608' title='bbox 708 4390 1075 4458; x_wconf 76' lang='grc' dir='ltr'>κακότεχνον</span> <span class='ocrx_word' id='word_1_609' title='bbox 1106 4387 1352 4458; x_wconf 70' lang='grc' dir='ltr'><strong>ψυχὴν,</strong></span> <span class='ocrx_word' id='word_1_610' title='bbox 1395 4390 1589 4459; x_wconf 79' lang='grc' dir='ltr'>φησὶν,</span> <span class='ocrx_word' id='word_1_611' title='bbox 1627 4391 1737 4442; x_wconf 80' lang='grc' dir='ltr'><strong>οὐκ</strong></span> 
     </span>
    </p>
   </div>
   <div class='ocr_carea' id='block_1_78' title="bbox 1839 3202 3412 3280">
    <p class='ocr_par' dir='ltr' id='par_1_78' title="bbox 1839 3202 3412 3280">
     <span class='ocr_line' id='line_1_78' title="bbox 1839 3202 3412 3280; baseline -0.003 -17"><span class='ocrx_word' id='word_1_612' title='bbox 1839 3223 2007 3280; x_wconf 87' lang='lat' dir='ltr'><strong>gnum</strong></span> <span class='ocrx_word' id='word_1_613' title='bbox 2036 3207 2327 3262; x_wconf 72' lang='lat' dir='ltr'><strong>cmlorum.</strong></span> <span class='ocrx_word' id='word_1_614' title='bbox 2351 3205 2499 3259; x_wconf 86' lang='lat' dir='ltr'><strong>aliud</strong></span> <span class='ocrx_word' id='word_1_615' title='bbox 2534 3203 2831 3273; x_wconf 88' lang='lat' dir='ltr'><strong>quidquam</strong></span> <span class='ocrx_word' id='word_1_616' title='bbox 2882 3204 3083 3271; x_wconf 87' lang='lat' dir='ltr'><strong>putetis</strong></span> <span class='ocrx_word' id='word_1_617' title='bbox 3108 3242 3124 3267; x_wconf 93' lang='lat'><strong>,</strong></span> <span class='ocrx_word' id='word_1_618' title='bbox 3172 3202 3371 3259; x_wconf 82' lang='lat' dir='ltr'><strong>fratres</strong></span> <span class='ocrx_word' id='word_1_619' title='bbox 3396 3242 3412 3267; x_wconf 89' lang='lat'><strong>,</strong></span> 
     </span>
    </p>
   </div>
   <div class='ocr_carea' id='block_1_79' title="bbox 1838 3292 3412 3367">
    <p class='ocr_par' dir='ltr' id='par_1_79' title="bbox 1838 3292 3412 3367">
     <span class='ocr_line' id='line_1_79' title="bbox 1838 3292 3412 3367; baseline -0.002 -17"><span class='ocrx_word' id='word_1_620' title='bbox 1838 3311 2002 3367; x_wconf 85' lang='lat' dir='ltr'><strong>quam</strong></span> <span class='ocrx_word' id='word_1_621' title='bbox 2032 3310 2222 3351; x_wconf 89' lang='lat' dir='ltr'><strong>eorum</strong></span> <span class='ocrx_word' id='word_1_622' title='bbox 2273 3308 2393 3365; x_wconf 65' lang='lat' dir='ltr'><strong>quae</strong></span> <span class='ocrx_word' id='word_1_623' title='bbox 2439 3302 2570 3346; x_wconf 89' lang='lat' dir='ltr'><strong>sunt</strong></span> <span class='ocrx_word' id='word_1_624' title='bbox 2622 3292 3185 3361; x_wconf 83' lang='lat' dir='ltr'><strong>contemplationem,</strong></span> <span class='ocrx_word' id='word_1_625' title='bbox 3246 3308 3412 3364; x_wconf 78' lang='lat' dir='ltr'><strong>quam</strong></span> 
     </span>
    </p>
   </div>
   <div class='ocr_carea' id='block_1_80' title="bbox 1837 3383 3409 3455">
    <p class='ocr_par' dir='ltr' id='par_1_80' title="bbox 1837 3383 3409 3455">
     <span class='ocr_line' id='line_1_80' title="bbox 1837 3383 3409 3455; baseline -0.003 -9"><span class='ocrx_word' id='word_1_626' title='bbox 1837 3389 2000 3446; x_wconf 81' lang='lat' dir='ltr'><strong>etiam</strong></span> <span class='ocrx_word' id='word_1_627' title='bbox 2076 3388 2276 3445; x_wconf 64' lang='lat' dir='ltr'><strong>divine</strong></span> <span class='ocrx_word' id='word_1_628' title='bbox 2343 3383 2644 3455; x_wconf 76' lang='lat' dir='ltr'><strong>Scriptura:</strong></span> <span class='ocrx_word' id='word_1_629' title='bbox 2724 3392 2921 3440; x_wconf 88' lang='lat' dir='ltr'><strong>vocant</strong></span> <span class='ocrx_word' id='word_1_630' title='bbox 2994 3385 3409 3441; x_wconf 72' lang='lat' dir='ltr'><strong>beatitudinem.</strong></span> 
     </span>
    </p>
   </div>
   <div class='ocr_carea' id='block_1_81' title="bbox 1837 3479 3410 3555">
    <p class='ocr_par' dir='ltr' id='par_1_81' title="bbox 1837 3479 3410 3555">
     <span class='ocr_line' id='line_1_81' title="bbox 1837 3479 3410 3555; baseline -0.004 -18"><span class='ocrx_word' id='word_1_631' title='bbox 1837 3483 2077 3555; x_wconf 82' lang='lat' dir='ltr'><strong>Regnum</strong></span> <span class='ocrx_word' id='word_1_632' title='bbox 2118 3483 2261 3535; x_wconf 83' lang='lat' dir='ltr'><strong>enim</strong></span> <span class='ocrx_word' id='word_1_633' title='bbox 2308 3479 2564 3534; x_wconf 63' lang='lat' dir='ltr'><strong>calorum</strong></span> <span class='ocrx_word' id='word_1_634' title='bbox 2599 3479 2742 3532; x_wconf 88' lang='lat' dir='ltr'><strong>intra</strong></span> <span class='ocrx_word' id='word_1_635' title='bbox 2794 3494 2884 3531; x_wconf 77' lang='lat' dir='ltr'><strong>vos</strong></span> <span class='ocrx_word' id='word_1_636' title='bbox 2908 3480 3080 3533; x_wconf 79' lang='lat' dir='ltr'><strong>est&quot;.</strong></span> <span class='ocrx_word' id='word_1_637' title='bbox 3124 3480 3285 3533; x_wconf 80' lang='lat' dir='ltr'><strong>Circa</strong></span> <span class='ocrx_word' id='word_1_638' title='bbox 3327 3480 3410 3532; x_wconf 88' lang='lat' dir='ltr'><strong>in-</strong></span> 
     </span>
    </p>
   </div>
   <div class='ocr_carea' id='block_1_82' title="bbox 1838 3568 3413 3640">
    <p class='ocr_par' dir='ltr' id='par_1_82' title="bbox 1838 3568 3413 3640">
     <span class='ocr_line' id='line_1_82' title="bbox 1838 3568 3413 3640; baseline -0.003 -12"><span class='ocrx_word' id='word_1_639' title='bbox 1838 3582 2056 3630; x_wconf 82' lang='lat' dir='ltr'><strong>ternum</strong></span> <span class='ocrx_word' id='word_1_640' title='bbox 2114 3578 2296 3627; x_wconf 90' lang='lat' dir='ltr'><strong>autem</strong></span> <span class='ocrx_word' id='word_1_641' title='bbox 2343 3570 2620 3625; x_wconf 87' lang='lat' dir='ltr'><strong>hominem</strong></span> <span class='ocrx_word' id='word_1_642' title='bbox 2666 3568 2805 3625; x_wconf 86' lang='lat' dir='ltr'><strong>nihil</strong></span> <span class='ocrx_word' id='word_1_643' title='bbox 2856 3568 3007 3623; x_wconf 87' lang='lat' dir='ltr'><strong>aliud</strong></span> <span class='ocrx_word' id='word_1_644' title='bbox 3053 3585 3218 3640; x_wconf 88' lang='lat' dir='ltr'><strong>quam</strong></span> <span class='ocrx_word' id='word_1_645' title='bbox 3277 3585 3413 3625; x_wconf 75' lang='lat' dir='ltr'><strong>con-</strong></span> 
     </span>
    </p>
   </div>
   <div class='ocr_carea' id='block_1_83' title="bbox 1838 3660 3411 3737">
    <p class='ocr_par' dir='ltr' id='par_1_83' title="bbox 1838 3660 3411 3737">
     <span class='ocr_line' id='line_1_83' title="bbox 1838 3660 3411 3737; baseline -0.001 -18"><span class='ocrx_word' id='word_1_646' title='bbox 1838 3666 2122 3737; x_wconf 88' lang='lat' dir='ltr'><strong>templatio</strong></span> <span class='ocrx_word' id='word_1_647' title='bbox 2178 3662 2450 3719; x_wconf 83' lang='lat' dir='ltr'><strong>consistit.</strong></span> <span class='ocrx_word' id='word_1_648' title='bbox 2501 3660 2790 3732; x_wconf 83' lang='lat' dir='ltr'><strong>Reliquum</strong></span> <span class='ocrx_word' id='word_1_649' title='bbox 2822 3668 2908 3717; x_wconf 89' lang='lat' dir='ltr'><strong>est</strong></span> <span class='ocrx_word' id='word_1_650' title='bbox 2948 3661 3146 3731; x_wconf 89' lang='lat' dir='ltr'><strong>igitur,</strong></span> <span class='ocrx_word' id='word_1_651' title='bbox 3181 3672 3242 3716; x_wconf 86' lang='lat' dir='ltr'><strong>ut</strong></span> <span class='ocrx_word' id='word_1_652' title='bbox 3274 3677 3411 3717; x_wconf 89' lang='lat' dir='ltr'><strong>con-</strong></span> 
     </span>
    </p>
   </div>
   <div class='ocr_carea' id='block_1_84' title="bbox 1836 3752 3412 3829">
    <p class='ocr_par' dir='ltr' id='par_1_84' title="bbox 1836 3752 3412 3829">
     <span class='ocr_line' id='line_1_84' title="bbox 1836 3752 3412 3829; baseline -0.004 -16"><span class='ocrx_word' id='word_1_653' title='bbox 1836 3758 2117 3829; x_wconf 86' lang='lat' dir='ltr'><strong>templatio</strong></span> <span class='ocrx_word' id='word_1_654' title='bbox 2178 3769 2406 3826; x_wconf 85' lang='lat' dir='ltr'><strong>regnum</strong></span> <span class='ocrx_word' id='word_1_655' title='bbox 2470 3754 2542 3808; x_wconf 84' lang='lat' dir='ltr'><strong>sit</strong></span> <span class='ocrx_word' id='word_1_656' title='bbox 2610 3753 2894 3808; x_wconf 80' lang='lat' dir='ltr'><strong>caelorum.</strong></span> <span class='ocrx_word' id='word_1_657' title='bbox 2969 3752 3212 3819; x_wconf 84' lang='lat' dir='ltr'><strong>Quorum</strong></span> <span class='ocrx_word' id='word_1_658' title='bbox 3267 3753 3412 3809; x_wconf 89' lang='lat' dir='ltr'><strong>enim</strong></span> 
     </span>
    </p>
   </div>
   <div class='ocr_carea' id='block_1_85' title="bbox 1839 3844 3414 3915">
    <p class='ocr_par' dir='ltr' id='par_1_85' title="bbox 1839 3844 3414 3915">
     <span class='ocr_line' id='line_1_85' title="bbox 1839 3844 3414 3915; baseline -0.004 -11"><span class='ocrx_word' id='word_1_659' title='bbox 1839 3865 1987 3904; x_wconf 77' lang='lat' dir='ltr'><strong>nunc</strong></span> <span class='ocrx_word' id='word_1_660' title='bbox 2025 3849 2251 3902; x_wconf 87' lang='lat' dir='ltr'><strong>umbras</strong></span> <span class='ocrx_word' id='word_1_661' title='bbox 2299 3846 2547 3901; x_wconf 86' lang='lat' dir='ltr'><strong>videmus</strong></span> <span class='ocrx_word' id='word_1_662' title='bbox 2611 3845 2771 3913; x_wconf 84' lang='lat' dir='ltr'><strong>quasi</strong></span> <span class='ocrx_word' id='word_1_663' title='bbox 2817 3846 2874 3898; x_wconf 90' lang='lat' dir='ltr'><strong>in</strong></span> <span class='ocrx_word' id='word_1_664' title='bbox 2933 3844 3202 3915; x_wconf 86' lang='lat' dir='ltr'><strong>speculo,</strong></span> <span class='ocrx_word' id='word_1_665' title='bbox 3258 3852 3414 3914; x_wconf 84' lang='lat' dir='ltr'><strong>post-</strong></span> 
     </span>
    </p>
   </div>
   <div class='ocr_carea' id='block_1_86' title="bbox 1836 3935 3413 4006">
    <p class='ocr_par' dir='ltr' id='par_1_86' title="bbox 1836 3935 3413 4006">
     <span class='ocr_line' id='line_1_86' title="bbox 1836 3935 3413 4006; baseline -0.004 -11"><span class='ocrx_word' id='word_1_666' title='bbox 1836 3942 2062 3995; x_wconf 75' lang='lat' dir='ltr'><strong>modum</strong></span> <span class='ocrx_word' id='word_1_667' title='bbox 2112 3946 2336 3994; x_wconf 88' lang='lat' dir='ltr'><strong>terreno</strong></span> <span class='ocrx_word' id='word_1_668' title='bbox 2380 3938 2483 3992; x_wconf 88' lang='lat' dir='ltr'><strong>hoc</strong></span> <span class='ocrx_word' id='word_1_669' title='bbox 2531 3951 2764 4006; x_wconf 85' lang='lat' dir='ltr'><strong>corpore</strong></span> <span class='ocrx_word' id='word_1_670' title='bbox 2814 3935 3029 3991; x_wconf 87' lang='lat' dir='ltr'><strong>liberati</strong></span> <span class='ocrx_word' id='word_1_671' title='bbox 3057 3975 3072 3999; x_wconf 94' lang='lat'><strong>,</strong></span> <span class='ocrx_word' id='word_1_672' title='bbox 3121 3944 3175 3989; x_wconf 87' lang='lat' dir='ltr'><strong>et</strong></span> <span class='ocrx_word' id='word_1_673' title='bbox 3234 3936 3413 3990; x_wconf 88' lang='lat' dir='ltr'><strong>incor-</strong></span> 
     </span>
    </p>
   </div>
   <div class='ocr_carea' id='block_1_87' title="bbox 1838 4027 3414 4102">
    <p class='ocr_par' dir='ltr' id='par_1_87' title="bbox 1838 4027 3414 4102">
     <span class='ocr_line' id='line_1_87' title="bbox 1838 4027 3414 4102; baseline -0.003 -15"><span class='ocrx_word' id='word_1_674' title='bbox 1838 4040 2001 4102; x_wconf 85' lang='lat' dir='ltr'><strong>rupto</strong></span> <span class='ocrx_word' id='word_1_675' title='bbox 2057 4045 2125 4086; x_wconf 85' lang='lat' dir='ltr'><strong>ac</strong></span> <span class='ocrx_word' id='word_1_676' title='bbox 2174 4029 2468 4085; x_wconf 86' lang='lat' dir='ltr'><strong>immortali</strong></span> <span class='ocrx_word' id='word_1_677' title='bbox 2529 4027 2758 4092; x_wconf 90' lang='lat' dir='ltr'><strong>induti,</strong></span> <span class='ocrx_word' id='word_1_678' title='bbox 2839 4028 3035 4082; x_wconf 89' lang='lat' dir='ltr'><strong>horum</strong></span> <span class='ocrx_word' id='word_1_679' title='bbox 3116 4027 3414 4099; x_wconf 67' lang='lat' dir='ltr'><strong>archetypa</strong></span> 
     </span>
    </p>
   </div>
   <div class='ocr_carea' id='block_1_88' title="bbox 1837 4120 3410 4186">
    <p class='ocr_par' dir='ltr' id='par_1_88' title="bbox 1837 4120 3410 4186">
     <span class='ocr_line' id='line_1_88' title="bbox 1837 4120 3410 4186; baseline -0.001 -9"><span class='ocrx_word' id='word_1_680' title='bbox 1837 4124 2169 4179; x_wconf 84' lang='lat' dir='ltr'><strong>videbimus.</strong></span> <span class='ocrx_word' id='word_1_681' title='bbox 2202 4120 2507 4176; x_wconf 84' lang='lat' dir='ltr'><strong>Cernemus</strong></span> <span class='ocrx_word' id='word_1_682' title='bbox 2553 4127 2759 4186; x_wconf 86' lang='lat' dir='ltr'><strong>autem,</strong></span> <span class='ocrx_word' id='word_1_683' title='bbox 2817 4120 2864 4174; x_wconf 91' lang='lat' dir='ltr'><strong>si</strong></span> <span class='ocrx_word' id='word_1_684' title='bbox 2906 4120 3070 4174; x_wconf 89' lang='lat' dir='ltr'><strong>modo</strong></span> <span class='ocrx_word' id='word_1_685' title='bbox 3101 4120 3267 4174; x_wconf 84' lang='lat' dir='ltr'><strong>vitam</strong></span> <span class='ocrx_word' id='word_1_686' title='bbox 3320 4136 3410 4176; x_wconf 88' lang='lat' dir='ltr'><strong>no-</strong></span> 
     </span>
    </p>
   </div>
   <div class='ocr_carea' id='block_1_89' title="bbox 1840 4209 3414 4281">
    <p class='ocr_par' dir='ltr' id='par_1_89' title="bbox 1840 4209 3414 4281">
     <span class='ocr_line' id='line_1_89' title="bbox 1840 4209 3414 4281; baseline -0.001 -13"><span class='ocrx_word' id='word_1_687' title='bbox 1840 4225 2010 4270; x_wconf 89' lang='lat' dir='ltr'><strong>stram</strong></span> <span class='ocrx_word' id='word_1_688' title='bbox 2044 4211 2112 4265; x_wconf 90' lang='lat' dir='ltr'><strong>ad</strong></span> <span class='ocrx_word' id='word_1_689' title='bbox 2155 4211 2212 4265; x_wconf 90' lang='lat' dir='ltr'><strong>id</strong></span> <span class='ocrx_word' id='word_1_690' title='bbox 2255 4209 2400 4280; x_wconf 89' lang='lat' dir='ltr'><strong>quod</strong></span> <span class='ocrx_word' id='word_1_691' title='bbox 2436 4219 2645 4264; x_wconf 88' lang='lat' dir='ltr'><strong>rectum</strong></span> <span class='ocrx_word' id='word_1_692' title='bbox 2675 4216 2781 4273; x_wconf 86' lang='lat' dir='ltr'><strong>est,</strong></span> <span class='ocrx_word' id='word_1_693' title='bbox 2823 4210 3211 4274; x_wconf 79' lang='lat' dir='ltr'><strong>direxerimus,</strong></span> <span class='ocrx_word' id='word_1_694' title='bbox 3249 4216 3414 4281; x_wconf 87' lang='lat' dir='ltr'><strong>atque</strong></span> 
     </span>
    </p>
   </div>
   <div class='ocr_carea' id='block_1_90' title="bbox 1837 4300 3414 4370">
    <p class='ocr_par' dir='ltr' id='par_1_90' title="bbox 1837 4300 3414 4370">
     <span class='ocr_line' id='line_1_90' title="bbox 1837 4300 3414 4370; baseline 0 -14"><span class='ocrx_word' id='word_1_695' title='bbox 1837 4310 1989 4357; x_wconf 86' lang='lat' dir='ltr'><strong>recta</strong></span> <span class='ocrx_word' id='word_1_696' title='bbox 2050 4300 2185 4357; x_wconf 82' lang='lat' dir='ltr'><strong>ﬁdes</strong></span> <span class='ocrx_word' id='word_1_697' title='bbox 2223 4315 2373 4355; x_wconf 72' lang='lat' dir='ltr'><strong>cura:</strong></span> <span class='ocrx_word' id='word_1_698' title='bbox 2404 4300 2564 4355; x_wconf 88' lang='lat' dir='ltr'><strong>nobis</strong></span> <span class='ocrx_word' id='word_1_699' title='bbox 2619 4300 2784 4355; x_wconf 80' lang='lat' dir='ltr'><strong>fuerit</strong></span> <span class='ocrx_word' id='word_1_700' title='bbox 2807 4342 2822 4367; x_wconf 91' lang='lat'><strong>,</strong></span> <span class='ocrx_word' id='word_1_701' title='bbox 2869 4303 2988 4356; x_wconf 90' lang='lat' dir='ltr'><strong>sine</strong></span> <span class='ocrx_word' id='word_1_702' title='bbox 3019 4300 3220 4370; x_wconf 89' lang='lat' dir='ltr'><strong>quibus</strong></span> <span class='ocrx_word' id='word_1_703' title='bbox 3252 4315 3414 4356; x_wconf 88' lang='lat' dir='ltr'><strong>nemo</strong></span> 
     </span>
    </p>
   </div>
   <div class='ocr_carea' id='block_1_91' title="bbox 1840 4390 3411 4463">
    <p class='ocr_par' dir='ltr' id='par_1_91' title="bbox 1840 4390 3411 4463">
     <span class='ocr_line' id='line_1_91' title="bbox 1840 4390 3411 4463; baseline -0.001 -16"><span class='ocrx_word' id='word_1_704' title='bbox 1840 4393 2129 4449; x_wconf 77' lang='lat' dir='ltr'><strong>Dominum</strong></span> <span class='ocrx_word' id='word_1_705' title='bbox 2182 4390 2406 4446; x_wconf 87' lang='lat' dir='ltr'><strong>videbit.</strong></span> <span class='ocrx_word' id='word_1_706' title='bbox 2476 4390 2620 4444; x_wconf 91' lang='lat' dir='ltr'><strong>Nam</strong></span> <span class='ocrx_word' id='word_1_707' title='bbox 2672 4392 2728 4444; x_wconf 87' lang='lat' dir='ltr'><strong>in</strong></span> <span class='ocrx_word' id='word_1_708' title='bbox 2788 4391 3079 4463; x_wconf 78' lang='lat' dir='ltr'><strong>malignam</strong></span> <span class='ocrx_word' id='word_1_709' title='bbox 3132 4393 3411 4456; x_wconf 83' lang='lat' dir='ltr'><strong>animam,</strong></span> 
     </span>
    </p>
   </div>
   <div class='ocr_carea' id='block_1_92' title="bbox 204 4478 1736 4562">
    <p class='ocr_par' dir='ltr' id='par_1_92' title="bbox 204 4478 1736 4550">
     <span class='ocr_line' id='line_1_92' title="bbox 204 4478 1736 4550; baseline 0.001 -18"><span class='ocrx_word' id='word_1_710' title='bbox 204 4478 573 4535; x_wconf 70' lang='grc' dir='ltr'><strong>εἰσελεύσεται</strong></span> <span class='ocrx_word' id='word_1_711' title='bbox 603 4482 811 4550; x_wconf 67' lang='grc' dir='ltr'>σοφία,</span> <span class='ocrx_word' id='word_1_712' title='bbox 857 4481 999 4536; x_wconf 80' lang='grc' dir='ltr'><strong>οὐδὲ</strong></span> <span class='ocrx_word' id='word_1_713' title='bbox 1025 4480 1369 4549; x_wconf 81' lang='grc' dir='ltr'>κατοικήσει</span> <span class='ocrx_word' id='word_1_714' title='bbox 1406 4482 1476 4534; x_wconf 83' lang='grc' dir='ltr'><strong>ἐν</strong></span> <span class='ocrx_word' id='word_1_715' title='bbox 1511 4480 1736 4549; x_wconf 84' lang='grc' dir='ltr'>σώματι</span> 
     </span>
    </p>
   </div>
   <div class='ocr_carea' id='block_1_93' title="bbox 1843 4478 3413 4562">
    <p class='ocr_par' dir='ltr' id='par_1_93' title="bbox 1843 4481 3413 4556">
     <span class='ocr_line' id='line_1_93' title="bbox 1843 4481 3413 4556; baseline -0.003 -18"><span class='ocrx_word' id='word_1_716' title='bbox 1843 4484 2020 4556; x_wconf 79' lang='lat' dir='ltr'><strong>inquit</strong></span> <span class='ocrx_word' id='word_1_717' title='bbox 2049 4524 2064 4545; x_wconf 86' lang='lat'><strong>,</strong></span> <span class='ocrx_word' id='word_1_718' title='bbox 2123 4500 2226 4537; x_wconf 78' lang='lat' dir='ltr'><strong>non</strong></span> <span class='ocrx_word' id='word_1_719' title='bbox 2279 4481 2520 4536; x_wconf 76' lang='lat' dir='ltr'><strong>introibit</strong></span> <span class='ocrx_word' id='word_1_720' title='bbox 2574 4484 2835 4550; x_wconf 77' lang='lat' dir='ltr'><strong>sapientia</strong></span> <span class='ocrx_word' id='word_1_721' title='bbox 2866 4524 2881 4549; x_wconf 89' lang='lat'><strong>,</strong></span> <span class='ocrx_word' id='word_1_722' title='bbox 2943 4500 3103 4554; x_wconf 86' lang='lat' dir='ltr'><strong>neque</strong></span> <span class='ocrx_word' id='word_1_723' title='bbox 3154 4482 3413 4537; x_wconf 81' lang='lat' dir='ltr'><strong>habitabit</strong></span> 
     </span>
    </p>
   </div>
   <div class='ocr_carea' id='block_1_94' title="bbox 202 4572 1735 4647">
    <p class='ocr_par' dir='ltr' id='par_1_94' title="bbox 202 4572 1735 4647">
     <span class='ocr_line' id='line_1_94' title="bbox 202 4572 1735 4647; baseline 0.003 -25"><span class='ocrx_word' id='word_1_724' title='bbox 202 4572 468 4642; x_wconf 67' lang='grc' dir='ltr'><strong>ωταχρέῳ</strong></span> <span class='ocrx_word' id='word_1_725' title='bbox 490 4574 802 4644; x_wconf 75' lang='grc' dir='ltr'>ἁμαρτίας.</span> <span class='ocrx_word' id='word_1_726' title='bbox 822 4575 931 4629; x_wconf 77' lang='grc' dir='ltr'><strong>Καὶ</strong></span> <span class='ocrx_word' id='word_1_727' title='bbox 957 4574 1146 4646; x_wconf 76' lang='grc' dir='ltr'><strong>μηδεὶς</strong></span> <span class='ocrx_word' id='word_1_728' title='bbox 1172 4574 1520 4647; x_wconf 78' lang='grc' dir='ltr'>ὑποκρουέτω</span> <span class='ocrx_word' id='word_1_729' title='bbox 1539 4575 1735 4647; x_wconf 68' lang='grc' dir='ltr'>λέγων,</span> 
     </span>
    </p>
   </div>
   <div class='ocr_carea' id='block_1_95' title="bbox 202 4641 1742 4737">
    <p class='ocr_par' dir='ltr' id='par_1_95' title="bbox 202 4641 1742 4737">
     <span class='ocr_line' id='line_1_95' title="bbox 202 4641 1742 4737; baseline 0.002 -22"><span class='ocrx_word' id='word_1_730' title='bbox 202 4660 270 4713; x_wconf 76' lang='grc' dir='ltr'><strong>ὅτι</strong></span> <span class='ocrx_word' id='word_1_731' title='bbox 307 4663 380 4717; x_wconf 83' lang='grc' dir='ltr'><strong>Τὰ</strong></span> <span class='ocrx_word' id='word_1_732' title='bbox 408 4667 462 4719; x_wconf 82' lang='grc' dir='ltr'>ὲν</span> <span class='ocrx_word' id='word_1_733' title='bbox 504 4641 665 4719; x_wconf 47' lang='grc' dir='ltr'>ποσὶν</span> <span class='ocrx_word' id='word_1_734' title='bbox 723 4666 933 4735; x_wconf 82' lang='grc' dir='ltr'>ἀγνοῶν</span> <span class='ocrx_word' id='word_1_735' title='bbox 958 4641 1114 4737; x_wconf 40' lang='grc' dir='ltr'>-περὶ</span> <span class='ocrx_word' id='word_1_736' title='bbox 1164 4666 1264 4736; x_wconf 82' lang='grc' dir='ltr'>τῆς</span> <span class='ocrx_word' id='word_1_737' title='bbox 1316 4641 1742 4737; x_wconf 31' lang='grc' dir='ltr'>ἀσωμάτου-καί</span> 
     </span>
    </p>
   </div>
   <div class='ocr_carea' id='block_1_96' title="bbox 204 4751 1736 4828">
    <p class='ocr_par' dir='ltr' id='par_1_96' title="bbox 204 4751 1736 4828">
     <span class='ocr_line' id='line_1_96' title="bbox 204 4751 1736 4828; baseline 0.014 -24"><span class='ocrx_word' id='word_1_738' title='bbox 204 4751 353 4825; x_wconf 75' lang='grc' dir='ltr'>πάντη</span> <span class='ocrx_word' id='word_1_739' title='bbox 381 4754 451 4826; x_wconf 81' lang='grc'><strong>(1)</strong></span> <span class='ocrx_word' id='word_1_740' title='bbox 478 4756 673 4810; x_wconf 80' lang='grc' dir='ltr'>ἁνύλου</span> <span class='ocrx_word' id='word_1_741' title='bbox 718 4757 905 4821; x_wconf 81' lang='grc' dir='ltr'>οὐσίας</span> <span class='ocrx_word' id='word_1_742' title='bbox 933 4758 1065 4827; x_wconf 85' lang='grc' dir='ltr'><strong>ἡμῖν</strong></span> <span class='ocrx_word' id='word_1_743' title='bbox 1098 4756 1430 4828; x_wconf 73' lang='grc' dir='ltr'>φιλοσοφεῖς·</span> <span class='ocrx_word' id='word_1_744' title='bbox 1479 4757 1589 4810; x_wconf 61' lang='grc' dir='ltr'><strong>Καὶ</strong></span> <span class='ocrx_word' id='word_1_745' title='bbox 1628 4756 1736 4827; x_wconf 71' lang='grc' dir='ltr'>γὰρ</span> 
     </span>
    </p>
   </div>
   <div class='ocr_carea' id='block_1_97' title="bbox 204 4840 1737 4921">
    <p class='ocr_par' dir='ltr' id='par_1_97' title="bbox 204 4840 1737 4921">
     <span class='ocr_line' id='line_1_97' title="bbox 204 4840 1737 4921; baseline 0.007 -29"><span class='ocrx_word' id='word_1_746' title='bbox 204 4840 372 4898; x_wconf 77' lang='grc' dir='ltr'>ἄτοπον</span> <span class='ocrx_word' id='word_1_747' title='bbox 404 4849 567 4921; x_wconf 81' lang='grc' dir='ltr'>κρίνω</span> <span class='ocrx_word' id='word_1_748' title='bbox 599 4849 697 4912; x_wconf 78' lang='grc' dir='ltr'><strong>τὰς</strong></span> <span class='ocrx_word' id='word_1_749' title='bbox 725 4849 825 4919; x_wconf 81' lang='grc' dir='ltr'><strong>μὲν</strong></span> <span class='ocrx_word' id='word_1_750' title='bbox 856 4849 1136 4920; x_wconf 82' lang='grc' dir='ltr'>αἰσθήσεις</span> <span class='ocrx_word' id='word_1_751' title='bbox 1171 4851 1265 4921; x_wconf 79' lang='grc' dir='ltr'><strong>ὲᾷν</strong></span> <span class='ocrx_word' id='word_1_752' title='bbox 1300 4849 1594 4914; x_wconf 78' lang='grc' dir='ltr'>ἀκωλύτως</span> <span class='ocrx_word' id='word_1_753' title='bbox 1628 4850 1737 4903; x_wconf 78' lang='grc' dir='ltr'><strong>τῶν</strong></span> 
     </span>
    </p>
   </div>
   <div class='ocr_carea' id='block_1_98' title="bbox 208 4931 1739 5014">
    <p class='ocr_par' dir='ltr' id='par_1_98' title="bbox 208 4931 1739 5014">
     <span class='ocr_line' id='line_1_98' title="bbox 208 4931 1739 5014; baseline 0.007 -28"><span class='ocrx_word' id='word_1_754' title='bbox 208 4931 328 4989; x_wconf 79' lang='grc' dir='ltr'>ἰδίων</span> <span class='ocrx_word' id='word_1_755' title='bbox 362 4940 727 4994; x_wconf 71' lang='grc' dir='ltr'>ὲιιπίπλασθαι</span> <span class='ocrx_word' id='word_1_756' title='bbox 760 4941 899 4996; x_wconf 82' lang='grc' dir='ltr'>ὑλῶν</span> <span class='ocrx_word' id='word_1_757' title='bbox 919 4981 934 5005; x_wconf 90' lang='grc'><strong>,</strong></span> <span class='ocrx_word' id='word_1_758' title='bbox 968 4942 1058 4994; x_wconf 73' lang='grc' dir='ltr'>τὸν</span> <span class='ocrx_word' id='word_1_759' title='bbox 1095 4942 1151 4995; x_wconf 83' lang='grc' dir='ltr'>δὲ</span> <span class='ocrx_word' id='word_1_760' title='bbox 1196 4942 1321 4995; x_wconf 84' lang='grc' dir='ltr'>νοῦν</span> <span class='ocrx_word' id='word_1_761' title='bbox 1367 4942 1524 5013; x_wconf 86' lang='grc' dir='ltr'>μόνον</span> <span class='ocrx_word' id='word_1_762' title='bbox 1564 4942 1739 5014; x_wconf 74' lang='grc' dir='ltr'>εἴργε-</span> 
     </span>
    </p>
   </div>
   <div class='ocr_carea' id='block_1_99' title="bbox 1835 4572 3413 4643">
    <p class='ocr_par' dir='ltr' id='par_1_99' title="bbox 1835 4572 3413 4643">
     <span class='ocr_line' id='line_1_99' title="bbox 1835 4572 3413 4643; baseline -0.004 -14"><span class='ocrx_word' id='word_1_763' title='bbox 1835 4578 1891 4629; x_wconf 89' lang='lat' dir='ltr'><strong>in</strong></span> <span class='ocrx_word' id='word_1_764' title='bbox 1932 4589 2146 4643; x_wconf 86' lang='lat' dir='ltr'><strong>corpore</strong></span> <span class='ocrx_word' id='word_1_765' title='bbox 2194 4573 2419 4627; x_wconf 78' lang='lat' dir='ltr'><strong>obnoxio</strong></span> <span class='ocrx_word' id='word_1_766' title='bbox 2449 4583 2663 4641; x_wconf 85' lang='lat' dir='ltr'><strong>peccato</strong></span> <span class='ocrx_word' id='word_1_767' title='bbox 2682 4574 2749 4628; x_wconf 78' lang='lat'><strong>“.</strong></span> <span class='ocrx_word' id='word_1_768' title='bbox 2804 4572 2977 4628; x_wconf 84' lang='lat' dir='ltr'><strong>Nemo</strong></span> <span class='ocrx_word' id='word_1_769' title='bbox 3015 4581 3196 4627; x_wconf 69' lang='lat' dir='ltr'><strong>antem</strong></span> <span class='ocrx_word' id='word_1_770' title='bbox 3238 4573 3413 4627; x_wconf 85' lang='lat' dir='ltr'><strong>recla-</strong></span> 
     </span>
    </p>
   </div>
   <div class='ocr_carea' id='block_1_100' title="bbox 1841 4661 3407 4733">
    <p class='ocr_par' dir='ltr' id='par_1_100' title="bbox 1841 4661 3407 4733">
     <span class='ocr_line' id='line_1_100' title="bbox 1841 4661 3407 4733; baseline -0.001 -13"><span class='ocrx_word' id='word_1_771' title='bbox 1841 4673 1969 4731; x_wconf 87' lang='lat' dir='ltr'><strong>.net,</strong></span> <span class='ocrx_word' id='word_1_772' title='bbox 1999 4665 2189 4720; x_wconf 90' lang='lat' dir='ltr'><strong>dicens</strong></span> <span class='ocrx_word' id='word_1_773' title='bbox 2218 4679 2232 4715; x_wconf 91' lang='lat'><strong>:</strong></span> <span class='ocrx_word' id='word_1_774' title='bbox 2275 4663 2379 4728; x_wconf 82' lang='lat' dir='ltr'><strong>Qui</strong></span> <span class='ocrx_word' id='word_1_775' title='bbox 2409 4678 2497 4717; x_wconf 88' lang='lat' dir='ltr'><strong>res</strong></span> <span class='ocrx_word' id='word_1_776' title='bbox 2529 4671 2657 4718; x_wconf 85' lang='lat' dir='ltr'><strong>ante</strong></span> <span class='ocrx_word' id='word_1_777' title='bbox 2689 4661 2856 4733; x_wconf 82' lang='lat' dir='ltr'><strong>pedes</strong></span> <span class='ocrx_word' id='word_1_778' title='bbox 2899 4663 3110 4733; x_wconf 88' lang='lat' dir='ltr'><strong>positas</strong></span> <span class='ocrx_word' id='word_1_779' title='bbox 3164 4661 3407 4730; x_wconf 82' lang='lat' dir='ltr'><strong>ignoras.</strong></span> 
     </span>
    </p>
   </div>
   <div class='ocr_carea' id='block_1_101' title="bbox 1838 4752 3413 4827">
    <p class='ocr_par' dir='ltr' id='par_1_101' title="bbox 1838 4752 3413 4827">
     <span class='ocr_line' id='line_1_101' title="bbox 1838 4752 3413 4827; baseline -0.005 -14"><span class='ocrx_word' id='word_1_780' title='bbox 1838 4758 1906 4813; x_wconf 91' lang='lat' dir='ltr'><strong>de</strong></span> <span class='ocrx_word' id='word_1_781' title='bbox 1957 4757 2285 4827; x_wconf 89' lang='lat' dir='ltr'><strong>incorporea</strong></span> <span class='ocrx_word' id='word_1_782' title='bbox 2332 4763 2387 4810; x_wconf 91' lang='lat' dir='ltr'><strong>et</strong></span> <span class='ocrx_word' id='word_1_783' title='bbox 2457 4770 2688 4826; x_wconf 85' lang='lat' dir='ltr'><strong>prorsus</strong></span> <span class='ocrx_word' id='word_1_784' title='bbox 2756 4754 3105 4810; x_wconf 89' lang='lat' dir='ltr'><strong>immateriali</strong></span> <span class='ocrx_word' id='word_1_785' title='bbox 3173 4752 3413 4808; x_wconf 77' lang='lat' dir='ltr'><strong>essentia</strong></span> 
     </span>
    </p>
   </div>
   <div class='ocr_carea' id='block_1_102' title="bbox 1838 4842 3414 4919">
    <p class='ocr_par' dir='ltr' id='par_1_102' title="bbox 1838 4842 3414 4919">
     <span class='ocr_line' id='line_1_102' title="bbox 1838 4842 3414 4919; baseline -0.004 -16"><span class='ocrx_word' id='word_1_786' title='bbox 1838 4850 1997 4904; x_wconf 89' lang='lat' dir='ltr'><strong>nobis</strong></span> <span class='ocrx_word' id='word_1_787' title='bbox 2052 4845 2479 4919; x_wconf 88' lang='lat' dir='ltr'><strong>philosopharis.</strong></span> <span class='ocrx_word' id='word_1_788' title='bbox 2555 4844 2691 4900; x_wconf 88' lang='lat' dir='ltr'><strong>Illud</strong></span> <span class='ocrx_word' id='word_1_789' title='bbox 2761 4846 2907 4900; x_wconf 87' lang='lat' dir='ltr'><strong>enim</strong></span> <span class='ocrx_word' id='word_1_790' title='bbox 2966 4843 3263 4899; x_wconf 82' lang='lat' dir='ltr'><strong>absurdum</strong></span> <span class='ocrx_word' id='word_1_791' title='bbox 3322 4842 3414 4911; x_wconf 84' lang='lat' dir='ltr'><strong>ju-</strong></span> 
     </span>
    </p>
   </div>
   <div class='ocr_carea' id='block_1_103' title="bbox 1840 4936 3416 5010">
    <p class='ocr_par' dir='ltr' id='par_1_103' title="bbox 1840 4936 3416 5010">
     <span class='ocr_line' id='line_1_103' title="bbox 1840 4936 3416 5010; baseline -0.004 -14"><span class='ocrx_word' id='word_1_792' title='bbox 1840 4943 1986 5007; x_wconf 85' lang='lat' dir='ltr'><strong>dico,</strong></span> <span class='ocrx_word' id='word_1_793' title='bbox 2032 4950 2094 4996; x_wconf 86' lang='lat' dir='ltr'><strong>ut</strong></span> <span class='ocrx_word' id='word_1_794' title='bbox 2137 4955 2335 4996; x_wconf 87' lang='lat' dir='ltr'><strong>sensus</strong></span> <span class='ocrx_word' id='word_1_795' title='bbox 2392 4939 2612 5010; x_wconf 86' lang='lat' dir='ltr'><strong>quidem</strong></span> <span class='ocrx_word' id='word_1_796' title='bbox 2653 4938 2900 4993; x_wconf 85' lang='lat' dir='ltr'><strong>sinamus</strong></span> <span class='ocrx_word' id='word_1_797' title='bbox 2957 4938 3126 4991; x_wconf 90' lang='lat' dir='ltr'><strong>libere</strong></span> <span class='ocrx_word' id='word_1_798' title='bbox 3165 4936 3282 4991; x_wconf 86' lang='lat' dir='ltr'><strong>suis</strong></span> <span class='ocrx_word' id='word_1_799' title='bbox 3315 4950 3416 5006; x_wconf 72' lang='lat' dir='ltr'><strong>op~</strong></span> 
     </span>
    </p>
   </div>
   <div class='ocr_carea' id='block_1_104' title="bbox 261 5087 3409 5163">
    <p class='ocr_par' dir='ltr' id='par_1_104' title="bbox 261 5087 3409 5163">
     <span class='ocr_line' id='line_1_104' title="bbox 261 5087 3409 5163; baseline 0 -18"><span class='ocrx_word' id='word_1_800' title='bbox 261 5087 507 5163; x_wconf 34' lang='lat' dir='ltr'><strong>&quot;Allatth.</strong></span> <span class='ocrx_word' id='word_1_801' title='bbox 546 5111 620 5160; x_wconf 80' lang='lat' dir='ltr'><strong>tv,</strong></span> <span class='ocrx_word' id='word_1_802' title='bbox 648 5096 734 5149; x_wconf 77' lang='lat' dir='ltr'><strong>i0.</strong></span> <span class='ocrx_word' id='word_1_803' title='bbox 809 5095 855 5127; x_wconf 83' lang='grc'><strong>⁸⁸</strong></span> <span class='ocrx_word' id='word_1_804' title='bbox 887 5092 904 5146; x_wconf 96' lang='lat' dir='ltr'><strong>l</strong></span> <span class='ocrx_word' id='word_1_805' title='bbox 934 5093 1062 5149; x_wconf 83' lang='lat' dir='ltr'><strong>Cor.</strong></span> <span class='ocrx_word' id='word_1_806' title='bbox 1100 5094 1271 5158; x_wconf 66' lang='lat'><strong>&quot;,40,</strong></span> <span class='ocrx_word' id='word_1_807' title='bbox 1310 5096 1395 5148; x_wconf 79' lang='lat' dir='ltr'><strong>ll.</strong></span> <span class='ocrx_word' id='word_1_808' title='bbox 1472 5095 1518 5128; x_wconf 80' lang='lat'><strong>&quot;</strong></span> <span class='ocrx_word' id='word_1_809' title='bbox 1542 5093 1740 5163; x_wconf 79' lang='lat' dir='ltr'><strong>Ephes.</strong></span> <span class='ocrx_word' id='word_1_810' title='bbox 1782 5094 1960 5155; x_wconf 70' lang='lat' dir='ltr'><strong>v1.17.</strong></span> <span class='ocrx_word' id='word_1_811' title='bbox 2037 5095 2082 5129; x_wconf 78' lang='grc'><strong>³⁸</strong></span> <span class='ocrx_word' id='word_1_812' title='bbox 2111 5093 2257 5149; x_wconf 86' lang='lat' dir='ltr'><strong>Psal.</strong></span> <span class='ocrx_word' id='word_1_813' title='bbox 2295 5109 2463 5159; x_wconf 81' lang='lat' dir='ltr'><strong>cxvu,</strong></span> <span class='ocrx_word' id='word_1_814' title='bbox 2502 5092 2588 5146; x_wconf 71' lang='lat'><strong>16.</strong></span> <span class='ocrx_word' id='word_1_815' title='bbox 2664 5093 2706 5123; x_wconf 81' lang='grc'><strong>⁹¹</strong></span> <span class='ocrx_word' id='word_1_816' title='bbox 2746 5091 2917 5147; x_wconf 82' lang='lat' dir='ltr'><strong>Exod.</strong></span> <span class='ocrx_word' id='word_1_817' title='bbox 2947 5107 3038 5156; x_wconf 81' lang='lat' dir='ltr'><strong>xv,</strong></span> <span class='ocrx_word' id='word_1_818' title='bbox 3066 5090 3121 5145; x_wconf 83' lang='lat'><strong>6.</strong></span> <span class='ocrx_word' id='word_1_819' title='bbox 3198 5091 3244 5121; x_wconf 83' lang='lat'>”</span> <span class='ocrx_word' id='word_1_820' title='bbox 3274 5088 3409 5146; x_wconf 85' lang='lat' dir='ltr'><strong>Luc.</strong></span> 
     </span>
    </p>
   </div>
   <div class='ocr_carea' id='block_1_105' title="bbox 208 5159 1736 5235">
    <p class='ocr_par' dir='ltr' id='par_1_105' title="bbox 208 5159 1736 5229">
     <span class='ocr_line' id='line_1_105' title="bbox 208 5159 1736 5229; baseline 0.004 -16"><span class='ocrx_word' id='word_1_821' title='bbox 208 5169 272 5221; x_wconf 76' lang='grc' dir='ltr'><strong>ιι,</strong></span> <span class='ocrx_word' id='word_1_822' title='bbox 302 5159 383 5215; x_wconf 73' lang='lat'><strong>20.</strong></span> <span class='ocrx_word' id='word_1_823' title='bbox 450 5164 495 5195; x_wconf 75' lang='grc'><em>³³</em></span> <span class='ocrx_word' id='word_1_824' title='bbox 525 5164 709 5220; x_wconf 72' lang='lat' dir='ltr'><strong>Matth.</strong></span> <span class='ocrx_word' id='word_1_825' title='bbox 751 5164 956 5229; x_wconf 71' lang='lat' dir='ltr'><strong>xu,28.</strong></span> <span class='ocrx_word' id='word_1_826' title='bbox 1028 5165 1072 5195; x_wconf 52' lang='grc' dir='ltr'><strong>’θ</strong></span> <span class='ocrx_word' id='word_1_827' title='bbox 1106 5164 1299 5219; x_wconf 76' lang='lat' dir='ltr'><strong>Matth.</strong></span> <span class='ocrx_word' id='word_1_828' title='bbox 1325 5180 1376 5229; x_wconf 90' lang='lat' dir='ltr'><strong>v,</strong></span> <span class='ocrx_word' id='word_1_829' title='bbox 1400 5167 1455 5219; x_wconf 87' lang='lat'><strong>8.</strong></span> <span class='ocrx_word' id='word_1_830' title='bbox 1534 5159 1736 5219; x_wconf 70' lang='lat' dir='ltr'><strong>&quot;&#39;Luc.</strong></span> 
     </span>
    </p>
   </div>
   <div class='ocr_carea' id='block_1_106' title="bbox 1843 5159 2457 5235">
    <p class='ocr_par' dir='ltr' id='par_1_106' title="bbox 1843 5164 2457 5235">
     <span class='ocr_line' id='line_1_106' title="bbox 1843 5164 2457 5235; baseline -0.005 -16"><span class='ocrx_word' id='word_1_831' title='bbox 1843 5181 1912 5229; x_wconf 81' lang='grc' dir='ltr'>η,</span> <span class='ocrx_word' id='word_1_832' title='bbox 1935 5164 2029 5220; x_wconf 77' lang='grc'>21.</span> <span class='ocrx_word' id='word_1_833' title='bbox 2105 5165 2153 5197; x_wconf 78' lang='grc'><strong>’⁸</strong></span> <span class='ocrx_word' id='word_1_834' title='bbox 2184 5164 2311 5235; x_wconf 86' lang='lat' dir='ltr'><strong>Sap.</strong></span> <span class='ocrx_word' id='word_1_835' title='bbox 2343 5181 2381 5228; x_wconf 88' lang='grc' dir='ltr'><strong>ι.</strong></span> <span class='ocrx_word' id='word_1_836' title='bbox 2408 5166 2457 5219; x_wconf 73' lang='grc'>4.</span> 
     </span>
    </p>
   </div>
   <div class='ocr_carea' id='block_1_107' title="bbox 268 5313 1725 5389">
    <p class='ocr_par' dir='ltr' id='par_1_107' title="bbox 268 5313 1725 5389">
     <span class='ocr_line' id='line_1_107' title="bbox 268 5313 1725 5389; baseline 0.005 -23"><span class='ocrx_word' id='word_1_837' title='bbox 268 5313 364 5385; x_wconf 80' lang='lat'><strong>(9&#39;5)</strong></span> <span class='ocrx_word' id='word_1_838' title='bbox 394 5318 454 5371; x_wconf 86' lang='lat'><strong>&#39;0</strong></span> <span class='ocrx_word' id='word_1_839' title='bbox 481 5319 619 5387; x_wconf 81' lang='grc' dir='ltr'>Θεὸς</span> <span class='ocrx_word' id='word_1_840' title='bbox 654 5319 1011 5389; x_wconf 80' lang='grc' dir='ltr'>ὀνομάζεται.</span> <span class='ocrx_word' id='word_1_841' title='bbox 1047 5317 1155 5389; x_wconf 76' lang='lat' dir='ltr'><strong>llas</strong></span> <span class='ocrx_word' id='word_1_842' title='bbox 1196 5334 1356 5389; x_wconf 67' lang='lat' dir='ltr'><strong>voces</strong></span> <span class='ocrx_word' id='word_1_843' title='bbox 1389 5327 1442 5374; x_wconf 89' lang='lat' dir='ltr'><strong>et</strong></span> <span class='ocrx_word' id='word_1_844' title='bbox 1483 5335 1604 5388; x_wconf 68' lang='lat' dir='ltr'><strong>quae</strong></span> <span class='ocrx_word' id='word_1_845' title='bbox 1638 5334 1725 5374; x_wconf 84' lang='lat' dir='ltr'><strong>se-</strong></span> 
     </span>
    </p>
   </div>
   <div class='ocr_carea' id='block_1_108' title="bbox 241 5388 1723 5461">
    <p class='ocr_par' dir='ltr' id='par_1_108' title="bbox 241 5388 1723 5461">
     <span class='ocr_line' id='line_1_108' title="bbox 241 5388 1723 5461; baseline 0.004 -24"><span class='ocrx_word' id='word_1_846' title='bbox 241 5395 417 5461; x_wconf 69' lang='lat' dir='ltr'><strong>untttur</strong></span> <span class='ocrx_word' id='word_1_847' title='bbox 442 5406 608 5458; x_wconf 85' lang='lat' dir='ltr'><strong>usque</strong></span> <span class='ocrx_word' id='word_1_848' title='bbox 639 5391 706 5461; x_wconf 81' lang='lat' dir='ltr'><strong>ad</strong></span> <span class='ocrx_word' id='word_1_849' title='bbox 738 5388 798 5442; x_wconf 85' lang='grc' dir='ltr'>τὸ</span> <span class='ocrx_word' id='word_1_850' title='bbox 840 5390 897 5461; x_wconf 68' lang='grc' dir='ltr'><strong>δε</strong></span> <span class='ocrx_word' id='word_1_851' title='bbox 929 5388 1162 5461; x_wconf 80' lang='grc' dir='ltr'>Πνεῦμα</span> <span class='ocrx_word' id='word_1_852' title='bbox 1192 5388 1444 5461; x_wconf 75' lang='lat' dir='ltr'><strong>addimus</strong></span> <span class='ocrx_word' id='word_1_853' title='bbox 1483 5405 1549 5441; x_wconf 80' lang='lat' dir='ltr'><strong>ex</strong></span> <span class='ocrx_word' id='word_1_854' title='bbox 1592 5405 1723 5443; x_wconf 84' lang='lat' dir='ltr'><strong>mss.</strong></span> 
     </span>
    </p>
   </div>
   <div class='ocr_carea' id='block_1_109' title="bbox 214 5457 1729 5578">
    <p class='ocr_par' dir='ltr' id='par_1_109' title="bbox 214 5457 1729 5578">
     <span class='ocr_line' id='line_1_109' title="bbox 214 5457 1729 5578; baseline 0.001 -69"><span class='ocrx_word' id='word_1_855' title='bbox 214 5457 436 5578; x_wconf 49' lang='grc' dir='ltr'><strong>ἷὲεριξεει</strong></span> <span class='ocrx_word' id='word_1_856' title='bbox 456 5457 628 5545; x_wconf 75' lang='lat' dir='ltr'><strong>autem</strong></span> <span class='ocrx_word' id='word_1_857' title='bbox 653 5459 979 5515; x_wconf 63' lang='lat' dir='ltr'><strong>(‘embellsio</strong></span> <span class='ocrx_word' id='word_1_858' title='bbox 993 5459 1315 5525; x_wconf 80' lang='grc' dir='ltr'>τεθεικέναι,</span> <span class='ocrx_word' id='word_1_859' title='bbox 1330 5473 1392 5512; x_wconf 83' lang='lat' dir='ltr'><strong>ac</strong></span> <span class='ocrx_word' id='word_1_860' title='bbox 1406 5461 1583 5529; x_wconf 87' lang='lat' dir='ltr'><strong>legere</strong></span> <span class='ocrx_word' id='word_1_861' title='bbox 1598 5460 1729 5512; x_wconf 83' lang='lat' dir='ltr'><strong>mal-</strong></span> 
     </span>
     <span class='ocr_line' id='line_1_110' title="bbox 295 5541 682 5578; baseline 0.008 -3"><span class='ocrx_word' id='word_1_862' title='bbox 295 5541 345 5577; x_wconf 81' lang='grc' dir='ltr'>τε</span> <span class='ocrx_word' id='word_1_863' title='bbox 377 5545 682 5578; x_wconf 71' lang='grc' dir='ltr'>εωοτκεναι.</span> 
     </span>
    </p>
   </div>
   <div class='ocr_carea' id='block_1_110' title="bbox 231 5531 1725 5675">
    <p class='ocr_par' dir='ltr' id='par_1_110' title="bbox 231 5531 1725 5675">
     <span class='ocr_line' id='line_1_111' title="bbox 231 5531 682 5601; baseline 0.018 -26"><span class='ocrx_word' id='word_1_864' title='bbox 231 5531 273 5576; x_wconf 85' lang='lat' dir='ltr'><strong>et</strong></span> <span class='ocrx_word' id='word_1_865' title='bbox 295 5531 682 5601; x_wconf 75' lang='grc' dir='ltr'>τεθεωρηκέναι.</span> 
     </span>
     <span class='ocr_line' id='line_1_112' title="bbox 231 5594 1725 5675; baseline 0.001 -26"><span class='ocrx_word' id='word_1_866' title='bbox 231 5674 235 5675; x_wconf 9' lang='grc' dir='ltr'>ί</span> <span class='ocrx_word' id='word_1_867' title='bbox 272 5594 368 5675; x_wconf 62' lang='grc'>(94)</span> <span class='ocrx_word' id='word_1_868' title='bbox 402 5601 506 5675; x_wconf 58' lang='grc' dir='ltr'>Καί</span> <span class='ocrx_word' id='word_1_869' title='bbox 536 5603 588 5675; x_wconf 71' lang='lat' dir='ltr'><strong>ei</strong></span> <span class='ocrx_word' id='word_1_870' title='bbox 748 5598 937 5675; x_wconf 58' lang='grc' dir='ltr'>δεξιᾷ.</span> <span class='ocrx_word' id='word_1_871' title='bbox 968 5596 1062 5675; x_wconf 69' lang='lat' dir='ltr'><strong>Sic</strong></span> <span class='ocrx_word' id='word_1_872' title='bbox 1091 5613 1226 5675; x_wconf 73' lang='lat' dir='ltr'><strong>mss.</strong></span> <span class='ocrx_word' id='word_1_873' title='bbox 1256 5597 1397 5652; x_wconf 83' lang='lat' dir='ltr'><strong>Editi</strong></span> <span class='ocrx_word' id='word_1_874' title='bbox 1433 5598 1526 5651; x_wconf 74' lang='grc' dir='ltr'>καὶ</span> <span class='ocrx_word' id='word_1_875' title='bbox 1555 5596 1725 5664; x_wconf 82' lang='grc' dir='ltr'>δεξιά,</span> 
     </span>
    </p>
   </div>
   <div class='ocr_carea' id='block_1_111' title="bbox 216 5667 1127 5739">
    <p class='ocr_par' dir='ltr' id='par_1_111' title="bbox 216 5667 1127 5739">
     <span class='ocr_line' id='line_1_113' title="bbox 216 5667 1127 5739; baseline 0.011 -21"><span class='ocrx_word' id='word_1_876' title='bbox 216 5667 399 5739; x_wconf 53' lang='lat' dir='ltr'><strong>omissis</strong></span> <span class='ocrx_word' id='word_1_877' title='bbox 429 5669 519 5721; x_wconf 72' lang='grc' dir='ltr'>καὶ</span> <span class='ocrx_word' id='word_1_878' title='bbox 545 5673 609 5723; x_wconf 79' lang='grc' dir='ltr'><strong>εί.</strong></span> <span class='ocrx_word' id='word_1_879' title='bbox 640 5668 795 5739; x_wconf 79' lang='lat' dir='ltr'><strong>(Vide</strong></span> <span class='ocrx_word' id='word_1_880' title='bbox 826 5667 1127 5736; x_wconf 72' lang='lat' dir='ltr'><strong>Addenda.)</strong></span> 
     </span>
    </p>
   </div>
   <div class='ocr_carea' id='block_1_112' title="bbox 274 5732 1727 5810">
    <p class='ocr_par' dir='ltr' id='par_1_112' title="bbox 274 5732 1727 5810">
     <span class='ocr_line' id='line_1_114' title="bbox 274 5732 1727 5810; baseline 0.002 -23"><span class='ocrx_word' id='word_1_881' title='bbox 274 5732 365 5807; x_wconf 83' lang='lat'><strong>(95)</strong></span> <span class='ocrx_word' id='word_1_882' title='bbox 403 5732 675 5795; x_wconf 77' lang='grc' dir='ltr'>Τοσαῦτα.</span> <span class='ocrx_word' id='word_1_883' title='bbox 711 5737 790 5791; x_wconf 86' lang='lat' dir='ltr'><strong>Ita</strong></span> <span class='ocrx_word' id='word_1_884' title='bbox 819 5753 952 5793; x_wconf 87' lang='lat' dir='ltr'><strong>mss.</strong></span> <span class='ocrx_word' id='word_1_885' title='bbox 985 5752 1082 5807; x_wconf 85' lang='lat' dir='ltr'><strong>pro</strong></span> <span class='ocrx_word' id='word_1_886' title='bbox 1108 5732 1174 5792; x_wconf 85' lang='lat' dir='ltr'><strong>eo</strong></span> <span class='ocrx_word' id='word_1_887' title='bbox 1201 5737 1345 5810; x_wconf 89' lang='lat' dir='ltr'><strong>quod</strong></span> <span class='ocrx_word' id='word_1_888' title='bbox 1374 5744 1491 5791; x_wconf 88' lang='lat' dir='ltr'><strong>erat</strong></span> <span class='ocrx_word' id='word_1_889' title='bbox 1525 5738 1579 5790; x_wconf 89' lang='lat' dir='ltr'><strong>in</strong></span> <span class='ocrx_word' id='word_1_890' title='bbox 1609 5736 1727 5792; x_wconf 84' lang='lat' dir='ltr'><strong>edi-</strong></span> 
     </span>
    </p>
   </div>
   <div class='ocr_carea' id='block_1_113' title="bbox 417 5832 1125 5898">
    <p class='ocr_par' dir='ltr' id='par_1_113' title="bbox 417 5832 1125 5898">
     <span class='ocr_line' id='line_1_115' title="bbox 417 5832 1125 5898; baseline 0.007 -5"><span class='ocrx_word' id='word_1_891' title='bbox 417 5832 673 5896; x_wconf 64' lang='lat' dir='ltr'><strong>Parnon.</strong></span> <span class='ocrx_word' id='word_1_892' title='bbox 705 5833 823 5897; x_wconf 73' lang='lat' dir='ltr'><strong>Gn.</strong></span> <span class='ocrx_word' id='word_1_893' title='bbox 860 5833 1125 5898; x_wconf 78' lang='lat' dir='ltr'><strong>XXXII.</strong></span> 
     </span>
    </p>
   </div>
   <div class='ocr_carea' id='block_1_114' title="bbox 1832 5316 3413 5399">
    <p class='ocr_par' dir='ltr' id='par_1_114' title="bbox 1832 5316 3413 5399">
     <span class='ocr_line' id='line_1_116' title="bbox 1832 5316 3413 5399; baseline 0.003 -27"><span class='ocrx_word' id='word_1_894' title='bbox 1832 5320 1907 5399; x_wconf 76' lang='lat' dir='ltr'><strong>tis</strong></span> <span class='ocrx_word' id='word_1_895' title='bbox 1933 5319 2178 5399; x_wconf 84' lang='grc' dir='ltr'>τοιαῦτα.</span> <span class='ocrx_word' id='word_1_896' title='bbox 2215 5318 2334 5374; x_wconf 86' lang='lat' dir='ltr'><strong>Non</strong></span> <span class='ocrx_word' id='word_1_897' title='bbox 2367 5320 2538 5374; x_wconf 91' lang='lat' dir='ltr'><strong>multo</strong></span> <span class='ocrx_word' id='word_1_898' title='bbox 2578 5326 2697 5389; x_wconf 91' lang='lat' dir='ltr'><strong>post</strong></span> <span class='ocrx_word' id='word_1_899' title='bbox 2737 5317 2871 5373; x_wconf 89' lang='lat' dir='ltr'><strong>editi</strong></span> <span class='ocrx_word' id='word_1_900' title='bbox 2907 5318 3147 5389; x_wconf 76' lang='grc' dir='ltr'>σπέρμα.</span> <span class='ocrx_word' id='word_1_901' title='bbox 3180 5316 3315 5376; x_wconf 77' lang='lat' dir='ltr'><strong>Mss.</strong></span> <span class='ocrx_word' id='word_1_902' title='bbox 3349 5325 3413 5376; x_wconf 79' lang='lat' dir='ltr'><strong>ut</strong></span> 
     </span>
    </p>
   </div>
   <div class='ocr_carea' id='block_1_115' title="bbox 1832 5397 2097 5443">
    <p class='ocr_par' dir='ltr' id='par_1_115' title="bbox 1832 5397 2097 5443">
     <span class='ocr_line' id='line_1_117' title="bbox 1832 5397 2097 5443; baseline 0.004 -2"><span class='ocrx_word' id='word_1_903' title='bbox 1832 5397 1888 5441; x_wconf 86' lang='lat' dir='ltr'><strong>in</strong></span> <span class='ocrx_word' id='word_1_904' title='bbox 1929 5397 2097 5443; x_wconf 82' lang='lat' dir='ltr'><strong>textu.</strong></span> 
     </span>
    </p>
   </div>
   <div class='ocr_carea' id='block_1_116' title="bbox 1927 5456 2537 5529">
    <p class='ocr_par' dir='ltr' id='par_1_116' title="bbox 1927 5456 2537 5529">
     <span class='ocr_line' id='line_1_118' title="bbox 1927 5456 2537 5529; baseline -0.007 -17"><span class='ocrx_word' id='word_1_905' title='bbox 1927 5458 2014 5529; x_wconf 87' lang='lat'><strong>96)</strong></span> <span class='ocrx_word' id='word_1_906' title='bbox 2047 5457 2206 5529; x_wconf 81' lang='lat' dir='ltr'><strong>(Vide</strong></span> <span class='ocrx_word' id='word_1_907' title='bbox 2231 5456 2537 5529; x_wconf 62' lang='lat' dir='ltr'><strong>Addenda.)</strong></span> 
     </span>
    </p>
   </div>
   <div class='ocr_carea' id='block_1_117' title="bbox 1925 5525 3279 5597">
    <p class='ocr_par' dir='ltr' id='par_1_117' title="bbox 1925 5525 3279 5597">
     <span class='ocr_line' id='line_1_119' title="bbox 1925 5525 3279 5597; baseline -0.001 -15"><span class='ocrx_word' id='word_1_908' title='bbox 1925 5525 2016 5597; x_wconf 81' lang='lat'><strong>97)</strong></span> <span class='ocrx_word' id='word_1_909' title='bbox 2042 5525 2189 5597; x_wconf 71' lang='grc' dir='ltr'>Γέιρ,</span> <span class='ocrx_word' id='word_1_910' title='bbox 2214 5528 2424 5597; x_wconf 56' lang='grc' dir='ltr'>φησίν.</span> <span class='ocrx_word' id='word_1_911' title='bbox 2463 5525 2659 5580; x_wconf 87' lang='lat' dir='ltr'><strong>Ultima</strong></span> <span class='ocrx_word' id='word_1_912' title='bbox 2686 5540 2794 5597; x_wconf 71' lang='lat' dir='ltr'><strong>vox</strong></span> <span class='ocrx_word' id='word_1_913' title='bbox 2831 5526 3013 5583; x_wconf 84' lang='lat' dir='ltr'><strong>addita</strong></span> <span class='ocrx_word' id='word_1_914' title='bbox 3047 5542 3113 5583; x_wconf 77' lang='lat' dir='ltr'><strong>ex</strong></span> <span class='ocrx_word' id='word_1_915' title='bbox 3144 5543 3279 5584; x_wconf 84' lang='lat' dir='ltr'><strong>mss.</strong></span> 
     </span>
    </p>
   </div>
   <div class='ocr_carea' id='block_1_118' title="bbox 1905 5594 3169 5669">
    <p class='ocr_par' dir='ltr' id='par_1_118' title="bbox 1905 5594 3169 5669">
     <span class='ocr_line' id='line_1_120' title="bbox 1905 5594 3169 5669; baseline 0 -18"><span class='ocrx_word' id='word_1_916' title='bbox 2048 5594 2644 5669; x_wconf 37' lang='lat' dir='ltr'><strong>{Vojtlajnzsjtamss</strong></span> <span class='ocrx_word' id='word_1_917' title='bbox 2682 5596 2825 5651; x_wconf 84' lang='lat' dir='ltr'><strong>Editi</strong></span> <span class='ocrx_word' id='word_1_918' title='bbox 2858 5599 3169 5669; x_wconf 82' lang='grc' dir='ltr'>νομίσηται.</span> 
     </span>
    </p>
   </div>
   <div class='ocr_carea' id='block_1_119' title="bbox 1907 5662 3407 5738">
    <p class='ocr_par' dir='ltr' id='par_1_119' title="bbox 1907 5662 3407 5738">
     <span class='ocr_line' id='line_1_121' title="bbox 1907 5662 3407 5738; baseline 0 -18"><span class='ocrx_word' id='word_1_919' title='bbox 1907 5662 2018 5738; x_wconf 79' lang='lat'><strong>(99)</strong></span> <span class='ocrx_word' id='word_1_920' title='bbox 2049 5662 2159 5738; x_wconf 60' lang='grc' dir='ltr'><strong>Ὧῦ·</strong></span> <span class='ocrx_word' id='word_1_921' title='bbox 2186 5662 2297 5738; x_wconf 69' lang='grc' dir='ltr'><strong>γὰρ</strong></span> <span class='ocrx_word' id='word_1_922' title='bbox 2319 5666 2455 5719; x_wconf 79' lang='grc' dir='ltr'>νῦν.</span> <span class='ocrx_word' id='word_1_923' title='bbox 2492 5666 2689 5721; x_wconf 84' lang='lat' dir='ltr'><strong>Ultima</strong></span> <span class='ocrx_word' id='word_1_924' title='bbox 2720 5662 2999 5722; x_wconf 55' lang='lat' dir='ltr'><strong>vocula&#39;ex</strong></span> <span class='ocrx_word' id='word_1_925' title='bbox 3032 5662 3167 5725; x_wconf 78' lang='lat' dir='ltr'><strong>mss.</strong></span> <span class='ocrx_word' id='word_1_926' title='bbox 3199 5667 3407 5727; x_wconf 80' lang='lat' dir='ltr'><strong>addita.</strong></span> 
     </span>
    </p>
   </div>
   <div class='ocr_carea' id='block_1_120' title="bbox 1907 5736 3419 5810">
    <p class='ocr_par' dir='ltr' id='par_1_120' title="bbox 1907 5736 3419 5810">
     <span class='ocr_line' id='line_1_122' title="bbox 1907 5736 3419 5810; baseline 0.003 -20"><span class='ocrx_word' id='word_1_927' title='bbox 1907 5736 2246 5810; x_wconf 54' lang='lat' dir='ltr'><strong>(illidrtn.</strong></span> <span class='ocrx_word' id='word_1_928' title='bbox 2281 5736 2356 5792; x_wconf 84' lang='lat' dir='ltr'><strong>lla</strong></span> <span class='ocrx_word' id='word_1_929' title='bbox 2389 5752 2523 5796; x_wconf 83' lang='lat' dir='ltr'><strong>mss.</strong></span> <span class='ocrx_word' id='word_1_930' title='bbox 2558 5738 2702 5795; x_wconf 83' lang='lat' dir='ltr'><strong>Edili</strong></span> <span class='ocrx_word' id='word_1_931' title='bbox 2730 5741 2924 5794; x_wconf 75' lang='grc' dir='ltr'>πάντα.</span> <span class='ocrx_word' id='word_1_932' title='bbox 3411 5744 3419 5753; x_wconf 62' lang='grc'><strong><em>⁵</em></strong></span> 
     </span>
    </p>
   </div>
   <div class='ocr_carea' id='block_1_121' title="bbox 3047 5829 3087 5889">
    <p class='ocr_par' dir='ltr' id='par_1_121' title="bbox 3047 5829 3087 5889">
     <span class='ocr_line' id='line_1_123' title="bbox 3047 5829 3087 5889; baseline 0 0"><span class='ocrx_word' id='word_1_933' title='bbox 3047 5829 3087 5889; x_wconf 85' lang='lat'><strong><em>9</em></strong></span> 
     </span>
    </p>
   </div>
  </div>
