  <div class='ocr_page' id='page_1' title='image "/cluster/home/n/w/nwhite01/storage/ocr_20150623/32/mdp.39015011915462/143.png"; bbox 0 0 3886 6220; ppageno 0'>
   <div class='ocr_carea' id='block_1_1' title="bbox 415 371 594 425">
    <p class='ocr_par' dir='ltr' id='par_1_1' title="bbox 415 371 594 425">
     <span class='ocr_line' id='line_1_1' title="bbox 415 371 594 425; baseline -0.017 0"><span class='ocrx_word' id='word_1_1' title='bbox 415 371 517 425; x_wconf 79' lang='lat'><strong>267</strong></span> <span class='ocrx_word' id='word_1_2' title='bbox 584 407 594 415; x_wconf 86' lang='grc'><strong>-</strong></span> 
     </span>
    </p>
   </div>
   <div class='ocr_carea' id='block_1_2' title="bbox 1708 361 2319 428">
    <p class='ocr_par' dir='ltr' id='par_1_2' title="bbox 1708 361 2319 428">
     <span class='ocr_line' id='line_1_2' title="bbox 1708 361 2319 428; baseline -0.002 0"><span class='ocrx_word' id='word_1_3' title='bbox 1708 373 1782 428; x_wconf 77' lang='grc'><strong>’8.</strong></span> <span class='ocrx_word' id='word_1_4' title='bbox 1828 361 2067 428; x_wconf 67' lang='lat' dir='ltr'><strong>BASILH</strong></span> <span class='ocrx_word' id='word_1_5' title='bbox 2105 361 2319 428; x_wconf 67' lang='lat' dir='ltr'><strong>MAGNI</strong></span> 
     </span>
    </p>
   </div>
   <div class='ocr_carea' id='block_1_3' title="bbox 3568 370 3686 425">
    <p class='ocr_par' dir='ltr' id='par_1_3' title="bbox 3568 370 3686 425">
     <span class='ocr_line' id='line_1_3' title="bbox 3568 370 3686 425; baseline -0.017 0"><span class='ocrx_word' id='word_1_6' title='bbox 3568 370 3686 425; x_wconf 68' lang='lat'><strong>263</strong></span> 
     </span>
    </p>
   </div>
   <div class='ocr_carea' id='block_1_4' title="bbox 417 489 1997 568">
    <p class='ocr_par' dir='ltr' id='par_1_4' title="bbox 417 495 1994 568">
     <span class='ocr_line' id='line_1_4' title="bbox 417 495 1994 568; baseline 0.001 -18"><span class='ocrx_word' id='word_1_7' title='bbox 417 495 556 568; x_wconf 89' lang='lat' dir='ltr'><strong>pleri</strong></span> <span class='ocrx_word' id='word_1_8' title='bbox 611 495 896 562; x_wconf 89' lang='lat' dir='ltr'><strong>materiis,</strong></span> <span class='ocrx_word' id='word_1_9' title='bbox 948 509 1106 553; x_wconf 89' lang='lat' dir='ltr'><strong>mens</strong></span> <span class='ocrx_word' id='word_1_10' title='bbox 1146 511 1275 553; x_wconf 86' lang='lat' dir='ltr'><strong>vero</strong></span> <span class='ocrx_word' id='word_1_11' title='bbox 1327 498 1444 554; x_wconf 90' lang='lat' dir='ltr'><strong>sola</strong></span> <span class='ocrx_word' id='word_1_12' title='bbox 1488 513 1517 551; x_wconf 92' lang='lat' dir='ltr'><strong>a</strong></span> <span class='ocrx_word' id='word_1_13' title='bbox 1553 496 1776 568; x_wconf 89' lang='lat' dir='ltr'><strong>propria</strong></span> <span class='ocrx_word' id='word_1_14' title='bbox 1805 512 1994 568; x_wconf 90' lang='lat' dir='ltr'><strong>opera-</strong></span> 
     </span>
    </p>
   </div>
   <div class='ocr_carea' id='block_1_5' title="bbox 2103 489 3688 568">
    <p class='ocr_par' dir='ltr' id='par_1_5' title="bbox 2103 489 3688 568">
     <span class='ocr_line' id='line_1_5' title="bbox 2103 489 3688 568; baseline -0.003 -17"><span class='ocrx_word' id='word_1_15' title='bbox 2103 497 2220 552; x_wconf 81' lang='grc' dir='ltr'>σθαι</span> <span class='ocrx_word' id='word_1_16' title='bbox 2245 497 2346 568; x_wconf 81' lang='grc' dir='ltr'>τῆς</span> <span class='ocrx_word' id='word_1_17' title='bbox 2374 497 2582 561; x_wconf 84' lang='grc' dir='ltr'>οίκείας</span> <span class='ocrx_word' id='word_1_18' title='bbox 2613 492 2917 568; x_wconf 81' lang='grc' dir='ltr'>ἐνεργείας.</span> <span class='ocrx_word' id='word_1_19' title='bbox 2962 495 3052 560; x_wconf 88' lang='grc' dir='ltr'>Ὠς</span> <span class='ocrx_word' id='word_1_20' title='bbox 3083 493 3193 567; x_wconf 85' lang='grc' dir='ltr'><strong>γάρ</strong></span> <span class='ocrx_word' id='word_1_21' title='bbox 3287 491 3545 566; x_wconf 71' lang='grc' dir='ltr'>αἴσθησις</span> <span class='ocrx_word' id='word_1_22' title='bbox 3565 492 3688 547; x_wconf 83' lang='grc' dir='ltr'><strong>τῶν</strong></span> 
     </span>
    </p>
   </div>
   <div class='ocr_carea' id='block_1_6' title="bbox 415 589 1996 656">
    <p class='ocr_par' dir='ltr' id='par_1_6' title="bbox 415 589 1996 656">
     <span class='ocr_line' id='line_1_6' title="bbox 415 589 1996 656; baseline 0 -11"><span class='ocrx_word' id='word_1_23' title='bbox 415 590 568 645; x_wconf 99' lang='lat' dir='ltr'><strong>tione</strong></span> <span class='ocrx_word' id='word_1_24' title='bbox 635 597 908 646; x_wconf 78' lang='lat' dir='ltr'><strong>arceatur.</strong></span> <span class='ocrx_word' id='word_1_25' title='bbox 949 589 1020 646; x_wconf 92' lang='lat' dir='ltr'><strong>Ut</strong></span> <span class='ocrx_word' id='word_1_26' title='bbox 1079 591 1226 647; x_wconf 85' lang='lat' dir='ltr'><strong>enim</strong></span> <span class='ocrx_word' id='word_1_27' title='bbox 1291 607 1488 648; x_wconf 90' lang='lat' dir='ltr'><strong>sensus</strong></span> <span class='ocrx_word' id='word_1_28' title='bbox 1552 593 1875 656; x_wconf 89' lang='lat' dir='ltr'><strong>sensibilia,</strong></span> <span class='ocrx_word' id='word_1_29' title='bbox 1920 592 1996 645; x_wconf 89' lang='lat' dir='ltr'><strong>ita</strong></span> 
     </span>
    </p>
   </div>
   <div class='ocr_carea' id='block_1_7' title="bbox 416 681 1998 754">
    <p class='ocr_par' dir='ltr' id='par_1_7' title="bbox 416 681 1998 754">
     <span class='ocr_line' id='line_1_7' title="bbox 416 681 1998 754; baseline 0.001 -18"><span class='ocrx_word' id='word_1_30' title='bbox 416 697 574 737; x_wconf 87' lang='lat' dir='ltr'><strong>mens</strong></span> <span class='ocrx_word' id='word_1_31' title='bbox 618 682 982 754; x_wconf 83' lang='lat' dir='ltr'><strong>intelligibilia</strong></span> <span class='ocrx_word' id='word_1_32' title='bbox 1039 683 1278 754; x_wconf 89' lang='lat' dir='ltr'><strong>attingit.</strong></span> <span class='ocrx_word' id='word_1_33' title='bbox 1323 681 1496 738; x_wconf 85' lang='lat' dir='ltr'><strong>Simul</strong></span> <span class='ocrx_word' id='word_1_34' title='bbox 1560 692 1745 738; x_wconf 91' lang='lat' dir='ltr'><strong>autem</strong></span> <span class='ocrx_word' id='word_1_35' title='bbox 1796 691 1852 738; x_wconf 89' lang='lat' dir='ltr'><strong>et</strong></span> <span class='ocrx_word' id='word_1_36' title='bbox 1893 685 1998 738; x_wconf 91' lang='lat' dir='ltr'><strong>hoc</strong></span> 
     </span>
    </p>
   </div>
   <div class='ocr_carea' id='block_1_8' title="bbox 415 771 1996 845">
    <p class='ocr_par' dir='ltr' id='par_1_8' title="bbox 415 771 1996 845">
     <span class='ocr_line' id='line_1_8' title="bbox 415 771 1996 845; baseline -0.001 -18"><span class='ocrx_word' id='word_1_37' title='bbox 415 771 710 828; x_wconf 90' lang='lat' dir='ltr'><strong>dicendum</strong></span> <span class='ocrx_word' id='word_1_38' title='bbox 740 813 754 838; x_wconf 93' lang='lat'><strong>,</strong></span> <span class='ocrx_word' id='word_1_39' title='bbox 800 774 1074 828; x_wconf 79' lang='lat' dir='ltr'><strong>naturalia</strong></span> <span class='ocrx_word' id='word_1_40' title='bbox 1122 775 1333 844; x_wconf 85' lang='lat' dir='ltr'><strong>judicia</strong></span> <span class='ocrx_word' id='word_1_41' title='bbox 1377 775 1695 830; x_wconf 76' lang='lat' dir='ltr'><strong>documenti</strong></span> <span class='ocrx_word' id='word_1_42' title='bbox 1750 775 1996 845; x_wconf 78' lang='lat' dir='ltr'><strong>expertia</strong></span> 
     </span>
    </p>
   </div>
   <div class='ocr_carea' id='block_1_9' title="bbox 417 865 1996 922">
    <p class='ocr_par' dir='ltr' id='par_1_9' title="bbox 417 865 1996 922">
     <span class='ocr_line' id='line_1_9' title="bbox 417 865 1996 922; baseline 0.001 -4"><span class='ocrx_word' id='word_1_43' title='bbox 417 881 449 918; x_wconf 72' lang='grc' dir='ltr'><strong>ει</strong></span> <span class='ocrx_word' id='word_1_44' title='bbox 476 865 757 921; x_wconf 85' lang='lat' dir='ltr'><strong>conditore</strong></span> <span class='ocrx_word' id='word_1_45' title='bbox 788 866 1112 922; x_wconf 89' lang='lat' dir='ltr'><strong>nostro‘Deo</strong></span> <span class='ocrx_word' id='word_1_46' title='bbox 1145 866 1320 921; x_wconf 91' lang='lat' dir='ltr'><strong>indita</strong></span> <span class='ocrx_word' id='word_1_47' title='bbox 1377 867 1566 922; x_wconf 84' lang='lat' dir='ltr'><strong>fuisse.</strong></span> <span class='ocrx_word' id='word_1_48' title='bbox 1599 866 1796 922; x_wconf 85' lang='lat' dir='ltr'><strong>Visum</strong></span> <span class='ocrx_word' id='word_1_49' title='bbox 1848 868 1996 922; x_wconf 89' lang='lat' dir='ltr'><strong>enim</strong></span> 
     </span>
    </p>
   </div>
   <div class='ocr_carea' id='block_1_10' title="bbox 416 957 1994 1030">
    <p class='ocr_par' dir='ltr' id='par_1_10' title="bbox 416 957 1994 1030">
     <span class='ocr_line' id='line_1_10' title="bbox 416 957 1994 1030; baseline 0.001 -20"><span class='ocrx_word' id='word_1_50' title='bbox 416 973 579 1012; x_wconf 91' lang='lat' dir='ltr'><strong>nemo</strong></span> <span class='ocrx_word' id='word_1_51' title='bbox 637 957 830 1013; x_wconf 85' lang='lat' dir='ltr'><strong>edocet</strong></span> <span class='ocrx_word' id='word_1_52' title='bbox 892 966 952 1012; x_wconf 90' lang='lat' dir='ltr'><strong>ut</strong></span> <span class='ocrx_word' id='word_1_53' title='bbox 1022 958 1288 1028; x_wconf 85' lang='lat' dir='ltr'><strong>percipiat</strong></span> <span class='ocrx_word' id='word_1_54' title='bbox 1333 959 1546 1014; x_wconf 90' lang='lat' dir='ltr'><strong>colores</strong></span> <span class='ocrx_word' id='word_1_55' title='bbox 1599 968 1694 1012; x_wconf 92' lang='lat' dir='ltr'><strong>aut</strong></span> <span class='ocrx_word' id='word_1_56' title='bbox 1751 958 1994 1030; x_wconf 83' lang='lat' dir='ltr'><strong>ﬁguras;</strong></span> 
     </span>
    </p>
   </div>
   <div class='ocr_carea' id='block_1_11' title="bbox 417 1047 1997 1119">
    <p class='ocr_par' dir='ltr' id='par_1_11' title="bbox 417 1047 1997 1119">
     <span class='ocr_line' id='line_1_11' title="bbox 417 1047 1997 1119; baseline 0 -18"><span class='ocrx_word' id='word_1_57' title='bbox 417 1062 594 1117; x_wconf 85' lang='lat' dir='ltr'><strong>neque</strong></span> <span class='ocrx_word' id='word_1_58' title='bbox 646 1047 892 1101; x_wconf 90' lang='lat' dir='ltr'><strong>auditum</strong></span> <span class='ocrx_word' id='word_1_59' title='bbox 949 1056 1008 1102; x_wconf 91' lang='lat' dir='ltr'><strong>ut</strong></span> <span class='ocrx_word' id='word_1_60' title='bbox 1073 1064 1241 1104; x_wconf 90' lang='lat' dir='ltr'><strong>sonos</strong></span> <span class='ocrx_word' id='word_1_61' title='bbox 1273 1057 1328 1104; x_wconf 88' lang='lat' dir='ltr'><strong>et</strong></span> <span class='ocrx_word' id='word_1_62' title='bbox 1373 1065 1585 1114; x_wconf 88' lang='lat' dir='ltr'><strong>voces;</strong></span> <span class='ocrx_word' id='word_1_63' title='bbox 1627 1065 1804 1119; x_wconf 90' lang='lat' dir='ltr'><strong>neque</strong></span> <span class='ocrx_word' id='word_1_64' title='bbox 1859 1051 1997 1103; x_wconf 90' lang='lat' dir='ltr'><strong>olla-</strong></span> 
     </span>
    </p>
   </div>
   <div class='ocr_carea' id='block_1_12' title="bbox 413 1140 1992 1213">
    <p class='ocr_par' dir='ltr' id='par_1_12' title="bbox 413 1140 1992 1213">
     <span class='ocr_line' id='line_1_12' title="bbox 413 1140 1992 1213; baseline 0.001 -18"><span class='ocrx_word' id='word_1_65' title='bbox 413 1147 564 1195; x_wconf 90' lang='lat' dir='ltr'><strong>ctum</strong></span> <span class='ocrx_word' id='word_1_66' title='bbox 589 1181 605 1206; x_wconf 94' lang='lat'><strong>,</strong></span> <span class='ocrx_word' id='word_1_67' title='bbox 665 1146 726 1194; x_wconf 93' lang='lat' dir='ltr'><strong>ut</strong></span> <span class='ocrx_word' id='word_1_68' title='bbox 759 1140 898 1196; x_wconf 87' lang='lat' dir='ltr'><strong>bene</strong></span> <span class='ocrx_word' id='word_1_69' title='bbox 928 1147 983 1195; x_wconf 88' lang='lat' dir='ltr'><strong>et</strong></span> <span class='ocrx_word' id='word_1_70' title='bbox 1027 1142 1167 1196; x_wconf 91' lang='lat' dir='ltr'><strong>male</strong></span> <span class='ocrx_word' id='word_1_71' title='bbox 1199 1141 1463 1196; x_wconf 91' lang='lat' dir='ltr'><strong>olentium</strong></span> <span class='ocrx_word' id='word_1_72' title='bbox 1497 1157 1680 1198; x_wconf 90' lang='lat' dir='ltr'><strong>rerum</strong></span> <span class='ocrx_word' id='word_1_73' title='bbox 1711 1157 1945 1213; x_wconf 79' lang='lat' dir='ltr'><strong>vapores</strong></span> <span class='ocrx_word' id='word_1_74' title='bbox 1979 1159 1992 1204; x_wconf 83' lang='lat'>;</span> 
     </span>
    </p>
   </div>
   <div class='ocr_carea' id='block_1_13' title="bbox 415 1239 1999 1305">
    <p class='ocr_par' dir='ltr' id='par_1_13' title="bbox 415 1239 1999 1305">
     <span class='ocr_line' id='line_1_13' title="bbox 415 1239 1999 1305; baseline 0.002 -19"><span class='ocrx_word' id='word_1_75' title='bbox 415 1247 592 1302; x_wconf 89' lang='lat' dir='ltr'><strong>neque</strong></span> <span class='ocrx_word' id='word_1_76' title='bbox 637 1239 880 1302; x_wconf 80' lang='lat' dir='ltr'><strong>gustum,</strong></span> <span class='ocrx_word' id='word_1_77' title='bbox 932 1243 990 1286; x_wconf 93' lang='lat' dir='ltr'><strong>ut</strong></span> <span class='ocrx_word' id='word_1_78' title='bbox 1029 1249 1252 1303; x_wconf 83' lang='lat' dir='ltr'><strong>sapores</strong></span> <span class='ocrx_word' id='word_1_79' title='bbox 1295 1249 1359 1289; x_wconf 90' lang='lat' dir='ltr'><strong>ac</strong></span> <span class='ocrx_word' id='word_1_80' title='bbox 1411 1250 1649 1302; x_wconf 88' lang='lat' dir='ltr'><strong>succos;</strong></span> <span class='ocrx_word' id='word_1_81' title='bbox 1683 1250 1860 1305; x_wconf 91' lang='lat' dir='ltr'><strong>neque</strong></span> <span class='ocrx_word' id='word_1_82' title='bbox 1915 1243 1999 1289; x_wconf 88' lang='lat' dir='ltr'><strong>ta-</strong></span> 
     </span>
    </p>
   </div>
   <div class='ocr_carea' id='block_1_14' title="bbox 415 1324 1994 1396">
    <p class='ocr_par' dir='ltr' id='par_1_14' title="bbox 415 1324 1994 1396">
     <span class='ocr_line' id='line_1_14' title="bbox 415 1324 1994 1396; baseline 0.003 -22"><span class='ocrx_word' id='word_1_83' title='bbox 415 1331 562 1376; x_wconf 85' lang='lat' dir='ltr'><strong>ctum</strong></span> <span class='ocrx_word' id='word_1_84' title='bbox 590 1363 603 1387; x_wconf 89' lang='lat'><strong>,</strong></span> <span class='ocrx_word' id='word_1_85' title='bbox 635 1331 696 1378; x_wconf 89' lang='lat' dir='ltr'><strong>ut</strong></span> <span class='ocrx_word' id='word_1_86' title='bbox 729 1324 910 1378; x_wconf 85' lang='lat' dir='ltr'><strong>mollia</strong></span> <span class='ocrx_word' id='word_1_87' title='bbox 951 1333 1005 1380; x_wconf 90' lang='lat' dir='ltr'><strong>et</strong></span> <span class='ocrx_word' id='word_1_88' title='bbox 1053 1325 1190 1379; x_wconf 85' lang='lat' dir='ltr'><strong>dura</strong></span> <span class='ocrx_word' id='word_1_89' title='bbox 1216 1365 1232 1388; x_wconf 89' lang='lat'><strong>,</strong></span> <span class='ocrx_word' id='word_1_90' title='bbox 1295 1334 1356 1379; x_wconf 92' lang='lat' dir='ltr'><strong>ut</strong></span> <span class='ocrx_word' id='word_1_91' title='bbox 1411 1325 1588 1380; x_wconf 89' lang='lat' dir='ltr'><strong>calida</strong></span> <span class='ocrx_word' id='word_1_92' title='bbox 1629 1339 1724 1380; x_wconf 87' lang='lat' dir='ltr'><strong>aut</strong></span> <span class='ocrx_word' id='word_1_93' title='bbox 1776 1325 1994 1396; x_wconf 85' lang='lat' dir='ltr'><strong>frigida.</strong></span> 
     </span>
    </p>
   </div>
   <div class='ocr_carea' id='block_1_15' title="bbox 414 1412 1999 1489">
    <p class='ocr_par' dir='ltr' id='par_1_15' title="bbox 414 1412 1999 1489">
     <span class='ocr_line' id='line_1_15' title="bbox 414 1412 1999 1489; baseline 0.002 -22"><span class='ocrx_word' id='word_1_94' title='bbox 414 1412 600 1484; x_wconf 81' lang='lat' dir='ltr'><strong>Neque</strong></span> <span class='ocrx_word' id='word_1_95' title='bbox 647 1430 781 1470; x_wconf 85' lang='lat' dir='ltr'><strong>sane</strong></span> <span class='ocrx_word' id='word_1_96' title='bbox 825 1417 1118 1486; x_wconf 84' lang='lat' dir='ltr'><strong>quisquam</strong></span> <span class='ocrx_word' id='word_1_97' title='bbox 1182 1428 1419 1472; x_wconf 83' lang='lat' dir='ltr'><strong>mentem</strong></span> <span class='ocrx_word' id='word_1_98' title='bbox 1467 1417 1686 1472; x_wconf 83' lang='lat' dir='ltr'><strong>docebit</strong></span> <span class='ocrx_word' id='word_1_99' title='bbox 1738 1417 1999 1489; x_wconf 83' lang='lat' dir='ltr'><strong>intelligi-</strong></span> 
     </span>
    </p>
   </div>
   <div class='ocr_carea' id='block_1_16' title="bbox 415 1506 1995 1582">
    <p class='ocr_par' dir='ltr' id='par_1_16' title="bbox 415 1506 1995 1582">
     <span class='ocr_line' id='line_1_16' title="bbox 415 1506 1995 1582; baseline 0.004 -24"><span class='ocrx_word' id='word_1_100' title='bbox 415 1506 546 1559; x_wconf 85' lang='lat' dir='ltr'><strong>bilia</strong></span> <span class='ocrx_word' id='word_1_101' title='bbox 598 1507 836 1578; x_wconf 88' lang='lat' dir='ltr'><strong>assequi.</strong></span> <span class='ocrx_word' id='word_1_102' title='bbox 885 1507 952 1562; x_wconf 91' lang='lat' dir='ltr'><strong>Et</strong></span> <span class='ocrx_word' id='word_1_103' title='bbox 985 1509 1444 1578; x_wconf 80' lang='lat' dir='ltr'><strong>quemadmodum</strong></span> <span class='ocrx_word' id='word_1_104' title='bbox 1509 1523 1731 1577; x_wconf 86' lang='lat' dir='ltr'><strong>sensus,</strong></span> <span class='ocrx_word' id='word_1_105' title='bbox 1783 1511 1830 1566; x_wconf 91' lang='lat' dir='ltr'><strong>si</strong></span> <span class='ocrx_word' id='word_1_106' title='bbox 1863 1511 1995 1582; x_wconf 91' lang='lat' dir='ltr'><strong>quid</strong></span> 
     </span>
    </p>
   </div>
   <div class='ocr_carea' id='block_1_17' title="bbox 416 1596 2000 1670">
    <p class='ocr_par' dir='ltr' id='par_1_17' title="bbox 416 1596 2000 1670">
     <span class='ocr_line' id='line_1_17' title="bbox 416 1596 2000 1670; baseline 0.005 -22"><span class='ocrx_word' id='word_1_107' title='bbox 416 1596 553 1663; x_wconf 85' lang='lat' dir='ltr'><strong>ipsis</strong></span> <span class='ocrx_word' id='word_1_108' title='bbox 614 1598 874 1652; x_wconf 89' lang='lat' dir='ltr'><strong>acciderit</strong></span> <span class='ocrx_word' id='word_1_109' title='bbox 951 1598 1326 1665; x_wconf 88' lang='lat' dir='ltr'><strong>incommodi,</strong></span> <span class='ocrx_word' id='word_1_110' title='bbox 1384 1611 1546 1670; x_wconf 72' lang='lat' dir='ltr'><strong>egent</strong></span> <span class='ocrx_word' id='word_1_111' title='bbox 1606 1603 1784 1656; x_wconf 90' lang='lat' dir='ltr'><strong>solum</strong></span> <span class='ocrx_word' id='word_1_112' title='bbox 1845 1617 2000 1658; x_wconf 83' lang='lat' dir='ltr'><strong>cura-</strong></span> 
     </span>
    </p>
   </div>
   <div class='ocr_carea' id='block_1_18' title="bbox 415 1687 1993 1763">
    <p class='ocr_par' dir='ltr' id='par_1_18' title="bbox 415 1687 1993 1763">
     <span class='ocr_line' id='line_1_18' title="bbox 415 1687 1993 1763; baseline 0.007 -25"><span class='ocrx_word' id='word_1_113' title='bbox 415 1687 603 1751; x_wconf 84' lang='lat' dir='ltr'><strong>tione,</strong></span> <span class='ocrx_word' id='word_1_114' title='bbox 655 1698 709 1743; x_wconf 90' lang='lat' dir='ltr'><strong>et</strong></span> <span class='ocrx_word' id='word_1_115' title='bbox 767 1705 927 1744; x_wconf 93' lang='lat' dir='ltr'><strong>suum</strong></span> <span class='ocrx_word' id='word_1_116' title='bbox 978 1691 1220 1760; x_wconf 88' lang='lat' dir='ltr'><strong>ipsorum</strong></span> <span class='ocrx_word' id='word_1_117' title='bbox 1275 1708 1474 1748; x_wconf 90' lang='lat' dir='ltr'><strong>munus</strong></span> <span class='ocrx_word' id='word_1_118' title='bbox 1521 1695 1741 1763; x_wconf 84' lang='lat' dir='ltr'><strong>explent</strong></span> <span class='ocrx_word' id='word_1_119' title='bbox 1789 1693 1993 1760; x_wconf 79' lang='lat' dir='ltr'><strong>facile;</strong></span> 
     </span>
    </p>
   </div>
   <div class='ocr_carea' id='block_1_19' title="bbox 417 1777 1996 1856">
    <p class='ocr_par' dir='ltr' id='par_1_19' title="bbox 417 1777 1996 1856">
     <span class='ocr_line' id='line_1_19' title="bbox 417 1777 1996 1856; baseline 0.008 -27"><span class='ocrx_word' id='word_1_120' title='bbox 417 1777 493 1830; x_wconf 90' lang='lat' dir='ltr'><strong>ita</strong></span> <span class='ocrx_word' id='word_1_121' title='bbox 533 1787 583 1832; x_wconf 87' lang='lat' dir='ltr'><strong>et</strong></span> <span class='ocrx_word' id='word_1_122' title='bbox 623 1795 777 1835; x_wconf 92' lang='lat' dir='ltr'><strong>mens</strong></span> <span class='ocrx_word' id='word_1_123' title='bbox 803 1782 954 1836; x_wconf 91' lang='lat' dir='ltr'><strong>carni</strong></span> <span class='ocrx_word' id='word_1_124' title='bbox 986 1783 1212 1853; x_wconf 85' lang='lat' dir='ltr'><strong>illigata,</strong></span> <span class='ocrx_word' id='word_1_125' title='bbox 1249 1794 1302 1838; x_wconf 91' lang='lat' dir='ltr'><strong>et</strong></span> <span class='ocrx_word' id='word_1_126' title='bbox 1325 1786 1461 1839; x_wconf 90' lang='lat' dir='ltr'><strong>ortis</strong></span> <span class='ocrx_word' id='word_1_127' title='bbox 1490 1801 1556 1840; x_wconf 78' lang='lat' dir='ltr'><strong>ex</strong></span> <span class='ocrx_word' id='word_1_128' title='bbox 1587 1801 1649 1840; x_wconf 90' lang='lat' dir='ltr'><strong>ea</strong></span> <span class='ocrx_word' id='word_1_129' title='bbox 1689 1786 1996 1856; x_wconf 89' lang='lat' dir='ltr'><strong>phantasiis</strong></span> 
     </span>
    </p>
   </div>
   <div class='ocr_carea' id='block_1_20' title="bbox 414 1870 1994 1948">
    <p class='ocr_par' dir='ltr' id='par_1_20' title="bbox 414 1870 1994 1948">
     <span class='ocr_line' id='line_1_20' title="bbox 414 1870 1994 1948; baseline 0.007 -25"><span class='ocrx_word' id='word_1_130' title='bbox 414 1870 630 1940; x_wconf 87' lang='lat' dir='ltr'><strong>oppleta</strong></span> <span class='ocrx_word' id='word_1_131' title='bbox 664 1914 678 1938; x_wconf 93' lang='lat'><strong>,</strong></span> <span class='ocrx_word' id='word_1_132' title='bbox 719 1871 824 1928; x_wconf 84' lang='lat' dir='ltr'><strong>fide</strong></span> <span class='ocrx_word' id='word_1_133' title='bbox 867 1873 1073 1944; x_wconf 77' lang='lat' dir='ltr'><strong>indiget</strong></span> <span class='ocrx_word' id='word_1_134' title='bbox 1129 1885 1184 1930; x_wconf 89' lang='lat' dir='ltr'><strong>et</strong></span> <span class='ocrx_word' id='word_1_135' title='bbox 1245 1885 1393 1931; x_wconf 89' lang='lat' dir='ltr'><strong>recta</strong></span> <span class='ocrx_word' id='word_1_136' title='bbox 1452 1877 1563 1933; x_wconf 86' lang='lat' dir='ltr'><strong>vita</strong></span> <span class='ocrx_word' id='word_1_137' title='bbox 1595 1919 1610 1942; x_wconf 94' lang='lat'><strong>,</strong></span> <span class='ocrx_word' id='word_1_138' title='bbox 1661 1892 1784 1947; x_wconf 63' lang='lat' dir='ltr'><strong>quae</strong></span> <span class='ocrx_word' id='word_1_139' title='bbox 1829 1877 1994 1948; x_wconf 86' lang='lat' dir='ltr'><strong>pedes</strong></span> 
     </span>
    </p>
   </div>
   <div class='ocr_carea' id='block_1_21' title="bbox 417 1961 1994 2041">
    <p class='ocr_par' dir='ltr' id='par_1_21' title="bbox 417 1961 1994 2041">
     <span class='ocr_line' id='line_1_21' title="bbox 417 1961 1994 2041; baseline 0.008 -27"><span class='ocrx_word' id='word_1_140' title='bbox 417 1961 592 2030; x_wconf 85' lang='lat' dir='ltr'><strong>ipsius</strong></span> <span class='ocrx_word' id='word_1_141' title='bbox 617 1964 761 2019; x_wconf 92' lang='lat' dir='ltr'><strong>velut</strong></span> <span class='ocrx_word' id='word_1_142' title='bbox 792 1967 936 2020; x_wconf 89' lang='lat' dir='ltr'><strong>cervi</strong></span> <span class='ocrx_word' id='word_1_143' title='bbox 965 1967 1252 2035; x_wconf 85' lang='lat' dir='ltr'><strong>cujusdam</strong></span> <span class='ocrx_word' id='word_1_144' title='bbox 1321 1979 1634 2038; x_wconf 63' lang='lat' dir='ltr'><strong>praeparant</strong></span> <span class='ocrx_word' id='word_1_145' title='bbox 1661 1972 1729 2033; x_wconf 72' lang='grc'><strong>⁸⁷,</strong></span> <span class='ocrx_word' id='word_1_146' title='bbox 1763 1983 1994 2041; x_wconf 91' lang='lat' dir='ltr'><strong>eamque</strong></span> 
     </span>
    </p>
   </div>
   <div class='ocr_carea' id='block_1_22' title="bbox 417 2055 1994 2132">
    <p class='ocr_par' dir='ltr' id='par_1_22' title="bbox 417 2055 1994 2132">
     <span class='ocr_line' id='line_1_22' title="bbox 417 2055 1994 2132; baseline 0.008 -27"><span class='ocrx_word' id='word_1_147' title='bbox 417 2055 485 2106; x_wconf 81' lang='lat' dir='ltr'><strong>ad</strong></span> <span class='ocrx_word' id='word_1_148' title='bbox 537 2056 645 2110; x_wconf 85' lang='lat' dir='ltr'><strong>alta</strong></span> <span class='ocrx_word' id='word_1_149' title='bbox 703 2059 936 2127; x_wconf 83' lang='lat' dir='ltr'><strong>erigunt.</strong></span> <span class='ocrx_word' id='word_1_150' title='bbox 999 2057 1114 2114; x_wconf 84' lang='lat' dir='ltr'><strong>Hoc</strong></span> <span class='ocrx_word' id='word_1_151' title='bbox 1168 2060 1346 2129; x_wconf 89' lang='lat' dir='ltr'><strong>ipsum</strong></span> <span class='ocrx_word' id='word_1_152' title='bbox 1406 2063 1568 2116; x_wconf 88' lang='lat' dir='ltr'><strong>etiam</strong></span> <span class='ocrx_word' id='word_1_153' title='bbox 1625 2063 1842 2132; x_wconf 85' lang='lat' dir='ltr'><strong>sapiens</strong></span> <span class='ocrx_word' id='word_1_154' title='bbox 1903 2063 1994 2118; x_wconf 88' lang='lat' dir='ltr'><strong>ille</strong></span> 
     </span>
    </p>
   </div>
   <div class='ocr_carea' id='block_1_23' title="bbox 419 2146 1995 2224">
    <p class='ocr_par' dir='ltr' id='par_1_23' title="bbox 419 2146 1995 2224">
     <span class='ocr_line' id='line_1_23' title="bbox 419 2146 1995 2224; baseline 0.006 -26"><span class='ocrx_word' id='word_1_155' title='bbox 419 2146 677 2202; x_wconf 87' lang='lat' dir='ltr'><strong>Salomon</strong></span> <span class='ocrx_word' id='word_1_156' title='bbox 706 2147 960 2206; x_wconf 89' lang='lat' dir='ltr'><strong>admonet</strong></span> <span class='ocrx_word' id='word_1_157' title='bbox 987 2169 1002 2218; x_wconf 90' lang='lat'><strong>;</strong></span> <span class='ocrx_word' id='word_1_158' title='bbox 1059 2167 1124 2207; x_wconf 91' lang='lat' dir='ltr'><strong>ac</strong></span> <span class='ocrx_word' id='word_1_159' title='bbox 1171 2168 1318 2207; x_wconf 90' lang='lat' dir='ltr'><strong>nunc</strong></span> <span class='ocrx_word' id='word_1_160' title='bbox 1345 2154 1562 2223; x_wconf 89' lang='lat' dir='ltr'><strong>quidem</strong></span> <span class='ocrx_word' id='word_1_161' title='bbox 1619 2156 1776 2209; x_wconf 76' lang='lat' dir='ltr'><strong>nobis</strong></span> <span class='ocrx_word' id='word_1_162' title='bbox 1805 2155 1995 2224; x_wconf 84' lang='lat' dir='ltr'><strong>objicit</strong></span> 
     </span>
    </p>
   </div>
   <div class='ocr_carea' id='block_1_24' title="bbox 415 2243 1994 2316">
    <p class='ocr_par' dir='ltr' id='par_1_24' title="bbox 415 2243 1994 2316">
     <span class='ocr_line' id='line_1_24' title="bbox 415 2243 1994 2316; baseline 0.006 -24"><span class='ocrx_word' id='word_1_163' title='bbox 415 2254 526 2292; x_wconf 88' lang='lat' dir='ltr'><strong>non</strong></span> <span class='ocrx_word' id='word_1_164' title='bbox 585 2243 1044 2297; x_wconf 85' lang='lat' dir='ltr'><strong>verecundantem</strong></span> <span class='ocrx_word' id='word_1_165' title='bbox 1100 2245 1349 2314; x_wconf 83' lang='lat' dir='ltr'><strong>opiﬁcem</strong></span> <span class='ocrx_word' id='word_1_166' title='bbox 1383 2245 1667 2300; x_wconf 79' lang='lat' dir='ltr'><strong>formicam</strong></span> <span class='ocrx_word' id='word_1_167' title='bbox 1697 2247 1765 2312; x_wconf 80' lang='grc'><strong>⁸⁸,</strong></span> <span class='ocrx_word' id='word_1_168' title='bbox 1801 2261 1865 2301; x_wconf 89' lang='lat' dir='ltr'><strong>ac</strong></span> <span class='ocrx_word' id='word_1_169' title='bbox 1897 2262 1994 2316; x_wconf 90' lang='lat' dir='ltr'><strong>per</strong></span> 
     </span>
    </p>
   </div>
   <div class='ocr_carea' id='block_1_25' title="bbox 418 2330 1998 2391">
    <p class='ocr_par' dir='ltr' id='par_1_25' title="bbox 418 2330 1998 2391">
     <span class='ocr_line' id='line_1_25' title="bbox 418 2330 1998 2391; baseline 0.006 -10"><span class='ocrx_word' id='word_1_170' title='bbox 418 2343 540 2382; x_wconf 82' lang='lat' dir='ltr'><strong>eam</strong></span> <span class='ocrx_word' id='word_1_171' title='bbox 593 2330 752 2385; x_wconf 91' lang='lat' dir='ltr'><strong>nobis</strong></span> <span class='ocrx_word' id='word_1_172' title='bbox 795 2339 1078 2388; x_wconf 86' lang='lat' dir='ltr'><strong>actuosam</strong></span> <span class='ocrx_word' id='word_1_173' title='bbox 1112 2334 1255 2388; x_wconf 93' lang='lat' dir='ltr'><strong>viam</strong></span> <span class='ocrx_word' id='word_1_174' title='bbox 1300 2333 1608 2390; x_wconf 89' lang='lat' dir='ltr'><strong>describit:</strong></span> <span class='ocrx_word' id='word_1_175' title='bbox 1662 2350 1810 2391; x_wconf 89' lang='lat' dir='ltr'><strong>nunc</strong></span> <span class='ocrx_word' id='word_1_176' title='bbox 1865 2350 1998 2391; x_wconf 84' lang='lat' dir='ltr'><strong>vero</strong></span> 
     </span>
    </p>
   </div>
   <div class='ocr_carea' id='block_1_26' title="bbox 417 2410 1992 2496">
    <p class='ocr_par' dir='ltr' id='par_1_26' title="bbox 417 2410 1992 2496">
     <span class='ocr_line' id='line_1_26' title="bbox 417 2410 1992 2496; baseline 0.005 -22"><span class='ocrx_word' id='word_1_177' title='bbox 417 2421 680 2490; x_wconf 80' lang='lat' dir='ltr'><strong>sapientis</strong></span> <span class='ocrx_word' id='word_1_178' title='bbox 731 2423 961 2493; x_wconf 75' lang='lat' dir='ltr'><strong>apiculae</strong></span> <span class='ocrx_word' id='word_1_179' title='bbox 1019 2423 1072 2478; x_wconf 90' lang='lat' dir='ltr'><strong>in</strong></span> <span class='ocrx_word' id='word_1_180' title='bbox 1111 2423 1383 2495; x_wconf 83' lang='lat' dir='ltr'><strong>fingendis</strong></span> <span class='ocrx_word' id='word_1_181' title='bbox 1429 2410 1569 2484; x_wconf 81' lang='lat' dir='ltr'><strong>favis</strong></span> <span class='ocrx_word' id='word_1_182' title='bbox 1613 2442 1878 2496; x_wconf 82' lang='lat' dir='ltr'><strong>organum</strong></span> <span class='ocrx_word' id='word_1_183' title='bbox 1905 2426 1992 2482; x_wconf 69' lang='grc' dir='ltr'><strong>’νε</strong></span> 
     </span>
    </p>
   </div>
   <div class='ocr_carea' id='block_1_27' title="bbox 417 2515 1997 2588">
    <p class='ocr_par' dir='ltr' id='par_1_27' title="bbox 417 2515 1997 2588">
     <span class='ocr_line' id='line_1_27' title="bbox 417 2515 1997 2588; baseline 0.006 -25"><span class='ocrx_word' id='word_1_184' title='bbox 417 2527 481 2564; x_wconf 92' lang='lat' dir='ltr'><strong>ac</strong></span> <span class='ocrx_word' id='word_1_185' title='bbox 542 2527 638 2581; x_wconf 90' lang='lat' dir='ltr'><strong>per</strong></span> <span class='ocrx_word' id='word_1_186' title='bbox 694 2528 814 2568; x_wconf 86' lang='lat' dir='ltr'><strong>eam</strong></span> <span class='ocrx_word' id='word_1_187' title='bbox 905 2515 1211 2570; x_wconf 90' lang='lat' dir='ltr'><strong>naturalem</strong></span> <span class='ocrx_word' id='word_1_188' title='bbox 1283 2518 1797 2586; x_wconf 86' lang='lat' dir='ltr'><strong>contemplationem</strong></span> <span class='ocrx_word' id='word_1_189' title='bbox 1869 2533 1997 2588; x_wconf 81' lang='lat' dir='ltr'><strong>sug-</strong></span> 
     </span>
    </p>
   </div>
   <div class='ocr_carea' id='block_1_28' title="bbox 415 2602 1993 2674">
    <p class='ocr_par' dir='ltr' id='par_1_28' title="bbox 415 2602 1993 2674">
     <span class='ocr_line' id='line_1_28' title="bbox 415 2602 1993 2674; baseline 0.005 -18"><span class='ocrx_word' id='word_1_190' title='bbox 415 2602 595 2672; x_wconf 82' lang='lat' dir='ltr'><strong>gerit,</strong></span> <span class='ocrx_word' id='word_1_191' title='bbox 653 2604 710 2658; x_wconf 90' lang='lat' dir='ltr'><strong>in</strong></span> <span class='ocrx_word' id='word_1_192' title='bbox 762 2621 870 2674; x_wconf 83' lang='lat' dir='ltr'><strong>qua</strong></span> <span class='ocrx_word' id='word_1_193' title='bbox 933 2607 1094 2660; x_wconf 87' lang='lat' dir='ltr'><strong>etiam</strong></span> <span class='ocrx_word' id='word_1_194' title='bbox 1163 2605 1231 2662; x_wconf 92' lang='lat' dir='ltr'><strong>de</strong></span> <span class='ocrx_word' id='word_1_195' title='bbox 1273 2615 1483 2662; x_wconf 80' lang='lat' dir='ltr'><strong>sancta</strong></span> <span class='ocrx_word' id='word_1_196' title='bbox 1557 2607 1826 2664; x_wconf 87' lang='lat' dir='ltr'><strong>Trinitate</strong></span> <span class='ocrx_word' id='word_1_197' title='bbox 1890 2609 1993 2664; x_wconf 85' lang='lat' dir='ltr'><strong>do-</strong></span> 
     </span>
    </p>
   </div>
   <div class='ocr_carea' id='block_1_29' title="bbox 417 2694 1994 2768">
    <p class='ocr_par' dir='ltr' id='par_1_29' title="bbox 417 2694 1994 2768">
     <span class='ocr_line' id='line_1_29' title="bbox 417 2694 1994 2768; baseline 0.006 -21"><span class='ocrx_word' id='word_1_198' title='bbox 417 2694 593 2747; x_wconf 63' lang='lat' dir='ltr'><strong>ctrina</strong></span> <span class='ocrx_word' id='word_1_199' title='bbox 652 2695 1020 2764; x_wconf 89' lang='lat' dir='ltr'><strong>admiscetur;</strong></span> <span class='ocrx_word' id='word_1_200' title='bbox 1078 2697 1347 2768; x_wconf 89' lang='lat' dir='ltr'><strong>siquidem</strong></span> <span class='ocrx_word' id='word_1_201' title='bbox 1419 2715 1484 2755; x_wconf 81' lang='lat' dir='ltr'><strong>ex</strong></span> <span class='ocrx_word' id='word_1_202' title='bbox 1541 2715 1725 2756; x_wconf 87' lang='lat' dir='ltr'><strong>rerum</strong></span> <span class='ocrx_word' id='word_1_203' title='bbox 1788 2708 1994 2757; x_wconf 89' lang='lat' dir='ltr'><strong>creata-</strong></span> 
     </span>
    </p>
   </div>
   <div class='ocr_carea' id='block_1_30' title="bbox 415 2785 1989 2859">
    <p class='ocr_par' dir='ltr' id='par_1_30' title="bbox 415 2785 1989 2859">
     <span class='ocr_line' id='line_1_30' title="bbox 415 2785 1989 2859; baseline 0.006 -21"><span class='ocrx_word' id='word_1_204' title='bbox 415 2799 538 2838; x_wconf 86' lang='lat' dir='ltr'><strong>rum</strong></span> <span class='ocrx_word' id='word_1_205' title='bbox 573 2785 977 2855; x_wconf 81' lang='lat' dir='ltr'><strong>pulchritudine</strong></span> <span class='ocrx_word' id='word_1_206' title='bbox 1012 2788 1123 2859; x_wconf 80' lang='lat' dir='ltr'><strong>9o</strong></span> <span class='ocrx_word' id='word_1_207' title='bbox 1162 2791 1555 2847; x_wconf 85' lang='lat' dir='ltr'><strong>convenienter</strong></span> <span class='ocrx_word' id='word_1_208' title='bbox 1598 2800 1817 2848; x_wconf 88' lang='lat' dir='ltr'><strong>creator</strong></span> <span class='ocrx_word' id='word_1_209' title='bbox 1859 2806 1989 2847; x_wconf 86' lang='lat' dir='ltr'><strong>con-</strong></span> 
     </span>
    </p>
   </div>
   <div class='ocr_carea' id='block_1_31' title="bbox 416 2878 1993 2952">
    <p class='ocr_par' dir='ltr' id='par_1_31' title="bbox 416 2878 1993 2952">
     <span class='ocr_line' id='line_1_31' title="bbox 416 2878 1993 2952; baseline 0.005 -21"><span class='ocrx_word' id='word_1_210' title='bbox 416 2879 708 2933; x_wconf 88' lang='lat' dir='ltr'><strong>sideratur.</strong></span> <span class='ocrx_word' id='word_1_211' title='bbox 767 2878 874 2934; x_wconf 92' lang='lat' dir='ltr'><strong>Sed</strong></span> <span class='ocrx_word' id='word_1_212' title='bbox 936 2880 1050 2950; x_wconf 88' lang='lat' dir='ltr'><strong>jam</strong></span> <span class='ocrx_word' id='word_1_213' title='bbox 1109 2883 1301 2952; x_wconf 88' lang='lat' dir='ltr'><strong>gratiis</strong></span> <span class='ocrx_word' id='word_1_214' title='bbox 1367 2885 1505 2940; x_wconf 90' lang='lat' dir='ltr'><strong>actis</strong></span> <span class='ocrx_word' id='word_1_215' title='bbox 1556 2883 1705 2938; x_wconf 89' lang='lat' dir='ltr'><strong>Patri</strong></span> <span class='ocrx_word' id='word_1_216' title='bbox 1757 2892 1812 2940; x_wconf 86' lang='lat' dir='ltr'><strong>et</strong></span> <span class='ocrx_word' id='word_1_217' title='bbox 1853 2883 1993 2939; x_wconf 88' lang='lat' dir='ltr'><strong>Filio</strong></span> 
     </span>
    </p>
   </div>
   <div class='ocr_carea' id='block_1_32' title="bbox 2097 588 3683 664">
    <p class='ocr_par' dir='ltr' id='par_1_32' title="bbox 2097 588 3683 664">
     <span class='ocr_line' id='line_1_32' title="bbox 2097 588 3683 664; baseline -0.004 -18"><span class='ocrx_word' id='word_1_218' title='bbox 2097 593 2391 664; x_wconf 82' lang='grc' dir='ltr'><strong>αἰσθητῶν,</strong></span> <span class='ocrx_word' id='word_1_219' title='bbox 2423 591 2598 655; x_wconf 82' lang='grc' dir='ltr'>οὐτως</span> <span class='ocrx_word' id='word_1_220' title='bbox 2630 593 2660 645; x_wconf 99' lang='lat'><strong>6</strong></span> <span class='ocrx_word' id='word_1_221' title='bbox 2692 591 2819 655; x_wconf 93' lang='grc' dir='ltr'>νοῦς</span> <span class='ocrx_word' id='word_1_222' title='bbox 2843 591 2950 645; x_wconf 91' lang='grc' dir='ltr'><strong>τῶν</strong></span> <span class='ocrx_word' id='word_1_223' title='bbox 2978 589 3184 661; x_wconf 82' lang='grc' dir='ltr'>νοητῶν</span> <span class='ocrx_word' id='word_1_224' title='bbox 3221 588 3472 652; x_wconf 75' lang='grc' dir='ltr'>ἐπίϐολός</span> <span class='ocrx_word' id='word_1_225' title='bbox 3503 589 3683 641; x_wconf 81' lang='grc' dir='ltr'>ἐστιν.</span> 
     </span>
    </p>
   </div>
   <div class='ocr_carea' id='block_1_33' title="bbox 2100 679 3689 754">
    <p class='ocr_par' dir='ltr' id='par_1_33' title="bbox 2100 679 3689 754">
     <span class='ocr_line' id='line_1_33' title="bbox 2100 679 3689 754; baseline -0.004 -18"><span class='ocrx_word' id='word_1_226' title='bbox 2100 685 2252 754; x_wconf 80' lang='grc' dir='ltr'>Ἀμα</span> <span class='ocrx_word' id='word_1_227' title='bbox 2278 684 2335 736; x_wconf 81' lang='grc' dir='ltr'>δὲ</span> <span class='ocrx_word' id='word_1_228' title='bbox 2365 685 2460 737; x_wconf 76' lang='grc' dir='ltr'><strong>καὶ</strong></span> <span class='ocrx_word' id='word_1_229' title='bbox 2487 683 2645 737; x_wconf 88' lang='grc' dir='ltr'>τοῦτο</span> <span class='ocrx_word' id='word_1_230' title='bbox 2686 683 2926 748; x_wconf 81' lang='grc' dir='ltr'><strong>λεκτέον,</strong></span> <span class='ocrx_word' id='word_1_231' title='bbox 2962 684 3042 736; x_wconf 84' lang='grc' dir='ltr'>ὅτι</span> <span class='ocrx_word' id='word_1_232' title='bbox 3071 681 3140 734; x_wconf 81' lang='grc' dir='ltr'><strong>τά</strong></span> <span class='ocrx_word' id='word_1_233' title='bbox 3181 679 3386 750; x_wconf 72' lang='grc' dir='ltr'>φυσικὰ</span> <span class='ocrx_word' id='word_1_234' title='bbox 3415 681 3689 750; x_wconf 72' lang='grc' dir='ltr'>κριτήρια</span> 
     </span>
    </p>
   </div>
   <div class='ocr_carea' id='block_1_34' title="bbox 2097 771 3686 847">
    <p class='ocr_par' dir='ltr' id='par_1_34' title="bbox 2097 771 3686 847">
     <span class='ocr_line' id='line_1_34' title="bbox 2097 771 3686 847; baseline -0.004 -18"><span class='ocrx_word' id='word_1_235' title='bbox 2097 776 2358 830; x_wconf 78' lang='grc' dir='ltr'>ἀδίδακτά</span> <span class='ocrx_word' id='word_1_236' title='bbox 2389 776 2687 847; x_wconf 87' lang='grc' dir='ltr'>πεποίηκεν</span> <span class='ocrx_word' id='word_1_237' title='bbox 2719 778 2746 830; x_wconf 95' lang='lat'><strong>6</strong></span> <span class='ocrx_word' id='word_1_238' title='bbox 2779 776 2973 839; x_wconf 80' lang='grc' dir='ltr'><strong>κτίσας</strong></span> <span class='ocrx_word' id='word_1_239' title='bbox 2997 775 3144 846; x_wconf 80' lang='grc' dir='ltr'>ἡμᾶς</span> <span class='ocrx_word' id='word_1_240' title='bbox 3167 773 3318 836; x_wconf 87' lang='grc' dir='ltr'>Θεός.</span> <span class='ocrx_word' id='word_1_241' title='bbox 3347 772 3541 834; x_wconf 75' lang='grc' dir='ltr'>Οὐδεὶς</span> <span class='ocrx_word' id='word_1_242' title='bbox 3567 771 3686 842; x_wconf 79' lang='grc' dir='ltr'><strong>γάρ</strong></span> 
     </span>
    </p>
   </div>
   <div class='ocr_carea' id='block_1_35' title="bbox 2096 864 3686 938">
    <p class='ocr_par' dir='ltr' id='par_1_35' title="bbox 2096 864 3686 938">
     <span class='ocr_line' id='line_1_35' title="bbox 2096 864 3686 938; baseline -0.003 -18"><span class='ocrx_word' id='word_1_243' title='bbox 2096 868 2337 922; x_wconf 78' lang='grc' dir='ltr'><strong>διδάσκει</strong></span> <span class='ocrx_word' id='word_1_244' title='bbox 2372 869 2470 932; x_wconf 80' lang='grc' dir='ltr'>τὰς</span> <span class='ocrx_word' id='word_1_245' title='bbox 2501 868 2652 938; x_wconf 75' lang='grc' dir='ltr'>ὄψεις</span> <span class='ocrx_word' id='word_1_246' title='bbox 2693 868 2998 938; x_wconf 82' lang='grc' dir='ltr'><strong>χρωμάτων</strong></span> <span class='ocrx_word' id='word_1_247' title='bbox 3031 867 3064 938; x_wconf 87' lang='grc' dir='ltr'>ἢ</span> <span class='ocrx_word' id='word_1_248' title='bbox 3093 866 3389 936; x_wconf 82' lang='grc' dir='ltr'>σχημάτων</span> <span class='ocrx_word' id='word_1_249' title='bbox 3414 864 3686 934; x_wconf 83' lang='grc' dir='ltr'>ἀντιλαμ-</span> 
     </span>
    </p>
   </div>
   <div class='ocr_carea' id='block_1_36' title="bbox 2097 951 3683 1028">
    <p class='ocr_par' dir='ltr' id='par_1_36' title="bbox 2097 951 3683 1028">
     <span class='ocr_line' id='line_1_36' title="bbox 2097 951 3683 1028; baseline -0.004 -17"><span class='ocrx_word' id='word_1_250' title='bbox 2097 959 2393 1023; x_wconf 77' lang='grc' dir='ltr'>ϐάνεσθαι,</span> <span class='ocrx_word' id='word_1_251' title='bbox 2431 959 2540 1013; x_wconf 86' lang='grc' dir='ltr'>οὐδ’</span> <span class='ocrx_word' id='word_1_252' title='bbox 2605 958 2774 1028; x_wconf 85' lang='grc' dir='ltr'>ἀκοὴν</span> <span class='ocrx_word' id='word_1_253' title='bbox 2826 958 3013 1028; x_wconf 64' lang='grc' dir='ltr'>ψόφων</span> <span class='ocrx_word' id='word_1_254' title='bbox 3053 975 3113 1011; x_wconf 92' lang='grc' dir='ltr'><strong>τε</strong></span> <span class='ocrx_word' id='word_1_255' title='bbox 3155 957 3247 1010; x_wconf 75' lang='grc' dir='ltr'><strong>καὶ</strong></span> <span class='ocrx_word' id='word_1_256' title='bbox 3296 955 3528 1024; x_wconf 88' lang='grc' dir='ltr'>φωνῶν,</span> <span class='ocrx_word' id='word_1_257' title='bbox 3562 951 3683 1005; x_wconf 79' lang='grc' dir='ltr'>οὐδ’</span> 
     </span>
    </p>
   </div>
   <div class='ocr_carea' id='block_1_37' title="bbox 2096 1046 3681 1124">
    <p class='ocr_par' dir='ltr' id='par_1_37' title="bbox 2096 1046 3681 1124">
     <span class='ocr_line' id='line_1_37' title="bbox 2096 1046 3681 1124; baseline -0.006 -17"><span class='ocrx_word' id='word_1_258' title='bbox 2096 1054 2363 1124; x_wconf 70' lang='grc' dir='ltr'>ὄσφρησιν</span> <span class='ocrx_word' id='word_1_259' title='bbox 2393 1053 2581 1122; x_wconf 83' lang='grc' dir='ltr'>ἀτμῶν</span> <span class='ocrx_word' id='word_1_260' title='bbox 2605 1050 2821 1106; x_wconf 81' lang='grc' dir='ltr'>εὐωδῶν</span> <span class='ocrx_word' id='word_1_261' title='bbox 2840 1069 2897 1103; x_wconf 89' lang='grc' dir='ltr'><strong>τε</strong></span> <span class='ocrx_word' id='word_1_262' title='bbox 2922 1051 3015 1104; x_wconf 74' lang='grc' dir='ltr'><strong>καὶ</strong></span> <span class='ocrx_word' id='word_1_263' title='bbox 3046 1048 3315 1112; x_wconf 87' lang='grc' dir='ltr'>δυσωδῶν,</span> <span class='ocrx_word' id='word_1_264' title='bbox 3338 1047 3462 1100; x_wconf 88' lang='grc' dir='ltr'>οὐδὲ</span> <span class='ocrx_word' id='word_1_265' title='bbox 3483 1046 3681 1115; x_wconf 88' lang='grc' dir='ltr'>γεῦσιν</span> 
     </span>
    </p>
   </div>
   <div class='ocr_carea' id='block_1_38' title="bbox 2097 1129 3676 1210">
    <p class='ocr_par' dir='ltr' id='par_1_38' title="bbox 2097 1129 3676 1210">
     <span class='ocr_line' id='line_1_38' title="bbox 2097 1129 3676 1210; baseline -0.006 -19"><span class='ocrx_word' id='word_1_266' title='bbox 2097 1139 2286 1210; x_wconf 83' lang='grc' dir='ltr'>χυμῶν</span> <span class='ocrx_word' id='word_1_267' title='bbox 2311 1138 2403 1191; x_wconf 72' lang='grc' dir='ltr'><strong>καὶ</strong></span> <span class='ocrx_word' id='word_1_268' title='bbox 2437 1137 2633 1207; x_wconf 86' lang='grc' dir='ltr'>χυλῶν,</span> <span class='ocrx_word' id='word_1_269' title='bbox 2667 1136 2776 1190; x_wconf 78' lang='grc' dir='ltr'>οὐδ’</span> <span class='ocrx_word' id='word_1_270' title='bbox 2803 1137 2946 1206; x_wconf 82' lang='grc' dir='ltr'>ἁφὴν</span> <span class='ocrx_word' id='word_1_271' title='bbox 2983 1134 3241 1206; x_wconf 82' lang='grc' dir='ltr'>μαλακῶν</span> <span class='ocrx_word' id='word_1_272' title='bbox 3267 1134 3359 1188; x_wconf 75' lang='grc' dir='ltr'><strong>καὶ</strong></span> <span class='ocrx_word' id='word_1_273' title='bbox 3397 1129 3676 1202; x_wconf 81' lang='grc' dir='ltr'>σκληρῶν,</span> 
     </span>
    </p>
   </div>
   <div class='ocr_carea' id='block_1_39' title="bbox 2097 1225 3681 1303">
    <p class='ocr_par' dir='ltr' id='par_1_39' title="bbox 2097 1225 3681 1303">
     <span class='ocr_line' id='line_1_39' title="bbox 2097 1225 3681 1303; baseline -0.005 -18"><span class='ocrx_word' id='word_1_274' title='bbox 2097 1234 2130 1303; x_wconf 84' lang='grc' dir='ltr'>ἢ</span> <span class='ocrx_word' id='word_1_275' title='bbox 2157 1232 2374 1303; x_wconf 87' lang='grc' dir='ltr'>θερμῶν</span> <span class='ocrx_word' id='word_1_276' title='bbox 2402 1232 2493 1284; x_wconf 74' lang='grc' dir='ltr'><strong>καὶ</strong></span> <span class='ocrx_word' id='word_1_277' title='bbox 2513 1230 2755 1300; x_wconf 66' lang='grc' dir='ltr'>ψυχρῶν.</span> <span class='ocrx_word' id='word_1_278' title='bbox 2787 1230 2922 1282; x_wconf 82' lang='grc' dir='ltr'>Οὐδὲ</span> <span class='ocrx_word' id='word_1_279' title='bbox 2953 1230 3044 1283; x_wconf 76' lang='grc' dir='ltr'>τὸν</span> <span class='ocrx_word' id='word_1_280' title='bbox 3071 1227 3194 1282; x_wconf 91' lang='grc' dir='ltr'>νοῦν</span> <span class='ocrx_word' id='word_1_281' title='bbox 3221 1225 3533 1280; x_wconf 74' lang='grc' dir='ltr'>ἐπιϐάλλειν</span> <span class='ocrx_word' id='word_1_282' title='bbox 3560 1227 3681 1286; x_wconf 80' lang='grc' dir='ltr'>τοῖς</span> 
     </span>
    </p>
   </div>
   <div class='ocr_carea' id='block_1_40' title="bbox 2097 1315 3681 1394">
    <p class='ocr_par' dir='ltr' id='par_1_40' title="bbox 2097 1315 3681 1394">
     <span class='ocr_line' id='line_1_40' title="bbox 2097 1315 3681 1394; baseline -0.004 -19"><span class='ocrx_word' id='word_1_283' title='bbox 2097 1326 2307 1394; x_wconf 87' lang='grc' dir='ltr'>νοητοῖς</span> <span class='ocrx_word' id='word_1_284' title='bbox 2353 1322 2550 1386; x_wconf 81' lang='grc' dir='ltr'>διδάξοι</span> <span class='ocrx_word' id='word_1_285' title='bbox 2590 1339 2674 1385; x_wconf 87' lang='grc' dir='ltr'><strong>τις</strong></span> <span class='ocrx_word' id='word_1_286' title='bbox 2723 1321 2808 1374; x_wconf 81' lang='grc' dir='ltr'><strong>ἀν.</strong></span> <span class='ocrx_word' id='word_1_287' title='bbox 2853 1322 2966 1373; x_wconf 74' lang='lat' dir='ltr'><strong>Kal</strong></span> <span class='ocrx_word' id='word_1_288' title='bbox 3007 1320 3194 1391; x_wconf 87' lang='grc' dir='ltr'>ῶσπερ</span> <span class='ocrx_word' id='word_1_289' title='bbox 3248 1319 3301 1372; x_wconf 90' lang='grc' dir='ltr'><strong>εῐ</strong></span> <span class='ocrx_word' id='word_1_290' title='bbox 3345 1336 3398 1371; x_wconf 91' lang='grc' dir='ltr'><strong>τι</strong></span> <span class='ocrx_word' id='word_1_291' title='bbox 3449 1315 3681 1370; x_wconf 78' lang='grc' dir='ltr'>πάθοιεν</span> 
     </span>
    </p>
   </div>
   <div class='ocr_carea' id='block_1_41' title="bbox 2097 1407 3677 1484">
    <p class='ocr_par' dir='ltr' id='par_1_41' title="bbox 2097 1407 3677 1484">
     <span class='ocr_line' id='line_1_41' title="bbox 2097 1407 3677 1484; baseline -0.006 -16"><span class='ocrx_word' id='word_1_292' title='bbox 2097 1409 2280 1482; x_wconf 77' lang='grc' dir='ltr'>αὗται,</span> <span class='ocrx_word' id='word_1_293' title='bbox 2298 1414 2617 1484; x_wconf 74' lang='grc' dir='ltr'>ἐπιμελείας</span> <span class='ocrx_word' id='word_1_294' title='bbox 2645 1414 2802 1484; x_wconf 84' lang='grc' dir='ltr'>μόνον</span> <span class='ocrx_word' id='word_1_295' title='bbox 2829 1413 3198 1484; x_wconf 87' lang='grc' dir='ltr'>προσδέονται,</span> <span class='ocrx_word' id='word_1_296' title='bbox 3222 1411 3317 1465; x_wconf 68' lang='grc' dir='ltr'>καὶ</span> <span class='ocrx_word' id='word_1_297' title='bbox 3345 1411 3444 1481; x_wconf 81' lang='grc' dir='ltr'><strong>τὴν</strong></span> <span class='ocrx_word' id='word_1_298' title='bbox 3463 1407 3677 1462; x_wconf 78' lang='grc' dir='ltr'>οἰκείαν</span> 
     </span>
    </p>
   </div>
   <div class='ocr_carea' id='block_1_42' title="bbox 2097 1500 3672 1577">
    <p class='ocr_par' dir='ltr' id='par_1_42' title="bbox 2097 1500 3672 1577">
     <span class='ocr_line' id='line_1_42' title="bbox 2097 1500 3672 1577; baseline -0.006 -16"><span class='ocrx_word' id='word_1_299' title='bbox 2097 1509 2380 1576; x_wconf 70' lang='grc' dir='ltr'>ἐνέργειαν</span> <span class='ocrx_word' id='word_1_300' title='bbox 2411 1506 2647 1570; x_wconf 82' lang='grc' dir='ltr'>εὐκόλως</span> <span class='ocrx_word' id='word_1_301' title='bbox 2680 1505 3117 1577; x_wconf 85' lang='grc' dir='ltr'>ἀποπληροῦσιν·</span> <span class='ocrx_word' id='word_1_302' title='bbox 3150 1504 3320 1568; x_wconf 80' lang='grc' dir='ltr'>οὕτως</span> <span class='ocrx_word' id='word_1_303' title='bbox 3355 1503 3450 1556; x_wconf 72' lang='grc' dir='ltr'>καὶ</span> <span class='ocrx_word' id='word_1_304' title='bbox 3471 1503 3500 1554; x_wconf 89' lang='lat'><strong>6</strong></span> <span class='ocrx_word' id='word_1_305' title='bbox 3526 1500 3672 1563; x_wconf 89' lang='grc' dir='ltr'>νοῦς,</span> 
     </span>
    </p>
   </div>
   <div class='ocr_carea' id='block_1_43' title="bbox 2099 1592 3677 1670">
    <p class='ocr_par' dir='ltr' id='par_1_43' title="bbox 2099 1592 3677 1670">
     <span class='ocr_line' id='line_1_43' title="bbox 2099 1592 3677 1670; baseline -0.006 -18"><span class='ocrx_word' id='word_1_306' title='bbox 2099 1601 2262 1670; x_wconf 80' lang='grc' dir='ltr'>σαρκὶ</span> <span class='ocrx_word' id='word_1_307' title='bbox 2294 1598 2580 1662; x_wconf 68' lang='grc' dir='ltr'>συνδεθεὶς,</span> <span class='ocrx_word' id='word_1_308' title='bbox 2617 1597 2710 1650; x_wconf 80' lang='grc' dir='ltr'><strong>καὶ</strong></span> <span class='ocrx_word' id='word_1_309' title='bbox 2741 1597 2846 1650; x_wconf 91' lang='grc' dir='ltr'><strong>τῶν</strong></span> <span class='ocrx_word' id='word_1_310' title='bbox 2877 1597 2940 1649; x_wconf 81' lang='grc' dir='ltr'><strong>ἐκ</strong></span> <span class='ocrx_word' id='word_1_311' title='bbox 2972 1596 3174 1667; x_wconf 86' lang='grc' dir='ltr'>ταύτης</span> <span class='ocrx_word' id='word_1_312' title='bbox 3208 1594 3520 1665; x_wconf 83' lang='grc' dir='ltr'>φαντασιῶν</span> <span class='ocrx_word' id='word_1_313' title='bbox 3545 1592 3677 1662; x_wconf 91' lang='grc' dir='ltr'>πλη-</span> 
     </span>
    </p>
   </div>
   <div class='ocr_carea' id='block_1_44' title="bbox 2101 1684 3675 1761">
    <p class='ocr_par' dir='ltr' id='par_1_44' title="bbox 2101 1684 3675 1761">
     <span class='ocr_line' id='line_1_44' title="bbox 2101 1684 3675 1761; baseline -0.006 -17"><span class='ocrx_word' id='word_1_314' title='bbox 2101 1692 2315 1761; x_wconf 79' lang='grc' dir='ltr'>ρωθεὶς,</span> <span class='ocrx_word' id='word_1_315' title='bbox 2343 1691 2576 1754; x_wconf 85' lang='grc' dir='ltr'>πίστεως</span> <span class='ocrx_word' id='word_1_316' title='bbox 2603 1689 2771 1742; x_wconf 84' lang='grc' dir='ltr'>δεῖται</span> <span class='ocrx_word' id='word_1_317' title='bbox 2805 1690 2898 1742; x_wconf 73' lang='grc' dir='ltr'>καὶ</span> <span class='ocrx_word' id='word_1_318' title='bbox 2937 1689 3218 1749; x_wconf 81' lang='grc' dir='ltr'>πολιτείας</span> <span class='ocrx_word' id='word_1_319' title='bbox 3246 1686 3434 1758; x_wconf 84' lang='grc' dir='ltr'>ὀρθῆς,</span> <span class='ocrx_word' id='word_1_320' title='bbox 3470 1684 3675 1747; x_wconf 79' lang='grc' dir='ltr'>αἵτινες</span> 
     </span>
    </p>
   </div>
   <div class='ocr_carea' id='block_1_45' title="bbox 2099 1777 3678 1853">
    <p class='ocr_par' dir='ltr' id='par_1_45' title="bbox 2099 1777 3678 1853">
     <span class='ocr_line' id='line_1_45' title="bbox 2099 1777 3678 1853; baseline -0.005 -16"><span class='ocrx_word' id='word_1_321' title='bbox 2099 1782 2484 1853; x_wconf 76' lang='grc' dir='ltr'>καταρτίζουσι</span> <span class='ocrx_word' id='word_1_322' title='bbox 2537 1783 2664 1846; x_wconf 84' lang='grc' dir='ltr'>τοὺς</span> <span class='ocrx_word' id='word_1_323' title='bbox 2698 1781 2864 1844; x_wconf 82' lang='grc' dir='ltr'>πόδας</span> <span class='ocrx_word' id='word_1_324' title='bbox 2897 1781 3060 1834; x_wconf 87' lang='grc' dir='ltr'>αὐτοῦ</span> <span class='ocrx_word' id='word_1_325' title='bbox 3111 1780 3243 1832; x_wconf 78' lang='grc' dir='ltr'>ὡσεὶ</span> <span class='ocrx_word' id='word_1_326' title='bbox 3290 1780 3528 1848; x_wconf 79' lang='grc' dir='ltr'>ἐλάφου,</span> <span class='ocrx_word' id='word_1_327' title='bbox 3581 1777 3678 1830; x_wconf 75' lang='grc' dir='ltr'><strong>καὶ</strong></span> 
     </span>
    </p>
   </div>
   <div class='ocr_carea' id='block_1_46' title="bbox 2031 1848 3678 1946">
    <p class='ocr_par' dir='ltr' id='par_1_46' title="bbox 2031 1848 3678 1946">
     <span class='ocr_line' id='line_1_46' title="bbox 2031 1848 3678 1946; baseline -0.005 -18"><span class='ocrx_word' id='word_1_328' title='bbox 2031 1848 2070 1901; x_wconf 78' lang='grc' dir='ltr'><strong><em>Β</em></strong></span> <span class='ocrx_word' id='word_1_329' title='bbox 2102 1877 2195 1930; x_wconf 70' lang='grc' dir='ltr'><strong>ἐπὶ</strong></span> <span class='ocrx_word' id='word_1_330' title='bbox 2228 1848 2297 1929; x_wconf 81' lang='grc' dir='ltr'>τὰ</span> <span class='ocrx_word' id='word_1_331' title='bbox 2328 1875 2508 1946; x_wconf 73' lang='grc' dir='ltr'>ὑψηλά</span> <span class='ocrx_word' id='word_1_332' title='bbox 2552 1875 2770 1928; x_wconf 84' lang='grc' dir='ltr'>ἱστῶσιν</span> <span class='ocrx_word' id='word_1_333' title='bbox 2813 1874 2994 1927; x_wconf 89' lang='grc' dir='ltr'>αὐτόν.</span> <span class='ocrx_word' id='word_1_334' title='bbox 3023 1870 3193 1924; x_wconf 88' lang='grc' dir='ltr'>Τοῦτό</span> <span class='ocrx_word' id='word_1_335' title='bbox 3232 1887 3314 1923; x_wconf 90' lang='grc' dir='ltr'><strong>τοι</strong></span> <span class='ocrx_word' id='word_1_336' title='bbox 3356 1869 3486 1922; x_wconf 84' lang='grc' dir='ltr'>αὐτὸ</span> <span class='ocrx_word' id='word_1_337' title='bbox 3516 1868 3611 1921; x_wconf 82' lang='grc' dir='ltr'>καὶ</span> <span class='ocrx_word' id='word_1_338' title='bbox 3648 1869 3678 1920; x_wconf 90' lang='lat'><strong>6</strong></span> 
     </span>
    </p>
   </div>
   <div class='ocr_carea' id='block_1_47' title="bbox 2104 1961 3679 2038">
    <p class='ocr_par' dir='ltr' id='par_1_47' title="bbox 2104 1961 3679 2038">
     <span class='ocr_line' id='line_1_47' title="bbox 2104 1961 3679 2038; baseline -0.006 -17"><span class='ocrx_word' id='word_1_339' title='bbox 2104 1967 2264 2038; x_wconf 79' lang='grc' dir='ltr'>σοφὸς</span> <span class='ocrx_word' id='word_1_340' title='bbox 2295 1968 2583 2038; x_wconf 81' lang='grc' dir='ltr'>παρεγγυᾷ</span> <span class='ocrx_word' id='word_1_341' title='bbox 2623 1965 2903 2036; x_wconf 83' lang='grc' dir='ltr'>Σολομὼν·</span> <span class='ocrx_word' id='word_1_342' title='bbox 2937 1965 3031 2018; x_wconf 73' lang='grc' dir='ltr'><strong>καὶ</strong></span> <span class='ocrx_word' id='word_1_343' title='bbox 3074 1962 3204 2016; x_wconf 80' lang='grc' dir='ltr'>ποτὲ</span> <span class='ocrx_word' id='word_1_344' title='bbox 3238 1961 3336 2032; x_wconf 83' lang='grc' dir='ltr'>μὲν</span> <span class='ocrx_word' id='word_1_345' title='bbox 3369 1963 3500 2032; x_wconf 82' lang='grc' dir='ltr'>ἡμῖν</span> <span class='ocrx_word' id='word_1_346' title='bbox 3543 1973 3679 2030; x_wconf 83' lang='grc' dir='ltr'>προ-</span> 
     </span>
    </p>
   </div>
   <div class='ocr_carea' id='block_1_48' title="bbox 2099 2049 3674 2128">
    <p class='ocr_par' dir='ltr' id='par_1_48' title="bbox 2099 2049 3674 2128">
     <span class='ocr_line' id='line_1_48' title="bbox 2099 2049 3674 2128; baseline -0.005 -19"><span class='ocrx_word' id='word_1_347' title='bbox 2099 2056 2257 2128; x_wconf 83' lang='grc' dir='ltr'>φέρει</span> <span class='ocrx_word' id='word_1_348' title='bbox 2287 2056 2362 2127; x_wconf 82' lang='lat'><strong>(‘2)</strong></span> <span class='ocrx_word' id='word_1_349' title='bbox 2393 2055 2484 2109; x_wconf 87' lang='grc' dir='ltr'><strong>τὸν</strong></span> <span class='ocrx_word' id='word_1_350' title='bbox 2525 2056 2951 2124; x_wconf 80' lang='grc' dir='ltr'>ἀνεπαίσχυντον</span> <span class='ocrx_word' id='word_1_351' title='bbox 2991 2051 3228 2124; x_wconf 79' lang='grc' dir='ltr'>ἐργάτην</span> <span class='ocrx_word' id='word_1_352' title='bbox 3261 2051 3353 2104; x_wconf 77' lang='grc' dir='ltr'><strong>τὸν</strong></span> <span class='ocrx_word' id='word_1_353' title='bbox 3383 2049 3674 2121; x_wconf 84' lang='grc' dir='ltr'>μύρμηκα,</span> 
     </span>
    </p>
   </div>
   <div class='ocr_carea' id='block_1_49' title="bbox 2099 2142 3673 2220">
    <p class='ocr_par' dir='ltr' id='par_1_49' title="bbox 2099 2142 3673 2220">
     <span class='ocr_line' id='line_1_49' title="bbox 2099 2142 3673 2220; baseline -0.004 -18"><span class='ocrx_word' id='word_1_354' title='bbox 2099 2150 2193 2202; x_wconf 72' lang='grc' dir='ltr'><strong>καὶ</strong></span> <span class='ocrx_word' id='word_1_355' title='bbox 2226 2149 2293 2202; x_wconf 84' lang='grc' dir='ltr'>δι’</span> <span class='ocrx_word' id='word_1_356' title='bbox 2327 2147 2491 2204; x_wconf 87' lang='grc' dir='ltr'>αὐτοῦ</span> <span class='ocrx_word' id='word_1_357' title='bbox 2529 2148 2626 2220; x_wconf 77' lang='grc' dir='ltr'><strong>τὴν</strong></span> <span class='ocrx_word' id='word_1_358' title='bbox 2667 2147 2978 2219; x_wconf 80' lang='grc' dir='ltr'>πρακτικὴν</span> <span class='ocrx_word' id='word_1_359' title='bbox 3004 2149 3138 2217; x_wconf 78' lang='grc' dir='ltr'>ἡμῖν</span> <span class='ocrx_word' id='word_1_360' title='bbox 3172 2145 3290 2198; x_wconf 84' lang='grc' dir='ltr'>ὁδὸν</span> <span class='ocrx_word' id='word_1_361' title='bbox 3325 2142 3635 2214; x_wconf 81' lang='grc' dir='ltr'>ὑπογράφει</span> <span class='ocrx_word' id='word_1_362' title='bbox 3655 2157 3673 2171; x_wconf 84' lang='lat'><strong>&#39;</strong></span> 
     </span>
    </p>
   </div>
   <div class='ocr_carea' id='block_1_50' title="bbox 2100 2237 3676 2312">
    <p class='ocr_par' dir='ltr' id='par_1_50' title="bbox 2100 2237 3676 2312">
     <span class='ocr_line' id='line_1_50' title="bbox 2100 2237 3676 2312; baseline -0.005 -17"><span class='ocrx_word' id='word_1_363' title='bbox 2100 2243 2231 2295; x_wconf 86' lang='grc' dir='ltr'><strong>ποτέ</strong></span> <span class='ocrx_word' id='word_1_364' title='bbox 2250 2242 2305 2294; x_wconf 82' lang='grc' dir='ltr'><strong>δέ</strong></span> <span class='ocrx_word' id='word_1_365' title='bbox 2334 2241 2395 2295; x_wconf 83' lang='grc' dir='ltr'>τὺ</span> <span class='ocrx_word' id='word_1_366' title='bbox 2413 2241 2513 2312; x_wconf 78' lang='grc' dir='ltr'><strong>τῆς</strong></span> <span class='ocrx_word' id='word_1_367' title='bbox 2537 2241 2707 2311; x_wconf 81' lang='grc' dir='ltr'>σοφῆς</span> <span class='ocrx_word' id='word_1_368' title='bbox 2737 2240 2988 2311; x_wconf 87' lang='grc' dir='ltr'>μελίττης</span> <span class='ocrx_word' id='word_1_369' title='bbox 3009 2238 3384 2310; x_wconf 84' lang='grc' dir='ltr'>κηρόπλαστον</span> <span class='ocrx_word' id='word_1_370' title='bbox 3408 2237 3676 2307; x_wconf 65' lang='grc' dir='ltr'>δργανοντ</span> 
     </span>
    </p>
   </div>
   <div class='ocr_carea' id='block_1_51' title="bbox 2101 2319 3678 2402">
    <p class='ocr_par' dir='ltr' id='par_1_51' title="bbox 2101 2319 3678 2402">
     <span class='ocr_line' id='line_1_51' title="bbox 2101 2319 3678 2402; baseline -0.006 -16"><span class='ocrx_word' id='word_1_371' title='bbox 2101 2334 2196 2387; x_wconf 58' lang='grc' dir='ltr'><strong>καὶ⁸</strong></span> <span class='ocrx_word' id='word_1_372' title='bbox 2236 2333 2302 2386; x_wconf 86' lang='grc' dir='ltr'>δι’</span> <span class='ocrx_word' id='word_1_373' title='bbox 2332 2333 2502 2402; x_wconf 80' lang='grc' dir='ltr'>αὐτῆς</span> <span class='ocrx_word' id='word_1_374' title='bbox 2539 2331 2614 2401; x_wconf 77' lang='grc'><strong>(5)</strong></span> <span class='ocrx_word' id='word_1_375' title='bbox 2646 2331 2880 2400; x_wconf 79' lang='grc' dir='ltr'>φυσικὴν</span> <span class='ocrx_word' id='word_1_376' title='bbox 2906 2329 3155 2400; x_wconf 74' lang='grc' dir='ltr'>’θεωρίαν</span> <span class='ocrx_word' id='word_1_377' title='bbox 3192 2327 3504 2389; x_wconf 77' lang='grc' dir='ltr'>αἰνίττεται,</span> <span class='ocrx_word' id='word_1_378' title='bbox 3540 2327 3599 2377; x_wconf 79' lang='grc' dir='ltr'><strong>ἐν</strong></span> 
     </span>
    </p>
   </div>
   <div class='ocr_carea' id='block_1_52' title="bbox 2100 2419 3675 2497">
    <p class='ocr_par' dir='ltr' id='par_1_52' title="bbox 2100 2419 3675 2497">
     <span class='ocr_line' id='line_1_52' title="bbox 2100 2419 3675 2497; baseline -0.006 -18"><span class='ocrx_word' id='word_1_379' title='bbox 2100 2426 2194 2479; x_wconf 66' lang='grc' dir='ltr'><strong>κα)⁵</strong></span> <span class='ocrx_word' id='word_1_380' title='bbox 2239 2427 2268 2478; x_wconf 92' lang='lat'><strong>6</strong></span> <span class='ocrx_word' id='word_1_381' title='bbox 2315 2425 2448 2497; x_wconf 80' lang='grc' dir='ltr'>’περὶ</span> <span class='ocrx_word' id='word_1_382' title='bbox 2491 2426 2589 2495; x_wconf 83' lang='grc' dir='ltr'><strong>τῆς</strong></span> <span class='ocrx_word' id='word_1_383' title='bbox 2633 2424 2796 2492; x_wconf 83' lang='grc' dir='ltr'>ἁγίας</span> <span class='ocrx_word' id='word_1_384' title='bbox 2837 2423 3062 2494; x_wconf 86' lang='grc' dir='ltr'>Τριάδος</span> <span class='ocrx_word' id='word_1_385' title='bbox 3105 2422 3438 2489; x_wconf 85' lang='grc' dir='ltr'>ἐγκέκραται</span> <span class='ocrx_word' id='word_1_386' title='bbox 3482 2419 3675 2486; x_wconf 80' lang='grc' dir='ltr'>λόγος’·</span> 
     </span>
    </p>
   </div>
   <div class='ocr_carea' id='block_1_53' title="bbox 2101 2511 3676 2589">
    <p class='ocr_par' dir='ltr' id='par_1_53' title="bbox 2101 2511 3676 2589">
     <span class='ocr_line' id='line_1_53' title="bbox 2101 2511 3676 2589; baseline -0.006 -19"><span class='ocrx_word' id='word_1_387' title='bbox 2101 2518 2257 2589; x_wconf 78' lang='grc' dir='ltr'>εἴπερ</span> <span class='ocrx_word' id='word_1_388' title='bbox 2309 2519 2373 2570; x_wconf 86' lang='grc' dir='ltr'><strong>ἐκ</strong></span> <span class='ocrx_word' id='word_1_389' title='bbox 2431 2517 2694 2586; x_wconf 89' lang='grc' dir='ltr'>καλλονῆς</span> <span class='ocrx_word' id='word_1_390' title='bbox 2757 2515 3070 2584; x_wconf 86' lang='grc' dir='ltr'>κτισμάτων</span> <span class='ocrx_word' id='word_1_391' title='bbox 3119 2511 3397 2578; x_wconf 85' lang='grc' dir='ltr'>ἀναλόγως</span> <span class='ocrx_word' id='word_1_392' title='bbox 3449 2512 3479 2564; x_wconf 94' lang='lat'><strong>6</strong></span> <span class='ocrx_word' id='word_1_393' title='bbox 3519 2525 3676 2577; x_wconf 85' lang='grc' dir='ltr'>γενε-</span> 
     </span>
    </p>
   </div>
   <div class='ocr_carea' id='block_1_54' title="bbox 2101 2601 3677 2680">
    <p class='ocr_par' dir='ltr' id='par_1_54' title="bbox 2101 2601 3677 2680">
     <span class='ocr_line' id='line_1_54' title="bbox 2101 2601 3677 2680; baseline -0.004 -20"><span class='ocrx_word' id='word_1_394' title='bbox 2101 2607 2352 2680; x_wconf 83' lang='grc' dir='ltr'>σιουργὺς</span> <span class='ocrx_word' id='word_1_395' title='bbox 2395 2609 2699 2678; x_wconf 84' lang='grc' dir='ltr'>θεωρεῖται.</span> <span class='ocrx_word' id='word_1_396' title='bbox 2751 2604 2891 2657; x_wconf 83' lang='grc' dir='ltr'>Ἀλλ’</span> <span class='ocrx_word' id='word_1_397' title='bbox 2919 2604 3411 2674; x_wconf 82' lang='grc' dir='ltr'>εὐχαριστήσαντες</span> <span class='ocrx_word' id='word_1_398' title='bbox 3442 2601 3520 2671; x_wconf 73' lang='grc'><strong>(4)</strong></span> <span class='ocrx_word' id='word_1_399' title='bbox 3565 2601 3677 2653; x_wconf 79' lang='grc' dir='ltr'><strong>Πα-</strong></span> 
     </span>
    </p>
   </div>
   <div class='ocr_carea' id='block_1_55' title="bbox 2099 2692 3678 2770">
    <p class='ocr_par' dir='ltr' id='par_1_55' title="bbox 2099 2692 3678 2770">
     <span class='ocr_line' id='line_1_55' title="bbox 2099 2692 3678 2770; baseline -0.006 -18"><span class='ocrx_word' id='word_1_400' title='bbox 2099 2699 2191 2770; x_wconf 75' lang='grc' dir='ltr'>τρὶ</span> <span class='ocrx_word' id='word_1_401' title='bbox 2241 2700 2336 2752; x_wconf 80' lang='grc' dir='ltr'><strong>καὶ</strong></span> <span class='ocrx_word' id='word_1_402' title='bbox 2380 2699 2493 2769; x_wconf 84' lang='grc' dir='ltr'><strong>Υίῷ</strong></span> <span class='ocrx_word' id='word_1_403' title='bbox 2527 2700 2622 2752; x_wconf 77' lang='grc' dir='ltr'><strong>καὶ</strong></span> <span class='ocrx_word' id='word_1_404' title='bbox 2665 2697 2804 2768; x_wconf 82' lang='grc' dir='ltr'>ἁγίῳ</span> <span class='ocrx_word' id='word_1_405' title='bbox 2846 2696 3152 2767; x_wconf 88' lang='grc' dir='ltr'>Πνεύματι,</span> <span class='ocrx_word' id='word_1_406' title='bbox 3190 2695 3365 2764; x_wconf 88' lang='grc' dir='ltr'>πέρας</span> <span class='ocrx_word' id='word_1_407' title='bbox 3399 2692 3678 2762; x_wconf 85' lang='grc' dir='ltr'>ἐπιθῶμεν</span> 
     </span>
    </p>
   </div>
   <div class='ocr_carea' id='block_1_56' title="bbox 2098 2785 3676 2864">
    <p class='ocr_par' dir='ltr' id='par_1_56' title="bbox 2098 2785 3676 2864">
     <span class='ocr_line' id='line_1_56' title="bbox 2098 2785 3676 2864; baseline -0.006 -18"><span class='ocrx_word' id='word_1_408' title='bbox 2098 2791 2178 2863; x_wconf 80' lang='grc' dir='ltr'>τῷ</span> <span class='ocrx_word' id='word_1_409' title='bbox 2222 2792 2532 2864; x_wconf 74' lang='grc' dir='ltr'>γράμματιο</span> <span class='ocrx_word' id='word_1_410' title='bbox 2582 2791 2770 2864; x_wconf 82' lang='grc' dir='ltr'>ἐπειδὴ</span> <span class='ocrx_word' id='word_1_411' title='bbox 2805 2791 2911 2844; x_wconf 81' lang='grc' dir='ltr'><strong>πᾶν</strong></span> <span class='ocrx_word' id='word_1_412' title='bbox 2963 2791 3157 2860; x_wconf 86' lang='grc' dir='ltr'>μέτρον</span> <span class='ocrx_word' id='word_1_413' title='bbox 3209 2788 3458 2860; x_wconf 84' lang='grc' dir='ltr'>ἄριστον,</span> <span class='ocrx_word' id='word_1_414' title='bbox 3507 2785 3602 2839; x_wconf 77' lang='grc' dir='ltr'>καὶ</span> <span class='ocrx_word' id='word_1_415' title='bbox 3639 2785 3676 2854; x_wconf 69' lang='grc' dir='ltr'><strong>η</strong></span> 
     </span>
    </p>
   </div>
   <div class='ocr_carea' id='block_1_57' title="bbox 2098 2884 2583 2955">
    <p class='ocr_par' dir='ltr' id='par_1_57' title="bbox 2098 2884 2583 2955">
     <span class='ocr_line' id='line_1_57' title="bbox 2098 2884 2583 2955; baseline 0 -19"><span class='ocrx_word' id='word_1_416' title='bbox 2098 2885 2368 2955; x_wconf 85' lang='grc' dir='ltr'>παροιμία</span> <span class='ocrx_word' id='word_1_417' title='bbox 2399 2884 2583 2955; x_wconf 82' lang='grc' dir='ltr'>φησίν.</span> 
     </span>
    </p>
   </div>
   <div class='ocr_carea' id='block_1_58' title="bbox 417 2968 3675 3052">
    <p class='ocr_par' dir='ltr' id='par_1_58' title="bbox 417 2968 3675 3052">
     <span class='ocr_line' id='line_1_58' title="bbox 417 2968 3675 3052; baseline -0.001 -29"><span class='ocrx_word' id='word_1_418' title='bbox 417 2981 470 3023; x_wconf 87' lang='lat' dir='ltr'><strong>ct</strong></span> <span class='ocrx_word' id='word_1_419' title='bbox 507 2971 733 3042; x_wconf 88' lang='lat' dir='ltr'><strong>Spiritui</strong></span> <span class='ocrx_word' id='word_1_420' title='bbox 796 2983 1009 3041; x_wconf 89' lang='lat' dir='ltr'><strong>sancto,</strong></span> <span class='ocrx_word' id='word_1_421' title='bbox 1079 2975 1244 3032; x_wconf 85' lang='lat' dir='ltr'><strong>ﬁnem</strong></span> <span class='ocrx_word' id='word_1_422' title='bbox 1293 2978 1643 3049; x_wconf 88' lang='lat' dir='ltr'><strong>imponamus</strong></span> <span class='ocrx_word' id='word_1_423' title='bbox 1693 2979 1942 3036; x_wconf 85' lang='lat' dir='ltr'><strong>litteris:</strong></span> <span class='ocrx_word' id='word_1_424' title='bbox 1981 2979 2252 3052; x_wconf 88' lang='lat' dir='ltr'><strong>siquidem</strong></span> <span class='ocrx_word' id='word_1_425' title='bbox 2305 2979 2498 3035; x_wconf 90' lang='lat' dir='ltr'><strong>modus</strong></span> <span class='ocrx_word' id='word_1_426' title='bbox 2547 2979 2749 3042; x_wconf 91' lang='lat' dir='ltr'><strong>omnis,</strong></span> <span class='ocrx_word' id='word_1_427' title='bbox 2812 2983 2872 3032; x_wconf 88' lang='lat' dir='ltr'><strong>ut</strong></span> <span class='ocrx_word' id='word_1_428' title='bbox 2917 2977 3082 3033; x_wconf 89' lang='lat' dir='ltr'><strong>etiam</strong></span> <span class='ocrx_word' id='word_1_429' title='bbox 3111 2983 3193 3031; x_wconf 86' lang='lat' dir='ltr'><strong>est</strong></span> <span class='ocrx_word' id='word_1_430' title='bbox 3258 2974 3314 3028; x_wconf 91' lang='lat' dir='ltr'><strong>in</strong></span> <span class='ocrx_word' id='word_1_431' title='bbox 3365 2968 3675 3041; x_wconf 84' lang='lat' dir='ltr'><strong>proverbio,</strong></span> 
     </span>
    </p>
   </div>
   <div class='ocr_carea' id='block_1_59' title="bbox 417 3053 789 3130">
    <p class='ocr_par' dir='ltr' id='par_1_59' title="bbox 417 3053 789 3130">
     <span class='ocr_line' id='line_1_59' title="bbox 417 3053 789 3130; baseline 0.011 -18"><span class='ocrx_word' id='word_1_432' title='bbox 417 3061 656 3130; x_wconf 81' lang='lat' dir='ltr'><strong>optimus</strong></span> <span class='ocrx_word' id='word_1_433' title='bbox 677 3053 789 3116; x_wconf 81' lang='lat' dir='ltr'><strong>est.</strong></span> 
     </span>
    </p>
   </div>
   <div class='ocr_carea' id='block_1_60' title="bbox 958 3205 1443 3268">
    <p class='ocr_par' dir='ltr' id='par_1_60' title="bbox 958 3205 1443 3268">
     <span class='ocr_line' id='line_1_60' title="bbox 958 3205 1443 3268; baseline 0.012 -5"><span class='ocrx_word' id='word_1_434' title='bbox 958 3205 1288 3267; x_wconf 84' lang='lat' dir='ltr'><strong>EPISTOLA</strong></span> <span class='ocrx_word' id='word_1_435' title='bbox 1330 3207 1443 3268; x_wconf 71' lang='lat' dir='ltr'><strong>IX“.</strong></span> 
     </span>
    </p>
   </div>
   <div class='ocr_carea' id='block_1_61' title="bbox 2669 3209 3133 3268">
    <p class='ocr_par' dir='ltr' id='par_1_61' title="bbox 2669 3209 3133 3268">
     <span class='ocr_line' id='line_1_61' title="bbox 2669 3209 3133 3268; baseline -0.002 0"><span class='ocrx_word' id='word_1_436' title='bbox 2669 3215 3014 3268; x_wconf 82' lang='grc' dir='ltr'><strong>ΕΠΙΣΤΟΛΗ</strong></span> <span class='ocrx_word' id='word_1_437' title='bbox 3054 3209 3133 3267; x_wconf 87' lang='grc' dir='ltr'><strong>Θ’.</strong></span> 
     </span>
    </p>
   </div>
   <div class='ocr_carea' id='block_1_62' title="bbox 417 3343 3684 3426">
    <p class='ocr_par' dir='ltr' id='par_1_62' title="bbox 417 3343 3684 3426">
     <span class='ocr_line' id='line_1_62' title="bbox 417 3343 3684 3426; baseline 0.002 -29"><span class='ocrx_word' id='word_1_438' title='bbox 417 3343 1386 3426; x_wconf 32' lang='grc' dir='ltr'>ιαιέᾴαιμααίηιοιᾳνπονςιη</span> <span class='ocrx_word' id='word_1_439' title='bbox 1409 3352 1762 3426; x_wconf 69' lang='grc' dir='ltr'><strong>μνξηιᾳνῐοναιη</strong></span> <span class='ocrx_word' id='word_1_440' title='bbox 1785 3355 2042 3426; x_wconf 61' lang='grc' dir='ltr'>ορμον-ψῃ,</span> <span class='ocrx_word' id='word_1_441' title='bbox 2057 3369 2199 3426; x_wconf 74' lang='lat' dir='ltr'><strong>suum</strong></span> <span class='ocrx_word' id='word_1_442' title='bbox 2218 3355 2278 3406; x_wconf 87' lang='lat' dir='ltr'><strong>de</strong></span> <span class='ocrx_word' id='word_1_443' title='bbox 2315 3345 2536 3426; x_wconf 55' lang='lat' dir='ltr'><strong>Dionysii</strong></span> <span class='ocrx_word' id='word_1_444' title='bbox 2555 3351 3112 3426; x_wconf 42' lang='grc' dir='ltr'>ᾼίεαιιῃᾴτὶηίμεενρρεἱε,</span> <span class='ocrx_word' id='word_1_445' title='bbox 3131 3347 3684 3426; x_wconf 25' lang='grc' dir='ltr'>Μὶςξιιηιηητοίςτςηςξ</span> 
     </span>
    </p>
   </div>
   <div class='ocr_carea' id='block_1_63' title="bbox 478 3407 3679 3483">
    <p class='ocr_par' dir='ltr' id='par_1_63' title="bbox 478 3407 3679 3483">
     <span class='ocr_line' id='line_1_63' title="bbox 478 3407 3679 3483; baseline 0.001 -26"><span class='ocrx_word' id='word_1_446' title='bbox 478 3411 542 3460; x_wconf 85' lang='lat' dir='ltr'><strong>de</strong></span> <span class='ocrx_word' id='word_1_447' title='bbox 561 3407 714 3483; x_wconf 68' lang='lat' dir='ltr'><strong>simili</strong></span> <span class='ocrx_word' id='word_1_448' title='bbox 733 3412 995 3483; x_wconf 56' lang='lat' dir='ltr'><strong>secundam</strong></span> <span class='ocrx_word' id='word_1_449' title='bbox 1014 3410 1286 3483; x_wconf 70' lang='lat' dir='ltr'><strong>essentiam.</strong></span> <span class='ocrx_word' id='word_1_450' title='bbox 1317 3407 1492 3465; x_wconf 81' lang='lat' dir='ltr'><strong>Invitat</strong></span> <span class='ocrx_word' id='word_1_451' title='bbox 1513 3422 1565 3465; x_wconf 81' lang='lat' dir='ltr'><strong>ut</strong></span> <span class='ocrx_word' id='word_1_452' title='bbox 1586 3416 1652 3465; x_wconf 86' lang='lat' dir='ltr'><strong>ad</strong></span> <span class='ocrx_word' id='word_1_453' title='bbox 1674 3431 1726 3469; x_wconf 78' lang='lat' dir='ltr'><strong>se</strong></span> <span class='ocrx_word' id='word_1_454' title='bbox 1748 3415 1904 3470; x_wconf 79' lang='lat' dir='ltr'><strong>veniat</strong></span> <span class='ocrx_word' id='word_1_455' title='bbox 1929 3407 2042 3483; x_wconf 75' lang='lat' dir='ltr'><strong>(sibi</strong></span> <span class='ocrx_word' id='word_1_456' title='bbox 2063 3419 2192 3471; x_wconf 84' lang='lat' dir='ltr'><strong>enim</strong></span> <span class='ocrx_word' id='word_1_457' title='bbox 2213 3407 2470 3482; x_wconf 76' lang='lat' dir='ltr'><strong>wgrotanii</strong></span> <span class='ocrx_word' id='word_1_458' title='bbox 2487 3423 2537 3468; x_wconf 80' lang='lat' dir='ltr'><strong>et</strong></span> <span class='ocrx_word' id='word_1_459' title='bbox 2560 3414 2722 3467; x_wconf 78' lang='lat' dir='ltr'><strong>latenti</strong></span> <span class='ocrx_word' id='word_1_460' title='bbox 2746 3414 2795 3466; x_wconf 85' lang='lat' dir='ltr'><strong>in</strong></span> <span class='ocrx_word' id='word_1_461' title='bbox 2817 3407 3075 3466; x_wconf 80' lang='lat' dir='ltr'><strong>solitudine</strong></span> <span class='ocrx_word' id='word_1_462' title='bbox 3096 3407 3335 3478; x_wconf 67' lang='lat' dir='ltr'><strong>integrum</strong></span> <span class='ocrx_word' id='word_1_463' title='bbox 3371 3407 3468 3461; x_wconf 74' lang='lat' dir='ltr'><strong>non</strong></span> <span class='ocrx_word' id='word_1_464' title='bbox 3489 3407 3595 3461; x_wconf 67' lang='lat' dir='ltr'><strong>esse</strong></span> <span class='ocrx_word' id='word_1_465' title='bbox 3613 3407 3679 3458; x_wconf 79' lang='lat' dir='ltr'><strong>tul</strong></span> 
     </span>
    </p>
   </div>
   <div class='ocr_carea' id='block_1_64' title="bbox 478 3469 1245 3533">
    <p class='ocr_par' dir='ltr' id='par_1_64' title="bbox 478 3469 1245 3533">
     <span class='ocr_line' id='line_1_64' title="bbox 478 3469 1245 3533; baseline 0 -11"><span class='ocrx_word' id='word_1_466' title='bbox 478 3484 590 3522; x_wconf 82' lang='lat' dir='ltr'><strong>eum</strong></span> <span class='ocrx_word' id='word_1_467' title='bbox 608 3469 723 3533; x_wconf 83' lang='lat' dir='ltr'><strong>ire),</strong></span> <span class='ocrx_word' id='word_1_468' title='bbox 746 3477 828 3520; x_wconf 89' lang='lat' dir='ltr'><strong>aut</strong></span> <span class='ocrx_word' id='word_1_469' title='bbox 848 3471 1020 3522; x_wconf 78' lang='lat' dir='ltr'><strong>saltem</strong></span> <span class='ocrx_word' id='word_1_470' title='bbox 1048 3472 1245 3524; x_wconf 78' lang='lat' dir='ltr'><strong>scribat.</strong></span> 
     </span>
    </p>
   </div>
   <div class='ocr_carea' id='block_1_65' title="bbox 916 3597 2065 3675">
    <p class='ocr_par' dir='ltr' id='par_1_65' title="bbox 916 3597 2065 3675">
     <span class='ocr_line' id='line_1_65' title="bbox 916 3597 2065 3675; baseline 0.01 -24"><span class='ocrx_word' id='word_1_471' title='bbox 916 3597 1151 3652; x_wconf 71' lang='lat' dir='ltr'><strong>Maximo</strong></span> <span class='ocrx_word' id='word_1_472' title='bbox 1178 3599 1505 3671; x_wconf 81' lang='lat' dir='ltr'><strong>philosopho.</strong></span> <span class='ocrx_word' id='word_1_473' title='bbox 2022 3617 2065 3675; x_wconf 70' lang='grc' dir='ltr'>(ς</span> 
     </span>
    </p>
   </div>
   <div class='ocr_carea' id='block_1_66' title="bbox 492 3711 1996 3792">
    <p class='ocr_par' dir='ltr' id='par_1_66' title="bbox 492 3711 1996 3792">
     <span class='ocr_line' id='line_1_66' title="bbox 492 3711 1996 3792; baseline 0.007 -27"><span class='ocrx_word' id='word_1_474' title='bbox 492 3712 542 3767; x_wconf 84' lang='grc'>1.</span> <span class='ocrx_word' id='word_1_475' title='bbox 565 3711 838 3783; x_wconf 75' lang='lat' dir='ltr'><strong>imagines</strong></span> <span class='ocrx_word' id='word_1_476' title='bbox 858 3729 980 3769; x_wconf 87' lang='lat' dir='ltr'><strong>vere</strong></span> <span class='ocrx_word' id='word_1_477' title='bbox 997 3715 1304 3770; x_wconf 88' lang='lat' dir='ltr'><strong>animorum</strong></span> <span class='ocrx_word' id='word_1_478' title='bbox 1319 3725 1446 3771; x_wconf 90' lang='lat' dir='ltr'><strong>sunt</strong></span> <span class='ocrx_word' id='word_1_479' title='bbox 1463 3732 1768 3774; x_wconf 87' lang='lat' dir='ltr'><strong>sermones.</strong></span> <span class='ocrx_word' id='word_1_480' title='bbox 1788 3719 1996 3792; x_wconf 82' lang='lat' dir='ltr'><strong>Cogno-</strong></span> 
     </span>
    </p>
   </div>
   <div class='ocr_carea' id='block_1_67' title="bbox 419 3802 1993 3877">
    <p class='ocr_par' dir='ltr' id='par_1_67' title="bbox 419 3802 1993 3877">
     <span class='ocr_line' id='line_1_67' title="bbox 419 3802 1993 3877; baseline 0.008 -22"><span class='ocrx_word' id='word_1_481' title='bbox 419 3802 600 3857; x_wconf 86' lang='lat' dir='ltr'><strong>vimus</strong></span> <span class='ocrx_word' id='word_1_482' title='bbox 635 3803 819 3872; x_wconf 85' lang='lat' dir='ltr'><strong>itaque</strong></span> <span class='ocrx_word' id='word_1_483' title='bbox 850 3811 904 3858; x_wconf 88' lang='lat' dir='ltr'><strong>te</strong></span> <span class='ocrx_word' id='word_1_484' title='bbox 925 3818 989 3858; x_wconf 79' lang='lat' dir='ltr'><strong>ex</strong></span> <span class='ocrx_word' id='word_1_485' title='bbox 1021 3804 1239 3865; x_wconf 87' lang='lat' dir='ltr'><strong>litteris.</strong></span> <span class='ocrx_word' id='word_1_486' title='bbox 1269 3815 1556 3875; x_wconf 86' lang='lat' dir='ltr'><strong>quantum,</strong></span> <span class='ocrx_word' id='word_1_487' title='bbox 1587 3809 1762 3877; x_wconf 87' lang='lat' dir='ltr'><strong>aiunt,</strong></span> <span class='ocrx_word' id='word_1_488' title='bbox 1793 3826 1860 3866; x_wconf 81' lang='lat' dir='ltr'><strong>ex</strong></span> <span class='ocrx_word' id='word_1_489' title='bbox 1888 3828 1993 3866; x_wconf 91' lang='lat' dir='ltr'><strong>un-</strong></span> 
     </span>
    </p>
   </div>
   <div class='ocr_carea' id='block_1_68' title="bbox 418 3895 1997 3970">
    <p class='ocr_par' dir='ltr' id='par_1_68' title="bbox 418 3895 1997 3970">
     <span class='ocr_line' id='line_1_68' title="bbox 418 3895 1997 3970; baseline 0.006 -21"><span class='ocrx_word' id='word_1_490' title='bbox 418 3895 618 3968; x_wconf 69' lang='lat' dir='ltr'><strong>gulius</strong></span> <span class='ocrx_word' id='word_1_491' title='bbox 657 3895 902 3951; x_wconf 89' lang='lat' dir='ltr'><strong>leonem:</strong></span> <span class='ocrx_word' id='word_1_492' title='bbox 941 3897 1225 3967; x_wconf 87' lang='lat' dir='ltr'><strong>gavisique</strong></span> <span class='ocrx_word' id='word_1_493' title='bbox 1263 3915 1454 3954; x_wconf 89' lang='lat' dir='ltr'><strong>sumus</strong></span> <span class='ocrx_word' id='word_1_494' title='bbox 1477 3939 1492 3963; x_wconf 92' lang='lat'><strong>,</strong></span> <span class='ocrx_word' id='word_1_495' title='bbox 1539 3901 1687 3970; x_wconf 89' lang='lat' dir='ltr'><strong>quod</strong></span> <span class='ocrx_word' id='word_1_496' title='bbox 1721 3904 1997 3958; x_wconf 87' lang='lat' dir='ltr'><strong>inveneri-</strong></span> 
     </span>
    </p>
   </div>
   <div class='ocr_carea' id='block_1_69' title="bbox 417 3985 1998 4061">
    <p class='ocr_par' dir='ltr' id='par_1_69' title="bbox 417 3985 1998 4061">
     <span class='ocr_line' id='line_1_69' title="bbox 417 3985 1998 4061; baseline 0.005 -21"><span class='ocrx_word' id='word_1_497' title='bbox 417 4001 545 4042; x_wconf 82' lang='lat' dir='ltr'><strong>mus</strong></span> <span class='ocrx_word' id='word_1_498' title='bbox 597 3993 650 4040; x_wconf 86' lang='lat' dir='ltr'><strong>te</strong></span> <span class='ocrx_word' id='word_1_499' title='bbox 699 3985 845 4040; x_wconf 89' lang='lat' dir='ltr'><strong>haud</strong></span> <span class='ocrx_word' id='word_1_500' title='bbox 893 3988 1134 4058; x_wconf 89' lang='lat' dir='ltr'><strong>segniter</strong></span> <span class='ocrx_word' id='word_1_501' title='bbox 1179 3987 1434 4042; x_wconf 78' lang='lat' dir='ltr'><strong>affectum</strong></span> <span class='ocrx_word' id='word_1_502' title='bbox 1465 4004 1592 4061; x_wconf 87' lang='lat' dir='ltr'><strong>erga</strong></span> <span class='ocrx_word' id='word_1_503' title='bbox 1631 3992 1894 4061; x_wconf 86' lang='lat' dir='ltr'><strong>primaria</strong></span> <span class='ocrx_word' id='word_1_504' title='bbox 1933 4010 1998 4048; x_wconf 90' lang='lat' dir='ltr'><strong>ac</strong></span> 
     </span>
    </p>
   </div>
   <div class='ocr_carea' id='block_1_70' title="bbox 419 4074 1996 4145">
    <p class='ocr_par' dir='ltr' id='par_1_70' title="bbox 419 4074 1996 4145">
     <span class='ocr_line' id='line_1_70' title="bbox 419 4074 1996 4145; baseline 0.002 -18"><span class='ocrx_word' id='word_1_505' title='bbox 419 4074 657 4129; x_wconf 75' lang='lat' dir='ltr'><strong>maxima</strong></span> <span class='ocrx_word' id='word_1_506' title='bbox 683 4075 846 4138; x_wconf 91' lang='lat' dir='ltr'><strong>bona,</strong></span> <span class='ocrx_word' id='word_1_507' title='bbox 871 4075 1217 4130; x_wconf 90' lang='lat' dir='ltr'><strong>dilectionem</strong></span> <span class='ocrx_word' id='word_1_508' title='bbox 1246 4074 1337 4130; x_wconf 91' lang='lat' dir='ltr'><strong>Dei</strong></span> <span class='ocrx_word' id='word_1_509' title='bbox 1361 4083 1415 4129; x_wconf 90' lang='lat' dir='ltr'><strong>et</strong></span> <span class='ocrx_word' id='word_1_510' title='bbox 1443 4077 1695 4145; x_wconf 79' lang='lat' dir='ltr'><strong>proximi.</strong></span> <span class='ocrx_word' id='word_1_511' title='bbox 1727 4076 1996 4133; x_wconf 82' lang='lat' dir='ltr'><strong>indicium</strong></span> 
     </span>
    </p>
   </div>
   <div class='ocr_carea' id='block_1_71' title="bbox 421 4165 1997 4238">
    <p class='ocr_par' dir='ltr' id='par_1_71' title="bbox 421 4165 1997 4238">
     <span class='ocr_line' id='line_1_71' title="bbox 421 4165 1997 4238; baseline 0.002 -19"><span class='ocrx_word' id='word_1_512' title='bbox 421 4172 605 4221; x_wconf 87' lang='lat' dir='ltr'><strong>autem</strong></span> <span class='ocrx_word' id='word_1_513' title='bbox 641 4165 873 4222; x_wconf 87' lang='lat' dir='ltr'><strong>facimus</strong></span> <span class='ocrx_word' id='word_1_514' title='bbox 903 4166 1067 4237; x_wconf 86' lang='lat' dir='ltr'><strong>hujus</strong></span> <span class='ocrx_word' id='word_1_515' title='bbox 1102 4167 1362 4238; x_wconf 81' lang='lat' dir='ltr'><strong>quidem,</strong></span> <span class='ocrx_word' id='word_1_516' title='bbox 1391 4175 1540 4221; x_wconf 90' lang='lat' dir='ltr'><strong>tuam</strong></span> <span class='ocrx_word' id='word_1_517' title='bbox 1582 4169 1638 4222; x_wconf 92' lang='lat' dir='ltr'><strong>in</strong></span> <span class='ocrx_word' id='word_1_518' title='bbox 1671 4183 1772 4226; x_wconf 91' lang='lat' dir='ltr'><strong>nos</strong></span> <span class='ocrx_word' id='word_1_519' title='bbox 1799 4169 1997 4223; x_wconf 82' lang='lat' dir='ltr'><strong>huma-</strong></span> 
     </span>
    </p>
   </div>
   <div class='ocr_carea' id='block_1_72' title="bbox 422 4257 1998 4324">
    <p class='ocr_par' dir='ltr' id='par_1_72' title="bbox 422 4257 1998 4324">
     <span class='ocr_line' id='line_1_72' title="bbox 422 4257 1998 4324; baseline 0.001 -14"><span class='ocrx_word' id='word_1_520' title='bbox 422 4258 668 4323; x_wconf 88' lang='lat' dir='ltr'><strong>nitatem,</strong></span> <span class='ocrx_word' id='word_1_521' title='bbox 706 4257 854 4315; x_wconf 91' lang='lat' dir='ltr'><strong>illius</strong></span> <span class='ocrx_word' id='word_1_522' title='bbox 879 4274 1028 4324; x_wconf 90' lang='lat' dir='ltr'><strong>vero,</strong></span> <span class='ocrx_word' id='word_1_523' title='bbox 1055 4259 1295 4315; x_wconf 91' lang='lat' dir='ltr'><strong>studium</strong></span> <span class='ocrx_word' id='word_1_524' title='bbox 1321 4259 1582 4315; x_wconf 66' lang='lat' dir='ltr'><strong>scientiae.</strong></span> <span class='ocrx_word' id='word_1_525' title='bbox 1605 4259 1797 4315; x_wconf 84' lang='lat' dir='ltr'><strong>Omnia</strong></span> <span class='ocrx_word' id='word_1_526' title='bbox 1817 4268 1998 4314; x_wconf 89' lang='lat' dir='ltr'><strong>autem</strong></span> 
     </span>
    </p>
   </div>
   <div class='ocr_carea' id='block_1_73' title="bbox 423 4351 2000 4426">
    <p class='ocr_par' dir='ltr' id='par_1_73' title="bbox 423 4351 2000 4426">
     <span class='ocr_line' id='line_1_73' title="bbox 423 4351 2000 4426; baseline 0.003 -22"><span class='ocrx_word' id='word_1_527' title='bbox 423 4351 482 4405; x_wconf 91' lang='lat' dir='ltr'><strong>in</strong></span> <span class='ocrx_word' id='word_1_528' title='bbox 515 4352 602 4406; x_wconf 90' lang='lat' dir='ltr'><strong>his</strong></span> <span class='ocrx_word' id='word_1_529' title='bbox 629 4351 842 4408; x_wconf 88' lang='lat' dir='ltr'><strong>duobus</strong></span> <span class='ocrx_word' id='word_1_530' title='bbox 887 4356 1066 4425; x_wconf 88' lang='lat' dir='ltr'><strong>posita</strong></span> <span class='ocrx_word' id='word_1_531' title='bbox 1109 4371 1265 4418; x_wconf 89' lang='lat' dir='ltr'><strong>esse,</strong></span> <span class='ocrx_word' id='word_1_532' title='bbox 1302 4356 1436 4410; x_wconf 92' lang='lat' dir='ltr'><strong>nulli</strong></span> <span class='ocrx_word' id='word_1_533' title='bbox 1481 4355 1686 4412; x_wconf 88' lang='lat' dir='ltr'><strong>Christi</strong></span> <span class='ocrx_word' id='word_1_534' title='bbox 1731 4356 2000 4426; x_wconf 85' lang='lat' dir='ltr'><strong>discipulo</strong></span> 
     </span>
    </p>
   </div>
   <div class='ocr_carea' id='block_1_74' title="bbox 424 4442 808 4514">
    <p class='ocr_par' dir='ltr' id='par_1_74' title="bbox 424 4442 808 4514">
     <span class='ocr_line' id='line_1_74' title="bbox 424 4442 808 4514; baseline 0.005 -18"><span class='ocrx_word' id='word_1_535' title='bbox 424 4442 671 4514; x_wconf 87' lang='lat' dir='ltr'><strong>ignotum</strong></span> <span class='ocrx_word' id='word_1_536' title='bbox 704 4453 808 4500; x_wconf 89' lang='lat' dir='ltr'><strong>est.</strong></span> 
     </span>
    </p>
   </div>
   <div class='ocr_carea' id='block_1_75' title="bbox 495 4536 2000 4611">
    <p class='ocr_par' dir='ltr' id='par_1_75' title="bbox 495 4536 2000 4611">
     <span class='ocr_line' id='line_1_75' title="bbox 495 4536 2000 4611; baseline 0.004 -22"><span class='ocrx_word' id='word_1_537' title='bbox 495 4536 550 4590; x_wconf 73' lang='lat'><strong>2.</strong></span> <span class='ocrx_word' id='word_1_538' title='bbox 592 4536 858 4592; x_wconf 71' lang='lat' dir='ltr'><strong>Caeterum</strong></span> <span class='ocrx_word' id='word_1_539' title='bbox 890 4553 1011 4608; x_wconf 66' lang='lat' dir='ltr'><strong>quae</strong></span> <span class='ocrx_word' id='word_1_540' title='bbox 1044 4541 1289 4609; x_wconf 90' lang='lat' dir='ltr'><strong>postulas</strong></span> <span class='ocrx_word' id='word_1_541' title='bbox 1336 4539 1579 4611; x_wconf 83' lang='lat' dir='ltr'><strong>Dionysii</strong></span> <span class='ocrx_word' id='word_1_542' title='bbox 1631 4541 1832 4610; x_wconf 81' lang='lat' dir='ltr'><strong>scripta</strong></span> <span class='ocrx_word' id='word_1_543' title='bbox 1857 4581 1869 4602; x_wconf 84' lang='lat'><strong>.</strong></span> <span class='ocrx_word' id='word_1_544' title='bbox 1895 4553 2000 4595; x_wconf 76' lang='lat' dir='ltr'><strong>ve-</strong></span> 
     </span>
    </p>
   </div>
   <div class='ocr_carea' id='block_1_76' title="bbox 426 4627 2003 4698">
    <p class='ocr_par' dir='ltr' id='par_1_76' title="bbox 426 4627 2003 4698">
     <span class='ocr_line' id='line_1_76' title="bbox 426 4627 2003 4698; baseline 0.003 -16"><span class='ocrx_word' id='word_1_545' title='bbox 426 4643 558 4683; x_wconf 86' lang='lat' dir='ltr'><strong>nere</strong></span> <span class='ocrx_word' id='word_1_546' title='bbox 593 4627 684 4681; x_wconf 89' lang='lat' dir='ltr'><strong>illa</strong></span> <span class='ocrx_word' id='word_1_547' title='bbox 721 4629 942 4698; x_wconf 90' lang='lat' dir='ltr'><strong>quidem</strong></span> <span class='ocrx_word' id='word_1_548' title='bbox 980 4630 1046 4683; x_wconf 91' lang='lat' dir='ltr'><strong>ad</strong></span> <span class='ocrx_word' id='word_1_549' title='bbox 1075 4646 1174 4685; x_wconf 89' lang='lat' dir='ltr'><strong>nos</strong></span> <span class='ocrx_word' id='word_1_550' title='bbox 1203 4670 1218 4695; x_wconf 89' lang='lat'><strong>,</strong></span> <span class='ocrx_word' id='word_1_551' title='bbox 1255 4639 1310 4686; x_wconf 88' lang='lat' dir='ltr'><strong>et</strong></span> <span class='ocrx_word' id='word_1_552' title='bbox 1341 4633 1495 4688; x_wconf 90' lang='lat' dir='ltr'><strong>valde</strong></span> <span class='ocrx_word' id='word_1_553' title='bbox 1525 4632 1730 4687; x_wconf 89' lang='lat' dir='ltr'><strong>multa:</strong></span> <span class='ocrx_word' id='word_1_554' title='bbox 1765 4631 1860 4688; x_wconf 91' lang='lat' dir='ltr'><strong>sed</strong></span> <span class='ocrx_word' id='word_1_555' title='bbox 1894 4648 2003 4686; x_wconf 92' lang='lat' dir='ltr'><strong>non</strong></span> 
     </span>
    </p>
   </div>
   <div class='ocr_carea' id='block_1_77' title="bbox 427 4715 2004 4782">
    <p class='ocr_par' dir='ltr' id='par_1_77' title="bbox 427 4715 2004 4782">
     <span class='ocr_line' id='line_1_77' title="bbox 427 4715 2004 4782; baseline 0.004 -12"><span class='ocrx_word' id='word_1_556' title='bbox 427 4717 630 4771; x_wconf 90' lang='lat' dir='ltr'><strong>adsunt</strong></span> <span class='ocrx_word' id='word_1_557' title='bbox 660 4715 808 4782; x_wconf 89' lang='lat' dir='ltr'><strong>libri,</strong></span> <span class='ocrx_word' id='word_1_558' title='bbox 835 4725 889 4773; x_wconf 88' lang='lat' dir='ltr'><strong>et</strong></span> <span class='ocrx_word' id='word_1_559' title='bbox 914 4717 1121 4773; x_wconf 89' lang='lat' dir='ltr'><strong>idcirco</strong></span> <span class='ocrx_word' id='word_1_560' title='bbox 1150 4735 1258 4775; x_wconf 90' lang='lat' dir='ltr'><strong>non</strong></span> <span class='ocrx_word' id='word_1_561' title='bbox 1282 4720 1872 4776; x_wconf 75' lang='lat' dir='ltr'><strong>misimus.&#39;Sententia</strong></span> <span class='ocrx_word' id='word_1_562' title='bbox 1907 4737 2004 4776; x_wconf 91' lang='lat' dir='ltr'><strong>au-</strong></span> 
     </span>
    </p>
   </div>
   <div class='ocr_carea' id='block_1_78' title="bbox 426 4807 2003 4881">
    <p class='ocr_par' dir='ltr' id='par_1_78' title="bbox 426 4807 2003 4881">
     <span class='ocr_line' id='line_1_78' title="bbox 426 4807 2003 4881; baseline 0.001 -19"><span class='ocrx_word' id='word_1_563' title='bbox 426 4818 538 4862; x_wconf 88' lang='lat' dir='ltr'><strong>tem</strong></span> <span class='ocrx_word' id='word_1_564' title='bbox 563 4817 751 4864; x_wconf 88' lang='lat' dir='ltr'><strong>nostra</strong></span> <span class='ocrx_word' id='word_1_565' title='bbox 779 4808 896 4864; x_wconf 66' lang='lat' dir='ltr'><strong>haec</strong></span> <span class='ocrx_word' id='word_1_566' title='bbox 927 4815 1032 4865; x_wconf 89' lang='lat' dir='ltr'><strong>est.</strong></span> <span class='ocrx_word' id='word_1_567' title='bbox 1067 4807 1188 4864; x_wconf 85' lang='lat' dir='ltr'><strong>Non</strong></span> <span class='ocrx_word' id='word_1_568' title='bbox 1217 4811 1400 4864; x_wconf 88' lang='lat' dir='ltr'><strong>omnia</strong></span> <span class='ocrx_word' id='word_1_569' title='bbox 1430 4811 1533 4866; x_wconf 91' lang='lat' dir='ltr'><strong>viri</strong></span> <span class='ocrx_word' id='word_1_570' title='bbox 1566 4811 1731 4881; x_wconf 88' lang='lat' dir='ltr'><strong>hujus</strong></span> <span class='ocrx_word' id='word_1_571' title='bbox 1765 4811 2003 4866; x_wconf 88' lang='lat' dir='ltr'><strong>admira—</strong></span> 
     </span>
    </p>
   </div>
   <div class='ocr_carea' id='block_1_79' title="bbox 423 4903 2000 4974">
    <p class='ocr_par' dir='ltr' id='par_1_79' title="bbox 423 4903 2000 4974">
     <span class='ocr_line' id='line_1_79' title="bbox 423 4903 2000 4974; baseline -0.001 -17"><span class='ocrx_word' id='word_1_572' title='bbox 423 4917 583 4958; x_wconf 87' lang='lat' dir='ltr'><strong>mur:</strong></span> <span class='ocrx_word' id='word_1_573' title='bbox 625 4904 736 4958; x_wconf 88' lang='lat' dir='ltr'><strong>imo</strong></span> <span class='ocrx_word' id='word_1_574' title='bbox 776 4911 926 4968; x_wconf 90' lang='lat' dir='ltr'><strong>sunt,</strong></span> <span class='ocrx_word' id='word_1_575' title='bbox 976 4917 1097 4973; x_wconf 62' lang='lat' dir='ltr'><strong>quae</strong></span> <span class='ocrx_word' id='word_1_576' title='bbox 1128 4917 1353 4972; x_wconf 90' lang='lat' dir='ltr'><strong>prorsus</strong></span> <span class='ocrx_word' id='word_1_577' title='bbox 1389 4904 1552 4957; x_wconf 89' lang='lat' dir='ltr'><strong>etiam</strong></span> <span class='ocrx_word' id='word_1_578' title='bbox 1603 4903 2000 4974; x_wconf 90' lang='lat' dir='ltr'><strong>improbemus.</strong></span> 
     </span>
    </p>
   </div>
   <div class='ocr_carea' id='block_1_80' title="bbox 423 4990 1997 5062">
    <p class='ocr_par' dir='ltr' id='par_1_80' title="bbox 423 4990 1997 5062">
     <span class='ocr_line' id='line_1_80' title="bbox 423 4990 1997 5062; baseline 0.001 -18"><span class='ocrx_word' id='word_1_579' title='bbox 423 4990 560 5046; x_wconf 83' lang='lat' dir='ltr'><strong>Nam</strong></span> <span class='ocrx_word' id='word_1_580' title='bbox 585 4991 874 5049; x_wconf 78' lang='lat' dir='ltr'><strong>fere‘illius</strong></span> <span class='ocrx_word' id='word_1_581' title='bbox 900 5007 1022 5062; x_wconf 71' lang='lat' dir='ltr'><strong>qua:</strong></span> <span class='ocrx_word' id='word_1_582' title='bbox 1042 5007 1188 5046; x_wconf 89' lang='lat' dir='ltr'><strong>nunc</strong></span> <span class='ocrx_word' id='word_1_583' title='bbox 1213 4991 1642 5059; x_wconf 87' lang='lat' dir='ltr'><strong>circumstrepit,</strong></span> <span class='ocrx_word' id='word_1_584' title='bbox 1682 4993 1997 5062; x_wconf 90' lang='lat' dir='ltr'><strong>impietatis,</strong></span> 
     </span>
    </p>
   </div>
   <div class='ocr_carea' id='block_1_81' title="bbox 420 5083 1996 5154">
    <p class='ocr_par' dir='ltr' id='par_1_81' title="bbox 420 5083 1996 5154">
     <span class='ocr_line' id='line_1_81' title="bbox 420 5083 1996 5154; baseline 0.001 -15"><span class='ocrx_word' id='word_1_585' title='bbox 420 5084 748 5139; x_wconf 70' lang='lat' dir='ltr'><strong>Anomteam</strong></span> <span class='ocrx_word' id='word_1_586' title='bbox 774 5083 934 5151; x_wconf 89' lang='lat' dir='ltr'><strong>dico,</strong></span> <span class='ocrx_word' id='word_1_587' title='bbox 973 5085 1020 5139; x_wconf 94' lang='lat' dir='ltr'><strong>is</strong></span> <span class='ocrx_word' id='word_1_588' title='bbox 1051 5090 1465 5154; x_wconf 35' lang='lat' dir='ltr'><strong>est,.quantum</strong></span> <span class='ocrx_word' id='word_1_589' title='bbox 1507 5084 1725 5154; x_wconf 91' lang='lat' dir='ltr'><strong>quidem</strong></span> <span class='ocrx_word' id='word_1_590' title='bbox 1767 5086 1996 5150; x_wconf 85' lang='lat' dir='ltr'><strong>scimus,</strong></span> 
     </span>
    </p>
   </div>
   <div class='ocr_carea' id='block_1_82' title="bbox 496 5234 2031 5303">
    <p class='ocr_par' dir='ltr' id='par_1_82' title="bbox 496 5234 2031 5303">
     <span class='ocr_line' id='line_1_82' title="bbox 496 5234 2031 5303; baseline -0.001 -9"><span class='ocrx_word' id='word_1_591' title='bbox 496 5237 542 5272; x_wconf 83' lang='grc'><strong><em>⁸⁷</em></strong></span> <span class='ocrx_word' id='word_1_592' title='bbox 566 5238 711 5295; x_wconf 86' lang='lat' dir='ltr'><strong>Psal.</strong></span> <span class='ocrx_word' id='word_1_593' title='bbox 740 5253 876 5302; x_wconf 78' lang='lat' dir='ltr'><strong>xv&quot;,</strong></span> <span class='ocrx_word' id='word_1_594' title='bbox 905 5238 994 5294; x_wconf 66' lang='lat'><strong>&#39;54.</strong></span> <span class='ocrx_word' id='word_1_595' title='bbox 1068 5234 1120 5271; x_wconf 69' lang='grc'><strong>’⁸³</strong></span> <span class='ocrx_word' id='word_1_596' title='bbox 1159 5235 1319 5291; x_wconf 89' lang='lat' dir='ltr'><strong>Prov.</strong></span> <span class='ocrx_word' id='word_1_597' title='bbox 1354 5253 1429 5301; x_wconf 74' lang='grc' dir='ltr'>γι,</span> <span class='ocrx_word' id='word_1_598' title='bbox 1466 5238 1518 5291; x_wconf 91' lang='grc'><strong>6.</strong></span> <span class='ocrx_word' id='word_1_599' title='bbox 1595 5238 1641 5270; x_wconf 69' lang='grc'><strong>’⁸</strong></span> <span class='ocrx_word' id='word_1_600' title='bbox 1674 5237 1840 5294; x_wconf 70' lang='lat' dir='ltr'><strong>Eccli.</strong></span> <span class='ocrx_word' id='word_1_601' title='bbox 1866 5255 1942 5303; x_wconf 75' lang='lat' dir='ltr'><strong>xi,</strong></span> <span class='ocrx_word' id='word_1_602' title='bbox 1976 5240 2031 5293; x_wconf 76' lang='grc'>5.</span> 
     </span>
    </p>
   </div>
   <div class='ocr_carea' id='block_1_83' title="bbox 483 5388 1691 5462">
    <p class='ocr_par' dir='ltr' id='par_1_83' title="bbox 483 5388 1691 5462">
     <span class='ocr_line' id='line_1_83' title="bbox 483 5388 1691 5462; baseline 0.002 -18"><span class='ocrx_word' id='word_1_603' title='bbox 483 5389 702 5462; x_wconf 32' lang='lat' dir='ltr'><strong>{Alias</strong></span> <span class='ocrx_word' id='word_1_604' title='bbox 729 5388 863 5446; x_wconf 78' lang='lat' dir='ltr'><strong>XLI.</strong></span> <span class='ocrx_word' id='word_1_605' title='bbox 898 5391 1114 5462; x_wconf 79' lang='lat' dir='ltr'><strong>scripta</strong></span> <span class='ocrx_word' id='word_1_606' title='bbox 1145 5391 1291 5462; x_wconf 80' lang='lat' dir='ltr'><strong>circa</strong></span> <span class='ocrx_word' id='word_1_607' title='bbox 1325 5405 1525 5444; x_wconf 90' lang='lat' dir='ltr'><strong>annum</strong></span> <span class='ocrx_word' id='word_1_608' title='bbox 1567 5391 1691 5462; x_wconf 80' lang='grc'>561.</span> 
     </span>
    </p>
   </div>
   <div class='ocr_carea' id='block_1_84' title="bbox 497 5459 1694 5533">
    <p class='ocr_par' dir='ltr' id='par_1_84' title="bbox 497 5459 1694 5533">
     <span class='ocr_line' id='line_1_84' title="bbox 497 5459 1694 5533; baseline 0.001 -19"><span class='ocrx_word' id='word_1_609' title='bbox 497 5459 574 5532; x_wconf 69' lang='lat'><strong>(2)</strong></span> <span class='ocrx_word' id='word_1_610' title='bbox 608 5462 914 5533; x_wconf 60' lang='grc' dir='ltr'>Προφέρει.</span> <span class='ocrx_word' id='word_1_611' title='bbox 943 5459 1040 5533; x_wconf 47' lang='lat' dir='ltr'><strong>lt_a_</strong></span> <span class='ocrx_word' id='word_1_612' title='bbox 1057 5477 1190 5533; x_wconf 83' lang='lat' dir='ltr'><strong>mss.</strong></span> <span class='ocrx_word' id='word_1_613' title='bbox 1227 5461 1364 5516; x_wconf 89' lang='lat' dir='ltr'><strong>Editi</strong></span> <span class='ocrx_word' id='word_1_614' title='bbox 1383 5461 1694 5533; x_wconf 53' lang='grc' dir='ltr'>προσφέρει</span> 
     </span>
    </p>
   </div>
   <div class='ocr_carea' id='block_1_85' title="bbox 497 5530 1997 5604">
    <p class='ocr_par' dir='ltr' id='par_1_85' title="bbox 497 5530 1997 5604">
     <span class='ocr_line' id='line_1_85' title="bbox 497 5530 1997 5604; baseline 0 -21"><span class='ocrx_word' id='word_1_615' title='bbox 497 5530 576 5604; x_wconf 63' lang='grc' dir='ltr'><strong>(ὅ)</strong></span> <span class='ocrx_word' id='word_1_616' title='bbox 611 5532 720 5604; x_wconf 68' lang='lat' dir='ltr'><strong>Kal</strong></span> <span class='ocrx_word' id='word_1_617' title='bbox 753 5530 829 5604; x_wconf 68' lang='grc' dir='ltr'><strong>δι’</strong></span> <span class='ocrx_word' id='word_1_618' title='bbox 858 5530 1066 5604; x_wconf 76' lang='grc' dir='ltr'>αὐτῆς.</span> <span class='ocrx_word' id='word_1_619' title='bbox 1102 5531 1174 5604; x_wconf 79' lang='lat' dir='ltr'><strong>Ita</strong></span> <span class='ocrx_word' id='word_1_620' title='bbox 1216 5547 1349 5586; x_wconf 89' lang='lat' dir='ltr'><strong>mss.</strong></span> <span class='ocrx_word' id='word_1_621' title='bbox 1383 5530 1522 5604; x_wconf 71' lang='lat' dir='ltr'><strong>Editi</strong></span> <span class='ocrx_word' id='word_1_622' title='bbox 1554 5530 1659 5585; x_wconf 72' lang='grc' dir='ltr'>καὶ</span> <span class='ocrx_word' id='word_1_623' title='bbox 1701 5531 1770 5584; x_wconf 81' lang='grc' dir='ltr'>δι’</span> <span class='ocrx_word' id='word_1_624' title='bbox 1804 5530 1997 5604; x_wconf 72' lang='grc' dir='ltr'>αὐτοῦ.</span> 
     </span>
    </p>
   </div>
   <div class='ocr_carea' id='block_1_86' title="bbox 499 5537 2000 5672">
    <p class='ocr_par' dir='ltr' id='par_1_86' title="bbox 499 5537 2000 5672">
     <span class='ocr_line' id='line_1_86' title="bbox 499 5537 1997 5604; baseline -0.002 -18"><span class='ocrx_word' id='word_1_625' title='bbox 499 5537 555 5604; x_wconf 75' lang='grc'><strong>(5</strong></span> <span class='ocrx_word' id='word_1_626' title='bbox 611 5537 720 5584; x_wconf 82' lang='grc' dir='ltr'><strong>Καὶ</strong></span> <span class='ocrx_word' id='word_1_627' title='bbox 753 5537 829 5584; x_wconf 82' lang='grc' dir='ltr'>δι’</span> <span class='ocrx_word' id='word_1_628' title='bbox 858 5537 1066 5600; x_wconf 79' lang='grc' dir='ltr'>αὐτῆς.</span> <span class='ocrx_word' id='word_1_629' title='bbox 1103 5537 1174 5585; x_wconf 84' lang='lat' dir='ltr'><strong>Ita</strong></span> <span class='ocrx_word' id='word_1_630' title='bbox 1216 5547 1349 5586; x_wconf 89' lang='lat' dir='ltr'><strong>mss.</strong></span> <span class='ocrx_word' id='word_1_631' title='bbox 1383 5537 1522 5587; x_wconf 77' lang='lat' dir='ltr'><strong>Editi</strong></span> <span class='ocrx_word' id='word_1_632' title='bbox 1568 5537 1659 5585; x_wconf 72' lang='grc' dir='ltr'>καὶ</span> <span class='ocrx_word' id='word_1_633' title='bbox 1701 5537 1770 5584; x_wconf 82' lang='grc' dir='ltr'>δι’</span> <span class='ocrx_word' id='word_1_634' title='bbox 1804 5537 1997 5584; x_wconf 80' lang='grc' dir='ltr'>αὐτοῦ.</span> 
     </span>
     <span class='ocr_line' id='line_1_87' title="bbox 499 5537 2000 5672; baseline -0.001 -16"><span class='ocrx_word' id='word_1_635' title='bbox 499 5537 577 5672; x_wconf 52' lang='grc' dir='ltr'><strong>(ιζ</strong></span> <span class='ocrx_word' id='word_1_636' title='bbox 626 5602 790 5655; x_wconf 79' lang='grc' dir='ltr'><strong>Ἀλλ’</strong></span> <span class='ocrx_word' id='word_1_637' title='bbox 831 5601 1402 5670; x_wconf 74' lang='grc' dir='ltr'>εὐχαριστήσαντες.</span> <span class='ocrx_word' id='word_1_638' title='bbox 1455 5601 1637 5656; x_wconf 87' lang='lat' dir='ltr'><strong>Prima</strong></span> <span class='ocrx_word' id='word_1_639' title='bbox 1676 5618 1778 5656; x_wconf 80' lang='lat' dir='ltr'><strong>vox</strong></span> <span class='ocrx_word' id='word_1_640' title='bbox 1817 5601 2000 5655; x_wconf 86' lang='lat' dir='ltr'><strong>addita</strong></span> 
     </span>
    </p>
   </div>
   <div class='ocr_carea' id='block_1_87' title="bbox 423 5688 2003 5816">
    <p class='ocr_par' dir='ltr' id='par_1_87' title="bbox 423 5688 2003 5816">
     <span class='ocr_line' id='line_1_88' title="bbox 423 5688 2003 5816; baseline -0.003 -17"><span class='ocrx_word' id='word_1_641' title='bbox 423 5688 723 5816; x_wconf 37' lang='lat' dir='ltr'><strong>“(basiat</strong></span> <span class='ocrx_word' id='word_1_642' title='bbox 745 5739 1018 5812; x_wconf 74' lang='grc' dir='ltr'>μέγιστα.</span> <span class='ocrx_word' id='word_1_643' title='bbox 1052 5740 1141 5797; x_wconf 90' lang='lat' dir='ltr'><strong>Sic</strong></span> <span class='ocrx_word' id='word_1_644' title='bbox 1171 5741 1389 5800; x_wconf 81' lang='lat' dir='ltr'><strong>codices</strong></span> <span class='ocrx_word' id='word_1_645' title='bbox 1436 5759 1568 5800; x_wconf 86' lang='lat' dir='ltr'><strong>mss.</strong></span> <span class='ocrx_word' id='word_1_646' title='bbox 1599 5759 1806 5799; x_wconf 83' lang='lat' dir='ltr'><strong>omnes.</strong></span> <span class='ocrx_word' id='word_1_647' title='bbox 1858 5739 2003 5795; x_wconf 86' lang='lat' dir='ltr'><strong>EJiti</strong></span> 
     </span>
    </p>
   </div>
   <div class='ocr_carea' id='block_1_88' title="bbox 2580 3600 3191 3672">
    <p class='ocr_par' dir='ltr' id='par_1_88' title="bbox 2580 3600 3191 3672">
     <span class='ocr_line' id='line_1_89' title="bbox 2580 3600 3191 3672; baseline -0.01 -13"><span class='ocrx_word' id='word_1_648' title='bbox 2580 3601 2827 3672; x_wconf 77' lang='grc' dir='ltr'>Μαξίμῳ</span> <span class='ocrx_word' id='word_1_649' title='bbox 2857 3600 3191 3671; x_wconf 67' lang='grc' dir='ltr'>φιλοσόφῳ.</span> 
     </span>
    </p>
   </div>
   <div class='ocr_carea' id='block_1_89' title="bbox 2169 3707 3681 3782">
    <p class='ocr_par' dir='ltr' id='par_1_89' title="bbox 2169 3707 3681 3782">
     <span class='ocr_line' id='line_1_90' title="bbox 2169 3707 3681 3782; baseline -0.007 -8"><span class='ocrx_word' id='word_1_650' title='bbox 2169 3720 2222 3775; x_wconf 76' lang='grc' dir='ltr'><strong>ι.</strong></span> <span class='ocrx_word' id='word_1_651' title='bbox 2263 3719 2486 3781; x_wconf 85' lang='grc' dir='ltr'>Εἰκόνες</span> <span class='ocrx_word' id='word_1_652' title='bbox 2518 3716 2688 3778; x_wconf 75' lang='grc' dir='ltr'>ὅντως</span> <span class='ocrx_word' id='word_1_653' title='bbox 2726 3713 2834 3768; x_wconf 91' lang='grc' dir='ltr'><strong>τῶν</strong></span> <span class='ocrx_word' id='word_1_654' title='bbox 2869 3711 3058 3782; x_wconf 80' lang='grc' dir='ltr'>ψυχῶν</span> <span class='ocrx_word' id='word_1_655' title='bbox 3085 3712 3221 3764; x_wconf 82' lang='grc' dir='ltr'>εἰσιν</span> <span class='ocrx_word' id='word_1_656' title='bbox 3249 3709 3300 3763; x_wconf 78' lang='grc' dir='ltr'>οἱ</span> <span class='ocrx_word' id='word_1_657' title='bbox 3323 3707 3491 3778; x_wconf 85' lang='grc' dir='ltr'>λόγοι.</span> <span class='ocrx_word' id='word_1_658' title='bbox 3530 3708 3681 3763; x_wconf 70' lang='grc' dir='ltr'>Κατι-</span> 
     </span>
    </p>
   </div>
   <div class='ocr_carea' id='block_1_90' title="bbox 2098 3797 3694 3884">
    <p class='ocr_par' dir='ltr' id='par_1_90' title="bbox 2098 3797 3694 3884">
     <span class='ocr_line' id='line_1_91' title="bbox 2098 3797 3694 3884; baseline -0.008 -18"><span class='ocrx_word' id='word_1_659' title='bbox 2098 3811 2372 3884; x_wconf 88' lang='grc' dir='ltr'>εμάθομεν</span> <span class='ocrx_word' id='word_1_660' title='bbox 2424 3805 2518 3864; x_wconf 82' lang='grc' dir='ltr'><strong>οῦν</strong></span> <span class='ocrx_word' id='word_1_661' title='bbox 2570 3826 2630 3862; x_wconf 91' lang='grc' dir='ltr'><strong>σε</strong></span> <span class='ocrx_word' id='word_1_662' title='bbox 2667 3807 2755 3860; x_wconf 84' lang='grc' dir='ltr'>διὰ</span> <span class='ocrx_word' id='word_1_663' title='bbox 2803 3799 2895 3859; x_wconf 87' lang='grc' dir='ltr'><strong>τοῦ</strong></span> <span class='ocrx_word' id='word_1_664' title='bbox 2931 3805 3282 3876; x_wconf 86' lang='grc' dir='ltr'>γράμματος,</span> <span class='ocrx_word' id='word_1_665' title='bbox 3313 3802 3459 3870; x_wconf 82' lang='grc' dir='ltr'>ὅσον,</span> <span class='ocrx_word' id='word_1_666' title='bbox 3489 3797 3694 3870; x_wconf 57' lang='grc' dir='ltr'>φασὶν,</span> 
     </span>
    </p>
   </div>
   <div class='ocr_carea' id='block_1_91' title="bbox 2099 3893 3681 3972">
    <p class='ocr_par' dir='ltr' id='par_1_91' title="bbox 2099 3893 3681 3972">
     <span class='ocr_line' id='line_1_92' title="bbox 2099 3893 3681 3972; baseline -0.008 -16"><span class='ocrx_word' id='word_1_667' title='bbox 2099 3903 2158 3967; x_wconf 81' lang='grc' dir='ltr'>ἐξ</span> <span class='ocrx_word' id='word_1_668' title='bbox 2185 3902 2392 3972; x_wconf 82' lang='grc' dir='ltr'>ὀνύχων</span> <span class='ocrx_word' id='word_1_669' title='bbox 2435 3900 2525 3954; x_wconf 77' lang='grc' dir='ltr'>τὸν</span> <span class='ocrx_word' id='word_1_670' title='bbox 2556 3900 2772 3953; x_wconf 83' lang='grc' dir='ltr'>λέοντα·</span> <span class='ocrx_word' id='word_1_671' title='bbox 2814 3897 2910 3950; x_wconf 78' lang='grc' dir='ltr'>καὶ</span> <span class='ocrx_word' id='word_1_672' title='bbox 2948 3895 3226 3966; x_wconf 85' lang='grc' dir='ltr'>ἥσθημεν,</span> <span class='ocrx_word' id='word_1_673' title='bbox 3260 3893 3514 3966; x_wconf 81' lang='grc' dir='ltr'>εὑρόντες</span> <span class='ocrx_word' id='word_1_674' title='bbox 3547 3908 3681 3963; x_wconf 87' lang='grc' dir='ltr'>περι</span> 
     </span>
    </p>
   </div>
   <div class='ocr_carea' id='block_1_92' title="bbox 2097 3982 3680 4064">
    <p class='ocr_par' dir='ltr' id='par_1_92' title="bbox 2097 3982 3680 4064">
     <span class='ocr_line' id='line_1_93' title="bbox 2097 3982 3680 4064; baseline -0.008 -16"><span class='ocrx_word' id='word_1_675' title='bbox 2097 3994 2166 4048; x_wconf 85' lang='grc' dir='ltr'>τὰ</span> <span class='ocrx_word' id='word_1_676' title='bbox 2196 3993 2391 4064; x_wconf 87' lang='grc' dir='ltr'>πρῶτα</span> <span class='ocrx_word' id='word_1_677' title='bbox 2432 3992 2528 4046; x_wconf 77' lang='grc' dir='ltr'>καὶ</span> <span class='ocrx_word' id='word_1_678' title='bbox 2573 3991 2807 4063; x_wconf 90' lang='grc' dir='ltr'>μέγιστα</span> <span class='ocrx_word' id='word_1_679' title='bbox 2833 3986 2910 4060; x_wconf 83' lang='lat'><strong>(5)</strong></span> <span class='ocrx_word' id='word_1_680' title='bbox 2951 3987 3060 4041; x_wconf 90' lang='grc' dir='ltr'><strong>τῶν</strong></span> <span class='ocrx_word' id='word_1_681' title='bbox 3092 3985 3314 4055; x_wconf 83' lang='grc' dir='ltr'>ἀγαθῶν</span> <span class='ocrx_word' id='word_1_682' title='bbox 3351 3985 3453 4039; x_wconf 88' lang='grc' dir='ltr'><strong>οὐκ</strong></span> <span class='ocrx_word' id='word_1_683' title='bbox 3491 3982 3680 4054; x_wconf 80' lang='grc' dir='ltr'>ἀργῶς</span> 
     </span>
    </p>
   </div>
   <div class='ocr_carea' id='block_1_93' title="bbox 2098 4071 3678 4152">
    <p class='ocr_par' dir='ltr' id='par_1_93' title="bbox 2098 4071 3678 4152">
     <span class='ocr_line' id='line_1_94' title="bbox 2098 4071 3678 4152; baseline -0.008 -16"><span class='ocrx_word' id='word_1_684' title='bbox 2098 4082 2473 4152; x_wconf 88' lang='grc' dir='ltr'>διακείμενον,</span> <span class='ocrx_word' id='word_1_685' title='bbox 2511 4082 2611 4152; x_wconf 83' lang='grc' dir='ltr'>τήν</span> <span class='ocrx_word' id='word_1_686' title='bbox 2651 4098 2710 4134; x_wconf 91' lang='grc' dir='ltr'><strong>τε</strong></span> <span class='ocrx_word' id='word_1_687' title='bbox 2742 4079 2878 4152; x_wconf 85' lang='grc' dir='ltr'>πρὸς</span> <span class='ocrx_word' id='word_1_688' title='bbox 2916 4077 3006 4131; x_wconf 84' lang='grc' dir='ltr'><strong>τὸν</strong></span> <span class='ocrx_word' id='word_1_689' title='bbox 3045 4076 3177 4129; x_wconf 80' lang='grc' dir='ltr'>Θεὸν</span> <span class='ocrx_word' id='word_1_690' title='bbox 3215 4074 3436 4145; x_wconf 85' lang='grc' dir='ltr'>ἀγάπην</span> <span class='ocrx_word' id='word_1_691' title='bbox 3465 4073 3558 4126; x_wconf 82' lang='grc' dir='ltr'>καὶ</span> <span class='ocrx_word' id='word_1_692' title='bbox 3589 4071 3678 4124; x_wconf 78' lang='grc' dir='ltr'><strong>τὸν</strong></span> 
     </span>
    </p>
   </div>
   <div class='ocr_carea' id='block_1_94' title="bbox 2101 4156 3681 4244">
    <p class='ocr_par' dir='ltr' id='par_1_94' title="bbox 2101 4156 3681 4244">
     <span class='ocr_line' id='line_1_95' title="bbox 2101 4156 3681 4244; baseline -0.008 -17"><span class='ocrx_word' id='word_1_693' title='bbox 2101 4174 2347 4244; x_wconf 89' lang='grc' dir='ltr'>πλησίον.</span> <span class='ocrx_word' id='word_1_694' title='bbox 2401 4173 2630 4244; x_wconf 90' lang='grc' dir='ltr'>Σημεῖον</span> <span class='ocrx_word' id='word_1_695' title='bbox 2674 4172 2730 4225; x_wconf 84' lang='grc' dir='ltr'>δὲ</span> <span class='ocrx_word' id='word_1_696' title='bbox 2763 4169 3065 4242; x_wconf 88' lang='grc' dir='ltr'>ποιούμεθα</span> <span class='ocrx_word' id='word_1_697' title='bbox 3108 4168 3202 4222; x_wconf 87' lang='grc' dir='ltr'><strong>τοῦ</strong></span> <span class='ocrx_word' id='word_1_698' title='bbox 3260 4166 3359 4238; x_wconf 86' lang='grc' dir='ltr'>μὲν</span> <span class='ocrx_word' id='word_1_699' title='bbox 3403 4165 3504 4236; x_wconf 82' lang='grc' dir='ltr'>τὴν</span> <span class='ocrx_word' id='word_1_700' title='bbox 3547 4156 3681 4236; x_wconf 77' lang='grc' dir='ltr'>περὶ</span> 
     </span>
    </p>
   </div>
   <div class='ocr_carea' id='block_1_95' title="bbox 2102 4255 3679 4334">
    <p class='ocr_par' dir='ltr' id='par_1_95' title="bbox 2102 4255 3679 4334">
     <span class='ocr_line' id='line_1_96' title="bbox 2102 4255 3679 4334; baseline -0.008 -15"><span class='ocrx_word' id='word_1_701' title='bbox 2102 4266 2248 4334; x_wconf 76' lang='grc' dir='ltr'>ἡμᾶς</span> <span class='ocrx_word' id='word_1_702' title='bbox 2290 4263 2572 4334; x_wconf 80' lang='grc' dir='ltr'>δεξιότητά</span> <span class='ocrx_word' id='word_1_703' title='bbox 2617 4282 2709 4317; x_wconf 88' lang='grc' dir='ltr'><strong>σου</strong></span> <span class='ocrx_word' id='word_1_704' title='bbox 2739 4303 2756 4328; x_wconf 91' lang='grc'><strong>,</strong></span> <span class='ocrx_word' id='word_1_705' title='bbox 2801 4261 2894 4316; x_wconf 91' lang='grc' dir='ltr'><strong>τοῦ</strong></span> <span class='ocrx_word' id='word_1_706' title='bbox 2943 4262 2999 4315; x_wconf 82' lang='grc' dir='ltr'>δὲ</span> <span class='ocrx_word' id='word_1_707' title='bbox 3047 4260 3148 4332; x_wconf 82' lang='grc' dir='ltr'><strong>τὴν</strong></span> <span class='ocrx_word' id='word_1_708' title='bbox 3179 4259 3308 4331; x_wconf 68' lang='grc' dir='ltr'>περὶ</span> <span class='ocrx_word' id='word_1_709' title='bbox 3351 4257 3449 4328; x_wconf 80' lang='grc' dir='ltr'><strong>τὴν</strong></span> <span class='ocrx_word' id='word_1_710' title='bbox 3477 4255 3679 4324; x_wconf 84' lang='grc' dir='ltr'>γνῶσιν</span> 
     </span>
    </p>
   </div>
   <div class='ocr_carea' id='block_1_96' title="bbox 2105 4348 3679 4427">
    <p class='ocr_par' dir='ltr' id='par_1_96' title="bbox 2105 4348 3679 4427">
     <span class='ocr_line' id='line_1_97' title="bbox 2105 4348 3679 4427; baseline -0.006 -17"><span class='ocrx_word' id='word_1_711' title='bbox 2105 4359 2360 4427; x_wconf 81' lang='grc' dir='ltr'>σπουδήν.</span> <span class='ocrx_word' id='word_1_712' title='bbox 2397 4359 2519 4411; x_wconf 88' lang='grc' dir='ltr'><strong>Ὅτι</strong></span> <span class='ocrx_word' id='word_1_713' title='bbox 2548 4358 2604 4412; x_wconf 84' lang='grc' dir='ltr'>δὲ</span> <span class='ocrx_word' id='word_1_714' title='bbox 2631 4359 2687 4410; x_wconf 86' lang='grc' dir='ltr'><strong>ἐν</strong></span> <span class='ocrx_word' id='word_1_715' title='bbox 2713 4357 2858 4410; x_wconf 86' lang='grc' dir='ltr'>δυοῖν</span> <span class='ocrx_word' id='word_1_716' title='bbox 2895 4355 3106 4410; x_wconf 90' lang='grc' dir='ltr'>τούτοιν</span> <span class='ocrx_word' id='word_1_717' title='bbox 3137 4353 3255 4406; x_wconf 84' lang='grc' dir='ltr'>ἐστὶ</span> <span class='ocrx_word' id='word_1_718' title='bbox 3283 4352 3352 4406; x_wconf 83' lang='grc' dir='ltr'><strong>τά</strong></span> <span class='ocrx_word' id='word_1_719' title='bbox 3387 4350 3504 4415; x_wconf 83' lang='grc' dir='ltr'>ὅλα,</span> <span class='ocrx_word' id='word_1_720' title='bbox 3535 4348 3679 4418; x_wconf 82' lang='grc' dir='ltr'>γνώ-</span> 
     </span>
    </p>
   </div>
   <div class='ocr_carea' id='block_1_97' title="bbox 2105 4447 3000 4522">
    <p class='ocr_par' dir='ltr' id='par_1_97' title="bbox 2105 4447 3000 4522">
     <span class='ocr_line' id='line_1_98' title="bbox 2105 4447 3000 4522; baseline -0.002 -20"><span class='ocrx_word' id='word_1_721' title='bbox 2105 4466 2264 4522; x_wconf 84' lang='grc' dir='ltr'>ριμον</span> <span class='ocrx_word' id='word_1_722' title='bbox 2293 4450 2456 4503; x_wconf 77' lang='grc' dir='ltr'>παντὶ</span> <span class='ocrx_word' id='word_1_723' title='bbox 2489 4449 2725 4520; x_wconf 82' lang='grc' dir='ltr'>Χριστοῦ</span> <span class='ocrx_word' id='word_1_724' title='bbox 2763 4447 3000 4520; x_wconf 85' lang='grc' dir='ltr'>μαθητῇ.</span> 
     </span>
    </p>
   </div>
   <div class='ocr_carea' id='block_1_98' title="bbox 2174 4530 3681 4612">
    <p class='ocr_par' dir='ltr' id='par_1_98' title="bbox 2174 4530 3681 4612">
     <span class='ocr_line' id='line_1_99' title="bbox 2174 4530 3681 4612; baseline -0.005 -19"><span class='ocrx_word' id='word_1_725' title='bbox 2174 4541 2228 4596; x_wconf 77' lang='lat'><strong>‘2.</strong></span> <span class='ocrx_word' id='word_1_726' title='bbox 2269 4542 2335 4593; x_wconf 84' lang='lat' dir='ltr'><strong>&quot;A</strong></span> <span class='ocrx_word' id='word_1_727' title='bbox 2377 4541 2432 4592; x_wconf 83' lang='grc' dir='ltr'>δὲ</span> <span class='ocrx_word' id='word_1_728' title='bbox 2479 4541 2754 4612; x_wconf 73' lang='grc' dir='ltr'>ἐπιζητεῖς</span> <span class='ocrx_word' id='word_1_729' title='bbox 2803 4540 2913 4593; x_wconf 84' lang='grc' dir='ltr'><strong>τῶν</strong></span> <span class='ocrx_word' id='word_1_730' title='bbox 2959 4537 3235 4593; x_wconf 91' lang='grc' dir='ltr'>Διονυσίου</span> <span class='ocrx_word' id='word_1_731' title='bbox 3264 4535 3370 4607; x_wconf 87' lang='grc'>(6),</span> <span class='ocrx_word' id='word_1_732' title='bbox 3400 4530 3531 4606; x_wconf 77' lang='grc' dir='ltr'>ἦλθε</span> <span class='ocrx_word' id='word_1_733' title='bbox 3581 4533 3681 4605; x_wconf 78' lang='grc' dir='ltr'>μὲν</span> 
     </span>
    </p>
   </div>
   <div class='ocr_carea' id='block_1_99' title="bbox 2104 4616 3680 4701">
    <p class='ocr_par' dir='ltr' id='par_1_99' title="bbox 2104 4616 3680 4701">
     <span class='ocr_line' id='line_1_100' title="bbox 2104 4616 3680 4701; baseline -0.004 -19"><span class='ocrx_word' id='word_1_734' title='bbox 2104 4633 2184 4693; x_wconf 86' lang='grc' dir='ltr'><strong>είς</strong></span> <span class='ocrx_word' id='word_1_735' title='bbox 2221 4632 2367 4701; x_wconf 81' lang='grc' dir='ltr'>ἡμᾶς</span> <span class='ocrx_word' id='word_1_736' title='bbox 2389 4669 2404 4692; x_wconf 92' lang='grc'><strong>,</strong></span> <span class='ocrx_word' id='word_1_737' title='bbox 2437 4632 2530 4684; x_wconf 72' lang='grc' dir='ltr'><strong>καὶ</strong></span> <span class='ocrx_word' id='word_1_738' title='bbox 2573 4631 2712 4684; x_wconf 86' lang='grc' dir='ltr'>πάνυ</span> <span class='ocrx_word' id='word_1_739' title='bbox 2745 4629 2918 4683; x_wconf 87' lang='grc' dir='ltr'>πολλά</span> <span class='ocrx_word' id='word_1_740' title='bbox 2941 4647 2954 4660; x_wconf 78' lang='grc' dir='ltr'><strong>ο</strong></span> <span class='ocrx_word' id='word_1_741' title='bbox 2985 4629 3046 4681; x_wconf 94' lang='grc' dir='ltr'><strong>οὐ</strong></span> <span class='ocrx_word' id='word_1_742' title='bbox 3077 4625 3309 4699; x_wconf 86' lang='grc' dir='ltr'>πάρεστί</span> <span class='ocrx_word' id='word_1_743' title='bbox 3357 4642 3421 4693; x_wconf 88' lang='grc' dir='ltr'><strong>γε</strong></span> <span class='ocrx_word' id='word_1_744' title='bbox 3464 4625 3572 4695; x_wconf 83' lang='grc' dir='ltr'>μὴν</span> <span class='ocrx_word' id='word_1_745' title='bbox 3612 4616 3680 4676; x_wconf 72' lang='grc' dir='ltr'>τὰ</span> 
     </span>
    </p>
   </div>
   <div class='ocr_carea' id='block_1_100' title="bbox 2109 4715 3683 4793">
    <p class='ocr_par' dir='ltr' id='par_1_100' title="bbox 2109 4715 3683 4793">
     <span class='ocr_line' id='line_1_101' title="bbox 2109 4715 3683 4793; baseline -0.003 -19"><span class='ocrx_word' id='word_1_746' title='bbox 2109 4722 2322 4792; x_wconf 76' lang='grc' dir='ltr'>βιϐλία,</span> <span class='ocrx_word' id='word_1_747' title='bbox 2363 4722 2554 4793; x_wconf 70' lang='grc' dir='ltr'>διόπερ</span> <span class='ocrx_word' id='word_1_748' title='bbox 2599 4724 2699 4775; x_wconf 86' lang='grc' dir='ltr'><strong>οὐκ</strong></span> <span class='ocrx_word' id='word_1_749' title='bbox 2739 4720 3155 4791; x_wconf 86' lang='grc' dir='ltr'>ἀπεστείλαμεν.</span> <span class='ocrx_word' id='word_1_750' title='bbox 3190 4720 3426 4789; x_wconf 87' lang='grc' dir='ltr'>Ἐχομεν</span> <span class='ocrx_word' id='word_1_751' title='bbox 3458 4717 3516 4770; x_wconf 86' lang='grc' dir='ltr'>δὲ</span> <span class='ocrx_word' id='word_1_752' title='bbox 3545 4715 3683 4786; x_wconf 65' lang='grc' dir='ltr'>γνώ»</span> 
     </span>
    </p>
   </div>
   <div class='ocr_carea' id='block_1_101' title="bbox 2110 4808 3682 4884">
    <p class='ocr_par' dir='ltr' id='par_1_101' title="bbox 2110 4808 3682 4884">
     <span class='ocr_line' id='line_1_102' title="bbox 2110 4808 3682 4884; baseline -0.004 -18"><span class='ocrx_word' id='word_1_753' title='bbox 2110 4831 2216 4884; x_wconf 87' lang='grc' dir='ltr'><strong>μης</strong></span> <span class='ocrx_word' id='word_1_754' title='bbox 2244 4813 2435 4877; x_wconf 76' lang='grc' dir='ltr'>οὕτως.</span> <span class='ocrx_word' id='word_1_755' title='bbox 2473 4814 2546 4866; x_wconf 91' lang='grc' dir='ltr'>Οὐ</span> <span class='ocrx_word' id='word_1_756' title='bbox 2583 4813 2763 4867; x_wconf 86' lang='grc' dir='ltr'>πάντα</span> <span class='ocrx_word' id='word_1_757' title='bbox 2795 4810 3147 4883; x_wconf 78' lang='grc' dir='ltr'>θαυμάζομεν</span> <span class='ocrx_word' id='word_1_758' title='bbox 3175 4809 3269 4863; x_wconf 84' lang='grc' dir='ltr'><strong>τοῦ</strong></span> <span class='ocrx_word' id='word_1_759' title='bbox 3302 4808 3525 4882; x_wconf 84' lang='grc' dir='ltr'>ἀνδρός·</span> <span class='ocrx_word' id='word_1_760' title='bbox 3567 4809 3682 4861; x_wconf 77' lang='grc' dir='ltr'>ἐστι</span> 
     </span>
    </p>
   </div>
   <div class='ocr_carea' id='block_1_102' title="bbox 2106 4897 3684 4984">
    <p class='ocr_par' dir='ltr' id='par_1_102' title="bbox 2106 4897 3684 4984">
     <span class='ocr_line' id='line_1_103' title="bbox 2106 4897 3684 4984; baseline -0.005 -27"><span class='ocrx_word' id='word_1_761' title='bbox 2106 4903 2163 4957; x_wconf 80' lang='grc' dir='ltr'>δὲ</span> <span class='ocrx_word' id='word_1_762' title='bbox 2191 4903 2227 4957; x_wconf 83' lang='grc' dir='ltr'><strong>ἀ</strong></span> <span class='ocrx_word' id='word_1_763' title='bbox 2274 4904 2369 4959; x_wconf 79' lang='grc' dir='ltr'>καὶ</span> <span class='ocrx_word' id='word_1_764' title='bbox 2422 4903 2702 4967; x_wconf 87' lang='grc' dir='ltr'>παντελῶς</span> <span class='ocrx_word' id='word_1_765' title='bbox 2751 4902 3139 4974; x_wconf 86' lang='grc' dir='ltr'>διαγράφομεν.</span> <span class='ocrx_word' id='word_1_766' title='bbox 3174 4899 3365 4984; x_wconf 74' lang='grc' dir='ltr'>Σχεδὸν</span> <span class='ocrx_word' id='word_1_767' title='bbox 3411 4897 3522 4969; x_wconf 83' lang='grc' dir='ltr'>γὰρ</span> <span class='ocrx_word' id='word_1_768' title='bbox 3554 4914 3684 4950; x_wconf 80' lang='grc' dir='ltr'>ταυ-</span> 
     </span>
    </p>
   </div>
   <div class='ocr_carea' id='block_1_103' title="bbox 2104 4983 3685 5070">
    <p class='ocr_par' dir='ltr' id='par_1_103' title="bbox 2104 4983 3685 5070">
     <span class='ocr_line' id='line_1_104' title="bbox 2104 4983 3685 5070; baseline -0.004 -24"><span class='ocrx_word' id='word_1_769' title='bbox 2104 4993 2232 5066; x_wconf 75' lang='grc' dir='ltr'>τησὶ</span> <span class='ocrx_word' id='word_1_770' title='bbox 2256 4993 2355 5064; x_wconf 85' lang='grc' dir='ltr'>τῆς</span> <span class='ocrx_word' id='word_1_771' title='bbox 2385 4991 2480 5047; x_wconf 89' lang='grc' dir='ltr'><strong>νῦν</strong></span> <span class='ocrx_word' id='word_1_772' title='bbox 2515 4991 3043 5070; x_wconf 74' lang='grc' dir='ltr'>περιθρυλλουμένης</span> <span class='ocrx_word' id='word_1_773' title='bbox 3077 4983 3363 5052; x_wconf 80' lang='grc' dir='ltr'>ἀσεὸείας,</span> <span class='ocrx_word' id='word_1_774' title='bbox 3395 4985 3493 5056; x_wconf 84' lang='grc' dir='ltr'>τῆς</span> <span class='ocrx_word' id='word_1_775' title='bbox 3543 4985 3685 5040; x_wconf 83' lang='grc' dir='ltr'>κατὰ</span> 
     </span>
    </p>
   </div>
   <div class='ocr_carea' id='block_1_104' title="bbox 2104 5079 3684 5155">
    <p class='ocr_par' dir='ltr' id='par_1_104' title="bbox 2104 5079 3684 5155">
     <span class='ocr_line' id='line_1_105' title="bbox 2104 5079 3684 5155; baseline -0.006 -17"><span class='ocrx_word' id='word_1_776' title='bbox 2104 5084 2167 5138; x_wconf 85' lang='grc' dir='ltr'>τὺ</span> <span class='ocrx_word' id='word_1_777' title='bbox 2208 5085 2482 5155; x_wconf 83' lang='grc' dir='ltr'>Ἀνόμοιον</span> <span class='ocrx_word' id='word_1_778' title='bbox 2509 5083 2652 5152; x_wconf 89' lang='grc' dir='ltr'>λέγω</span> <span class='ocrx_word' id='word_1_779' title='bbox 2671 5123 2686 5148; x_wconf 91' lang='grc'><strong>,</strong></span> <span class='ocrx_word' id='word_1_780' title='bbox 2719 5079 2874 5147; x_wconf 76' lang='grc' dir='ltr'>οὗτός</span> <span class='ocrx_word' id='word_1_781' title='bbox 2901 5086 3070 5147; x_wconf 84' lang='grc' dir='ltr'>ἐστιν,</span> <span class='ocrx_word' id='word_1_782' title='bbox 3097 5083 3196 5135; x_wconf 83' lang='grc' dir='ltr'><strong>ὅσα</strong></span> <span class='ocrx_word' id='word_1_783' title='bbox 3225 5097 3288 5149; x_wconf 91' lang='grc' dir='ltr'><strong>γε</strong></span> <span class='ocrx_word' id='word_1_784' title='bbox 3316 5081 3478 5150; x_wconf 86' lang='grc' dir='ltr'>ἡμεῖς</span> <span class='ocrx_word' id='word_1_785' title='bbox 3503 5081 3684 5148; x_wconf 84' lang='grc' dir='ltr'>ῐσμεν,</span> 
     </span>
    </p>
   </div>
   <div class='ocr_carea' id='block_1_105' title="bbox 2100 5381 3686 5462">
    <p class='ocr_par' dir='ltr' id='par_1_105' title="bbox 2100 5381 3686 5462">
     <span class='ocr_line' id='line_1_106' title="bbox 2100 5381 3686 5462; baseline -0.009 -16"><span class='ocrx_word' id='word_1_786' title='bbox 2100 5393 2194 5446; x_wconf 71' lang='grc' dir='ltr'><strong>καὶ</strong></span> <span class='ocrx_word' id='word_1_787' title='bbox 2242 5391 2528 5462; x_wconf 35' lang='grc' dir='ltr'>μάλισταη</span> <span class='ocrx_word' id='word_1_788' title='bbox 2564 5388 2670 5462; x_wconf 75' lang='lat' dir='ltr'><strong>Sic</strong></span> <span class='ocrx_word' id='word_1_789' title='bbox 2717 5387 2880 5462; x_wconf 77' lang='lat' dir='ltr'><strong>etiam</strong></span> <span class='ocrx_word' id='word_1_790' title='bbox 2937 5385 3086 5462; x_wconf 80' lang='lat' dir='ltr'><strong>infra</strong></span> <span class='ocrx_word' id='word_1_791' title='bbox 3128 5398 3159 5437; x_wconf 90' lang='lat' dir='ltr'><strong>a</strong></span> <span class='ocrx_word' id='word_1_792' title='bbox 3208 5382 3482 5462; x_wconf 74' lang='lat' dir='ltr'><strong>veteribus</strong></span> <span class='ocrx_word' id='word_1_793' title='bbox 3528 5381 3686 5462; x_wconf 69' lang='lat' dir='ltr'><strong>libris</strong></span> 
     </span>
    </p>
   </div>
   <div class='ocr_carea' id='block_1_106' title="bbox 2099 5452 3687 5531">
    <p class='ocr_par' dir='ltr' id='par_1_106' title="bbox 2099 5452 3687 5531">
     <span class='ocr_line' id='line_1_107' title="bbox 2099 5452 3687 5531; baseline -0.007 -16"><span class='ocrx_word' id='word_1_794' title='bbox 2099 5452 2414 5531; x_wconf 69' lang='lat' dir='ltr'><strong>discrepant</strong></span> <span class='ocrx_word' id='word_1_795' title='bbox 2447 5459 2600 5525; x_wconf 90' lang='lat' dir='ltr'><strong>editi,</strong></span> <span class='ocrx_word' id='word_1_796' title='bbox 2657 5459 2713 5512; x_wconf 88' lang='lat' dir='ltr'><strong>in</strong></span> <span class='ocrx_word' id='word_1_797' title='bbox 2747 5457 2946 5528; x_wconf 91' lang='lat' dir='ltr'><strong>quibus</strong></span> <span class='ocrx_word' id='word_1_798' title='bbox 2987 5456 3184 5527; x_wconf 88' lang='lat' dir='ltr'><strong>legitur</strong></span> <span class='ocrx_word' id='word_1_799' title='bbox 3229 5455 3286 5506; x_wconf 80' lang='grc' dir='ltr'><strong>ἐν</strong></span> <span class='ocrx_word' id='word_1_800' title='bbox 3331 5453 3546 5506; x_wconf 81' lang='grc' dir='ltr'>τούτοιν</span> <span class='ocrx_word' id='word_1_801' title='bbox 3574 5452 3687 5504; x_wconf 84' lang='grc' dir='ltr'>τοῖν</span> 
     </span>
    </p>
   </div>
   <div class='ocr_carea' id='block_1_107' title="bbox 2099 5532 3685 5672">
    <p class='ocr_par' dir='ltr' id='par_1_107' title="bbox 2099 5532 3685 5672">
     <span class='ocr_line' id='line_1_108' title="bbox 2099 5532 3685 5672; baseline -0.004 -17"><span class='ocrx_word' id='word_1_802' title='bbox 2284 5601 2407 5656; x_wconf 82' lang='grc' dir='ltr'><strong>Τῶν</strong></span> <span class='ocrx_word' id='word_1_803' title='bbox 2440 5599 2778 5658; x_wconf 79' lang='grc' dir='ltr'>Διονυσίου.</span> <span class='ocrx_word' id='word_1_804' title='bbox 2822 5595 3026 5653; x_wconf 89' lang='lat' dir='ltr'><strong>Desunt</strong></span> <span class='ocrx_word' id='word_1_805' title='bbox 3056 5594 3172 5650; x_wconf 73' lang='lat' dir='ltr'><strong>haec</strong></span> <span class='ocrx_word' id='word_1_806' title='bbox 3204 5593 3260 5649; x_wconf 93' lang='lat' dir='ltr'><strong>in</strong></span> <span class='ocrx_word' id='word_1_807' title='bbox 3296 5592 3513 5650; x_wconf 87' lang='lat' dir='ltr'><strong>duobus</strong></span> <span class='ocrx_word' id='word_1_808' title='bbox 3553 5604 3685 5649; x_wconf 79' lang='lat' dir='ltr'><strong>mss.</strong></span> 
     </span>
    </p>
   </div>
   <div class='ocr_carea' id='block_1_108' title="bbox 2101 5673 2410 5728">
    <p class='ocr_par' dir='ltr' id='par_1_108' title="bbox 2101 5673 2410 5728">
     <span class='ocr_line' id='line_1_109' title="bbox 2101 5673 2410 5728; baseline -0.006 0"><span class='ocrx_word' id='word_1_809' title='bbox 2101 5673 2410 5728; x_wconf 83' lang='lat' dir='ltr'><strong>codicibus.</strong></span> 
     </span>
    </p>
   </div>
  </div>
