3886 6220
442 324 538 381 επ

1782 321 1842 376 S.
1881 318 2125 375 BASILII
2164 319 2381 376 MAGNI

3589 320 3687 380 212

441 444 614 501 simile
640 446 924 503 secundum
949 448 1254 510 essentiam,
1279 447 1328 502 si
1362 445 1522 501 modo
1550 444 1705 509 illud,
1735 445 1874 499 citra
1896 443 2004 513 dif-

2117 443 2311 515 5μοιον
2341 446 2472 500 κατ’
2509 444 2749 510 οὐσίαν,
2782 445 2831 498 εί
2865 440 2966 515 μὲν
3015 444 3416 515 προσκείμενον
3471 442 3588 514 ἔχει
3634 444 3689 499 τὸ

441 538 722 608 ferentium
764 537 931 592 ullam
953 576 968 602 ,
997 538 1316 608 adjunctum
1363 537 1596 601 habeat,
1632 535 1913 606 suscipio,
1954 542 2015 591 ut

441 629 631 685 eodem
656 629 873 687 rediens
893 644 958 684 ac
982 629 1471 696 consubstantiale,
1497 628 1797 684 secundum
1825 642 2014 682 sanam

441 719 695 775 videlicet
742 720 1231 775 consubstantialis
1284 720 1629 775 sententiam.
1686 718 1843 785 Quod
1888 733 2016 772 cum

442 811 807 882 intelligerent
837 810 1043 865 Nicmni
1064 809 1291 877 Patres,
1332 818 1623 880 postquam
1645 849 1660 874 ,
1716 808 1915 863 Lumen
1952 807 2017 863 de

441 902 640 958 lumine
661 942 677 968 ,
712 912 767 958 et
798 902 968 957 Deum
994 918 1170 957 verum
1207 902 1271 956 de
1304 901 1414 957 Deo
1442 917 1561 956 vero
1586 942 1600 965 ,
1632 909 1685 957 et
1719 902 1842 956 aliis
1869 902 2017 971 ejus-

440 995 591 1051 modi
638 995 952 1051 nominibus
1004 993 1354 1065 Unigenitum
1404 994 1788 1063 appellarunt,
1818 1008 2014 1048 conse-

439 1097 673 1160 quenter
699 1087 1170 1144 consubstantiale
1210 1087 1477 1157 adjecere.
1506 1084 1693 1155 Neque
1734 1086 1898 1156 igitur
1930 1085 2016 1139 lu-

443 1179 611 1234 minis
640 1194 671 1233 a
705 1178 914 1234 lumine
937 1217 953 1242 ,
1000 1192 1178 1246 neque
1226 1176 1477 1232 veritatis
1504 1191 1533 1230 a
1557 1177 1806 1241 veritate,
1839 1192 2015 1248 neque

442 1270 727 1343 Unigeniti
773 1271 1032 1327 essentia:
1078 1286 1109 1325 a
1159 1268 1364 1335 Patris,
1418 1270 1699 1337 essentia,
1746 1270 1858 1327 ulla
1911 1287 2017 1325 un-

439 1382 602 1436 quam
630 1364 929 1436 excogitari
971 1363 1280 1419 dili'erentia
1317 1372 1514 1434 potest.
1562 1362 1768 1435 Itaque,
1809 1364 1854 1419 si
1891 1364 2016 1434 quis

439 1462 538 1525 ita,
573 1467 633 1513 ut
664 1459 801 1521 dixi,
830 1458 1127 1527 acceperit,
1166 1455 1398 1511 admitto
1428 1472 1641 1513 vocem.
1680 1455 1881 1527 Siquis
1917 1471 2016 1511 au-

440 1561 548 1607 tem
593 1550 761 1613 illud.
816 1550 953 1602 citra
994 1549 1161 1602 ullam
1216 1547 1610 1617 diﬂ'erentiam,
1656 1548 1944 1604 abscindat
1985 1565 2014 1604 a

442 1642 629 1708 simili,
669 1641 722 1695 id
754 1641 901 1713 quod
931 1639 1405 1711 Constantinopoli
1451 1639 1654 1695 factum
1688 1649 1794 1707 est,
1823 1656 2017 1711 suspe-

438 1743 587 1789 ctum
604 1733 778 1788 habeo
793 1733 1037 1796 verbum,
1053 1742 1111 1787 ut
1132 1732 1402 1805 Unigeniti
1415 1736 1641 1806 gloriam
1662 1733 2009 1790 imminueris.

2115 536 2592 606 ἀπαραλλάκτως
2612 577 2628 601 ,
2664 538 2888 608 δέχομαι
2917 535 3015 608 τὴν
3039 536 3242 607 φωνὴν,
3269 536 3349 600 ὡς
3395 538 3478 600 είς
3503 537 3690 591 ταυτὸν

2114 628 2193 699 τῷ
2218 630 2490 700 ὁμοουσίῳ
2516 629 2786 701 φέρουσαν
2804 668 2819 691 ,
2847 628 2991 682 κατὰ
3033 627 3132 699 τὴν
3172 626 3301 699 ὑγιῆ
3326 627 3572 698 δηλονότι
3604 627 3690 682 τοῦ

2115 720 2401 791 ὁμοουσίου
2447 720 2704 773 διάνοιαν.
2743 720 2917 791 Ὅπερ
2965 719 3056 772 καὶ
3087 720 3211 783 τοὺς
3249 718 3309 772 ὲν
3336 719 3545 790 Nimia.
3571 721 3691 790 νοή-

2117 828 2315 873 σαντας
2343 811 2454 879 (16)
2488 810 2616 881 φῶς
2667 811 2736 864 ἐκ
2773 812 2968 880 φωτὸς
2990 850 3008 878 ,
3053 810 3180 875 καὶ,
3221 810 3371 863 Θεὸν
3403 809 3691 877 ἀληθινὸν

2115 904 2181 957 ἐκ
2230 905 2376 958 Θεοῦ
2419 904 2710 972 ἀληθινοῦ
2734 945 2748 971 ,
2785 904 2881 957 καὶ
2919 902 2988 957 τὰ
3028 901 3252 956 τοιαῦτα
3290 901 3383 955 τὸν
3414 901 3688 970 Μονογενῆ

2116 997 2509 1067 προσειπόντας
2544 1038 2558 1063 ,
2610 998 2908 1065 ἐπαγαγεῖν
2942 996 3249 1060 ἀκολούθως
3287 994 3350 1049 τὸ
3384 992 3683 1064 ὁμοούσιον.

2115 1089 2253 1143 Οῦτε
2278 1085 2371 1143 οῦν
2402 1090 2579 1159 φωτὸς
2613 1089 2749 1161 πρὸς
2777 1088 2892 1158 φῶς
2910 1128 2925 1154 ,
2958 1088 3081 1143 οὗτε
3110 1087 3367 1158 ἀληθείας
3393 1085 3534 1156 πρὸς
3563 1084 3687 1154 ἀλήο

2117 1181 2267 1237 θειὰν
2315 1199 2442 1235 ποτε
2467 1221 2482 1247 ,
2516 1178 2639 1234 οὔτε
2687 1182 2786 1252 τῆς
2831 1182 2924 1236 τοῦ
2969 1179 3305 1250 Μονογενοῦς
3337 1177 3528 1241 οὐσίας
3558 1177 3685 1245 πρὸς

2114 1274 2212 1346 τὴν
2244 1274 2336 1327 τοῦ
2364 1273 2578 1345 Πατρὺς
2604 1274 2888 1344 ἐπινοῆσαι
2919 1291 3042 1327 τινα
3065 1271 3422 1343 παραλλαγὴν
3447 1270 3680 1325 δυνατόν.

2115 1365 2182 1419 Εἴ
2217 1383 2298 1429 τις
2342 1360 2435 1419 οὖν
2474 1365 2584 1435 (17)
2609 1363 2798 1429 οὕτως,
2836 1364 2911 1428 ὡς
2950 1360 3131 1429 εἶπον,
3172 1363 3446 1433 ὲκδέχοιτο
3471 1402 3486 1424 ,
3520 1376 3684 1433 προσ·

2119 1458 2267 1529 ίεμαι
2306 1458 2406 1530 τὴν
2440 1459 2644 1529 φωνήν.
2676 1458 2738 1511 El
2790 1459 2848 1511 δέ
2878 1474 2961 1521 τις
2986 1456 3081 1511 τοῦ
3122 1455 3308 1527 ὁμοίου
3342 1454 3403 1508 τὸ
3431 1451 3686 1522 ἁπαράλι

2113 1554 2342 1606 λακτον
2378 1551 2705 1622 ἀποτέμνοι,
2739 1552 2874 1624 ὅπερ
2909 1553 2958 1604 οί
2989 1549 3131 1603 κατὰ
3158 1548 3256 1621 τὴν
3284 1545 3687 1603 Κωνστανινούο

2115 1641 2269 1695 πολιν
2294 1644 2661 1714 πεποιήκασιν
2687 1683 2701 1707 ,
2734 1642 3024 1696 ὑποπτεύω
3056 1642 3115 1696 τὸ
3142 1642 3293 1712 ῥῆμα
3311 1681 3326 1703 ,
3355 1639 3431 1704 ὡς
3463 1638 3559 1692 τοῦ
3581 1639 3685 1692 Mo-

2114 1734 2365 1803 νογενοῦς
2415 1734 2516 1805 τὴν
2565 1734 2722 1801 δόξαν
2775 1734 3233 1806 κατασμικρύνον.
3291 1734 3401 1787 Καὶ
3447 1731 3557 1804 γὰρ
3597 1732 3687 1785 καὶ

438 1828 573 1881 Nam
602 1826 658 1880 in
679 1826 1010 1896 imaginibus
1032 1827 1198 1881 etiam
1218 1827 1473 1882 obscuris
1496 1834 1551 1882 et
1578 1841 1701 1897 qua:
1720 1826 2011 1896 plurimum

2117 1826 2382 1897 ἀμυδραίς
2418 1827 2742 1898 ὲμφερείαις
2768 1869 2782 1892 ,
2817 1828 2912 1881 καὶ
2953 1827 3203 1880 πλεῖστον
3226 1825 3335 1878 τῶν
3368 1823 3686 1897 ἀρχετύπων

439 1922 508 1974 ab
549 1920 953 1990 exemplaribus
997 1919 1308 1985 dissident,
1341 1921 1520 1976 simile
1565 1921 1856 1991 concipere
1904 1935 2012 1975 non

437 2028 565 2067 raro
594 2013 854 2068 solemus.
905 2011 1178 2078 Quoniam
1214 2013 1380 2084 igitur
1418 2011 1891 2069 consubstantiale
1924 2026 2012 2065 ar-

438 2105 615 2158 bitror
661 2104 845 2158 minus
898 2118 1022 2159 esse
1072 2102 1253 2157 fraudi
1303 2104 1627 2166 obnoxium,
1664 2104 1745 2157 sic
1795 2110 1850 2157 et
1896 2102 2014 2172 ipse

436 2196 717 2266 proﬁteor.
756 2194 863 2251 Sed
913 2211 1012 2250 cur
1040 2210 1150 2250 non
1191 2195 1409 2251 accedis
1445 2196 1511 2251 ad
1545 2210 1679 2263 nos,
1709 2210 1743 2248 ο
1769 2193 2007 2263 optime,

436 2295 496 2342 ut
517 2298 703 2343 coram
724 2287 794 2343 de
818 2286 1090 2356 ejusmodi
1114 2286 1279 2342 rebus
1311 2286 1689 2356 colloquamur
1718 2286 1861 2341 inter
1886 2300 2008 2350 nos,

435 2395 537 2436 nec
570 2395 661 2435 res
694 2379 835 2433 tanti
867 2378 1127 2433 momenti
1164 2378 1425 2434 inanimis
1459 2378 1655 2433 litteris
1683 2378 2011 2433 committa-

434 2487 589 2534 mus,
634 2473 933 2541 praesertint
976 2484 1102 2524 cum
1146 2470 1351 2540 alioqui
1397 2478 1585 2527 nostra
1627 2469 1850 2539 vulgare
1898 2481 2009 2522 non

433 2566 659 2620 omnino
707 2562 1104 2618 statuerimus?
1129 2561 1207 2616 Ne
1239 2561 1406 2633 igitur
1434 2570 1490 2616 et
1517 2562 1633 2632 ipse
1661 2561 1821 2617 nobis
1854 2559 2009 2615 dicas

435 2657 569 2710 illud
598 2654 852 2725 Diogenis
875 2655 941 2708 ad
967 2654 1358 2718 Alexandrum,
1384 2654 1723 2708 tantumdem
1753 2668 1876 2708 esse
1901 2652 2009 2707 huc

434 2760 466 2799 a
501 2746 679 2806 vobis.
716 2754 774 2800 et
804 2746 947 2800 istnc
979 2760 1010 2798 a
1043 2744 1203 2799 nobis
1224 2744 1345 2799 vim.
1390 2742 1501 2800 Nos
1531 2746 1678 2799 enim
1711 2758 1822 2815 prae
1854 2744 2009 2797 intir-

435 2838 624 2892 mitate
657 2837 802 2903 fere,
849 2837 1158 2907 plantarum
1204 2835 1259 2890 in
1295 2851 1533 2903 morem,
1565 2836 1754 2890 eodem
1796 2851 2010 2907 semper

432 2928 557 2983 loco
584 2928 922 2995 detincmur;
955 2938 1324 2997 praetereaque
1356 2927 1515 2995 illud,
1552 2928 1767 2983 latitare
1795 2930 2005 2996 inovita,

435 3015 580 3071 inter
617 3015 877 3086 primaria
915 3015 1058 3071 bona
1086 3016 1361 3074 ducimus.
1393 3016 1476 3072 Tu
1510 3026 1692 3073 autem
1725 3019 1870 3075 vales
1897 3056 1914 3085 ,
1949 3027 2010 3075 ut

435 3107 638 3173 audio,
673 3117 728 3164 et
779 3120 1038 3179 praeterea
1083 3124 1209 3164 cum
1256 3111 1491 3181 teipsum
1533 3112 1683 3169 orbis
1735 3121 2005 3169 terrarum

436 3200 611 3254 civem
664 3199 861 3256 feceris
889 3240 903 3265 ,
937 3216 1152 3271 aequum
1200 3211 1285 3258 est
1318 3213 1377 3259 ut
1416 3204 1522 3261 huc
1556 3207 1719 3262 etiam
1756 3207 1822 3263 ad
1872 3223 2010 3274 nos,

437 3296 700 3359 tanquam
734 3290 802 3344 ad
835 3290 1074 3359 aliquam
1107 3298 1215 3346 tum
1262 3294 1451 3362 patriae
1496 3306 1708 3365 partem
1756 3298 2008 3354 ventites.

439 3378 571 3431 Nam
614 3379 660 3433 si
706 3380 862 3434 vobis
894 3382 1139 3436 actuosis
1172 3391 1493 3452 competunt
1520 3387 1704 3456 populi
1733 3395 1788 3443 et
1825 3388 2011 3455 urbes,

435 3469 638 3537 quibus
664 3477 814 3524 recte
849 3469 989 3523 facta
1020 3471 1347 3541 ostenditis;
1384 3482 1439 3527 at
1478 3476 1637 3533 nobis
1670 3477 1739 3532 ad
1767 3488 2013 3533 contem-

437 3559 729 3627 plationem
776 3570 829 3615 et
868 3562 1073 3617 mentis
1119 3564 1549 3631 meditationem,
1589 3583 1695 3639 qua
1730 3565 1843 3625 Deo
1874 3584 2009 3624 con-

432 3647 735 3718 jungimur,
759 3650 964 3719 optima
995 3651 1235 3721 adjutrix
1271 3656 1527 3725 requies:
1572 3672 1738 3728 quam
1783 3659 2007 3713 multam

434 3748 599 3810 atque
629 3740 999 3797 abundantem
1031 3744 1087 3798 in
1139 3745 1242 3801 hoc
1269 3762 1487 3803 secessu
1538 3752 1825 3819 metimus;
1863 3752 2010 3823 quod

433 3832 654 3903 quidem
681 3848 807 3889 cum
835 3835 956 3904 ipso
989 3835 1196 3892 dictum
1242 3839 1344 3907 sit,
1375 3841 1469 3911 qui
1500 3842 1648 3898 illam
1681 3845 1842 3909 nobis
1882 3863 2011 3917 sup-

432 3922 640 3993 peditat
663 3964 679 3990 ,
716 3923 847 3980 Deo.
897 3926 1054 3992 Quod
1093 3932 1140 3984 si
1178 3933 1406 3990 omnino
1443 3934 1660 3989 colendi
1694 3945 2014 4006 potentatus

432 4021 599 4081 sunt,
633 4030 697 4068 ac
738 4030 841 4070 nos
882 4017 975 4086 qui
1021 4017 1174 4073 humi
1211 4019 1459 4088 iacemus
1494 4025 1912 4097 contemnendi;
1951 4036 2009 4084 tu

426 4112 581 4160 certe
610 4106 715 4159 alia
749 4108 981 4174 scribas,
1009 4117 1063 4163 et
1092 4110 1168 4165 ita
1203 4127 1306 4167 nos
1327 4114 1622 4171 exbilares.

982 4312 1320 4373 EPISTOLA
1359 4317 1451 4374 X‘.

2116 1916 2470 1980 ἀποδεούσαις
2491 1958 2505 1980 ,
2536 1917 2599 1970 τὸ
2627 1919 2811 1990 ὅμοιον
2847 1918 3105 1982 πολλάκις
3146 1920 3380 1971 ἐπινοεῖν
3415 1916 3528 1987 (18)
3564 1916 3686 1970 είώ-

2115 2006 2305 2078 θαμεν.
2370 2008 2521 2062 Ἐπεὶ
2573 2004 2667 2061 οὖν
2721 2001 2881 2081 ἧττον
2937 2004 3090 2079 οἶμαι
3147 2005 3577 2078 κακουργεῖσθαι
3628 2004 3687 2058 τὸ

2111 2100 2430 2172 ὁμοούσιον,
2462 2101 2606 2156 οὕτω
2647 2104 2742 2157 καὶ
2789 2102 2950 2166 αὐτὸς
2989 2102 3228 2172 τίθεμαι.
3283 2099 3445 2153 Ἀλλὰ
3490 2099 3545 2153 τί
3590 2098 3688 2152 οὐκ

2111 2194 2399 2265 ἐπιφοιτᾷς
2456 2196 2588 2265 ἡμῖν
2616 2236 2630 2261 ,
2677 2189 2723 2250 ὧ
2762 2196 2986 2266 ἄριστε,
3037 2193 3179 2247 ὥστε
3219 2193 3494 2265 παρόντας
3540 2193 3687 2263 ἡμᾶς

2111 2284 2361 2355 ἀλλήλοις
2415 2289 2543 2359 περὶ
2582 2287 2690 2341 τῶν
2733 2287 2993 2341 τοιούτων
3035 2285 3143 2357 (19)
3181 2284 3560 2356 διαλεχθῆναι,
3596 2285 3688 2340 καὶ

2114 2376 2188 2447 μὴ
2212 2377 2537 2449 γράμμασιν
2566 2378 2795 2450 ἀψύχοις
2827 2378 3247 2433 καταπιστεύειν
3269 2377 3341 2431 τὰ
3364 2376 3687 2448 τηλικαῦτα,

2109 2467 2284 2533 ἄλλως
2324 2486 2384 2522 τε
2436 2471 2575 2541 μήτε
2610 2471 2752 2525 πάνυ
2792 2470 3137 2542 δημοσιεύειν
3168 2469 3235 2524 τὰ
3279 2470 3491 2524 ἑαυτῶν
3525 2472 3692 2538 ἐγνω-

2110 2560 2311 2625 κότας;
2361 2562 2550 2625 Ὅπως
2582 2559 2677 2617 οῦν
2719 2564 2793 2635 μὴ
2848 2563 2909 2616 τὸ
2952 2562 3046 2616 τοῦ
3081 2561 3365 2631 Διογένους
3418 2561 3559 2633 πρὸς
3603 2560 3692 2615 τὸν

2122 2649 2467 2722 Ἀλέξανδρον
2519 2653 2614 2705 καὶ
2660 2652 2824 2717 αὐτὸς
2870 2655 3003 2723 ἡμῖν
3040 2652 3238 2725 εἴπῃς,
3288 2652 3371 2705 ὅτι
3424 2652 3540 2705 ἴσον
3576 2650 3693 2704 ἐστὶ

2111 2744 2239 2814 παρ’
2272 2743 2425 2813 ὑμῶν
2452 2742 2513 2796 τὸ
2541 2742 2731 2815 δεῦρο·
2766 2744 2861 2798 καὶ
2894 2745 3029 2816 πρὸς
3066 2745 3208 2814 ὑμᾶς
3234 2744 3466 2798 ἐνθένδε.
3504 2744 3692 2814 Ἡμεῖς

2114 2832 2213 2903 μὲν
2250 2835 2359 2904 γὰρ
2406 2834 2517 2904 (20)
2573 2835 2677 2888 ὑπὸ
2728 2836 2828 2906 τῆς
2882 2836 3192 2908 ἀρρωστίας
3223 2875 3239 2899 ,
3298 2835 3499 2907 μικροῦ
3559 2836 3688 2901 δεῖν,

2109 2924 2299 2996 ὥσπερ
2337 2926 2403 2979 τὰ
2435 2927 2579 2996 φυτὰ
2622 2928 2716 2981 ἐπὶ
2755 2928 2855 2997 τῆς
2900 2929 3069 3000 αὐτῆς
3098 2928 3280 3000 χώρας
3325 2927 3412 2981 ἀεὶ
3465 2928 3691 2997 ica-c-16-

2113 3016 2256 3088 μεθα
2275 3034 2289 3048 ο
2315 3019 2410 3072 καὶ
2438 3018 2553 3090 ἅμα
2578 3019 2659 3084 τὸ,
2682 3019 2895 3075 λαϐεῖν
2913 3019 3271 3085 βιώσαντες,
3307 3021 3366 3072 ὲν
3394 3022 3510 3081 τοῖς
3536 3018 3689 3092 πρώ-

2109 3126 2222 3173 τοις
2270 3110 2378 3163 τῶν
2426 3111 2650 3179 ἀγαθῶν
2703 3114 2910 3183 ἄγομεν
2936 3130 2949 3143 °
2987 3114 3050 3166 σὺ
3100 3112 3157 3165 δὲ
3198 3111 3439 3183 ἐρῤωσαί
3483 3128 3578 3173 τε,
3620 3110 3692 3174 ῶς

2114 3216 2293 3268 φασι,
2336 3202 2428 3254 καὶ
2495 3201 2613 3273 ἅμα
2663 3202 2887 3273 πολίτην
2941 3203 3164 3256 σεαυτὸν
3207 3202 3310 3273 τῆς
3366 3202 3693 3272 οἰκουμένης

2110 3292 2371 3361 ποιήσας.
2408 3291 2617 3357 δίκαιος
2653 3293 2719 3348 ἂν
2750 3295 2867 3363 εἴης
2916 3295 3011 3348 καὶ
3038 3293 3199 3365 δεῦρο
3230 3293 3453 3363 φοιτᾷν,
3505 3294 3584 3356 ὼς
3615 3295 3694 3356 είς

2113 3381 2281 3453 μέρος
2327 3383 2427 3453 τῆς
2485 3382 2736 3438 σεαυτοῦ.
2782 3386 2844 3437 Εἰ
2895 3384 3001 3454 γὰρ
3057 3385 3153 3438 καὶ
3199 3386 3313 3447 τοῖς
3367 3386 3693 3454 πρακτικοῖς

2112 3474 2238 3544 ύμῖν
2274 3475 2543 3545 πρέπουσι
2575 3475 2739 3547 δῆμοι
2781 3477 2875 3529 καὶ
2915 3475 3131 3539 πόλεις,
3164 3471 3251 3538 αἶς
3279 3475 3377 3539 τὰς
3409 3477 3532 3529 κατ’
3560 3477 3690 3546 ἀρε--

2110 3564 2208 3636 τὴν
2236 3563 2462 3634 πράξεις
2492 3564 2924 3618 ένεπιδείκνυσθε
2951 3580 2964 3594 ·
3013 3564 3150 3618 ἀλλά
3177 3582 3240 3634 γε
3286 3565 3424 3636 πρὸς
3458 3564 3692 3635 θεωρίαν

2110 3658 2214 3710 καὶ
2260 3656 2356 3727 τὴν
2396 3657 2538 3711 κατὰ
2579 3657 2703 3711 νοῦν
2739 3657 3053 3727 ἐνέργειαν,
3099 3658 3165 3712 δι’
3202 3652 3269 3728 ἦς
3305 3657 3692 3729 συναπτόμεθα

2115 3748 2193 3818 τῷ
2223 3748 2373 3819 Θεῷ,
2415 3749 2593 3822 ἀγαθὴ
2628 3752 2887 3823 συνεργὸς
2915 3752 2948 3823 ἡ
2983 3753 3213 3824 ἡσυχία·
3248 3752 3315 3823 ἣν
3354 3750 3559 3823 πολλὴν
3600 3751 3690 3805 ἐπὶ

2109 3841 2208 3909 τῆς
2248 3841 2507 3909 ἐσχατιᾶς
2540 3841 2635 3895 καὶ
2673 3841 2905 3912 ἄφθονον
2952 3844 3307 3914 γεωργοῦμεν
3340 3884 3357 3909 ,
3403 3844 3502 3898 σὺν
3541 3841 3691 3913 αὐτῷ

2111 3947 2174 3999 γε
2200 3934 2373 3984 εἰπεῖν
2392 3931 2471 4002 τῷ
2492 3936 2894 4008 παρασχομένῳ
2930 3937 3061 4007 ἡμῖν
3092 3936 3231 4008 Θεῷ.
3260 3937 3323 3990 El
3370 3937 3430 3991 δὲ
3471 3937 3689 4000 πάντως

2109 4025 2190 4078 δεῖ
2228 4027 2513 4098 περιέπειν
2548 4029 2658 4102 (21)
2698 4031 2797 4094 τὰς
2817 4031 3173 4099 δυναστείας,
3200 4032 3296 4087 καὶ
3341 4035 3687 4106 περιφρονεῖν

2108 4118 2234 4180 τοὺς
2259 4120 2432 4189 χαμαὶ
2459 4121 2745 4191 κειμένους
2773 4124 2922 4194 ἡμᾶς
2943 4140 2958 4153 '
2997 4124 3061 4178 σὺ
3090 4125 3149 4178 δὲ
3178 4123 3315 4180 ἄλλα
3346 4122 3561 4197 γράφε,
3596 4125 3688 4178 καὶ

2110 4208 2279 4281 ταύτῃ
2317 4210 2457 4266 ποίει
2490 4213 2692 4283 ἡδίους.

2675 4334 3020 4391 ΕΠΙΣΤΟΛΗ
3066 4336 3122 4393 Γ.

428 4420 647 4475 {Basilius
677 4424 954 4491 Dionysium
970 4428 1111 4480 mittit
1129 4431 1194 4480 ad
1218 4431 1371 4495 ipsius
1390 4440 1682 4493 nmtrem,ul
1701 4436 2446 4558 εαυτῧέρῗὲιέξέηἵῧτῖῗξῧίακ
2463 4444 2593 4499 velut
2614 4449 2834 4500 columba
2856 4449 3249 4518 cicurtmguento
3267 4451 3411 4504 oblita
3435 4453 3686 4519 emittitur,

923 4595 1031 4666 92
1053 4595 1135 4649 Ad
1174 4598 1407 4653 viduam.

503 4681 652 4739 Talis
679 4683 923 4753 quaedam
951 4702 1041 4740 ars
1067 4696 1153 4742 est
1182 4688 1467 4744 columbas
1495 4692 1819 4761 aucupandi.
1847 4693 2004 4754 Post-

506 4847 523 4862 ‘
556 4840 704 4894 Alias
742 4837 999 4893 CLXXV.
1036 4839 1251 4910 Scripta
1287 4843 1340 4895 in
1375 4858 1618 4900 secessu.

502 4912 616 4989 (lli)
653 4911 838 4977 Ὅπερ
880 4911 1047 4965 καὶ...
1088 4911 1578 4989 νοήσεζντιιςᾴ-Ιιιι
1625 4915 1801 4989 llarl.,
1844 4919 2007 4989 Med,

429 4981 603 5059 Celsi.
628 4991 875 5059 uterque,
908 4990 962 5034 et
991 4981 1561 5059 uterqne__Reg.__Editi
1610 4981 1818 5059 Ὥσπερ
1845 4981 2008 5048 atat...

430 5054 733 5133 φήσαντας.
763 5051 934 5133 liabet
955 5051 1144 5133 tamen
1177 5051 1360 5133 editio;
1375 5054 1744 5133 Haganoensis
1768 5051 2005 5133 Ὅπερ...

437 5128 750 5200 νοήσαντες,
778 5121 1304 5200 Basileensisprima
1334 5121 1535 5200 ὅπερ...
1570 5129 1863 5200 φήσαντας.

502 5187 615 5269 (l7)
650 5195 857 5269 ille“;
894 5187 1263 5269 oﬁ_u._'U_liima
1293 5187 1485 5269 vocula
1533 5187 1597 5269 ei
1631 5187 1846 5269 septem
1878 5217 2014 5259 mss.

430 5262 639 5336 addita.
673 5264 878 5319 Ibidem
909 5264 1043 5319 editi
1059 5262 1157 5334 τὴν
1185 5265 1368 5336 φωνὴν
1398 5268 1561 5321 αὑτοῦ
1586 5285 1599 5297 ·
1631 5262 1791 5326 Deest
1821 5271 2015 5326 ultima

430 5348 535 5387 vox
575 5335 632 5387 in
664 5342 870 5402 septem
901 5349 1034 5389 mss.

507 5404 617 5471 (181
665 5401 974 5458 Ἐπινοεῖν.
1012 5401 1312 5460 Vaticanus
1341 5408 1514 5463 codex
1559 5424 1686 5464 cum
1724 5410 1902 5467 tribus
1928 5428 2015 5469 re-

434 5474 771 5528 centioribus
808 5473 1096 5541 ἐπιλέγειν.

509 5544 622 5613 U9)
655 5545 795 5611 Περὶ
826 5542 945 5596 τῶν
972 5545 1272 5603 τοιούτων.
1301 5546 1377 5602 lta
1400 5561 1511 5605 tres
1534 5551 1895 5609 vetustissimi
1924 5567 2017 5609 00-

438 5614 614 5693 dices.
650 5613 792 5693 Editi
825 5614 952 5693 περὶ
974 5613 1197 5693 τούτων.
1235 5615 1407 5693 Paulo
1448 5630 1570 5690 post
1613 5622 1746 5677 editi
1774 5640 2007 5677 καταπι-

439 5688 650 5739 στεύειν
678 5682 870 5740 ταῦτα.
904 5682 1124 5753 Septem
1155 5702 1289 5742 mss.
1314 5698 1374 5743 ut
1398 5682 1465 5744 inf
1478 5701 1648 5747 textu.

502 5756 623 5818 (20)
675 5755 869 5821 Ἡμεῖς
890 5754 1008 5823 μὲν
1047 5753 1172 5823 γάρ.
1209 5757 1546 5816 l’osucmam
1573 5764 1820 5821 voculam
1852 5765 2006 5821 addi-

2560 4614 2718 4683 Πρὸς
2756 4617 3079 4687 ἐλευθέραν
3101 4618 3236 4690 (22).

2182 4703 2357 4773 Τέχνη
2406 4705 2491 4769 τίς
2540 4708 2655 4760 ἐστι
2704 4709 3045 4780 περιστερῶν
3094 4710 3390 4783 θηρευτικὴ
3442 4713 3687 4788 τοιαύτη.

2118 4855 2300 4941 dianus
2337 4873 2399 4941 es
2424 4929 2435 4941 _
2460 4858 2635 4941 l_larl.,
2674 4861 2837 4941 Med.,
2870 4863 3038 4941 Ceisl.
3072 4874 3414 4941 _ntroqueet
3459 4878 3691 4941 utroque

2117 4924 2306 5001 Regio.
2339 4925 2563 4984 Videtur
2591 4924 2772 4986 autem
2797 4924 2852 4988 in
2875 4935 3038 4992 editis
3066 4924 3462 5001 fuisse'deleta,
3494 4924 3691 4997 ιιιᾟίἐέ

2115 5000 2409 5081 verborum
2445 5004 2747 5081 complexio
2772 5008 3285 5081 _cum__pr:ecedenli
3329 5000 3679 5081 conjungere

2116 5074 2227 5143 tur,
2254 5070 2409 5137 quasi
2442 5070 2624 5143 dicere
2641 5073 2903 5130 voluisset
2926 5070 3159 5132 Basilius
3186 5089 3353 5133 :ulae
3380 5070 3573 5143 dicas:
3586 5091 3688 5135 etc.

2117 5134 2221 5219 ξω
2250 5134 2394 5219 siepe
2430 5141 2566 5219 alias
2613 5144 2753 5219 apud
2781 5144 3041 5200 Basilium
3075 5148 3189 5202 haec
3223 5150 3481 5219 loquendi
3530 5134 3687 5214 ratio,

2114 5209 2590 5295 attag-‘ei’ﬁnq,
2625 5209 2767 5291 idem
2799 5224 2960 5269 sonat
2986 5232 3050 5295 ac
3086 5219 3196 5271 noli
3216 5209 3408 5295 diEere.

2186 5278 2295 5346 (‘21)
2335 5278 2475 5359 Sim.
2502 5278 2663 5347 ἆὺτῷ
2716 5299 2849 5359 γε...
2888 5285 3209 5354 περιέπειν.
3239 5291 3354 5358 Ope
3395 5305 3490 5344 sex
3536 5290 3688 5344 cndi-

2114 5361 2237 5400 cnm
2266 5350 2606 5429 elsplevimus
2641 5350 2776 5429 quae
2795 5350 3055 5429 deerant,
3089 5367 3143 5411 et
3177 5350 3434 5429 corrupta
3467 5363 3687 5414 sanavi-

2115 5417 2388 5500 ntus.‘S_Ic
2415 5422 2559 5474 enim
2580 5417 2721 5500 editi
2750 5442 2763 5478 :
2795 5425 2898 5479 Σὺν
2923 5417 3082 5491 αὑτός
3110 5446 3174 5496 γε
3196 5417 3434 5500 ήμίν.Ἐί
3463 5430 3523 5482 δὲ
3557 5431 3687 5484 πάν-

2112 5502 2229 5561 τως
2256 5488 2338 5561 δεῖ
2369 5492 2662 5561 περιτρέπε
2671 5512 2738 5547 ιν.

2330 5558 2487 5643 Πρᾷς
2517 5558 2861 5643 ἐλευίξέραν.
2905 5564 3084 5643 Editi“
3110 5569 3364 5643 Ἰουλίττῃ
3390 5569 3685 5643 ἐλευθέρᾳ,

2109 5624 2320 5682 Iulium
2349 5624 2539 5687 vidule.
2590 5633 2693 5689 Sed
2721 5624 2931 5691 'nomen
2977 5636 3005 5691 .1
3014 5638 3185 5694 ulittte
3215 5624 3365 5695 nullo
3394 5641 3449 5694 in
3500 5624 3684 5696 codi‘eé

2111 5703 2675 5778 ms.reperitnnr,unec
2708 5707 2892 5771 vidua,
2945 5708 3013 5763 ad
3063 5724 3229 5778 quam
3272 5711 3498 5778 scripsit
3547 5712 3686 5766 hanc

2112 5771 2397 5837 episwlam
2431 5771 2684 5843 Basilius,
2716 5778 2979 5834 confundi
3013 5771 3174 5837 debet
3214 5795 3339 5838 cum
3370 5771 3587 5848 Inlita,
3619 5782 3688 5839 de
