3886 6220
299 356 409 412 277

1257 361 1750 420 EPISTOLAHUM
1789 360 2157 421 CLASSIS'I.
2198 363 2416 419 EPIST.
2458 365 2601 422 X’VL

3457 368 3567 426 278

298 481 394 554 χός
426 482 542 534 ἐστι
579 481 675 535 καὶ
707 479 871 546 αὐτὸς
894 482 1137 553 διηνεκὲς
1162 481 1256 536 καὶ
1289 482 1653 554 δυσέμϐατον.
1693 482 1790 538 Ἐκ
1815 481 1873 538 δέ

1980 479 2096 554 ipse
2124 498 2316 541 murus
2346 485 2668 552 continuus,
2699 500 3046 560 ascensuque
3097 485 3352 544 diliicilis.
3410 489 3568 548 Mons

296 575 392 629 τοῦ
423 573 520 626 ἐπὶ
551 573 766 646 θάτερα,
791 574 1086 645 τεταμένον
1112 570 1254 630 εἶναι
1283 576 1394 649 (37)
1416 575 1476 629 τὸ
1503 576 1628 648 ὅρος
1646 617 1661 641 ,
1691 577 1760 630 δι’
1783 578 1883 646 ἀγ-

295 667 489 722 κώνων
522 668 822 739 μηνοειδῶν
847 672 968 733 ταῖς
998 669 1268 742 φάραγξιν
1295 669 1776 742 ἐπιζευγνύμενον,
1813 671 1883 727 τά

298 760 511 831 βάσιμα
548 761 649 832 τῆς
690 761 967 834 ὑπωρείας
1005 763 1360 836 ἀπορειχίζει.
1399 763 1515 817 Μία
1553 763 1610 816 δέ
1638 780 1722 827 τις
1743 763 1883 817 είσο-

294 853 386 918 δος
417 854 507 909 ἐπ’
543 855 734 926 αὐτῆς,
772 849 841 927 ἦς
871 857 1030 927 ἡμεῖς
1062 857 1228 926 ἐσμεν
1276 854 1475 927 κύριοι.
1515 856 1628 927 Τὴν
1668 874 1732 926 γε
1774 856 1881 929 μὴν

295 944 520 1014 οἴκησιν
549 945 725 1016 αύχὴν
764 961 848 1009 τις
894 945 1082 1017 ἔτερος
1113 945 1473 1016 ὑποδέχεται,
1510 945 1710 1018 ὑψηλόν
1758 963 1881 1000 τινα

297 1038 395 1091 ἐπὶ
414 1039 516 1110 τῆς
540 1039 718 1109 ἄκρας
746 1039 954 1109 ἀνέχων
985 1039 1228 1103 τένοντα,
1249 1037 1388 1092 ὥστε
1419 1038 1482 1093 τὸ
1515 1039 1695 1093 πεδίον
1722 1039 1882 1093 τοῦτο

297 1129 666 1202 ὕφηπλῶσθαι
698 1132 819 1194 ταῖς
857 1130 1012 1200 ὄψεσι
1033 1170 1048 1195 ,
1077 1133 1172 1185 καὶ
1207 1133 1271 1185 ἐκ
1302 1129 1398 1184 τοῦ
1431 1131 1706 1203 μετεώρου
1740 1131 1879 1197 ἐξεῖ-

294 1238 391 1276 ναι
438 1222 536 1274 καὶ
576 1221 670 1274 τὸν
722 1221 969 1292 ποταμὸν
1028 1221 1391 1294 περιῤῥέοντα
1447 1222 1684 1295 καθορᾷν
1721 1239 1733 1251 °
1779 1223 1882 1277 οὐκ

295 1314 564 1370 ἐλάττονα
601 1313 824 1384 τέρψιν,
855 1313 1043 1386 ἔμοιγε
1071 1314 1248 1368 δοκεῖν
1286 1313 1398 1386 (5‘8)
1419 1355 1433 1377 ,
1468 1315 1841 1388 παρεχόμενον
1862 1355 1878 1379 ,

296 1407 333 1477 ἧ
362 1410 480 1470 τοῖς
518 1407 582 1460 ἐκ
623 1407 725 1476 τῆς
769 1407 1154 1478 Ἀμφιπόλεως
1186 1407 1278 1460 τὸν
1310 1406 1598 1480 Στρύμονα
1624 1408 1737 1479 (59)
1777 1426 1879 1466 κα-

294 1500 758 1570 ταμανθάνουσιν.
804 1502 864 1556 '0
919 1500 1018 1573 μὲν
1063 1501 1174 1573 γὰρ
1226 1500 1594 1574 σχολαιοτέρῳ
1625 1502 1736 1573 (10)
1799 1500 1877 1574 τῷ

299 1592 536 1664 ῥεύματι
563 1594 1003 1666 περιλιμνόιζων,
1042 1592 1240 1667 μικροῦ
1291 1595 1402 1648 δεῖν
1425 1633 1442 1660 ,
1483 1595 1579 1649 καὶ¹
1624 1596 1686 1648 τὸ
1716 1613 1882 1648 ποτα-

301 1684 402 1752 μὸς
433 1681 578 1739 εἶναι
613 1685 720 1739 ὑπὸ
748 1687 848 1758 τῆς
874 1686 1103 1757 ἡσυχίας
1129 1685 1411 1758 ἀφῄρηται
1428 1701 1442 1715 ⁶
1475 1688 1504 1740 ό
1529 1687 1585 1740 δὲ
1605 1727 1620 1751 ,
1645 1688 1879 1754 ὀξύτατα

295 1770 373 1829 ὧν
399 1775 512 1846 ἐγὼ
535 1773 651 1832 οἶδα
675 1777 938 1850 ποταμῶν
970 1777 1130 1850 ῥέων,
1167 1778 1341 1849 βραχύ
1364 1796 1418 1832 τι
1449 1780 1515 1850 τῇ
1541 1778 1744 1848 γείτονι
1778 1781 1877 1833 πέ-

295 1883 406 1939 τρᾳ
442 1863 924 1941 παρατραχύνεται
945 1887 958 1900 ’
991 1869 1083 1939 ἀφ’
1113 1863 1182 1941 ἧς
1210 1869 1591 1941 ἀναχεόμενος,
1620 1872 1699 1933 είς
1728 1871 1876 1943 δίνην

297 1958 524 2030 βαθεῖαν
555 1961 910 2032 περιειλεῖται
932 1977 944 1990 ⁸
985 1960 1108 2030 ὄψιν
1137 1979 1195 2015 τε
1224 1961 1448 2032 ἡδίστην
1480 1960 1592 2032 (41)
1629 1961 1753 2032 ἐμοὶ
1786 1963 1877 2015 καὶ

298 2052 467 2105 παντὶ
499 2051 666 2122 θεατῇ
717 2053 1092 2124 παρεχόμενος
1112 2095 1126 2118 ,
1157 2051 1252 2106 καὶ
1301 2051 1491 2124 χρείαν
1525 2054 1637 2116 τοῖς
1679 2053 1877 2122 ἐπιχω-

297 2144 438 2216 ρίοις
471 2144 942 2216 αὐταρκεστάτην,
1003 2143 1199 2215 ἰχθύων
1242 2161 1303 2196 τε
1353 2142 1556 2214 πλῆθος
1600 2143 1877 2214 ἀμύθητον

293 2238 420 2298 ταῖς
445 2233 618 2298 δίναις
654 2234 948 2304 ἐντρέφων.
979 2234 1045 2287 Τί
1081 2233 1161 2286 δεῖ
1194 2233 1374 2302 λέγειν
1396 2233 1496 2298 τὰς
1524 2235 1588 2287 ἐκ
1634 2234 1734 2304 τῆς
1772 2235 1876 2304 γῆς

295 2326 598 2390 ἀναπνοὰς,
624 2328 657 2398 ἢ
683 2327 788 2390 τὰς
821 2330 886 2380 ἐκ
919 2326 1011 2381 τοῦ
1050 2326 1295 2398 ποταμοῦ
1329 2325 1539 2398 αὕρας;
1567 2328 1640 2382 Τό
1677 2343 1739 2396 γε
1772 2327 1877 2398 μὴν

293 2418 407 2473 τῶν
451 2418 663 2473 ἀνθέων
699 2417 936 2489 πλῆθος,
980 2420 1032 2490 ἢ·
1066 2421 1175 2474 τῶν
1207 2420 1420 2491 ᾠδικῶν
1465 2420 1694 2493 ὀρνίθων
1720 2421 1877 2486 ἄλλος

299 2511 398 2581 μὲν
447 2511 515 2565 ἄν
541 2529 628 2574 τις
679 2510 1047 2582 θαυμάσειεν·
1105 2513 1230 2583 ἐμοὶ
1275 2514 1332 2567 δὲ
1366 2513 1425 2567 ού
1459 2514 1621 2586 σχολὴ
1667 2515 1878 2580 τούτοις

295 2603 592 2676 προσέχειν
641 2603 733 2656 τὸν
775 2603 919 2658 νοῦν.
959 2605 1024 2657 Ὃ
1069 2604 1124 2658 δὲ
1173 2605 1426 2675 μέγιστον
1465 2608 1638 2659 εἰπεῖν
1682 2605 1878 2679 ἔχομεν

294 2697 392 2749 τοῦ
428 2695 660 2766 χωρίου,
694 2696 777 2748 ὅτι
802 2737 816 2759 ,
851 2696 984 2766 πρὸς
1020 2698 1200 2749 πᾶσαν
1231 2696 1476 2767 ὑπάρχον
1511 2699 1740 2769 καρπῶν
1785 2717 1903 2769 φο·-

301 2787 400 2858 ράν
451 2787 754 2859 ἐπιτήδειον
804 2788 872 2840 δι’
902 2788 1183 2859 εὐκαιρίαν
1241 2789 1340 2859 τῆς
1387 2789 1625 2854 θέσεως,
1662 2791 1878 2860 ἥδιστον

299 2879 409 2950 (19.)
441 2879 566 2950 ἐμοὶ
601 2879 817 2934 πάντων
859 2880 1086 2950 καρπῶν
1123 2879 1221 2951 τὴν
1268 2883 1506 2950 ἡσυχίαν
1543 2881 1765 2952 τρέφει·
1813 2882 1876 2936 ού

300 2971 462 3040 μόνον
508 2970 698 3024 καθότι
746 2970 855 3024 τῶν
898 2971 1135 3026 ἀστικῶν
1185 2971 1430 3044 θορύόων
1487 2974 1875 3045 ἀπήλλακταιο

296 3063 413 3116 ἀλλ’
441 3061 662 3116 ὃτιούτε
685 3063 868 3135 όδίτην
882 3063 1003 3117 τινὰ
1030 3063 1392 3136 παραπέμπει
1423 3064 1559 3136 πλὴν
1593 3066 1700 3120 τῶν
1734 3066 1876 3120 κατὰ

1985 580 2165 628 autem
2211 575 2467 647 utrinque
2507 582 2760 634 extentus
2790 585 2844 634 et
2860 563 2965 650 'per
2997 587 3254 634 curvatos
3285 577 3568 638 anfractus

1981 665 2340 736 voraginibus
2360 668 2606 738 junctus,
2637 685 2734 740 per
2759 671 2876 727 vias
2924 671 3128 728 montis
3163 670 3381 728 infimas
3433 687 3566 742 par-

1983 770 2065 816 tes
2108 761 2444 818 intercludit.
2489 763 2702 822 Habent
2749 777 2931 823 autem
2993 765 3191 822 infima:
3225 767 3332 822 illa:
3379 773 3568 837 partes

1982 851 2188 907 aditum
2241 870 2432 921 unum,
2475 856 2636 927 cujus
2692 873 2794 914 nos
2854 858 3064 914 domini
3114 873 3330 914 sumus.
3389 857 3566 912 Porro

1981 943 2372 1002 habitationem
2421 948 2540 1004 alia:
2585 949 2831 1020 quadam
2867 948 3053 1006 fauces
3095 951 3396 1021 excipiunt,
3453 948 3566 1021 9E.

1981 1035 2146 1091 altam
2173 1037 2463 1107 quamdam
2501 1039 2766 1097 cervicem
2810 1039 2866 1093 in
2900 1040 3106 1095 vertice
3151 1039 3446 1110 erigentes,
3481 1041 3564 1095 sic

1982 1133 2041 1179 ut
2080 1141 2307 1197 campus
2360 1129 2431 1183 ob
2476 1129 2666 1186 oculos
2708 1145 2974 1202 expassus
3021 1138 3222 1200 pateat,
3293 1130 3564 1201 liceatque

1981 1233 2013 1272 e
2061 1220 2282 1274 sublimi
2333 1219 2555 1280 ﬂuvium
2598 1223 2762 1278 etiam
2795 1221 3266 1278 circumfluentem
3296 1222 3500 1279 intueri
3541 1239 3559 1278 :

1979 1311 2183 1380 qui,.ut
2210 1312 2342 1367 mihi
2389 1313 2609 1388 quidem
2662 1313 2899 1380 videtur,
2953 1329 3061 1370 non
3111 1315 3378 1370 minorem
3411 1315 3563 1371 obie-

1980 1403 2275 1458 ctationem
2342 1404 2533 1471 aﬂ‘crt,
2597 1420 2760 1476 quam
2815 1406 3072 1478 Strymon
3119 1421 3186 1461 ex
3250 1405 3562 1478 Amphipoli

1979 1495 2391 1564 aspicientibus.
2421 1496 2522 1552 Hic
2545 1498 2692 1553 enim
2727 1500 2929 1553 fluento
2956 1499 3188 1555 lentiore
3209 1507 3558 1571 restagnans,

1979 1589 2145 1641 etiam
2196 1603 2307 1656 prae
2354 1588 2538 1658 quiete
2590 1588 2792 1646 fluvius
2824 1605 2950 1646 esse
3009 1590 3124 1646 fere
3183 1589 3430 1646 desinit:
3469 1589 3564 1646 ille

1981 1693 2111 1735 vero
2139 1673 2409 1744 omnium,
2441 1695 2710 1752 quosego
2757 1681 3012 1746 viderim,
3050 1682 3342 1738 ﬂuvrorum
3386 1682 3564 1738 celer-

1980 1772 2120 1826 rime
2147 1769 2343 1835 ﬂuens,
2369 1787 2436 1826 ex
2468 1770 2650 1828 vicina
2680 1787 2816 1842 rupe
2852 1788 2960 1828 non
2994 1773 3131 1828 nihil
3164 1772 3222 1828 iit
3268 1775 3514 1844 asperior
3544 1792 3559 1830 :

1981 1877 2010 1915 a
2036 1875 2142 1931 qua
2167 1877 2289 1918 sese
2317 1861 2635 1928 refundens,
2671 1863 2727 1917 in
2755 1864 3087 1934 profundum
3125 1867 3385 1920 verticem
3417 1880 3558 1920 con-

1977 1954 2248 2020 volvitur;
2280 1963 2444 2026 atque
2466 1956 2603 2011 adeo
2631 1957 2764 2012 mihi
2799 1967 2854 2012 et
2885 1959 3060 2013 cuivis
3097 1958 3331 2014 intuenti
3400 1973 3565 2030 aspe-

1977 2055 2125 2102 ctum
2159 2047 2403 2101 omnium
2430 2047 2912 2118 jucundissimum,
2964 2050 3269 2120 incolisque
3317 2064 3566 2105 commo—

1977 2140 2204 2195 ditatem
2263 2140 2594 2196 uberrimam
2639 2141 2862 2210 praebet,
2914 2155 2979 2194 ae
3028 2141 3264 2211 piscium
3307 2143 3564 2198 innume-

1979 2229 2203 2284 rabilem
2241 2231 2451 2301 copiam
2495 2230 2549 2286 in
2595 2232 2904 2287 verticibus
2954 2233 3150 2287 nutrit.
3188 2232 3329 2299 Quid
3367 2235 3564 2289 attinet

1978 2323 2352 2376 exiialationes
2381 2339 2411 2376 a
2447 2334 2592 2378 terra
2640 2332 2950 2388 manantes,
2995 2333 3087 2379 aut
3137 2341 3303 2382 auras
3336 2342 3367 2382 e
3395 2328 3565 2383 fluvio

1978 2416 2448 2470 commemorare?
2481 2413 2702 2469 Florum
2732 2431 2864 2472 sane
2895 2426 2990 2471 aut
3012 2432 3342 2474 canorarum
3370 2420 3554 2475 avium

1978 2506 2381 2562 multitudinem
2416 2507 2555 2562 alius
2585 2508 2820 2565 fortasse
2869 2511 3102 2565 miretur
3135 2530 3149 2566 :
3187 2512 3281 2567 sed
3312 2512 3444 2566 mihi
3475 2511 3564 2568 his

1980 2598 2221 2652 animum
2273 2597 2556 2671 advertere
2585 2615 2696 2654 non
2733 2610 2912 2656 vacat.
2955 2600 3112 2668 Quod
3148 2613 3328 2659 autem
3389 2606 3567 2659 maxi-

1979 2704 2128 2744 mum
2161 2689 2227 2745 de
2263 2692 2369 2745 hoc
2399 2691 2521 2747 loco
2554 2691 2736 2748 dicere
2762 2707 3084 2764 possumus,
3115 2696 3246 2752 illud
3278 2704 3384 2760 est,
3412 2695 3563 2768 qua!

1977 2797 2102 2838 eum
2150 2783 2222 2838 ob
2280 2784 2422 2840 situs
2470 2786 2928 2854 opportunitatem
2985 2788 3052 2843 ad
3102 2770 3293 2846 omnes
3347 2790 3565 2847 fructu.)

1977 2873 2335 2943 proferendos
2375 2875 2603 2933 idoneus
2635 2877 2742 2942 sit,
2775 2895 2943 2935 unum
2992 2883 3237 2936 omnium
3295 2883 3431 2938 mihi
3471 2883 3562 2953 ju-

1977 2965 2372 3021 cundissimum
2399 2968 2637 3037 quietem
2677 2984 2741 3023 ac
2773 2972 3225 3041 tranquillitatem
3272 2974 3370 3028 alit
3399 2991 3414 3038 ;
3449 2989 3560 3029 non

1979 3057 2155 3113 solum
2199 3065 2470 3130 quatenus
2515 3058 2584 3114 ab
2630 3061 2856 3118 urbanis
2901 3064 3231 3118 tumultibus
3265 3065 3402 3121 liber
3429 3075 3555 3127 est,

296 3155 473 3226 θήραν
519 3156 966 3226 ἐπιμιγνυμένων
1006 3156 1158 3226 ἡμῖν.
1213 3155 1357 3227 Πρὸς
1393 3157 1502 3228 γὰρ
1544 3161 1656 3222 τοῖς
1697 3158 1874 3223 ἄλλοις

1981 3147 2075 3204 sed
2109 3149 2272 3204 etiam
2311 3149 2436 3220 quia
2476 3165 2545 3206 ne
2583 3150 2847 3206 viatorem
2889 3152 3110 3222 quidem
3157 3155 3328 3208 ullum
3353 3156 3418 3209 ad
3453 3170 3554 3213 nos

297 3247 392 3298 καὶ
441 3245 802 3316 θηροτρόφος-
827 3246 996 3309 ἐστὶν,
1044 3245 1165 3314 οὐχὶ
1209 3245 1448 3315 ἄρκτων,
1483 3247 1516 3316 ἢ
1546 3245 1727 3300 λύκων
1765 3247 1874 3301 τῶν

296 3337 604 3408 ὑμετέρων,
639 3337 716 3408 μὴ
747 3336 994 3403 γένοιτοί
1034 3337 1148 3391 ἀλλ’
1179 3336 1392 3406 ἐλάφων
1426 3338 1627 3406 ἀγέλας
1668 3340 1764 3393 καὶ
1792 3342 1876 3393 αί-

294 3428 408 3497 γῶν
443 3428 673 3499 ἀγρίων,
703 3430 799 3482 καὶ
831 3429 1077 3497 λαγωοὺς
1111 3428 1328 3499 βόσκει,
1355 3430 1450 3482 καὶ
1493 3431 1547 3483 εί
1571 3448 1624 3486 τι
1662 3431 1875 3494 τούτοις

294 3518 500 3587 ὅμοιον.
533 3512 661 3588 Ἆρ’
694 3513 787 3572 οὖν
807 3518 907 3570 οὐκ
941 3517 1146 3589 ἐνθυμῇ
1173 3518 1303 3590 παρ’
1338 3518 1460 3571 ὅσον
1485 3514 1650 3590 ἦλθον
1693 3519 1874 3574 κινδύ-

294 3625 389 3660 νου
418 3609 446 3660 ὁ
487 3609 720 3678 μάταιος
745 3607 856 3676 ἐγὼ
875 3648 890 3671 ,
920 3608 1163 3661 τοιούτου
1195 3609 1397 3679 χωρίου
1430 3609 1528 3680 τὴν
1558 3610 1869 3683 Τιϐερίνην,

293 3701 393 3768 τῆς
419 3699 746 3769 οἰκουμένης
771 3698 830 3751 τὸ
872 3698 1164 3770 βάραθρον,
1194 3699 1510 3768 φιλονεικῶν
1542 3701 1874 3768 ἀνταλλάξα-

299 3789 421 3843 σθαι
451 3807 465 3855 ;
502 3789 650 3862 Πρὸς
681 3791 820 3862 ὅπερ
863 3788 958 3842 νῦν
1002 3789 1344 3860 ἐπειγομένῳ
1382 3790 1692 3863 συγγνώσῃ.
1725 3792 1869 3847 Πάνο-

295 3898 406 3945 τως
452 3881 562 3952 γὰρ
603 3881 727 3934 ούδέ
770 3879 1084 3952 Ἀλκμαίων
1120 3879 1402 3951 Ἐχινάδας
1427 3879 1633 3954 εὑρὼν,
1671 3881 1748 3938 ἔτι
1772 3884 1869 3954 τῆς

296 3970 505 4044 πλάνης
532 3972 822 4042 ἠνέσχετο.

836 4259 1181 4317 ΕΠΙΣΤΟΛΗ
1220 4259 1326 4314 lE':

1981 3242 2325 3308 transmittit,
2360 3244 2405 3299 si
2443 3259 2537 3299 eos
2586 3246 2850 3316 excipias,
2901 3247 2995 3317 qui
3047 3250 3189 3302 inter
3247 3248 3558 3304 venandum

1981 3333 2266 3389 nobiscum
2327 3334 2646 3390 miscentur.
2719 3337 2856 3390 Nam
2917 3344 3113 3407 praeter
3157 3338 3368 3408 reliqua
3420 3338 3566 3393 feras

1980 3422 2141 3476 etiam
2173 3425 2398 3489 enutrit,
2428 3442 2538 3481 non
2579 3442 2738 3482 ursos
2769 3436 2859 3481 aut
2888 3428 3046 3499 lupos
3078 3439 3290 3485 vestros
3320 3428 3562 3501 (obsiti),

1983 3512 2078 3568 sed
2117 3529 2407 3570 cervorum
2473 3528 2634 3588 atque
2680 3519 3017 3575 silvestrium
3085 3536 3376 3590 caprarum
3440 3537 3565 3593 gre-

1979 3618 2097 3673 ges,
2129 3604 2472 3677 leporesque,
2498 3620 2552 3664 ct
2591 3611 2636 3664 si
2674 3611 2803 3680 quid
2846 3610 2932 3666 his
2975 3611 3174 3667 simile.
3215 3613 3360 3666 Num
3401 3612 3566 3683 igitur

1978 3694 2206 3764 cogitas,
2261 3713 2372 3766 quo
2429 3714 2530 3769 ego
2579 3699 2808 3770 periculi
2859 3702 3063 3757 stultus
3115 3703 3379 3769 venerim,
3437 3718 3560 3757 cum

1980 3782 2290 3853 huiusmodi
2349 3789 2533 3844 sedem
2588 3788 2881 3856 Tiberina,
2940 3791 3091 3846 orbis
3139 3799 3409 3846 terrarum
3466 3793 3564 3846 ba-

1979 3876 2200 3944 rathro,
2265 3888 2606 3936 commutare
2660 3885 2955 3952 cuperem?
3011 3884 3183 3947 Quem
3258 3883 3326 3938 ad
3379 3885 3559 3938 locum

1981 3985 2127 4022 nunc
2157 3973 2472 4040 properanti
2512 3973 2723 4028 veniam
2770 3975 2946 4032 dabis.
2992 3977 3127 4030 Nam
3172 3976 3418 4046 profecto
3459 3991 3561 4032 nec

1983 4058 2281 4114 Alcmaeon-
2313 4061 2547 4120 inveutis
2593 4062 2966 4120 E'cbinadibus
3021 4067 3258 4136 amplius
3304 4065 3562 4124 oberrare

1982 4149 2170 4205 voluit.

2511 4268 2847 4328 EPISTOLA
2887 4273 3026 4330 ΧΨ.
3050 4333 3053 4337 ,

1306 4370 1522 4427 Basilius
1545 4375 1760 4426 Arcadio
1783 4382 2083 4435 commendat
2103 4381 2229 4434 cives
2251 4385 2547 4450 metropolis.

665 4475 951 4545 Ἀρκαδίῳ
977 4476 1186 4544 κόμητι
1213 4474 1535 4542 πριϐατῶν.

365 4594 616 4649 σεδωκαν
663 4591 884 4663 μείζονα
928 4591 1026 4662 τὴν
1053 4590 1276 4664 χάρινῆ
1317 4590 1510 4646 ἔλαϐον
1557 4594 1606 4646 οἱ
1658 4594 1870 4649 πολῖται

286 4689 391 4758 τῆς
430 4685 822 4758 μητροπόλεως
865 4685 1058 4755 ἡμῶν,
1109 4683 1518 4756 παρασχόμενοί
1565 4702 1660 4755 μοι
1701 4688 1872 4758 ἀφορ-

291 4781 400 4853 μὴν
429 4779 538 4831 τῶν
579 4777 720 4847 πρὸς
752 4775 849 4846 τὴν
889 4775 986 4845 σὴν
1027 4776 1318 4845 τιμιότητα
1363 4777 1727 4846 γραμμάτων.
1767 4780 1872 4830 Αύ-

284 4876 403 4936 τοίς
433 4873 532 4944 μὲν
557 4871 668 4942 γὰρ
697 4871 731 4941 ἡ
762 4867 1142 4940 φιλανθρωπία
1162 4907 1176 4932 ,
1206 4864 1275 4940 ἧς
1305 4869 1492 4921 ἕνεκεν
1517 4871 1615 4939 τὴν
1651 4871 1870 4922 ἐπιστο-

284 4963 385 5035 λὴν
409 4962 602 5018 ἔλαϐον
638 4963 768 5032 παρ’
786 4959 964 5030 ἡμῶν,
992 4959 1084 5013 καὶ
1106 4959 1212 5031 πρὸ
1235 4959 1344 5013 τῶν
1369 4963 1401 5030 ἡ
1411 4961 1527 5031 μῶν
1550 4962 1663 5030 (45)
1686 4980 1866 5034 γραμ-

288 5056 479 5131 μάτων
527 5055 740 5126 ὑπῆρχε
773 5051 861 5105 διὰ
902 5052 1000 5123 τὴν
1038 5051 1240 5125 συνὴθη
1277 5052 1370 5106 καὶ
1420 5051 1516 5122 τὴν
1547 5053 1609 5106 ἐκ
1655 5053 1868 5122 φύσεως

379 5211 471 5276 37)
505 5206 699 5265 Εἶναι.
726 5207 889 5262 Deest
913 5207 966 5260 in
996 5221 1091 5262 sex
1117 5221 1251 5261 mss.
1280 5207 1586 5276 codicibus.

384 5279 473 5346 38)
509 5279 734 5333 Δοκεῖν.
777 5277 871 5332 Sic
903 5276 1053 5331 Harl.
1083 5286 1136 5330 et
1163 5277 1272 5330 duo
1305 5275 1481 5346 Regii.
1517 5276 1658 5331 Editi
1693 5279 1861 5333 δοκεῖ.

359 5281 452 5350 (58
509 5281 734 5333 Δοκεῖν.
777 5281 871 5332 Sic
903 5281 1053 5331 Harl.
1083 5286 1136 5330 et
1163 5281 1272 5330 duo
1307 5281 1481 5346 Hegii.
1517 5281 1658 5331 Editi
1693 5281 1861 5333 δοκεῖ.

359 5281 473 5420 (59)
508 5351 860 5420 Στρύμοναἓ
873 5350 962 5402 Sic
1001 5346 1171 5400 Coisl.
1198 5347 1430 5420 _prin_i_us
1454 5361 1596 5420 ⁸ο11111
1641 5364 1756 5420 uno
1782 5365 1864 5420 ei;

283 5415 496 5490 Regiis.
534 5415 688 5474 Harl.
735 5416 962 5488 et.Reg.
1009 5417 1284 5473 secundus
1329 5415 1680 5487 Στρύμμονα.
1717 5417 1865 5472 Editi

282 5493 430 5544 Στου
440 5490 611 5544 μῶνα.

358 5508 1174 5629 ἕθῗῗῖόλαιοτέρῳηϐοόίοοε
1203 5556 1718 5629 (ιιιοιιιονσχολαίῳ.
1745 5555 1864 5612 Νο11

283 5626 461 5700 {multo
500 5626 624 5700 post
660 5629 768 5683 duo
816 5626 966 5700 Hegi}
1015 5626 1234 5700 codices
1279 5626 1738 5697 περιτραχύνεται
1770 5629 1862 5696 ὑφ’

282 5697 371 5771 ἦς.
408 5691 776 5771 Habetetiam
804 5691 990 5771 ύῖἿὴς
1005 5767 1016 5771 _
1031 5695 1182 5750 Harl.

358 5771 470 5844 (41)
520 5769 820 5836 Ἡδίστην.
851 5765 980 5823 Post
1005 5767 1146 5822 hanc
1174 5783 1361 5824 vocem
1393 5765 1541 5822 addit
1569 5767 1858 5826 Coislinia-

2329 4490 2560 4543 Arcadio
2618 4491 2801 4545 comiti
2845 4492 3196 4561 privatarum.

2041 4599 2250 4657 Dedere
2279 4601 2460 4672 majus
2490 4603 2814 4659 beneficium
2857 4603 3032 4675 quam'
3060 4621 3318 4676 accepere
3353 4615 3558 4661 metro-

1970 4692 2109 4761 polis
2149 4700 2352 4748 nostra:
2399 4693 2570 4758 cives,
2633 4710 2758 4752 cum
2802 4697 2935 4751 1111111
2971 4698 3274 4751 litterarum
3309 4698 3373 4750 ad
3408 4706 3556 4752 tuam

1971 4784 2292 4850 dignitatem
2323 4788 2672 4841 occasionem
2735 4788 3077 4844 oblulerunt.
3117 4789 3227 4844 illis
3265 4791 3409 4843 enim
3451 4791 3556 4843 hu-

1971 4875 2229 4938 manitas,
2255 4877 2417 4946 cujus
2437 4893 2612 4933 causa
2641 4880 2928 4949 epistolam
2961 4889 3292 4948 acceperunt
3313 4895 3344 4933 a
3368 4881 3554 4945 nobis,

1975 4967 2136 5018 etiam
2164 4975 2292 5022 ante
2325 4968 2531 5024 litteras
2558 4978 2778 5026 nostras
2806 4978 2996 5040 parata
3047 4981 3184 5034 erat,
3219 4973 3290 5026 ob
3323 4987 3558 5028 consue-

1977 5065 2084 5109 tam
2109 5063 2162 5112 et
2187 5056 2286 5113 tibi
2311 5065 2506 5114 natura
2532 5061 2759 5116 insitam
2790 5063 2846 5116 in
2873 5076 3065 5118 omnes
3093 5063 3426 5121 comitatem.
3445 5064 3557 5122 Nos

1962 5226 2070 5265 nus
2092 5210 3312 5303 primitslrralcrtbv'lbljox.editi’éyx.wp£0tg..§e§
3337 5218 3558 5303 codices

1964 5297 2098 5335 mss.
2137 5293 2196 5334 ut
2227 5284 2280 5335 in
2310 5292 2486 5337 textu.
2519 5283 2720 5338 Ibidem
2752 5300 2816 5338 ex
2849 5283 3068 5340 duobus
3101 5287 3389 5346 codicibus
3424 5293 3558 5361 legi-

1964 5367 2088 5436 mus
2118 5351 2330 5436 ἑχθύων
2369 5370 2461 5436 τε..Δ
2491 5352 2632 5406 Editi
2677 5353 2875 5436 £16.wa
2906 5355 2986 5409 δέ.
3020 5355 3168 5412 Idem
3218 5359 3387 5415 Coisl.
3434 5371 3558 5431 post

1933 5493 1936 5496 γ
1963 5423 2085 5496 ταῖς
2100 5421 2288 5496 δίναις
2319 5423 2470 5478 addit
2498 5421 2966 5496 περιειζούμενον.

2036 5488 2148 5572 (f2)
2187 5488 2638 5572 "Hdtacor.‘_S'ic
2673 5488 2856 5572 _Qoisl.
2904 5509 3030 5550 cum
3080 5497 3297 5556 duobus
3349 5497 3556 5572 Regiis.

1965 5559 2163 5634 melius
2181 5577 2351 5634 quam
2383 5564 2442 5634 in
2469 5559 2634 5634 editis
2663 5563 2912 5634 ἡδίστην.

2002 5631 2152 5754 é(43)
2184 5632 2303 5698 Πρὸ
2337 5631 2449 5685 τῶν
2477 5631 2668 5691 ἡμῶν.
2687 5631 2828 5707 Reg.
2845 5631 3129 5694 secundus
3153 5639 3258 5711 πρὸ
3279 5641 3386 5695 τῶν
3413 5644 3552 5714 ἡμε-

1967 5719 1994 5753 τ
2033 5719 2163 5772 ρων.
2287 5771 2292 5772 ν
2411 5767 2424 5772 _
2524 5771 2533 5772 ί

2035 5767 2048 5793 ⁵
2081 5771 2230 5829 Alias
2267 5767 2558 5831 CCCCXV.
2595 5773 2810 5853 Scripta
2846 5777 2901 5834 in
2937 5795 3185 5838 secessu.
