3886 6220
338 354 343 361 -
355 318 465 378 279

1644 324 1702 385 S.
1742 327 1828 381 BA
1836 323 1986 382 SiLﬂ
2026 322 2247 382 MAGNI

3546 316 3666 372 280

358 446 541 494 autem
596 434 940 497 occasionem
981 442 1282 499 sal‘utandae
1332 444 1621 515 probitatis
1679 433 1787 502 tua:
1830 462 1940 501 non

2062 442 2455 516 ενυπάρχουσάν
2486 459 2567 496 σοι
2600 441 2734 515 πρὸς
2760 440 2965 504 πάντας
2994 432 3339 511 ἡμέρότητα’
3371 437 3564 507 ἡμεῖς
3602 433 3667 486 δι

357 529 641 588 imitabilis
704 533 761 587 in
812 533 1049 590 maximo
1094 536 1249 592 lucro
1303 537 1560 594 duximus
1599 557 1612 593 :
1646 546 1939 610 precantes

358 617 531 675 Deum
577 632 849 690 sanctum,
879 632 938 679 ut
967 635 1019 680 te
1047 627 1095 681 ei
1142 630 1313 698 magis
1366 644 1430 684 ac
1460 630 1634 700 magis
1672 631 1939 700 placente,

359 715 417 764 et
464 724 649 765 rerum
709 720 926 765 tuarum
969 713 1260 782 splendore
1305 716 1569 785 majorem
1616 716 1672 770 in
1722 718 1940 772 modum

361 812 665 866 crescente,
699 818 823 857 cum
854 805 957 874 ipsi
989 806 1252 874 lzctemur,
1282 815 1337 862 et
1369 822 1490 862 cum
1522 807 1607 863 his
1628 808 1720 878 qui
1752 824 1815 863 ex
1852 815 1943 862 tua

360 902 630 962 potestate
680 895 942 950 beneficia
998 899 1333 969 percipiunt,
1388 901 1778 971 gaudeamus:
1825 908 1943 954 tum

318 968 524 1042 letiam
572 987 868 1057 aliquando
921 1005 1017 1044 eos
1063 968 1163 1060 qui
1213 968 1432 1047 nostras
1488 991 1582 1046 tibi
1643 992 1855 1047 litteras
1884 992 1941 1046 in

361 1091 561 1134 manus
615 1079 976 1143 tradiderint,
1026 1081 1101 1135 ita
1144 1079 1435 1136 redeuntes
1477 1081 1836 1152 excipiamus,
1882 1092 1943 1137 ut

358 1182 484 1222 cum
531 1171 787 1227 omnibus
844 1172 1121 1227 lenitatem
1174 1172 1282 1243 95
1331 1180 1482 1227 tuam
1525 1173 1768 1238 laudent,
1798 1189 1940 1228 sem-

360 1270 565 1331 perque
606 1261 940 1332 perspiciant
982 1278 1092 1316 non
1150 1262 1399 1317 inutilem
1438 1261 1543 1318 sibi
1594 1261 1936 1331 deprecatio-

362 1366 486 1405 nem
527 1360 772 1406 nostram
835 1354 977 1424 apud
1033 1360 1181 1407 tuam
1221 1352 1477 1409 eximiam
1519 1352 1934 1409 beneﬁcentiam

358 1442 641 1499 exstitisse
653 1484 674 1499 ..

875 1682 1213 1739 EPISTOLA
1249 1686 1413 1741 XVI‘.

2045 533 2144 603 τὴν
2175 534 2430 604 ἀφορμὴν
2460 532 2554 586 τοῦ
2597 530 3069 604 προσφθέγγεσθαί
3103 529 3213 600 (Η)
3243 546 3337 582 σου
3366 530 3487 593 τὴν
3520 524 3667 595 ἀμε-

2049 641 2220 693 μητον
2252 623 2659 691 καλοκάγαθίαν
2711 623 2966 693 μέγιστον
2996 621 3184 691 κέρδος
3228 618 3480 689 ἐθέμεθα
3504 658 3523 681 ,
3574 615 3670 668 εὐ-

2047 715 2268 784 χόμενοι
2306 713 2381 785 τῷ
2417 714 2555 784 ἁγίῳ
2601 712 2720 784 Θεῷ
2767 712 3127 785 προκόπτοντί
3163 727 3242 763 σοι
3290 713 3349 763 ὲν
3380 713 3455 780 τῇ
3507 706 3667 776 ⁸πρὸς·

2047 807 2207 859 αὑτὸν
2234 806 2623 877 εύαρεστήσει,
2650 805 2745 858 καὶ
2785 805 2879 857 ἐπὶ
2910 804 3093 875 μεῖζον
3124 801 3225 871 τῆς
3261 801 3390 871 περὶ
3441 800 3516 852 σὲ
3552 815 3665 851 πε-

2045 898 2330 969 ριφανείας
2369 896 2779 968 αὐξανομένης,
2828 896 2982 950 αὐτοι
3023 911 3082 948 τε
3121 891 3616 963 ὲπευφραίνεσθαι
3645 927 3663 951 ,

2043 989 2137 1043 καὶ
2182 991 2294 1051 τοῖς
2336 987 2815 1059 εύεργετουμένοις
2855 986 2960 1040 ὑπὸ
3002 987 3101 1057 τῆς
3153 988 3252 1056 σῆς
3300 979 3665 1043 ἐπιστασίας

2045 1078 2368 1151 συνήδεσθαι
2393 1094 2407 1108 ·
2449 1078 2635 1132 λαϐεῖν
2674 1078 2731 1131 δέ
2766 1096 2897 1132 ποτε
2940 1077 3053 1149 (45)
3095 1076 3346 1138 καὶτοὺς
3384 1071 3663 1144 ἐγχειρί-

2044 1170 2239 1234 ζοντάς
2290 1187 2370 1223 σοι
2413 1170 2485 1223 τὰ
2521 1170 2823 1241 γράμματα
2864 1168 3022 1240 ἡμῶν
3064 1168 3288 1240 ἡμέρως
3331 1165 3511 1229 ἰδεῖν,
3554 1160 3663 1215 καὶ

2044 1259 2474 1331 ἀποπέμψασθαι
2523 1259 2664 1331 μετὰ
2694 1261 2911 1315 πάντων
2952 1259 3044 1312 καὶ
3074 1258 3272 1321 αὐτοὺς
3306 1254 3431 1325 (46)
3456 1295 3474 1317 ,
3552 1254 3662 1307 ἁν-

2042 1352 2342 1424 υμνοῦντας
2366 1353 2465 1423 τὴν
2494 1352 2593 1424 σὴν
2616 1352 2900 1425 πραότητα
2919 1368 2933 1382 ο
2970 1353 3056 1405 ἀεὶ
3089 1349 3379 1422 μαθόντας,
3408 1349 3508 1401 ὅτι
3546 1344 3661 1398 οὐκ

2040 1442 2308 1513 ἄχρηστος
2350 1442 2533 1505 αὐτοῖς
2579 1444 2613 1513 ἡ
2663 1443 2796 1514 παρ’
2829 1440 2987 1513 ἡμῶν
3029 1439 3297 1512 πρεσϐεία
3352 1436 3505 1509 πρὸς
3543 1435 3660 1506 τήν

2043 1530 2462 1603 ἀνυπέρϐλητόν
2491 1549 2584 1587 σου
2616 1532 3018 1602 καλοκάγαθίαν
3038 1530 3348 1602 γεγένηται.

2585 1687 2934 1742 ΕΠΙΣΤΟΛΗ
2967 1685 3085 1754 ις’».

359 1821 612 1886 Refeth'tur
635 1820 861 1874 Eunomii
881 1824 1122 1876 temeritas
1141 1823 1317 1878 divinat
1337 1832 1525 1877 natum
1542 1823 2009 1896 comprehensionem
2031 1825 2125 1896 sibi
2144 1826 2438 1896 arrogantis,
2458 1840 2565 1878 cum
2589 1841 2647 1879 ne
2667 1824 3098 1878 minutissimorum
3119 1822 3317 1888 quidem
3337 1821 3661 1873 animalium

1440 1890 1758 1953 cognitionem
1781 1890 2109 1952 investigando
2147 1890 2339 1954 assequi
2370 1895 2544 1953 posset.

640 2007 904 2061 Adversus
958 2005 1281 2062 Eunomium
1328 2009 1658 2064 haereticum.

432 2114 537 2182 Qui
587 2131 777 2170 eorum
833 2131 952 2186 qua:
1002 2124 1131 2172 sunt
1183 2117 1660 2188 investigationem
1710 2135 1936 2191 compa-

362 2207 474 2261 rari
507 2220 670 2275 posse
703 2205 855 2269 dicit,
883 2204 929 2260 is
958 2205 1147 2276 procul
1171 2205 1341 2262 dubio
1375 2207 1463 2261 via
1493 2208 1730 2277 quadam
1771 2219 1824 2263 et
1851 2224 1941 2262 or-

361 2297 490 2353 dine
523 2304 760 2352 mentem
794 2310 953 2351 suam
981 2297 1053 2351 ad
1083 2311 1273 2351 eorum
1316 2314 1438 2368 quae
1475 2307 1627 2365 sunt,
1671 2301 1941 2371 cognitio-

362 2404 488 2445 nem
518 2388 763 2459 appulit;
791 2397 846 2444 et
875 2390 935 2443 in
965 2388 1131 2445 rebus
1155 2397 1318 2459 captu
1346 2388 1601 2445 facilibus
1624 2398 1679 2445 et
1709 2392 1936 2448 minutis

361 2482 719 2545 exercitatus,
753 2481 829 2535 ita
864 2480 1083 2538 demum
1132 2496 1229 2551 per
1278 2482 1420 2537 hanc
1448 2483 1838 2555 cognitionem,
1874 2485 1941 2539 ad

366 2588 487 2627 eam
547 2588 768 2643 quoque
814 2589 935 2641 qua:
988 2573 1374 2641 cogitationem
1427 2590 1640 2630 omnem
1696 2586 1937 2646 superat,

361 2679 520 2719 suam
586 2664 1086 2734 comprehendendi
1138 2664 1453 2719 facultatem
1502 2669 1790 2737 promovit.
1838 2667 1941 2734 Qui

365 2753 532 2823 igitur
562 2771 754 2810 eorum
784 2770 904 2825 qum
934 2764 1063 2812 sunt
1108 2756 1475 2826 cognitionem
1518 2760 1944 2829 apprehendisse

364 2860 424 2900 se
462 2846 753 2915 gloriatur,
785 2848 833 2901 is
862 2846 1115 2902 animalis
1153 2847 1507 2904 minutissimi
1539 2850 1700 2906 exiis
1728 2867 1852 2922 quae
1886 2854 1940 2907 in

363 2945 718 3006 conspectum
759 2939 984 3003 cadunt,
1026 2949 1281 2995 naturam
1337 2941 1591 3010 explicet,
1621 2952 1673 2998 et
1719 2960 1840 3019 qua:
1871 2945 1942 3000 sit

366 3027 609 3083 formicae
640 3036 833 3083 natura
859 3029 1007 3086 dicat
1036 3050 1050 3086 :
1081 3046 1148 3085 an
1192 3032 1391 3101 spiritu
1421 3040 1474 3087 et
1522 3034 1764 3089 anhelitu
1806 3050 1940 3090 con-

366 3121 612 3176 tineatur
650 3123 824 3190 ipsius
891 3122 1035 3188 vita;
1091 3138 1159 3178 an
1213 3139 1413 3193 corpus
1461 3126 1679 3181 ossibus
1742 3126 1942 3184 distin-

366 3217 551 3275 ctum;
588 3225 657 3264 an
695 3225 989 3282 compages
1028 3213 1216 3269 nervis
1249 3223 1410 3283 atque
1426 3215 1733 3285 ligamentis
1761 3216 1944 3272 ﬁrma-

2292 2010 2451 2079 Πρὸς
2476 2011 2778 2079 Εὐνόμιον
2809 2009 2918 2064 τὸν
2937 2009 3233 2079 αἱρετικόγ
3253 2006 3388 2078 (47).

2127 2126 2184 2179 '0
2234 2126 2464 2195 ἑφικτὴν
2516 2119 2657 2181 εἶναι
2704 2123 2876 2191 λέγων
2926 2122 3036 2176 τῶν
3074 2122 3240 2176 ὄντων
3273 2119 3373 2191 τὴν
3406 2119 3645 2192 εὕρεσιν

2043 2214 2149 2285 ὁδῷ
2177 2231 2283 2268 τινι
2324 2215 2543 2278 πάντως
2584 2214 2679 2268 καὶ
2716 2214 3011 2284 ἀκολουθίᾳ
3040 2212 3128 2268 διὰ
3170 2213 3272 2282 τῆς
3310 2212 3423 2266 τῶν
3456 2211 3644 2265 ὄντων

2052 2304 2308 2372 γνώσεως
2348 2304 2651 2378 προέϐαλεν
2680 2304 2789 2375 (48)
2824 2302 3016 2358 ἑαυτοῦ
3067 2302 3164 2373 τὴν
3201 2302 3477 2357 διάνοιανο
3538 2302 3645 2355 καὶ

2041 2398 2155 2460 τοῖς
2181 2397 2472 2468 εὐλήπτοις
2508 2414 2567 2450 τε
2599 2398 2694 2449 καὶ
2723 2395 3067 2468 μικροτέροις
3109 2393 3517 2465 έγγυμνασθεὶς
3542 2392 3640 2447 διὰ

2040 2486 2142 2556 τῆς
2174 2486 2285 2558 (49)
2313 2486 2692 2555 καταλήψεως,
2723 2484 2867 2538 οὕτω
2890 2487 2985 2539 καὶ
3011 2487 3091 2549 εἰς
3117 2484 3214 2554 τὴν
3239 2484 3501 2536 ἐπέκεινα
3529 2483 3641 2535 πά-

2044 2592 2144 2645 σης
2181 2576 2391 2639 ἐννοίας
2439 2577 2752 2647 προήγαγεν
2798 2574 2995 2628 ἑαυτοῦ
3041 2564 3455 2643 καταληπτικὴν
3494 2591 3639 2640 φαν-

2041 2667 2253 2719 τασίαν.
2288 2665 2495 2719 Οὐκοῦν
2526 2667 2554 2717 ὁ
2594 2666 2692 2734 τὴν
2730 2667 2857 2737 περὶ
2900 2664 3008 2718 τῶν
3048 2666 3216 2718 ὄντων
3249 2664 3455 2734 εἴδησιν
3485 2678 3637 2715 κατ-

2049 2756 2330 2828 ειληφέναι
2403 2752 3068 2829 μεγαλαυχούμενος,
3115 2753 3480 2825 σμικρότατον
3519 2749 3639 2803 τῶν

2043 2850 2509 2923 προφαινομένων,
2556 2851 2705 2913 ὅπως
2741 2847 2856 2918 ἔχει
2900 2842 3147 2923 φύσεως,
3194 2844 3637 2918 ἐρμηνευσάτω,

2043 2944 2137 2997 καὶ
2162 2943 2245 3005 τίς
2273 2943 2306 3013 ἠ
2332 2941 2426 2995 τοῦ
2464 2941 2755 3012 μύρμηκος
2777 2939 2960 3009 φύσις,
2990 2939 3201 3016 agndae)
3221 2956 3235 2969 ο
3265 2940 3316 2991 εί
3351 2937 3633 3007 πνεύματι

2044 3034 2137 3088 καὶ
2172 3033 2412 3103 ἄσθματι
2442 3032 2727 3103 συνέχεται
2767 3031 2932 3085 αὑτοῦ
2970 3032 3003 3101 ἡ
3034 3029 3146 3100 ζωή
3174 3048 3188 3062 ·
3226 3032 3275 3081 εί
3317 3028 3531 3091 ὀστέοις
3559 3028 3626 3081 τὸ

2046 3123 2206 3195 σῶμα
2241 3123 2350 3193 (50)
2378 3122 2685 3192 διείληπται
2706 3136 2721 3152 ο
2745 3124 2795 3175 εί
2828 3120 3039 3191 νεύροις
3061 3119 3155 3172 καὶ
3179 3117 3501 3186 συνδέσμοις
3526 3115 3633 3178 τὰς

2044 3212 2306 3285 ἁρμονίας
2345 3212 2665 3266 τετόνωται·
2703 3213 2751 3263 εἰ
2793 3210 2946 3280 μυῶν
2991 3208 3251 3282 περιδολῇ
3286 3208 3383 3261 καὶ
3420 3207 3631 3261 ἁδένων

367 3308 462 3365 ta;
508 3316 577 3355 an
601 3303 978 3357 musculorum
1013 3311 1065 3359 et
1088 3303 1470 3374 glandularum
1500 3308 1705 3363 ambitu
1765 3310 1943 3364 conti-

2062 3307 2080 3374 ὴ
2109 3304 2217 3358 τῶν
2249 3300 2454 3374 νεύρων
2488 3303 2900 3374 περικρατεϊται
2925 3300 3074 3364 θέσις
3106 3300 3241 3370 (51)⁶
3277 3299 3329 3351 ει
3376 3298 3490 3360 τοῖς
3524 3314 3633 3350 νω-

372 3397 568 3443 neatur
634 3406 929 3444 nervorum
965 3391 1142 3458 situs;
1171 3405 1240 3445 an
1271 3392 1507 3447 medulla
1538 3407 1568 3445 a
1596 3393 1852 3464 sincipite
1877 3394 1943 3449 ad

367 3479 601 3533 caudam
636 3496 813 3550 usque
868 3496 973 3534 una
1036 3496 1160 3535 cum
1213 3482 1363 3536 dorsi
1404 3484 1670 3539 vertebris
1722 3492 1946 3554 proten-

368 3569 570 3634 datur;
606 3586 677 3624 an
718 3572 977 3626 membris
1028 3587 1150 3641 quae
1207 3581 1528 3638 moventur,
1574 3556 1653 3629 ex.
1701 3590 1945 3632 nervosa,

369 3662 702 3717 membranae
732 3664 1016 3732 complexu
1066 3671 1274 3719 motum
1306 3664 1616 3735 imprimat;
1658 3681 1727 3721 an
1773 3669 1843 3723 sit
1890 3670 1942 3723 in

369 3750 488 3820 ipsa
511 3752 692 3821 jecur,
731 3763 786 3809 et
828 3754 887 3809 in
937 3754 1124 3825 jeeore
1170 3770 1267 3811 vas
1331 3756 1626 3826 quoddam,
1678 3760 1826 3829 quod
1875 3759 1946 3816 fel

371 3843 669 3913 suscipiat;
700 3845 880 3901 sintne
906 3860 1084 3913 renes,
1118 3854 1173 3901 et
1195 3861 1311 3912 cor,
1345 3856 1401 3902 et
1427 3849 1661 3916 arteriae,
1691 3861 1747 3907 et
1775 3868 1943 3919 venae,

374 3944 430 3992 et
457 3939 747 4009 pelliculae,
771 3946 826 3995 et
857 3939 1305 4010 diapbragmata;
1338 3941 1479 3997 sitne
1507 3944 1707 3999 animal
1738 3947 1945 4003 nudum

373 4044 441 4083 an
485 4029 753 4098 pilosum;
792 4037 974 4085 utrum
1040 4030 1275 4103 ungulas
1315 4030 1600 4101 indivisas,
1649 4051 1719 4091 an
1786 4040 1949 4107 pedes

373 4120 674 4176 multiﬁdos
701 4121 934 4177 habear
974 4122 1103 4177 item
1145 4129 1354 4178 ouanto
1397 4130 1645 4193 tempore
1686 4127 1854 4193 vivat,
1894 4138 1947 4182 et

445 4316 643 4389 ‘UAIias
668 4317 940 4389 CLXVIII.
967 4317 1505 4389 Scriptaiimperante
1533 4318 1751 4374 Juliano

377 4385 558 4518 engf)
589 4385 1135 4459 Προσφθέγγεσθαὶ.
1172 4385 1304 4460 [ἰθςῖ
1328 4389 1614 4444 secundus
1645 4389 1950 4460 προσφθέγ-

516 4474 593 4512 αι.

516 4474 593 4512 αι.

450 4526 561 4596 (45)
595 4526 812 4580 Λαὸεῖν
832 4525 899 4580 δέ
920 4541 1082 4581 ποτε.
1120 4525 1247 4581 Haec
1270 4527 1434 4582 verba
1468 4530 1535 4582 ad
1562 4528 1819 4583 Basiliam
1850 4545 1948 4583 ne-

377 4597 622 4665 cessario
653 4596 987 4658 referuntur,
1019 4597 1113 4665 qui
1145 4597 1371 4665 optabat
1402 4605 1461 4650 ut
1491 4598 1640 4653 cives
1673 4599 1840 4652 rebus
1874 4598 1951 4653 fe-

2050 3394 2222 3456 τιαίος
2257 3392 2567 3456 σπονδύλοις
2605 3393 2671 3445 ὲκ
2706 3389 2802 3443 τοῦ
2839 3389 3148 3461 βρέγματος
3183 3389 3277 3441 sit).
3308 3386 3371 3439 τὺ
3404 3387 3628 3456 οὐραῖον

2050 3489 2078 3539 ὀ
2103 3485 2296 3557 μυελὸς
2334 3484 2864 3556 συμπαρατείνεταιο
2916 3484 2965 3535 εἰ
2993 3485 3059 3554 τῇ
3099 3481 3328 3552 περιοχῇ
3370 3477 3484 3549 (5)2)
3530 3476 3629 3530 τοῦ

2052 3579 2354 3650 νευρώδους
2384 3578 2580 3648 ὑμένος
2602 3618 2616 3642 ,
2644 3581 2756 3641 τοῖς
2789 3574 3130 3646 κινουμένοις
3171 3572 3358 3644 μέλεσι
3401 3571 3500 3640 τὴν
3530 3572 3629 3639 ὁρ-

2056 3667 2293 3740 μητικὴν
2336 3666 2578 3720 ἐνδίδωσι
2631 3665 2900 3736 δύναμιν
2958 3666 3007 3718 εί
3060 3663 3210 3717 ἐστιν
3258 3665 3317 3717 ἐν
3357 3659 3508 3730 αὐτῷ
3566 3656 3631 3711 τὸ

2051 3756 2204 3832 ἧπαρ
2226 3800 2241 3824 ,
2284 3759 2378 3812 καὶ
2422 3759 2484 3811 τὸ
2527 3758 2810 3829 χοληδόχον
2857 3758 3076 3826 ἀγγεῖον
3114 3756 3206 3808 ἐπὶ
3244 3753 3337 3806 τοῦ
3374 3753 3588 3821 ἥπατος
3607 3766 3625 3781 ’

2052 3853 2240 3923 νεφροί
2292 3868 2351 3903 τε
2390 3850 2484 3904 καὶ
2530 3848 2728 3920 καρδία
2753 3887 2767 3911 ,
2811 3849 2903 3902 καὶ
2932 3847 3220 3918 ἀρτηρίαι,
3251 3844 3344 3898 καὶ
3389 3841 3624 3911 φλέϐες,

2055 3940 2251 4014 ὑμένες
2276 3943 2370 3996 καὶ
2391 3942 2808 4013 διαιρράγματα⁸
2838 3942 2887 3993 εί
2916 3940 3070 4009 ψιλόν
3104 3940 3271 4001 ἐστιν,
3305 3936 3340 4006 ἢ
3367 3934 3628 4006 τετρίχω-

2053 4053 2142 4089 ται
2165 4052 2179 4065 ο
2210 4036 2257 4088 εἰ
2287 4032 2590 4104 μονώνυχόν
2625 4034 2736 4102 (55)
2765 4033 2990 4102 ὲστιν,ἥ
3020 4028 3355 4101 πολυσχιδεῖς
3386 4025 3499 4096 ἔχει
3527 4023 3630 4089 τὰς

2058 4126 2272 4195 βάσεις·
2306 4123 2468 4177 πόσον
2494 4123 2552 4177 δὲ
2597 4123 2701 4192 βιοῖ
2726 4122 2816 4175 τὸν
2864 4121 3084 4193 χρόνον,
3112 4119 3206 4173 καὶ
3249 4117 3335 4181 τίς
3377 4115 3566 4177 αὐτοῖς
3600 4115 3630 4168 ὀ

2058 4324 2159 4378 ﬁce
2191 4320 2303 4394 ipsi
2345 4320 2610 4394 epistolae,
2652 4333 2814 4389 quam
2845 4318 3175 4394 perspicitur
3208 4316 3477 4394 adgersus
3516 4311 3633 4394 En-

2058 4382 2771 4463 nomium_sc'ript_ames:se,
2801 4382 3020 4463 velet
3065 4388 3247 4455 aliqua
3290 4382 3628 4463 Basilii_ad-

2056 4476 2251 4535 versus
2283 4453 2607 4535 Eunomium
2638 4457 3061 4535 elucubratipne
3081 4453 3388 4535 excerptam
3430 4453 3624 4535 fuisse.

2056 4531 2280 4598 Addunt
2321 4528 2474 4598 Reg.)
2507 4529 2783 4585 secundus
2824 4538 2877 4581 et
2917 4528 3086 4598 Coisl.
3127 4522 3446 4598 recentior:
3480 4522 3625 4598 Ὅτι,

2065 4596 2197 4678 μηδὲ
2249 4599 2355 4678 τὴν
2398 4592 2491 4678 τοῦ
2544 4598 2833 4678 μύρμηκος
2859 4596 3042 4678 ⁸φύσιν
3093 4594 3473 4678 ἐπιστάμενος,
3525 4592 3629 4678 τὴν

376 4664 568 4749 Ιίοὶιος
584 4667 764 4749 gestis
782 4662 1073 4749 redeuntes
1107 4662 1402 4749 eréiperet.
1421 4664 1642 4749 ,γεωωο
1659 4667 1785 4729 ista,

2062 4662 2235 4723 πάντα
2265 4662 2389 4723 νόὖν
2416 4662 2805 4749 ,ύπερέχόυσαν
2854 4662 3084 4749 δύναμιν
3143 4662 3485 4749 φυσιολογεῖν
3523 4662 3626 4713 s7:-

379 4751 489 4807 ρως
521 4736 649 4789 ἰδεῖν
684 4738 776 4807 καξι
810 4736 1261 4804 ἀποπέμψασθαι,
1291 4736 1496 4804 placide
1527 4737 1756 4801 aspicere
1784 4736 1947 4791 etai-

378 4805 605 4875 im'ttere,
639 4806 708 4860 ad
736 4805 1028 4862 Arcadium
1061 4812 1334 4875 spectant,
1361 4815 1415 4860 et
1445 4821 1568 4860 cum
1600 4814 1770 4861 totum
1799 4808 1945 4862 hunc

378 4871 561 4929 locum
612 4877 831 4945 penitus
875 4871 1203 4939 deformem,
1255 4871 1357 4930 nec
1409 4877 1637 4946 possint,
1682 4878 1944 4931 incolumi

380 4946 672 5017 sententia,
717 4946 977 5013 retineri;
1017 4962 1079 5001 ea
1115 4962 1183 5000 ex
1222 4947 1690 5016 interpretatione,
1725 4955 1783 5000 ut
1823 4962 1946 5017 per—

380 5030 564 5084 peram
602 5016 655 5069 in
687 5026 1002 5073 contextum
1043 5016 1263 5086 injecta,
1299 5017 1596 5086 eliminavi,
1627 5032 1735 5071 non
1761 5024 1945 5073 tamen

380 5099 447 5157 ex
489 5087 608 5156 ipso
644 5094 818 5157 textu,
858 5087 986 5157 quia
1019 5085 1126 5141 non
1161 5086 1345 5141 favent
1386 5085 1606 5157 codices
1636 5101 1771 5142 mss.
1801 5087 1945 5141 Con-

386 5153 630 5209 firmatur
657 5156 771 5227 hac
794 5153 1086 5225 explicatio
1114 5172 1180 5211 ex
1219 5157 1382 5227 epist.
1411 5156 1536 5224 148,
1561 5172 1721 5227 quam
1754 5158 1945 5212 simili-

386 5231 471 5276 ter
493 5226 772 5280 concludit
798 5227 1059 5297 Basiliusi
1093 5226 1307 5297 sibique
1351 5228 1427 5280 ait
1470 5228 1525 5281 in
1565 5226 1768 5296 optatis
1799 5242 1942 5293 esse,

386 5302 623 5367 meum,
652 5312 813 5365 quem
834 5295 1069 5365 Traiano
1097 5295 1532 5363 commendabat,
1556 5295 1731 5367 ipsius
1756 5299 1946 5353 laudes

383 5364 564 5435 videat
596 5364 999 5435 praedicantem.

456 5433 710 5508 (46)](αὶ
762 5438 1005 5508 αὐτούς.
1058 5437 1386 5508 Conjunctio
1447 5436 1628 5493 addita
1681 5453 1748 5493 ex
1810 5437 1946 5492 Med.

385 5502 559 5577 Coisl.
588 5515 821 5577 utroque
848 5516 902 5560 et
930 5505 1065 5576 Reg.
1099 5502 1360 5563 secundo.

460 5576 571 5648 (47)
602 5577 757 5644 Πρὸς
802 5577 1099 5648 ῌὺνόμιον
1146 5579 1252 5631 τὸν
1296 5579 1608 5648 αἱρετικόν.
1669 5576 1760 5631 Sic
1814 5592 1945 5648 mss.

389 5659 507 5717 sex,
541 5645 647 5703 nisi
687 5645 833 5717 quod
864 5646 918 5699 in
949 5648 1160 5704 duobus
1193 5649 1285 5701 τόν
1308 5645 1478 5703 deest.
1506 5647 1643 5702 Editi
1677 5646 1946 5717 Εύνομίῳ.

393 5710 610 5775 Titulus
640 5710 799 5789 quem
831 5718 1085 5772 exhibent
1111 5734 1240 5774 mss.
1267 5720 1483 5775 codices
1518 5718 1767 5790 congruit
1797 5710 1949 5772 miri—

2052 4740 2354 4809 εχείρησεν.
2406 4734 2579 4809 Quod,
2606 4734 2723 4791 cum
2758 4753 2819 4790 ne
2856 4734 3092 4809 formicae
3130 4734 3337 4809 quidem
3374 4742 3627 4784 naturam

2051 4799 2354 4880 cognoscat,
2478 4799 2753 4875 potestatis
2789 4799 2991 4880 omnem
3023 4799 3344 4859 intellectum
3369 4816 3629 4870 superau-

2053 4877 2129 4934 tis'
2152 4888 2346 4931 natura
2377 4878 2635 4931 disserere
2659 4877 2955 4930 tentaverit.

2121 4948 2232 5018 (48)
2268 4947 2622 5016 Προέ6αλεν.
2655 4948 2738 5001 Ita
2773 4944 2922 5000 Harl.
2955 4952 3011 5000 et
3034 4943 3171 4998 Med.
3203 4941 3348 4997 Editi
3376 4938 3625 5012 παρέϐα-

2050 5017 2158 5071 λεν.

2122 5087 2234 5157 (49)
2261 5085 2364 5139 Διὰ
2395 5084 2539 5157 τῆς-,4
2568 5093 2651 5157 ita
2687 5093 2797 5157 tres
2829 5082 3185 5157 vetustissimi
3230 5079 3449 5136 codices
3487 5093 3618 5134 cum

2051 5153 2263 5230 duobus
2295 5153 2951 5230 aIiis._Editi_6t&1:at3'_rn;
3096 5229 3101 5230 ν
3189 5220 3219 5230 Α,
3289 5219 3302 5230 ,
3366 5219 3379 5230 ,
3457 5217 3484 5230 ,

2128 5227 2239 5296 (50)
2277 5227 2346 5280 Τὸ
2380 5223 2571 5294 σῶμα.
2605 5223 2743 5279 Tres
2769 5218 2989 5279 codices
3023 5219 3381 5277 vetustissimi
3416 5218 3494 5289 τῷ
3526 5218 3626 5272 σώ-

2101 5313 2209 5350 ατι.

2060 5316 2239 5436 μαιῖἑί)
2274 5364 2468 5436 Θέσις.
2503 5362 2593 5417 Sic
2609 5377 2757 5436 _mss_.
2786 5372 3012 5433 septem.
3049 5358 3193 5415 Editi
3221 5377 3400 5429 φυσις.

2126 5427 2238 5505 (52)
2276 5434 2354 5502 Τῇ
2383 5427 2654 5502 περιοχῇ.
2696 5433 2789 5488 Sic
2821 5427 2955 5488 mss.
2993 5447 3087 5488 sex
3115 5446 3215 5501 pro
3235 5427 3304 5485 eo
3330 5427 3478 5500 quod
3508 5436 3627 5483 erat

2056 5507 2111 5560 in
2141 5505 2302 5560 editis
2332 5507 2364 5574 ἡ
2397 5505 2645 5576 περιοχή.

2124 5576 2235 5645 (55)
2270 5568 2733 5647 Ειμονῶνῦχον.
2758 5571 3087 5647 (ζοιιίιιηοιίο
3109 5570 3407 5647 _addita_ex
3452 5568 3628 5647 pluri-

2053 5639 2156 5701 bus
2185 5639 2316 5700 mss.
2353 5639 2518 5699 Paulo
2569 5639 2689 5712 post
2733 5639 3018 5698 editi’ém‘t
3052 5643 3234 5695 πόσον.
3285 5639 3413 5695 Mss.
3463 5646 3521 5691 ut
3574 5639 3631 5693 iu

2053 5723 2220 5771 textu.
