3886 6220
187 324 277 382 381
1096 333 1585 393 EPISTOLARUM
1622 336 1769 394 CLA!

1882 337 1909 393 ε
1946 337 1988 396 ι.
2026 337 2249 395 EPIST.
2289 336 2475 394 xvnt.
3338 320 3453 397 ω’

187 444 377 517 τρόπος
416 443 520 514 τῆς
564 443 631 510 ἐξ
690 446 935 519 ἀλλήλων
980 451 1289 522 γεννήσεως
1318 471 1331 484 ·
1375 456 1468 508 ἐπὶ
1519 455 1685 509 πόσον
1717 456 1769 510 δὲ

1882 454 2149 526 quomodo
2204 455 2325 510 aliae
2387 456 2522 512 alias
2588 456 2849 529 gignant;
2900 459 3143 531 quandiu
3205 468 3446 531 gestetur

188 538 453 591 κυΐσκεται
480 537 547 590 τὸ
571 540 917 611 τικτόμενον,
947 543 1044 597 καὶ
1076 543 1193 608 πῶς
1214 544 1337 600 οὐτε
1364 546 1515 610 πεζοὶ
1554 548 1754 612 πάντες

1883 556 2038 610 etus,
2083 555 2137 602 et
2182 548 2457 618 quomodo
2509 564 2686 618 neque
2743 566 2937 607 omnes
2977 552 3218 608 formicae
3270 555 3447 623 pede-

187 629 232 682 οί
265 627 583 700 μύρμηκες,
626 631 752 684 οὐτε
798 634 1094 707 ὑπόπτεροι
1139 638 1375 702 πάντες,
1413 640 1529 693 ἀλλ’
1558 643 1606 694 οἱ
1654 641 1753 711 μὲν

1882 646 2004 694 ιιιοεε
2085 638 2236 703 sint,
2302 654 2485 709 neque
2552 655 2748 697 omnes
2799 642 2989 707 alatze,
3063 644 3159 699 sed
3261 660 3447 714 repen-

185 718 284 773 τῶν
308 720 481 790 χαμαὶ
514 721 834 793 ἐρχομένων
858 725 1015 790 εἰσὶν,
1041 727 1092 779 οἱ
1121 727 1178 779 δὲ
1206 727 1435 799 διαέριοι
1476 729 1751 801 φέρονται.

198 808 251 864 '0
276 809 446 863 τοίνυν
473 811 588 865 τῶν
628 813 797 867 ὄντων
824 816 922 886 τὴν
954 816 1156 884 γνῶσιν
1188 820 1581 890 ὲπικομπάζων
1619 821 1759 884 τέως

186 900 276 971 τὴν
294 899 385 954 τοῦ
416 900 719 975 μύρμηκος
744 905 905 973 φύσιν
934 908 1143 961 εἰπάτω
1164 925 1177 938 ο
1211 906 1314 963 εἷθ’
1343 910 1486 965 οὕτω
1510 912 1762 981 φυσιολο-

189 993 342 1060 γείτω
370 993 469 1066 τὴν
508 996 696 1050 πάντα
739 998 863 1053 νοῦν
909 1001 1287 1072 ὑπερέχουσαν
1329 1002 1579 1076 δύναμιν.
1607 1006 1671 1059 Εἰ
1706 1004 1763 1059 δὲ

190 1083 273 1138 τοῦ
321 1084 667 1157 βραχυτάτου
733 1090 1023 1162 μύρμηκος
1091 1093 1245 1147 οὐπω
1312 1094 1636 1165 περιέλαϐες
1693 1098 1760 1168 τῇ

191 1172 371 1242 γνώσει
404 1177 505 1249 τὴν
534 1178 740 1249 φύσιν,
771 1181 891 1246 πῶς
930 1183 1028 1254 τὴν
1060 1185 1446 1257 ἀκατάληπτον
1488 1187 1582 1241 τοῦ
1625 1187 1760 1242 Θεοῦ

191 1263 401 1336 δύναμιν
425 1268 804 1341 μεγαλαυχεῖς
830 1272 1199 1342 φαντάζεσθαι
1219 1291 1263 1331 ⁸.

754 1507 1103 1561 ΕΠΙΣΤΟΛΗ
1134 1509 1232 1562 ΙΖ’.

1864 731 2012 785 tibus
2059 730 2208 785 humi
2259 731 2407 796 aliis,
2452 733 2573 788 aliae
2615 749 2713 804 per
2770 748 2950 790 aerem
3028 735 3295 792 ferantur.
3341 734 3447 802 Qui

1860 833 1995 888 ergo
2025 816 2091 872 de
2120 832 2310 873 eorum
2350 836 2473 890 quae
2495 832 2623 876 sunt
2651 825 2963 894 cognitione
2996 826 3278 897 gloriatur,
3315 826 3448 881 inte-

1865 908 1967 962 rim
2011 907 2256 963 formicae
2308 912 2471 966 nobis
2517 914 2751 982 explicet
2807 925 3096 982 naturam;
3156 924 3319 987 atque
3370 918 3446 972 ita

1867 998 2088 1055 demum
2116 1000 2238 1069 ejus
2271 1004 2580 1071 potestatis,
2603 1006 3079 1075 quazintelleetnm
3110 1022 3324 1062 omnem
3354 1023 3449 1064 su-

1870 1101 2059 1161 perat,
2127 1100 2383 1147 naturam
2445 1103 2745 1153 scrutetur.
2797 1096 2954 1164 Quod
2976 1100 3019 1153 si
3067 1099 3449 1156 minutissimas

1868 1181 2112 1237 formica:
2163 1192 2416 1239 naturam
2478 1187 2725 1242 nondum
2778 1190 3092 1260 cognitione
3145 1192 3450 1261 apprehen-

1869 1273 2021 1335 disti,
2072 1275 2352 1344 quomodo
2404 1277 3012 1349 incomprehensibilem
3054 1280 3148 1336 Dei
3194 1294 3449 1339 naturam

1873 1363 2268 1435 imaginatione
2294 1375 2387 1421 tua
2417 1370 2866 1440 comprehensam
2899 1387 3023 1428 esse
3054 1373 3346 1445 gloriaris?

2371 1517 2711 1575 EPISTOLA
2748 1520 2936 1578 XVll‘.

197 1613 363 1664 Ludat
386 1612 603 1666 Basilius
630 1613 858 1681 Origenis
879 1615 1063 1680 κνίρια
1089 1622 1141 1667 ει
1166 1616 1689 1706 susceplagqhgerf‘tggt
1695 1619 2033 1706 ficiens-2:31.351):
2040 1637 2456 1706 intersecatqu
2483 1633 2711 1697 praedicit
2748 1633 2949 1688 exitium
2971 1650 2990 1689 :
3018 1636 3217 1704 Origeni
3253 1636 3451 1706 ejusque

1377 1677 1496 1742 ﬁliis
1540 1677 1777 1744 prospero
1809 1685 1971 1735 omnia
2003 1677 2244 1750 precatur.

777 1764 1052 1835 Ὠριτένει
1083 1764 1216 1837 (54).

2541 1780 2777 1855 Origeni.

258 1875 357 1928 Καὶ
390 1874 732 1946 ἀκουόμενος
770 1875 1103 1948 εὐφραίνεις,
1135 1877 1230 1930 καὶ
1258 1878 1767 1950 ἀναγινωσκόμενος

1945 1887 2011 1942 Et
2045 1887 2175 1943 dum
2235 1892 2467 1959 audiris,
2511 1873 2792 1964 oblectas;
2847 1905 2902 1953 et
2934 1900 3064 1954 dum
3104 1901 3321 1973 legeris,
3354 1915 3453 1972 per

199 1962 258 2017 δι’
277 1956 345 2018 ὧν
386 1965 626 2035 γράφεις
663 1967 1059 2038 ὲνεργεστέρας
1083 1965 1196 2037 (55)
1224 1967 1354 2037 ἡμῖν
1382 1967 1645 2039 παρέχεις
1674 1971 1767 2022 εὐ-

200 2055 463 2124 φροσύνας.
494 2057 608 2108 Καὶ
641 2057 808 2129 χάρις
829 2057 998 2128 πολλὴ
1019 2057 1098 2127 τῷ
1120 2057 1310 2129 ἀγαθῷ
1332 2059 1471 2130 Θεῷ,
1496 2060 1575 2131 τῷ
1603 2062 1767 2131 μηδὲν

202 2143 540 2218 ἐλαττωθῆναι
576 2148 877 2218 ποιήσαντι
906 2147 1004 2219 τὴν
1030 2147 1288 2219 ἀλήθειαν
1319 2152 1377 2202 ὲν
1406 2153 1472 2222 τῇ
1509 2152 1768 2224 προδοσίᾳ

201 2237 295 2291 τῶν
321 2239 473 2309 δῆθεν
506 2240 1028 2312 ὐπερκρατούντων,
1063 2241 1196 2295 ἀλλὰ
1232 2241 1299 2294 δι’
1335 2242 1486 2313 ὑμῶν
1523 2243 1634 2314 (56)
1668 2247 1768 2317 τὴν

204 2331 501 2401 συνηγορίαν
522 2330 622 2384 τοῦ
653 2331 820 2400 λόγου
852 2333 953 2403 τῆς
986 2332 1268 2397 εὐσεϐείας
1294 2333 1765 2408 ἀναπληρώσαντι.

216 2420 416 2473 Ἐκεῖνοι
452 2422 549 2492 μὲν
580 2418 703 2487 οὖν,
743 2423 820 2487 ὡς
856 2424 917 2476 τὸ
945 2422 1189 2489 κώνειον,
1220 2424 1252 2496 ἢ
1283 2425 1345 2478 τὸ
1374 2425 1640 2490 ἀκόνιτον,
1676 2429 1771 2482 καὶ

205 2509 250 2563 εί
268 2528 342 2575 τις
359 2511 485 2584 ἄλλη
519 2514 851 2585 ἀνδροφόνος
879 2515 1097 2586 βοτάνη,
1128 2516 1265 2588 πρὸς
1290 2517 1469 2585 ὀλίγον
1496 2518 1767 2590 ἀνθήσαν-

206 2618 297 2667 sec,
326 2604 455 2674 ταχὺ
488 2605 1062 2683 ἀποξηρανθήσονται.
1100 2609 1260 2679 Ὑμῖν
1305 2609 1362 2663 δὲ
1412 2612 1647 2683 ἀνθηρὸν
1675 2617 1770 2668 καὶ⁸

206 2692 280 2744 ἀεὶ
302 2695 414 2747 νέον
431 2696 459 2747 6
485 2694 694 2767 Κύριος
726 2696 818 2750 τὸν
841 2682 1039 2768 ’μισθὸν
1060 2699 1169 2752 τῶν
1210 2700 1352 2772 ὑπὲρ
1378 2700 1472 2754 τοῦ
1505 2682 1770 2774 ὀνόματος

210 2784 351 2839 αὐτοῦ
398 2786 747 2858 λαληθέντων
791 2789 1036 2861 παρέξει.
1074 2791 1213 2845 Ἀνθ’
1247 2785 1321 2845 ὧν
1355 2795 1451 2846 καὶ
1498 2795 1771 2866 παράσχοι

210 2873 319 2942 ὑμῖν
346 2876 373 2926 6
398 2876 600 2946 Κύριος
632 2879 822 2933 πᾶσαν
846 2879 1100 2948 εὐθηνίαν
1128 2879 1298 2943 οἴκου,
1331 2881 1424 2934 καὶ
1462 2882 1541 2945 είς
1576 2883 1771 2947 παῖδας

213 2966 389 3020 παίδων
416 2969 513 3039 τὴν
538 2970 796 3039 εὐλογίαν
837 2972 1172 3026 διαϐιϐάσαι.
1210 2972 1291 3026 Τά
1315 2973 1372 3026 δὲ
1411 2975 1772 3043 εὐγενέστατα

215 3057 392 3121 παιδία,
422 3061 546 3125 τοὺς
579 3063 840 3133 ἐναργεῖς
884 3063 984 3133 τῆς
1047 3064 1147 3135 σῆς
1196 3050 1561 3137 χρηστότητος
1595 3083 1771 3139 χαρα-

213 3148 414 3219 κτῆρας,
440 3147 577 3207 εἶδον
605 3154 785 3225 ἡδέως
810 3157 902 3209 καὶ
925 3157 1396 3229 περιεπτυξάμην,
1421 3158 1516 3211 καὶ
1541 3157 1771 3230 εὔχομαι

215 3239 371 3305 αὐτοῖς
396 3244 491 3296 ὅσα
516 3243 583 3297 ἂν
616 3246 784 3309 αὐτὸς
808 3247 836 3298 6
858 3247 1040 3319 πατὴρ
1064 3247 1215 3321 εὔξῃ.

754 3402 1099 3457 ΕΠΙΣΤΟΔΗ
1122 3404 1227 3458 lH'.

1874 1976 2080 2047 scripta
2124 1979 2317 2050 majori
2356 1997 2457 2038 nos
2499 1983 2666 2041 amcis
2718 1988 2920 2043 latitia.
2958 1989 3036 2044 Ac
3080 1988 3190 2046 Deo
3230 1991 3450 2061 quidem

1872 2069 2080 2139 optimo
2101 2072 2290 2141 gratim
2320 2076 2521 2141 multae,
2560 2079 2655 2148 qui
2693 2080 2841 2141 fecit,
2885 2088 2943 2134 ut
2976 2081 3109 2136 nihil
3139 2082 3452 2139 detrimenti

1874 2160 2147 2229 acciperet
2186 2164 2391 2221 veritas
2431 2182 2495 2221 ex
2542 2183 2731 2222 eorum
2785 2171 3122 2239 proditione.
3154 2173 3249 2242 qui
3298 2187 3452 2228 sum-

1877 2266 2021 2306 mam
2064 2253 2315 2311 videlicet
2343 2265 2666 2328 potestatem
2710 2261 2910 2316 habent
2941 2281 2956 2318 :
2987 2265 3081 2318 sed
3109 2280 3206 2334 per
3235 2279 3333 2343 vos
3354 2265 3450 2319 de-

1875 2342 2176 2399 fensionem
2199 2345 2463 2404 doctrinae
2489 2353 2735 2408 veritatis
2762 2353 2875 2425 96
2905 2354 3168 2425 implevit.
3216 2342 3311 2410 Illi
3329 2356 3454 2426 qui-

1875 2432 1998 2488 dem
2034 2436 2180 2490 velut
2221 2438 2401 2494 cicuta
2432 2450 2527 2495 aut
2579 2444 2878 2511 aconitum,
2907 2454 2961 2500 et
3000 2446 3047 2500 si
3096 2462 3204 2516 qua
3237 2455 3322 2502 est
3346 2447 3452 2502 alia

1874 2525 2111 2582 exitialis
2145 2528 2333 2594 herba,
2360 2530 2514 2588 brevi
2547 2543 2793 2604 tempore
2820 2553 2946 2591 cum
2977 2536 3282 2604 ﬂoruerint,
3304 2540 3452 2595 illico

1875 2624 2216 2671 exarescent.
2256 2617 2426 2674 Vobis
2469 2637 2599 2677 vero
2646 2623 2912 2681 Dominus
2958 2628 3262 2682 mercedem
3297 2628 3449 2684 eﬂlo-

1876 2714 2178 2762 rescentem
2204 2723 2272 2764 ac
2311 2726 2527 2783 semper
2552 2731 2750 2770 novam
2782 2717 2852 2772 ob
2879 2732 2964 2781 ea,
2994 2732 3114 2788 quae
3146 2734 3247 2790 pro
3274 2719 3451 2789 ipsius

1876 2797 2099 2852 nomine
2121 2799 2285 2854 locuti
2314 2804 2470 2865 estis.
2496 2805 2780 2877 largietur.
2810 2806 3040 2878 Propter
3057 2825 3177 2879 qua:
3212 2808 3304 2865 det
3341 2826 3456 2865 vo—

1875 2885 1961 2941 bis
1996 2884 2259 2945 Dominus
2287 2897 2343 2945 et
2375 2896 2793 2964 prosperitatem
2822 2913 3036 2951 omnem
3070 2898 3450 2965 domesticam,

1877 2984 1929 3030 et
1955 2977 2009 3031 in
2049 2978 2192 3035 ﬁlios
2214 2980 2449 3038 filiorum
2483 2986 2921 3044 benedictionem
2950 2990 3306 3045 transmittat.
3331 2991 3453 3047 Cte-

1879 3077 2054 3123 terum
2079 3072 2284 3129 liberos
2332 3084 2460 3134 tuos
2504 3080 2911 3146 nobilissimos,
2955 3097 3270 3152 expressam
3296 3082 3454 3137 boni-

1878 3162 2006 3218 tatis
2067 3173 2174 3219 tuae
2218 3165 2469 3243 efﬁgiem,
2522 3170 2637 3225 vidi
2678 3172 2911 3228 libenter
2966 3185 3127 3243 atque
3171 3173 3454 3243 amplexus

1793 3234 1836 3292 (ἶ
1869 3267 2012 3319 sum,
2056 3234 2364 3328 precorque
2405 3234 2515 3318 illis
2549 3262 2816 3334 quidquid
2846 3264 2962 3336 ipse
2997 3234 3152 3335 pater
3177 3234 3450 3334 precetur.

2355 3413 2692 3471 EPISTOLA
2729 3416 2958 3474 XVIII“.

220 3511 423 3564 Hortatur
447 3513 662 3566 Basilius
689 3513 963 3566 Macarium
981 3521 1028 3568 et
1054 3520 1319 3599 Joannem,
1330 3523 1494 3599 utﬁspﬂe
1518 3515 2035 3599 tggttt'ﬂtgies-ﬁi
2051 3522 2156 3599 splo
2189 3538 2283 3577 non
2316 3526 2461 3599 fallit,
2487 3544 2571 3582 nec
2593 3530 2854 3595 potentium
2892 3533 3054 3593 minis,
3093 3549 3177 3587 nec
3219 3535 3452 3599 fabam"-

1218 3579 1491 3629 amicorum
1521 3579 1776 3643 uiiuperiis
1806 3592 1838 3629 a
1863 3579 2037 3644 piétate
2058 3579 2411 3640 deterreaniur'.

532 3664 821 3732 Μακαρίῳ
852 3663 964 3734 (57)
1009 3664 1109 3717 καὶ
1149 3664 1442 3738 Ἰωάννῃ..

214 3818 219 3827 .
279 3771 399 3826 Οὔτε
427 3777 711 3845 γεωργοὺς
735 3777 786 3829 oi
819 3775 961 3829 κατά
993 3776 1267 3848 γεωργίαν
1308 3775 1572 3841 ξενίζουσι
1594 3776 1772 3840 πόνοι,

223 3862 327 3917 οὐτε
359 3868 573 3931 ναύταις
612 3870 644 3921 6
690 3867 829 3921 κατά
872 3868 1147 3923 θάλασσαν
1192 3868 1396 3940 χειμὼν
1427 3869 1771 3940 ἀπροσδόκη-

224 3971 318 4020 τος,
335 3956 447 4012 οὐτε
474 3964 584 4025 τοῖς
619 3960 1014 4031 μισθαρνοῦσιν
1046 3963 1074 4014 6
1097 3961 1307 4032 θερινὸς
1334 3960 1443 4032 (58)
1473 3959 1635 4031 ἱδρὼς
1663 3976 1771 4013 πα-

228 4047 434 4118 ράδοξος,
456 4049 577 4104 οὐτε
603 4053 716 4122 μὴν
739 4054 852 4116 τοῖς
876 4050 1115 4116 εὐσεϐῶς
1139 4052 1238 4123 ζῇν
1260 4052 1532 4123 ἑλομένοις
1554 4053 1611 4106 αἱ
1631 4050 1773 4105 κατὰ

229 4136 306 4191 τὴν
330 4142 585 4197 ἐνεστῶτα
622 4143 831 4214 κόσμον
871 4142 1078 4213 θλίψεις
1115 4143 1437 4215 ἀμελέτητοι
1463 4143 1594 4213 (59).
1633 4141 1773 4195 Ἀλλ’

229 4231 410 4302 ἑκάστῳ
443 4235 548 4288 τῶν
596 4235 905 4305 εἰρημένων
957 4236 1156 4298 οἰκεῖος
1204 4235 1297 4307 καὶ
1338 4233 1613 4307 γνώριμος
1661 4237 1776 4298 τοῖς

233 4323 441 4391 μετιοῦσι
477 4326 830 4392 συνέζευκται
872 4328 1063 4390 τιόνοςο
1100 4327 1163 4380 οὐ
1205 4327 1273 4380 δι’
1294 4327 1488 4381 ἑαυτὸν
1533 4325 1771 4400 αἱρετὸς,

232 4410 345 4466 ἀλλά
357 4416 416 4467 δι’
437 4418 737 4472 ἀπόλαυσιν
762 4418 977 4486 ἀγαθῶν
1010 4419 1493 4490 προσδοκωμένων.
1529 4419 1771 4485 Ἐλπίδες
1805 4465 1848 4519 D

233 4504 339 4575 γὰρ.
367 4508 532 4562 πάντα
559 4510 655 4564 τὸν
684 4510 793 4563 τῶν
818 4510 1119 4581 ἀνθρώπων
1158 4511 1474 4582 συνέχουσαι
1500 4513 1593 4565 καὶ
1627 4528 1773 4580 συγ-

233 4599 485 4662 κροτοῦσαι
509 4601 644 4672 βίον,
678 4603 778 4673 τὴν
805 4604 889 4673 ἐφ’
916 4605 1132 4674 ἑκάστῳ
1161 4603 1365 4658 τούτων
1386 4604 1772 4676 παραμυθοῦν-

234 4702 307 4739 ται
345 4690 636 4749 δυσκολίαν.
666 4693 786 4747 Τῶν
822 4693 922 4764 μὲν
952 4689 1043 4747 οὖν
1079 4695 1220 4765 ὑπὲρ
1251 4695 1355 4765 γῆς
1387 4696 1611 4767 καρπῶν
1639 4695 1771 4766 (60),

238 4779 267 4850 ἢ
294 4784 386 4838 τῶν
409 4789 541 4843 κατὰ
565 4791 671 4861 γῆν
698 4789 1001 4843 πονούντων
1025 4792 1075 4842 οί
1114 4790 1211 4861 μὲν
1240 4791 1586 4844 παντάπασιν
1613 4789 1771 4860 ἐψεύ-

302 4895 405 4985 (Βᾷ).
436 4900 731 4971 Ὡριγένει.
765 4899 908 4985 Ed‘iti
935 4902 1141 4985 addunt
1169 4902 1496 4985 πρόρρησις,
1528 4918 1646 4985 quae
1666 4921 1769 4985 vos

244 4963 442 5045 deest'in
483 4963 1160 5045 sci_mss._et_corrupte
1206 4963 1497 5045 i'nfco'dice
1543 4963 1774 5045 insignis

247 5031 468 5093 Ecclesiae
492 5039 814 5096 Parisiensis
847 5042 927 5097 sic
968 5031 1164 5111 legitur
1186 5041 1542 5115 πρόσρρησις.

308 5126 899 5205 (55)--ξεζερτεστέραφ
935 5130 1026 5205 _Sic
1046 5143 1275 5205 uterque
1310 5134 1504 5200 Coisl.,
1538 5134 1687 5194 Harl.
1722 5148 1777 5196 et

251 5194 342 5249 duo
367 5194 471 5257 alii.
496 5194 630 5257 Editi
657 5194 1077 5275 ἐναργεστέρως·

439 5292 510 5367 dy
531 5293 713 5367 ὑμῶν.
745 5296 822 5367 Δι’
854 5296 1009 5367 ἡμῶν
1036 5294 1186 5350 Harl.
1210 5305 1262 5350 et
1283 5296 1449 5353 Coisl.
1473 5298 1702 5367 primus.

312 5357 407 5428 (57)
436 5357 1024 5437 Maxirpt'qiuﬂui'uque
1073 5366 1311 5431 codices,
1365 5357 1559 5437 nempe
1600 5367 1775 5434 Harl.,

254 5419 366 5497 Reg.
390 5419 685 5497 'secund'us,
732 5419 878 5494 VEL,
910 5419 1113 5496 Daris;
1147 5419 1316 5491 Coisl.
1354 5419 1779 5493 éé'cﬁﬁdu's'iudl

258 5494 416 5577 κρίνῳ.
447 5498 572 5577 Reg.
597 5494 804 5572 pri-mus
829 5494 1111 5577 Μαχρίνῳ.
1154 5505 1258 5577 Sed
1290 5517 1470 5561 tamen
1503 5511 1630 5577 quia
1658 5512 1777 5562 vul-

259 5570 655 5645 gatanserip’tura
700 5570 988 5645 exstati'i'n
1046 5570 1447 5645 antiquissimis
1494 5570 1777 5633 codicibus

260 5631 553 5695 Coisliniano
580 5644 753 5710 primo
783 5653 837 5699 et
867 5644 1137 5710 Medicam,
1172 5631 1306 5700 nihil
1331 5631 1683 5703 mutavimus.

321 5723 415 5783 (58)
441 5729 687 5797 Θερινός.
731 5730 879 5789 Hanc
922 5750 1105 5791 vocem
1147 5734 1453 5794 addidimus
1484 5753 1548 5793 ex
1578 5737 1780 5795 codici-

2387 3673 2627 3729 Macario
2654 3685 2704 3730 et
2732 3676 2951 3732 Joanni.

1945 3778 2132 3852 Neque
2170 3783 2425 3854 agricolis
2453 3787 2826 3855 agricultura:
2863 3791 2986 3845 novi
3031 3799 3161 3846 sunt
3207 3794 3446 3861 labores.

1878 3886 2055 3941 neque
2090 3875 2278 3930 nautis
2316 3876 2491 3947 pelagi
2518 3885 2816 3948 tempestas
2850 3880 3243 3952 inexspectata,
3269 3900 3449 3956 neque

1879 3964 2146 4032 operariis
2196 3968 2447 4022 mercede
2515 3969 2805 4027 conductis
2872 3973 3094 4027 aestivus
3151 3975 3321 4031 sudor
3360 3975 3450 4033 in-

1880 4052 2105 4120 solitus;
2133 4069 2235 4109 nec
2262 4056 2510 4126 profecto
2528 4058 2635 4122 liis.
2658 4061 2753 4129 qui
2783 4060 2928 4130 piam
2959 4062 3126 4117 vitam
3145 4064 3445 4135 elegerunt,

1879 4143 2069 4198 mundi
2103 4146 2264 4215 hujus
2293 4146 2512 4204 amictio
2535 4149 2854 4220 improvisa.
2888 4150 2991 4208 Sed
3030 4154 3323 4226 unicuique
3352 4171 3451 4212 eo-

1877 4245 2022 4297 rum,
2063 4248 2201 4304 quos
2226 4234 2487 4305 diximus,
2516 4240 2775 4309 proprius
2804 4256 2868 4297 ac
2890 4250 3053 4299 notus
3086 4252 3257 4302 artem
3292 4260 3451 4303 exer—

1877 4326 2131 4382 centibus
2175 4328 2469 4399 adjunctus
2497 4339 2580 4386 est
2601 4332 2786 4402 labor;
2812 4350 2918 4391 non
2954 4337 3045 4393 ille
3067 4338 3286 4409 quidem
3317 4355 3448 4410 pro-

1877 4422 2000 4483 pter
2040 4431 2100 4471 se
2138 4417 2445 4489 eligendus,
2478 4420 2572 4476 sed
2611 4423 2677 4476 ad
2713 4423 2979 4479 bonorum
3010 4437 3449 4497 esspectatorum

1880 4503 2316 4574 perfruitionem.
2362 4507 2497 4579 Spes
2527 4512 2820 4582 siquidem,
2864 4531 2987 4585 quae
3022 4515 3303 4572 hominum
3338 4532 3451 4572 om-

1878 4610 2004 4649 nem
2034 4598 2315 4653 continent
2341 4614 2404 4653 ac
2436 4602 2757 4656 consociant
2780 4603 2966 4670 vitam,
2997 4605 3214 4661 insitam
3238 4608 3451 4663 unicui-

1880 4704 1986 4759 que
2019 4689 2209 4745 barum
2249 4708 2432 4747 rerum
2469 4692 2836 4751 diﬂicultatem
2871 4699 3244 4753 consolantur.
3272 4700 3450 4769 Atque

1878 4796 1943 4836 ex
2001 4782 2068 4837 iis
2096 4784 2338 4853 quidem,
2374 4786 2468 4856 qui
2496 4802 2596 4858 pro
2637 4795 2795 4844 terrae
2837 4789 3105 4848 fructibus
3152 4799 3246 4845 aut
3286 4793 3449 4849 rebus

1882 4894 1986 4949 bus
2029 4895 2200 4951 Coisl.
2248 4899 2447 4968 primo,
2499 4901 2640 4957 Med.
2694 4910 2749 4958 et
2790 4902 3051 4969 Clarom.,
3085 4903 3272 4975 sicque
3319 4905 3450 4976 legit

1883 4963 2181 5019 Scultetus.

1903 4964 2181 5022 Scultetus.

1953 5036 2066 5107 (59)
2094 5040 2234 5092 Αἱ...
2264 5039 2508 5110 θλίψεις
2533 5040 2899 5110 ἀμελέτητοι.
2944 5040 3093 5098 Harl.
3125 5052 3179 5099 et
3210 5052 3321 5100 tres
3356 5060 3448 5101 co-

1883 5102 2407 5183 dices'recentiores
2442 5102 2545 5182 ήζ..
2568 5102 3134 5183 Ῐθλίψιςάμελέτητος.
3166 5114 3257 5169 Sic
3281 5116 3443 5170 etiam

1882 5177 2047 5255 paulo
2068 5186 2193 5246 post
2215 5177 2540 5255 retinniui'us
2567 5182 2663 5255 itas
2684 5177 2870 5255 voces,
2898 5177 3021 5255 τοῖς
3034 5183 3302 5255 μετιοῦσι,
3327 5202 3447 5255 qua:

1883 5246 2265 5324 desiderantur
2318 5251 2537 5324 quidem
2583 5250 2637 5304 in
2685 5252 2871 5324 codice
2910 5246 3065 5324 Harl'.
3115 5261 3169 5309 et
3212 5246 3447 5324 quatuor

1883 5318 2303 5385 recentioribus;
2340 5318 2413 5373 at
2461 5321 2513 5373 in
2565 5320 2953 5377 vetustissimis
2995 5323 3162 5379 Coisl.
3208 5318 3263 5380 et
3303 5327 3445 5383 Med.

1885 5399 1993 5439 non
2022 5386 2238 5443 desunt.

1959 5456 2070 5526 (60)
2115 5457 2283 5525 Ὑπὲρ
2328 5457 2455 5532 γῆς
2491 5457 2771 5532 καρπῶν.-
2812 5458 3069 5532 Displicet
3122 5463 3450 5521 Combeﬁsio

1884 5535 2159 5604 postrema
2186 5544 2314 5593 vox,
2356 5544 2421 5582 ac
2448 5531 2573 5598 legit
2599 5529 2936 5600 καμνόντων,
2973 5533 3067 5588 sed
3092 5550 3316 5604 prorsus
3342 5536 3469 5604 im-,

1886 5600 2098 5653 inerito.

1956 5673 1974 5690 ‘
2004 5668 2153 5741 Alias
2183 5666 2598 5741 ΟΟΑΟΙέΧδΧΙν.
2632 5670 2844 5741 Scripta
2876 5673 3179 5741 imperante
3208 5673 3446 5734 Julianc.

1959 5741 1997 5759 ”
2026 5739 2174 5795 Alias
2205 5737 2379 5794 CCXI.
2414 5737 2627 5812 Scripta
2656 5737 2871 5798 videtur
2896 5737 2999 5799 sub
3031 5742 3269 5811 Juliano,
