3886 6220
383 376 494 436 283

1728 346 2095 440 sinasmn‘
2114 380 2354 437 mem

3520 373 3654 429 εει

380 495 617 552 terrenis
648 496 937 561 desud'ant,
969 496 1106 553 alios
1126 512 1253 568 spes
1271 497 1496 554 omnino
1516 497 1790 554 frustrata:
1812 506 1958 566 sunt,

2076 497 2274 568 σθησαν
2318 493 2430 548 τῶν
2477 492 2738 559 ἐλπίδων,
2785 489 2947 564 μέχρι
2990 488 3158 561 μόνης
3202 491 3505 561 φαντασίας
3545 491 3691 544 τῶν

382 600 507 639 cum
529 587 860 656 cogitatione
889 595 1050 644 tenus
1108 589 1439 659 exspectatis
1502 589 1661 659 potiti
1718 596 1959 647 essent:

383 675 588 743 quibus
617 685 799 732 autem
828 678 992 732 etiam
1024 693 1088 733 ex
1118 677 1390 733 sententia
1415 677 1686 748 processit
1710 686 1961 742 eventus,

385 768 457 822 iis
489 783 587 837 spe
625 770 796 825 altera
836 772 1032 825 iterum
1090 786 1230 840 opus
1265 768 1390 833 fuit,
1441 769 1857 840 praeterlabente
1899 784 1965 825 ac

386 866 764 915 marcescente
811 861 1066 917 celeriter
1111 862 1315 932 priore.
1353 860 1551 917 Verum
1594 861 1660 916 iis
1690 861 1824 916 solis
1870 863 1965 932 qui

386 964 488 1018 pro
519 950 719 1019 pietate
766 952 1039 1017 laborant,
1071 968 1174 1007 nec
1208 953 1552 1008 mendacium
1595 952 1831 1009 abolevit
1871 967 1966 1008 ex-

386 1041 804 1109 spectationem,
838 1057 940 1097 nec
977 1042 1104 1098 ﬁnis
1132 1042 1346 1098 labores
1370 1041 1745 1107 labefactavit,
1779 1041 1965 1098 stabili

387 1146 453 1186 ac
489 1132 646 1187 firmo
677 1133 984 1204 excipiente
1022 1135 1288 1191 caelorum
1338 1149 1525 1205 regno.
1551 1132 1662 1189 Vos
1694 1148 1824 1205 ergo
1854 1149 1963 1188 non

387 1223 680 1280 conturbet
696 1224 932 1279 mendax
963 1225 1257 1288 calumnia,
1288 1239 1389 1280 nec
1420 1225 1581 1279 minae
1600 1232 1842 1281 terreant
1873 1241 1965 1281 eo-

386 1329 531 1377 rum,
565 1315 658 1385 qui
698 1331 968 1372 summam
1024 1324 1348 1387 potestatem
1391 1316 1626 1383 habent;
1657 1332 1765 1372 non
1820 1317 1964 1375 risus

385 1405 674 1461 contristet
702 1415 795 1461 aut
822 1406 1149 1462 contumelia
1181 1405 1553 1470 familiarium,
1581 1422 1682 1462 nec
1708 1408 1965 1463 condem-

386 1496 538 1550 natio
586 1497 656 1552 ab
713 1498 1032 1553 hominibus
1083 1513 1272 1552 curam
1331 1506 1385 1552 et
1440 1498 1681 1552 studium
1747 1515 1859 1570 pra:
1906 1516 1965 1555 se

386 1583 710 1652 ferentibus,
757 1604 788 1641 a
838 1589 1040 1658 quibus
1098 1588 1398 1644 fortissima
1452 1589 1520 1645 ad
1576 1589 1960 1661 decipiendum

385 1692 515 1733 esca
540 1678 918 1748 praetenditur.
948 1680 1204 1735 simulata
1237 1680 1570 1744 adhortatio,
1599 1678 1840 1751 quandiu
1870 1698 1963 1737 ve-

387 1768 568 1825 ritatis
611 1768 863 1825 doctrina
920 1771 1079 1827 nobis
1129 1770 1582 1840 patrocinabitur.
1641 1771 1738 1827 His
1776 1780 1958 1827 autem

2068 584 2537 659 προσδοκωμένων
2584 583 2685 655 τὴν
2723 581 3026 637 ἀπόλαυσιν
3071 580 3316 651 ἔχοντεςο
3352 578 3437 646 οἷς
3465 582 3524 636 δὲ
3561 581 3684 636 καὶ

2064 676 2208 732 κατά
2253 675 2481 748 γνώμην
2535 675 2765 747 ὲκϐἧναι
2817 671 3014 745 συνέϐη
3056 672 3119 725 τὸ
3159 671 3342 738 τέλος,
3395 673 3685 745 δευτέρας

2063 765 2252 838 ἐδέησε
2278 765 2441 820 πάλιν
2474 763 2711 828 ἐλπίδος,
2736 759 3204 834 παραδραμούσης
3235 761 3328 815 καὶ
3344 761 3683 834 μαρανθεί-

2064 873 2165 929 σης
2202 858 2261 911 ὲν
2306 856 2462 928 τάχει
2511 856 2610 928 τῆς
2646 853 2939 926 προτέρας.
2995 852 3197 916 Μόνοις
3249 851 3308 905 δὲ
3353 855 3467 916 τοῖς
3510 852 3681 923 ὑπὲρ

2064 947 2346 1012 εὐσεϐείας
2379 947 2649 1017 καμοῦσιν
2678 947 2751 999 οὐ·
2771 945 2966 1015 ψεῦδος
2993 944 3224 1015 ἠφάνισε
3248 943 3361 1015 (61)
3380 944 3481 1008 τάς
3500 944 3677 997 ἐλπί-

2063 1039 2179 1103 δας,
2218 1040 2291 1092 οὺ
2315 1039 2465 1103 τέλος
2513 1038 2820 1111 ἐλυμήνατο
2852 1039 2979 1101 τοὺς
3017 1037 3211 1101 ἄθλους
3247 1036 3379 1107 (62),
3428 1037 3674 1107 βεϐαίας

2063 1133 2159 1185 καὶ
2193 1132 2422 1203 μονίμου
2478 1130 2867 1201 διαδεχομένης
2917 1129 3017 1199 τῆς
3069 1128 3180 1182 τῶν
3216 1128 3460 1198 οὐρανῶν
3498 1127 3697 1198 βασ,ι--

2063 1222 2234 1286 λείας.
2270 1225 2362 1294 Μὴ
2407 1224 2585 1277 τοίνυν
2632 1223 2774 1293 ὑμᾶς
2817 1220 3127 1293 ταραττέτω
3170 1220 3389 1292 διαϐολὴ
3425 1218 3664 1291 ψευδὴς,

2068 1317 2202 1387 μηδὲ
2231 1316 2465 1385 φοϐείτω
2489 1315 2595 1368 τῶν
2624 1314 2970 1388 κρατούντων
2994 1313 3103 1384 (65)
3121 1313 3314 1385 ἀπειλή
3332 1330 3344 1342 ·
3373 1313 3449 1385 μὴ
3478 1313 3670 1382 γέλως

2062 1407 2299 1461 λυπείτω
2333 1408 2427 1462 καὶ
2457 1407 2615 1477 ὕϐρις
2660 1406 2770 1461 τῶν
2801 1406 3114 1477 γνωρίμων,
3144 1406 3279 1476 μηδὲ
3305 1406 3666 1475 κατάγνωσις

2063 1497 2218 1568 παρά
2268 1498 2376 1551 τῶν
2427 1497 2690 1567 κήδεσθαι
2739 1497 3253 1569 προσποιουμένων,
3302 1497 3662 1567 ἰσχυρότατον

2064 1590 2200 1660 πρὸς
2227 1591 2441 1661 ἀπάτην
2458 1590 2647 1661 δέλεαρ
2674 1588 3123 1661 προϐαλλομένων
3142 1587 3255 1657 (64)
3276 1589 3659 1659 παραινέσεως

2064 1684 2452 1753 προσποίησιν,
2481 1682 2585 1745 ἕως
2611 1682 2676 1735 ἂν
2708 1684 2737 1735 ό
2768 1682 2867 1751 τῆς
2910 1681 3165 1751 ἀληθείας
3190 1681 3321 1750 ἡμῖν
3356 1681 3659 1748 συναγωνί-

2063 1774 2221 1845 ζηται
2247 1773 2357 1843 (65)
2385 1772 2560 1842 λόγος.
2598 1771 3005 1844 Ἀντιμαχέσθω
3027 1772 3084 1824 δὲ
3107 1775 3217 1834 τοῖς
3235 1773 3371 1825 πᾶσι
3392 1770 3656 1840 λογισμὸς

385 1858 643 1914 omnibus
691 1860 1002 1915 obluctetur
1047 1868 1197 1916 recta
1247 1861 1409 1925 ratio,
1469 1860 1808 1917 defensorem
1855 1861 1958 1917 sibi

2076 1863 2243 1934 ὀρθὸς,
2290 1862 2579 1934 σύμμαχον
2632 1862 2970 1934 παρακαλῶν
3018 1862 3269 1930 γενέσθαι
3309 1862 3405 1915 καὶ
3459 1860 3677 1931 βοηθὸν

384 1947 658 2005 advocans
701 1958 755 2005 et
790 1951 1115 2020 adiutorem,
1147 1952 1467 2021 magistrum
1502 1952 1720 2021 pietatis
1770 1950 1959 2005 Domi-

385 2056 517 2094 num
561 2048 810 2097 nostrum
859 2041 1047 2098 Iesum
1095 2042 1405 2109 Christum,
1436 2057 1536 2111 pro
1583 2058 1693 2114 quo
1744 2051 1798 2098 et
1846 2041 1957 2112 pati

382 2129 543 2188 dulce
577 2139 680 2199 est,
711 2142 764 2188 et
803 2133 942 2188 mori
980 2133 1192 2187 lucrum
1226 2133 1263 2187 ’.

892 2287 1229 2344 EPlSTOLA
1266 2287 1432 2345 XIX‘.

2067 1952 2214 2023 αύτῷ
2239 1953 2327 2005 τὸν
2360 1952 2461 2021 τῆς
2491 1952 2775 2016 εὐσεϐείας
2805 1950 3121 2005 διδάσκαλον
3148 1951 3239 2004 τὸν
3263 1950 3472 2020 Κύριον
3492 1940 3659 2019 ήμὶῖιν

2075 2043 2280 2115 Ἰησοῦν
2305 2043 2559 2115 Χριστὸν,
2585 2043 2653 2097 δι’
2676 2043 2736 2098 ὃν
2764 2042 2859 2096 καὶ
2879 2042 2951 2101 τὸ,
2967 2040 3303 2100 κακοπαθεῖν
3325 2041 3450 2112 ἡδὺ,
3472 2039 3567 2094 καὶ
3592 2037 3687 2097 ὼ.

2060 2134 2350 2189 ἀποθανεῖν
2378 2135 2587 2207 κέρδος.

2608 2292 2958 2348 ΕΠΙΣΤΟΛΗ
2996 2291 3081 2345 ΙΘ¹
3092 2310 3095 2311 ⁷

981 2422 1077 2472 Per
1099 2423 1303 2472 Petrum
1325 2420 1537 2473 Basilius
1559 2422 1778 2474 rescribit
1798 2421 2053 2488 Gregorio,
2077 2419 2216 2488 cujus
2248 2420 2504 2474 Laconicas
2526 2421 2576 2474 in
2596 2421 2824 2489 epistolas
2836 2422 3050 2485 jocatur.

869 2546 977 2617 97
1019 2547 1266 2617 Gregorio
1298 2547 1493 2601 sodali.

452 2652 670 2710 Litterae
706 2666 970 2711 venerunt
991 2657 1121 2711 mihi
1155 2673 1267 2712 non
1296 2659 1368 2711 ita
1393 2658 1602 2729 pridem
1631 2672 1661 2712 a
1691 2669 1767 2722 te,
1805 2660 1962 2730 plane

382 2754 507 2809 tuae,
535 2762 643 2800 non
667 2753 778 2801 tam
809 2748 1026 2803 indiciis
1055 2764 1273 2816 manus,
1306 2765 1467 2820 quam
1497 2751 1732 2821 propriis
1755 2752 1962 2821 episto-

381 2836 449 2890 la:
488 2836 651 2890 notis.
687 2832 870 2891 Pauca
913 2837 1057 2892 enim
1087 2843 1244 2891 erant
1273 2838 1437 2893 verba
1475 2838 1797 2893 sententiam
1830 2838 1959 2893 ube-

383 2941 495 2981 rem
520 2926 853 2982 exhibentia.
893 2927 972 2982 Ad
1008 2943 1145 2997 quas
1199 2929 1382 2983 statim
1407 2944 1517 2983 non
1551 2928 1952 2999 reSpundimus,

382 3015 528 3086 quod
587 3031 690 3072 nos
746 3017 963 3088 quidem
1019 2999 1245 3089 peregre
1309 3032 1592 3087 essemus;
1639 3018 1953 3075 tabellarius

2568 2545 2875 2614 Γρηγορίῳ
2896 2543 3125 2613 ἑταίρῳ.

2133 2654 2371 2726 Γράμμα
2403 2651 2534 2727 ἦλθέ
2570 2673 2659 2727 μοι
2690 2653 2881 2727 πρώην
2913 2655 3066 2727 παρά
3102 2652 3219 2719 σοῦ,
3255 2654 3508 2727 ἀκριϐῶς
3533 2656 3679 2719 σὺνλ

2063 2747 2123 2799 οὐ
2148 2746 2400 2800 τοσοῦτον
2436 2746 2514 2818 τῷ
2551 2748 2858 2819 χαρακτῆρι
2909 2746 3010 2817 τῆς
3044 2745 3246 2817 χειρὸς,
3282 2747 3409 2800 ὅσον
3440 2745 3520 2817 τῷ
3548 2746 3669 2816 τῆς,

2064 2838 2353 2908 ἐπιστολῆς
2383 2836 2651 2908 ίδιώματι.
2696 2837 2883 2907 Ὀλίγα
2908 2836 3018 2908 γὰρ
3056 2832 3124 2909 ἦν
3164 2837 3232 2891 τὰ
3263 2839 3488 2909 ῥήματα
3519 2838 3652 2891 πολ-

2061 2929 2159 3001 λὴν
2203 2929 2442 2983 διάνοιαν
2486 2927 2855 3001 παριστῶντα.
2912 2928 3056 2999 Πρὸς
3101 2927 3137 2981 ἃ
3185 2927 3348 2992 εὐθὺς
3400 2929 3502 3000 μὲν
3546 2930 3681 2989 οὐκ,

2060 3018 2496 3092 ἀπεκρινάμεθα,
2530 3019 2664 3073 διότι
2717 3019 2870 3072 αὐτοὶ
2919 3017 3017 3089 μὲν
3059 3016 3486 3089 ἀπεδημοῦμεν’
3531 3022 3560 3073 ὁ
3586 3018 3648 3071 δὲ

381 3125 533 3175 vero,
574 3125 697 3164 cum
756 3109 1043 3180 epistolam
1085 3110 1180 3165 uni
1240 3108 1591 3163 familiarium
1641 3118 1950 3164 nostrorum

2076 3111 2529 3184 τραμματοςμόρος
2547 3110 2678 3182 (66),
2696 3111 2777 3164 ἐν).
2794 3111 2903 3165 τῶν
2932 3112 3251 3184 ἐπιτηδείων
3266 3114 3402 3184 ἡμῖν
3428 3112 3650 3175 ἐπιδοὺς

372 3173 638 3265 dedisset,
670 3173 899 3270 propere
917 3198 1250 3255 discesserit.
1283 3197 1389 3253 Sed
1420 3213 1568 3254 nunc
1600 3214 1696 3270 per
1732 3197 1950 3254 Petrum

2076 3173 2523 3275 την-ἐπιστολὴν,
2779 3201 2968 3274 ᾤχετο.
3006 3173 3166 3257 Ἀλλά
3195 3173 3411 3258 νῦν-’διὰ
3435 3173 3647 3275 neego;

379 3290 714 3360 alloquimur
760 3296 834 3354 te,
885 3289 1050 3344 simul
1095 3297 1150 3346 et
1184 3289 1533 3346 salutationis
1582 3291 1954 3360 persolventcs

2076 3294 2551 3367 τροσφθεγγόμεθά
2572 3294 2799 3365 σε,όμοῦ
2825 3294 2923 3367 μὲν
2949 3295 3329 3359 ἀποτιννύντες
3355 3298 3454 3366 τῆς
3474 3312 3649 3367 προσ-

382 3383 644 3447 debitum,
687 3391 742 3437 et
772 3382 1116 3437 occasionem
1161 3382 1387 3438 alterius
1419 3382 1665 3453 epistolae
1711 3383 1959 3453 praeben-

382 3483 485 3528 tes.
527 3470 762 3528 Omnino
819 3480 998 3528 autem
1046 3474 1235 3530 nullus
1280 3474 1432 3529 labor
1485 3475 1731 3544 epistola:
1781 3473 1953 3529 Laco-

383 3563 542 3626 nicae,
586 3563 776 3632 quales
829 3569 993 3629 sunt,
1029 3578 1151 3634 quae
1182 3578 1214 3618 a
1264 3572 1316 3620 te
1350 3563 1582 3620 subinde
1607 3564 1675 3620 ad
1702 3578 1805 3619 nos
1830 3579 1956 3635 per-

383 3655 627 3710 veniunt.

905 3805 1241 3865 EPISTOLA
1276 3806 1437 3862 XX".

2067 3384 2296 3456 ηγορίας
2324 3383 2387 3436 τὸ
2415 3383 2594 3455 χρέος,
2622 3384 2758 3455 ὁμοῦ
2787 3383 2844 3437 δὲ
2870 3384 3123 3457 ἀφορμὴν
3168 3385 3436 3456 δευτέρων
3461 3402 3647 3457 γραμ-

2062 3477 2247 3546 μάτων
2277 3475 2624 3547 παρέχοντες.
2661 3475 2884 3538 Πάντως
2910 3475 2969 3529 δὲ
3000 3475 3175 3539 οὐδεὶς
3203 3475 3365 3539 πόνος
3390 3476 3646 3531 Λακωνικ-

2058 3567 2161 3637 κῆς
2200 3565 2510 3635 ἐπιστολῆς,
2559 3564 2740 3619 ὁποῖαί
2784 3567 2923 3619 εἰσιν
2956 3565 3014 3620 αἱ
3055 3563 3206 3638 παρὰ
3247 3564 3343 3618 σοῦ
3380 3564 3671 3623 ἑκάστοτεΔ

2058 3655 2195 3728 πρὸς
2222 3656 2371 3727 ἡμᾶς
2397 3654 2812 3727 ἀφικνούμεναι.

2616 3806 2961 3861 ΕΠΙΣΤΟΛΗ
2997 3803 3081 3860 κ’.

382 3939 547 4013 Amice
569 3941 791 4014 obiurgat
822 3943 1067 4014 gem-tium
1091 3942 1324 4006 Basilius,
1346 3947 1612 4014 quadram
1635 3944 1851 4014 scribat;
1877 3959 2079 4012 eumque
2102 3947 2275 4014 probat
2308 3943 2686 4014 inexcusabilem
2708 3959 2818 4014 esse
2836 3951 2992 4009 utpote
3027 3955 3271 4014 nunquam
3293 3949 3536 4014 (arentem
3557 3955 3642 3993 oc-

438 4005 1000 4072 casionibus'scribendi,
1017 4019 1074 4056 ac
1092 4005 1328 4069 prieterea
1345 4005 1610 4072 sophist
1630 4021 1649 4068 ;
1669 4006 1761 4072 sibi
1781 4005 1894 4072 pero
1916 4005 2273 4072 exeiwaiionem
2294 4007 2428 4072 petit.
2441 4016 2551 4072 tum
2572 4020 2635 4072 ea:
2659 4005 2842 4057 crebris
2865 4005 3265 4070 occupationibus,
3288 4012 3389 4056 tum
3410 4005 3528 4069 quia
3547 4017 3641 4055 non

432 4069 541 4128 jam
559 4080 615 4118 eo
639 4065 789 4116 utitur
806 4064 1000 4119 dicendi
1021 4064 1209 4131 genere,
1236 4069 1366 4132 quod
1386 4064 1573 4135 placeat
1594 4064 1839 4133 sophistis.
1865 4069 2011 4120 Mittit
2032 4082 2123 4121 sua
2146 4064 2381 4120 adversus
2406 4066 2697 4119 Eunomium
2718 4080 2878 4132 opera.

907 4194 1124 4252 Leontio
1161 4196 1427 4267 sophistae.

456 4304 612 4361 Rara;
640 4306 857 4377 quidem
878 4309 977 4362 tibi
1009 4317 1065 4364 et
1107 4325 1138 4364 a
1181 4311 1343 4366 nobis
1367 4311 1595 4379 litteraz;
1635 4325 1745 4365 non
1772 4316 1955 4366 tamen

383 4395 624 4450 rariores
666 4411 829 4465 quam
863 4402 1007 4466 tuae;
1042 4398 1226 4469 idque,
1261 4415 1386 4454 cum
1412 4399 1570 4454 multi
1613 4399 1957 4454 continenter

2566 4198 2825 4263 Λεοντίῳ
2852 4195 3140 4266 σοφιστῇ.

2127 4311 2331 4385 Χρόνια
2352 4310 2451 4382 μέν
2471 4326 2553 4363 σοι
2572 4309 2667 4362 καὶ
2685 4307 2752 4361 τά
2771 4309 2900 4379 παρ’
2927 4306 3084 4378 ἡμῶν
3106 4305 3425 4377 γράμματα·
3448 4304 3509 4358 οὐ
3533 4318 3639 4375 μην
3654 4342 3669 4353 ς.

2060 4402 2394 4476 χρονιώτερα
2416 4399 2526 4455 τῶν
2550 4399 2795 4462 αὐτόθεν,
2830 4398 2925 4451 καὶ
2955 4396 3129 4450 ταῦτα
3156 4393 3367 4449 πολλῶν
3392 4396 3488 4447 καὶ
3516 4410 3637 4447 συν-

381 4501 417 4540 a
445 4485 602 4542 vobis
627 4486 694 4542 ad
723 4502 825 4544 nos
856 4489 1141 4551 venerint;
1167 4490 1370 4561 quibus
1418 4491 1648 4561 singulis
1677 4491 1722 4547 si
1750 4492 1944 4547 ordine

2076 4490 2186 4561 χῶν
2219 4486 2673 4559 ἐπιδημησάντων
2715 4486 2847 4556 ἡμῖν
2894 4483 3001 4539 ἀπὸ
3049 4483 3148 4553 τῆς
3205 4483 3511 4555 ὑμετέρας·
3558 4478 3638 4546 οἷς

384 4575 598 4635 litteras
651 4580 1060 4647 commisisses,
1126 4582 1266 4637 nihil
1319 4580 1608 4653 impediret
1668 4583 1958 4653 quominus

2076 4583 2107 4635 al
2138 4582 2304 4635 πᾶσιν
2341 4576 2540 4649 ἐφεξῆς
2576 4577 2882 4650 γράμματα
2927 4575 3041 4647 (67)
3071 4574 3346 4646 ὲπετίθης,
3385 4575 3539 4629 οὐδὲν
3572 4570 3663 4645 ἦν

382 4670 695 4725 videremur
718 4684 823 4725 una
853 4680 1030 4727 tecum
1058 4685 1203 4737 esse,
1239 4679 1403 4742 teque
1439 4672 1664 4742 perinde
1710 4672 1820 4727 frui
1846 4711 1863 4740 ,
1894 4686 1958 4727 ac

2076 4672 2118 4726 τὸ
2144 4669 2354 4727 κωλύον
2389 4668 2540 4740 αὐτῷ
2571 4687 2654 4723 σοι
2682 4669 2858 4724 δοκεῖν
2890 4671 3127 4723 συνεῖναι
3152 4669 3320 4741 ἡμᾶς,
3351 4666 3450 4721 καὶ
3475 4667 3638 4720 οἱονεὶ

461 4824 479 4856 ¹
509 4822 745 4896 Philipp.
775 4838 816 4889 ι,
839 4823 930 4878 21.

455 4982 475 5004 ‘
503 4979 653 5052 Alias
685 4979 776 5036 Ill.
812 4980 1031 5052 Scripta
1060 4980 1277 5037 videtur
1321 4980 1605 5046 Caesareae,
1651 4994 1776 5037 cum
1812 4988 1960 5038 esset

384 5050 695 5173 presbiter.
939 5050 955 5052 ⁷

583 5121 685 5203 lia-5
709 5120 997 5203 LXXXII}
1023 5118 1239 5203 Scripta
1271 5135 1413 5203 anno
1436 5120 1577 5203 3664.¹

455 5189 566 5263 (ﬁ!)
607 5190 906 5263 Ἠφάνισε.
930 5189 1473 5263 Παρηφάνισεϐοἱει.
1496 5191 1712 5263 primus
1730 5199 1785 5263 et
1810 5189 1954 5247 Med.

458 5259 572 5332 (62)
604 5260 756 5332 Τοὺς,
775 5259 1031 5328 ἄθλους.⁷
1044 5259 1136 5316 Sic
1158 5261 1327 5332 Coisl.
1354 5259 1566 5332 primus
1590 5269 1644 5315 et
1663 5260 1954 5332 biedicaeus

384 5328 705 5402 et_Clarom.
746 5331 801 5402 in
830 5333 1107 5402 margine;
1157 5331 1249 5385 alii
1280 5328 1956 5402 ,τοῖς-ἄθλοις.ιΕόίιίβι-οῖς

384 5396 588 5461 ἀλλοις.
638 5398 833 5473 Ριιιιριο⁵
859 5396 982 5471 ροεῖ
1015 5401 1156 5473 editi
1192 5400 1549 5473 pride-(eme.
1580 5399 1756 5466 Harl.,
1784 5399 1951 5456 Coisl.

388 5472 600 5538 primus
627 5475 699 5538 et_
719 5467 874 5526 Med}
898 5480 952 5526 et
981 5472 1069 5525 alii
1102 5467 1351 5526 nonnulli
1371 5467 1441 5524 'ut
1465 5473 1519 5525 in
1543 5478 1715 5525 textu.

459 5536 569 5613 (65)
624 5535 745 5591 Τῶν
787 5542 1183 5613 κρατούντων.
1233 5540 1386 5613 Saepe
1417 5542 1553 5597 alias
1587 5539 1824 5596 Basilius
1854 5539 1956 5595 hac

378 5609 925 5682 vocejmperatorem
950 5610 1217 5682 designat.

459 5676 569 5752 (64)
598 5676 1124 5752 Προϐαλλομένῳίρ.
1160 5681 1251 5737 Sic
1282 5689 1511 5752 uterque
1546 5678 1740 5752 Goisl.,
1776 5679 1947 5752 Harl.,

387 5743 565 5805 Paris.
616 5743 669 5805 ct
715 5765 853 5806 unus
896 5743 960 5806 ex
1014 5749 1215 5823 Regiis.
1258 5743 1948 5823 Εᾶὶιὶ’προσϐαλ).ομένων.

2132 4978 2357 5060 ῌξὶόθφ-
2367 4977 2727 5060 προσποιήσει
2752 4976 3178 5060 in‘tribusntnss.

2133 5051 2250 5120 (65)
2297 5043 2970 5120 ﬂpirovrdrwrlﬁqrat.
3001 5046 3303 5120 Editibpj’v
3333 5043 3634 5120 συνατωνί-

2062 5116 2238 5184 ζεται.
2292 5116 2477 5188 secuti
2526 5133 2718 5173 sumus
2767 5117 3309 5188 antiquosﬂcodices,
3359 5116 3531 5188 Cpisl.
3580 5121 3635 5169 et

2063 5189 2205 5245 Med.
2234 5196 2289 5245 et
2326 5187 2478 5243 Harl.
2521 5202 2646 5242 cum
2690 5185 2945 5257 pluribus
2986 5186 3125 5240 aliis.
3173 5186 3371 5257 Statim
3406 5185 3635 5255 legimus

2061 5274 2187 5314 cum
2224 5259 2472 5329 quinque
2506 5273 2666 5329 mss.,
2691 5253 2927 5328 quorum
2961 5258 3014 5312 in
3051 5271 3278 5329 numero
3312 5253 3633 5329 ﬂat-laganus

2063 5340 2118 5383 et
2160 5324 2333 5399 prima
2352 5324 2549 5399 _—mianu
2576 5324 2967 5399 Acois'linianus
3001 5326 3298 5399 antiquior,
3346 5324 3496 5394 αὐτῷ
3545 5325 3635 5399 τὸν

2059 5395 2180 5470 τῆς,
2212 5407 2318 5452 etc.
2352 5396 2711 5470 Editiabrdv.
2760 5396 2967 5452 Desunt
3017 5397 3072 5450 in
3115 5403 3352 5466 quatuor
3383 5410 3520 5451 mss.
3555 5395 3637 5447 lue

2061 5465 2251 5530 voces,
2280 5468 2377 5520 καὶ
2407 5465 2615 5537 βοηθόν.

2133 5537 2244 5610 (66)
2295 5533 2816 5606 Γράμιὶατοφόρος.
2870 5533 3348 5607 Γραμματηφόρος
3399 5537 3636 5605 quatuor

2060 5624 2196 5665 mss.

2132 5678 2247 5750 (67)
2272 5675 2611 5747 Γρὰμματα.
2649 5671 2724 5729 Ita
2750 5688 2843 5731 sex
2872 5674 2998 5729 libri
3031 5684 3263 5732 veteres.
3295 5672 3436 5728 Εἁίιὶ
3463 5671 3636 5745 γρὰμρ

2104 5767 2157 5802 7..

2060 5767 2100 5820 μ
