3886 6220
149 327 155 332 ⁷
217 371 339 428 ass

1185 384 1677 445 EPISTOLARUM
1718 390 2004 448 CLASSIS
2042 392 2083 448 1.
2115 392 2337 449 EPIST.
2377 393 2517 448 XXI.

3409 392 3514 447 286

216 494 513 565 παρόντας
541 499 635 551 καὶ
664 499 921 566 συνόντας
966 502 1262 561 ἀπολαύειν
1281 526 1294 539 ·
1329 507 1473 564 οὕτω
1509 513 1732 582 συνεχὲς
1753 507 1822 584 ἦν

1938 514 1972 568 si
2003 515 2348 578 adessemus,
2384 521 2438 568 et
2475 523 2652 567 tecum
2713 524 3066 565 versaremur
3111 523 3123 560 :
3163 507 3299 565 adeo
3342 510 3517 563 conti-

215 586 287 640 τὸ
329 589 539 660 πλῆθος
580 591 691 646 τῶν
741 596 877 666 πρὸς
904 598 1050 668 ἡμᾶς
1095 600 1528 673 ἀφικνουμένων.
1568 605 1729 658 Ἀλλά
1772 607 1824 657 τί

215 676 332 768 οὐκ
362 680 736 750 ἐπιστέλλειςς
763 687 1004 759 καίτοιγε
1042 692 1192 745 οὐδὲν
1235 693 1396 764 ἔργον
1430 675 1657 768 σοφιστῇ
1689 698 1823 766 (68),

215 765 253 837 ἢ
307 769 380 829 τὸ
428 774 702 843 γράφειν·
757 779 957 848 μᾶλλον
1008 783 1066 836 δέ
1117 786 1164 836 εί
1214 787 1305 838 καὶ
1335 788 1435 857 τῆς
1473 765 1656 858 χειρὸς
1682 765 1826 858 ἔχεις

215 860 444 930 ἀργῶς,
478 867 599 919 ούδέ
633 870 864 939 γράφειν
895 873 1108 944 δεήσει·
1132 877 1291 941 ἀλλος
1310 879 1418 948 γάρ
1447 896 1528 932 σοι
1561 881 1827 950 διακονή-

220 968 336 1008 σει.
372 956 632 1029 Γλὼπης
662 961 718 1013 δέ
743 965 902 1034 χρεία
937 966 1140 1038 μόνης·
1164 971 1220 1039 ἢ,
1245 968 1346 1022 κᾶν
1373 972 1503 1040 ἡμῖν
1529 971 1603 1042 μὴ
1635 971 1829 1025 διαλέ-

217 1063 422 1116 γηται.
458 1050 577 1103 ἀ)λ⁹
606 1052 686 1103 ἑνί
735 1071 798 1122 γε
842 1057 1061 1122 πάντως
1105 1059 1212 1112 τῶν
1256 1061 1521 1115 συνόντων
1564 1063 1824 1136 λαλήσει·

216 1139 336 1193 κᾶν
373 1142 571 1212 μηδεὶς
614 1148 788 1216 παρῇ,
821 1148 905 1215 ἐφ’
940 1149 1137 1218 ἐαυτῆς
1181 1151 1511 1216 διαλέξεται·
1555 1154 1824 1224 σιωπήσει

215 1228 281 1284 δὲ
305 1232 594 1303 οὐδαμῶς,
625 1242 910 1309 σοφιστική
942 1258 1002 1293 τε
1036 1237 1168 1295 οὖσα
1192 1243 1286 1295 καὶ
1314 1242 1533 1316 Ἀττική
1552 1262 1564 1276 ·
1597 1246 1658 1298 ού
1688 1246 1824 1316 μᾶλ-

216 1321 320 1376 λόν
346 1341 413 1391 γε
446 1325 482 1395 ἣ
510 1328 568 1380 αί
597 1327 840 1398 ἀηδόνες,
874 1331 1002 1385 ὅταν
1045 1333 1105 1385 τὸ
1150 1333 1250 1403 ἔαρ
1289 1335 1460 1399 αύτάς
1507 1337 1644 1408 πρὸς
1684 1337 1826 1408 ᾠδὴν

219 1417 543 1490 ἀναστήσῃ.
580 1420 740 1491 Ἡμῖν
771 1423 870 1492 μὲν
909 1424 1018 1497 γὰρ
1057 1427 1117 1479 τὸ
1156 1426 1360 1480 πυκνὸν
1390 1428 1503 1500 (69)
1536 1429 1636 1500 τῆς
1666 1431 1830 1500 ἀσχο-

218 1507 352 1571 λίας
380 1509 563 1571 τοῦτο,
591 1512 650 1564 ἐν
676 1506 721 1580 ᾧ
747 1513 841 1566 νῦν
871 1517 1059 1586 ἐσμεν,
1099 1517 1202 1570 κᾶν
1245 1519 1579 1590 παραίτησιν
1614 1522 1828 1590 ἐνέγκοι

220 1599 400 1668 τυχὸν
451 1601 592 1671 πρὸς
644 1602 744 1674 τὴν
791 1604 996 1660 ἔνδειαν
1049 1608 1158 1660 τῶν
1201 1609 1577 1680 πραγμάτων·
1631 1613 1726 1664 καὶ
1770 1611 1830 1665 τὸ

220 1692 397 1748 οἱονεὶ
420 1693 776 1764 ἐρῤυπῶσοαι
803 1696 987 1751 λοιπὸν
1015 1701 1082 1768 τῇ
1113 1703 1411 1772 κατακορεῖ
1437 1702 1694 1773 συνηθείᾳ
1716 1701 1828 1771 (70)

223 1782 374 1852 πρὸς
427 1783 739 1856 ίδιωτισμὸν
785 1787 943 1841 ὄκνον
987 1789 1216 1853 εἰκότως
1270 1791 1490 1861 ἐμποιεῖ
1521 1792 1831 1862 προσφθέγ-

1927 622 2034 660 nua
2079 606 2180 660 fuit
2213 605 2510 659 multitudo
2532 603 2599 657 ad
2645 617 2746 658 nos
2768 601 3122 657 venientium.
3150 603 3218 654 At
3269 615 3368 655 cur
3406 614 3516 654 non

1926 699 2142 761 scribis,
2171 712 2294 751 cum
2326 696 2545 768 quidem
2585 697 2867 764 negotium
2905 694 3113 747 nullum
3153 694 3225 748 sit
3261 693 3519 763 sophista:

1927 790 2204 847 scribere?
2228 791 2338 842 lmo
2361 789 2407 844 si
2437 803 2632 842 manus
2668 787 2820 858 pigra
2851 793 2956 851 est,
2997 801 3066 841 ne
3109 785 3352 841 scribere
3393 785 3518 856 qui-

1926 878 2050 933 dem
2074 893 2212 948 opus
2245 878 2382 946 erit;
2427 878 2570 932 alius
2598 878 2743 931 enim
2782 875 2883 929 tibi
2921 875 3073 930 dabit
3115 890 3359 945 operam.
3384 874 3517 930 Lin-

1927 987 2030 1043 gua
2059 980 2240 1025 autem
2291 972 2407 1026 sola
2465 987 2604 1040 opus
2652 978 2758 1032 est,
2807 985 2930 1040 quae
2986 969 3203 1024 etiamsi
3266 983 3368 1024 nos
3406 984 3518 1022 non

1929 1066 2259 1134 alloquatur,
2280 1071 2335 1118 at
2357 1061 2605 1132 profecto
2628 1077 2800 1116 unum
2833 1077 2898 1117 ex
2925 1062 2993 1115 iis
3027 1060 3121 1131 qui
3150 1067 3330 1115 tecum
3365 1067 3514 1124 sunt,

1932 1155 2262 1225 alloquetur.
2291 1153 2448 1220 Quod
2480 1155 2524 1208 si
2561 1169 2723 1208 nemo
2745 1153 2910 1219 adsit,
2942 1167 3126 1209 secum
3171 1153 3289 1222 ipsa
3324 1151 3518 1222 loque-

1930 1257 2052 1311 tur;
2087 1245 2494 1298 tacebitautem
2525 1258 2896 1314 nequaquam,
2918 1258 3044 1297 cum
3066 1243 3138 1297 sit
3172 1250 3226 1297 ει
3257 1242 3520 1311 sophisti-

1930 1350 1992 1387 ca
2026 1342 2081 1388 et
2128 1335 2307 1387 Attica
2354 1353 2366 1387 :
2403 1348 2512 1387 non
2549 1334 2743 1402 magis,
2781 1347 2946 1402 quam
2991 1332 3259 1395 lusciniae,
3297 1331 3518 1402 quando

1927 1442 2022 1483 eas
2054 1442 2280 1482 vernum
2311 1434 2525 1495 tempus
2552 1427 2617 1480 ad
2637 1426 2943 1480 canendum
2974 1424 3313 1479 excitaverit.
3349 1421 3517 1478 Nobis

1929 1519 2073 1572 enim
2098 1519 2304 1573 crebra:
2346 1518 2454 1572 illa:
2487 1520 2903 1588 occupationes,
2935 1517 3137 1586 quibus
3171 1530 3318 1570 nunc
3360 1514 3518 1570 disti-

1931 1623 2148 1670 nemur,
2205 1607 2616 1661 excusationem
2664 1607 2902 1660 fortasse
2952 1603 3202 1667 ail‘erant,
3237 1604 3282 1659 si
3319 1603 3518 1657 litteris

1932 1700 2222 1754 desimus:
2257 1709 2312 1754 et
2349 1699 2597 1770 quadam
2651 1698 2819 1753 veluti
2883 1696 3076 1752 sordes
3125 1712 3190 1751 ex
3251 1695 3507 1750 continu:

1933 1791 2175 1859 vulgaris
2198 1791 2470 1846 sermonis
2502 1806 2606 1844 usu
2626 1790 2738 1860 jam
2776 1796 3077 1843 contracta:
3104 1803 3214 1842 non
3243 1787 3516 1840 immerito

222 1873 432 1940 γεσθαι
472 1875 618 1944 ὑμᾶς
645 1878 773 1941 τοὺς
817 1881 1108 1946 σοφιστάς·
1159 1881 1231 1943 οἳ,
1269 1883 1317 1933 εἰ
1353 1883 1426 1952 μή
1463 1899 1516 1936 τι
1546 1883 1696 1948 ἄξιον
1726 1883 1825 1953 τῆς

1938 1882 2228 1951 deterrent,
2259 1883 2558 1954 quominus
2586 1898 2684 1936 vos
2707 1882 2982 1951 sephistas
3010 1881 3352 1949 alloquamur
3378 1897 3393 1945 ;
3422 1879 3514 1949 qui

224 1967 513 2037 ὑμετέρας
539 1968 718 2022 αὐτῶν
747 1970 938 2037 σοφίας
956 1970 1276 2033 ἀκούσεσθε,
1304 1972 1705 2045 δυσχερανεῖτε,
1729 1976 1825 2028 καὶ

223 2059 335 2113 οὐκ
357 2059 642 2123 ἀνέξεσθε.
677 2061 746 2113 Σὲ
774 2062 830 2114 δέ
855 2079 957 2116 που
985 2063 1048 2117 τὸ
1075 2065 1316 2120 ἐναντίον
1344 2066 1492 2128 εἰκὸς
1518 2067 1612 2118 ἐπὶ
1645 2067 1824 2136 πάσης

223 2150 570 2219 προφάσεως
614 2151 963 2223 δημοσιεύειν
1010 2156 1206 2210 σαυτοῦ
1249 2157 1350 2226 τὴν
1393 2155 1597 2227 φωνὴν,
1639 2159 1826 2228 ἐπιτή-

222 2239 377 2292 δειον
404 2240 536 2292 ὄντα
568 2243 762 2306 εἰπεῖν,
785 2235 859 2296 ὧν
883 2244 1044 2307 αὐτὸς
1077 2240 1192 2297 οἶδα
1218 2245 1482 2316 Ἑλλήνων
1508 2262 1522 2276 ·
1557 2241 1672 2300 οἶδα
1691 2246 1820 2317 γὰρ,

223 2329 311 2392 ὡς
337 2325 518 2400 οἶμαι,
549 2331 677 2394 τοὺς
721 2331 1185 2402 ὀνομαστοτάτους
1224 2334 1333 2386 τῶν
1379 2335 1438 2388 ὲν
1478 2335 1634 2405 ὑμῖν·
1682 2334 1822 2388 ὥστε

224 2419 462 2489 οὐδεμία
506 2421 840 2492 παραίτησις
887 2423 1180 2478 σιωπῶντι.
1218 2425 1326 2477 Καὶ⁸
1379 2424 1554 2478 ταῦτα
1599 2426 1696 2496 μὲν
1745 2427 1824 2488 είς

223 2512 512 2566 τοσοῦτον.
559 2513 879 2567 ’Ᾱπέστειλα
922 2515 979 2568 δέ
1028 2517 1124 2568 καὶ
1173 2515 1244 2568 τά
1282 2517 1417 2588 πρὸς
1460 2517 1756 2588 Εὐνόμιον·
1789 2516 1825 2571 ἃ

225 2606 341 2656 εἴτε
376 2603 597 2657 παιδιὰν
628 2605 734 2676 χρὴ
766 2606 971 2671 καλεῖν,
1014 2606 1126 2661 είτε
1175 2608 1360 2679 μικρῷ
1404 2608 1622 2674 παιδιᾶς
1654 2627 1821 2662 σπου-

225 2695 510 2767 δαιότερα,
531 2697 679 2768 αὐτῷ
709 2715 788 2751 σοι
812 2699 1017 2768 κρίνειν
1041 2700 1276 2771 παρίημι
1299 2717 1312 2730 ·
1344 2701 1402 2764 ὃς
1423 2702 1558 2772 πρὸς
1587 2702 1687 2772 μὲν
1710 2702 1820 2771 (7-1)

228 2788 300 2841 τὰ
331 2791 510 2844 οἰκεῖα
556 2791 754 2844 σαυτοῦ
803 2791 1015 2855 οὐκέτι,
1064 2789 1251 2862 οἶμαι,
1292 2793 1551 2864 χρῄζεις·
1595 2795 1732 2865 πρὸς
1765 2794 1821 2847 δέ

227 2881 341 2934 τῶν
386 2881 787 2954 ἐνδιαστρόφων
830 2884 954 2946 τοὺς
999 2883 1424 2953 ἐντυγχάνοντας
1463 2883 1564 2936 οὐκ
1600 2883 1821 2951 ἀγεννές

232 2989 319 3026 σοι
341 2973 507 3026 ὅπλον
534 2972 749 3026 ἔσεσθαι
777 2973 1061 3044 προσδοκῶ
1080 2991 1092 3003 ·
1125 2975 1186 3026 οὑ
1221 2977 1285 3045 τῇ
1321 2973 1545 3044 δυνάμει
1568 2973 1662 3028 τοῦ
1690 2993 1818 3028 συν-

229 3064 518 3134 τάγματος
561 3067 1048 3129 καταπιστεύοντες
1096 3065 1384 3129 τοσοῦτον,
1430 3065 1546 3119 ἀλλ’
1577 3066 1821 3137 ἀκριϐῶς

231 3157 598 3227 γνωρίζοντες
638 3157 745 3210 ἀπὸ
768 3158 961 3228 ὀλίγων
993 3157 1256 3230 ἀφορμῶν
1286 3159 1378 3212 ἐπὶ
1410 3159 1583 3212 πολλά
1609 3177 1667 3214 σε
1692 3160 1821 3214 ὄντα

1931 1977 2035 2032 nisi
2065 1977 2334 2046 sapientia
2365 1983 2552 2031 vestra
2582 1974 2808 2044 dignum
2843 1971 3048 2041 aliquid
3086 1971 3394 2035 audieritis,
3432 1970 3516 2024 in-

1930 2066 2315 2136 dignabimini,
2345 2081 2448 2121 nec
2479 2063 2789 2136 perferetis.
2817 2062 2894 2118 Te
2916 2077 3048 2117 vero
3074 2072 3265 2117 contra
3292 2077 3512 2132 aequum

1930 2168 2012 2214 est
2061 2167 2208 2213 tuam
2250 2173 2441 2213 vocem
2491 2157 2559 2212 ad
2610 2171 2828 2211 omnem
2880 2155 3225 2210 occasionem
3273 2153 3518 2224 promul-

1927 2269 2080 2324 gare,
2123 2268 2248 2306 cum
2282 2253 2360 2306 sis
2390 2252 2627 2306 maxime
2655 2249 2900 2304 omnium
2935 2263 3075 2318 quos
3123 2248 3250 2302 novi
3296 2245 3516 2301 Graeco-

1929 2352 2051 2390 rum
2077 2341 2144 2390 ad
2170 2337 2462 2391 dicendum
2491 2335 2720 2390 idoneus
2755 2353 2766 2387 :
2799 2333 2922 2386 novi
2951 2333 3116 2396 enim,
3146 2340 3206 2386 ut
3233 2339 3384 2402 puto,
3418 2330 3511 2400 qui

1930 2429 2076 2483 inter
2114 2442 2212 2482 vos
2259 2435 2391 2482 sunt
2421 2425 2764 2482 celeberrimi
2811 2444 2824 2478 :
2855 2440 3024 2495 quare
3056 2423 3206 2478 nulla
3232 2423 3516 2478 excusatio

1927 2521 2150 2574 tacenti.
2193 2519 2368 2588 Atque
2416 2517 2531 2572 hazc
2571 2515 2790 2585 quidem
2835 2515 3124 2569 hactenus.
3165 2511 3284 2568 Misi
3331 2519 3512 2568 autem

1927 2618 1982 2665 et
2015 2612 2220 2680 scripta
2249 2611 2516 2664 adversus
2545 2607 2900 2673 Eunomium,
2933 2621 3054 2674 quae
3084 2605 3303 2676 quidem
3329 2611 3511 2657 utrum

1928 2701 2083 2757 lusus
2131 2701 2364 2755 dicenda
2414 2700 2548 2764 sint,
2606 2715 2673 2753 an
2713 2699 2838 2754 lusu
2894 2697 3058 2767 paulo
3092 2697 3373 2766 graviora,
3413 2695 3512 2749 tibi

1928 2795 2032 2863 ipsi
2060 2793 2421 2864 judicandum
2445 2794 2730 2864 relinquo:
2756 2792 2849 2862 qui
2880 2793 3028 2862 quod
3055 2790 3250 2844 attinet
3289 2788 3512 2859 quidem

1928 2884 1995 2938 ad
2027 2883 2363 2952 tuamipsius
2391 2898 2703 2953 personam,
2729 2883 2835 2949 his,
2865 2881 3082 2952 opinor,
3119 2879 3232 2950 98
3260 2895 3366 2933 non
3403 2894 3514 2932 am-

1926 2973 2070 3043 plius
2109 2973 2318 3044 indiges
2365 2993 2378 3028 :
2428 2973 2524 3029 sed
2579 2975 2844 3029 adversus
2905 2987 3233 3044 perversos,
3270 2971 3325 3025 in
3373 2986 3514 3040 quos

1927 3064 2206 3130 incideris,
2233 3065 2398 3120 telum
2428 3065 2525 3118 tibi
2557 3081 2665 3118 non
2719 3064 2995 3118 inﬁrmum
3044 3063 3285 3117 futurum
3314 3076 3512 3131 spero;

1926 3172 2036 3210 non
2067 3156 2214 3228 quod
2272 3159 2344 3210 ita
2391 3157 2624 3210 multum
2676 3156 2866 3225 scripti
2916 3156 3114 3210 robore
3151 3152 3512 3215 conﬁdamus.

233 3251 540 3320 εὑρετικόν.
580 3251 707 3304 Ἐὰν
740 3251 796 3304 δέ
823 3252 875 3304 τί
905 3269 986 3304 σοι
1025 3254 1116 3305 καὶ
1140 3251 1524 3322 ἀσθενέστερον
1556 3251 1700 3322 ἔχειν
1725 3254 1824 3324 τῆς

1938 3252 2022 3306 sed
2054 3252 2200 3322 quod
2251 3252 2420 3322 probe
2465 3253 2708 3308 sciamus
2748 3252 3002 3307 idoneum
3047 3259 3101 3306 te
3153 3265 3294 3314 esse,
3323 3249 3414 3321 qui
3447 3264 3516 3303 ex

233 3341 426 3412 χρείας
472 3344 781 3412 καταφανῇ,
835 3341 908 3413 μὴ
959 3344 1300 3414 κατοκνήσῃς
1357 3341 1593 3410 ἐλέγξαι.
1636 3342 1823 3414 Τούτῳ

233 3433 343 3504 γὰρ
381 3433 496 3503 (72)
531 3433 767 3503 μάλιστα
819 3433 970 3501 φίλος
1004 3433 1234 3496 κόλακος
1283 3435 1576 3504 διενήνοχε,
1617 3433 1696 3505 τῷ
1730 3435 1822 3487 τὸν

241 3525 338 3596 μέν
365 3525 505 3596 πρὸς
534 3525 726 3596 ἡδονὴν
764 3525 989 3596 ὁμιλεῖν,
1019 3525 1112 3578 τὸν
1141 3525 1195 3578 δὲ
1222 3525 1356 3595 μηδέ
1381 3524 1489 3577 τῶν
1512 3525 1822 3579 λυπούντων

239 3616 563 3688 ἀπέχεσθαι.

775 3930 1120 3986 ΕΠΙΣΤΟΛΗ
1158 3931 1290 3986 KA’.

1931 3343 2125 3412 paucis
2159 3343 2497 3413 argumentis
2553 3343 2725 3396 multa
2773 3342 3042 3397 invenias.
3093 3341 3251 3406 Quod
3290 3341 3335 3395 si
3383 3339 3514 3410 quid

1930 3434 2032 3488 tibi
2061 3434 2354 3498 infirmius,
2399 3450 2564 3504 quam
2597 3450 2719 3489 esse
2759 3434 3069 3504 oportebat,
3097 3433 3393 3497 videbitur,
3429 3447 3517 3486 re-

1929 3527 2195 3596 darguere
2247 3542 2316 3581 ne
2358 3527 2610 3598 pigreris.
2655 3526 2768 3581 Hoc
2818 3527 2962 3582 enim
2998 3527 3343 3597 potissimum
3380 3525 3518 3580 ami-

1928 3635 2028 3674 cus
2071 3619 2138 3672 ab
2173 3617 2454 3673 adulatore
2503 3618 2706 3681 differt,
2744 3618 2890 3688 quod
2933 3618 3023 3671 hic
3055 3617 3274 3686 quidem
3310 3615 3377 3670 ad
3430 3615 3520 3669 de-

1927 3709 2276 3764 lectationem
2320 3710 2582 3780 loquitur,
2609 3710 2698 3764 ille
2730 3725 2860 3765 vero
2910 3725 2979 3764 ne
3020 3709 3250 3764 molesta
3296 3705 3518 3778 quidem

1966 3797 2314 3851 retermittit.

2452 3934 2794 3992 EPISTOLA
2830 3935 2990 3991 XXl'.

244 4052 510 4109 Accusatus
532 4045 582 4095 in
609 4045 857 4107 superiore
878 4043 1080 4116 epistola
1109 4044 1350 4105 Leontius,
1378 4045 1510 4116 quoq
1527 4058 1626 4116 non
1645 4048 1896 4116 scriberet,
1916 4047 2107 4116 videtur
2132 4047 2180 4099 in
2203 4049 2631 4116 ipsum__1_3asilium
2651 4051 2838 4116 crimen
2862 4050 3236 4116 convertisse,_el
3259 4049 3516 4101 Iulianum

518 4121 774 4158 accusasse
798 4107 928 4170 quod
948 4107 1134 4158 litteras
1156 4120 1270 4158 suas
1288 4107 1724 4160 non'reddidisset.
1759 4111 1900 4160 Unde
1936 4107 2232 4174 perurbane'
2255 4112 2470 4163 Basilius
2499 4121 2545 4164 et
2567 4127 2618 4164 se
2642 4120 2687 4163 et
2710 4112 2967 4163 Juliauum
2991 4111 3223 4176 defemlit.

705 4281 720 4332 Ξ
738 4236 998 4302 Λεοντίῳ
1026 4234 1320 4305 σοφιστῇ.

316 4351 505 4405 Ἔοικέ
558 4369 614 4404 τι
663 4353 763 4422 τῆς
805 4351 991 4422 κοινῆς
1032 4350 1425 4417 καταστάσεως
1472 4351 1566 4406 καὶ
1626 4353 1707 4417 είς
1757 4354 1828 4408 τά

244 4442 440 4498 ἑαυτοῦ
470 4443 774 4513 πράγματα
821 4445 849 4495 ὁ
895 4442 1130 4513 χρηστὸς
1185 4443 1470 4508 Ἰουλιανὸς
1512 4445 1826 4498 ἀπολαύειν.

2460 4238 2679 4294 Leontio
2713 4240 2982 4308 sophistw.

2007 4351 2239 4408 Videtur
2270 4352 2480 4424 aliquid
2510 4367 2578 4408 ex
2597 4352 2876 4407 communi
2912 4365 3096 4407 rerum
3128 4358 3275 4408 statu
3304 4352 3358 4406 in
3392 4366 3520 4422 pro-

1933 4445 2072 4517 priis
2119 4445 2237 4501 suis
2284 4444 2464 4500 bonus
2518 4441 2770 4499 Julianus
2828 4444 3128 4515 percipere.
3195 4443 3520 4513 Reposcitur

256 4537 598 4588 Ἀπαιτεῖται
624 4534 734 4605 γὰρ
760 4534 854 4586 καὶ
878 4536 1060 4598 αὐτὸς,
1089 4536 1182 4588 καὶ
1207 4537 1521 4604 ἐγκαλεῖται
1557 4537 1824 4609 σφοδρῶς,

1938 4537 2080 4590 enim
2127 4543 2181 4592 et
2223 4535 2373 4606 ipse,
2416 4544 2472 4590 et
2523 4543 2817 4592 accusatur
2867 4535 3252 4595 vehementer,
3298 4534 3518 4604 quando

247 4627 435 4698 ἐπειδὴ
466 4627 648 4680 πάντα
677 4625 773 4678 νῦν
819 4627 1238 4698 ἀπαιτουμένων
1270 4628 1364 4681 καὶ
1412 4629 1829 4700 ἐγκαλουμένων

246 4720 430 4789 γέμει.
478 4719 630 4790 Πλὴν
673 4720 797 4772 ὅσον
842 4720 963 4790 οὐχὶ
1011 4721 1282 4791 εἰσφορῶν
1312 4721 1669 4792 ἐλλείμματα,
1714 4721 1828 4776 ἀλλ’

248 4812 573 4866 ἐπιστολῶν.
624 4811 818 4864 Καίτοι
873 4812 1037 4865 πόθεν
1083 4811 1212 4882 (75)
1271 4812 1418 4883 αύτῷ
1467 4813 1826 4879 ἐλλέλειπται,

251 4903 463 4971 ἀγνοῶ·
491 4903 661 4956 ἔδωκε
693 4903 802 4974 γὰρ
836 4903 927 4956 ἀεὶ
955 4903 1265 4974 ἐπιστολὴν,
1299 4903 1399 4972 τὴν
1424 4903 1480 4958 δὲ
1504 4905 1826 4976 ἐκομίσατο·

252 4997 302 5047 εί
356 4995 433 5067 μή
466 4993 520 5048 τί
567 5011 672 5048 που
703 4995 800 5048 καὶ
838 4996 989 5066 παρά
1020 4997 1167 5066 σοὶὴ
1217 4996 1649 5068 πολυθρύλλητος
1693 4999 1827 5069 αὑτὴ

327 5175 441 5247 (68)
474 5175 878 5247 Σοφιστῇνῐιο
911 5183 1116 5244 septem
1167 5190 1298 5247 mss.
1346 5184 1408 5247 et,
1445 5175 1610 5228 editio
1655 5175 1831 5245 "nga-

258 5245 501 5301 noensis.
556 5249 691 5300 Aliae
733 5246 1002 5301 editiones
1047 5246 1322 5314 σοφιστοῦ.
1370 5245 1506 5300 Cum
1549 5253 1728 5300 autem
1776 5247 1830 5299 in

258 5317 517 5371 omnibus
547 5317 828 5371 codicibus
859 5332 993 5370 mss.
1024 5326 1077 5368 et
1112 5317 1273 5370 editis
1305 5317 1514 5384 legatur
1540 5315 1570 5386 ἣ
1606 5316 1665 5368 τὸ
1698 5317 1832 5386 γρά-

258 5405 396 5456 φειν·
427 5404 544 5440 cum
577 5387 784 5455 quidem
817 5388 1080 5455 negotium
1111 5385 1314 5438 nullum
1347 5387 1415 5438 sit
1442 5387 1714 5452 sophista,
1742 5385 1832 5439 Vni-

259 5457 396 5512 siut
436 5457 671 5518 scribat;
711 5457 848 5511 nihil
890 5457 1142 5525 equidem
1192 5457 1246 5509 in
1295 5464 1552 5510 contextu
1601 5456 1828 5509 imitavi.

259 5525 365 5588 Sed
395 5536 600 5589 tamen,
634 5529 759 5596 quia
786 5535 986 5596 pugnat
1016 5527 1130 5579 haec
1160 5526 1427 5596 sententia
1456 5541 1579 5578 cum
1607 5525 1691 5580 his
1713 5542 1833 5596 qua:

259 5607 588 5669 ecquuntur.
614 5592 1014 5669 veLde'lendum
1049 5596 1180 5669 illud
1207 5596 1263 5667 ἦ,
1288 5595 1373 5650 vel
1396 5592 1826 5669 scribenduniﬁ.

331 5667 444 5738 (69)
487 5667 559 5720 Τὸ
596 5667 848 5738 πυκνόν·
882 5666 1140 5731 Quamvis
1175 5665 1280 5720 nOn
1309 5668 1450 5738 male
1476 5665 1529 5719 in
1556 5666 1721 5738 editis
1753 5665 1830 5738 le.-

263 5737 505 5807 θείω-τὸ
532 5737 751 5807 πικρόν,
793 5737 1032 5799 molestia
1077 5737 1456 5805 occupationis,
1494 5737 1829 5807 praeferenda

263 5805 443 5870 tamen
471 5805 679 5881 septem
707 5807 952 5862 codicum
991 5822 1121 5862 mss.
1149 5816 1202 5864 ει
1233 5807 1490 5864 editionis
1515 5805 1836 5879 ilaganoen-

1931 4627 2150 4699 quidem
2179 4643 2326 4683 nunc
2369 4627 2554 4682 omnia
2580 4627 2649 4683 iis
2671 4670 2684 4694 ,
2717 4643 2746 4681 a
2777 4628 2979 4697 quibus
3010 4627 3248 4698 exigitur
3270 4667 3286 4690 ,
3315 4625 3522 4696 quique

1932 4731 2300 4784 accusantur,
2353 4719 2688 4775 redundant.
2752 4717 2871 4772 Non
2933 4727 3116 4773 tamen
3186 4717 3514 4771 tributorum

1932 4813 2239 4868 debitiones
2275 4821 2425 4876 sunt,
2455 4811 2553 4867 sed
2584 4811 2965 4881 epistolarum.
3000 4809 3351 4879 Quanquam,
3379 4824 3516 4878 quo-

1932 4905 2096 4958 modo
2126 4902 2343 4958 debitor
2385 4903 2492 4968 sit,
2535 4902 2747 4973 ignoro.
2788 4899 3017 4969 Semper
3046 4899 3191 4954 enim
3228 4898 3514 4968 epistolam

1933 4997 2105 5060 dedit,
2132 5003 2296 5067 atque
2320 4996 2462 5050 hanc
2491 4995 2705 5050 detulit.
2733 4992 2849 5048 Nisi
2883 4993 3020 5046 forte
3045 4998 3098 5046 et
3125 4990 3267 5061 apud
3295 5001 3346 5046 te
3369 4991 3514 5046 cele-

1935 5172 2014 5228 sis
2045 5172 2346 5239 scriptura,
2375 5182 2538 5237 quam
2571 5183 2626 5220 in
2661 5173 2978 5239 contextum
3001 5161 3352 5239 induxim-us.

2007 5241 2118 5312 (70)
2148 5231 2807 5312 Karaxoﬁsi‘gigijnﬂslq.
2855 5235 2959 5288 Pro
2973 5235 3087 5312 _liis
3128 5233 3356 5312 vocibus
3385 5231 3517 5312 legi-

1933 5301 2025 5365 tur
2052 5301 2360 5382 κατακορίᾳ
2379 5301 2444 5362 ἶιι
2475 5301 2653 5361 Coisl.
2683 5301 2936 5375 utroque,
2973 5303 3096 5356 Vat.
3123 5310 3177 5357 et
3213 5301 3381 5372 Regio
3403 5303 3516 5372 pri-

1935 5398 2047 5436 mo.

2030 5452 2117 5521 7i)
2155 5453 2252 5516 Ὃς
2287 5451 2437 5517 πρὸς
2453 5444 3032 5521 ltér;(}_oisl._prim_us
3066 5441 3361 5521 δσονηπρὸς
3393 5441 3513 5521 μέν.

2030 5454 2117 5521 7i)
2155 5454 2252 5516 Ὃς
2287 5454 2437 5517 πρὸς
2457 5454 2590 5516 μέν.
2619 5454 2790 5499 (Ιοὶεῑ.
2822 5458 3032 5512 primus
3066 5454 3189 5495 οσον
3224 5454 3361 5514 προς
3393 5454 3512 5511 μεν.

2005 5454 2140 5593 ἓτὶλ
2166 5523 2358 5593 τούτῳ
2391 5519 2530 5593 γάρ..
2572 5513 2757 5593 Editio
2803 5513 3130 5593 Parisiensis
3200 5511 3289 5565 Ἐν
3335 5511 3512 5593 τούτῳ

1935 5585 2063 5663 γάρ.
2104 5585 2214 5663 Sed
2249 5585 2572 5663 praip'ositio
2611 5587 2766 5640 deest
2803 5585 2856 5638 in
2888 5585 3129 5654 quinque
3161 5597 3296 5637 mss.
3337 5589 3390 5636 et
3422 5598 3513 5635 ve-

1938 5659 2100 5717 (ustis
2131 5659 2482 5715 editionilitts.

2008 5733 2120 5798 (73l
2167 5731 2363 5782 Κηίγοι
2395 5731 2598 5782 πόθεν.
2632 5726 2721 5798 Sic
2747 5741 2882 5780 mss.
2929 5721 3204 5798 Editi__x_a‘t
3232 5723 3293 5776 τὸ
3326 5721 3510 5776 πόθεν.

2011 5792 2027 5824 δ
2071 5803 2219 5856 Alias
2250 5798 2614 5854 CCCLXXIII.
2647 5797 2858 5866 Scripta
2891 5809 3032 5848 anno
3060 5792 3180 5847 564.
