3886 6220
341 366 451 422 237
1689 372 1746 428 S.
1790 373 1957 429 BASII

2075 375 2288 431 Μ.ὶοδί
3504 369 3613 426 288

345 483 650 540 berrimum
683 486 815 542 illud
842 488 1211 558 quadruplum
1238 493 1442 560 primas
1476 492 1704 546 obtinet.
1746 495 1930 563 Neque

2068 495 2309 567 ετραπλῆ
2342 494 2453 565 (74)
2504 493 2919 564 προτετίμηται.
2946 490 3080 545 Οὐδὲ
3117 490 3227 561 γὰρ
3263 488 3315 542 οἱ
3358 488 3619 556 Πυθαγόο

345 576 491 631 enim
518 578 657 631 tanti
680 579 1020 636 mstimavere
1035 580 1328 653 Tetractyn
1345 581 1709 655 Pythagorici,
1737 583 1932 654 quanti

2072 603 2141 640 ιοι
2161 586 2274 657 (75)
2306 584 2557 640 τοσοῦτον
2586 586 2959 658 προετίμησαν
2989 582 3086 653 τὴν
3125 581 3460 654 τετρακτὺν,
3496 580 3619 633 ὅσον

347 683 497 723 nunc
525 670 894 740 quadruplum
929 672 1021 743 qui
1051 675 1315 744 pecunias
1357 675 1608 745 publicas
1646 675 1928 747 colligunt.

346 756 416 813 Et
457 759 601 817 forte
627 763 970 819 contrarium
1007 765 1120 820 fieri
1153 781 1251 837 par
1280 773 1436 831 erat,
1472 775 1531 821 ut
1556 767 1649 838 qui
1683 768 1934 838 sophista

348 865 447 917 es,
490 866 555 907 ac
588 862 740 907 tanta
772 853 986 909 dicendi
1019 857 1177 926 copia
1210 856 1387 912 afﬂuis
1410 899 1425 923 ,
1473 857 1607 913 mihi
1654 858 1771 929 ipse
1799 872 1936 929 qua-

351 941 550 1014 druplo
577 945 837 1002 solvendo
858 945 1159 1003 obstrictus
1188 964 1363 1004 esses.
1392 947 1503 1004 Nec
1535 964 1621 1004 me
1654 949 1936 1004 existimes

352 1038 470 1094 haec
521 1050 939 1096 succensentem
993 1042 1257 1097 scribere.
1320 1042 1577 1099 Oblector
1621 1042 1768 1098 enim
1823 1040 1935 1096 tuis

351 1131 520 1187 etiam
552 1132 1112 1203 reprehensionibus;
1142 1133 1413 1205 siquidem
1445 1148 1475 1188 a
1509 1132 1755 1204 pulchris
1783 1133 1938 1187 aiunt

353 1224 542 1279 omnia
570 1239 695 1279 cum
728 1226 1158 1296 pulchritudinis
1182 1226 1503 1281 accessione
1529 1225 1685 1292 lteri;
1713 1224 1850 1281 adeo
1878 1230 1938 1279 ut

352 1322 410 1372 et
455 1314 641 1371 dolere
688 1326 743 1371 et
790 1318 957 1375 irasci
1012 1333 1124 1373 non
1172 1333 1269 1373 eos
1315 1316 1595 1373 dedeceat.
1653 1317 1938 1374 Libentius

355 1422 491 1465 sane
525 1410 720 1465 viderit
747 1412 874 1481 quis
901 1411 1138 1466 amicum
1166 1412 1496 1467 irascentem
1517 1450 1533 1477 ,
1562 1426 1726 1483 quam
1769 1412 1938 1467 alium

355 1501 649 1557 colentem.
689 1501 978 1573 Nunquam
1019 1504 1184 1574 igitur
1223 1504 1445 1559 desinas
1491 1504 1620 1557 talia
1662 1503 1935 1558 incusare.

361 1591 584 1649 Littera:
602 1595 750 1649 enim
771 1604 933 1650 erunt
961 1595 1093 1666 ipsae
1121 1595 1557 1660 criminationes,
1583 1594 1785 1663 quibus
1808 1593 1940 1646 mihi

358 1683 544 1739 nullus
586 1699 769 1740 sermo
803 1686 1019 1751 carior,
1050 1680 1254 1757 quique
1297 1685 1559 1754 majorem
1608 1684 1747 1739 ferat
1783 1684 1940 1738 volu-

360 1784 586 1846 ptatem.
1198 1790 1203 1795 ‘

872 1890 1209 1948 EPISTOLA
1247 1890 1436 1947 XXll'.

2031 678 2082 731 οἱ
2120 677 2214 731 νῦν
2263 677 2580 747 ἐκλέγοντες
2622 678 2691 730 τὰ
2712 675 2949 748 δημόσια
2981 675 3080 746 τὴν
3105 671 3445 745 τετραπλῆν.
3476 670 3618 724 Καί-

2032 785 2182 839 τοιγε
2212 769 2341 833 ῖσως
2382 770 2444 823 τὸ
2478 768 2720 823 ἐναντίον
2760 768 2907 831 εἰκὸς
2933 763 3022 838 ἦν,
3058 765 3317 837 σοφιστὴν
3340 764 3500 826 δντα,
3528 762 3623 817 καὶ

2034 861 2371 932 εὐποροῦντα
2393 861 2569 930 λόγων
2598 859 2891 924 τοσούτων,
2918 859 3081 914 αὑτὸν
3111 859 3242 928 ἡμῖν
3270 858 3354 918 εἰς
3380 855 3487 929 τὴν
3515 854 3622 908 τῶν

2035 970 2126 1006 τετ
2135 952 2451 1024 ραπλασίων
2470 952 2677 1006 ἔκτισιν
2699 950 3042 1005 ὑποκεῖσθαι.
3065 949 3175 1003 Καὶ
3204 948 3278 1020 μὴ
3303 949 3419 1001 οἵου
3444 945 3626 1000 ταῦτα

2036 1044 2487 1117 δυσχεραίνοντας
2519 1045 2669 1114 ἡμᾶς
2710 1042 2967 1115 γράφειν.
3018 1042 3210 1112 Χαίρω
3241 1040 3352 1111 γάρ
3387 1054 3491 1092 σου
3532 1039 3627 1091 κα)⁸

2037 1138 2158 1201 ταῖς
2192 1134 2467 1206 μέμψεσιν
2488 1149 2505 1165 ⁸
2537 1135 2726 1207 ἐπειδὴ
2755 1137 2869 1198 τοῖς
2900 1133 3084 1196 καλοῖς
3113 1148 3244 1202 φασι
3270 1131 3456 1185 πάντα
3485 1127 3628 1199 μετὰ

2038 1229 2136 1299 τῆς
2167 1227 2262 1282 τοῦ
2296 1227 2462 1280 καλοῦ
2490 1226 2808 1299 προσθήκης
2836 1225 3116 1295 γίνεσθαι·
3148 1224 3291 1277 ὥστε
3319 1222 3418 1275 καὶ
3443 1219 3626 1284 λύπας

2038 1320 2222 1383 αὐτοῖς
2246 1319 2341 1373 καὶ
2364 1318 2534 1390 ὀργὰς
2561 1318 2891 1388 ἐπιπρέπειν
2913 1316 3047 1389 (76).
3071 1315 3261 1369 ’Ἥδιον
3282 1312 3416 1383 γοῦν
3447 1313 3521 1368 ἄν
3546 1326 3630 1376 τις

2043 1412 2142 1465 ῖδοι
2195 1409 2550 1484 ὀργιζόμενον
2613 1409 2704 1463 τὸν
2755 1407 3121 1478 ἀγαπώμενον
3160 1406 3195 1476 ἢ
3242 1394 3631 1476 θεραπεύοντα

2039 1502 2249 1575 ἕτερον.
2314 1501 2541 1573 Μήποτε
2592 1495 2686 1554 οὖν
2740 1501 2877 1570 ἀνῇς
2938 1496 3187 1567 ἐγκαλῶν
3231 1495 3301 1550 τὰ
3367 1492 3625 1549 τοιαῦτα.

2042 1593 2350 1664 Γράμματα
2395 1590 2505 1662 γάρ
2553 1606 2654 1643 που
2690 1588 2845 1643 ἔσται
2901 1589 3042 1643 αὐτὰ
3070 1588 3139 1641 τὰ
3169 1586 3522 1657 ἐγκλήματα,
3554 1576 3630 1639 ὧν

2044 1684 2169 1755 ἐμοὶ
2196 1682 2353 1737 οὐδὲν
2391 1683 2644 1753 ἄκουσμα
2665 1680 3013 1752 τιμιώτερον,
3041 1678 3173 1737 οὐδὲ,
3196 1678 3415 1732 πλείονα
3459 1676 3631 1753 φέρον

2045 1776 2145 1848 τὴν
2166 1776 2383 1845 ἡδονήν.

2580 1889 2929 1944 ΕΠΙΣΤΟΛΗ
2965 1889 3093 1946 KB'.

362 2001 644 2057 ﬂaminica:
664 2000 775 2055 vita
792 2002 951 2069 ofﬁcia
969 2004 1174 2056 breviter
1193 2004 1388 2063 exponit
1410 2004 1622 2057 Basilius
1642 2018 1735 2055 non
2008 2002 2294 2117 (piissime
2319 2000 2619 2064 testimoniis,
2639 2000 2726 2053 sed
2746 2001 2837 2053 hac
2857 1998 3188 2067 pertractandi
3206 1997 3394 2052 ratione
3416 1998 3473 2050 in
3493 1996 3633 2055 aliud

2083 2087 2096 2115 ι
2169 2103 2180 2113 .

2083 2087 2180 2115 tua.

678 2172 757 2227 De
794 2173 1111 2242 perfectione
1148 2175 1267 2230 uiue
1299 2176 1626 2231 monasticis.

437 2289 488 2344 i.
502 2289 673 2344 Multa
686 2304 812 2345 cum
826 2290 957 2358 sint,
971 2290 1644 2363 quaadivinitusinspirata
1658 2290 1945 2362 Scriptura

364 2380 453 2443 iis,
486 2380 583 2451 qui
616 2378 727 2435 Deo
753 2380 975 2436 student
1006 2381 1257 2450 placere,
1290 2382 1633 2437 observanda
1661 2381 1943 2444 declarat;

360 2469 432 2527 de
458 2470 544 2526 his
570 2470 704 2525 solis
731 2470 971 2532 interim,
998 2469 1064 2523 de
1090 2470 1289 2539 quibus
1320 2485 1468 2524 nunc
1496 2469 1637 2540 apud
1669 2486 1766 2521 vos
1792 2483 1945 2521 com-

366 2568 510 2617 mota
540 2561 770 2631 quaestio
796 2568 904 2624 est,
934 2569 992 2613 ut
1013 2560 1176 2615 didici
1198 2577 1266 2615 ex
1301 2561 1420 2630 ipsa
1450 2575 1608 2615 sacra
1636 2559 1945 2628 Scriptura,

366 2653 587 2709 brevem
632 2652 1058 2707 admonitionem
1100 2651 1213 2721 99
1259 2651 1532 2722 subjicere
1577 2652 1947 2706 necessarium

365 2759 490 2800 esse
516 2744 684 2808 duxi;
716 2743 792 2797 ita
836 2751 895 2797 ut
927 2742 995 2797 de
1023 2757 1239 2812 quaque
1271 2758 1332 2798 re
1362 2743 1763 2806 testimonium,
1804 2743 1950 2798 haud

366 2847 502 2888 sane
543 2833 611 2887 ad
662 2832 1078 2902 percipiendum
1122 2832 1373 2897 diﬂicile,
1424 2834 1831 2905 agnoscendum
1883 2834 1950 2890 iis

370 2923 696 2992 relinquam,
726 2922 820 2993 qui
854 2923 911 2977 in
945 2923 1177 2993 legendo
1200 2931 1531 2979 exercentur
1558 2934 1615 2980 et
1646 2925 1787 2980 alios
1815 2926 1951 2981 sub-

369 3028 593 3068 monere
650 3021 928 3084 poterunt.
976 3014 1207 3084 Oportet
1261 3015 1638 3071 Christianum
1701 3030 1765 3072 ea
1830 3033 1954 3088 quae

371 3106 658 3161 vocatione
690 3105 900 3159 cmlcsti
947 3105 1111 3177 digna
1144 3114 1304 3169 sunt,
1354 3108 1592 3174 sentire,
1622 3123 1688 3163 ac
1733 3109 1957 3181 dignam

372 3195 670 3268 Evangelio
693 3196 903 3253 Christi
929 3199 1096 3252 vitam
1124 3198 1343 3269 degere.
1376 3197 1495 3253 Non
1536 3206 1752 3270 oportet
1793 3200 1956 3254 Chri-

372 3289 614 3344 stianum
644 3289 830 3343 animo
854 3289 1095 3359 evagari,
1125 3305 1299 3361 neque
1317 3290 1427 3343 ulla
1450 3305 1554 3345 rea
1577 3292 1956 3346 recordatione

375 3378 517 3446 Dei,
568 3380 799 3451 ejusque
855 3382 1184 3450 placitorum
1243 3389 1298 3438 et
1342 3382 1678 3452 iudiciorum
1735 3383 1952 3440 abduci.

376 3474 604 3542 Oportet
637 3471 1040 3537 Christianum,
1074 3473 1498 3543 justiﬁcationes
1526 3475 1663 3547 legis
1692 3475 1746 3530 in
1775 3476 1955 3530 omni-

2238 2174 2378 2243 Περὶ
2411 2174 2787 2242 τελειότητος
2819 2172 2933 2243 (77)
2957 2172 3104 2238 βίου
3131 2169 3438 2242 μοναχῶς.

2121 2288 2173 2341 1.
2210 2285 2427 2340 Πολλῶν
2455 2285 2621 2339 δντων
2641 2284 2748 2339 τῶν
2774 2285 2879 2339 ὑπὸ
2901 2284 3000 2357 τῆς
3031 2282 3390 2338 θεοπνεύστου
3407 2281 3639 2354 Γραφῆς

2050 2378 2398 2451 δηλουμένων
2424 2378 2559 2450 (78),
2602 2378 2713 2432 τῶν
2747 2375 3143 2450 κατορθοῦσθαι
3168 2374 3496 2444 ὀφειλόντων
3525 2376 3637 2437 τοῖς

2052 2470 2444 2525 ἐσπουδακόσιν
2480 2470 2844 2541 εὐαρεστῆσαι
2868 2467 2946 2540 τῷ
2977 2466 3115 2538 Θεῷ,
3138 2466 3269 2538 περ).
3295 2465 3475 2537 μόνων
3498 2465 3638 2528 τέως

2052 2563 2161 2616 τῶν
2207 2563 2300 2615 ἐπὶ
2339 2562 2434 2616 τοῦ
2490 2561 2759 2633 παρόντος
2805 2558 3136 2631 κινηθέντων
3190 2559 3321 2629 παρ’
3356 2558 3485 2629 ὑμῖν
3509 2597 3526 2620 ,
3563 2556 3638 2619 ὡς

2055 2655 2257 2726 ἔμαθον
2291 2653 2350 2721 ἐξ
2397 2654 2571 2723 αὐτῆς
2603 2654 2703 2724 τῆς
2751 2652 3110 2707 θεοπνεύστου
3144 2652 3390 2723 Γραφῆς,
3422 2653 3479 2703 ὲν
3510 2667 3637 2703 συν-

2055 2748 2205 2818 τόμῳ
2234 2747 2536 2818 ὑπομνήσει
2558 2747 2733 2799 εἰπεῖν
2759 2744 3072 2813 ἀναγκαίως
3102 2740 3517 2816 προεθυμήθην,
3542 2741 3641 2811 τήν

2057 2839 2185 2912 περὶ
2214 2839 2446 2893 ἑκάστου
2485 2836 2794 2910 μαρτυρίαν
2823 2835 3088 2908 εὔληπτον
3110 2831 3273 2888 οὖσαν
3303 2832 3640 2902 καταλείψας

2057 2930 2443 3001 ἐπιγινώσκειν
2489 2933 2601 2994 τοῖς
2634 2930 2764 3002 περ).
2809 2929 2911 2999 τὴν
2952 2928 3261 2996 ἀνάγνωσιν
3295 2925 3641 2995 άπασχολουτ

2062 3022 2281 3092 μένοις,
2323 3022 2521 3086 οἵτινες
2563 3020 2739 3072 ἱκανοὶ¹
2773 3016 2990 3070 ἔσονται
3037 3017 3132 3068 καὶ
3179 3015 3400 3085 ἑτέρους
3437 3014 3641 3085 ὑπομι-

2062 3114 2342 3185 μνήσκειν.
2365 3114 2487 3167 Ὀτι
2514 3114 2596 3166 δεῖ
2635 3110 2726 3163 τὸν
2757 3109 3084 3181 Χριστιανὸν
3111 3106 3236 3173 ἄξια
3274 3106 3378 3177 τῆς
3408 3108 3645 3177 ἐπουρα-

2060 3205 2174 3258 νίου
2204 3204 2449 3273 κλήσεως
2475 3206 2712 3276 φρονεῖν,
2746 3202 2840 3256 καὶ
2868 3200 3033 3267 ἀξίως
3062 3200 3153 3253 τοῦ
3181 3198 3515 3267 Εὐαγγελίου
3548 3196 3644 3250 τοῦ

2061 3293 2299 3364 Χριστοῦ
2335 3292 2731 3347 πολιτεύεσθαι.
2773 3292 2895 3345 ’Ὁτι
2944 3291 3006 3343 οὐ
3058 3288 3140 3341 δεῖ
3188 3287 3278 3341 τὸν
3314 3286 3647 3358 Χριπιανὺν

2066 3386 2515 3461 μετεωρίζεσθαι,
2548 3385 2669 3438 οὐδὲ
2696 3382 3028 3451 ἀφέλκεσθαι
3063 3382 3170 3434 ὑπό
3210 3398 3354 3445 τινος
3398 3381 3506 3433 ἀπὸ
3547 3380 3647 3450 τῆς

2068 3481 2286 3550 μνήμης
2324 3477 2417 3531 τοῦ
2464 3476 2624 3541 Θεοῦ,
2675 3477 2770 3530 καὶ
2811 3474 2922 3528 τῶν
2961 3472 3126 3527 αὐτοῦ
3179 3471 3501 3544 θελημάτων
3551 3470 3649 3525 καὶ

377 3565 483 3620 bus
510 3565 985 3621 transcendentem
1008 3606 1023 3630 ,
1056 3582 1234 3636 neque
1258 3568 1448 3636 jurare
1468 3607 1482 3633 ,
1508 3583 1687 3637 neque
1715 3567 1951 3622 mentiri.

2068 3570 2369 3642 χριμάτων.
2399 3571 2522 3623 ’Ὁτι
2565 3570 2646 3624 δεῖ
2698 3569 2787 3622 τὸν
2819 3567 3165 3639 Χριστιανὸν,
3194 3566 3482 3638 κρείττονα
3527 3564 3643 3617 τῶν

377 3655 498 3710 Νοη
525 3664 740 3726 oportet
766 3656 1148 3727 blasphemare
1171 3700 1185 3724 ,
1216 3674 1324 3711 non
1353 3659 1690 3712 contumelia
1719 3656 1958 3712 allicere:

381 3761 490 3802 non
521 3761 791 3819 pugnare,
824 3764 932 3802 non
963 3750 1319 3820 semetipsum
1357 3750 1547 3805 ulcisci
1575 3791 1589 3816 ,
1624 3766 1729 3804 non
1760 3749 1962 3804 malum

385 3853 484 3909 pro
533 3840 677 3894 malo
717 3840 977 3907 reddere,
1019 3855 1131 3895 non
1163 3842 1349 3897 irasci.
1384 3841 1613 3912 Oportet
1639 3857 1966 3912 quacunque

386 3932 575 3987 ltesum
626 3932 829 4001 injuria
877 3933 1172 4003 patientem
1218 3949 1383 3997 esse,
1437 3943 1602 4004 atque
1648 3936 1967 4003 tempestive

385 4039 509 4079 eum
554 4024 649 4095 qui
684 4024 825 4081 lmsit
870 4025 1239 4096 redarguere,
1281 4041 1392 4081 non
1436 4026 1674 4097 propria:
1713 4027 1969 4082 vindictae

387 4114 595 4178 studio,
624 4117 721 4172 sed
746 4116 1108 4173 correctionis
1135 4116 1392 4175 fraternae
1413 4117 1718 4174 secundum
1752 4118 1971 4173 manda-

459 4248 671 4322 ‘__Alias
696 4250 966 4322 CCCCXI.
1000 4249 1215 4322 Scripta
1253 4249 1470 4322 videtur
1500 4266 1646 4322 anno
1668 4249 1793 4322 564.

460 4318 573 4391 (74)
602 4321 945 4391 (Τετραπλῆ.
1014 4318 1340 4391 Suspicatur
1386 4319 1755 4376 Gothofredus
1805 4327 1972 4374 tetra-

392 4389 536 4460 plain
565 4390 680 4443 sive
713 4389 1101 4460 quadruplum,
1130 4390 1197 4444 de
1237 4407 1346 4460 quo
1375 4391 1608 4447 Basilius
1638 4392 1691 4445 in
1724 4391 1825 4444 hac
1852 4392 1972 4459 cpi-

392 4408 536 4460 piam
565 4408 680 4443 sive
713 4408 1101 4460 quadruplum,
1130 4408 1197 4444 ue
1278 4408 1346 4445 uo
1375 4408 1608 4447 uasmus
1638 4408 1691 4445 in
1724 4408 1825 4444 nae
1852 4408 1972 4459 cpi-

391 4460 556 4523 stola,
604 4476 725 4516 esse
765 4462 1084 4530 pensionem
1130 4408 1684 4529 quaﬂt'imettstruam,
1716 4462 1798 4515 vel
1839 4477 1972 4530 quag-

393 4531 570 4598 ἀνηρίί
602 4529 809 4598 pinnam
864 4531 925 4583 ob
967 4547 1069 4584 non
1113 4531 1291 4584 soluta
1324 4531 1543 4593 tributa,
1594 4533 1668 4584 rei
1701 4533 1874 4595 potius
1908 4529 1971 4583 ob

392 4602 896 4669 superexactionem.
932 4598 1038 4654 Sed
1069 4602 1239 4670 liquet
1286 4601 1377 4654 hic
1406 4602 1618 4657 litteras
1648 4618 1754 4655 non
1788 4600 1972 4655 reddia

394 4678 481 4725 tas
529 4686 653 4725 cum
699 4672 921 4727 tributis
984 4686 1093 4724 non
1142 4672 1339 4726 solutis
1392 4674 1734 4739 comparari;
1785 4672 1974 4740 sicque

394 4741 656 4798 Basiliqu
703 4757 827 4795 cum
859 4741 1089 4794 Leontio
1112 4741 1305 4811 jocari,
1343 4743 1499 4809 quasi
1529 4742 1574 4794 is
1608 4741 1973 4811 quadruplum

395 4813 699 4883 litterarum
750 4820 1090 4883 reposceret,
1136 4819 1193 4865 ut
1248 4812 1617 4883 quadruplum
1664 4811 1972 4883 debitorum

396 4968 503 5008 nus
533 4949 900 5016 Marcellinus,
931 4967 1039 5021 quo
1078 4959 1234 5014 teste,
1269 4951 1556 5006 Petronius
1586 4967 1742 5006 socer
1776 4949 1973 5005 Valen-

393 5024 505 5079 tis:
536 5023 617 5076 Ad
637 5025 913 5078 nudandos
947 5024 1059 5077 sine
1090 5023 1402 5075 discretione
1431 5031 1641 5075 cunctos
1674 5023 1973 5076 immaniter

396 5095 655 5165 ﬂagrans,
692 5106 931 5165 nocentes
962 5095 1251 5165 pariteriet
1291 5094 1522 5146 insontes
1554 5103 1668 5165 post
1709 5093 1973 5165 exquisita

402 5162 664 5219 tormenta
710 5164 995 5235 quadrupli
1046 5164 1263 5216 nexibus
1307 5164 1587 5235 vinciebat,
1635 5162 1813 5215 debita
1850 5163 1968 5230 jam

399 5235 520 5289 inde
559 5252 591 5288 ο
618 5234 933 5303 temporibus
956 5235 1207 5304 principis
1243 5234 1519 5287 Aureliani
1551 5243 1889 5304 perscrutans
1922 5242 1973 5287 et

400 5304 665 5373 impendio
700 5302 1033 5367 atterens-{si
1079 5319 1389 5374 quemquam
1425 5304 1731 5357 absolvisset
1776 5302 1973 5356 indem-

402 5392 555 5442 nem;
597 5376 689 5430 lib.
732 5391 880 5438 xxvr,
916 5391 1039 5445 cap.
1077 5373 1131 5428 6.
1171 5373 1266 5428 Est
1294 5390 1424 5445 ergo
1465 5374 1826 5443 quadruplum
1871 5375 1973 5445 hoc

404 5448 527 5501 loco
558 5461 666 5499 non
689 5446 1166 5514 quadrimenstrua
1199 5444 1407 5514 pensio,
1438 5461 1545 5499 non
1576 5444 1972 5513 superexactio,

406 5516 501 5571 sed
550 5515 881 5580 debitorum,
923 5531 1045 5585 qua:
1079 5517 1255 5570 soluta
1304 5531 1411 5569 non
1467 5515 1703 5578 fuerant,
1740 5514 1978 5568 crudelis

408 5587 713 5668 inquisitio,
744 5594 798 5668 et
825 5586 1113 5656 quadrupli
1165 5600 1325 5657 pinna
1372 5587 1479 5650 his,
1509 5585 1603 5655 qui
1646 5599 1754 5637 non
1796 5586 1976 5638 solve-

407 5666 554 5718 rant,
586 5665 859 5723 imposita.

482 5727 596 5798 (75)
637 5728 1007 5797 Πυθαγόριοι.
1050 5723 1125 5779 Ita
1159 5723 1520 5798 llarl.,Qoisl.
1554 5724 1762 5795 primus
1796 5723 1979 5798 etalii

407 5795 657 5856 nonnulli
690 5795 820 5852 cum
846 5798 1124 5853 Clemente
1148 5797 1323 5861 Alex”
1361 5795 1554 5850 Strom.
1607 5812 1655 5860 ι,
1701 5812 1755 5867 p.
1795 5795 1900 5848 505
1927 5804 1982 5848 ct

2066 3666 2207 3719 κατὰ
2254 3666 2345 3719 τὸν
2391 3666 2555 3736 νόμον
2610 3664 2995 3734 δικαιωμάτων
3042 3662 3331 3733 γενόμενον
3378 3663 3436 3721 ὲν
3476 3662 3647 3724 πᾶσι,

2070 3759 2207 3828 μήτε
2240 3756 2484 3827 ὀμνύειν,
2525 3758 2663 3827 μήτε
2689 3754 2998 3826 ψεύδεσθαι.
3032 3755 3153 3809 Ὅτι
3192 3754 3253 3807 οὐ
3286 3753 3367 3807 δεῖ
3397 3753 3648 3825 βλασφη-

2071 3851 2224 3919 μεῖν’
2261 3848 2342 3900 ὅτι
2372 3848 2433 3899 οὐ
2464 3847 2547 3901 δεῖ
2584 3846 2849 3917 ὑϐρίζειν,
2885 3846 2967 3899 ὃτι
3006 3845 3068 3898 οὺ
3111 3844 3192 3897 δεῖ
3240 3842 3535 3915 μάχεσθαι·
3566 3843 3667 3895 ὅτι·

2067 3940 2127 3992 οὺ
2157 3938 2237 3992 δεῖ
2269 3938 2461 3992 ἑαυτὸν
2503 3938 2770 3991 ἐκδικεῖν·
2798 3938 2880 3990 ὃτι
2924 3936 2984 3989 οὐ
3007 3935 3088 3988 δεῖ
3129 3935 3298 3989 κακὸν
3330 3934 3452 3987 ἀντὶ
3477 3932 3653 3988 κακοῦ

2067 4030 2411 4083 άποδιδόναιυ
2447 4030 2530 4083 ὅτι
2571 4030 2633 4081 οὐ
2668 4028 2750 4082 δεῖ
2779 4025 3118 4100 ὀργίζεσθαι.
3154 4027 3279 4077 Ὅτι
3320 4024 3403 4077 δεῖ
3439 4039 3653 4095 μακρο-

2069 4120 2284 4193 θυμεῖν,
2318 4122 2426 4175 πᾶν
2465 4120 2576 4192 (79)
2612 4119 2790 4173 ὁτιοῦν
2823 4120 3121 4190 πάσχοντα,
3159 4118 3253 4171 καὶ
3284 4115 3532 4187 ἐλέγχειν
3562 4117 3675 4169 εὑ.Δ

2070 4259 2195 4314 504.
2251 4257 2421 4313 Coisl.
2477 4258 2759 4331 secundus
2796 4256 3193 4331 nubaydpsot,_
3221 4254 3380 4331 quod
3410 4253 3653 4331 positum

2071 4346 2259 4386 errore
2290 4330 2497 4384 librarii
2527 4343 2626 4399 pro
2654 4322 3041 4399 [luoayépaiotl
3090 4322 3252 4399 Editi
3273 4322 3655 4399 Πυθαγόρειοι.

2145 4400 2253 4469 (76)
2306 4394 2713 4469 ’νιοίπιπρέπεικ
2772 4394 3169 4469 Mul'to.aptior
3214 4397 3328 4469 inec
3380 4394 3658 4469 scriptura

2072 4462 2283 4524 codicis
2314 4462 2654 4540 Regii'pritni
2694 4476 2748 4523 et
2782 4468 2957 4538 Bigot.
2996 4462 3161 4537 quam
3195 4466 3412 4536 vulgata
3440 4462 3660 4533 ὲπιτρέ⁴

2076 4558 2220 4594 πειν.

2147 4609 2258 4677 (77)
2297 4609 2437 4677 Περὶ
2468 4610 2861 4674 τελειότητος.
2895 4606 3085 4661 Exstat
3116 4606 3204 4659 hic
3228 4604 3423 4677 titulus
3448 4601 3505 4677 in
3545 4616 3659 4677 uno

2075 4673 2162 4734 δι’
2190 4673 2388 4749 Regiis
2408 4682 2695 4734 codicibus
2725 4673 2876 4749 etin
2920 4678 3089 4749 Qoisl.
3122 4673 3481 4749 primoun'tsi
3507 4673 3658 4749 quod

2077 4752 2132 4803 in
2182 4743 2353 4804 Coi's‘l.
2406 4751 2604 4821 legitur
2660 4747 2969 4821 μοναδικοῆ
3002 4743 3175 4821 Aliter
3228 4748 3283 4821 in
3316 4743 3671 4821 coislinianu

2080 4821 2323 4876 sccundo
2357 4830 2410 4874 et
2445 4813 2619 4875 tribus
2659 4813 2689 4871 ἐι
2730 4816 3061 4872 Combelisio
3106 4816 3324 4869 citatis:
3357 4813 3661 4884 averti-ypa:

393 4890 527 4938 tunc
533 4882 757 5006 Ipassim
791 4879 1197 4954 reposcebatur.
1246 4881 1445 4935 Lucem
1474 4879 1683 4936 'aﬂ‘eret
1726 4880 1957 4936 Ammia-

396 4968 503 5006 nus
589 4954 900 5006 arccllinus.
931 4967 1039 5006 ouo
1078 4959 1234 5006 teste.
1269 4951 1556 5006 Petronius
1586 4967 1742 5006 socer
1776 4949 1957 5005 Valen-

2078 4908 2196 4961 φος.
2243 4890 2437 4944 Κανὼν
2482 4888 2714 4961 ἀκριϐὴς
2755 4887 2857 4957 τῆς
2900 4886 3042 4940 κατὰ
3082 4885 3143 4939 τὸ
3189 4879 3661 4952 Εὐαγγέλιοντοῦ

2080 4961 2317 5006 Χηιστοῦ
2344 4962 2646 5006 timentur}:
2669 4957 2963 5006 πολιτείας.
3002 4957 3130 5006 Sine
3159 4955 3517 5006 inscriptione.
3552 4954 3661 5006 Αι-

2080 4954 2317 5032 Χριστοῦ
2344 4954 2646 5030 ἀσκητικῆς
2665 4954 2963 5032 πολιτείας,
3002 4957 3138 5032 Sine
3159 4955 3517 5032 inscriptione.
3535 4954 3663 5032 :40-

2077 5024 2265 5085 curata
2291 5024 2486 5102 regula"
2509 5024 2728 5084 ascetici
2756 5026 3043 5081 secundum
3074 5024 3274 5081 Christi
3311 5024 3661 5094 Evangeliunt

2075 5104 2327 5157 instituti.

2148 5174 2257 5243 (78)
2300 5169 2713 5243 Anxovuérwr.
2757 5167 2889 5222 Post
2933 5168 3073 5243 hanc
3115 5181 3320 5243 vocem
3347 5163 3535 5243 delevi
3567 5163 3665 5243 καί

2079 5236 2404 5297 auctoritate
2462 5236 2587 5295 cod.
2656 5238 2790 5309 Reg.
2852 5239 3133 5309 et_liigot.
3192 5236 3384 5309 l’aulo_
3420 5241 3550 5309 post
3608 5236 3665 5286 in

2076 5314 2245 5368 Coisl.
2294 5313 2534 5368 secundo
2561 5304 2764 5379 etruné
2796 5324 2860 5379 ex
2898 5304 3084 5379 Regiis
3117 5310 3175 5379 ὲν
3227 5305 3480 5379 συντόμῳ
3527 5304 3659 5379 om.

2083 5385 2283 5453 μνῆσαι
2330 5378 2741 5453 προεθυμήθην.
2802 5377 2859 5431 In
2911 5376 3090 5453 primo
3148 5378 3315 5432 Coisl.
3378 5376 3540 5453 deest.
3587 5376 3666 5426 εἰ-

2083 5445 2225 5519 πεῖν,
2277 5445 2422 5507 unde
2464 5445 2689 5519 coujici'
2727 5445 2927 5519 posset
2980 5452 3122 5504 hanc
3171 5462 3360 5519 vorem
3420 5445 3664 5519 additam

2082 5516 2273 5585 fuisse,
2306 5516 2592 5593 postquam
2632 5516 2839 5574 librarii
2890 5527 3186 5588 posuerant
3230 5516 3531 5585 ὑπομνήσει
3564 5529 3668 5584 pro

2084 5610 2414 5647 υπομνῐσαι.

2506 5660 2621 5713 Duo
2652 5676 2765 5713 mss
2789 5731 2792 5732 ν
2818 5659 3073 5732 πάντοτε.
3106 5654 3274 5707 Paulo
3308 5658 3426 5722 post
3465 5645 3667 5702 ἑαυτοῦ

2090 5736 2142 5789 in
2168 5727 2387 5791 duu‘nus
2420 5730 2623 5802 Regiis.
2659 5731 2798 5784 Ιίάίιί
2838 5727 3023 5783 αὐτοῦ.
