3886 6220
177 315 273 371 289

1120 310 1607 370 EPISTOLARUM
1645 309 1935 370 CLAS’SlS
1968 313 2011 369 Ι.
2052 313 2272 373 EPIST.
2315 317 2481 376 XXII.

3330 318 3438 377 290

177 432 371 503 καίρως
403 428 499 488 τὸν
523 432 837 498 ἀδικοῦντα,
872 432 932 486 οὐ
977 431 1082 504 μὴν
1117 434 1176 486 ἐν
1213 431 1378 485 πάθει
1426 430 1530 501 τῆς
1560 428 1753 485 ἐαυτοῦ

1858 438 1973 487 tum
1997 429 2234 487 Domini.
2258 431 2377 487 Non
2407 439 2622 502 oportet
2647 431 2700 486 in
2724 431 3006 488 absentem
3036 431 3261 488 fratrem
3282 433 3439 503 quid-

175 523 520 594 ἐκδικήσεως,
555 524 671 578 ἀλλ’
701 525 762 577 ἐν
794 524 1059 594 ἐπιθυμία
1090 521 1192 592 τῆς
1222 522 1317 574 τοῦ
1348 520 1576 591 ἀδελφοῦ
1604 521 1749 594 διορ-

176 614 406 679 θώσεως,
434 617 588 669 κατὰ
621 616 718 687 τὴν
757 614 976 685 ἐντολὴν
1004 614 1099 668 τοῦ
1142 615 1372 686 Κυρίου.
1401 615 1523 668 Ὅτι
1568 615 1627 667 οὐ
1672 614 1752 666 δεῖ

179 706 308 760 κατὰ
347 706 590 770 ἀπόντος
633 705 860 774 ἀδελφοῦ
894 706 1074 775 λέγειν
1114 724 1166 760 τι
1200 706 1387 776 σκοπῷ
1408 703 1503 759 τοῦ
1533 703 1752 759 διαϐάλ-

176 796 279 851 λειν
310 790 495 864 αὑτὸν,
543 798 685 868 ὅπερ
731 797 848 849 ἐστὶ
880 797 1207 863 καταλαλιά,
1252 795 1356 849 κᾶν
1387 795 1560 867 ἀληθῆ
1681 794 1752 848 τὰ

179 888 452 958 λεγόμενα.
482 889 615 942 Ὅτι
642 888 724 941 δεῖ
763 888 856 943 τὸν
882 888 1288 942 καταλαλοῦντα
1332 887 1566 957 ἀδελφοῦ
1617 889 1750 941 άποο

181 979 516 1050 στρέφεσθαι.
551 981 678 1035 Ὀτι
711 981 773 1034 οὐ
802 981 882 1034 δεῖ
908 980 1218 1052 εὐτράπελα
1244 979 1598 1049 φθέγγεσθαι.
1627 980 1750 1032 Ὅτι

180 1072 238 1124 οὐ
263 1073 343 1124 δεῖ
364 1071 557 1143 γελᾷν,
592 1070 716 1124 οὐδὲ
748 1070 1075 1140 γελοιαστῶν
1106 1068 1415 1139 ἀνέχεσθαι.
1441 1071 1565 1122 Ὅτι
1595 1068 1656 1123 οὺ
1672 1068 1753 1121 δεῖ

179 1162 502 1234 ἁργολογεῖν,
538 1162 809 1217 λαλοῦντᾶ
835 1180 912 1226 τι,
939 1162 968 1215 ὃ
996 1163 1133 1235 μήτε
1178 1161 1314 1232 πρὸς
1344 1160 1615 1231 ὠφέλειαν
1639 1159 1751 1215 τῶν

181 1255 471 1309 ἀκουόντων
536 1255 660 1308 ἐστὶ
684 1295 699 1320 ,
759 1260 896 1325 μήτε
948 1254 1087 1325 πρὸς
1141 1254 1241 1325 τὴν
1295 1253 1599 1321 ἀναγκαίαν
1654 1254 1751 1305 καὶ

181 1346 672 1418 συγκεχωρημένην
720 1349 852 1417 ἡμῖν
894 1346 999 1398 ὑπὸ
1031 1343 1143 1415 (80)
1194 1344 1288 1397 τοῦ
1333 1343 1471 1397 Θεοῦ
1521 1343 1747 1415 χρείαν·

183 1433 308 1489 ὥστε
345 1436 440 1488 καὶ
483 1436 619 1499 τοὺς
649 1433 1054 1507 ἐργαζομένους
1095 1433 1438 1497 σπουδάζειν,
1476 1433 1599 1486 καθ’
1628 1433 1750 1486 ὅσον

180 1530 403 1595 δυνατὸν,
443 1531 588 1603 μετὰ
628 1531 863 1602 ἡσυχίας
914 1529 1280 1601 ἐργάζεσθαι·
1328 1530 1426 1583 καὶ
1464 1529 1662 1591 αὐτοὺς
1691 1525 1749 1580 δὲ

184 1625 297 1687 τοὺς
344 1623 585 1694 ἀγαθοὺς
634 1624 828 1692 λόγους
883 1624 1020 1696 πρὸς
1068 1622 1311 1685 ἐκείνους
1363 1624 1570 1684 κινεῖν,
1622 1618 1749 1681 τοὺς

188 1716 635 1787 πεπιστευμένους
672 1717 811 1786 μετὰ
837 1714 1160 1786 δοκιμασίας
1186 1715 1492 1783 οἰκονομεῖν
1536 1712 1627 1765 τὸν
1655 1710 1749 1763 λό-

1858 536 2022 592 quam
2055 522 2269 587 dicere,
2305 523 2453 577 illius
2482 523 2805 577 traducendi
2834 524 3067 579 consilio
3089 563 3104 585 ,
3133 523 3278 594 quod
3311 527 3437 594 qui-

1856 613 1977 668 dem
2004 613 2331 669 obtrectatio
2355 624 2459 678 est,
2484 616 2697 668 etiamsi
2720 629 2848 669 vera
2878 616 2991 669 sint
3013 630 3133 685 quae
3152 615 3432 670 dicuntur.

1856 703 2111 760 Aversari
2157 704 2225 760 de
2275 706 2443 760 fratre
2482 705 2860 761 detrahentem
2902 714 3137 776 oportet.
3171 705 3436 762 Seurrilia

1854 811 1967 851 non
2000 796 2343 866 proferenda.
2379 795 2499 851 Non
2533 796 2843 858 ridendum,
2872 813 2975 853 nec
3005 797 3313 867 perferendi
3346 797 3436 854 di-

1855 901 2037 942 caces.
2071 885 2190 942 Non
2224 888 2552 958 loquendum
2583 888 2790 950 otiose,
2830 888 3039 958 aliquid
3071 887 3433 959 proferendo,

1855 978 2002 1048 quod
2030 996 2130 1034 nec
2168 981 2235 1034 ad
2291 980 2585 1035 utilitatem
2629 980 2963 1036 audientium
3000 982 3290 1050 pertineat,
3333 994 3436 1035 nec

1856 1068 1925 1123 ad
1957 1070 2328 1125 necessarium
2377 1081 2430 1126 et
2469 1086 2790 1125 concessum
2831 1071 2991 1126 nobis
3018 1086 3051 1124 a
3097 1071 3208 1126 Deo
3235 1086 3432 1127 usum:

1856 1161 1993 1216 adeo
2025 1169 2085 1216 ut
2122 1169 2177 1216 et
2211 1162 2523 1218 laborantes
2557 1164 2849 1226 studeant,
2882 1172 3149 1233 quantum
3182 1165 3297 1219 fieri
3330 1177 3433 1234 po-

1856 1261 1981 1317 test,
2010 1254 2229 1310 silentio
2257 1256 2536 1323 laborare;
2567 1255 2741 1311 bonos
2777 1263 2955 1311 autem
2982 1258 3128 1326 ipsos
3153 1271 3437 1312 sermones

1857 1344 1924 1400 iis
1964 1356 2307 1416 proponant,
2365 1348 2567 1417 quibus
2609 1349 2965 1403 commissum
3013 1358 3095 1404 est
3141 1349 3438 1419 prudenter

1855 1435 2177 1506 dispensare
2210 1452 2519 1492 sermonem
2564 1438 2632 1492 ad
2682 1438 3101 1494 tudificationem
3149 1439 3319 1506 fidei;
3366 1454 3438 1496 ne

1857 1537 2085 1584 sanctus
2108 1528 2201 1585 Det
2232 1527 2470 1599 Spiritus
2493 1529 2760 1584 alliciatur
2788 1531 3037 1586 tristitia.
3071 1531 3187 1586 Non
3218 1541 3437 1602 oportet

1857 1627 1916 1674 ut
1947 1621 2239 1691 quisquam
2264 1637 2331 1675 ex
2364 1623 2882 1690 supervenientibus
2915 1623 3087 1678 libere
3115 1623 3343 1678 accedat
3366 1624 3436 1680 ad

1857 1710 2086 1765 fratrum
2112 1712 2349 1781 aliquem
2384 1720 2477 1766 aut
2505 1715 2873 1784 colloquatur,
2925 1722 3218 1784 antequam
3253 1715 3291 1770 ii
3317 1716 3437 1786 qui-

176 1818 271 1875 ’γον
292 1808 419 1878 πρὸς
449 1809 744 1881 οἰκοδομὴν
776 1811 874 1878 τῆς
903 1808 1159 1870 πίστεως,
1182 1807 1271 1859 ἴνα
1314 1806 1388 1875 μὴ
1417 1804 1657 1875 λυπῆται
1689 1803 1750 1855 τὺ

1858 1803 1955 1859 bus
1977 1819 2109 1858 cura
2138 1804 2442 1874 disciplinae
2464 1806 2519 1859 in
2548 1807 2804 1862 omnibus
2828 1806 3111 1862 servanda:
3140 1810 3437 1863 commissa

180 1897 389 1969 Πνεῦμα
415 1898 474 1950 τὸ
507 1900 669 1967 ἅγιον
705 1900 798 1951 τοῦ
818 1897 974 1952 Θεοῦ.
1007 1898 1130 1950 Ὅτι
1158 1897 1220 1949 οὐ
1241 1896 1322 1949 δεῖ
1350 1895 1463 1948 τῶν
1495 1896 1751 1966 ἐπεισερ-

182 1990 408 2059 ,χομὲνων
442 1989 568 2043 τινὰ
624 1992 715 2042 ἐπ’
763 1989 1010 2055 ἐξουσίας
1060 1988 1300 2057 ἐγγίζειν
1346 1988 1456 2058 (81)
1503 1986 1752 2058 ἢλαλεῖν

190 2097 281 2132 τινι
318 2082 421 2134 τῶν
464 2082 754 2151 ἀδελφῶν,
804 2083 934 2153 πρὶν
981 2080 1046 2134 ἂν
1092 2083 1141 2133 οἱ
1183 2078 1604 2150 ἐπιτεταγμένοι
1652 2080 1753 2151 τὴν

193 2174 422 2245 φροντίδα
463 2175 563 2245 τῆς
621 2178 682 2228 ἐν
730 2177 899 2228 πᾶσιν
948 2171 1203 2238 εὐταξίας
1248 2171 1586 2243 δοκιμάσωσι
1634 2170 1754 2234 πῶς

193 2266 395 2336 ἀρέσκει
427 2265 546 2337 Θεῴ
595 2266 737 2336 πρὸς
775 2266 837 2320 τὺ
874 2269 1028 2338 κοινῇ
1074 2266 1372 2338 συμφέρον.
1401 2267 1523 2319 Ὂτι
1570 2265 1631 2318 οὐ
1676 2265 1756 2318 δεῖ

193 2360 302 2429 οῖνῳ
329 2357 689 2413 δεδουλῶσθαι
710 2376 724 2390 ·
761 2358 885 2413 οὔτε
920 2360 1048 2429 περί¹
1081 2360 1219 2432 κρέα
1262 2358 1527 2429 ἐμπαθῶς
1568 2358 1712 2429 ἐχειν
1735 2374 1750 2389 ο

196 2430 396 2503 καθόλου
425 2451 555 2523 περὶ
583 2451 743 2504 οὐδὲν
788 2450 985 2522 βρῶμα
1025 2452 1058 2521 ἦ
1091 2430 1241 2521 πόμα
1274 2449 1552 2521 φιλήδονον
1583 2445 1749 2501 εῖναι·

195 2539 222 2593 ὁ
247 2540 345 2613 γάρ
373 2542 780 2613 ἀγωνιζόμενος
814 2544 990 2596 πάντα
1034 2541 1451 2615 ἐγκρατεύεται.
1494 2541 1618 2594 Ὀτι
1647 2540 1754 2595 τῶν

198 2631 458 2700 διδομένων
500 2634 727 2704 ἑκάστῳ
767 2635 849 2699 είς
903 2634 1100 2706 χρῆσιν
1138 2632 1290 2686 οὐδὲν
1321 2632 1397 2696 ὡς
1438 2632 1570 2686 ῖδιον
1612 2631 1755 2703 ἔχειν

1853 1902 1975 1962 est,
2003 1896 2365 1965 expenderint
2402 1911 2474 1951 an
2507 1897 2581 1951 ita
2613 1898 2824 1966 placeat
2858 1898 3009 1961 Deo,
3048 1908 3104 1953 ut
3142 1900 3264 1955 aliis
3305 1914 3435 1971 pro-

1853 1986 2014 2042 desse
2059 1989 2253 2057 possit.
2299 1987 2417 2042 Non
2458 1997 2675 2059 oportet
2724 1991 2852 2043 vino
2906 1992 3174 2046 inservire
3200 2030 3215 2054 ,
3260 2007 3437 2060 neque

1853 2078 2039 2133 carnis
2080 2081 2254 2133 teneri
2299 2080 2573 2135 desiderio
2598 2120 2613 2144 ,
2648 2097 2750 2136 nec
2786 2082 2898 2136 ullo
2942 2099 3171 2152 prorsus
3222 2084 3276 2137 in
3314 2083 3444 2141 cibo

1853 2166 1949 2225 aut
1983 2178 2116 2240 potu
2143 2172 2477 2241 voluptatem
2510 2190 2792 2242 quaerere;
2824 2190 2947 2227 nam
2974 2176 3065 2243 qui
3098 2185 3295 2236 certat,
3320 2191 3439 2229 ser-

1853 2268 1945 2315 vat
1991 2264 2408 2332 temperantiam
2466 2263 2519 2317 in
2561 2266 2839 2319 omnibus.
2885 2264 3029 2318 Mhil
3079 2281 3268 2320 eorum
3314 2282 3439 2337 quae

1853 2351 2057 2405 utenda
2086 2351 2382 2421 unicuique
2408 2352 2723 2417 traduntur,
2755 2361 2970 2424 oportet
3000 2354 3200 2409 habere
3225 2363 3281 2409 ut
3308 2370 3434 2425 pro-

1854 2442 2071 2513 prium,
2106 2450 2201 2497 aut
2231 2458 2553 2511 reservare;
2589 2445 2685 2499 sed
2730 2454 2909 2499 tamen
2951 2445 3096 2515 quod
3131 2454 3338 2514 Spectat
3367 2446 3436 2501 ad

1854 2548 2043 2587 curam
2074 2543 2127 2587 et
2154 2525 2610 2599 sollicitudinem,
2639 2538 2925 2599 omnibus.
2961 2548 3019 2593 ut
3049 2538 3116 2592 ad
3148 2538 3437 2592 Dominum

1854 2624 2288 2695 pertinentibus,
2323 2627 2693 2682 attendentem
2714 2668 2729 2693 ,
2767 2629 2902 2683 nihil
2932 2645 3121 2684 eorum
3157 2646 3277 2700 qua:
3309 2646 3439 2701 pro-

198 2721 332 2793 δεῖ,ῆ
361 2724 721 2794 ταμιεύεσθαι
745 2741 759 2755 ο
793 2728 850 2779 ὲν
887 2726 1070 2795 μέντοι
1110 2727 1176 2796 τῇ
1218 2724 1459 2796 φροντίδι
1492 2725 1655 2778 πᾶσιν
1679 2723 1753 2789 ὡς

1858 2714 1994 2785 ieeta
2022 2724 2115 2772 aut
2141 2718 2389 2789 neglecta
2424 2728 2586 2782 sunt,
2620 2720 2667 2775 si
2698 2722 2770 2775 ita
2809 2721 3105 2783 acciderit,
3135 2723 3433 2792 prmterire.

202 2814 505 2881 δεσποτικοῖς
522 2817 883 2889 προσέχοντα,
910 2817 1077 2888 μηδὲν
1095 2816 1204 2869 τῶν
1222 2816 1755 2887 παραρριπτομένων

202 2905 231 2977 ἢ
256 2907 644 2979 ἀμελουμένων,
683 2909 750 2962 ἂν
779 2908 921 2961 οὕτω
944 2908 1105 2982 τύχῃ,
1130 2910 1400 2979 παρορᾷν.
1420 2907 1543 2960 Ὀτι
1566 2908 1627 2959 οὐ
1652 2906 1755 2974 δεῖ,

205 2995 309 3050 οὔτε
338 3000 490 3053 αὑτὸν
540 3001 744 3055 ἑαυτοῦ
779 3000 965 3072 κύριον
1002 2997 1142 3054 εἷναί
1192 3017 1314 3053 τινα
1335 3043 1349 3060 ,
1380 2999 1497 3054 ἀλλ’
1541 2999 1617 3063 ὡς
1650 2998 1756 3053 ὑπὸ

1854 2806 1977 2862 Non
2026 2818 2243 2879 oportet
2286 2825 2617 2882 quemquam
2681 2813 2765 2868 vel
2834 2814 3098 2883 suiipsius
3150 2815 3438 2869 dominum

1855 2913 1999 2965 esse,
2039 2901 2137 2956 sed
2169 2902 2318 2957 velut
2362 2917 2393 2957 a
2441 2901 2553 2957 Deo
2582 2903 2842 2958 traditum
2877 2905 2932 2959 in
2962 2907 3279 2960 servitutem
3322 2904 3431 2960 ira-

1856 2990 2034 3045 tribus
2082 2992 2395 3057 unanimis,
2437 2993 2513 3048 ita
2555 3001 2608 3049 et
2652 2994 2857 3050 sentire
2891 2997 3077 3050 omnia
3124 3003 3179 3051 et
3225 2995 3435 3066 facere;

205 3089 319 3143 Θεοῦ
370 3094 804 3166 παραδεδομένον
868 3096 949 3158 είς
1004 3092 1244 3146 δουλείαν
1297 3094 1411 3154 τοῖς
1461 3092 1753 3162 ὁμοψύχοις

1858 3095 2305 3154 unumquemque
2335 3091 2520 3139 tamen
2554 3084 2610 3139 in
2642 3101 2744 3140 suo
2767 3085 2982 3141 ordine.

208 3182 443 3253 ἀδελφοῖς,
478 3185 621 3239 οὕτω
662 3186 759 3241 καὶ
786 3188 1008 3257 φρονεῖν
1039 3184 1220 3240 πάντα
1252 3185 1349 3238 καὶ
1393 3186 1589 3249 ποιεῖν,
1621 3182 1753 3236 ἕκα-

209 3286 313 3328 στον
338 3275 389 3327 δὲ
415 3266 485 3328 ἐν’
500 3277 579 3347 τῷ
604 3276 728 3347 ἰδίῳ
754 3278 1018 3346 τάγματι.

250 3366 313 3447 ‘2.
346 3368 462 3421 Ὀτι
498 3371 558 3423 οὐ
589 3370 678 3423 δεῖ
699 3368 1012 3439 γογγύζειν,
1047 3367 1172 3421 οὔτε
1215 3370 1276 3421 ἐν
1321 3370 1391 3439 τῇ
1427 3365 1757 3438 στενοχωρίᾳ

208 3457 301 3513 τῶν
352 3461 479 3534 πρὸς
519 3462 619 3535 τὴν
682 3463 907 3533 χρείαν,
960 3460 1086 3514 οὔτε
1132 3462 1191 3514 ἐν
1233 3458 1313 3531 τῷ
1368 3460 1603 3530 καμάτῳ
1650 3457 1756 3511 τῶν

204 3547 379 3619 ἔργων,
409 3552 641 3623 ἐχόντων
682 3552 742 3605 τὸ
776 3554 950 3624 κρῖμα
981 3552 1112 3622 περὶ
1158 3550 1390 3604 ἑκάστου
1428 3549 1537 3602 τῶν
1577 3551 1759 3601 ἐπιτε-

214 3640 460 3709 ταγμένων
496 3641 605 3714 (82)
661 3641 761 3714 τὴν
815 3642 1022 3696 τούτων
1071 3640 1343 3707 ἐξουσίαν.
1393 3642 1517 3696 Ὀτι
1570 3642 1631 3695 οὐ
1676 3640 1759 3695 δεῖ

204 3730 426 3803 ’κραυγὴν
453 3732 723 3801 γίνεσθαι,
770 3731 897 3786 οὔτε
934 3731 1066 3787 ἄλλο
1103 3749 1156 3785 τι
1201 3716 1416 3803 σχῆμα,
1454 3733 1487 3804 ἢ
1527 3732 1754 3802 κίνημα,

217 3818 265 3869 ἑν
290 3814 328 3887 ᾧ
350 3824 805 3897 χαρακτηρίζεται
832 3823 1024 3896 θυμὸς,
1060 3824 1095 3895 ἢ
1131 3823 1505 3896 μετεωρισμδς
1534 3825 1640 3877 ἀπὸ
1662 3826 1759 3896 τῆς

206 3907 546 3984 πληροφορίας
564 3915 663 3969 τοῦ
695 3919 951 3986 παρεῖναι
978 3915 1069 3969 τὸν
1086 3915 1242 3970 Θεόν.
1264 3916 1381 3968 Ὅτι
1405 3916 1486 3969 δεῖ
1505 3918 1573 3988 τῇ
1599 3915 1759 3989 χρείᾳ

220 4009 510 4073 σνμμετρεῖν
532 4006 635 4080 τὴν
669 4008 872 4079 φωνήν.
901 4008 1023 4061 Ὅτι
1047 4008 1109 4061 οὐ
1143 4007 1225 4062 δεῖ
1255 4006 1502 4080 θρασέως
1526 4009 1560 4079 ἢ
1590 4025 1759 4062 κατα-

214 4097 523 4166 φρονητικῶς
554 4116 667 4152 τινι
709 4098 1126 4171 ἀποκρίνεσθαι,
1158 4099 1192 4168 ἢ
1235 4101 1411 4153 ποιεῖν
1436 4116 1510 4165 τι,
1548 4098 1665 4153 ἀλλ’
1701 4101 1758 4151 ὲν

222 4186 331 4239 πᾶσι
371 4189 425 4242 τὸ
479 4190 721 4256 ἐπιεικὲς
761 4192 858 4246 καὶ
906 4190 970 4245 τὸ
1019 4189 1310 4263 τιμητικὸν
1355 4189 1494 4262 πρὸς
1549 4190 1760 4254 πάντας

219 4274 466 4336 δεικνύειν.
491 4283 612 4336 Ὅτι
645 4284 709 4336 οὐ
742 4283 825 4336 δεῖ
849 4281 1087 4337 ἐννεύειν
1117 4281 1384 4355 ὀφθαλμῷ
1414 4282 1554 4354 μετὰ
1583 4282 1757 4347 δόλου,

223 4365 398 4441 ἧᾶλλῳ
425 4375 525 4427 τινὶ
557 4376 800 4446 σχήματι
833 4375 868 4447 ἢ
901 4375 1167 4446 κινήματι
1191 4373 1389 4445 μέλους
1433 4374 1757 4449 κεχρῇσθαι,

1925 3351 1981 3405 2.
2010 3348 2128 3403 Non
2159 3357 2375 3420 oportet
2399 3362 2780 3417 murmurare,
2810 3366 2913 3405 nec
2950 3348 3004 3404 in
3030 3363 3213 3406 rerum
3241 3365 3437 3408 neces-

1858 3445 2129 3498 sariarum
2165 3441 2455 3512 angustiis,
2488 3456 2591 3496 nec
2619 3442 2674 3495 in
2705 3456 2930 3511 operum
2956 3443 3161 3508 labore,
3193 3443 3442 3513 quando-

1856 3535 2078 3605 quidem
2120 3535 2550 3604 unumquodque
2586 3534 2783 3604 judicii
2830 3543 2916 3591 est
2960 3549 3191 3599 eorum,
3238 3536 3440 3607 quibus

1857 3628 2151 3684 commissa
2186 3642 2372 3683 rerum
2404 3628 2621 3682 illarum
2652 3634 2917 3698 potestas.
2946 3624 3059 3682 Nec
3087 3626 3297 3681 clamor
3323 3625 3440 3684 fieri

1856 3722 2047 3785 debet,
2080 3737 2183 3777 nec
2207 3722 2415 3792 qumvis
2445 3720 2553 3774 alia
2584 3719 2798 3790 species
2823 3761 2838 3786 ,
2878 3727 2973 3774 aut
3020 3727 3206 3775 motus
3234 3735 3301 3776 ex
3330 3733 3441 3791 quo

1858 3812 2199 3884 significetur
2230 3812 2546 3878 iracundia,
2589 3821 2683 3867 aut
2716 3811 2883 3866 animi
2916 3811 3191 3867 aberratlo
3222 3811 3290 3866 ab
3336 3812 3442 3867 bac

1859 3906 2239 3977 persuasione,
2265 3904 2433 3961 Deum
2456 3920 2581 3962 esse
2603 3914 2951 3976 praesentem.
2982 3904 3215 3975 Oportet
3245 3919 3442 3961 vocem

1859 4014 1963 4055 usu
1996 3999 2202 4054 metiri.
2232 3997 2351 4055 Non
2378 4006 2597 4069 oportet
2622 3998 2933 4068 petulanter
2956 4003 3051 4051 aut
3082 3996 3442 4066 contemptim

1860 4090 2115 4162 cuiquam
2152 4090 2519 4160 respondere,
2547 4097 2641 4144 aut
2670 4088 2970 4160 quidquam
3007 4087 3222 4153 facere,
3256 4086 3353 4145 sed
3386 4087 3444 4142 in

1859 4185 2117 4241 omnibus
2148 4182 2474 4239 modestiam
2508 4190 2672 4254 atque
2700 4183 3064 4238 reverentiam
3096 4195 3225 4253 erga
3249 4193 3446 4237 omne:

1859 4279 2172 4337 ostendere.
2202 4274 2325 4330 Non
2375 4275 2552 4331 oculis
2601 4274 2942 4330 innuendum
2990 4282 3076 4331 est
3123 4289 3250 4329 cum
3283 4272 3443 4341 dolo;

1861 4387 1964 4428 nec
2020 4369 2126 4425 alia
2175 4367 2432 4440 quaelibet
2479 4368 2694 4437 species
2755 4368 2913 4438 ιοο
2963 4366 3306 4432 adhibenda,
3349 4374 3445 4425 aut

222 4458 249 4512 δ
270 4459 405 4516 λυπεῖ
430 4466 516 4519 τὸν
546 4468 799 4536 ἀδελφὺν,
826 4467 861 4539 ἢ
891 4466 1300 4538 καταφρόνησιν
1325 4467 1603 4538 ἐμφαίνει.
1633 4467 1753 4519 Ὀτι

1862 4462 2093 4520 membri
2122 4473 2303 4517 motus
2330 4459 2425 4531 qui
2458 4458 2614 4514 fratri
2648 4459 2842 4515 aﬂ'erat
2870 4460 3152 4515 tristitiam
3182 4468 3277 4515 aut
3309 4472 3445 4514 con-

228 4552 371 4608 3665i
407 4559 837 4623 καλλωπίζεσθαι
882 4560 941 4612 ἐν
996 4557 1235 4630 ἱματίοις
1284 4558 1319 4630 ἢ
1368 4558 1751 4631 ὑποδήμασιν,

227 4644 338 4719 ὅπερ
363 4651 467 4704 ἐστὶ
511 4651 832 4724 περπερεία.
867 4651 991 4705 Ὅτι
1029 4652 1114 4704 δεῖ
1157 4650 1403 4704 εὐτελέσι
1452 4649 1755 4723 κεχρῆσθαι

230 4741 321 4803 Ιτοῖς
343 4742 462 4813 πρὸς
486 4743 579 4816 τὴν
609 4745 802 4817 χρείαν
828 4743 922 4797 τοῦ
961 4742 1233 4815 σώματος.
1259 4744 1381 4796 Ὀτι
1414 4743 1476 4795 οὐ
1510 4742 1591 4795 δεῖ
1614 4743 1757 4815 ὑπὲρ

229 4828 310 4899 τὴν
350 4834 520 4904 χρείαν
566 4836 829 4905 καὶπρὸς
879 4834 1159 4904 δαψίλειαν
1201 4832 1514 4887 ἀναλίσκειν
1563 4833 1716 4887 οὐδὲν
1740 4874 1753 4898 ,

232 4921 347 4996 ὅπερ
367 4927 469 4981 ἐστὶ
498 4930 862 5001 παράχρησις.
891 4928 1014 4980 Ὅτι
1038 4928 1103 4980 οὐ
1142 4926 1224 4980 δεῖ
1252 4926 1417 4998 τιμὴν
1451 4926 1755 4998 ἐπιζητεῖν,

234 5011 532 5085 ῆπρωτείων
572 5018 986 5075 ἀντιποιεῖσθαι.
1019 5019 1143 5072 Ὀτι
1176 5018 1257 5071 δεῖ
1304 5018 1539 5072 ἕκαστον
1567 5033 1759 5088 προτι-

241 5106 328 5177 μᾷν
356 5110 527 5166 ἐαυτοῦ
564 5115 790 5179 πάντας.
820 5115 943 5167 Ὅτι
975 5111 1038 5165 οὐ
1078 5110 1158 5164 δεῖ
1188 5110 1562 5164 ἀνυπότακτον
1594 5104 1756 5165 εἶναι.

241 5194 341 5250 Ὀτι
362 5202 416 5253 οὗ
436 5203 508 5257 δεῖ
530 5206 693 5277 άργδν
726 5206 927 5259 ἐσθίειν
959 5204 1053 5258 τὸν
1081 5202 1413 5274 ἐργάζεσθαι
1437 5200 1756 5272 δυνάμενον,

303 5399 393 5472 (80)
436 5404 592 5474 Ἡμῖν
613 5411 751 5463 ὑπό.
795 5408 890 5464 Hae
919 5407 1041 5463 duae
1067 5421 1231 5463 voces
1257 5404 1455 5461 additae
1491 5420 1558 5461 ex
1586 5403 1754 5461 Coisl.

243 5475 442 5550 secundo
459 5487 509 5531 et
527 5494 631 5535 uno
649 5495 715 5534 ex
734 5479 940 5550 Regiis.
977 5477 1093 5533 Duo
1113 5477 1360 5533 Combel‘.
1401 5476 1603 5532 habent
1626 5479 1757 5548 ἡμῖν

429 5615 716 5690 ,Ἐγγίζειη
745 5619 979 5674 Additur
1001 5618 1151 5690 ἔχειν
1178 5616 1478 5690 induobus
1502 5615 1751 5672 Combcf.

248 5686 293 5729 α
319 5680 462 5758 Coisl.
492 5680 718 5744 secundo
757 5696 812 5745 et
851 5706 961 5744 uno
1003 5680 1071 5743 εἴ
1117 5687 1324 5758 Regiis.
1373 5686 1479 5741 Sed
1522 5702 1586 5741 ea
1630 5701 1737 5741 vox

253 5761 338 5803 Ion
358 5752 531 5826 legitur
574 5759 628 5813 in
656 5760 1050 5819 antiuuissimis
1090 5752 1397 5822 codicibus,
1429 5772 1528 5811 nec
1559 5771 1751 5813 ncces-

1862 4562 2127 4628 temptum
2172 4554 2395 4609 indicet.
2430 4551 2673 4608 Ornatus
2716 4552 2773 4607 in
2820 4552 3066 4608 vestibus
3106 4558 3200 4606 aut
3242 4550 3446 4613 calceis

1857 4648 2028 4721 quaeri
2050 4662 2161 4703 non
2187 4647 2378 4713 debet;
2416 4645 2565 4716 quod
2595 4643 2817 4719 quidem
2838 4659 2980 4700 vana
3011 4644 3309 4700 ostentatio
3334 4651 3441 4699 est.

1858 4742 2062 4797 Viliora
2093 4755 2325 4812 quaeque
2359 4737 2665 4794 adhibenda
2693 4737 2759 4792 ad
2792 4753 2952 4794 usum
2988 4735 3256 4806 corporis.
3295 4733 3446 4791 Nihil

1859 4837 2004 4890 ultra
2030 4834 2085 4890 id
2115 4836 2263 4905 quod
2292 4833 2671 4889 necessarium
2705 4819 2809 4897 est,
2851 4836 2946 4884 aut
2981 4829 3048 4883 ad
3085 4828 3445 4899 magniﬁcen-

1860 4931 1993 4985 tiam
2015 4926 2436 4991 insumendum;
2470 4924 2615 4995 quod
2640 4923 2861 4994 quidem
2891 4921 3099 4975 abusus
3119 4928 3224 4976 est.
3256 4917 3445 4975 Honor

1859 5020 2231 5092 exquirendus
2284 5032 2397 5073 non
2451 5024 2557 5081 est,
2618 5022 2712 5068 aut
2764 5012 3091 5067 ambiendus
3149 5012 3441 5080 primatus.

1861 5112 2029 5170 Debet
2075 5111 2457 5183 unusquisque
2519 5116 2747 5164 caeteros
2802 5105 2907 5161 sibi
2966 5102 3265 5159 anteferre.
3323 5101 3446 5160 Non

1860 5213 2077 5278 oportet
2124 5205 2571 5274 inobsequentem
2602 5215 2745 5256 esse.
2778 5198 2898 5253 Non
2944 5201 3162 5267 Oportet
3205 5195 3445 5252 otiosum

1860 5414 2215 5547 εῧῖἓῗὶξεὲεῶν
2252 5472 2745 5547 ἐπιτεταγμένω.
2792 5469 2928 5547 Cod.
2975 5467 3097 5547 Yat.
3144 5468 3447 5547 ἐπισταμέ-

1860 5540 1987 5603 νων.
2022 5547 2184 5601 Forte
2213 5540 2653 5604 addendutn‘elg,
2696 5550 2755 5596 ut
2800 5541 2965 5610 paulo
2998 5540 3143 5594 infra
3173 5540 3438 5610 additur:

1861 5620 1955 5674 sed
2021 5626 2201 5740 ιιιὲὲιοη
2265 5630 2432 5685 supra
2496 5613 2694 5684 legitur
2754 5606 2815 5665 ei
2876 5609 3292 5683 ἐπιτεταγμένοι
3343 5606 3445 5682 τὴν

1862 5705 2028 5740 ωοοντ
2124 5726 2137 5739 .

1862 5705 2137 5760 φροντιοα.
