3886 6220
413 305 516 362 291

1718 299 1784 355 S.
1828 297 2074 355 BASlLll
2115 298 2334 355 MAGNI

3564 299 3702 356 ΞΩ

401 419 698 478 comedere
726 433 876 485 eum,
910 418 1004 489 qui
1036 416 1290 472 laborare
1321 410 1537 487 potest:
1567 414 1663 471 sed
1689 425 1744 470 et
1770 414 1866 486 qui
1887 429 1985 470 oc-

2094 414 2226 469 ἀλλά
2275 414 2369 469 καὶ
2406 414 2496 469 τὸν
2533 413 2936 486 ἀσχολούμενον
2970 414 3094 485 περί
3143 431 3197 467 τι
3225 413 3705 488 τῶνκατορθω-

399 522 640 583 cupatur
670 513 726 564 in
769 524 961 564 eorum
996 507 1200 575 aliquo,
1239 521 1363 572 quae
1413 502 1481 557 ad
1514 502 1718 557 Christi
1758 501 1990 573 gloriam

400 602 663 676 praeclare
688 601 848 665 liunt,
877 600 988 654 vim
1013 598 1228 666 sibiipsi
1253 595 1435 651 facere
1460 594 1624 650 debet
1653 595 1721 649 ad
1746 593 1989 649 studium

401 694 589 766 operis
620 708 719 763 pro
750 692 960 746 viribus
983 688 1330 744 conﬁciendi.
1366 685 1595 757 Oportet
1624 699 1993 755 unumquem-

402 802 531 859 que,
562 786 875 858 praepositis
903 782 1366 852 approbantibus,
1394 796 1521 835 cum
1556 780 1769 834 ratione
1796 786 1850 833 et
1881 777 1993 831 ani-

402 879 481 934 mi
509 878 871 949 persuasione
912 876 987 929 ita
1019 873 1206 927 omnia
1236 871 1447 938 facere,
1482 887 1656 939 usque
1698 870 1767 925 ad
1808 869 1991 940 ipsum

410 969 579 1025 etiam
609 984 765 1024 esum
796 976 853 1023 et
877 977 1087 1039 potum,
1121 964 1272 1019 ut-ad
1302 964 1394 1019 Dei
1419 965 1648 1034 gloriam
1678 960 1987 1017 referenda.

401 1061 523 1116 Non
561 1067 779 1131 oportet
803 1059 873 1112 ab
904 1074 1012 1112 uno
1048 1057 1115 1111 ad
1145 1056 1310 1110 alium
1344 1057 1587 1110 laborem
1619 1055 1879 1120 transire,
1914 1053 1991 1108 ci-

404 1165 490 1207 tra
528 1150 980 1222 approbationem
1014 1163 1205 1204 eorum
1239 1150 1332 1218 qui
1364 1154 1492 1203 sunt
1521 1147 1686 1202 rebus
1718 1146 1988 1217 ejusmodi

401 1244 757 1301 moderandis
793 1241 1107 1314 praepositi;
1143 1241 1249 1295 nisi
1278 1240 1591 1312 quempiam
1619 1238 1989 1295 ineluctabilis

401 1338 708 1393 necessitas
744 1335 812 1389 ad
838 1333 1103 1389 auxilium
1141 1331 1423 1387 debiliorls
1464 1331 1649 1387 subito
1675 1335 1985 1385 vocaverit:

401 1429 563 1484 debet
615 1426 993 1496 unusquisque
1042 1438 1262 1478 manere
1320 1422 1374 1476 in
1421 1436 1488 1477 eo
1534 1421 1681 1491 quod
1721 1420 1825 1491 ipsi
1844 1434 1991 1489 pra:-

401 1521 673 1592 scriptum
702 1529 818 1583 est;
850 1533 952 1572 nec
1003 1516 1281 1587 propriam
1342 1529 1661 1569 mensuram
1704 1522 1990 1584 transgre-

400 1611 584 1676 diens,
618 1607 837 1680 aggredi
868 1621 975 1661 non
1010 1604 1362 1675 praescripta;
1395 1603 1501 1659 nisi
1539 1603 1601 1669 ii,
1641 1602 1842 1673 quibus
1875 1602 1992 1657 haec

401 1701 700 1757 commissa
732 1707 880 1763 sunt,
928 1698 1163 1767 aliquem
1207 1696 1409 1751 auxilio
1438 1696 1682 1766 indigere
1706 1695 1991 1765 judicave-

2096 506 2275 578 μένων
2333 508 2414 570 είς
2457 506 2611 573 δόξαν
2660 506 2921 580 Χριστοῦ,
2962 505 3307 571 ἐκϐιάζεσθαι
3355 509 3564 562 ἐαυτὸν
3614 508 3708 572 εις

2063 628 2066 631 λ
2092 599 2192 668 τὴν
2219 597 2457 668 σπουδὴν
2485 595 2579 650 τοῦ
2623 597 2768 651 κατὰ
2800 596 3028 668 δύναμιν
3059 597 3397 671 ἐργουνὍτι
3427 599 3514 652 δεῖ
3553 598 3707 650 ἕκα-

2092 706 2219 743 στον
2245 690 2541 761 δοκιμασίᾳ
2563 689 2670 742 τῶν
2700 688 3057 763 προεστώτων
3081 689 3189 762 (85)
3225 691 3361 762 μετά
3384 691 3559 759 λόγου
3595 690 3707 744 καὶ

2091 779 2467 853 πληροφορίας
2529 779 2670 834 οὕτω
2701 782 2876 834 ποιεῖν
2909 781 3123 844 πάντα,
3170 781 3298 852 ἄχρι
3351 782 3450 835 καὶ
3508 778 3704 835 αὑτοῦ

2089 870 2185 923 τοῦ
2223 874 2416 941 φαγεῖν
2461 871 2555 924 καὶ
2583 874 2726 925 πιεῖν
2746 911 2761 936 ,
2796 871 2872 935 ώς
2915 872 2995 935 είς
3024 869 3183 934 δόξαν
3215 870 3351 924 Θεοῦ
3382 871 3700 940 γινόμεναι

2093 962 2217 1016 Ὅτι
2245 962 2307 1015 οὐ
2335 963 2416 1015 δεῖ
2439 963 2533 1032 ἀφ’
2565 963 2757 1034 ἐτέρου
2781 965 2860 1026 εἰς
2896 962 3082 1034 ἕτερον
3126 961 3284 1033 ἔργον
3321 959 3706 1032 μεταϐαίνειν

2089 1053 2219 1109 ἄνευ
2252 1056 2352 1126 τῆς
2384 1054 2710 1125 δοκιμασίας
2744 1054 2853 1107 τῶν
2909 1055 2990 1117 είς
3026 1052 3088 1106 τὸ
3114 1051 3413 1106 διατυποῦν
3451 1051 3524 1105 τὰ
3571 1069 3703 1103 τοι·

2089 1145 2230 1200 αῦτα
2252 1145 2696 1217 ἐπιτεταγμένων
2718 1144 2850 1214 (84)·
2868 1145 3027 1209 ἐκτὸς
3048 1145 3096 1197 εί
3112 1144 3190 1215 μή
3220 1142 3323 1196 πού
3346 1160 3471 1197 τινα
3496 1145 3702 1216 ἀπαρ-

2089 1239 2312 1308 αίτητος
2382 1238 2596 1308 ἀνάγκη
2646 1238 2727 1300 εἰς
2781 1237 3033 1307 βοήθειαν
3082 1235 3178 1289 τοῦ
3231 1237 3702 1307 ἀδυνατήσαντος

2090 1329 2281 1404 καλοίη
2315 1330 2598 1401 αἰφνίδιον.
2637 1330 2760 1383 Ὅτι
2790 1329 2873 1382 δεῖ
2906 1329 3141 1382 ἕκαστον
3170 1329 3356 1399 μένειν
3382 1331 3443 1383 ἐν
3473 1323 3517 1397 ᾧ
3550 1329 3699 1384 ἐτά-

2089 1423 2216 1495 χθη,
2240 1425 2334 1477 καὶ
2367 1424 2462 1495 μὴ,
2495 1422 2894 1493 ὑπερϐαίνοντα
2932 1420 2995 1474 τὸ
3024 1421 3158 1475 ἴδιον
3193 1421 3416 1492 μέτρον,
3450 1421 3695 1474 ἐπιϐαί-

2089 1532 2202 1570 νειν
2232 1518 2346 1579 τοῖς
2375 1514 2451 1587 μὴ
2482 1514 2957 1585 ἐπιτεταγμένοις,
2984 1514 3033 1565 εί
3078 1514 3153 1584 μή
3195 1530 3250 1566 τι
3289 1513 3357 1567 ἂν
3393 1516 3442 1567 οἱ
3496 1513 3696 1568 ταῦτα

2090 1605 2515 1677 πεπιστευμένοι
2559 1602 2897 1675 δοκιμάσωσί
2938 1620 3062 1656 τινα
3093 1601 3365 1674 χρῄζοντα
3394 1603 3690 1675 βοηθείας.

2093 1700 2216 1753 Ὅτι
2241 1699 2303 1753 οὐ
2324 1698 2408 1751 δεῖ
2437 1698 2532 1769 ἀφ’
2564 1698 2752 1769 ἐτέρου
2784 1695 3149 1767 ἐργαστηρίου
3176 1697 3258 1759 είς
3290 1695 3482 1766 ἕτερον
3518 1695 3692 1765 εὑρί-

400 1791 531 1846 rint.
561 1789 681 1846 Non
712 1796 929 1862 oportet
952 1788 1182 1859 reperiri
1209 1787 1521 1858 quempiam
1541 1787 1610 1841 ab
1632 1787 1738 1842 alia
1768 1786 1985 1842 oliicina

2094 1788 2316 1844 σκεσθαί
2357 1805 2500 1843 τινα.
2527 1788 2650 1841 Ὅτι
2682 1787 2743 1840 οὐ
2793 1786 2876 1841 δεῖ
2917 1785 3057 1839 κατά
3101 1784 3435 1854 φιλονεικίαν
3472 1785 3506 1856 ἢ
3558 1785 3692 1855 ἔριν

392 1871 457 1933 in
510 1880 674 1934 aliam
735 1880 1049 1935 abeuntem.
1088 1877 1237 1931 Nihil
1282 1892 1349 1932 ex
1393 1877 1763 1933 contentionis
1802 1877 1985 1933 studio

402 1978 498 2024 aut
523 1987 589 2025 ex
619 1971 902 2025 simultate
927 1984 1052 2024 cum
1083 1968 1269 2039 aliquo
1292 1976 1546 2038 suscepta
1576 1964 1913 2023 iaciendum.

442 2062 525 2116 οἵ).
558 2060 912 2115 lnvidendum
943 2074 1055 2114 non
1088 2068 1173 2114 est
1208 2058 1437 2114 alterius
1482 2059 1650 2124 laudi,
1683 2075 1862 2129 neque
1897 2073 1988 2114 cn-

395 2148 656 2224 jusquam
678 2152 825 2206 vitiis
848 2150 1165 2207 laetandum.
1189 2149 1418 2223 Oportet
1451 2151 1506 2205 in
1541 2149 1813 2206 cbaritate
1833 2149 1989 2206 Chri-

401 2244 472 2298 sti
500 2243 688 2298 dolere
717 2250 774 2296 et
806 2241 1057 2297 aﬂlictari
1084 2242 1153 2298 de
1186 2241 1374 2297 fratris
1394 2242 1564 2309 vitiis,
1588 2240 1824 2312 gaudere
1854 2257 1986 2297 vero

399 2336 472 2391 ob
501 2335 650 2390 illius
682 2342 830 2390 recte
862 2333 1026 2389 facta.
1053 2332 1175 2388 Non
1190 2344 1408 2404 oportet
1441 2333 1840 2389 indiﬂ'erentem
1864 2349 1987 2390 csse

395 2440 529 2499 erga
575 2436 893 2498 peccantes,
945 2434 1040 2481 aut
1078 2426 1302 2481 silentio
1331 2441 1428 2482 eos
1474 2427 1730 2481 tolerare.
1759 2423 1987 2495 Oportet

400 2528 462 2573 ut
496 2520 593 2589 qui
624 2517 923 2588 redarguit,
959 2530 1085 2571 cum
1108 2517 1258 2570 omni
1284 2517 1763 2572 commiseratione
1794 2514 1987 2571 redar-

398 2618 532 2679 guat
570 2623 636 2665 ex
702 2605 798 2662 Dei
860 2606 1082 2668 timore,
1114 2615 1169 2662 et
1206 2621 1274 2661 eo
1324 2608 1557 2662 consilio
1598 2619 1659 2662 ut
1704 2617 1990 2682 convertat

399 2707 739 2770 peccantem.
789 2698 1019 2768 Oportet
1050 2706 1113 2751 ut
1166 2699 1262 2769 qui
1304 2699 1655 2770 redarguitur
1678 2709 1775 2754 aut
1805 2700 1987 2755 incre-

401 2796 588 2860 patur,
616 2789 852 2843 libenter
891 2788 945 2843 id
974 2789 1232 2859 accipiat,
1264 2805 1420 2844 suam
1452 2791 1625 2861 ipsius
1654 2793 1711 2847 in
1735 2792 1989 2865 increpa-

400 2882 553 2936 tione
594 2880 883 2935 utilitatem
932 2894 1262 2950 agnoscens.
1310 2880 1432 2937 Non
1483 2890 1700 2954 oportet
1743 2892 1825 2949 ut,
1862 2900 1988 2940 cum

401 2971 602 3042 aliquis
641 2980 955 3035 accusatur,
996 2971 1138 3027 alius
1180 2987 1368 3027 coram
1400 2973 1495 3029 illo
1522 2987 1613 3029 aut
1643 2990 1828 3031 coram
1864 2977 1989 3032 aliis

401 3061 685 3118 nonnullis
738 3061 1084 3117 contradicat
1118 3065 1424 3120 accusanti.
1477 3064 1636 3132 Quod
1675 3068 1723 3122 si
1765 3067 1986 3138 quando

402 3243 792 3318 coarguentem
841 3247 1180 3318 interrogare
1246 3246 1429 3312 debet,
1488 3256 1653 3319 atque
1709 3260 1805 3304 aut
1860 3268 1984 3321 pcr-

403 3340 661 3404 suadere,
712 3345 809 3393 aut
868 3339 1214 3409 persuaderi.
1263 3338 1491 3410 Oportet
1542 3357 1986 3414 unumquemque

406 3437 676 3503 quantum
710 3430 768 3485 in
792 3444 853 3486 se
876 3438 984 3498 εει,
1011 3430 1063 3486 ei
1094 3431 1188 3502 qui
1230 3431 1520 3488 adversum
1554 3449 1614 3490 se
1641 3434 1843 3504 aliquid
1883 3435 1984 3489 ha-

402 3524 610 3590 buerit,
643 3522 872 3579 mederi.
926 3521 1046 3579 Non
1098 3524 1534 3580 succensendum
1570 3525 1620 3581 ei
1659 3542 1820 3596 quem
1854 3540 1984 3596 pec-

403 3630 562 3671 casse
597 3617 847 3687 panitet,
878 3615 973 3671 sed
1005 3630 1072 3670 ex
1094 3616 1261 3671 corde
1289 3617 1733 3673 condonandum.
1761 3618 1987 3689 Oportet

403 3722 530 3762 cum
558 3706 655 3777 qui
706 3707 915 3777 peccati
942 3706 1211 3777 paenitere
1254 3723 1315 3764 se
1359 3708 1513 3773 dicit,
1539 3724 1650 3763 non
1689 3711 1984 3782 compungi

408 3801 590 3857 solum
620 3799 691 3855 ob
738 3811 1028 3871 peccatum
1064 3800 1393 3864 admissum,
1430 3802 1526 3856 sed
1572 3801 1784 3857 fructus
1822 3804 1985 3857 etiam

404 3893 744 3966 pmnitentiae
792 3893 987 3965 dignos
1037 3891 1241 3948 facere.
1277 3891 1380 3958 Qui
1411 3909 1513 3963 pro
1555 3895 1830 3964 prioribus
1857 3910 1989 3964 pec-

405 3988 546 4044 catis
602 3994 892 4057 correptus
949 3997 1050 4051 εει,
1096 4000 1162 4040 ac
1196 3987 1408 4040 veniam
1458 3995 1810 4051 consecutus,
1848 3988 1898 4042 is
1938 3987 1986 4044 si

405 4095 604 4136 rursus
643 4080 975 4150 peccaverit,
999 4076 1266 4134 deterius
1313 4080 1496 4150 priore
1539 4087 1821 4149 comparat
1854 4080 1987 4137 sibi-

404 4173 628 4242 metipsi
651 4170 921 4241 judicium
952 4171 1066 4225 irae.
1107 4171 1211 4237 Qui
1260 4178 1384 4241 post
1418 4170 1649 4241 primam
1689 4179 1742 4225 et
1762 4172 1987 4227 alteram

386 4263 837 4319 admonitionem
870 4272 1154 4332 permanet
1177 4263 1231 4317 in
1263 4262 1485 4326 delicto,
1527 4279 1630 4319 suo
1660 4263 1986 4319 iudicandus

405 4353 721 4426 praeposito,
755 4353 801 4407 si
843 4352 983 4408 forte
1014 4367 1139 4407 eum
1179 4368 1210 4407 a
1250 4354 1503 4424 pluribus
1543 4363 1855 4425 correptum
1888 4372 1989 4426 pu-

2085 1880 2184 1953 τὴν
2216 1879 2356 1953 πρός
2387 1896 2511 1935 τινα
2539 1882 2714 1933 ποιεῖν
2742 1895 2818 1932 τι.

2156 2060 2210 2115 '5.
2245 2058 2368 2114 Ὅτι
2400 2058 2461 2113 οὐ
2490 2058 2570 2111 δεῖ
2591 2058 2804 2127 φθονεῖν
2832 2059 2900 2128 τῇ
2925 2057 3112 2128 ἐτέρου
3146 2044 3522 2126 εὐδοκιμήσει,
3542 2054 3687 2108 οὔτε

2086 2150 2397 2222 ἐπιχαίρειν
2440 2148 2790 2220 ἐλαττώμασί
2833 2165 2999 2213 τινος.
3053 2148 3178 2200 Ὅτι
3227 2147 3311 2200 δεῖ
3367 2148 3426 2200 ἐν
3478 2146 3687 2218 ἀγάπῃ

2086 2241 2328 2314 Χριστοῦ
2369 2241 2656 2295 λυπεῖσθαι
2706 2240 2806 2312 μὲν
2860 2241 2957 2295 καὶ
3003 2239 3383 2312 συντρίϐεσθαι
3425 2241 3521 2292 ἐπὶ
3554 2241 3687 2303 τοῖς

2086 2334 2182 2389 τοῦ
2216 2334 2447 2405 ἀδελφοῦ
2472 2332 2876 2405 ἐλαττώμασιν,
2905 2331 3295 2403 εὐφραίνεσθαι
3333 2331 3394 2385 δὲ
3440 2333 3534 2384 ἐπὶ
3558 2336 3686 2395 τοῖς

2088 2426 2533 2500 κατορθώμασιν.
2550 2427 2673 2482 Ὅτι
2700 2428 2761 2480 οὐ
2795 2426 2875 2478 δεῖ
2893 2426 3206 2498 ἀδιαφορεῖν
3239 2426 3332 2478 ἐπὶ
3350 2426 3467 2488 τοῖς
3492 2425 3685 2496 ἁμαρέ

2087 2520 2360 2587 τάνουσιν,
2391 2521 2426 2591 ἢ
2474 2519 2841 2591 ἐφησυχάξειν
2880 2519 3082 2581 αὐτοῖς.
3114 2518 3238 2570 Ὅτι
3269 2517 3353 2569 δεῖ
3379 2516 3472 2569 τὸν
3520 2516 3683 2585 ἐλέγ-

2087 2630 2253 2684 χοντα
2297 2611 2437 2683 μετὰ
2489 2612 2671 2681 πάσης
2702 2609 3103 2680 εὐσπλαγχνίας
3143 2607 3296 2677 φόϐῳ
3342 2607 3456 2678 (85)
3496 2607 3680 2669 Θεοῦ,

2089 2702 2184 2760 καὶ
2212 2703 2401 2775 σκοπῷ
2439 2703 2535 2756 τοῦ
2579 2701 2903 2774 ἐπιπρέψαι
2933 2701 3027 2754 τὸν
3058 2699 3482 2772 ἁμαρτάνοντα,
3521 2699 3685 2766 ἐλέγ-

2091 2814 2227 2868 χειν.
2253 2796 2377 2849 Ὅτι
2410 2795 2492 2848 δεῖ
2534 2786 2627 2848 τδν
2670 2793 3028 2865 ἐλεγχόμενον
3067 2792 3101 2864 ἢ
3139 2789 3546 2863 ἐπιτιμώμενον
3571 2808 3685 2844 και

2089 2889 2411 2961 ταδέχεσθαι
2441 2887 2761 2958 προθύμως,
2787 2885 3121 2957 γνωρίζοντα
3146 2883 3208 2937 τὸ
3255 2882 3456 2936 ἐαυτοῦ
3482 2882 3682 2951 ὄφελος

2091 2986 2149 3037 ἐν
2181 2985 2247 3054 τῇ
2291 2978 2593 3052 διορθώσει.
2639 2979 2762 3032 ’Ότι
2796 2978 2860 3030 οὐ
2898 2976 3015 3039 δεῖ,
3063 2974 3465 3046 ἐγκαλουμένου
3505 2973 3679 3038 τινὸς,

2011 3113 2057 3172 c
2091 3077 2249 3133 ἄλλον
2276 3073 2505 3129 ἐνώπιον
2537 3073 2746 3125 ἐκείνου
2775 3071 2809 3142 ἢ
2854 3069 3030 3125 ἄλλων
3057 3069 3219 3123 τινῶν
3254 3068 3556 3138 ἀντιλέγειν
3598 3068 3682 3138 τῷ

401 3155 684 3212 accusatio
707 3153 960 3211 videatur
994 3154 1164 3211 alicui
1198 3171 1231 3210 a
1252 3157 1465 3212 ratione
1493 3157 1691 3224 aliena,
1723 3160 1982 3230 privatim
2013 3153 2039 3172 ‘

2089 3166 2429 3238 ἐγκαλοῦντι.
2488 3165 2613 3219 Ἐὰν
2671 3164 2727 3217 δέ
2799 3164 2908 3233 ἄρα
2963 3162 3094 3215 ποτέ
3156 3161 3350 3231 ἄλογον
3403 3162 3550 3233 φανῇ
3615 3158 3683 3212 τὸ

2090 3262 2343 3331 ἔγκλημά
2362 3276 2489 3325 τινι,
2517 3257 2637 3311 κατ’
2665 3256 2800 3310 ἰδίαν
2831 3257 3000 3309 κινεῖν
3025 3253 3183 3323 λόγον
3212 3253 3355 3326 πρὸς
3384 3253 3476 3307 τὸν
3510 3254 3682 3320 ἐγκα-

2088 3355 2285 3409 λοῦντα
2325 3352 2458 3425 (86),
2499 3350 2595 3405 καὶ
2637 3350 2672 3420 ἢ
2717 3347 3142 3420 πληροφορεῖνῆ
3188 3346 3678 3419 πληροφορεῖσθαι.

2092 3447 2216 3501 Ὅτι
2271 3444 2352 3499 δεῖ
2406 3444 2680 3505 ἕκαστον,
2729 3443 2829 3510 ὅση
2880 3439 3145 3510 δύναμις,
3198 3438 3527 3510 θεραπεύειν
3581 3436 3684 3492 τὸν

2090 3537 2286 3609 ἔχοντά
2315 3554 2368 3590 τι
2419 3537 2543 3590 κατ’
2585 3532 2773 3590 αὐτοῦ.
2806 3535 2929 3586 Ὅτι
2971 3533 3032 3584 οὑ
3074 3530 3155 3585 δεῖ
3205 3532 3567 3602 μνησικακεῖν
3594 3528 3682 3599 τῷ

2088 3630 2471 3700 ἀμαρτήσαντι
2499 3627 2594 3680 καὶ
2631 3624 3002 3697 μετανοοῦντι,
3031 3623 3146 3676 ἀλλ’
3176 3623 3241 3677 ἐκ
3268 3617 3495 3693 καρδίας
3520 3621 3682 3689 ἀφεῖ-

2090 3741 2199 3777 ναι.
2228 3723 2352 3775 Ὅτι
2384 3721 2466 3774 δεῖ
2490 3719 2580 3772 τὸν
2619 3717 2844 3786 λέγοντα
2881 3718 3161 3788 μετανοεῖν
3194 3713 3278 3784 ἐφ’
3313 3713 3680 3784 ἁμαρτήματι

2095 3816 2171 3888 μὴ
2232 3815 2392 3886 μόνον
2442 3811 2817 3881 κατανυγῆναι
2867 3809 2952 3878 ἐφ’
2981 3802 3026 3877 ᾧ
3073 3808 3343 3879 ἥμαρτεν,
3390 3804 3528 3860 ἀλλὰ
3577 3805 3681 3858 καὶ

2093 3905 2342 3978 καρποὺς
2379 3902 2565 3968 ἀξίους
2598 3903 2826 3971 ποιῆσαι
2866 3900 2967 3972 τῆς
3014 3897 3323 3970 μετανοίας.
3349 3897 3473 3950 Ὅτι
3504 3897 3535 3948 ὁ
3579 3897 3681 3948 ἐπὶ

2091 3999 2204 4061 τοῖς
2237 3995 2473 4069 πρώτοις
2503 3994 2866 4065 ἁμαρτήμασι
2900 3991 3231 4056 παιδευθεὶς,
3268 3988 3366 4043 καὶ
3393 3989 3490 4060 τῆς
3535 3989 3673 4057 ἀφέ-

2094 4106 2230 4152 σεως
2262 4085 2537 4154 ἀξιωθεὶς,
2585 4084 2680 4138 ἐὰν
2714 4083 2875 4137 πάλιν
2916 4083 3160 4154 ἁμάρτῃ,
3192 4084 3374 4154 χεῖρον
3406 4079 3501 4133 τοῦ
3535 4096 3677 4150 προι

2092 4182 2252 4252 τέρου
2284 4177 2684 4242 κατασκευάζει
2717 4174 2896 4246 ἐαυτῷ
2919 4176 2980 4228 τὸ
3002 4177 3178 4247 κρῖμα
3214 4174 3317 4244 τῆς
3337 4174 3529 4245 ὀργῆς.
3551 4173 3679 4227 Ὅτι

2092 4274 2175 4327 δεῖ
2201 4271 2293 4325 τὸν
2344 4270 2481 4342 μετά
2529 4268 2628 4339 τὴν
2684 4265 2908 4338 πρώτην
2951 4266 3045 4319 καὶ
3088 4264 3346 4338 δευτέραν
3389 4264 3680 4319 νουθεσίαν

2095 4365 2423 4435 ἐπιμένοντα
2464 4360 2540 4431 τῷ
2572 4359 2918 4430 ἐλαττώματι
2961 4357 3154 4411 ἑαυτοῦ
3200 4356 3568 4430 φανεροῦσθαι
3594 4357 3679 4429 τῷ

406 4444 554 4499 deat.
612 4440 772 4508 Quod
837 4440 884 4495 si
932 4456 1001 4494 ne
1049 4441 1133 4495 sic
1173 4443 1393 4510 quidem
1439 4443 1760 4499 emendatus
1797 4444 1985 4509 fuerit,

2094 4444 2415 4530 προεστῶτι,
2449 4450 2544 4505 ἐὰν
2592 4451 2701 4521 ἄρα
2744 4450 2850 4503 ὑπὸ
2905 4448 3166 4502 πλειόνων
3196 4448 3542 4518 ἐπιτιμηθεὶς
3582 4449 3676 4503 ἐνι

404 4536 666 4605 deinceps
715 4532 1120 4589 exscindendus
1181 4543 1284 4595 est,
1339 4542 1396 4589 ut
1443 4535 1784 4601 scandalum,
1822 4546 1985 4608 atque

406 4625 694 4683 habendus
723 4639 823 4695 pro
855 4624 1079 4680 ctbnico
1110 4641 1176 4680 ac
1207 4626 1500 4697 publicano
1536 4626 1600 4681 ad
1636 4628 1984 4685 securitatem

402 4733 597 4775 eorum
629 4717 724 4788 qui
754 4714 1121 4771 obedientiam
1181 4718 1286 4773 sibi
1316 4717 1499 4773 studio
1532 4717 1755 4786 habent,
1788 4734 1986 4774 secun-

405 4812 539 4867 dum
576 4808 634 4864 id
662 4807 809 4878 quod
837 4806 1044 4862 dictum
1083 4816 1171 4863 est
1199 4828 1214 4865 :
1240 4808 1427 4880 lmpiis
1475 4809 1820 4877 cadentibus,
1848 4811 1982 4881 justi

406 4902 602 4955 timore
630 4897 1026 4969 corripiuntur.
1065 4897 1171 4953 Sed
1200 4907 1254 4953 et
1282 4898 1564 4955 deﬂendus
1588 4910 1693 4964 est,
1722 4908 1781 4954 ut
1816 4916 1987 4955 mem-

408 4991 566 5045 brum
599 5004 632 5043 a
667 5004 898 5060 corpore
930 4990 1083 5059 101
1140 4989 1474 5045 abscissum.
1517 4988 1639 5045 Non
1684 4998 1902 5060 oportet
1928 4992 1984 5045 in

409 5080 695 5137 iracundia
720 5081 913 5137 fratris
944 5083 1115 5138 solem
1143 5081 1417 5149 occidere,
1449 5099 1520 5139 ne
1553 5099 1664 5137 nox
1693 5093 1986 5156 utrumque

409 5182 650 5247 separet,
684 5189 750 5231 ac
779 5175 836 5231 in
882 5175 972 5231 die
1014 5174 1209 5247 iudicii
1250 5173 1460 5232 crimen
1501 5176 1851 5233 ineluctabile
1899 5192 1985 5234 re-

482 5357 596 5429 (83)
636 5355 798 5429 (Vide
834 5356 1145 5429 Addenda.)

480 5426 612 5500 (84)_
637 5426 836 5500 Τῶν...
873 5426 1370 5500 ἐπιτεταγμέζῳν.
1403 5427 1497 5500 Sic
1529 5426 1664 5500 Reg.
1703 5436 1760 5485 et
1810 5432 1985 5490 Coisl.

408 5496 686 5576 secundus
707 5505 769 5576 _et
806 5497 916 5576 duo
949 5496 1207 5576 Combel‘;
1234 5496 1376 5552 Editi
1400 5498 1588 5576 τῆςη.
1614 5496 1990 5576 ἐπιτεταγμέ-

407 5584 524 5623 νου.
576 5565 742 5639 Coisl.
778 5569 988 5639 primus
1029 5577 1084 5623 et
1122 5567 1213 5622 alii
1257 5565 1509 5624 nonnulli
1555 5570 1760 5628 habent
1803 5565 1986 5629 ἐπιτε-

408 5637 811 5791 ηἷὲδῗνοιιξέᾷφ.
860 5706 1000 5764 Editi
1040 5707 1248 5764 addunt
1286 5707 1365 5774 ἐν,
1414 5705 1509 5763 sed
1549 5705 1608 5762 in
1650 5710 1814 5765 nullo
1859 5706 1984 5765 cod.

408 5793 519 5840 ms.
548 5791 873 5851 mpernnus.

2093 4549 2299 4622 τραπῇ.
2362 4544 2488 4597 Ἐὰν
2525 4543 2582 4596 δὲ
2628 4541 2763 4613 μηδέ
2793 4541 2936 4595 οὕτω
2980 4539 3464 4613 διορθώσηται,ὡς
3510 4541 3675 4596 σκὰνδ

2091 4642 2248 4696 δαλον
2278 4635 2642 4691 ἐκκόπτεσθαι
2674 4633 2768 4686 τοῦ
2815 4632 3003 4687 λοιποῦ
3023 4673 3038 4698 ,
3073 4633 3169 4686 καὶ
3215 4633 3292 4697 ὡς
3322 4632 3537 4687 ἐθνικὸν
3580 4634 3677 4687 καὶ

2091 4731 2329 4800 τελώνην
2361 4726 2589 4799 ὁρᾶσθαι
2619 4725 2755 4796 πρὸς
2787 4724 2883 4796 τὴν
2913 4725 3209 4793 ἀσφάλειαν
3235 4724 3343 4777 τῶν
3375 4725 3477 4797 τὴν
3508 4742 3677 4778 amr.»

2092 4825 2187 4896 δὴν
2218 4822 2320 4893 τῆς
2348 4818 2597 4888 ὑπακοῆς
2630 4817 3036 4888 ἐργαζομένων,
3070 4816 3214 4871 κατά
3250 4817 3313 4869 τὸ
3355 4818 3671 4887 εἰρημένον,

2103 4912 2343 4968 Ἀσεϐῶν
2378 4909 2861 4974 καταπιπτόντων,
2905 4907 3105 4962 δίκαιοι
3140 4908 3369 4978 ἔμφοϐοι
3406 4909 3671 4976 γίνονται.

2091 5009 2183 5061 Δεῖ
2212 5006 2269 5059 δὲ
2298 5004 2395 5058 καὶ
2426 5001 2644 5055 πενθεῖν
2682 5001 2770 5052 ἐπ’
2801 5000 2971 5070 αὐτῷ,
3007 4999 3084 5062 ὼς
3119 4999 3312 5070 μέλους
3343 5000 3675 5066 ἐκκοπέντος

2090 5100 2156 5152 ἐκ
2187 5096 2284 5151 τοῦ
2317 5094 2589 5165 σώματος.
2615 5092 2738 5146 Ὅτι
2767 5092 2828 5144 οὐ
2856 5090 2938 5145 δεῖ
2962 5093 3020 5144 ἐν
3045 5091 3414 5163 παροργισμῷ
3439 5092 3674 5162 ἀδελφοῦ

2089 5188 2339 5244 ἐπιδῦναι
2368 5186 2459 5239 τὸν
2491 5184 2666 5255 ἥλιον,
2697 5183 2770 5255 μή
2807 5199 2938 5236 ποτε
2981 5184 3016 5254 ἠ
3061 5181 3157 5248 νὺξ
3190 5181 3380 5254 διαστῇ
3428 5183 3545 5255 (87)
3582 5201 3671 5255 μς.
3705 5196 3711 5235 ζ

2166 5352 2278 5416 (εδ)
2319 5348 2480 5421 (Vide
2499 5346 2825 5421 _Ad_d_enda.)

2166 5414 2276 5491 (87)
2302 5414 2551 5491 Διαστῇ.
2580 5417 2755 5491 ngot.
2786 5415 3069 5491 διαστήσῃ.
3099 5414 3266 5491 Goisl.
3294 5416 3593 5491 secundus
3621 5424 3674 5471 et

2094 5486 2187 5546 alii
2210 5486 2320 5546 duo
2346 5505 2376 5542 a
2398 5487 2731 5542 Combelisio
2761 5486 2912 5558 citati
2943 5486 3257 5558 μεταστήσῃ
3282 5486 3631 5558 ἀμφοτέρους
3651 5503 3668 5520 ο

2095 5561 2180 5616 Ne
2209 5576 2314 5615 nox
2342 5570 2622 5627 utrumque
2662 5554 2969 5624 transferat.
3003 5554 3109 5609 Sed
3135 5554 3421 5627 retinenda
3447 5554 3569 5611 visa
3589 5564 3672 5612 est

2094 5633 2369 5701 scriptura
2399 5626 2638 5697 vulgata,
2667 5644 2788 5696 quae
2831 5627 2887 5679 in
2922 5626 3326 5695 antiquissimis
3356 5636 3543 5681 exstat
3581 5643 3671 5683 c0-

2093 5702 2313 5756 dicibus
2342 5698 2600 5753 Medicam
2624 5709 2681 5751 et
2701 5696 2874 5751 Coisl.
2904 5697 3103 5765 primo.
3133 5696 3281 5751 Satis
3311 5708 3397 5750 est
3420 5697 3574 5751 enim
3604 5697 3670 5750 ad

2095 5772 2282 5829 Basilii
2308 5783 2553 5834 sensum,
2587 5774 2644 5822 ut
2667 5768 3018 5824 metuendum
3041 5768 3135 5837 sit,
3160 5782 3227 5824 ne
3248 5782 3351 5823 vox
3374 5777 3671 5839 utrumque
