3886 6220
162 321 253 380 293

1081 310 1585 374 EPISTOLARUM
1621 313 1906 375 CLASSIS
1931 315 1985 374 ⁵1.
2026 315 2244 371 EPIST.
2323 315 2515 375 XXIII.

3297 311 3411 368 294

160 440 277 504 sua
307 429 663 509 ἀμφοτέρων,
697 439 794 490 καὶ
836 436 1115 510 καταλίπῃ
1159 436 1218 489 ὲν
1256 430 1448 506 ’ἡμέρᾳ
1491 435 1717 506 κρίσεως

1827 436 2059 506 linquat.
2101 422 2342 504 Tempus
2395 449 2502 488 non
2539 429 2981 504 protrahendum
3009 428 3076 484 ad
3101 427 3191 484 sui
3209 444 3408 483 emen-

161 529 518 602 ἀπαραίτητον
551 529 825 599 ἔγκλημα.
859 529 981 581 Ὅτι
1011 529 1072 581 οὐ
1104 527 1186 580 δεῖ
1213 527 1404 598 καιρὸν
1433 526 1724 597 ἀναμένειν

162 623 241 674 ὲπί
265 624 326 692 τῇ
355 618 553 673 ἑαυτοῦ
599 619 902 691 διορθώσει,
935 618 1024 672 διὰ
1072 619 1134 672 τὸ
1182 618 1257 690 μὴ
1293 617 1553 688 ἀσφαλὲς
1582 617 1724 688 ἔχειν

159 713 272 782 περὶ
309 712 406 781 τῆς
457 710 651 783 αὔριον
673 730 686 744 ·
739 713 822 765 ὅτι
855 711 1041 765 πολλοί
1084 710 1256 765 πολλὰ
1305 710 1723 781 βουλευσάμενοι

157 804 245 874 ’τὴν
284 800 470 873 αὔριον
525 803 588 854 οὑ
647 803 969 858 κατέλαϐον.
999 804 1123 858 Ὀτι
1175 803 1236 855 ού
1291 802 1372 855 δεῖ
1412 800 1722 854 ἀπατᾶσθαι

160 893 396 962 χορτασίᾳ
430 891 663 956 κοιλίας,
710 892 776 945 δι’
817 888 886 964 ἦς
919 893 1163 961 γίνονται
1205 891 1496 962 φαντασίαι
1534 908 1724 944 νυκτε-

155 983 450 1054 νριναί.”υτι
483 985 548 1036 οὑ
605 984 687 1036 δεῖ
731 985 1109 1056 περισπᾶσθαι
1139 988 1221 1049 εἰς
1271 985 1509 1056 ἄμετρον
1559 985 1724 1055 ἐργα-

162 1077 288 1141 σίαν,
322 1076 412 1129 καὶ
455 1076 810 1147 ὑπερϐαίνειν
844 1079 972 1141 τοὺς
1010 1077 1171 1148 ὄρους
1223 1077 1324 1147 τῆς
1370 1076 1719 1148 αὐταρκείας,

160 1167 286 1220 κατὰ
337 1167 425 1219 τὸν
480 1167 807 1221 ’Δπόστολον
844 1168 1102 1222 εἰπόνταο
1142 1170 1428 1238 Ἔχοντες
1478 1167 1548 1220 δὲ
1591 1167 1722 1221 δια-

161 1260 361 1328 τροφὰς
379 1299 394 1322 ,
429 1259 531 1313 καὶ
581 1260 1011 1330 σκεπάσματα,
1063 1262 1300 1328 τούτοις
1348 1261 1724 1330 ἀρκεσθησό-

157 1355 322 1422 μεθα·
356 1352 435 1404 ὅτι
465 1353 500 1421 ἡ
541 1353 828 1424 περισσεία
849 1394 863 1419 ,
907 1356 941 1425 ἡ
981 1354 1122 1425 ὑπὲρ
1171 1353 1270 1425 τὴν
1298 1353 1508 1426 χρείαν,
1538 1354 1721 1406 εἰκόνα

162 1443 448 1510 πλεονεξίας
486 1445 767 1515 ἐμφαίνει,
802 1447 838 1516 ὴ
872 1446 929 1499 δὲ
959 1445 1242 1511 πλεονεξία
1291 1447 1569 1516 ἀπόφασιν
1609 1446 1721 1518 ἔχει

163 1533 599 1606 εἰδωλολατρείας.
645 1537 766 1589 Ὅτι
816 1537 876 1588 οὐ
914 1537 997 1590 δεῖ
1031 1537 1365 1609 φιλάργυρον
1409 1533 1570 1605 εἶναι,
1601 1539 1720 1592 οὐδὲ

161 1623 484 1694 θησαυρίζειν
507 1626 590 1688 εἰς
617 1625 870 1696 ἀνωφελῆ
893 1625 930 1679 ἃ
965 1625 1040 1697 μὴ
1070 1625 1171 1682 δεῖ.
1189 1627 1313 1679 ’Ότι
1334 1625 1415 1678 δεῖ
1440 1626 1531 1678 τὸν
1555 1643 1721 1697 προσ-

159 1714 426 1786 ερχόμενον
450 1715 574 1786 Θεῷ
615 1716 1004 1788 ἀκτημοσύνην
1039 1716 1378 1782 ἀσπάζεσθαι
1405 1719 1546 1771 κατὰ
1581 1719 1717 1771 πάν-

166 1780 349 1866 τα,έαί
375 1780 777 1877 καθηλωμένον.
803 1780 1046 1879 εἰναιτῷ
1079 1780 1229 1879 φόϐιρ
1261 1807 1354 1862 τοῦ
1387 1807 1544 1872 Θεοῦ,
1577 1807 1718 1861 κατὰ
1746 1780 1797 1842 ’Β

163 1896 242 1947 τὸν
267 1896 511 1950 εἰπόνταο
559 1897 939 1965 Καθήλωσον
973 1901 1042 1952 ἐκ
1089 1899 1196 1953 τοῦ
1222 1902 1412 1968 φόϐου
1447 1916 1565 1954 σου
1610 1897 1718 1963 τὰς

165 1988 366 2055 σάρκας
404 2008 524 2059 μου
545 2008 560 2021 ·
609 1990 729 2044 ἀπὸ
760 1991 871 2061 γὰρ
914 1991 1038 2046 τῶν
1075 1992 1374 2062 χριμάτων
1415 2007 1534 2046 σου
1576 1992 1717 2060 ἐφο-

163 2075 330 2142 ε’ήθην
348 2077 477 2148 (88).
511 2077 640 2148 Δῴη
664 2077 720 2130 δὲ
754 2079 783 2129 ὁ
831 2076 1059 2150 Κύριος,
1111 2079 1251 2150 μετὰ
1288 2079 1470 2148 πάσης
1514 2078 1718 2149 πληρο-

170 2167 334 2237 ξορεας
364 2169 503 2239 ὑμᾶς
547 2169 989 2240 ἀναδεξαμένους
1019 2169 1089 2224 τὰ
1122 2171 1408 2244 εἰρημένα,
1453 2172 1532 2233 εἰς
1560 2169 1716 2234 δόξαν

162 2256 279 2309 Θεοῦ
322 2261 558 2329 καρποὺς
608 2261 793 2327 ἀξίους
838 2260 933 2314 τοῦ
985 2260 1304 2332 Πνεύματος
1348 2258 1716 2325 ἐπιδείξασθαι

167 2346 280 2400 Θεοῦ
312 2349 518 2420 εὐδοκία
547 2352 650 2404 καὶ
684 2354 944 2424 συνεργίᾳ
973 2354 1069 2405 τοῦ
1099 2352 1299 2424 Κυρίου
1339 2351 1494 2422 ἡμῶν
1541 2347 1715 2419 Ἰησοῦ

171 2431 404 2507 Χριποῦζ
421 2441 623 2513 Ἀμήν.

661 2557 1009 2613 ΕΠΙΣΤΟΛΗ
1046 2561 1152 2614 KI"

1827 527 2127 592 dationem,
2161 541 2226 580 eo
2253 527 2400 597 quod
2430 541 2538 580 non
2556 532 2773 580 constet
2799 523 2866 579 de
2894 522 3174 587 crastina;
3200 521 3410 592 quippe

1826 631 1950 670 cum
1970 616 2124 668 multi
2149 624 2274 686 post
2300 617 2470 670 multa
2495 615 2746 682 consilia,
2766 613 3071 670 crastinum
3096 627 3203 666 non
3225 613 3411 682 adepti

1825 712 1975 762 sunt.
2021 705 2141 764 Non
2191 715 2410 776 oportet
2441 707 2650 763 ventris
2685 705 2933 761 satietate
2961 703 3160 773 decipi,
3203 717 3268 756 ex
3297 716 3410 772 qua

1825 797 2090 868 imagines
2121 807 2408 852 nocturna:
2437 806 2762 852 nascuntur.
2782 794 2897 849 Non
2926 801 3141 864 oportet
3167 791 3405 847 distrahi

1824 905 1986 959 Opere
2021 888 2406 954 immoderato,
2441 904 2542 944 nec
2564 890 2725 944 debet
2757 887 3049 958 quisquam
3077 883 3408 955 frugalitatis

1824 979 2089 1034 terminos
2107 977 2393 1045 excedere,
2417 979 2720 1033 secundum
2751 979 3072 1047 Apostolum
3096 977 3368 1030 dicentem
3390 989 3406 1026 ;

1824 1067 2094 1123 Habentes
2137 1077 2310 1122 autem
2372 1070 2646 1134 alimenta,
2680 1078 2737 1122 et
2781 1070 2969 1138 quibus
3010 1078 3284 1138 tegamur,
3324 1064 3410 1121 his

1823 1162 2051 1214 contenti
2070 1160 2668 1230 erimus';pr0pterea
2720 1157 2866 1228 quod
2929 1159 3088 1228 copia
3135 1157 3278 1211 ultra
3311 1170 3411 1209 ne-

1821 1254 2135 1308 cessitatem
2193 1250 2458 1320 perducta
2516 1251 2810 1320 imaginem
2868 1249 3113 1304 avaritia:
3161 1247 3405 1311 exhibet,

1823 1344 2051 1398 avaritia
2081 1342 2408 1398 idololatria:
2446 1344 2667 1398 nomine
2698 1343 2994 1397 damnatur
3025 1341 3066 1396 ³.
3095 1338 3215 1394 Non
3245 1353 3409 1409 opor-

1821 1442 1899 1490 tet
1927 1435 2136 1504 argenti
2170 1435 2430 1505 cupidum
2447 1449 2594 1498 esse,
2625 1449 2802 1503 neque
2833 1432 3124 1486 thesauros
3152 1430 3409 1500 colligere

1824 1526 1878 1580 in
1903 1541 1994 1581 res
2017 1526 2241 1580 inutiles
2267 1542 2389 1596 qum
2428 1542 2536 1581 non
2573 1526 2921 1579 conveniant.
2963 1523 3189 1592 Oportet
3224 1528 3282 1574 ut
3310 1519 3410 1590 qui

1823 1616 1890 1671 ad
1923 1615 2090 1672 Deum
2129 1616 2364 1681 accedit,
2393 1624 2771 1686 paupertatem
2806 1614 3169 1686 amplectatur
3196 1612 3254 1666 in
3290 1626 3409 1666 om-

1821 1709 2004 1772 nibus,
2041 1718 2094 1762 et
2138 1709 2390 1765 conﬁxus
2437 1711 2508 1765 sit
2541 1709 2742 1764 timore
2773 1707 2891 1774 Dei,
2939 1705 3240 1762 secundum
3279 1717 3409 1758 eum

1824 1804 1919 1872 qui
1947 1803 2081 1857 dicit
2111 1820 2125 1856 :
2164 1801 2382 1872 Conﬁge
2405 1803 2590 1856 timore
2631 1812 2720 1854 tuo
2753 1817 2938 1854 carnes
2975 1814 3159 1862 meas;
3200 1795 3405 1866 αλιιάί-

1825 1897 1920 1949 ciis
1945 1896 2081 1949 enim
2111 1895 2214 1948 tuis
2251 1895 2404 1948 timui
2425 1895 2465 1948 ‘.
2500 1893 2598 1948 Det
2626 1903 2807 1949 autem
2863 1891 3150 1955 Dominus,
3195 1900 3254 1944 ut
3285 1903 3408 1960 qua

1825 1988 2066 2040 diximus
2099 2002 2225 2040 cum
2259 1987 2410 2040 οιιιηί
2440 1985 2607 2039 animi
2635 1985 2992 2055 persuasione
3019 1982 3404 2053 suscipientes,

1826 2079 1895 2133 ad
1925 2077 2020 2133 Dei
2055 2079 2286 2149 gloriam
2317 2076 2511 2148 dignos
2555 2076 2769 2131 fructus
2814 2075 3074 2145 Spiritus,
3108 2074 3202 2130 Dei
3241 2057 3408 2128 bene;

1826 2171 2048 2239 placito,
2103 2178 2268 2240 atque
2322 2168 2539 2223 Domini
2590 2169 2762 2224 nostri
2796 2167 2924 2226 Jcsu
2947 2168 3148 2223 Christi
3201 2166 3408 2222 auxilio

1825 2259 2149 2318 ostendatis.
2178 2261 2372 2314 Amen.

2307 2545 2654 2604 EPISTULA
2694 2547 2902 2603 XXlll'.

174 2668 268 2714 Cum
283 2665 466 2734 quidam
484 2666 534 2718 in
555 2682 620 2720 eo
638 2667 762 2734 loco,
783 2671 865 2720 ubi
909 2679 1021 2724 tunc
1043 2679 1144 2724 erat
1171 2672 1401 2734 Basilius,
1431 2671 1748 2723 monasticam
1769 2665 1917 2734 vitam
1940 2663 2170 2734 amplecti
2192 2662 2348 2734 uellet,
2372 2661 2560 2713 distulit
2593 2676 2715 2734 eum
2735 2661 2963 2734 Basilius,
2990 2665 3168 2734 ovolens
3186 2677 3317 2734 _eum
3349 2662 3407 2734 in

219 2727 476 2797 monasterio
494 2745 587 2798 suo
614 2727 860 2798 suscipere
882 2747 900 2793 ;
932 2735 1165 2798 sednunc
1190 2741 1371 2798 mutato
1389 2727 1597 2798 consitio
1619 2746 1727 2798 eum
1748 2727 1909 2790 mittil,
1932 2741 1990 2777 ac
2013 2727 2236 2790 prwcipit
2257 2737 2309 2776 ut
2330 2738 2382 2776 se
2404 2739 2498 2776 non
2523 2732 2794 2787 exspectato
2815 2727 3132 2789 suscipiatur,
3151 2727 3287 2790 eique
3308 2727 3407 2776 ali-

218 2792 326 2851 quis,
340 2804 472 2854 quem
489 2792 598 2856 ipse
619 2792 834 2858 elegerit,
847 2792 1146 2859 prwﬁcialur
1169 2795 1278 2847 vitm
1297 2796 1552 2847 sanctioris
1571 2793 1816 2859 magister.

377 2901 750 2970 Παραθετικὴ
777 2901 887 2973 (89)
923 2903 1074 2970 πρὸς
1109 2903 1463 2974 μονάζοντα.

239 3009 288 3063 '0
310 3011 444 3066 δεῖνα
476 3013 609 3087 (90),
647 3013 726 3078 ὡς
757 3013 928 3082 λέγει,
977 3016 1280 3084 καταγνοὺς
1323 3018 1423 3090 τῆς
1455 3018 1548 3072 τοῦ
1592 3019 1708 3090 βίου

2148 2895 2594 2952 Commendatitia
2623 2895 2692 2949 ad
2721 2904 3052 2950 monachum.

1889 3013 2003 3072 Ille.
2059 3020 2120 3066 ut
2152 3013 2250 3078 ait,
2299 3013 2677 3068 condcmnans
2705 3013 2826 3066 vitae
2873 3012 3040 3080 hujus
3081 3012 3400 3080 vanitatem,

179 3101 331 3156 τούτου
365 3079 494 3176 (91)-
508 3079 921 3177 ματαιότητος,
943 3110 1036 3161 καὶ
1078 3079 1443 3180 καταμαθὼν,
1490 3079 1716 3183 ὅτιπῆς

1826 3112 1994 3174 atque
2042 3104 2386 3174 exploratum
2449 3104 2659 3158 habens
2697 3079 2981 3172 praesentis
3010 3104 3130 3158 vitae
3159 3105 3405 3160 oblecta—

181 3189 297 3261 ζωῆς
324 3193 511 3264 ταύτης
542 3195 620 3248 τὰ
678 3194 887 3266 τερπνὰ
932 3195 1163 3249 ἐνταῦθα
1206 3197 1302 3268 τὴν
1335 3203 1715 3271 καταστροφὴν

181 3281 295 3352 ἔχει,
323 3284 442 3350 ὔλας
488 3289 650 3356 μόνον
691 3289 1167 3353 κατασκευάζοντα
1198 3289 1276 3359 τῷ
1316 3291 1520 3362 αἰωνίῳ
1560 3293 1711 3362 πυρὶ,

182 3377 362 3444 ταχεῖαν
386 3377 438 3432 δὲ
483 3377 681 3448 ἔχοντα
724 3378 822 3449 τὴν
867 3379 1118 3450 πάροδον,
1168 3380 1431 3434 κατέλαϐέ
1463 3399 1550 3453 με,
1594 3382 1715 3453 βου-

182 3463 364 3534 λόμενος
392 3469 696 3540 ἀποστῆναι
735 3471 833 3540 μὲν
876 3471 976 3542 τῆς
1003 3471 1282 3541 μοχθηρᾶς
1324 3473 1418 3526 καὶ
1451 3475 1711 3528 πολυστε-

183 3554 342 3610 vinos
369 3558 523 3628 ζωῆς,
551 3561 873 3614 καταλιπεῖν
917 3561 971 3614 δὲ
997 3563 1095 3626 τὰς
1131 3563 1229 3634 τῆς
1261 3566 1460 3636 σαρκὸς
1498 3567 1707 3638 ἡδονὰς,

182 3644 388 3700 ἐπελθεῖν
408 3650 460 3702 δὲ
481 3651 672 3705 λοιπὸν
700 3656 765 3724 τῇ
947 3657 1011 3724 τῇ
1043 3654 1252 3726 ἀγούσῃ
1289 3657 1380 3708 ἐπὶ
1411 3657 1510 3721 τὰς
1542 3658 1708 3729 μονὰς

183 3735 257 3790 τοῦ
294 3740 499 3812 Κυρίου.
534 3744 756 3815 Ἐπειδὴ
800 3740 891 3797 οὖν
941 3746 1238 3812 ἀναγκαῖόν
1284 3749 1450 3811 ἐστιν,
1497 3752 1546 3802 εἰ
1603 3749 1705 3820 φύ-

186 3837 251 3874 σει
277 3823 369 3893 (92)
393 3828 444 3878 ἐν
475 3829 742 3901 ἐπιθυμία
777 3831 1076 3902 καθέστηκε
1104 3835 1202 3904 τῆς
1235 3837 1510 3907 μακαρίας
1541 3837 1712 3904 ὅντως

184 3908 431 3986 διαγωγῆς,
476 3922 564 3972 καὶ
609 3921 704 3972 τὸν
754 3922 916 3974 καλὸν
957 3924 1052 3976 καί
1099 3925 1488 3997 ἐπαινούμενον
1531 3929 1710 3999 ἔρωτα

181 4001 311 4070 ξηεν
337 4006 388 4056 ὲν
417 4010 476 4077 τῇ
511 4008 707 4061 ἑαυτοῦ
730 4008 896 4079 ψυχῇ,
919 4011 1213 4082 ἀγαπήσας
1235 4013 1438 4084 Κύριον
1459 4015 1550 4068 τὸν
1577 4016 1710 4069 Θεὸν

181 4091 310 4161 ἡμῶν
338 4096 390 4162 ἐξ
425 4099 545 4170 ὅλης
586 4100 836 4172 καρδίας,
873 4103 967 4156 καὶ
994 4100 1054 4168 ἐξ
1099 4103 1226 4177 δλης
1267 4104 1480 4176 ἰσχύος,
1517 4109 1612 4160 καὶ
1652 4107 1711 4174 ἐξ

248 4213 300 4267 'l
327 4216 452 4274 Tim.
481 4238 551 4283 vr,
576 4223 631 4277 8.

191 4338 364 4402 separet
396 4332 708 4390 alterutrius
734 4345 937 4402 morte;
989 4353 1093 4392 nec
1127 4339 1339 4393 videtur
1365 4339 1572 4396 dixisse
1603 4359 1714 4396 me-

187 4400 405 4476 tuendum
425 4419 561 4478 esse,
597 4422 662 4458 ne
692 4423 796 4478 no.1:
829 4400 1108 4478 utrumque
1137 4410 1446 4478 transferat.
1477 4410 1536 4465 ιιι
1563 4414 1708 4468 enim

191 4475 336 4548 minus
361 4477 690 4548 naturale‘ac
715 4475 867 4548 dictu
896 4475 1156 4548 proclive.

245 4538 338 4614 (ἕξ)
373 4541 516 4606 (Vide
543 4544 851 4614 Addenda.)

252 4608 345 4676 (89)
368 4614 740 4682 Παραθετική.
784 4608 875 4671 Sic
915 4633 1106 4672 omnes
1140 4621 1359 4675 codices
1403 4636 1538 4677 mss.
1568 4621 1710 4676 Editi

194 4683 653 4762 ra‘pat\tazt_itﬁ._Se_x
695 4688 915 4762 codices
958 4698 1012 4744 et
1047 4690 1189 4762 editi,
1211 4691 1417 4745 addlllli
1449 4693 1584 4762 πρὸς
1617 4709 1713 4761 μο-

194 4749 399 4831 ζαζοντα.
427 4749 565 4831 Harl.
600 4755 996 4831 ἁποταξαμένῳ
1024 4759 1103 4831 τῷ
1139 4759 1238 4831 βίῳ
1269 4762 1362 4814 καί
1398 4749 1709 4831 μονᾶσαντι,

196 4814 251 4868 Εἰ
275 4819 349 4886 qui
370 4823 548 4877 circulo
589 4814 909 4881 renuntiauil
945 4814 994 4881 ἐι
1023 4814 1184 4882 vitain
1209 4814 1566 4884 .mnnas'ticam
1591 4814 1711 4884 am;

196 4888 344 4971 εἰει-πω
376 4901 468 4971 est.
499 4893 601 4948 Sed
646 4896 823 4971 inuhis
874 4899 1045 4971 titulis
1095 4900 1426 4971 diligentiam
1470 4903 1708 4971 requiro.

199 4955 294 5037 Non
315 4962 439 5013 enim
471 4979 631 5018 unum
673 4966 910 5037 aliquem
950 4955 1225 5037 privatim",
1255 4971 1350 5024 sed
1381 4955 1562 5024 totum
1592 4955 1712 5026 mo;

201 5028 800 5108 naclbprum‘conventum
837 5028 1134 5108 alloquitur
1171 5028 1428 5094 Basilius.

258 5096 439 5181 (90)
459 5101 636 5160 δεῖνα.
691 5103 749 5159 ln
800 5096 1206 5177 interpretanda
1239 5110 1342 5164 hac
1390 5124 1542 5173 voce,
1591 5126 1713 5181 qum

202 5180 316 5246 saepe
343 5169 462 5224 alias
472 5184 750 5246 occurret,
789 5169 1014 5232 secutus
1045 5193 1165 5234 sum
1191 5190 1429 5234 veterem
1477 5169 1706 5236 morem.

204 5231 438 5318 \‘ituperat
462 5231 784 5318 Cyprianus,
819 5248 873 5301 in
903 5231 1064 5318 epist.
1086 5231 1172 5318 ixi,
1205 5231 1717 5306 ιίιλὲὶιὸεῐὲὸὶιῖέὲζ

205 5307 553 5386 solibus-datos
571 5315 712 5386 hunc
732 5307 784 5371 in
816 5307 1057 5377 modum.
1091 5307 1452 5373 communicet
1480 5320 1572 5374 ille
1594 5337 1714 5374 cum

204 5376 308 5455 suis:
347 5376 588 5437 Observat
635 5385 890 5442 Baluzius
933 5390 990 5442 in
1045 5376 1200 5443 Notis
1251 5390 1332 5445 sic
1366 5390 1562 5445 solitus
1591 5407 1716 5446 esse

207 5447 415 5528 scribere.
435 5455 676 5528 antiquos
703 5472 802 5528 pro
834 5472 920 5528 eo,
959 5458 1105 5528 quod
1147 5460 1418 5528 posterior
1449 5471 1582 5516 tetas
1626 5462 1717 5514 lit-

209 5519 436 5601 ξεῖ-ειπερ.
468 5519 724 5601 adhibuit:
751 5519 1087 5601 Epiphanius
1112 5519 1166 5582 in
1198 5528 1438 5598 Epistula
1465 5530 1538 5601 ad
1555 5530 1716 5585 Joan-

211 5587 876 5668 atmilierosolymitangunf,
909 5615 973 5652 ex
1019 5587 1471 5668 interpretatione
1523 5599 1716 5656 Hiero-

213 5665 346 5740 {‘l'l‘“.
368 5672 513 5740 )Iegat
542 5665 602 5740 se
631 5682 728 5736 pro
748 5665 956 5723 Joanne
990 5668 1043 5740 in
1077 5665 1346 5724 sacriﬁcio
1383 5672 1600 5724 solitum
1635 5672 1715 5725 sic

215 5733 416 5789 precari:
457 5733 684 5805 Domine,
744 5748 938 5808 prmia
980 5738 1176 5796 Joanni
1227 5750 1281 5794 ut
1325 5751 1458 5796 recte
1510 5741 1709 5810 credat,

714 4222 734 4253 ³
764 4222 978 4280 Coloss.
1006 4240 1091 4290 ιιι,
1121 4225 1175 4283 5.
1254 4225 1276 4257 ⁸
1296 4227 1446 4282 Psal.
1470 4243 1661 4297 cxvm,
1690 4232 1810 4287 120.

1821 3202 2002 3249 menta
2027 3194 2116 3250 hic
2145 3197 2306 3251 linem
2334 3196 2556 3259 habere,
2579 3195 2866 3250 materiam
2912 3196 3179 3251 duntaxat
3197 3204 3406 3252 aeterno

1821 3286 1932 3355 igni
1965 3287 2356 3356 przeparantia,
2386 3294 2441 3340 et
2470 3287 2581 3340 cito
2603 3287 2972 3352 transeuntia,
3012 3291 3269 3342 convenit
3295 3305 3404 3356 me,

1821 3381 2010 3437 volens
2061 3381 2131 3436 ab
2176 3382 2282 3437 hac
2342 3383 2544 3437 misera
2586 3381 2852 3450 valdeque
2891 3384 3142 3439 luctuosa
3177 3384 3291 3438 vita
3319 3400 3407 3440 se-

1819 3471 2035 3538 cedere,
2092 3487 2158 3526 ac
2205 3473 2417 3528 relictis
2477 3474 2664 3528 carnis
2709 3475 3082 3544 voluptatibus
3144 3475 3404 3547 deinceps

1814 3561 1959 3616 viam
2018 3562 2087 3617 ad
2120 3561 2340 3617 Domini
2394 3564 2713 3620 mansiones
2756 3565 3115 3622 deducentem
3161 3567 3401 3639 ingredi.

1814 3649 2086 3716 Quoniam
2120 3668 2274 3725 ergo,
2308 3653 2356 3709 si
2392 3653 2628 3709 instituti
2659 3671 2786 3712 vere
2827 3657 2973 3712 beati
3006 3657 3224 3714 sincero
3258 3658 3406 3714 desi—

1812 3743 1964 3797 derio
1997 3750 2234 3808 tenetur,
2290 3744 2564 3816 habetque
2614 3747 2668 3802 in
2720 3763 2823 3804 sua
2871 3748 3053 3802 anima
3101 3748 3308 3804 bonum
3335 3764 3402 3805 ac

1815 3834 2144 3889 laudabilem
2185 3850 2450 3903 amorem,
2502 3837 2738 3910 diligens
2797 3839 3083 3894 Dominum
3137 3839 3303 3896 Deum
3333 3857 3401 3896 ex

1816 3934 1933 3981 toto
1985 3927 2172 3993 corde,
2224 3935 2279 3983 et
2331 3942 2399 3983 ex
2452 3931 2580 3984 totis
2613 3931 2820 3984 viribus
2852 3940 2908 3984 et
2944 3946 3011 3984 ex
3053 3938 3163 3985 tota
3189 3940 3396 3997 mente,

1817 4035 2046 4076 necesse
2071 4028 2158 4077 est
2183 4029 2244 4076 ut
2292 4021 2371 4075 illi
2403 4021 2477 4076 ob
2495 4023 2688 4076 oculos
2729 4031 2912 4076 vestra
2945 4025 3118 4093 pietas
3147 4032 3312 4078 arctte
3332 4040 3432 4090 ac.

1816 4122 2193 4185 coangustata:
2232 4115 2332 4170 via:
2380 4114 2724 4170 incommoda
2757 4125 2811 4170 et
2852 4115 3177 4185 asperitates
3206 4126 3397 4187 ponat,

1821 4344 1915 4398 sed
1950 4344 2004 4397 in
2037 4343 2184 4414 hunc
2217 4341 2440 4414 modum
2465 4361 2478 4396 :
2505 4341 2728 4414 custodi
2751 4343 2902 4396 illum
2929 4344 3020 4414 qui
3047 4344 3302 4414 praedicat
3316 4361 3400 4399 ve-

1743 4453 1788 4506 υ
1820 4417 2052 4506 νίειῇιρηι,
2223 4420 2371 4506 εει-ξε
2413 4412 2511 4476 ita,
2547 4412 2898 4506 Tu'prmta,’
2937 4412 3177 4506 Domine,
3209 4424 3260 4468 et
3300 4431 3398 4497 eu-

1817 4485 1980 4545 stodi,
2013 4492 2070 4536 ut
2104 4484 2193 4536 ille
2228 4482 2440 4536 verbum
2491 4483 2739 4552 praedicet
2791 4485 3047 4540 veritatis.
3096 4485 3276 4554 Atque
3321 4487 3397 4539 ita

1817 4554 2035 4625 quidem
2058 4553 2302 4625 antiqui,
2323 4554 2365 4606 si
2393 4569 2554 4625 quem
2582 4555 2751 4609 tacito
2777 4554 2999 4609 nomine
3021 4553 3392 4625 designarent.

1819 4623 1913 4678 Sin
1949 4631 2128 4677 autent
2160 4623 2443 4678 dominum
2469 4623 2666 4678 domus
2689 4639 2754 4676 ae
2776 4623 3166 4693 praepotentem
3192 4624 3394 4692 virum,

1819 4695 2118 4764 utebantur
2148 4693 2252 4764 hac
2284 4708 2416 4764 voce
2447 4691 2812 4764 abrogvelu't
2841 4691 3167 4764 Pythagorei
3194 4694 3262 4749 de
3282 4691 3397 4748 ma-

1816 4765 2011 4835 gistro,
2041 4763 2203 4835 αὐτὸς
2227 4763 2354 4835 ἔφα,
2388 4763 2499 4835 ipse
2539 4763 2701 4835 dixit.
2727 4762 3128 4835 Quod‘idcirco
3147 4771 3396 4835 notatum

1816 4833 1988 4897 volui,
2022 4834 2150 4902 quia
2180 4849 2244 4886 ex
2275 4833 2378 4887 hac
2417 4833 2800 4888 observatione
2832 4833 3087 4887 enitescit
3117 4833 3269 4887 locus
3294 4833 3398 4886 Ba-

1816 4903 1922 4959 silii
1959 4917 2070 4956 non
2106 4902 2342 4972 dillicilis
2386 4902 2479 4971 qui
2515 4911 2698 4972 tamen
2750 4904 2913 4957 torsit
2946 4903 3399 4972 interpretesLls

1815 4981 1996 5027 exstat
2038 4972 2094 5026 in
2125 4971 2433 5028 Comment.
2476 4973 2530 5026 in
2568 4971 2770 5026 Isaiam
2812 4987 2866 5040 p.
2899 4971 3023 5030 498.
3062 4971 3121 5025 in
3145 4979 3259 5026 not.
3292 4971 3396 5026 Ubi

1817 5042 2051 5096 Basilius
2081 5042 2342 5096 observat
2391 5057 2486 5098 eos
2517 5045 2614 5112 qui
2647 5043 2701 5095 in
2733 5041 2963 5112 privatis
2990 5041 3246 5098 domibus
3300 5057 3399 5097 au-

1816 5114 2074 5168 ctoritate
2107 5112 2425 5178 praecellunt
2457 5110 2598 5180 ipsos
2625 5110 2811 5165 vocari
2842 5110 3039 5164 solere.

1911 5182 2000 5236 9|)
2047 5183 2286 5235 Τούτου.
2319 5180 2481 5236 Deest
2520 5198 2582 5235 ea
2621 5196 2727 5235 vox
2757 5181 2811 5235 in
2833 5181 3051 5235 duobus
3084 5195 3224 5236 mss.

1911 5183 1970 5235 9|
2047 5183 2286 5235 Τούτου.
2319 5182 2481 5236 Deest
2520 5198 2582 5235 ea
2621 5196 2727 5235 vox
2757 5182 2811 5235 in
2833 5182 3051 5235 duobus
3084 5195 3224 5236 mss.

1887 5182 2000 5323 (92)
2034 5253 2104 5304 El
2133 5252 2335 5323 φύσει.
2371 5251 2698 5323 Designatur
2731 5251 2833 5305 hac
2846 5265 2992 5323 _v_oce
3035 5249 3306 5323 sincerum
3343 5257 3399 5305 et

1817 5319 2184 5404 simulationis
2206 5336 2404 5404 expers
2431 5319 2794 5404 desiderium.
2842 5319 2932 5374 Sic
2961 5319 3104 5404 apud
3155 5321 3397 5374 Athana-

1817 5394 1958 5446 sium
1990 5391 2044 5444 in
2073 5389 2315 5460 Epistola
2340 5391 2405 5444 ad
2430 5389 2758 5460 Epictetum,
2786 5406 2906 5458 qua:
2937 5389 3096 5459 φύσει
3129 5406 3397 5460 peragun-

1817 5469 1928 5527 tur,
1967 5461 2194 5532 iis_quae
2234 5460 2402 5532 θέσει,
2433 5460 2723 5532 φαντασίᾳ,
2765 5460 3004 5532 δοκήσει,
3066 5461 3118 5514 id
3158 5470 3243 5516 est
3272 5463 3400 5518 ticte

1815 5542 1870 5587 et
1899 5529 2156 5586 simulate
2187 5545 2255 5600 ac
2272 5529 2799 5600 isolaispecieﬁunt,
2829 5529 3206 5600 opponuntur.

1891 5605 1910 5624 ⁶
1937 5600 2088 5654 Alias
2133 5598 2549 5672 CCCLXXXUI.
2605 5598 2822 5672 Scripta
2865 5598 3083 5660 Videtur
3134 5600 3399 5660 Casam:

1817 5688 1940 5729 cum
1978 5678 2124 5728 esset
2151 5670 2460 5742 presbyter.
