3886 6220
446 353 551 413 295

1727 344 1765 398 S
1826 342 2075 399 BASlLll
2116 338 2329 399 MAGNI

3616 336 3715 394 εει

408 489 422 513 ι
443 484 679 540 eumque
699 468 1002 524 constituat
1038 468 1094 522 in
1127 482 1224 538 spe
1258 467 1548 529 bonorum,
1571 479 1695 534 quae
1715 479 1861 518 nunc
1887 479 2026 517 non-

2142 463 2255 531 ὅλης
2286 458 2546 522 διανοίας,
2570 454 2953 528 ὑποδειχϐἦναι
2981 454 3131 529 αὖτῷ
3167 455 3273 512 ὑπὸ
3302 458 3403 529 τῆς
3441 456 3716 528 ὑμετέρας

443 563 575 617 dum
606 561 878 624 videntur,
911 561 1003 616 sed
1034 563 1089 615 in
1123 557 1585 629 promissionibus
1622 557 1861 627 reposita
1889 564 2021 612 sunt

444 653 532 708 bis
575 654 666 722 qui
725 652 881 721 102
936 650 1168 704 Domino
1219 648 1370 718 digni
1414 646 1656 711 fuerint;
1688 645 1895 701 idcirco
1923 660 2022 716 per

443 745 732 813 qpisrolam
791 743 1057 795 adhortor
1132 739 1617 809 incomparabilem
1668 744 1907 792 vestram
1964 736 2022 790 in

444 834 664 890 Christo
693 834 1100 904 perfectionem,
1128 839 1185 886 ut
1213 847 1361 894 eum,
1412 832 1456 885 si
1484 831 1601 885 fieri
1626 837 1828 900 potest,
1859 828 2022 884 insti-

445 930 633 989 tuatis,
665 934 718 980 et
743 926 861 981 sine
892 940 978 979 me
1006 923 1466 979 renuntiationem
1495 924 1571 977 illi
1598 921 1899 977 secundum
1929 920 2022 977 Dei

444 1014 843 1084 beneplacitum
885 1012 1217 1074 conficiatis,
1244 1026 1313 1066 ac
1342 1010 1670 1065 informetur
1698 1019 1752 1065 et
1782 1011 2024 1065 elemen-

445 1105 519 1160 tis
546 1106 820 1159 imbuatur
869 1102 1171 1157 secundum
1202 1116 1268 1155 ea
1290 1116 1413 1171 qua:
1444 1114 1475 1153 a
1509 1098 1767 1155 Patribus
1814 1099 2024 1155 sanctis

446 1204 649 1252 statuta
679 1203 734 1250 et
781 1195 1002 1263 scriptis
1033 1194 1289 1248 mandata
1329 1199 1493 1257 sunt;
1524 1191 1720 1246 deinde
1746 1191 1794 1246 ci
1825 1207 2027 1262 propo-

447 1294 649 1342 nantur
677 1286 861 1340 omnia
888 1300 1230 1356 quaecunque
1259 1283 1328 1338 ad
1359 1283 1481 1338 vitae
1508 1283 1760 1338 asceticae
1788 1298 2025 1337 accura-

445 1388 557 1433 tam
610 1378 881 1433 rationem
925 1378 1176 1442 attinent,
1209 1384 1264 1430 et
1301 1376 1383 1431 sic
1416 1376 1760 1435 admittatur,
1811 1376 2026 1430 labores

447 1484 548 1538 pro
574 1470 771 1540 pietate
799 1477 995 1538 sponte
1021 1468 1354 1537 suscipiens,
1389 1480 1453 1520 ac
1479 1482 1599 1521 sese
1632 1466 1789 1521 suavi
1814 1465 2027 1519 Domini

445 1561 578 1632 jugo
610 1562 940 1615 submittens
970 1576 984 1624 ;
1022 1568 1075 1615 et
1103 1559 1170 1613 ad
1198 1559 1558 1613 imitationem
1599 1558 1748 1612 illius
1781 1558 1873 1627 qui
1903 1573 2029 1627 pro-

446 1660 569 1723 pter
612 1668 715 1707 nos
760 1666 964 1721 egenus
1012 1648 1192 1705 factus
1236 1659 1323 1705 est
1351 1650 1373 1681 '
1409 1665 1743 1719 carnemque
1774 1650 2025 1720 gestavit,

2126 550 2438 614 Θεοσεϐείας
2470 548 2539 602 τὰ
2565 548 2802 619 δυσχερῆ
2828 547 2923 600 καὶ
2946 547 3250 618 δυσάντητα
3271 547 3370 617 τῆς
3395 545 3609 615 στενῆς
3628 545 3716 599 καὶ

2122 643 2493 729 τεθλιμμένης
2520 638 2662 729 ὀδοῦ,
2682 641 2750 729 ὲν-
2767 638 2944 729 ἐλπίδι
2960 638 3021 729 Δδὲ
3049 638 3211 692 αὑτὸν
3234 637 3592 706 καταστῆσαι
3615 636 3716 708 (95)

2123 735 2233 789 τῶν
2264 733 2357 787 νῦν
2401 727 2540 795 τέως
2596 728 2673 801 μὴ
2732 727 3110 798 βλεπομένων,
3144 730 3201 782 ὲν
3252 729 3626 798 ἐπαγγελίαις
3663 728 3717 781 δὲ

2125 824 2510 896 ἀποκειμένων
2569 821 2791 891 ἀγαθῶν
2824 824 2939 884 τοῖς
2995 820 3168 885 ἀξίοις
3209 820 3304 874 τοῦ
3348 821 3604 892 Κυρίου·
3645 819 3719 874 διὸ

2124 922 2355 992 γράφων
2377 918 2490 989 (94)
2520 914 2828 988 παρακαλῶ
2855 914 2952 985 τὴν
2973 914 3302 985 ἀσύγκριτον
3322 913 3486 984 ὑμῶν
3509 915 3572 967 ὲν
3592 914 3719 983 Χρι-

2125 1012 2237 1084 στῷ
2262 1011 2597 1081 τελειότητα,
2619 1007 2869 1061 τυπῶσαι
2903 1008 2952 1060 εἰ
2993 1003 3167 1059 οἷόντε
3206 1007 3315 1077 εἴη,
3341 1007 3438 1059 καὶ
3467 1005 3599 1075 δίχα
3625 1022 3719 1074 μον

2126 1106 2351 1176 ποιῆσαι
2380 1104 2478 1175 τήν
2506 1119 2566 1156 τε
2598 1100 2885 1171 ἀποταγὴν
2907 1098 3055 1170 αὐτῷ
3077 1097 3191 1169 (95)
3217 1098 3360 1152 κατὰ
3389 1096 3455 1151 τὸ
3485 1097 3720 1168 ἀρέσκον

2126 1197 2265 1267 Θεῷ,
2286 1198 2378 1250 καὶ
2398 1192 2804 1266 στοιχειωθῆναι
2817 1192 2927 1263 (96)
2941 1192 3100 1246 αὐτὸν
3116 1190 3260 1245 κατὰ
3276 1190 3346 1245 τά
3360 1191 3603 1257 δόξαντα
3619 1190 3719 1251 τοῖς

2125 1291 2303 1358 ἁγίοις
2334 1287 2602 1359 Πατράσι,
2622 1285 2717 1339 καὶ⁸
2745 1284 3041 1356 ἐγγράφως
3066 1284 3157 1337 ὑπ’
3177 1281 3356 1338 αὐτῶν
3386 1282 3717 1335 ἐκτεθέντα·

2129 1383 2323 1453 ἥδη-δὲ
2361 1379 2512 1450 αύτῷ
2558 1376 2895 1450 προταθῆναι
2922 1376 3037 1446 (97)
3072 1377 3289 1430 ἅπαντα
3320 1375 3419 1428 ὅσα
3463 1376 3537 1444 τῇ
3574 1373 3723 1443 ἀκρι-

2129 1474 2251 1544 ϐείᾳ
2276 1473 2421 1525 δοκεῖ
2458 1472 2525 1541 τῇ
2562 1470 2856 1538 ἁσκητικῇ,
2888 1466 2980 1521 καὶ
3008 1465 3179 1528 οὕτως
3209 1465 3369 1518 αὐτὸν
3396 1462 3723 1535 προσαχθῆετ

2128 1582 2215 1618 ναι
2247 1561 2323 1633 τῷ
2354 1562 2453 1632 βίῳ
2472 1560 2581 1631 (98)
2601 1600 2614 1622 ,
2638 1558 2977 1630 αὐθαιρέτως
3001 1557 3391 1627 ἀναδεξάμενον
3418 1556 3561 1616 τοὺς
3586 1553 3720 1625 ὑπὲρ

2130 1656 2232 1725 τῆς
2268 1653 2549 1716 εὐσεϐείας
2592 1651 2809 1720 ἀγῶνας
2830 1689 2845 1713 ,
2888 1652 2982 1703 καὶ
3015 1648 3363 1717 ὑπαγαγόντα
3409 1646 3620 1700 ἑαυτὸν
3651 1644 3722 1713 τῷ

447 1746 616 1798 vitam
644 1744 961 1806 instituens,
992 1758 1057 1797 ac
1093 1742 1397 1797 secundum
1430 1742 1769 1812 prepositum
1799 1754 2029 1795 currens

2142 1745 2358 1818 χρηστῷ
2406 1743 2501 1798 τοῦ
2536 1743 2742 1814 Κυρίου
2795 1741 2979 1811 ζυγῷ,
3031 1741 3121 1794 καὶ
3167 1739 3307 1794 κατὰ
3352 1739 3601 1810 μίμησιν
3636 1735 3722 1791 τοῦ

450 1834 518 1889 ad
547 1833 849 1888 vocationis
879 1847 1132 1902 supernae
1161 1832 1468 1901 praemium,
1493 1830 1711 1884 laudem
1744 1844 1775 1882 a
1806 1828 2031 1882 Domino

2142 1816 2202 1889 δι’
2232 1816 2385 1905 ἡμᾶς
2414 1831 2828 1903 πτωχεύσαντος
2867 1831 2962 1884 καὶ
2992 1830 3169 1900 σάρκα
3201 1828 3543 1899 φορέσαντος
3575 1828 3721 1880 πολι-

449 1932 840 1994 consequatur.
907 1926 1017 1996 Ego
1076 1926 1224 1980 enim
1279 1924 1433 1978 illum
1499 1923 1591 1978 hic
1638 1921 1846 1975 amoris
1904 1935 2031 1989 erga

2142 1927 2507 1997 τευσάμενον,
2563 1925 2658 1979 κα)⁵
2709 1922 2853 1977 κατὰ
2898 1921 3100 1976 σκοπὸν
3152 1920 3423 1992 δραμόντα
3487 1918 3631 1990 πρὸς
3668 1918 3724 1971 τὺ

449 2014 623 2071 Deum
649 2029 912 2071 coronam
943 2016 1197 2086 accipere
1237 2013 1547 2069 studentem
1581 2012 1796 2077 distuli,
1845 2013 2036 2067 volens

450 2105 631 2177 ipsum
684 2122 810 2162 cum
865 2116 1047 2162 vestra
1084 2108 1288 2177 pietate
1342 2106 1610 2176 inungere
1658 2105 1729 2159 ad
1767 2103 2038 2174 ejusmodi

449 2202 775 2267 certamina,
820 2209 875 2257 et
914 2218 1083 2256 unum
1128 2216 1195 2256 ex
1227 2200 1405 2267 vobis,
1448 2214 1608 2270 quem
1641 2198 1760 2268 ipse
1798 2198 2033 2267 petierit,

450 2294 771 2364 magistrum
801 2295 849 2350 ei
871 2294 1168 2365 praeficere,
1197 2294 1290 2364 qui
1317 2309 1440 2347 eum
1472 2293 1734 2363 praeclare
1757 2300 2031 2355 exerceat,

448 2388 507 2438 et
534 2384 741 2438 intenta
769 2399 833 2439 ac
851 2384 1008 2439 beata
1042 2384 1415 2439 sollicitudine
1445 2390 1747 2452 spectatum
1774 2381 2034 2435 athletam

446 2472 665 2535 efficiat,
703 2475 1000 2545 principem
1039 2474 1390 2528 tenebrarum
1418 2473 1584 2540 hujus
1615 2473 1801 2529 szeculi
1830 2480 1884 2527 et
1919 2473 2035 2542 spi-

450 2564 671 2617 ritualia
698 2566 974 2634 nequitias,
1008 2565 1339 2633 quibuscum
1377 2564 1537 2617 nobis
1573 2561 1875 2617 secundum
1910 2561 2038 2615 bea-

452 2663 568 2708 tum
590 2654 912 2726 Apostolum
939 2657 1083 2709 lucta
1101 2664 1184 2709 est
1214 2656 1255 2721 ⁸,
1284 2654 1666 2709 vulnerantem
1707 2662 1761 2710 et
1787 2663 2034 2724 proster—

452 2755 697 2801 nentem.
766 2745 923 2811 Quod
980 2761 1112 2816 ergo
1186 2745 1436 2800 volebam
1504 2745 1788 2800 vobiscum
1852 2761 2031 2817 agere,

452 2845 634 2891 vestra
662 2837 714 2890 in
737 2836 954 2892 Christo
981 2836 1202 2891 dilectio
1236 2836 1401 2890 etiam
1429 2836 1549 2890 sine
1589 2850 1675 2889 me
1699 2822 1964 2905 perficiat.

2140 2016 2390 2088 βραϐεῖον
2423 2016 2522 2086 τῆς
2563 2016 2677 2069 ἄνω
2723 2014 3006 2085 κλήσεως,
3039 2014 3222 2081 τυχεῖν
3269 2011 3366 2081 τῆς
3424 2008 3593 2080 παρὰ
3634 2006 3720 2062 τοῦ

2139 2109 2345 2180 Κυρίου
2397 2108 2691 2178 ἀποδοχῆς.
2756 2105 2898 2174 Ἐγὼ
2951 2103 3061 2176 γὰρ
3121 2102 3497 2166 σπουδάζοντα
3567 2100 3722 2154 αὑτὸν

2139 2198 2375 2252 ἐνταῦθα
2403 2195 2657 2260 δέξασθαι
2685 2195 2776 2248 τὸν
2802 2195 2900 2264 τῆς
2930 2192 3073 2248 κατὰ
3102 2191 3236 2245 Θεὸν
3269 2191 3501 2260 ἀγάπης
3530 2188 3722 2255 στέφαο

2138 2308 2229 2345 νον
2257 2288 2626 2361 ὑπερεθέμην,
2656 2286 2979 2358 βουλόμενος
3012 2283 3149 2356 μετὰ
3175 2285 3275 2353 τῆς
3307 2282 3588 2354 ὑμετέρας
3615 2280 3722 2333 θεο-

2144 2382 2358 2445 σεϐείας
2395 2380 2614 2448 ἀλεῖψαι
2648 2379 2811 2433 αὑτὸν
2844 2378 2980 2449 πρὸς
3020 2377 3146 2440 τοὺς
3186 2374 3460 2437 τοιούτους
3511 2373 3718 2434 ἄθλους,

2143 2473 2237 2524 καὶ
2260 2472 2357 2524 ἓνα
2380 2469 2438 2523 ὃν
2464 2469 2529 2523 ἂν
2554 2468 2707 2540 ὑμῶν
2733 2467 2895 2530 αὐτὸς
2918 2465 3223 2537 ἐπιζητήσῃ
3254 2463 3557 2532 ἐπιστῆσαι
3580 2460 3719 2529 αύτῷ

2143 2561 2426 2632 ἀλείπτην,
2453 2559 2633 2622 καλῶς
2663 2557 3114 2630 παιδοτριϐοὖντα
3135 2556 3230 2609 καὶ
3258 2554 3567 2624 παλαιστὴν
3588 2553 3719 2604 δόκι-

2149 2669 2247 2723 μον
2277 2652 2723 2722 ἀπεργαζόμενον
2757 2650 2845 2704 διὰ
2876 2650 2976 2720 τῆς
3020 2647 3270 2701 συντόνου
3300 2646 3394 2699 καὶ
3442 2644 3717 2716 μακαρίας

2137 2743 2480 2814 ἐπιμελείας,
2512 2742 2890 2814 τιτρώσκοντα
2925 2742 3019 2795 καὶ
3051 2739 3459 2796 καταϐάλλοντα
3507 2737 3605 2791 τὸν
3636 2751 3718 2788 κο-

2136 2834 2491 2907 σμοκράτορα
2520 2832 2613 2887 τοῦ
2642 2834 2867 2896 σκότους
2890 2834 3018 2896 τοὺς
3041 2831 3238 2895 αἰῶνος
3254 2828 3366 2902 (99)
3388 2828 3608 2890 τούτου,
3633 2824 3720 2880 καὶ.

452 2926 522 2980 τὰ
556 2927 897 2998 πνευματικὰ
923 2928 980 2981 δὲ
1030 2928 1130 2998 τῆς
1168 2926 1457 2998 πονηρίας,
1522 2926 1661 2996 πρὸς
1726 2926 1761 2980 δι
1805 2929 1937 2997 ἡμῖν
1980 2928 2097 2978 ἐστι
2133 2924 2275 2979 κατὰ
2305 2925 2396 2978 τὸν
2448 2927 2715 2997 μακάριον
2768 2923 3087 2977 Ἀπόστολον
3133 2924 3167 2993 ή
3208 2920 3375 2992 πάλη.
3426 2920 3496 2974 Ὃ
3542 2917 3715 2972 τοίνυν

947 3174 1284 3232 EPISTOLA
1321 3174 1535 3231 XXIV‘.

327 3080 341 3088 _
451 3020 565 3093 ἐγὼ
611 3021 730 3094 μεθ’
772 3023 927 3095 ἡμῶν
960 3023 1267 3095 ἠϐουλήθην
1324 3022 1577 3094 ποιῆσαι,
1626 3024 1662 3094 ἡ
1713 3023 1770 3077 ὲν
1801 3022 2020 3095 Χριστῷ
2057 3022 2212 3094 ὑμῶν
2241 3023 2428 3093 ἀγάπη
2462 3022 2555 3075 καὶ
2590 3022 2712 3092 δίχα
2746 3039 2848 3092 μου
2877 3020 3176 3092 ποιησάτω.

2665 3176 3013 3230 ΕΠΙΣΤΟΛΗ
3049 3179 3176 3231 KA'.

450 3288 614 3358 Negat
634 3284 846 3339 Basilius
885 3300 936 3339 se
969 3286 1225 3340 calumniis
1260 3287 1405 3354 facile
1440 3288 1742 3354 credidisse;
1774 3289 2368 3418 hortatugiﬁtghaa‘nasium,
2404 3296 2459 3341 ut
2497 3289 2684 3341 nullum
2707 3289 2809 3342 illis
2830 3293 2910 3343 det
2942 3291 3100 3342 locum
3134 3305 3193 3342 ac
3229 3289 3425 3350 liberos,
3445 3296 3498 3340 ut
3518 3303 3612 3355 par
3631 3293 3712 3350 ed,

579 3457 894 3522 Athanasio,
929 3456 1212 3512 Athanasii
1238 3459 1470 3529 episcopi
1501 3460 1727 3531 Ancyra:
1759 3462 1922 3531 patri.

528 3624 600 3680 Ut
633 3624 872 3683 hominis
905 3627 1019 3682 vita
1077 3630 1372 3685 calumniis
1422 3631 1678 3702 superior
1728 3632 1835 3699 sit,
1868 3632 1922 3687 id
1966 3648 2034 3688 ex

456 3714 624 3771 rebus
653 3714 986 3772 difﬁcillimis
1015 3733 1181 3773 unam
1207 3734 1334 3775 esse
1354 3759 1373 3784 ,
1414 3737 1483 3775 ne
1515 3720 1693 3775 dicam
1729 3738 1793 3776 ex
1819 3723 1887 3777 iis
1916 3739 2037 3793 quae

455 3806 574 3863 neri
605 3823 717 3864 non
756 3820 1029 3879 possunt,
1065 3821 1119 3868 et
1150 3815 1284 3868 mihi
1318 3831 1642 3886 persuasum
1672 3827 1790 3883 est,
1826 3828 1881 3874 ct
1931 3831 2036 3875 tuae

454 3899 712 3967 probitati
749 3900 976 3957 dubium
1013 3905 1257 3959 arbitror
1303 3921 1414 3961 non
1470 3923 1617 3964 esse.
1657 3907 1767 3965 Sed
1824 3911 2032 3965 nullam

450 4004 523 4045 ex
552 4006 613 4047 se
663 4008 890 4061 ansam,
925 4010 1109 4066 neque
1159 3996 1229 4052 iis
1285 3998 1379 4068 qui
1421 4013 1509 4055 res
1540 4008 1796 4057 accurate
1844 4002 2035 4058 obsero

455 4093 619 4150 want,
644 4101 824 4157 neque
861 4087 931 4144 iis
962 4089 1056 4159 qui
1088 4088 1305 4161 injurias
1336 4105 1509 4147 causa
1542 4092 1787 4164 lapsibus
1825 4095 2032 4151 nostris

530 4243 555 4277 ⁸
585 4243 608 4299 l
635 4245 763 4302 Cor.
798 4262 922 4315 vui,
958 4248 1013 4304 9.
1091 4250 1113 4282 ⁸
1143 4248 1346 4320 Ephes.
1381 4266 1458 4317 τι,
1495 4251 1583 4307 12.

530 4401 729 4474 ‘__Alias
752 4402 891 4458 LIV.
924 4402 1139 4474 Scripta
1171 4415 1297 4460 ante
1328 4420 1532 4461 annum
1555 4407 1679 4462 569.

669 4472 1075 4553 Καταςτῆσαι.
1100 4474 1178 4528 lta
1210 4479 1617 4532 vetustissimus
1658 4476 1830 4533 codex
1862 4476 2030 4536 Coisl.

457 4540 602 4613 Editi
622 4540 989 4613 καταστῆναι.

530 4611 641 4681 (illi)
671 4613 766 4666 Διὸ
789 4611 1048 4682 γράφων.
1075 4611 1234 4668 Deest
1260 4614 1342 4668 διό
1361 4615 1416 4669 in
1447 4617 1823 4671 vetustissimo
1846 4620 2037 4675 codice

458 4681 633 4736 Coisl.
660 4691 715 4736 et
743 4681 811 4736 de
849 4682 1118 4736 industria
1157 4684 1212 4736 in
1246 4684 1394 4739 Harl.
1430 4685 1665 4741 deletum
1703 4693 1825 4741 luit.
1867 4688 2039 4745 Paulo

461 4760 586 4834 post
623 4751 825 4808 desunt
848 4753 904 4806 in
941 4752 1150 4808 duobus
1178 4754 1458 4810 codicibus
1496 4757 1577 4810 hae
1600 4772 1785 4824 voces,
1813 4761 1870 4811 ὲν
1902 4761 2038 4832 Χρι-

463 4837 647 4962 πῗίίό)
669 4888 1020 4967 negabam
1052 4890 1259 4967 codicis
1304 4892 1577 4967 Harlseani
1610 4896 1884 4967 scriptura
1925 4900 2040 4954 vul-
2071 4874 2119 4931 θ

463 4961 792 5031 εοιαξαύτοῢ
826 4962 942 5015 visa
971 4969 1055 5031 est
1082 4962 1440 5030 praeferenda.

538 5030 650 5100 (96)
681 5030 1156 5099 Στοιχειωθῆναι.
1176 5031 1321 5087 Editi
1339 5035 1546 5089 addunt
1563 5035 1703 5099 Θεῶ,
1723 5037 1868 5092 ouod
1895 5046 2042 5093 recte

464 5098 620 5154 deest
644 5102 700 5154 in
732 5098 827 5156 sea
866 5102 1142 5155 veteribus
1172 5103 1349 5158 libris.

537 5170 647 5250 (97)
678 5168 1177 5250 aperueris-auita
1209 5181 1418 5228 sentem
1443 5189 1579 5230 mss.
1606 5173 1748 5229 Editi
1780 5186 1834 5231 et
1867 5175 2038 5232 Coisl.

467 5241 678 5311 primus
708 5241 940 5311 προτεθῆ
950 5258 1056 5311 ναι.

539 5310 651 5379 (98)
674 5307 1094 5380 Προσαχθῆναι
1116 5307 1196 5377 τῷ
1217 5316 1355 5381 βιῷ.
1378 5312 1515 5367 Cum
1545 5314 1806 5369 nonnulla
1826 5315 1880 5369 in
1906 5316 2045 5371 hanc

465 5380 754 5447 epistolam
782 5381 1121 5450 irrepserint,
1151 5380 1408 5453 suspicor
1430 5385 1585 5448 illud,
1614 5385 1693 5455 τῷ
1716 5383 1836 5455 βίῳ,
1862 5401 1929 5439 ex
1960 5402 2047 5441 eo-

467 5462 589 5530 rum
618 5464 844 5503 numero
871 5465 1014 5530 esse,
1047 5468 1168 5530 quae
1200 5468 1483 5530 perperam
1512 5454 1695 5530 addita
1726 5464 1875 5530 sunt.
1906 5454 2041 5530 Nam

467 5520 523 5595 is
543 5532 701 5585 quem
731 5520 1359 5595 cottimettdat_Basilitis,
1389 5526 1611 5595 volebat,
1625 5527 1942 5579 renuntiare
1965 5525 2041 5595 τῷ

468 5586 590 5658 βίῳ,
618 5591 832 5660 sa'culoi,
864 5599 923 5642 ut
965 5600 1050 5645 est
1090 5592 1144 5646 in
1182 5586 1355 5648 titulo.
1396 5597 1518 5649 cod.
1572 5594 1720 5649 Harl.
1754 5586 2039 5660 Quomodo

462 5671 598 5727 ergo
627 5659 1041 5736 rogat_Basilius
1062 5679 1193 5736 eum
1217 5666 1417 5736 ascribi
1439 5667 1515 5735 τῷ
1536 5666 1672 5736 βίῳῖ
1700 5659 2039 5734 Perspicitur

465 5737 650 5783 autem
683 5744 747 5783 ex
783 5730 883 5784 hoc
916 5731 1036 5785 loco
1069 5733 1462 5802 professionem
1488 5730 1739 5790 'virorum
1785 5730 1932 5791 in'co
1962 5737 2035 5791 si-

2059 3466 2105 3526 c
2147 3460 2471 3526 Ἀθανασίῳ
2500 3458 2577 3531 (1)
2603 3458 2682 3524 τῷ
2713 3461 2893 3528 πατρὶ
2950 3462 3300 3516 Ἁθανασίου
3330 3461 3438 3516 τοῦ
3469 3462 3711 3515 emcnd-

2700 3546 2818 3584 που
2864 3532 3166 3600 Ἀγκίρας.

2210 3641 2332 3695 Ὅτι
2368 3643 2465 3713 μὲν
2493 3658 2777 3714 κρειττονα
2815 3639 2951 3696 εἶναι
2976 3642 3236 3697 διαϐολῶν
3278 3643 3570 3715 ἀνθρώπου
3608 3643 3711 3713 βίον

2138 3731 2246 3786 τῶν
2269 3733 2667 3803 χαλεπωτάτων
2698 3735 2867 3793 ἐστὶν.
2905 3735 2994 3789 ἵνα
3024 3735 3098 3807 μὴ
3125 3735 3233 3788 τῶν
3264 3736 3544 3789 ἀδυνάτων
3582 3737 3712 3788 είπω

2140 3824 2302 3887 αὐτός
2330 3842 2390 3876 τε
2413 3825 2735 3896 πέπεισμαι,
2765 3828 2860 3880 καὶ
2882 3826 2977 3898 τὴν
3014 3827 3112 3899 σὴν
3146 3829 3488 3901 χρηστότητα
3518 3826 3711 3898 νομίζω

2142 3913 2218 3985 μὴ
2274 3914 2672 3985 ἀμφιϐάλλεινο
2719 3917 2781 3971 τὸ
2822 3918 2879 3973 δὲ
2914 3920 2990 3990 (2)
3042 3920 3312 3991 μηδεμίαν
3357 3920 3620 3991 παρέχειν
3658 3917 3710 3983 ἐξ

2139 4005 2347 4060 ἑαυτῶν
2388 4007 2577 4091 λαϐὴν,
2630 4011 2765 4080 μήτε
2825 4015 2936 4076 τοῖς
2987 4013 3232 4085 ἀκριϐῶς
3283 4013 3604 4084 ἐπιτηροῦσι
3652 4010 3713 4063 τὰ

2143 4099 2477 4169 πράγματα,
2520 4102 2660 4173 μήτε
2701 4107 2812 4168 τοῖς
2862 4104 2981 4159 κατ’
3033 4106 3296 4177 ἐπήρειαν
3344 4106 3715 4178 ἐφεδρεύουσιν

2134 4419 2246 4465 tam
2280 4411 2472 4474 fuisse,
2509 4419 2569 4465 ut
2596 4411 2828 4466 fratrum
2863 4427 3093 4466 numero
3122 4423 3245 4481 post
3269 4413 3568 4482 legitimam
3598 4424 3713 4482 pro.

2140 4482 2413 4536 balionem
2432 4482 3010 4552 ascriberenturdflilnl
3034 4484 3181 4536 aliud
3207 4481 3445 4552 exigitur
3466 4484 3521 4536 in
3550 4481 3717 4551 Regu-

2142 4553 2208 4604 Iis
2227 4552 2548 4611 fusioribus,
2570 4555 2830 4621 interrog.
2855 4551 2923 4612 X,
2944 4553 3035 4605 ubi
3064 4552 3258 4606 modus
3282 4551 3713 4622 recipiendorum

2142 4622 2368 4674 fratrum
2423 4623 2816 4690 praescribitur.
2868 4622 2926 4675 ln
2977 4638 3188 4677 canone
3234 4630 3416 4677 autem
3470 4624 3535 4677 19
3587 4623 3715 4676 hanc

2144 4690 2537 4760 professionem
2560 4696 2783 4745 tacitam
2810 4702 2967 4746 vocat
2993 4692 3259 4757 Basilius;
3285 4691 3380 4746 sed
3403 4693 3579 4747 satius
3602 4706 3717 4760 esse

2143 4759 2357 4832 Statuit,
2385 4770 2442 4814 ut
2467 4760 2725 4830 deinceps
2757 4762 2858 4829 ipsi
2884 4763 3045 4816 etiam
3077 4764 3179 4816 viri
3218 4764 3622 4832 interrogentur
3644 4759 3714 4828 (id

2143 4831 2289 4884 enim
2320 4846 2430 4885 non
2469 4832 2821 4904 omittebatur
2853 4833 2912 4904 in
2935 4832 3107 4886 sacris
3143 4831 3493 4904 uirginibus),
3536 4840 3595 4887 et
3638 4844 3717 4885 eo-

2146 4908 2426 4971 rumgvota
2457 4902 2740 4971 conceptis
2769 4902 2951 4958 verbis
2980 4902 3345 4971 excipiantur.

2218 4967 2331 5041 (99)
2377 4970 2488 5023 Τοῦ
2502 4967 2748 5041 amco
2782 4970 2909 5025 Haec
2929 4967 3129 5026 desuni
3159 4973 3215 5026 in
3244 4972 3434 5027 codice
3460 4970 3712 5027 Medicae

2148 5045 2204 5094 et
2232 5039 2472 5106 utroque
2498 5039 2667 5108 Regio
2699 5056 2762 5094 ac
2790 5055 3022 5110 utroque
3051 5041 3206 5110 Bigot

2220 5110 2298 5181 (Al)
2345 5109 2685 5181 Ἀθαναονίῳ,
2713 5117 2819 5165 etc.
2855 5109 2997 5166 Editi
3037 5109 3162 5181 post
3189 5125 3378 5165 vocem
3423 5111 3714 5164 ἐπισκόπου

2149 5179 2359 5233 addunt
2396 5179 2688 5249 Ἀγκύρας,
2724 5197 2845 5248 qua:
2871 5197 2971 5235 vox
2999 5179 3104 5237 etsi
3145 5182 3198 5235 in
3225 5182 3378 5235 nullo
3405 5181 3595 5234 codice
3618 5194 3710 5234 ms.

2148 5264 2177 5319 a
2215 5251 2371 5303 nobis
2412 5250 2652 5314 inventa,
2698 5252 2996 5319 probabilis
3042 5260 3225 5307 tamen
3273 5250 3593 5318 conjectura
3619 5256 3712 5319 est,

2145 5318 2506 5390 Athanasium
2531 5319 2682 5372 illum
2700 5318 3044 5390 episcopum,
3077 5323 3237 5390 cujus
3263 5321 3329 5373 ad
3354 5329 3564 5390 patrem
3596 5318 3716 5390 scri-

2147 5388 2228 5441 bit
2254 5386 2513 5452 Basilius,
2541 5404 2650 5461 non
2684 5386 2848 5461 alium
2880 5386 3003 5446 esse
3032 5386 3331 5445 Athanasio
3356 5386 3589 5461 Ancyrae
3609 5387 3713 5457 epi-

2146 5472 2313 5538 scopo
2329 5498 2344 5523 ,
2368 5461 2588 5581 qpicum
2612 5457 2844 5516 Basilius
2869 5461 3110 5516 amicitia
3132 5472 3185 5516 et
3205 5457 3575 5515 familiaritate
3596 5473 3715 5513 con-

2146 5537 2365 5581 Inuictus
2431 5539 2526 5581 un.

2168 5537 2365 5581 unctus
2405 5537 2526 5581 fuit.

2138 5543 2706 5676 Jugéiugs‘olgg;_hlulti
2738 5599 2956 5676 codices
2989 5601 3049 5653 τὸ
3081 5601 3287 5676 μέντοι,
3318 5608 3374 5676 et
3403 5600 3712 5676 pa_ulo_post

2139 5666 2411 5767 36:16]).
2438 5666 2642 5733 Ibidem
2684 5683 2778 5725 sex
2816 5670 2941 5726 libri
2983 5666 3197 5728 veteres
3226 5670 3286 5736 ἐξ
3315 5666 3548 5725 ἑαυτῶν.
3575 5666 3717 5733 Ειιιιι

2138 5751 2196 5802 ες
2228 5751 2427 5794 αύτων,
