3886 6220
200 275 296 339 I97

1135 272 1626 331 EPISTOLARUM
1663 272 1951 330 CLASSIS
1987 273 2030 329 Ι.
2071 274 2289 333 EPIST.
2332 276 2499 336 XXV.

3340 294 3448 351 298

198 388 342 462 ἡμῶν
368 388 482 452 τοῖς
510 386 860 459 ὀλισθήμασι,
886 386 1042 443 τοῦτο
1084 390 1179 443 καὶ
1204 388 1451 453 δυνατδν,
1504 390 1597 442 καὶ
1632 388 1763 442 ἴδιον

1867 388 2224 456 insidiantur,
2254 393 2529 463 praebere;
2570 394 2625 450 id
2655 404 2711 453 et
2737 397 2856 455 ﬂeri
2915 411 3132 473 potest,
3172 412 3229 462 et
3266 405 3434 463 homi-

198 477 549 543 τιῖινσυνετῶς
580 479 772 548 (5)3311
805 478 947 532 κατά
988 481 1082 534 τὸν
1111 480 1212 551 τῆς
1245 480 1528 544 εὐσεϐείας
1568 478 1770 534 σκοπὸν

196 572 276 626 τὸν
300 568 507 624 ἑαυτῶν
549 568 669 640 βίον
715 568 1090 639 διεξαγόντων.
1155 571 1338 642 Ἦμᾶς
1374 571 1431 624 δὲ
1484 570 1559 643 μὴ
1600 569 1772 635 οὕτως

196 662 432 725 εὐκόλους
483 659 604 715 οῐου
632 700 650 725 ,
704 660 842 731 μηδὲ
892 660 1324 735 εὐπαραγώγους
1389 660 1528 717 εἶναι
1551 702 1567 727 ,
1627 662 1770 717 ὥστε

195 754 554 819 ἀνεξετάστως
616 755 715 818 τάς
762 753 914 823 παρά
966 754 1076 808 τῶν
1130 754 1402 825 τυχόντων
1453 754 1770 820 προσίεσθαι

196 847 571 917 καταρρήσεις.
604 845 949 917 Μεμνήμεθα
968 845 1077 918 γάρ
1103 845 1197 899 τοῦ
1232 846 1599 917 πνευματικοῦ
1625 863 1770 918 παρ-

196 936 544 1007 αγγέλματος,
611 935 687 1007 μὴ
736 936 938 1008 χρῆναι
1000 937 1395 1009 προσδέχεσθαι
1452 939 1622 1011 ἀκοὴν
1666 957 1770 1011 μα-

196 1028 338 1080 ταίαν
368 1025 813 1098 παρεγγυῶντος.
838 1026 987 1098 Πλὴν
1027 1026 1141 1080 ἀλλ’
1176 1028 1365 1098 ἐπειδὴ
1413 1029 1571 1099 ὑμεῖς
1616 1027 1769 1083 αὐτοί

199 1137 345 1191 φατε,
373 1121 424 1173 οἱ
456 1121 589 1193 περὶ
623 1120 751 1184 τοὺς
777 1121 967 1189 λόγους
1010 1121 1424 1187 ἐσπουδακότες,
1470 1123 1540 1177 τὰ
1585 1121 1769 1193 φαινό-

200 1230 319 1283 μενα
341 1212 445 1265 τῶν
470 1212 697 1281 ἀφανῶν
730 1208 870 1267 εἶναι
901 1216 1123 1284 σημεῖα,
1161 1214 1318 1267 τοῦτο
1350 1212 1611 1284 ἀξιοῦμεν
1651 1214 1768 1286 (καὶ

197 1305 264 1375 μὴ
286 1304 487 1376 βαρέως
511 1303 665 1376 δέξῃ,
690 1303 747 1357 at
773 1322 826 1359 τι
853 1306 912 1358 ἐν
942 1305 1023 1376 (ιι)
1049 1304 1399 1369 διδασκαλίας
1423 1305 1553 1359 etest
1581 1304 1770 1377 λεχθή-

200 1413 332 1449 σεται
368 1396 494 1467 παρ’
530 1396 692 1467 ἡμῶν
714 1413 728 1426 ·
754 1395 826 1449 τά
854 1396 964 1467 γὰρ
998 1397 1200 1467 ἀσθενῆ
1228 1396 1323 1450 τοῦ
1348 1396 1553 1468 κόσμου
1577 1397 1673 1451 καὶ
1698 1395 1768 1451 τὰ

198 1486 579 1559 ἐξουθενημένα
625 1488 909 1556 ἐξελέξατο
932 1491 961 1544 ὁ
985 1489 1138 1556 Θεὸς,
1196 1489 1290 1544 καὶ
1333 1488 1400 1542 δι’
1431 1489 1608 1543 αὐτῶν
1640 1490 1769 1544 πολ-

198 1580 336 1644 λάκις
358 1582 636 1651 οἰκονομεῖ
658 1582 759 1652 τὴν
800 1581 1073 1653 σωτηρίαν
1101 1581 1211 1634 τῶν
1248 1581 1622 1652 σωζομένων)·
1649 1582 1677 1635 ὃ
1700 1598 1765 1650 γε

1870 495 2003 535 num
2033 491 2118 537 est
2140 485 2442 554 prudenter
2466 493 2521 541 et
2550 489 2962 549 accommodate
2991 494 3057 549 ad
3074 496 3293 566 pietatis
3319 514 3445 554 nor-

1868 586 2012 626 mam
2049 573 2369 631 viventium.
2400 575 2512 634 Nos
2540 587 2721 635 autem
2767 598 2877 638 non
2920 586 3057 642 adeo
3102 588 3294 644 faciles
3323 603 3448 645 esse

1868 663 2193 730 arbitreris,
2227 672 2322 720 aut
2358 666 2495 722 adeo
2530 670 2787 727 credulos
2811 712 2827 739 ,
2863 682 2924 729 ut
2962 677 3083 733 sine
3131 679 3385 736 examine
3413 694 3445 733 a

1868 753 2153 823 quibusvis
2191 755 2626 816 obtrectationes
2673 762 3047 825 admittamus.
3100 769 3445 829 Meminimus

1866 846 2013 901 enim
2067 849 2369 918 spiritualis
2417 855 2700 924 praecepti,
2753 871 2951 914 vanum
3000 876 3281 917 rumorem
3339 862 3443 917 ad-

1866 940 2191 996 mittendum
2223 959 2332 997 non
2366 959 2492 1000 esse
2519 945 2916 1006 admonentis'.
2951 951 3059 1008 Sed
3087 962 3269 1009 tamen
3302 968 3441 1025 quon

1868 1033 2016 1088 niam
2047 1049 2147 1090 vos
2189 1036 2332 1107 ipsi.
2361 1041 2455 1109 qui
2509 1040 2727 1096 dicendi
2758 1044 2864 1099 arti
2894 1045 3039 1103 datis
3079 1062 3302 1118 operam
3327 1086 3342 1111 ,
3375 1062 3442 1102 ea

1869 1139 1991 1195 quae
2020 1136 2284 1197 apparent
2314 1144 2425 1184 non
2462 1135 2842 1203 apparentium
2879 1137 3036 1208 signa
3069 1155 3192 1195 esse
3222 1137 3442 1207 dicitis;

1867 1216 1999 1272 illud
2038 1234 2330 1276 censemus
2361 1221 2495 1292 (nec
2529 1226 2758 1283 moleste
2800 1226 2945 1285 feras
2968 1270 2983 1294 ,
3022 1231 3071 1286 si
3125 1232 3281 1306 103
3312 1237 3445 1305 quid

1865 1321 1897 1362 a
1931 1308 2090 1366 nobis
2127 1309 2440 1367 docentium
2509 1330 2664 1372 more
2707 1318 2923 1379 dicetur
2965 1339 2978 1376 :
3036 1337 3164 1378 nam
3226 1325 3443 1382 inﬁrma

1865 1398 2055 1454 mundi
2103 1407 2160 1455 et
2184 1388 2402 1471 abiecta
2431 1404 2596 1475 elegit
2623 1404 2770 1463 Deus
2798 1408 2820 1441 ⁸
2843 1450 2860 1477 ,
2898 1424 2963 1466 ac
3015 1427 3159 1483 saepe
3201 1431 3298 1485 per
3327 1417 3445 1474 haec

1864 1489 2162 1546 electorum
2220 1493 2454 1550 salutem
2507 1497 2884 1571 dispensat):
2934 1503 3112 1573 quod,
3174 1506 3440 1577 inquam,

1865 1579 1989 1635 dico
2018 1581 2428 1655 admoneoque,
2458 1587 2592 1643 illud
2625 1598 2709 1646 est
2743 1611 2756 1647 :
2793 1599 2853 1647 ut
2885 1608 3191 1651 sermonem
3224 1613 3444 1656 omnem

202 1673 295 1743 μὴν
316 1672 452 1741 λέγω
493 1673 594 1726 καὶ
626 1673 1012 1743 παραγγέλλω,
1052 1673 1225 1726 ἐκεῖνό
1262 1675 1379 1726 ἐστι
1398 1689 1412 1703 ·
1447 1672 1624 1728 πάντα
1664 1676 1762 1744 μὲν

1868 1676 1922 1724 et
1947 1684 2163 1726 omnem
2199 1672 2455 1731 decoram
2488 1679 2760 1735 actionem
2792 1684 3140 1743 considerate
3177 1704 3445 1760 exsequa-

200 1760 355 1831 λόγον,
404 1764 589 1817 πᾶσαν
633 1764 692 1817 δὲ
733 1765 931 1835 πρᾶξιν
972 1764 1318 1836 καθήκουσαν
1359 1764 1764 1837 περιεσκεμμέ-

1869 1779 2014 1828 mur,
2054 1774 2110 1820 et
2137 1769 2440 1824 secundum
2488 1771 2735 1842 Apostoli
2781 1787 3113 1847 pra-ceptum
3147 1780 3188 1846 ’,
3233 1757 3441 1837 nullam

200 1871 291 1918 νως
316 1854 680 1908 ἐπιτελεῖσθαι
708 1870 723 1884 ·
775 1856 869 1909 καὶ
912 1854 1054 1909 κατά
1089 1855 1151 1908 τὸ
1174 1854 1526 1908 ἀποστολικὸν
1553 1854 1767 1926 παράγ-

202 1947 389 2017 γελμα,
466 1948 746 2018 μηδεμίαν
792 1949 850 2001 ἐν
929 1948 1118 2019 μηδενὶ
1170 1948 1369 2001 διδόναι
1419 1948 1761 2018 προσκοπήν.

202 2038 392 2110 Πρέπον
428 2038 541 2111 γὰρ
587 2035 735 2093 εἶναι
779 2039 1018 2110 τίθεμαι,
1064 2039 1256 2111 ἀνδρὸς
1309 2038 1479 2093 πολλὰ
1523 2038 1622 2109 μὲν
1672 2036 1765 2092 ἐπὶ

206 2130 408 2201 μαθήσει
431 2130 609 2200 λόγων
647 2130 995 2202 ἱδρώσαντος,
1028 2130 1194 2183 ἐθνῶν
1220 2130 1276 2183 δὲ
1310 2130 1406 2184 καὶ
1436 2129 1642 2183 πόλεων
1668 2130 1767 2200 ἀρ-

203 2220 289 2289 χὰς
311 2220 703 2287 διευθύναντος,
740 2222 995 2293 καὶπρὸς
1025 2221 1269 2291 μεγάλην
1313 2221 1596 2293 προγόνων
1641 2223 1767 2292 ἀρε-

202 2308 287 2379 τὴν
305 2308 389 2362 τὸν
412 2307 571 2380 ζῆλον
607 2310 848 2381 ἔχοντος,
877 2311 970 2365 τὸν
1004 2310 1121 2382 βίον
1158 2309 1487 2381 προκεῖσθαι
1518 2313 1597 2374 εις
1625 2311 1761 2364 ὑπό-

204 2402 376 2472 δειγμα
400 2404 619 2476 ἀρετῆς.
652 2404 768 2475 Τὴν
804 2406 985 2475 μέντοι
1035 2407 1164 2477 περὶ
1210 2404 1279 2459 τά
1319 2405 1485 2457 τέκνα
1526 2403 1764 2459 διάθεσιν

205 2492 305 2563 οὐχὶ
330 2493 463 2564 λόγῳ
491 2495 589 2547 νῦν
617 2495 857 2565 ὀφείλεις
889 2496 1182 2558 δεικνύναι,
1226 2497 1285 2560 ὃς
1330 2513 1393 2565 γε
1424 2496 1591 2550 πάλαι
1628 2496 1762 2550 ἔδει-

209 2582 307 2651 ξας,
329 2587 413 2655 ἀφ’
437 2582 496 2642 οὗ
520 2587 709 2659 πατὴρ
735 2588 945 2657 ἐγένου,
975 2589 1035 2642 ού
1072 2588 1229 2659 μόνον
1263 2592 1324 2659 τῇ
1358 2590 1563 2660 φυσικῇ
1608 2605 1765 2660 στορ-

208 2680 266 2748 τῇ
290 2678 633 2753 κεχρημένος,
668 2681 738 2752 ῆν
767 2682 862 2736 καὶ¹
893 2682 961 2736 τά
989 2682 1158 2752 ἄλογα
1196 2683 1495 2755 παρέχεται
1533 2687 1646 2747 τοῖς
1680 2686 1765 2738 ἐκ·

210 2773 376 2841 γόνοις,
403 2774 475 2837 ὡς
518 2775 688 2839 αὐτός
725 2791 786 2827 τε
816 2772 977 2838 εἶπας
1028 2775 1125 2828 καὶ
1171 2776 1204 2845 ἡ
1255 2778 1422 2847 πεῖρα
1468 2775 1759 2842 δείκνυσιν,

210 2862 322 2916 ἀλλά
348 2865 436 2917 καὶ
471 2866 767 2920 ἐπιτείνειν
795 2864 893 2936 τὴν
933 2865 1173 2937 ἀγάπην,
1202 2866 1445 2935 δηλονότι
1473 2869 1537 2919 ἐκ
1568 2882 1764 2940 προαι-

217 2953 402 3023 ρέσεως,
436 2957 543 3028 ὅσῳ
574 2959 713 3029 ὁρᾷς
751 2956 974 3011 τοιαῦτα
1014 2957 1164 3021 ὄντα,
1209 2952 1299 3011 οἷα
1331 2958 1455 3023 ἄξια
1484 2953 1624 3013 εἶναι
1653 2977 1760 3013 πα-

212 3046 383 3115 τρικῶν
407 3050 745 3121 προσευχῶν.
779 3049 940 3102 Ὥστε
972 3049 1068 3119 ούχ
1091 3050 1240 3121 ἡμᾶς
1278 3049 1361 3103 δεῖ
1400 3050 1760 3122 περὶτούτων

214 3134 481 3191 πείθεσθαι·
518 3139 771 3212 ἀρκοῦσα
800 3140 909 3211 γὰρ
938 3141 972 3212 ἡ
1015 3141 1074 3207 ἐξ
1102 3142 1281 3194 αὐτῶν
1307 3140 1419 3194 τῶν
1457 3141 1759 3213 γινομένων

214 3224 311 3279 ἐστὶ
331 3230 609 3302 μαρτυρία.
666 3231 873 3284 Ἐκεῖνό
919 3248 982 3300 γε
1029 3235 1134 3303 μὴν
1185 3234 1286 3287 οὐκ
1321 3233 1550 3304 ἄκαιρον
1592 3251 1759 3304 προσ-

216 3317 359 3375 θεῖναι
375 3324 465 3393 τῆς
493 3324 756 3398 ἀληθείας
792 3325 999 3392 ἕνεκεν,
1041 3328 1123 3380 ὅτι
1151 3327 1249 3398 οὐχ
1279 3328 1308 3381 ό
1331 3326 1553 3392 ἀδελφὸς
1593 3327 1760 3399 Τιμόκ

217 3408 316 3475 θειξ
350 3415 484 3468 ἐστιν
526 3419 555 3471 ὁ
588 3419 1038 3489 χωρεπίσκοπος,
1079 3421 1108 3473 ὁ
1149 3419 1456 3488 ἀνενεγκὼν
1504 3421 1637 3490 ἡμῖν
1691 3419 1760 3473 τά

217 3495 560 3572 θρυλληθέντα.
596 3506 741 3560 Οὔτε
766 3508 877 3580 γὰρ
899 3510 958 3561 ἐν
989 3509 1267 3580 συντυχίᾳ,
1300 3508 1425 3562 οὔτε
1466 3509 1553 3562 διὰ
1578 3510 1760 3580 γράμ-

222 3607 360 3659 ματος
386 3595 627 3664 φαίνεται
652 3596 847 3668 μικρόν
876 3616 931 3651 τι
970 3599 1003 3670 ἢ
1048 3599 1230 3669 μεῖζον
1268 3597 1523 3667 διαϐολῆς
1556 3597 1753 3668 ἐχόμε-

218 3694 292 3732 νον
338 3684 456 3756 περὶ
500 3686 595 3739 σοῦ
652 3685 1042 3757 φθεγξάμενος.
1100 3687 1260 3740 Ὥστε
1306 3686 1599 3756 ἀκηκοέναι
1656 3684 1755 3756 μέν

219 3787 263 3824 τι
280 3772 344 3844 (5)
375 3778 468 3832 ούι.
504 3778 850 3850 ἀρνούμεθα·
903 3779 963 3832 οὐ
1021 3779 1127 3851 μὴν
1171 3779 1434 3851 Τιμόθεον
1484 3773 1622 3832 εἶναι
1663 3776 1756 3830 τὸν

220 3861 300 3926 τὰς
334 3865 566 3934 διαϐολάς
622 3886 706 3923 σοι
779 3867 1274 3933 κατασκευάζοντα.
1344 3868 1651 3932 ’Δκούοντες
1696 3866 1755 3920 δέ

223 3954 419 4023 πάντως,
459 3963 506 4014 ει
543 3963 622 4034 μή
671 3979 728 4016 τι
781 3961 927 4024 ἄλλο,
973 3959 1036 4015 τὸ
1079 3961 1208 4031 γοῦν
1254 3961 1350 4015 τοῦ
1408 3958 1753 4032 Ἀλεξάνδρου

223 4051 499 4122 ποιήσομεν,
531 4056 635 4128 τὴν
668 4055 860 4127 ἑτέραν
889 4055 996 4108 τῶν
1021 4054 1199 4109 ἀκοῶν
1225 4054 1490 4126 ἀκεραίαν
1525 4069 1755 4123 ταμιευ-

226 4136 395 4208 σόμεθα
421 4142 492 4215 (6)
516 4144 594 4216 τῷ
623 4143 1049 4216 διαϐαλλομένῳ.

706 4260 1051 4315 ΕΠΙΣΤΟΔΗ
1089 4259 1219 4313 ΚΕ’.

1865 1851 2060 1909 demus
2086 1855 2197 1908 ulla
2227 1857 2284 1911 in
2308 1873 2367 1912 re
2384 1856 2764 1918 offensionem.
2786 1863 2990 1921 Decere
3009 1869 3153 1922 enim
3177 1871 3440 1937 arbitror,

1865 1954 1925 1999 ut
1954 1947 2048 2016 qui
2082 1948 2318 2002 multum
2357 1950 2413 2003 in
2454 1949 2708 2008 doctrina
2734 1956 3083 2027 percipienda
3114 1962 3439 2028 exsudavit,

1864 2042 2218 2110 gentiumque
2241 2048 2296 2096 et
2330 2042 2552 2097 urbium
2586 2045 2955 2115 gubernacula
2985 2052 3191 2121 tenuit,
3223 2069 3288 2109 ac
3319 2071 3440 2111 ma-

1864 2142 2023 2197 gnam
2047 2130 2457 2201 progenitorum
2485 2135 2741 2191 virtutem
2773 2139 3085 2208 aemulatur,
3119 2143 3293 2212 ipsius
3329 2147 3440 2203 vita

1863 2219 1920 2273 in
1957 2222 2177 2278 virtutis
2208 2224 2515 2294 exemplum
2569 2237 2930 2298 proponatur.
2985 2231 3157 2289 Porro
3195 2250 3439 2294 amorem

1863 2327 1994 2383 erga
2030 2314 2234 2370 liberos
2264 2330 2377 2371 non
2419 2317 2603 2375 verbis
2632 2335 2778 2375 nunc
2807 2322 3190 2382 demonstrare
3238 2328 3436 2395 debes,

1864 2404 1956 2474 qui
1992 2405 2180 2475 utique
2222 2406 2551 2478 jampridem
2580 2410 3005 2479 demonstrasti,
3043 2432 3109 2471 ex
3140 2434 3251 2488 quo
3283 2430 3439 2491 pater

1864 2495 2043 2551 fartus
2073 2512 2168 2563 es;
2202 2512 2305 2552 nec
2357 2500 2597 2554 naturali
2653 2502 2833 2557 solum
2882 2518 3068 2560 amore
3120 2508 3230 2576 uti,
3273 2527 3438 2581 quem

1863 2587 2027 2641 etiam
2066 2587 2225 2641 bruta
2272 2590 2575 2645 animantia
2623 2589 2826 2649 fetibus
2869 2595 2988 2651 suis
3016 2597 3310 2665 exhibent,
3356 2602 3437 2657 uti

1864 2688 1919 2733 et
1946 2685 2003 2732 tu
2032 2677 2258 2745 dixisti,
2289 2686 2344 2734 et
2369 2682 2707 2752 experientia
2737 2684 3020 2742 declarat:
3064 2688 3158 2743 sed
3188 2690 3441 2748 dilectio-

1862 2783 1987 2823 nem
2031 2769 2197 2825 etiam
2241 2771 2411 2825 animi
2472 2770 2791 2831 inductione
2822 2785 2876 2831 et
2929 2778 3213 2837 voluntate
3258 2782 3440 2838 inten-

1862 2858 1994 2915 dere
2014 2900 2030 2925 ,
2065 2875 2132 2916 eo
2162 2862 2336 2932 magis
2369 2863 2516 2933 quod
2552 2880 2649 2920 eos
2679 2867 2819 2922 tales
2850 2884 2973 2924 esse
3000 2868 3182 2935 vidcs,
3214 2874 3306 2943 qui
3334 2890 3435 2946 pa-

1862 2953 2038 3008 ternis
2067 2954 2208 3010 votis
2252 2954 2403 3024 digni
2447 2957 2575 3012 sint.
2626 2957 2807 3024 Quare
2856 2976 2966 3016 non
3022 2976 3164 3032 opus
3209 2974 3291 3021 est
3322 2967 3435 3023 hau:

1863 3044 2025 3101 nobis
2052 3045 2413 3115 persuaderi,
2444 3062 2572 3103 cum
2600 3051 2737 3105 satis
2777 3053 2847 3106 sit
2876 3054 3252 3112 testimonium
3289 3062 3434 3130 quod

1864 3153 1934 3193 ex
1986 3140 2155 3195 rebus
2213 3141 2348 3209 ipsis
2403 3142 2727 3214 percipitur.
2771 3145 2910 3201 illud
2959 3156 3139 3205 autem
3192 3153 3438 3209 veritatis

1865 3244 2035 3285 causa
2062 3246 2171 3285 non
2201 3232 2644 3304 intempestivum
2671 3236 2909 3306 adjicere
2935 3278 2951 3303 ,
2988 3238 3215 3297 fratrem
3250 3240 3440 3299 Timo-

1866 3321 2053 3377 theum
2084 3323 2538 3395 chorepiscopum
2592 3342 2703 3381 non
2736 3344 2860 3383 esse
2882 3368 2897 3396 ,
2944 3331 3037 3399 qui
3069 3347 3320 3389 rumores
3367 3333 3435 3391 ad

1865 3432 1969 3473 nos
1996 3417 2272 3472 detulerit.
2304 3415 2438 3471 Nam
2478 3433 2581 3474 nec
2621 3436 2846 3488 coram,
2881 3439 3059 3495 neque
3101 3442 3200 3496 per
3224 3428 3437 3485 litteras

1867 3509 2020 3581 parvi
2046 3509 2346 3580 quidquam
2382 3518 2477 3565 aut
2510 3514 2727 3583 magni,
2779 3516 2924 3585 quod
2966 3518 3253 3575 calumnia:
3280 3520 3438 3576 aliine

1860 3610 2046 3667 esset,
2085 3602 2154 3658 de
2185 3609 2239 3657 te
2291 3602 2509 3658 locutus
2568 3604 3016 3675 deprehenditur.
3070 3610 3437 3676 Quamobrem

1860 3692 2066 3763 aliquid
2112 3706 2216 3748 nos
2252 3692 2528 3749 audivisse
2560 3709 2667 3748 non
2716 3711 2980 3766 negamus
3012 3716 3026 3752 :
3062 3699 3159 3755 sed
3199 3699 3439 3754 aﬂirmau

1859 3801 1985 3843 mus
2012 3785 2358 3842 Timotheum
2406 3801 2517 3841 non
2556 3802 2718 3853 esse,
2750 3789 2842 3859 qui
2896 3791 2992 3846 tibi
3052 3793 3315 3847 struxerit
3346 3807 3439 3847 ca-

1860 3878 2118 3932 lumnias.
2160 3878 2396 3932 Omnino
2438 3887 2620 3933 autem
2662 3880 2982 3946 audientes,
3008 3882 3054 3937 si
3084 3882 3220 3936 nihil
3253 3883 3399 3937 aliud
3420 3922 3434 3946 ,

1859 3966 1994 4022 illud
2025 3977 2172 4023 certe
2215 3967 2511 4022 Alexandri
2540 3967 2841 4036 faciemus,
2873 3978 2934 4025 ut
2964 3972 3296 4027 calumniam
3342 3988 3440 4043 pa-

1861 4057 2014 4113 tienti
2048 4058 2276 4112 alteram
2308 4072 2497 4114 aurem
2549 4058 2817 4131 integram
2849 4076 3211 4118 reservemus.

2356 4254 2697 4313 EPISTOLA
2736 4258 2923 4314 XXV“.

227 4371 363 4422 Amica
380 4380 421 4426 et
439 4374 685 4447 εΙιατὶιαιὶδ
705 4380 849 4446 plena
868 4376 1187 4447 expostulatio
1205 4390 1313 4447 cum
1340 4375 1603 4447 Athanasio
1627 4371 2006 4447 Ancyrano,_qtti
2033 4371 2273 4425 Basiliam
2295 4387 2381 4447 nec
2403 4388 2491 4447 per
2517 4372 2701 4426 litteras
2727 4375 3043 4447 admonitam,
3074 4392 3177 4447 nec
3193 4392 3282 4443 per
3302 4392 3436 4429 com-

273 4448 435 4503 numern
450 4438 658 4503 aliquem
677 4435 904 4503 anting,
924 4435 1152 4503 ῥηίστη-ει
1178 4444 1342 4502 aperte
1363 4437 1678 4490 insectabatur
1703 4435 1750 4490 ei
1772 4435 2065 4498 minabatur,
2092 4448 2151 4486 ac
2193 4435 2413 4486 omnibus
2455 4438 2679 4488 Ctesarea
2720 4437 3014 4490 cernentibus
3031 4435 3238 4492 'dicebat
3282 4454 3436 4492 noxas

276 4497 482 4559 quasdam
495 4497 555 4550 a'b
571 4514 631 4551 eo
647 4498 795 4551 scribi
817 4506 863 4550 et
884 4497 1121 4564 componi.

425 4608 743 4674 Ἀθανασίῳ
762 4607 840 4680 (7)
867 4609 1176 4674 ἐπισκόπφ
1217 4609 1517 4680 Ἀγκύρας.

286 4695 329 4751 i.
380 4698 732 4773 ’Δπήγγειλάν
767 4700 857 4772 μοί
892 4719 1035 4765 τινες
1071 4701 1179 4755 τῶν
1210 4701 1276 4754 ἐκ
1326 4702 1426 4773 τῆς
1480 4700 1753 4773 Ἀγκύρας

234 4785 341 4856 πρὸς
359 4789 487 4860 ἡμᾶς
510 4791 881 4863 ἀφικομένων,
913 4790 1100 4845 πολλοὶ
1127 4791 1186 4846 δέ
1219 4785 1364 4846 οὗτοι
1396 4791 1491 4847 καὶ
1523 4791 1643 4845 οὐδὲ
1674 4790 1752 4862 (8)

1788 4612 1838 4670 D

2239 4605 2537 4662 Athanasio
2568 4608 2808 4678 episcopo
2840 4609 3080 4680 Ancyrm.

1934 4698 1987 4753 Ι.
2041 4697 2379 4755 Nuntiarunt
2411 4700 2545 4755 mihi
2577 4701 2800 4771 quidam
2834 4717 2902 4757 ex
2948 4701 3034 4756 his
3074 4701 3167 4770 qui
3220 4699 3434 4770 Ancyra

1861 4793 1930 4848 ad
1957 4808 2060 4849 nos
2089 4792 2315 4848 veniunt
2335 4832 2353 4858 ,
2386 4793 2544 4848 multi
2570 4800 2750 4848 autem
2775 4801 2905 4847 sunt
2928 4793 2985 4847 hi
3005 4830 3021 4858 ,
3044 4807 3109 4847 ac
3135 4807 3203 4847 ne
3237 4807 3434 4847 nume-

291 4938 308 4971 '
334 4939 484 5000 Exod.
516 4962 677 5013 xxm,
712 4947 766 5001 l.
842 4946 866 4980 ⁸
898 4944 919 4999 1
952 4945 1079 5002 Cor.
1115 4963 1153 5010 ι,
1189 4944 1280 5000 27.
1359 4947 1381 4978 ⁹
1419 4943 1463 4998 ll
1495 4944 1622 5000 Cor.
1661 4961 1754 5011 vr,
1798 4946 1853 5001 '5.

294 5094 354 5176 (ἥ)
689 5101 782 5156 Sic
796 5100 1164 5176 _Harl.,('.oisl.
1195 5108 1425 5173 uterque
1445 5108 1500 5157 et
1522 5108 1752 5171 uterque

236 5158 421 5231 Regius.
453 5169 588 5225 Editi
599 5158 882 5226 ’συνετῶν.

293 5234 356 5305 (4)
388 5238 452 5290 El
470 5258 519 5293 τι
552 5243 638 5295 ἐν.
672 5240 765 5296 Sic
802 5240 974 5303 Harl.,
1006 5240 1174 5303 Med.,
1207 5240 1393 5297 'Coisl.
1426 5248 1656 5308 uterque
1694 5245 1750 5294 et

239 5297 350 5383 Ῑξθέί
372 5308 589 5383 ρτξιιιιιεζ
607 5310 750 5383 Editi
788 5311 921 5383 aut
945 5297 1334 5383 digevfpaulo
1368 5317 1493 5382 post
1520 5297 1619 5366 séx
1653 5324 1749 5364 co-

240 5369 437 5428 dicés'at'
463 5380 649 5434 αὐτῶν.
675 5380 820 5435 Editi
848 5380 937 5435 διὰ
958 5369 1179 5435 τούτων.

381 5446 492 5523 Ᾱέέν
506 5466 577 5503 τι.
611 5448 705 5504 Sic
735 5466 1012 5523 mssusex.
1041 5449 1193 5523 Editi
1217 5450 1423 5523 μέντοι.

297 5512 826 5590 (ὢφαιιιευσόμεθα.
862 5519 955 5574 Sic
1003 5535 1106 5590 ope
1156 5512 1327 5577 Céisl.
1370 5521 1396 5574 1
1451 5526 1506 5590 et
1542 5516 1672 5590 Reg.
1711 5516 1749 5571 2

242 5584 591 5664 mlgndav_imus
615 5584 763 5664 quod
804 5598 924 5664 erat
954 5584 1207 5664 ineditis
1234 5584 1633 5664 rapesuépsea.

300 5651 361 5724 (ἶ)
388 5651 703 5727 Ἀθανασίὶρ.
737 5659 963 5715 Addunt
1006 5660 1116 5716 duo
1165 5651 1385 5718 codices
1437 5651 1608 5716 C'oisl.
1658 5672 1746 5714 se-

511 5756 778 5817 PA'raOL.
816 5755 939 5817 Gn.
967 5755 1240 5820 XXXII.

1856 5097 2070 5155 cundus
2115 5104 2171 5151 et
2212 5093 2347 5165 Reg.
2390 5094 2518 5155 222.
2566 5110 2596 5148 a
2645 5091 2971 5165 Combeﬁsio
3010 5090 3262 5165 citatus:
3289 5090 3432 5165 ᾤστε

1856 5167 2165 5239 φανερῶσαι
2205 5161 2353 5239 αύτῷ
2370 5165 2544 5239 ,πόθεν
2572 5164 2796 5239 ἐκινήθη
2827 5164 2961 5233 πρὸς
2987 5161 3086 5230 τὴν
3114 5163 3235 5239 κατ’
3263 5162 3429 5239 αὑτοῦ

1854 5233 2170 5308 λύπηνηυι
2202 5233 2591 5308 sibisigni/icet
2638 5235 2777 5308 unde
2816 5240 3105 5308 commotus
3149 5233 3347 5308 fuerit_,_
3371 5242 3431 5287 ut

1855 5299 2221 5377 wgritudinem
2247 5299 2523 5359 adversam
2552 5319 2608 5357 se
2634 5303 2939 5371 susciperet.
2972 5300 3132 5355 Initio
3153 5303 3280 5357 cod.
3301 5299 3425 5358 Vat.

1852 5376 2174 5447 ἀνήγγελον.

1925 5440 2142 5517 (8)-Kal
2177 5443 2356 5517 obde.
2387 5441 2529 5496 Edili
2565 5442 2676 5517 stat
2720 5441 2834 5517 ob;
2859 5441 3001 5517 ούδέ.
3033 5440 3156 5517 Sed
3185 5441 3430 5517 Iugero-

1852 5511 2156 5573 cula'deest
2185 5514 2240 5568 in
2267 5513 2445 5569 tribus
2466 5513 2690 5584 optimis
2716 5513 3001 5569 codicibus
3032 5511 3204 5581 Harl.,
3229 5512 3428 5584 coisl.,

1928 5660 1946 5682 ·
1977 5656 2127 5711 Alias
2150 5651 2295 5721 Llll,
2328 5654 2530 5725 scripta
2559 5663 2684 5713 ante
2710 5671 2799 5711 an.
2834 5655 2960 5713 369.
3283 5582 3428 5639 “ad.

3078 5750 3187 5812 10‘
