3886 6220
166 320 250 374 501
1076 314 1565 371 EPISTOLABUM
1600 310 1886 369 CLASSIS
1923 311 1963 365 Ι.
2006 310 2228 367 EPIST.
2269 311 2462 365 XXVI.

3314 300 3418 364 50?.

168 441 210 492 εί
235 440 320 490 ἐπὶ
348 437 549 504 λέξεως
582 436 652 490 τὰ
678 436 743 489 σει
761 437 1123 507 διηγούμενοι.
1160 437 1290 507 Ἐμὲ
1321 437 1397 499 δὲ,
1428 437 1522 489 ἐπὶ
1551 435 1722 488 πολλὰ

1841 440 1881 486 ξι
1904 434 2191 503 componi?
2214 431 2349 486 Nam
2380 433 2489 488 isto
2520 439 2570 487 te
2592 433 2861 487 vocabulo
2895 446 3055 486 nsum
3086 444 3208 484 esse
3232 427 3416 491 aiunt,

165 533 251 602 τὴν
274 532 509 584 διάνοιαν
545 533 822 598 ἀγαγόντα
851 530 945 599 τὴν
976 530 1234 599 ἐμαυτοῦ,
1262 530 1414 582 οὐδέν
1444 546 1497 581 τι
1534 528 1734 599 μᾶλλον

166 624 254 690 τῆς
287 622 598 693 ἀμηχανίας
644 622 883 691 ἀφίησιν.
912 622 1073 674 Ὥστε
1122 640 1187 691 με
1246 622 1339 674 καὶ
1391 620 1631 674 τοιοῦτόν
1682 638 1734 672 τι

168 712 397 781 εἰσῆλθε·
464 714 541 781 μή
595 729 678 774 τις
734 711 843 763 τῶν
891 712 1184 782 αίρετικῶν
1240 710 1564 780 κακούργως
1622 714 1736 775 τοῖς

170 802 343 856 ἑαυτοῦ
395 803 795 873 συγγράμμασι
838 803 899 855 τὸ
940 803 1074 871 ἐμὸν
1128 803 1298 872 ὄνομα
1341 802 1730 873 παραγράψας,

169 892 392 963 ἐλύπησέ
418 909 514 944 σου
540 892 642 963 τὴν
669 892 953 963 ὀρθότητα,
995 894 1090 946 καὶ
1133 893 1346 963 ἐκείνην
1386 894 1599 962 ἀφεῖναι
1636 893 1734 963 τὴν

171 985 333 1054 φωνὴν
376 986 743 1055 προηγάγετο.
784 985 858 1038 Οὐ
894 985 1003 1056 γὰρ
1051 985 1115 1056 δὴ
1169 988 1283 1048 τοῖς
1328 986 1735 1056 γεγραμμένοις

172 1078 249 1143 ὑφ’
277 1075 427 1145 ἡμῶν
457 1077 600 1143 πρὸς
628 1077 755 1140 τοὺς
786 1078 1036 1148 ἀνόμοιον
1067 1080 1188 1129 κατ’
1210 1077 1401 1130 οὐσίαν
1432 1077 1736 1147 τολμήσανο

170 1183 255 1229 τας
274 1167 438 1218 εἰπεῖν
467 1166 561 1218 τὸν
608 1168 734 1220 Υίὺν
774 1169 868 1220 καὶ
904 1168 1037 1219 Θεὸν
1085 1167 1163 1237 τῷ
1208 1165 1325 1236 Θεῷ
1355 1167 1449 1219 καὶ
1481 1167 1730 1239 Πατρὶ,ἢ

171 1258 291 1327 πρὸς
318 1260 441 1320 τοὺς
481 1257 694 1327 κτίσμα
743 1261 836 1311 καὶ
885 1258 1097 1329 ποίημα
1122 1254 1261 1310 εἶναι
1306 1259 1367 1310 τὸ
1419 1258 1640 1327 Πνεῦμα
1674 1256 1735 1309 τὸ

172 1350 304 1417 ᾶγιον
331 1348 853 1421 βλασφημήσαντας,
900 1351 1103 1421 ταύτην
1145 1351 1212 1404 ἂν
1255 1353 1580 1418 ἐπενεγκεῖν
1633 1350 1733 1420 τὴν

172 1440 410 1511 λοιδορίαν
443 1441 700 1513 ἠνέσχου,
739 1446 768 1496 ὁ
804 1443 931 1507 τοὺς
955 1442 1220 1513 μεγάλους
1254 1442 1450 1507 ἄθλους
1493 1444 1733 1507 ἐκείνους

172 1532 252 1586 καὶ
295 1531 652 1604 πριϐοήτους
707 1534 842 1605 ὑπὲρ
905 1538 1004 1605 τῆς
1060 1533 1366 1606 όρθοδοξίας
1415 1534 1729 1603 διενεγκών.

175 1621 356 1685 Δύσαις
383 1622 495 1693 (16)
521 1622 568 1675 δ’
600 1622 667 1675 ἂν
697 1625 827 1693 ἡμῖν
860 1625 959 1694 τὴν
996 1624 1306 1694 ἀμηχανίαν
1334 1624 1515 1688 αὐτὸς,
1546 1628 1594 1677 εἰ
1618 1625 1734 1677 ἐθε-

174 1713 367 1783 λήσειας
399 1717 469 1767 τὰ
500 1717 806 1787 κινήσαντά
842 1733 899 1769 σε
927 1717 1062 1787 πρὸς
1093 1718 1192 1786 τὴν
1217 1715 1337 1771 κάθ’
1374 1716 1529 1787 ἡμῶν
1558 1717 1732 1787 λύπην

177 1805 396 1876 φανερῶς
422 1806 764 1876 ἐξαγγεῖλαι.

671 2007 1018 2061 ΕΠιΣτυΑΗ
1056 2010 1200 2076 κςι.

1835 527 1928 595 qui
1962 526 2185 579 totidem
2232 522 2416 579 verbis
2451 534 2543 579 tua
2581 525 2848 580 referunt.
2905 525 2986 578 Me
3021 532 3203 603 autem
3240 520 3416 574 multa

1837 617 2023 670 animo
2058 624 2111 670 et
2157 617 2492 685 cogitatione
2528 627 2870 680 versantem,
2924 616 3061 670 nihil
3117 614 3418 684 quidquam

1834 705 1904 760 de
1955 706 2174 759 consilii
2225 708 2407 777 inopia
2453 709 2664 762 eximit.
2720 708 2902 774 Quare
2944 716 2999 763 et
3052 707 3262 777 aliquid
3315 706 3421 759 tale

1834 798 1968 851 mihi
1999 798 2052 851 in
2086 810 2318 854 mentem
2351 801 2535 863 venit,
2565 818 2692 854 num
2727 802 2853 870 quis
2885 800 3181 855 hmreticus
3224 798 3422 853 dolose

1834 889 1951 943 suis
1985 890 2159 959 ipsius
2206 891 2429 960 scriptis
2477 909 2681 947 nomen
2731 908 2913 946 meum
2969 891 3290 956 ascribens,
3330 904 3421 942 re—

1832 981 2083 1035 ctitutlini
2115 990 2221 1036 tua:
2251 983 2557 1039 molestiam
2606 985 2845 1044 crearit,
2899 994 3063 1053 atque
3104 984 3174 1036 ad
3227 996 3421 1036 vocem

1834 1071 1993 1126 istam
2047 1073 2401 1127 emittendam
2453 1076 2719 1145 adegerit.
2774 1075 2893 1130 Non
2927 1078 3074 1130 enim
3110 1075 3180 1130 iis
3229 1089 3352 1145 qua:
3389 1090 3423 1127 a

1834 1160 1996 1213 nobis
2050 1162 2256 1230 scripta
2310 1171 2438 1215 sunt
2498 1166 2767 1219 adversus
2821 1179 2917 1218 eos
2968 1165 3058 1233 qui
3112 1162 3310 1217 Filium
3366 1169 3424 1217 et

1837 1250 2008 1306 Deum
2035 1251 2147 1306 Deo
2174 1260 2229 1307 et
2255 1252 2399 1306 Patri
2434 1255 2733 1309 secundum
2757 1254 3053 1309 essentiam
3085 1255 3413 1308 dissimilem

1832 1343 2025 1398 dicere
2057 1345 2178 1399 ausi
2226 1352 2391 1411 sunt,
2433 1354 2527 1398 aut
2576 1346 2840 1416 adversus
2885 1362 2979 1402 eos
3014 1349 3107 1416 qui
3154 1344 3417 1415 Spiritum

1835 1442 2085 1489 sanctum
2126 1445 2435 1491 creaturam
2462 1446 2515 1492 et
2539 1439 2812 1510 opilieium
2835 1454 2963 1495 esse
2987 1439 3303 1509 blasphemo
3323 1452 3423 1493 ore

1833 1527 2170 1593 docuerunt,
2201 1531 2588 1585 contumeliam
2621 1531 2762 1584 hanc
2796 1526 3293 1593 lacere‘voluisses,
3325 1529 3421 1599 qui

1834 1636 2031 1691 magna
2057 1622 2149 1676 illa
2175 1639 2239 1677 ac
2266 1624 2500 1678 celebria
2528 1627 2826 1679 certamina
2849 1640 2948 1696 pro
2982 1634 3126 1679 recta
3160 1623 3263 1676 lide
3293 1638 3421 1693 per-

1838 1716 2037 1771 tulisti.
2081 1715 2369 1774 Liberabis
2402 1727 2583 1773 autem
2634 1735 2738 1773 nos
2762 1720 2829 1774 ab
2870 1720 2973 1774 hac
3012 1717 3420 1783 sollicitudine,

1764 1823 1805 1875 Β
1836 1810 1880 1865 si
1910 1810 2070 1865 modo
2092 1811 2333 1867 volueris
2362 1828 2481 1881 quze
2524 1822 2577 1866 te
2608 1813 2675 1867 ad
2716 1815 2858 1867 hanc
2908 1813 2962 1869 in
3003 1828 3104 1868 nos
3161 1810 3421 1867 offensio-

1840 1914 1966 1953 nem
1992 1901 2420 1964 commoverint,
2452 1910 2637 1971 aperte
2670 1903 3003 1973 signiﬁcare.

2250 2013 2405 2083 105
2450 2013 2783 2069 liPlSTOL.\
2826 2014 3034 2069 XXVI‘.

182 2127 415 2177 Centuriam
442 2126 683 2188 Basilius,
706 2126 757 2197 in
776 2141 833 2178 eo
857 2136 1000 2180 terra:
1019 2142 1147 2197 mam
1172 2130 1255 2193 qui
1278 2131 1501 2181 Nicwam
1518 2130 1707 2197 evertit,
1728 2132 2023 2197 mirabiliter
2043 2140 2285 2197 servatum
2300 2130 2546 2197 hortatur,
2576 2140 2628 2197 tu
2653 2130 2835 2196 gratias
2856 2147 2910 2183 re
2933 2141 2978 2184 et
3002 2146 3148 2197 opere
3181 2135 3277 2185 Deo
3307 2146 3419 2197 per-

672 2192 845 2249 solvat,
869 2206 925 2240 ac
945 2192 1164 2242 eamdem
1185 2192 1375 2256 Semper
1396 2201 1597 2245 mentem
1617 2195 1817 2246 retineat
1839 2208 1985 2259 quam
2008 2193 2056 2245 in
2075 2194 2181 2258 ipso
2204 2193 2409 2258 periculi
2426 2194 2632 2245 articulo
2650 2192 2899 2245 imbuerat.

343 2279 642 2346 Καισαρίᾳ)
670 2279 750 2343 τῷ
778 2278 1020 2349 ἀδελφῷ
1048 2282 1379 2351 Γρηγοριου
1403 2282 1535 2351 (l7).

238 2388 391 2459 Χάρις
438 2390 515 2460 τῷ
557 2391 703 2462 Θεῷ,
751 2392 828 2462 τῷ
868 2394 937 2446 τὰ
976 2393 1168 2446 ἑαυτοῦ
1214 2393 1490 2463 θαυμάσια
1541 2397 1635 2449 καὶ
1677 2398 1734 2449 ἐν

184 2478 251 2529 σοὶ
273 2479 372 2548 (18)
400 2481 818 2553 ἑπιδειξαμένῳ,
853 2484 943 2537 καὶ
972 2486 1036 2535 ἐκ
1077 2483 1330 2537 τοσούτου
1357 2483 1586 2539 θανάτου
1614 2487 1732 2540 δια-

188 2570 387 2624 σῶσαντί
420 2589 477 2625 σε
503 2577 569 2645 τῇ
603 2592 666 2627 τε
694 2576 906 2647 πατρίδι
937 2576 1031 2629 καὶ
1064 2577 1196 2646 ἡμῖν
1229 2579 1341 2641 τοῖς
1372 2579 1728 2649 προσήκουσι.

186 2657 407 2713 Δείπεται
438 2662 501 2733 δὴ
538 2661 635 2716 οὖν
679 2664 754 2734 μὴ
793 2666 1119 2736 ἀχαρίστους
1148 2666 1294 2735 ἡμᾶς
1321 2666 1573 2737 ὀφθῆναι,
1612 2668 1733 2738 μηδ’

188 2746 402 2813 ἀναξίους
430 2752 528 2822 τῆς
567 2754 844 2826 τοσαύτης
899 2755 1234 2826 εὐεργεσίας,
1280 2756 1415 2809 ἀλλὰ
1471 2759 1610 2812 κατὰ
1640 2759 1734 2813 δύο

190 2852 322 2904 ναμιν
342 2840 434 2909 τὴν
456 2842 741 2911 ἡμετέραν
772 2843 1108 2913 διαγγέλλειν
1136 2846 1231 2898 τοῦ
1274 2847 1407 2900 Θεοῦ
1447 2850 1516 2901 τὰ
1558 2850 1735 2921 παρὰ-

188 2921 314 2987 δοξν
364 2930 485 2995 καὶ,
537 2925 609 3002 ἦς
661 2931 808 3001 ἔργῳ
864 2933 1242 3004 πεπειρόιμεθα
1296 2936 1731 3007 φιλανθρωπίας,

190 3016 358 3087 ταύτην
405 3020 693 3092 ἀνυμνεῖνθ
746 3025 837 3077 καὶ
878 3024 951 3095 μὴ
1008 3025 1151 3096 λόγῳ
1215 3027 1373 3097 μόνον
1424 3029 1732 3084 ἀποδιδόναι

190 3104 268 3172 τὴν
308 3107 469 3178 χάριν,
504 3112 643 3164 ἀλλὰ
689 3114 784 3165 καὶ
815 3114 961 3185 ἔργῳ
1007 3116 1245 3169 τοιοῦτον
1292 3119 1566 3186 γενέσθαι,
1620 3116 1730 3175 οἷον
1762 3104 1804 3136 ι’

193 3198 270 3247 ui
296 3198 379 3251 νῦν
409 3197 544 3255 εἶναι
584 3204 910 3274 πειθόμεθα,
967 3209 1390 3279 τεκμαιρόμενοι
1445 3215 1559 3276 τοῖς
1605 3213 1732 3284 περὶ

195 3286 242 3339 σὲ
277 3287 509 3362 θαύμασι.
566 3298 684 3349 Καὶ
732 3296 810 3349 ἔτι
860 3298 1120 3365 μειζόνως
1162 3301 1239 3371 τῷ
1295 3301 1410 3373 Θεῷ
1463 3303 1734 3358 δουλεύειν

196 3383 603 3454 παρακαλοῦμεν,
658 3388 999 3459 προσθήκαις
1046 3392 1134 3444 ἀεὶ
1174 3392 1266 3445 τὸν
1325 3394 1490 3461 φόϐον
1534 3396 1733 3449 συναύ-

197 3467 341 3537 ξοντα,
367 3477 454 3527 καὶ
480 3479 557 3540 εἰς
585 3478 656 3531 τὸ
674 3478 876 3533 τέλειον
911 3483 1287 3552 προκόπτοντα
1320 3485 1452 3555 (19),
1486 3487 1571 3540 ἵνα
1603 3488 1733 3558 φρό-

199 3579 316 3632 νιμοι
340 3567 594 3639 οἰκονόμοι
618 3570 721 3640 τῆς
745 3571 889 3643 ζωῆς
917 3574 1075 3644 ἡμῶν
1098 3576 1527 3647 ἁποδειχθῶμεν,
1560 3579 1638 3641 είς
1669 3580 1734 3649 ἣν

199 3655 315 3721 ἡμᾶς
353 3660 383 3729 ἡ
430 3661 848 3731 ἁγαθότηςτοῦ
892 3664 1027 3718 Θεοῦ
1086 3668 1465 3737 ἐταμιεύσατο.
1522 3671 1584 3723 Εἰ
1626 3671 1734 3741 γὰρ

200 3746 276 3796 καὶ
296 3750 439 3804 πᾶσιν
474 3754 602 3824 ἡμῖν
656 3754 982 3826 πρόσταγμα
1038 3759 1152 3810 ἐστι
1206 3762 1554 3831 παραστῆσαι
1606 3763 1734 3815 ἑαυ-

200 3838 299 3901 τοκ
332 3841 398 3912 τῷ
441 3843 574 3919 Θεῷ,
621 3846 755 3900 ὡσεὶ
796 3850 859 3901 ὲκ
888 3850 1099 3922 νεκρῶν
1126 3852 1384 3919 ’ζῶ-ηας,
1442 3855 1557 3918 πῶς
1612 3858 1733 3927 οὐχὶ

205 3930 365 3997 μᾶλλον
391 3941 492 4001 τοῖς
516 3938 810 4008 ὑψωθεῖσιν
851 3943 914 3995 ὲκ
953 3942 1061 3996 τῶν
1112 3945 1294 3998 πυλῶν
1329 3946 1423 4000 τοῦ
1467 3948 1730 4015 θανάτου;

203 4020 342 4112 Τοῦτο
374 4026 414 4078 δ’
441 4029 502 4083 ἂν
537 4032 793 4102 μάλιστα,
833 4034 907 4099 ὡς
942 4038 1175 4107 ἐμαυτὸν
1220 4039 1409 4107 πείθω,
1457 4041 1735 4112 κατορθω-

206 4109 326 4185 θείη,
370 4120 413 4197 εί
464 4120 856 4196 βουληθείημεν
914 4129 1002 4181 ἀεὶ
1051 4129 1150 4200 τὴν
1214 4129 1385 4201 αὐτὴν
1427 4109 1733 4200 ἔχειν-διά-

206 4222 340 4274 νοιαν,
384 4218 442 4286 ἣν
483 4220 702 4291 εἴχομεν
750 4223 843 4274 ἐπὶ
889 4222 982 4275 τοῦ
1039 4222 1233 4294 καιροῦ
1293 4224 1401 4278 τῶν
1448 4226 1729 4278 κινδύνων.

207 4294 390 4366 Πάντως
427 4308 527 4378 γάρ
565 4328 674 4362 που
723 4309 893 4381 είσῄει
937 4310 1047 4380 (20)
1080 4312 1228 4381 ἡμᾶς
1261 4311 1354 4364 τοῦ
1390 4310 1505 4381 βίου
1537 4313 1597 4364 τὸ
1625 4312 1731 4381 μά-

2262 2279 2503 2334 Cwsario
2536 2278 2773 2349 Gregorii
2809 2280 2992 2348 fratri.

1908 2392 2094 2448 Gratia
2130 2391 2278 2460 Deo,
2309 2393 2401 2463 qui
2442 2392 2714 2446 mirabilia
2757 2408 2856 2447 sua
2892 2399 2946 2446 et
2975 2392 3026 2445 in
3063 2399 3119 2448 te
3141 2395 3417 2459 ostendit,

1840 2495 2005 2557 teque
2025 2502 2090 2541 ex
2127 2486 2223 2539 tali
2253 2493 2427 2540 morte
2457 2487 2695 2540 servavit
2719 2487 2907 2555 patriae
2938 2501 3001 2539 ac
3025 2487 3182 2542 nobis
3203 2490 3417 2543 amicis.

1839 2578 2132 2649 Reliquum
2177 2579 2291 2647 jam
2333 2586 2448 2641 est,
2485 2588 2546 2632 ut
2587 2578 2785 2648 ingrati
2843 2593 2952 2632 non
2985 2578 3286 2643 videamur,
3318 2596 3423 2635 nec

1838 2672 2048 2742 indigni
2085 2670 2351 2726 beneﬁcio
2381 2680 2534 2724 tanto
2555 2711 2570 2734 ,
2599 2670 2694 2725 sed
2730 2686 2829 2738 pro
2853 2670 3065 2726 viribus
3098 2687 3420 2728 enarrcmus

1839 2764 1931 2819 Dei
1967 2764 2230 2819 miracula
2251 2802 2267 2827 ,
2298 2772 2351 2817 et
2374 2778 2537 2833 quam
2571 2778 2628 2815 re
2659 2764 2869 2831 experti
2897 2779 3089 2818 sumus
3112 2764 3424 2834 benignita-

1836 2864 1985 2912 tem.
2014 2871 2136 2909 eam
2176 2855 2551 2918 celebremus;
2586 2869 2689 2908 nec
2722 2854 2905 2908 verbis
2951 2862 3164 2919 tantum
3202 2858 3421 2926 persol-

1836 2963 2030 3003 vamus
2056 2947 2294 3018 gratias,
2343 2946 2436 3001 sed
2474 2955 2527 3000 et
2562 2962 2726 3015 opere
2768 2946 2909 3001 tales
2955 2949 3167 3011 simus,
3197 2948 3419 3017 qualem

1836 3047 1891 3093 et
1929 3054 2077 3092 nunc
2104 3054 2226 3093 esse
2254 3046 2307 3092 te
2338 3053 2664 3107 persuasum
2715 3039 3010 3103 habemus,
3047 3040 3189 3093 facta
3218 3055 3284 3095 ex
3318 3039 3424 3093 nti--

1841 3132 1919 3184 ris
1953 3131 2008 3184 in
2045 3138 2099 3185 te
2128 3130 2291 3185 editis
2338 3131 2681 3199 conjectura.
2717 3131 2893 3201 Atque
2934 3140 2994 3185 ut
3039 3132 3216 3187 adhuc
3246 3133 3420 3203 magis

1840 3222 1949 3275 .‘lteo
1976 3221 2185 3276 servias
2220 3222 2526 3284 hortamur,
2567 3223 2980 3278 accessionibus
3008 3239 3225 3294 semper
3257 3226 3421 3279 timo-

1839 3328 1956 3366 rem
2009 3329 2251 3384 augens,
2287 3321 2341 3366 et
2383 3313 2450 3366 ad
2502 3314 2892 3383 perfectionem
2939 3317 3329 3384 progrediens,
3359 3324 3421 3373 ut

1837 3404 2136 3474 prudentes
2170 3406 2581 3475 dispensatores
2623 3408 2748 3461 vitae
2792 3416 2997 3463 nostra:
3045 3408 3422 3479 deprehenda-

1838 3512 1981 3563 mur,
2016 3499 2081 3552 ad
2121 3515 2283 3568 quam
2312 3515 2412 3555 nos
2446 3501 2751 3570 benignitas
2790 3498 2881 3555 Dei
2925 3504 3241 3559 reservavit.
3280 3503 3417 3559 Nam

1839 3589 1883 3644 si
1913 3591 2168 3645 omnibus
2214 3592 2372 3647 nobis
2416 3602 2743 3663 przeceptum
2791 3604 2914 3658 est,
2959 3604 3020 3648 ut
3061 3595 3419 3652 exhibeamus

1838 3694 1939 3732 nos
1969 3677 2079 3733 Deo
2107 3688 2368 3750 tanquam
2399 3698 2463 3737 ex
2509 3684 2741 3739 mortuis
2772 3685 3014 3738 viventes
3051 3686 3116 3748 ³⁸,
3142 3690 3419 3755 quomodo

1838 3786 1947 3824 non
1993 3772 2046 3825 id
2079 3773 2250 3841 magis
2279 3782 2610 3843 princ-cptum
2642 3775 2709 3828 iis
2731 3814 2746 3837 ,
2778 3775 2872 3845 qui
2902 3791 2965 3830 ex
3000 3777 3178 3846 portis
3225 3779 3419 3832 mortis

1837 3864 2003 3917 erecti
2042 3867 2210 3918 sunt?
2258 3863 2311 3918 ld
2369 3877 2550 3920 autem
2603 3866 2868 3931 maxime,
2903 3877 2960 3921 ut
3010 3869 3144 3923 mihi
3194 3870 3414 3940 quidem

1835 3954 2182 4025 persuadeo,
2245 3957 2699 4027 praestiterimus,
2759 3958 2805 4011 si
2877 3959 3107 4016 velimus
3168 3960 3416 4017 eamdem

1837 4060 2052 4115 semper
2081 4047 2315 4103 retinere
2350 4056 2584 4102 mentem
2605 4089 2618 4109 ,
2656 4064 2819 4119 quam
2867 4057 3111 4121 tempore
3141 4053 3418 4122 periculo-

1834 4152 1955 4191 rum
2011 4137 2364 4191 habebamus.
2422 4140 2661 4195 Omnino
2697 4141 2840 4194 enim
2880 4152 3103 4197 venerat
3143 4144 3307 4202 nobis
3358 4146 3417 4201 in

1835 4235 2073 4283 mentem
2109 4229 2233 4283 vitae
2270 4230 2484 4285 vanitas
2508 4271 2522 4291 .
2557 4247 2619 4285 ac
2651 4231 2786 4287 nihil
2820 4232 2982 4287 [idum
3015 4250 3139 4290 esse
3166 4236 3221 4291 in
3253 4238 3418 4293 rebus

1834 4321 2125 4384 humanis,
2169 4322 2305 4375 nihil
2357 4323 2586 4388 stabile,
2617 4333 2675 4377 ut
2706 4340 2829 4395 qua:
2857 4333 2967 4379 tam
3005 4326 3166 4383 facile
3200 4337 3419 4385 muten-

209 4403 342 4456 ταιον,
368 4399 451 4450 καὶ
484 4401 555 4465 ὡς
600 4403 752 4456 οὐδὲν
799 4403 987 4455 πιστὸν
1034 4403 1141 4456 τῶν
1183 4403 1558 4474 ἀνθρωπίνων,
1608 4402 1730 4457 οὕτε

1841 4418 1948 4467 tur.
1980 4409 2234 4465 Subierat
2260 4413 2426 4467 etiam
2449 4429 2570 4475 nos,
2603 4425 2662 4469 nt
2688 4416 2986 4472 verisimile
3010 4426 3093 4475 est
3113 4459 3128 4481 ,
3165 4419 3415 4490 quaadam

209 4479 385 4551 πάγων,
412 4490 541 4546 οὕτω
564 4495 763 4565 ῥᾳδίως
788 4495 899 4565 (Ξί)
930 4496 1159 4565 ἐχόντων
1191 4495 1291 4559 τὰς
1333 4496 1730 4566 μεταπτώσεις.

211 4569 298 4625 Καί
323 4580 409 4631 πού
435 4599 511 4646 τις
544 4586 875 4656 μεταμέλεια
915 4588 1014 4657 μὲν
1052 4586 1114 4640 ἔκ
1143 4605 1203 4640 τε
1233 4588 1340 4640 τῶν
1396 4589 1622 4642 εἰκότων
1654 4591 1733 4643 ὲν-

213 4664 381 4754 εγίνετο
400 4673 519 4743 ἡμῖν
548 4678 643 4729 ἐπὶ
676 4681 788 4741 τοῖς
824 4677 1124 4748 φθάσασιψ
1154 4679 1446 4749 ὑπόσχεσις
1499 4681 1554 4733 δὲ
1603 4684 1732 4754 περὶ

214 4752 300 4808 τῶν
322 4761 511 4834 ἐφεξῆς,
537 4769 585 4819 εί
639 4768 1099 4840 περισωθείημεν,
1126 4754 1246 4839 Θεῷ
1300 4770 1594 4837 δουλεύειν,
1635 4752 1730 4826 καὶ

276 4875 310 4905 ⁸⁸
336 4875 475 4938 Rom.
507 4900 590 4949 vr,
625 4885 713 4939 15.

223 4986 333 5072 ξδθρ
354 4995 543 5072 γράψας
572 4998 695 5052 καθ’
725 4997 903 5072 ήμῷν,
928 4995 1127 5072 μᾷλλον
1165 4996 1222 5049 δὲ
1253 4998 1594 5072 συγγράψας,
1619 5008 1725 5055 etc.

223 5055 407 5127 Scripsit
439 5055 608 5122 contra
643 5055 848 5122 nosnvel
875 5055 1048 5139 potius
1087 5055 1380 5139 composuit
1397 5055 1589 5139 Ilongo's'
1620 5088 1731 5125 ser-

224 5142 366 5184 mones
400 5140 612 5193 convicio
655 5139 800 5191 omni
841 5147 891 5190 et
932 5136 1203 5195 calumnia
1249 5136 1726 5205 refertos.'Eodem

226 5211 652 5327 ξέῐὶευῖἓῗιιτροιιη·
681 5206 817 5263 illud
839 5207 1062 5262 verbum
1091 5209 1146 5260 in
1177 5208 1422 5276 epistolis
1450 5208 1574 5274 151,
1598 5211 1725 5279 225,

286 5338 375 5407 (lli)
399 5347 619 5414 Λύσαις.
647 5348 739 5402 Sic
765 5348 1006 5417 quinque
1035 5361 1169 5401 mss.
1192 5345 1335 5401 Editi
1357 5348 1559 5413 λύσεις.
1591 5348 1730 5407 Pau-

232 5401 272 5456 10
413 5417 531 5497 editi
556 5401 675 5497 καθς
706 5401 879 5497 irpr
913 5401 1165 5497 i’lerique
1194 5433 1327 5497 mss.
1356 5401 1689 5497 καθ’

288 5477 377 5557 lli)
413 5484 487 5550 Τῷ
539 5477 774 5559 ἀδελφῷ
825 5477 1175 5559 Γρηγορίου.
1244 5487 1451 5542 Desunt
1503 5477 1619 5546 [inille
1670 5494 1726 5548 in

235 5556 425 5627 (Ιυξξιίιυε
454 5571 569 5627 mss.
596 5556 876 5627 Leguutur
904 5556 968 5613 ιη
987 5558 1162 5612 tribus
1182 5560 1598 5627 vetustissimis.

289 5619 375 5698 (1.8)
395 5625 575 5698 ᾔαὶέγ
601 5619 723 5684 σοῖ.
766 5628 1087 5698 Ρηεροείιὶο
1128 5626 1311 5682 addita
1342 5644 1407 5683 ex
1441 5630 1724 5688 codicibus

238 5677 372 5754 Hart;
391 5677 547 5752 τοίειζ
567 5677 1319 5770 ρὶίῖτὶὸξιίἕίῖξἑῐῆοιῑιῖιῖιῑῖὲ
1346 5677 1501 5756 stag."
1513 5677 1720 5758 ibid-{air}

1839 4503 2244 4571 praeteritorum
2284 4505 2608 4572 paenitentia
2635 4547 2649 4570 ,
2679 4515 2733 4562 et
2762 4508 2830 4563 de
2868 4508 3067 4564 futuris
3093 4512 3413 4580 promissio.

1840 4591 1992 4658 Deo,
2040 4597 2086 4649 si
2135 4610 2503 4657 servarentur.
2557 4599 2926 4665 inserviendi,
2972 4617 3036 4657 ac
3086 4604 3247 4659 nobis
3279 4603 3417 4673 ipsis

1840 4688 2123 4757 diligentia
2175 4689 2325 4742 omni
2377 4690 2717 4761 invigilandi.
2756 4693 2813 4748 Si
2857 4710 3023 4765 quam
3078 4695 3219 4750 enim
3255 4697 3416 4752 nobis

1838 4780 2231 4849 cogitationem
2262 4784 2455 4839 mortis
2485 4785 2791 4853 periculum
2838 4787 3132 4843 imminens
3176 4788 3411 4858 injiciat,

1835 5005 2339 5090 quinquerodices
2375 5015 2823 5088 ἐπιδεικνυμένῳ.
2864 5013 2970 5070 Sed
2994 5025 3108 5071 tres
3138 5016 3415 5087 antiquis-

1837 5082 1965 5130 simi
1998 5087 2061 5131 ut
2092 5082 2147 5133 in
2179 5082 2363 5137 editis.

1906 5146 2487 5218 (19)Προκόπτοντα.
2537 5154 2629 5210 Sic
2677 5172 2811 5213 mss.
2856 5171 2972 5211 sex.
3019 5156 3159 5211 Editi
3208 5158 3413 5229 προκό-

1835 5233 2089 5282 πτοντας.

1834 5287 2019 5410 Erestiti)
2048 5290 2276 5359 Εισῄει.
2328 5292 2421 5348 Sic
2466 5294 2632 5349 etiam
2682 5311 2775 5350 sex
2819 5296 2943 5351 libri
2986 5305 3217 5353 veteres.
3263 5296 3413 5354 Editi

1905 5428 2020 5505 (2d)
2060 5429 2317 5505 Ῥᾳδίως.
2371 5433 2553 5505 codex
2619 5434 2940 5505 Bigotianus
2998 5454 3027 5492 a
3079 5438 3412 5494 Combelisio

1832 5496 2087 5555 laudatus
2122 5496 2285 5557 habet
2315 5504 2525 5575 ῥᾳδίας,
2572 5515 2626 5559 et
2658 5496 2821 5576 paulo
2845 5515 2969 5578 post
3000 5510 3141 5565 idem
3178 5509 3412 5588 ὑποσχέ-

1834 5584 1968 5632 σιις.

1911 5640 1929 5661 ⁴
1960 5639 2120 5696 Alias
2147 5641 2677 5718 CCCLXll,fscripta
2708 5663 2799 5704 an.
2827 5649 2952 5706 ⁸568.
