3886 6220
433 300 543 358 505
1749 297 1806 354 S.
1847 294 2086 352 BASILII
2125 297 2342 353 MAGNI
3577 291 3683 347 5οι

432 415 551 470 haec
590 424 641 470 te
687 414 948 478 arbitror,
982 422 1040 468 ut
1073 414 1158 470 his
1191 428 1355 484 quam
1391 411 1668 468 simillima
1712 409 2008 481 cogitasse.

2132 408 2321 462 εαυτῶν
2376 405 2728 478 ἐπιμέλεσθαι
2752 402 2863 475 (9.2)
2896 402 3036 456 κατά
3075 404 3255 454 πᾶσαν
3293 400 3594 471 ἀκρίϐειαν.
3616 401 3686 454 Εἰ

434 505 616 572 Quare
650 507 950 562 necessarii
981 506 1268 575 cujusdam
1301 504 1468 560 debiti
1509 503 1778 559 solutione
1812 500 2012 555 obstri-

2132 503 2226 572 γάρ
2250 517 2370 555 τινα
2404 502 2534 570 ἡμῖν
2567 499 2770 552 ἔννοιαν
2803 499 2830 550 ὁ
2871 494 2962 549 τοῦ
3018 494 3248 548 θανάτου
3296 493 3540 555 κίνδυνος
3569 493 3689 545 ἐπι-

437 598 510 652 cti
544 614 757 654 sumus.
812 597 937 653 Haec
973 599 1134 652 simul
1166 599 1323 652 laetus
1349 597 1417 651 ob
1447 595 1542 650 Dei
1583 608 1784 649 munus
1811 633 1827 658 ,
1855 593 2019 648 simul

433 699 488 745 et
521 691 588 746 de
630 691 831 747 futuris
878 693 1154 747 sollicitus
1177 731 1190 755 ,
1224 689 1552 761 perfectioni
1586 696 1694 742 tuae
1746 685 2019 755 subjicere

435 798 605 838 ausus
626 799 768 840 sum.
812 783 988 838 Tuum
1022 793 1202 838 autem
1239 792 1323 838 est
1353 782 1519 836 verba
1546 787 1734 836 nostra
1783 793 1938 847 aequo
1961 785 2014 830 et

434 872 543 925 leni
574 873 758 928 animo
790 873 1072 939 accipere,
1107 869 1567 942 quemadmodum
1621 875 1676 924 et
1721 882 1906 923 coram
1957 866 2010 920 in

434 962 730 1030 colloquiis
756 962 996 1017 solebas.

2117 593 2368 662 κείμενος
2410 591 2664 654 ἐνεδίδου,
2703 586 2854 660 οἶμαί
2889 605 2947 640 σε
2991 586 3024 657 ἦ
3079 587 3271 650 ταῦτα,
3323 584 3354 654 ἢ
3418 583 3686 652 ἐγγύτατα

2116 683 2320 736 τούτων
2410 680 2822 750 ἀναλογίζεσθαι
2897 677 3193 748 τηνικαῦτα
3227 716 3241 730 .
3278 677 3442 728 Ὥστε
3525 676 3685 744 άναγ-

2119 771 2273 826 καίου
2312 770 2624 840 ὀφλήματος
2665 769 2866 821 ἐκτίσει
2911 765 3198 818 ὑπεύθυνοι
3245 763 3682 832 καθεστήκαμεν.

2120 859 2304 914 Ταῦτα
2335 859 2470 929 ὁμοῦ
2518 859 2613 929 μὲν
2641 855 2944 928 περιχαρὴς
2982 854 3057 907 ὣν
3087 856 3150 923 τῇ
3181 851 3274 906 τοῦ
3321 849 3458 903 Θεοῦ
3493 851 3682 920 δωρεᾷ,

2119 949 2253 1022 ὁμοῦ
2286 950 2341 1002 δὲ
2362 949 2454 1002 καὶ
2477 947 2732 1019 φροντίδα
2759 946 2896 1016 ἔχων
2928 942 3054 1014 περὶ
3076 941 3183 994 τῶν
3222 939 3526 1012 μελλόντων
3551 940 3684 1007 (25),

434 1053 792 1122 ἀπεθάρσησα
849 1051 1160 1123 ὑπομνῆσαι
1218 1048 1315 1120 τὴν
1371 1047 1681 1116 τελειότητά
1745 1062 1860 1099 σου.
1912 1044 2012 1096 Σὺν
2045 1041 2104 1095 δέ
2166 1043 2313 1094 ἐστιν
2343 1039 2586 1110 εὐμενῶς
2625 1038 2719 1091 καὶ
2753 1035 2976 1107 ἡμέρως
3004 1033 3300 1104 προσέσθαι
3346 1033 3504 1103 ἡμῶν
3565 1033 3688 1094 τοὺς

432 1148 642 1215 λόγους,
670 1146 744 1211 ὡς
767 1147 861 1199 καὶ
887 1146 944 1199 ἐν
965 1147 1083 1208 ταῖς
1099 1145 1218 1197 κατ’
1243 1143 1552 1213 ὀφθαλμοὺς
1583 1141 1819 1212 ὁμιλίαις
1839 1157 1919 1193 σοι
1944 1135 2012 1210 ἦν
2051 1137 2278 1208 σύνηθες
2312 1135 2451 1206 (24).

927 1304 1264 1361 EPISTOLA
1302 1302 1538 1357 XXVII'.

2648 1293 2989 1345 ΕΠΙΣΤΟΛΗ
3025 1288 3150 1345 ΚΖ’.

437 1443 649 1494 Basilius
677 1455 739 1494 ea:
759 1441 924 1492 morbo
944 1448 1139 1492 sanatus
1160 1440 1314 1492 hieme
1340 1437 1604 1505 impeditur
1628 1437 1882 1551 quomizius
1907 1434 2079 1563 inurisat
2106 1432 2372 1546 Eulsebiu‘m.
2407 1433 2793 1495 Properaturum
2823 1443 2874 1481 se
2904 1427 3176 1494 pollicetur,
3201 1425 3246 1476 si
3265 1439 3354 1488 per
3375 1425 3492 1476 anni
3511 1433 3690 1487 tampm

1861 1512 1950 1563 per
1993 1511 2152 1548 amem
2195 1510 2296 1547 acea
2321 1533 2333 1545 .

1861 1512 1950 1564 per
1973 1510 2152 1563 [amem
2173 1510 2333 1547 liceat.

759 1611 1006 1677 Eusebio,
1031 1610 1275 1680 episcopo
1310 1607 1740 1665 Samosatorum.

507 1725 610 1782 Ubi
638 1726 730 1781 Dei
762 1725 938 1796 gratia
975 1739 1038 1778 ac
1071 1723 1326 1794 praesidio
1355 1730 1575 1776 tuarum
1624 1735 1847 1793 precum
1878 1734 2012 1791 pau-

2379 1600 2646 1665 Εὺο-εϐίῳ
2687 1598 2999 1664 ὲπισκόπῳ
3048 1592 3434 1664 Σαμοσάτων.

2189 1718 2317 1770 Ὅτε
2343 1719 2410 1787 τῇ
2439 1714 2533 1768 τοῦ
2559 1713 2691 1768 Θεοῦ
2731 1715 2911 1785 χάριτι
2951 1713 3043 1767 καὶ
3084 1715 3149 1783 τῇ
3195 1710 3416 1782 βοηθείᾳ
3447 1709 3556 1762 τῶν
3588 1710 3691 1762 σῶν

436 1820 606 1873 lulum
635 1831 914 1886 emergere
951 1832 1018 1870 ex
1057 1815 1247 1870 morbo
1279 1814 1430 1869 visus
1461 1829 1583 1868 sum
1605 1853 1618 1872 .
1653 1828 1717 1867 ac
1759 1813 2012 1882 recollegi

2132 1807 2438 1880 προσευχῶν
2468 1806 2660 1877 μικρὸν
2683 1804 2973 1875 ἀναφέρειν
3017 1804 3081 1856 ἐκ
3109 1803 3205 1873 τῆς
3232 1801 3540 1873 ἀρρωστίας
3580 1800 3691 1852 ἔδο-

436 1927 587 1965 meas
620 1910 762 1964 vires
785 1950 800 1976 ,
846 1916 974 1962 tunc
1018 1907 1192 1961 hiems
1237 1906 1586 1976 supervenit,
1614 1905 1758 1958 domi
1797 1920 1898 1960 nos
1933 1905 2016 1958 in-

442 2004 694 2063 cludens,
733 2015 833 2054 nec
867 2001 989 2054 loco
1037 2001 1225 2054 sincns
1271 1999 1502 2051 moveri.
1537 1996 1651 2051 Etsi
1676 1997 1821 2052 enim
1855 1997 2016 2052 solito

437 2096 599 2163 longe
629 2093 816 2147 mitior
855 2091 1134 2155 occurrit,
1172 2089 1302 2143 mihi
1334 2099 1515 2143 tamen
1563 2088 1698 2144 satis
1725 2090 2016 2144 vehemens

437 2185 541 2238 fuit
567 2192 626 2237 ut
657 2183 976 2252 impediret,
1025 2181 1319 2251 quominus
1361 2188 1468 2233 non
1503 2179 1664 2232 modo
1707 2194 1773 2234 eo
1803 2179 2017 2245 vigente

436 2275 540 2329 iter
570 2273 781 2343 ingredi
803 2311 816 2333 ,
847 2269 940 2324 sed
975 2286 1076 2325 nec
1101 2270 1381 2340 paululum
1409 2267 1629 2337 quidem
1662 2283 1725 2321 ex
1763 2267 2016 2321 cubiculo

441 2366 598 2436 106
647 2364 962 2434 pmSpicere
1010 2375 1248 2430 possem.
1307 2358 1410 2412 Sed
1475 2372 1653 2426 neque
1709 2358 1812 2411 hoc
1863 2355 2015 2426 parvi

435 2457 615 2521 duco,
663 2455 809 2525 quod
847 2455 1049 2522 dignus
1097 2452 1322 2516 habear,
1368 2450 1460 2519 qui
1499 2464 1622 2502 cum
1679 2456 1774 2502 tua
1817 2451 2017 2518 pietate

437 2565 535 2621 per
565 2549 779 2602 litteras
821 2545 1129 2614 colloquar,
1159 2543 1383 2612 jamque
1426 2542 1483 2595 iu
1536 2549 1882 2595 antecessum
1921 2553 2017 2607 spe

435 2637 859 2708 responsionum
892 2634 1262 2704 acquiescam.
1287 2631 1442 2698 Quod
1473 2633 1516 2687 si
1553 2641 1604 2687 et
1629 2638 1926 2701 tempestas
1948 2631 2017 2686 si-

437 2737 564 2791 nat,
589 2738 643 2785 et
670 2729 796 2782 vitae
832 2727 992 2781 nobis
1018 2725 1197 2779 adhuc
1231 2724 1472 2792 supersit
1503 2733 1736 2792 tempus,
1771 2737 1870 2776 nec
1913 2721 2015 2775 im-

437 2818 883 2892 pervium,nobis
921 2818 1024 2871 iter
1058 2817 1229 2870 fames
1279 2814 1511 2878 eﬂlciat;
1551 2815 1660 2868 cito
1707 2828 1839 2868 sane
1885 2828 2013 2882 pre-

437 2925 562 2965 cum
595 2919 810 2964 tuarum
859 2905 1107 2962 subsidio
1153 2905 1265 2958 voti
1320 2913 1602 2973 compotes
1644 2919 1804 2966 esse,
1853 2910 2015 2972 teque

437 3001 582 3056 domi
615 2999 957 3054 invenientes
982 3035 997 3060 ,
1037 2996 1091 3050 in
1138 2995 1312 3048 multo
1355 2995 1470 3048 otio
1517 2992 1731 3063 magnis
1770 3000 1877 3048 tua:
1922 3008 2014 3049 sa-

440 3092 657 3164 pientiae
691 3089 974 3146 thesauris
1005 3086 1268 3144 exsatiari
1296 3086 1591 3157 possimus.

894 3393 1230 3449 EPISTOLA
1271 3394 1547 3452 XXVIII“.

2118 1901 2216 1966 ξα,
2253 1900 2348 1953 καὶ
2390 1897 2728 1967 ἀνελεξάμην
2766 1893 3001 1965 ἐμαυτοῦ
3048 1893 3146 1956 τὰς
3181 1892 3460 1962 δυνάμεις,
3505 1891 3625 1944 τότε
3663 1893 3693 1943 ὀ

2117 1989 2320 2060 χειμὼν
2354 1988 2660 2057 ἐπεγένετο,
2695 1986 2829 2039 οἴκοι
2872 1984 3178 2055 καθείργων
3221 1985 3388 2054 ἡμᾶς,
3419 1983 3513 2034 καὶ
3553 1984 3693 2034 κατά

2116 2078 2301 2150 χώραν
2324 2079 2506 2149 μένειν
2536 2075 2979 2145 συναναγκάζων.
3017 2076 3079 2127 Εἰ
3110 2075 3219 2146 γὰρ
3247 2075 3342 2127 καὶ
3366 2073 3546 2143 πολλῷ
3573 2090 3693 2125 κου·

2117 2170 2338 2240 φότερος
2371 2171 2468 2240 τῆς
2503 2168 2786 2240 συνηθείας
2840 2169 3152 2238 ἀπήντησεν
3173 2184 3186 2197 ’
3237 2166 3353 2218 ἀλλ’
3385 2162 3478 2218 οὖν
3508 2166 3693 2235 ἔμοιγε

2120 2262 2302 2324 ἱκανὸς
2354 2263 2433 2323 είς
2488 2260 2763 2330 ἐμπόδιον,
2814 2259 2912 2328 οὐχ
2958 2260 3106 2322 ὅπως
3156 2259 3456 2327 ὁδοιπορεῖν
3498 2257 3566 2308 δι’
3599 2258 3696 2310 αὑ-

2115 2351 2208 2405 τοῦ
2237 2351 2369 2421 (9.5),
2423 2351 2537 2404 ἀλλ’
2569 2350 2691 2404 οὐδὲ
2739 2351 2933 2421 μικρὸν
2966 2349 3297 2418 προκύπτειν
3361 2346 3455 2400 τοῦ
3517 2347 3694 2416 δωμα-

2114 2443 2229 2495 τίου
2265 2441 2543 2494 δύνασθαι.
2579 2442 2736 2494 Ἔστι
2773 2441 2830 2492 δέ
2871 2457 2958 2511 μοι
3000 2439 3119 2492 οὐδὲ
3175 2436 3333 2490 τοῦτο
3378 2436 3596 2507 μικρὸν,
3635 2435 3695 2487 τὸ

2117 2530 2510 2596 καταξιοῦσθαι
2540 2529 2630 2583 διὰ
2677 2529 3022 2600 γραμμάτων
3062 2526 3269 2597 ὁμιλεῖν
3302 2529 3368 2596 τῇ
3414 2524 3693 2594 θεοσεϐείᾳ

2118 2641 2242 2686 σου,
2290 2623 2384 2675 καὶ
2425 2625 2492 2693 τῇ
2543 2621 2716 2674 ἐλπίδι
2762 2621 2870 2673 τῶν
2916 2618 3234 2672 ἀντιδόσεων
3284 2619 3384 2688 ἥδη
3449 2633 3690 2688 προανα-

2115 2713 2406 2768 παύεσθαι.
2447 2715 2510 2766 El
2543 2713 2597 2765 δὲ
2626 2715 2716 2766 καὶ
2756 2715 2784 2766 ὁ
2815 2711 3002 2780 καιρὸς
3027 2709 3223 2780 ἐνδοίη,
3269 2709 3363 2762 καὶ
3412 2709 3514 2777 τῆς
3549 2707 3694 2776 ζωῆς

2112 2806 2243 2874 ἡμῖν
2269 2802 2347 2856 ἐτι
2379 2803 2618 2855 λείποιτο
2649 2800 2762 2872 (‘26)
2793 2801 3002 2872 χρόνος.
3049 2801 3142 2852 καὶ
3187 2799 3259 2869 μὴ
3310 2799 3516 2870 ἄπορον
3560 2801 3694 2868 ἡμῖν

2114 2897 2211 2966 τὴν
2269 2895 2383 2948 ὁδὸν
2434 2896 2462 2945 ὁ
2510 2895 2666 2966 λιμὸς
2711 2894 3114 2964 ἀπεργάσαιτο.
3157 2892 3294 2961 ταχὺ
3342 2891 3408 2945 ἂν
3440 2891 3550 2961 (2η
3603 2891 3696 2943 τύ.

2113 3003 2302 3055 χοιμεν
2339 2986 2436 3056 τῆς
2480 2986 2776 3056 ἐπιθυμίας
2797 2985 2885 3039 διὰ
2917 2984 3024 3038 τῶν
3054 2983 3160 3039 σῶν
3205 2985 3558 3056 προσευχῶν·
3602 2983 3694 3036 καὶ

2116 3077 2210 3130 ἐπὶ
2241 3079 2339 3144 τῆς
2371 3077 2554 3141 ἑστίας
2601 3095 2661 3131 σε
2701 3077 3120 3141 καταλαϐόντες,
3167 3075 3310 3129 κατά
3351 3077 3532 3128 πᾶσαν
3569 3091 3695 3145 σχο-

2042 3142 2086 3199 C
2118 3169 2215 3240 λὴν
2262 3142 2372 3222 τῶν
2433 3170 2682 3241 μεγάλων
2745 3168 3032 3241 θησαυρῶν
3086 3169 3184 3239 τῆς
3239 3169 3298 3221 ἐν
3363 3170 3446 3221 σοί

2117 3261 2141 3312 ἐ
2149 3260 2454 3331 μφορηθείη
2462 3277 2579 3331 μεν.

2654 3401 2999 3456 ΕΠΙΣΤΟΛΗ
3035 3400 3171 3453 ΚΗ’.

443 3506 1164 3581 ϐοηφίαιιιηὶῖεοςίεδᾳνίβηδεξ
1188 3517 1339 3581 morte
1362 3509 1588 3581 episcopi.
1602 3511 1679 3562 sui
1697 3511 1985 3581 afflictos,__et
2012 3516 2232 3566 hortatur
2260 3525 2312 3566 ut
2331 3513 2648 3581 tranquillum
2671 3521 2861 3572 statum,
2888 3527 3026 3581 quem
3053 3512 3185 3563 curis
3208 3512 3421 3575 defuncti
3455 3521 3697 3581 acceptum

498 3575 682 3643 τριέτης
704 3572 897 3643 debent,
920 3571 1122 3642 nimium
1133 3571 1354 3643 lugendo
1374 3571 1465 3643 rion
1487 3571 1836 3643 ainittant,"sed
1859 3575 2119 3643 diligenter
2152 3586 2346 3643 caveant
2373 3593 2403 3643 ᾳ
2426 3571 2573 3640 lupis,
2610 3585 2653 3627 et
2676 3590 2765 3640 pro
2787 3591 2838 3627 se
2862 3571 3062 3640 quisque
3087 3571 3313 3626 conentur
3334 3571 3576 3640 pastorem
3609 3577 3697 3626 eli-

499 3647 612 3699 gere
631 3636 841 3686 simzlem
861 3636 922 3686 iis
945 3636 1026 3695 qui
1071 3646 1103 3682 a
1123 3636 1346 3698 Gregorii
1365 3641 1576 3699 tempore
1596 3649 1742 3696 usque
1765 3637 1830 3689 ad
1852 3636 1978 3688 hunc
2004 3640 2192 3691 beatum
2215 3636 2743 3690 ecclesiam'rexeruiu.

663 3763 913 3818 Ecclesia:
946 3762 1369 3819 Neocwsariensi
1405 3763 1787 3820 consolatoria.

515 3878 562 3930 i.
599 3876 955 3932 Postulabant
1000 3877 1219 3949 quidem
1264 3892 1384 3947 qua:
1411 3875 1730 3931 acciderunt
1771 3889 2012 3933 nostram

2196 3772 2274 3841 Τῇ
2311 3771 2633 3839 Ἐκκλησίᾳ
2658 3769 3116 3837 Νεοκαισαρείας
3141 3765 3618 3835 παραμυθητική.

2190 3879 2241 3933 1.
2287 3880 2508 3950 Ἀπῄτει
2542 3877 2721 3949 μὲντά
2738 3877 3020 3948 συμϐάντα
3038 3876 3136 3948 τὴν
3159 3878 3191 3947 ὴ
3201 3875 3317 3945 μῶν
3342 3875 3522 3929 αὐτῶν
3551 3894 3698 3946 παρ-

440 3971 683 4040 ipsorum
716 3971 1080 4040 praesentiam,
1108 3977 1224 4022 tum
1275 3977 1334 4022 ut
1383 3967 1642 4022 honorem
1694 3967 1854 4022 beato
1902 3969 2012 4024 viro

2132 3969 2328 4033 >υσίαν,
2346 3969 2440 4022 τοῦ
2468 3986 2526 4022 τε
2556 3969 2653 4040 τὴν
2679 3968 2890 4040 (28-29)
2913 3967 3074 4038 τιμὴν
3107 3967 3184 4038 τῷ
3207 3967 3463 4038 μακαρίῳ
3486 3970 3598 4030 τοῖς
3621 3970 3699 4020 ol-

443 4063 748 4127 vobiscum,
781 4063 873 4132 qui
923 4062 971 4116 ei
1019 4061 1454 4132 coniunctissimi
1486 4060 1641 4122 estis,
1677 4075 1785 4114 una
1815 4059 2012 4128 persol-

2132 4062 2418 4125 ιειοτάτοις
2451 4063 2578 4132 ὑμῖν
2619 4060 3096 4132 συνεκπληρῶσαι,
3134 4062 3228 4112 καὶ
3259 4060 3352 4112 τοῦ
3381 4061 3480 4130 τῆς
3502 4061 3592 4112 ἐπὶ
3618 4060 3698 4123 τῷ

445 4166 648 4215 verem,
699 4159 812 4204 tum
860 4159 917 4204 ut
964 4153 1238 4213 maeroris.
1284 4165 1445 4220 quem
1501 4164 1664 4204 casus
1707 4151 1906 4211 attulit,
1955 4165 2012 4204 ex

2132 4155 2283 4209 πάθει
2308 4155 2610 4225 κατηφείας
2650 4155 2742 4206 ἀπ’
2783 4152 2956 4222 αὐτῆς
2987 4151 3095 4221 (50)
3129 4150 3228 4222 τῆς
3258 4151 3384 4214 θέας
3421 4151 3531 4204 τῶν
3562 4169 3697 4205 σκυ-

447 4245 569 4313 ipso
598 4259 780 4298 rerum
812 4245 1048 4299 tristium
1069 4245 1381 4314 spectaculo
1399 4244 1670 4314 particeps
1700 4242 2012 4307 lorem,tum

2132 4247 2480 4317 θρωποτέρων
2511 4247 2936 4316 συμμετασχεῖν,
2963 4245 3056 4297 καὶ
3083 4242 3221 4296 ὥστε
3246 4242 3352 4295 τῶν
3383 4243 3697 4311 ἀναγκαίων

444 4335 608 4388 etiam
637 4341 695 4387 ut
725 4333 791 4387 de
829 4335 1154 4389 necessariis
1185 4336 1428 4390 consuliis
1461 4334 1740 4389 vobiscum
1767 4349 2012 4388 commu-

2132 4343 2499 4413 Ξουλευμάτων
2538 4343 2664 4412 ὑμῖν
2716 4339 3072 4410 κοινωνῆσαν
3101 4339 3223 4391 ἐπεὶ
3265 4338 3322 4391 δὲ
3365 4339 3464 4409 τὴν
3514 4354 3699 4407 σωμα-

445 4426 707 4480 nicarem.
740 4422 847 4479 Sed
877 4426 1004 4493 quia
1044 4441 1358 4494 corpoream
1389 4426 1827 4494 conjunctionem
1851 4427 2012 4480 multa

2132 4435 2280 4504 τικὴν
2313 4406 2602 4502 συνάφεεαν
2635 4430 2808 4484 πολλά
2842 4431 2910 4484 τὰ
2934 4406 3333 4491 διακωλύοντα,
3374 4406 3698 4497 λειπόμενον

446 4517 825 4587 interpellant,
846 4519 1114 4587 reliquum
1143 4523 1259 4572 erat
1293 4525 1350 4571 ut
1380 4533 1476 4587 per
1505 4517 1715 4572 litteras
1741 4517 2012 4573 vobiscum

2132 4523 2188 4598 ἢν
2209 4527 2294 4581 διὰ
2311 4526 2403 4579 τοῦ
2434 4526 2760 4598 γράμματος
2793 4527 3067 4578 κοινωνεῖν
3093 4524 3222 4593 ὑμῖν
3252 4524 3359 4575 τῶν
3389 4522 3693 4592 παρόντων.

444 4611 679 4681 partirer
721 4611 1030 4680 prasentia.
1063 4608 1234 4669 hiiras.
1259 4609 1423 4680 igitur
1452 4608 1552 4664 viri
1592 4609 1767 4675 dotes,
1802 4618 2012 4681 propter

2132 4616 2204 4670 Τὰ
2239 4617 2336 4687 μὲν
2360 4613 2455 4670 οὖν
2477 4616 2570 4670 τοῦ
2593 4615 2784 4687 ἀνδρὸς
2811 4614 3088 4686 θαύματα,
3123 4613 3207 4684 ἐφ’
3231 4607 3312 4677 οἷς
3335 4613 3432 4666 καὶ
3463 4611 3699 4680 μάλιστα

517 4835 534 4852 ⁸
564 4831 713 4886 Alias
743 4830 828 4896 Vl,
866 4832 1068 4901 scripta
1100 4845 1244 4884 anno
1268 4830 1391 4886 368.

516 4901 555 4923 "
593 4904 743 4956 Alias
770 4901 928 4966 LXII,
959 4899 1159 4970 scripta
1196 4917 1338 4955 anno
1365 4899 1489 4955 568.

515 4971 627 5043 (22)
669 4969 1106 5043 ‘Emyélsaﬂqi.
1150 4971 1298 5043 Harl.
1349 4984 1399 5024 et
1435 4969 1614 5043 _Coisl.
1665 4969 1876 5043 primus
1902 4972 2021 5024 ἐπι-

452 5040 808 5112 μελήσεσθαιξ
835 5044 1011 5096 Editio
1041 5041 1217 5096 Paris.
1249 5040 1486 5112 secunda
1517 5041 1912 5112 ἐπιμελεῖσθαι.

817 5113 934 5167 τῶν
951 5113 1322 5201 μελλόντων.
1348 5109 1466 5165 Duo
1493 5111 1711 5168 codices
1740 5111 1880 5183 ὑπὲρ
1909 5111 2018 5165 τῶν

493 5195 751 5236 ελλοντων
759 5226 771 5237 .
1061 5195 1065 5201 ’

452 5199 771 5252 μελλόντων.
1061 5199 1065 5201 ·

519 5251 641 5332 (μ).
663 5250 781 5308 Ἦν
808 5254 1093 5320 σύνηθες.
1123 5251 1332 5332 Vocula
1355 5251 1583 5332 deestiin
1606 5252 1850 5332 quinque
1878 5267 2013 5308 mss.

448 5321 751 5385 codicibus,
784 5339 888 5377 non
915 5333 1094 5377 tamen
1124 5324 1178 5376 in
1208 5324 1384 5377 tribus
1416 5321 1840 5390 antiquissimis.

519 5391 631 5460 (25)
663 5395 740 5446 Δι’
775 5394 981 5448 αὑτοῦ.
1026 5391 1179 5448 lianc
1225 5393 1584 5448 vetustissimi
1634 5391 1838 5446 codicis
1864 5390 2015 5445 Harl.

449 5463 800 5533 scripturam,
837 5479 999 5533 quam
1029 5473 1210 5518 tamen
1241 5464 1513 5518 recentior
1547 5476 1743 5516 manus
1771 5464 2018 5531 corrupit

452 5531 698 5586 addendo
728 5536 816 5602 ἐμ,
855 5531 1202 5588 substituere
1232 5550 1338 5589 non
1374 5533 1615 5586 dubitavi
1658 5533 2019 5588 subabsurda;

450 5602 722 5722 edictlorum
753 5604 972 5659 lectioni
997 5604 1063 5656 δι’
1098 5603 1359 5674 ἐμαυτοῦ,
1393 5619 1484 5673 per
1517 5606 1772 5672 meipsum
1804 5603 1904 5657 iter
1933 5604 2018 5658 inv-

450 5686 536 5722 are
576 5688 612 5722 ι.

449 5686 612 5740 great.

2194 4835 2306 4901 ('26)
2340 4837 2463 4887 Ἔτι
2493 4835 2781 4889 λείποιτο.
2813 4834 2904 4887 Sic
2939 4832 3311 4904 antiquissimi
3339 4833 3588 4904 quinque
3610 4849 3702 4888 co-

2123 4904 2292 4960 dices.
2319 4904 2459 4957 Editi
2494 4907 2565 4975 μὴ
2591 4905 2941 4975 ἐπιλείποιτο.

2194 4976 2304 5046 (27)
2339 4972 2512 5046 γΤαχὺ
2556 4972 2661 5029 ἅν.
2710 4973 2807 5028 Sic.
2849 4973 3221 5046 antiquissimi
3243 4973 3477 5046 codices
3517 4972 3697 5046 Ποῖ-1.,

2122 5042 2294 5103 Μει1.,’
2317 5045 2481 5098 Coisl.
2520 5059 2645 5098 cum
2682 5059 2795 5099 uno
2831 5042 3322 5114 exiﬂegiisuEditi
3359 5044 3500 5114 τάχα
3539 5043 3624 5098 ἄν.

2194 5114 2396 5182 (as-29)
2440 5114 2555 5168 Τοῦ
2611 5131 2674 5186 τε
2721 5114 2855 5184 τήν.
2885 5112 3040 5169 Harl;
3059 5122 3113 5168 et
3133 5112 3273 5168 Med.
3297 5115 3374 5184 τῷ
3405 5112 3466 5167 τε
3500 5117 3621 5186 τήν,
3645 5122 3700 5169 et

2121 5187 2284 5256 paulo
2306 5193 2428 5254 post
2462 5186 2554 5238 καὶ

2194 5252 2319 5324 (5οῘ
2354 5256 2478 5308 Ἀπ’
2511 5252 2719 5324 αὐτῆς.
2743 5253 2818 5308 lta
2847 5252 2971 5311 Vat.
2997 5263 3050 5310 et
3071 5262 3308 5325 quatuor
3337 5253 3451 5325 alii.
3477 5252 3618 5307 Editi
3645 5260 3698 5306 et

2121 5323 2232 5379 tres
2292 5323 2657 5379 vetustissimi
2696 5326 2914 5380 codices
2972 5325 3056 5378 ἐπ’
3091 5323 3298 5394 αὐτῆς.
3337 5323 3461 5394 Sed
3512 5325 3698 5394 minus

2121 5404 2286 5449 recte.
2321 5394 2454 5447 Nam
2508 5397 2660 5448 locus
2701 5397 2963 5465 gemellus
3002 5398 3056 5449 in
3091 5393 3351 5465 θρίου-86
3388 5394 3551 5447 habet
3603 5393 3697 5446 ἀπ’

2120 5466 2288 5534 αὐτῆς
2316 5466 2412 5534 τῆς
2439 5463 2722 5536 ἐναργείας
2748 5466 2856 5536 τῶν
2878 5463 3186 5536 ὁρωμένων.
3226 5463 3309 5516 Ea:
3346 5481 3516 5517 rerum
3569 5479 3699 5536 con-

2119 5547 2415 5602 spectarunt
2449 5534 2728 5590 evidentia.
2777 5534 2836 5591 In
2889 5534 3004 5591 hac
3038 5535 3311 5606 scriptura
3345 5535 3700 5590 consentiunt

2120 5621 2312 5663 omnes
2337 5621 2470 5662 mss.
2492 5607 2730 5662 codices.
