3886 6220
432 284 540 346 307

1780 292 1839 346 S.
1878 292 2124 348 BASILII
2167 294 2380 350 MAGM

3586 298 3697 368 308

433 420 584 477 Spem
626 419 738 460 nou
764 405 991 470 habent,
1034 407 1244 463 similes
1276 407 1497 481 simus),
1533 423 1653 473 vos,
1693 409 1739 464 si
1768 410 1995 476 videtur,

2106 412 2184 475 δὲ,
2222 416 2269 466 εἰ
2298 413 2463 475 δοκεῖ,
2492 406 2602 465 οἶόν
2642 427 2725 474 τις
2765 410 2925 481 χορὸς
2967 411 3240 483 πενθήρης
3270 412 3362 465 τὸν
3392 419 3697 484 κερυφιαίον

431 506 722 570 postquam
748 498 914 552 veluti
950 499 1195 568 lugubris
1225 500 1447 570 quidam
1480 501 1683 556 chorus
1721 504 2002 571 proprium

430 590 588 644 vobis
618 589 813 644 ducem
840 590 1215 661 prazfeceritis,
1253 593 1578 649 concinnius
1612 608 1736 648 cum
1764 594 1884 663 ipso
1911 610 2005 648 ca-

430 693 554 733 sum
585 677 802 734 deﬂete.

498 770 555 824 2.
593 774 769 841 Atque
785 770 832 827 is
852 771 1091 840 quidem.
1123 774 1226 828 etsi
1254 773 1321 828 ad
1346 781 1645 829 extremam
1668 784 2003 832 senectutem

428 876 539 915 non
583 863 847 930 pervenit,
880 873 934 916 at
961 873 1110 918 certe
1139 866 1283 934 quod
1335 865 1403 919 ad
1435 874 1671 936 tempus,
1704 883 1812 937 quo
1849 869 2003 925 vobis

427 952 666 1023 prmfuit,
700 957 914 1018 attinet,
946 958 1082 1011 satis
1110 958 1235 1012 vitae
1275 958 1486 1014 habuit.
1533 960 1794 1030 Corporis
1823 971 2002 1017 autem

427 1053 639 1100 tantum
684 1048 960 1117 particeps
1011 1047 1134 1112 fuit,
1184 1059 1447 1119 quantum
1494 1066 1722 1107 necesse
1759 1060 1899 1114 erat.
1950 1067 2000 1105 ut

425 1139 595 1193 animi
639 1142 1004 1196 constantiam
1050 1142 1102 1195 in
1146 1142 1292 1197 illius
1336 1144 1620 1200 doloribus
1664 1144 1992 1215 perferendi:

425 1228 759 1284 ostenderet.
793 1229 957 1285 Forte
997 1240 1177 1285 autem
1206 1241 1446 1288 vestrum
1476 1234 1677 1305 aliquis
1700 1235 1993 1300 existimet,

426 1316 643 1389 tempus
668 1322 1166 1377 commiserationis
1189 1337 1312 1377 esse
1340 1323 1734 1380 incrementum
1766 1333 1820 1381 et
1852 1340 2002 1379 amo-

420 1410 505 1466 ris
531 1411 927 1477 accessionem,
957 1429 1065 1466 non
1111 1423 1289 1468 autem
1337 1414 1608 1470 satietatis
1653 1416 1999 1471 occasionem

421 1501 511 1556 his
547 1501 639 1571 qui
680 1503 888 1571 experti
932 1511 1081 1566 sunt,
1132 1505 1206 1557 ita
1245 1514 1302 1558 ut
1349 1513 1554 1575 quanto
1599 1505 1831 1575 longiori
1864 1516 1999 1561 tem-

421 1607 557 1661 pore
577 1595 711 1649 estis
745 1594 1069 1649 beneficium
1095 1597 1327 1666 experti,
1355 1605 1508 1651 tanto
1535 1598 1768 1667 amplius
1793 1598 1999 1653 orbita-

422 1694 531 1739 tem
563 1686 846 1750 sentiatis;
878 1694 1133 1741 caeterum
1176 1688 1426 1759 corporis
1458 1689 1593 1758 justi
1626 1690 1707 1744 vel
1744 1691 1994 1745 umbram

2105 505 2310 557 ὲαυτῶν
2333 505 2789 576 προστησάμενοι,
2823 503 3218 575 ἐμμελέστερον
3248 507 3365 575 μετ’
3389 506 3607 559 ἐκείνου
3637 510 3697 560 τὸ

2106 613 2167 648 συ
2178 596 2318 667 μ6ἀν
2344 596 2745 650 ἀποκλαύσατε.
2915 595 2921 604 ’

2172 776 2225 829 2.
2259 773 2515 840 Καίτοιγε
2548 774 2595 825 εἰ
2626 774 2720 826 καὶ
2755 774 2828 845 μὴ
2862 773 2950 825 ἐπ’
2979 774 3208 844 ἔσχατον
3243 774 3435 844 γήρως
3459 772 3694 843 ἤλαυνεν

2101 870 2130 921 6
2164 867 2325 938 ἀνὴρ,
2357 865 2472 920 ἀλλ’
2505 860 2599 917 οὖν
2620 865 2714 918 τοῦ
2744 882 2807 932 γε
2842 867 3034 936 χρόνου
3069 866 3254 918 ἓνεκεν
3286 866 3387 935 τῆς
3417 864 3693 935 ὑμετέρας

2100 959 2443 1020 ἐπιστασίας,
2488 959 2587 1011 οὐκ
2631 957 2825 1021 ἐνδεῶς
2859 954 2971 1027 εἶχε
3005 958 3098 1011 τοῦ
3137 957 3276 1028 βίου.
3323 956 3433 1010 Τοῦ
3476 974 3535 1009 τε
3572 958 3694 1009 σώ-

2104 1067 2269 1119 ματος
2297 1049 2549 1102 τοσοῦτον
2574 1052 2840 1119 μετεῖχεν,
2865 1050 2988 1101 ὅσον
3011 1050 3107 1118 τῆς
3132 1048 3308 1118 ψυχῆς
3330 1048 3393 1101 τὸ
3418 1048 3694 1119 καρτερὸν

2099 1144 2190 1193 ἐπὶ
2222 1145 2343 1205 ταῖς
2375 1142 2660 1213 ἀλγηδόσιν
2684 1142 2848 1194 αὐτοῦ
2885 1140 3176 1194 δεικνύναι.
3213 1136 3390 1209 Τυχὸν
3416 1139 3475 1192 δὲ
3504 1139 3573 1193 ἄν
3610 1156 3697 1203 τις

2102 1235 2253 1303 ὑμῶν
2276 1235 2556 1297 ὑπολάϐοι,
2580 1236 2661 1287 ὅτι
2684 1236 2778 1287 καὶ
2804 1236 2832 1287 6
2857 1235 3046 1306 χρόνος
3066 1232 3294 1305 αὔξησις
3317 1230 3693 1302 συμπαθείας,

2100 1328 2195 1380 καὶ
2227 1327 2510 1398 προσθήκη
2551 1326 2794 1399 φίλτρου,
2824 1328 2944 1397 οὐχὶ
2972 1325 3191 1397 ἀφορμὴ
3223 1326 3390 1397 κόρου
3423 1327 3539 1388 τοῖς
3574 1341 3692 1376 πει-

2102 1419 2343 1490 ραθεῖσιν
2370 1420 2644 1489 ἐγγίνεται
2678 1420 2811 1490 (58),
2846 1419 3008 1481 ὥστε,
3039 1420 3149 1489 ὅσῳ
3188 1419 3245 1470 ἐν
3274 1416 3485 1470 πλείονι
3513 1416 3692 1487 χρόνῳ

2098 1509 2198 1579 τῆς
2218 1511 2537 1581 εὐεργεσίας
2560 1510 2915 1582 πεπείρασθε,
2936 1508 3175 1580 τοσούτῳ
3204 1507 3406 1579 μᾶλλον
3427 1509 3530 1578 τῆς
3555 1509 3696 1561 ἀπο-

2098 1601 2324 1665 λείψεως
2351 1601 2775 1655 ὲπαισθάνεσθάι
2813 1601 2956 1673 (59)·
2981 1599 3229 1672 σώματος
3251 1601 3308 1653 δὲ
3347 1599 3563 1653 δικαίου
3598 1602 3691 1653 καὶ

2102 1695 2230 1749 σκιὰ
2256 1695 2347 1748 τοῦ
2384 1695 2583 1758 παντὸς
2612 1694 2736 1759 ἀξία
2768 1697 2879 1757 τοῖς
2906 1693 3176 1748 εύλαϐἐσι.
3207 1695 3317 1746 Καὶ
3344 1695 3433 1765 εἴη
3455 1711 3524 1762 γε
3556 1693 3688 1746 πολ-

422 1778 566 1847 apud
602 1777 721 1847 pios
745 1778 940 1848 quovis
967 1779 1175 1835 honore
1194 1754 1413 1849 dignam
1436 1754 1577 1836 esse.
1603 1781 1776 1852 Atque
1798 1792 1994 1852 optan-

2102 1790 2226 1854 λοὺς
2256 1789 2409 1861 ὑμῶν
2431 1789 2542 1859 (40)
2564 1754 2676 1843 sui
2709 1754 2912 1860 ταύτης
2953 1784 3093 1842 εἶναι
3135 1789 3233 1858 τῆς
3263 1754 3508 1849 διανοίας
3547 1787 3688 1856 (οὐδὲ

420 1871 550 1924 dum
596 1871 815 1940 quidem
862 1881 920 1925 ut
957 1872 1111 1925 multi
1156 1887 1222 1927 ex
1269 1873 1423 1928 vobis
1467 1880 1548 1928 sic
1594 1874 1776 1929 animo
1819 1873 1996 1929 aﬂ‘ecti

419 1963 531 2016 sint
569 1963 770 2034 (neque
799 1965 943 2019 enim
990 1981 1090 2035 ego
1121 1966 1235 2035 ipse
1263 1965 1492 2020 dixerim
1521 1968 1699 2021 virum
1743 1983 1866 2023 esse
1898 1982 1997 2023 ne-

419 2055 751 2127 gligendum)
789 2077 801 2110 :
840 2058 934 2112 sed
978 2057 1083 2112 hoc
1128 2058 1344 2112 consilii
1379 2057 1471 2121 do,
1508 2066 1568 2113 ut
1613 2059 1856 2113 dolorem
1891 2060 1995 2114 bu-

417 2148 649 2202 mauiter
671 2148 983 2219 perferatis.
1024 2150 1233 2205 Etenim
1266 2166 1608 2222 quascunque
1649 2151 1835 2208 dicere
1869 2168 1994 2222 pos-

417 2240 530 2293 sint
590 2245 683 2311 qui
738 2241 999 2296 damnum
1067 2243 1384 2313 deplorant,
1446 2260 1627 2314 neque
1684 2260 1715 2297 a
1784 2246 1994 2315 meipso

415 2333 760 2402 ignorantur.
807 2334 941 2390 Silet
975 2334 1192 2405 quidem
1235 2336 1420 2406 lingua
1462 2334 1748 2391 ﬂuviorum
1791 2336 1846 2389 in
1878 2352 1995 2391 mo-

415 2441 531 2480 rem
573 2442 736 2483 aures
784 2428 1044 2484 alluens:
1081 2429 1268 2485 cordis
1315 2436 1496 2485 autem
1552 2430 1914 2501 profundum,
1962 2446 1993 2484 a

414 2517 634 2572 nemine
659 2519 924 2574 hactenus
949 2519 1426 2587 comprehensum,
1459 2520 1689 2575 somniis
1732 2519 1989 2583 debilius,

416 2617 683 2680 quantum
727 2626 860 2665 sane
909 2610 974 2664 ad
1024 2609 1272 2665 homines
1311 2612 1523 2672 attinet,
1556 2610 1812 2664 avolavit.
1857 2610 1993 2676 Quis

416 2699 511 2754 illo
539 2700 608 2753 ad
644 2700 881 2754 futurum
918 2699 1318 2770 praavidcndum
1355 2690 1606 2755 acutior?
1636 2700 1771 2766 Quis
1802 2702 1857 2755 iu
1884 2710 1992 2756 tam

415 2792 599 2848 stabili
642 2809 707 2847 ac
743 2793 898 2847 tirma
927 2794 1093 2847 animi
1141 2794 1319 2849 indole
1348 2793 1578 2849 idbneus
1609 2795 1731 2859 fuit,
1765 2796 1857 2865 qui
1889 2794 1995 2849 ful-

415 2900 552 2955 gure
611 2885 775 2941 citius
832 2901 923 2940 res
983 2886 1404 2957 aggrederetur?
1454 2886 1499 2939 Ο
1558 2885 1752 2941 civitas
1804 2887 1992 2942 multis

416 2975 635 3050 quidem
682 2976 796 3045 jam
837 2977 995 3032 malis
1028 2985 1404 3047 praeoccupata
1439 2996 1450 3031 :
1489 2978 1582 3033 sed
1617 2986 1797 3033 tamen
1843 2980 1992 3034 nullo

414 3081 645 3135 prorsus
686 3066 742 3120 in
777 3068 1024 3138 partibus
1062 3067 1127 3122 ad
1162 3070 1326 3123 vitam
1356 3070 1685 3126 necessariis
1717 3072 1797 3125 sic
1827 3072 1985 3126 laesa!
2020 3107 2060 3161 Ο

416 3155 575 3210 Nunc
618 3156 874 3212 deﬂoruit
920 3157 1019 3211 tibi
1067 3168 1295 3214 ornatus
1341 3159 1764 3227 pulcherrimus.
1818 3163 1994 3215 conti-

418 3249 532 3301 cuit
581 3248 847 3314 Ecclesia,
895 3260 1201 3305 conventus
1256 3252 1443 3306 tristes
1490 3260 1655 3314 sunt,
1696 3269 1995 3309 consessus

418 3352 577 3392 sacer
596 3341 940 3411 coryphaeum
964 3340 1256 3405 desiderat,
1290 3356 1573 3397 sermones
1598 3343 1819 3412 mystici,
1838 3344 1997 3413 108

417 3430 828 3499 explanatorem
896 3441 1250 3502 exspectant,
1323 3434 1477 3503 pueri
1532 3441 1774 3503 patrem,
1835 3451 1996 3491 senes

418 3523 705 3594 aequalem,
736 3524 1025 3594 optimates
1055 3525 1379 3595 principem,
1415 3526 1651 3597 populus
1680 3535 1993 3596 patronum,

418 3629 689 3684 pauperes
738 3618 1097 3678 nutritorem;
1145 3632 1335 3673 omnes
1400 3619 1718 3676 nominibus
1761 3621 1996 3677 maxime

417 3708 656 3776 propriis
686 3707 865 3778 ipsqu
904 3718 1184 3773 vocantes,
1224 3710 1279 3763 in
1322 3710 1544 3780 propria
1580 3711 1890 3767 calamitate
1920 3714 1997 3767 lu-

343 3786 381 3829 ι’
418 3805 566 3850 ctum
623 3798 725 3853 sibi
779 3798 1011 3868 quisque
1060 3800 1340 3869 proprium
1389 3808 1553 3871 atque
1580 3803 1994 3859 convenientem

417 3887 615 3941 edunt.
656 3889 760 3944 Sed
805 3906 913 3959 quo
948 3891 1079 3944 mihi
1113 3907 1295 3947 sermo
1337 3908 1446 3962 prae
1493 3894 1857 3965 lacrymarum
1901 3911 1996 3950 vo-

417 3981 628 4051 luptate
650 3984 898 4052 rapitur?
933 3983 1049 4039 Non
1070 3985 1492 4055 evigilabimus?
1525 4002 1634 4041 nou
1666 3991 1995 4058 semetipsos

418 4077 772 4146 colligemus?
803 4093 914 4132 non
951 4078 1309 4147 respiciemus
1333 4079 1398 4132 ad
1438 4094 1784 4135 communem
1812 4080 1996 4135 Domi-

418 4184 575 4234 num,
595 4172 687 4239 qui
712 4178 997 4239 postquam
1028 4186 1473 4241 unumquemque
1503 4180 1819 4227 sanctorum
1849 4175 1996 4228 tutati

419 4277 535 4315 sua:
586 4261 716 4317 sivit
761 4261 1061 4323 inservire,
1114 4263 1371 4330 congruis
1424 4263 1765 4332 temporibus
1816 4264 1883 4318 ad
1934 4280 1996 4319 se

417 4366 615 4408 rursus
648 4354 959 4408 revocavit?
988 4353 1143 4409 Nunc
1172 4356 1225 4409 iu
1252 4363 1498 4424 tempore
1527 4356 1674 4411 illius
1702 4356 1994 4411 verborum

417 4444 818 4509 recordamini,
869 4447 963 4517 qui
1014 4462 1140 4501 cum
1204 4448 1623 4502 conciouaretur
1672 4447 1814 4517 apud
1867 4464 1987 4515 vos,

489 4606 602 4678 (58)
647 4608 990 4676 Ἕγγίνεται.
1022 4606 1098 4659 Ita
1137 4605 1289 4660 Harl.
1311 4614 1366 4662 et
1401 4606 1567 4662 Coisl.
1593 4608 1824 4677 primus.
1852 4606 1994 4663 Editi

415 4695 648 4746 γινεται.

492 4750 605 4815 (59)
659 4747 1182 4802 Ἐπαισθὰνεσθαι.
1241 4746 1319 4800 lta
1376 4745 1529 4801 llarl.
1571 4754 1625 4802 et
1676 4746 1819 4803 Med.
1855 4747 1996 4802 Editi

416 4819 829 4873 ἐπαισθάνεσθε.

490 4890 602 4955 (40)
654 4889 869 4960 ’Υμῶνα
906 4890 997 4945 Sic
1026 4905 1173 4960 mss.
1196 4904 1312 4960 sex.
1343 4886 1486 4960 Editi
1520 4886 1695 4958 ἡμῶν.

490 4960 603 5032 (41)
644 4956 861 5028 Σιωπῇ.
914 4962 1064 5014 Editi
1110 4959 1345 5032 addunt_
1385 4959 1484 5028 μὲν
1543 4956 1675 5030 γάρ.
1740 4956 1846 5013 Sed
1895 4974 1996 5030 po-

415 5029 625 5089 Strem'a
652 5034 845 5086 vocula
890 5033 1045 5087 abest
1075 5030 1144 5083 ab
1177 5029 1436 5084 omnibus
1469 5046 1607 5085 mss.

489 5103 604 5171 (42)
650 5101 819 5167 Τέως.
856 5106 983 5156 Hzec
1010 5101 1204 5156 vocula
1235 5100 1422 5155 addita
1452 5115 1518 5154 ex
1556 5107 1679 5155 octo
1720 5114 1852 5153 mss.
1888 5096 1996 5153 lbi.-

414 5175 541 5228 dem
575 5180 688 5226 tres
715 5174 1075 5228 vetustissimi
1108 5174 1207 5225 ὅσα
1236 5188 1322 5238 γε.

491 5242 605 5311 (45)
652 5244 747 5309 Τίς
786 5245 1093 5311 ὀξύτερον.
1126 5244 1203 5296 Ita
1243 5256 1355 5296 tres
1383 5240 1743 5297 vetustissimi
1776 5240 1996 5295 codices

416 5328 546 5365 cum
582 5312 706 5365 aliis
735 5325 991 5381 quatuor.
1030 5312 1366 5369 Subauditur
1405 5311 1608 5374 ἱκανός,
1649 5311 1795 5379 quod
1832 5312 1996 5379 paulo

459 5391 545 5436 ost
577 5383 856 5451 sequitur;
893 5386 981 5439 cui
1016 5385 1236 5452 quidem
1273 5398 1396 5436 cum
1437 5383 1622 5435 minus
1655 5382 1999 5435 attenderem

418 5398 657 5504 Fibrarii.
689 5454 856 5504 credo
885 5471 981 5504 eos
1022 5453 1332 5504 scripsisse.
1359 5462 1419 5504 ut
1461 5460 1546 5504 est
1596 5452 1652 5504 in
1699 5450 1884 5504 editis.
1913 5451 1997 5504 τίς

446 5450 856 5523 ibrarii,eredo
885 5471 981 5509 eos
1022 5450 1332 5523 scripsisse,
1359 5462 1419 5507 ut
1461 5460 1546 5506 est
1592 5452 1652 5523 in
1699 5450 1884 5512 editis,
1913 5451 1997 5513 τίς

417 5522 693 5594 ὀξύτερος.
734 5524 889 5588 Quod
922 5532 1101 5579 autem
1139 5521 1309 5593 paulo
1344 5523 1567 5594 postiait
1589 5521 1994 5594 Neocaesaream

419 5590 611 5648 multis
630 5595 741 5663 jam
786 5594 944 5648 malis
978 5590 1427 5663 prmoc'eupatam
1461 5593 1679 5663 fuissc,_
1704 5607 1815 5663 non
1843 5590 1994 5663 vide-

419 5672 512 5716 tur
545 5664 597 5717 id
637 5661 829 5718 referri
862 5661 1025 5733 posse
1054 5664 1117 5718 ad
1155 5661 1351 5718 famem
1399 5662 1468 5718 de
1514 5678 1620 5732 qua
1652 5661 1890 5716 Basilius
1936 5661 1990 5713 in

424 5734 754 5806 pt‘aacedenti
811 5736 1064 5807 cpistola.
1137 5733 1250 5788 Hoc
1293 5734 1437 5789 enim
1510 5734 1654 5787 malo
1713 5738 2005 5788 contactas

2096 1882 2202 1953 γὰρ
2249 1882 2410 1945 αὐτὸς
2453 1880 2671 1951 ἀμελῶς
2719 1880 2863 1951 ἔχειν
2898 1880 2992 1933 τοῦ
3028 1881 3220 1950 ἀνδρός
3259 1897 3405 1950 φημι
3434 1878 3686 1951 χρῆναι)

2095 1973 2212 2025 ἀλλ’
2237 1971 2595 2043 ἀνθρωπίνως
2636 1971 2986 2041 συμϐουλεύω
3014 1971 3075 2025 τὸ
3105 1972 3345 2043 λυπηρὸν
3380 1972 3684 2042 διαφέρειν.

2110 2063 2259 2115 Ἐπεὶ
2289 2063 2389 2115 ὅσα
2439 2062 2503 2130 γέ
2549 2064 2695 2115 ἐστιν
2734 2063 2909 2113 εἰπεῖν
2946 2061 3413 2130 ἀποκλαιομένους
3451 2060 3552 2130 τὴν
3586 2061 3684 2130 ζη-

2099 2153 2261 2223 μίαν,
2314 2153 2436 2206 οὐδὲ
2485 2153 2586 2223 ἐμὲ
2637 2152 2798 2205 αὐτὸν
2841 2150 3143 2221 διαφεύγει.
3191 2153 3383 2221 Σιωπᾷ
3427 2150 3543 2221 (41)
3588 2151 3687 2219 μὲν

2094 2245 2328 2314 γλῶττα,
2359 2246 2622 2314 ποταμοῖς
2653 2244 2743 2297 ἴσα
2773 2243 2871 2306 τὰς
2905 2244 3071 2307 ἀκοὰς
3102 2243 3476 2306 ἐπικλύζουσα
3496 2259 3511 2273 ·
3548 2259 3682 2310 καρ-

2094 2336 2212 2399 δίας
2234 2337 2290 2389 δὲ
2331 2336 2513 2405 βάθος,
2534 2335 2711 2388 οὐδενὶ
2742 2334 2879 2398 τέως
2909 2335 3019 2405 (42)
3049 2333 3417 2404 καταληπτὸν,
3456 2334 3685 2403 ὀνείρων

2095 2427 2499 2497 ἀσθενέστερον,
2539 2427 2638 2479 ὃσα
2683 2442 2741 2494 γε
2779 2426 2912 2497 πρὸς
2943 2426 3283 2497 ἀνθρώπους,
3325 2426 3685 2495 δῖιπτάμενον

2094 2520 2321 2587 οἴχεται.
2353 2518 2447 2581 Τίς
2472 2517 2723 2589 ὀξύτερον
2753 2519 2862 2588 (45)
2891 2518 3098 2570 ἐκείνου
3130 2516 3451 2588 προϊδέσθαι
3470 2517 3534 2569 τὸ
3566 2514 3687 2585 μέλο

2094 2609 2184 2662 λον
2209 2626 2223 2674 ;
2249 2608 2332 2671 τίς
2361 2611 2417 2661 ἐν
2444 2608 2586 2661 οὓτω
2621 2608 2864 2678 σταθερῷ
2898 2607 2992 2661 καὶ
3017 2607 3198 2676 παγίῳ
3230 2608 3331 2675 τῆς
3356 2606 3545 2676 ψυχῆς
3565 2606 3683 2675 ἤθει

2094 2701 2381 2771 ἀστραπῆς
2417 2700 2602 2769 τάχιον
2646 2702 2757 2763 τοῖς
2809 2700 3129 2768 πράγμασιν
3176 2696 3426 2750 ἐπελθεῖν
3466 2698 3681 2762 ἱκανόςς

2094 2788 2164 2845 Ὧ
2216 2792 2367 2855 πόλις
2406 2792 2621 2855 πολλοῖς
2675 2791 2773 2861 μὲν
2822 2791 2920 2862 ἤδη
2975 2789 3390 2861 προειλημμένη
3430 2789 3680 2850 πάθεσιν,

2095 2883 2184 2936 ὑπ’
2218 2883 2430 2945 οὐδενός
2471 2900 2535 2957 γε
2588 2884 2694 2953 μὴν
2739 2881 2913 2945 οὕτως
2954 2883 3036 2944 εἰς
3086 2881 3223 2934 αὐτὰ
3258 2881 3326 2934 τὰ
3358 2869 3555 2951 καίρια
3591 2879 3680 2933 τοῦ

2097 2977 2212 3047 βίου
2246 2976 2617 3047 ζημιωθεῖσαῐ
2662 2974 2777 3027 Νῦν
2805 2973 3088 3045 ἀπηνθηκέ
3142 2990 3224 3026 σοι
3258 2973 3467 3043 κόσμος
3494 2974 3523 3025 6
3559 2972 3683 3043 κάλ-

2095 3070 2274 3132 λιστος
2301 3086 2312 3097 ·
2360 3067 2652 3137 Ἐκκλησία
2699 3066 2756 3119 δὲ
2800 3066 3035 3137 μέμυκε,
3083 3065 3179 3118 καὶ
3225 3063 3682 3135 σκυθρωπάζουσι

2100 3160 2454 3232 πανηγύρεις,
2482 3160 2575 3212 καὶ
2595 3158 2656 3225 τρ
2684 3159 2823 3228 ἱερὸν
2844 3157 3114 3229 συνέδριον
3136 3157 3225 3210 τὸν
3248 3159 3553 3228 κορυφαῖον
3576 3158 3684 3209 ἐπι-

2098 3254 2269 3316 ποθεῖ,
2295 3253 2444 3319 λόγοι
2469 3252 2526 3305 δὲ
2560 3251 2811 3321 μυστικοὶ
2858 3251 2949 3304 τὸν
2987 3246 3255 3319 ἐξηγητὴν
3298 3249 3681 3319 ἀναμένουσιν,

2097 3347 2145 3397 οἱ
2172 3344 2358 3407 παῖδες
2382 3345 2471 3397 τὸν
2506 3344 2735 3413 πατέρα,
2766 3343 2816 3395 οί
2845 3341 3147 3413 πρεσϐῦται
3176 3343 3265 3394 τὸν
3286 3340 3609 3411 ἡλικιώτην,
3634 3339 3681 3391 οἱ

2097 3441 2156 3490 ὲν
2176 3438 2320 3490 τέλει
2352 3437 2443 3489 τὸν
2472 3435 2718 3505 ἔξαρχον,
2746 3436 2773 3487 ὀ
2806 3434 2977 3504 δῆμος
3008 3434 3099 3486 τὸν
3115 3434 3465 3504 ιπροστάτην,
3489 3435 3540 3486 οἱ
3572 3432 3681 3503 βίον

2096 3532 2341 3601 δεόμενοι
2370 3529 2458 3582 τὸν
2484 3527 2687 3601 τροφέα
2707 3543 2720 3557 ⁶
2758 3526 2958 3589 πάντες
2983 3524 3147 3579 αὑτὸν
3176 3527 3241 3578 ἐκ
3268 3526 3377 3578 τῶν
3410 3524 3682 3579 οἰκειοτά-

2096 3641 2204 3676 των
2233 3621 2511 3692 ὀνομάτων
2560 3617 3012 3689 ἀνακαλούμενοι,
3055 3619 3148 3671 ὲπὶ
3183 3618 3369 3689 οἰκείῳ
3402 3617 3569 3671 πάθει
3605 3620 3682 3671 οξ·

2097 3719 2240 3769 κεῖον
2258 3714 2405 3786 αύτῷ
2430 3714 2525 3767 καὶ
2548 3713 2892 3783 προσήκοντα
2913 3711 3143 3774 ἕκαστος
3166 3713 3256 3764 τὸν
3277 3711 3478 3782 θρῆνον
3506 3712 3682 3783 αἴρου-

2100 3825 2182 3859 σιν
2210 3805 2341 3876 (Ut).
2389 3803 2547 3856 Ἀλλά
2587 3804 2689 3855 ποῦ
2740 3819 2827 3872 μοι
2858 3805 2887 3855 6
2916 3802 3071 3870 λόγος
3101 3804 3190 3872 ὑφ’
3222 3803 3416 3873 ἡδονῆς
3452 3802 3564 3855 τῶν
3595 3802 3682 3854 δα-

2097 3896 2280 3967 κρύων
2309 3896 2598 3966 ἐκφέρεται
2619 3911 2633 3958 ;
2658 3896 2770 3947 Οὐκ
2796 3894 3172 3964 ἀνανήψομενς
3199 3896 3299 3965 οὐχ
3319 3893 3480 3964 ἡμῶν
3503 3892 3679 3946 αὐτῶν

2096 3986 2439 4058 γενησόμεθα
2461 4003 2475 4052 ;
2499 3986 2599 4038 οὐκ
2623 3984 3002 4054 ἀποϐλέψομεν
3022 3985 3157 4055 πρὸς
3173 3984 3264 4037 τόν
3289 3984 3471 4037 κοινὸν
3485 3984 3682 4039 Δεσπό-

2096 4100 2219 4152 την,
2246 4080 2325 4143 ὃς,
2354 4080 2584 4132 ἕκαστον
2611 4077 2718 4130 τῶν
2747 4076 2918 4144 ἁγίων
2957 4077 3024 4146 τῇ
3061 4076 3165 4145 ἰδίᾳ.
3189 4076 3355 4144 γενεᾷ
3381 4074 3681 4145 ἐπιτρέψας

2098 4170 2567 4241 ύπηρετήσασθαι,
2595 4172 2705 4232 τοῖς
2729 4168 3030 4239 καθήκουσι
3070 4165 3283 4236 χρόνοις
3318 4165 3457 4235 πρὸς
3490 4163 3680 4216 ἑαυτὸν

2098 4264 2258 4318 πάλιν
2295 4261 2660 4316 ἀνεκαλέσατο
2686 4279 2699 4325 ;
2731 4261 2844 4313 Νῦν
2876 4262 2932 4312 ἐν
2960 4258 3137 4327 καιρῷ
3176 4257 3287 4309 τῶν
3318 4256 3535 4308 ἐκείνου
3571 4272 3682 4322 φω-

2097 4357 2203 4410 νῶν
2238 4354 2621 4425 ύπομνήσθητε
2647 4370 2659 4382 ·
2689 4354 2745 4416 ὃς
2776 4351 3150 4422 ἐκκλησιάζων
3180 4350 3309 4418 ὑμῖν
3333 4350 3419 4400 ἀεὶ
3447 4347 3683 4400 διεστέλ-

2098 4448 2239 4512 λετο,
2274 4446 2557 4509 Βλέπετε,
2588 4445 2780 4512 λέγων,
2817 4444 2955 4509 τοὺς
2997 4446 3206 4506 κύνας,
3242 4438 3508 4505 ,ϐλέπετε
3542 4439 3681 4503 τοὺς

2108 4624 2217 4662 non
2251 4607 2421 4663 fuisse
2451 4604 2611 4661 Ponti
2649 4604 2899 4659 civitates
2935 4601 3264 4669 conjicimus
3305 4613 3373 4669 ex
3416 4598 3683 4669 Gregorio

2108 4679 2263 4744 Naz.,
2294 4679 2388 4747 qui
2433 4676 2632 4747 famem
2672 4690 2735 4747 eo
2771 4668 3074 4742 graviorem
3109 4671 3281 4747 fuisse
3326 4668 3485 4747 dicit,
3535 4668 3680 4747 quod

2108 4766 2215 4803 non
2252 4740 2473 4819 possint
2500 4740 2873 4819 Cappadoces,
2905 4750 2965 4795 ut
3001 4740 3599 4819 niaritimaeeivitales,
3633 4746 3685 4819 et

2104 4836 2167 4873 ea
2195 4809 2394 4887 quibus
2428 4809 2711 4889 abundant
2739 4821 3049 4889 exportari},
3099 4820 3153 4866 et
3195 4810 3396 4889 quibus
3434 4809 3684 4889 indigent

2104 4881 2381 4944 invehere.
2426 4886 2670 4955 Respicit
2702 4881 2832 4951 ergo
2862 4883 3096 4955 Basilius
3148 4882 3213 4935 ad
3264 4882 3421 4955 illanl
3457 4881 3682 4955 potissi-

2105 4976 2253 5012 mum
2330 4950 2691 5010 calamitatem
2759 4950 2866 5023 qua
2920 4953 3329 5007 Neocaesaream
3383 4950 3683 5018 Gregorius

2104 5027 2384 5100 Nyssenus
2426 5042 2525 5082 sua
2574 5033 2732 5079 actate
2772 5023 3026 5100 afﬂictam
3064 5024 3234 5100 fuisse
3266 5027 3524 5100 testatur,
3558 5035 3680 5100 cum

2106 5090 2309 5164 in'geuti
2340 5109 2495 5152 terra:
2516 5104 2667 5149 motu
2703 5094 2931 5147 aediﬁcia
2960 5095 3141 5146 omnia
3167 5100 3282 5144 tum
3318 5090 3541 5164 publica
3567 5097 3680 5164 tum

2106 5159 2319 5238 privata
2354 5169 2543 5238 ruinas
2576 5174 2890 5238 traxerunt,
2921 5179 2982 5217 ac
3014 5164 3190 5238 solum
3220 5161 3507 5238 templum.
3535 5159 3679 5228 quod

2105 5230 2134 5292 Ξι
2162 5239 2426 5308 Gregorio
2456 5237 2783 5308 adificaturn
2823 5234 3020 5297 fuerat,
3052 5234 3377 5308 illmsum__et
3406 5230 3677 5308 intactum

2104 5299 2429 5379 permavusit,
2460 5306 2663 5379 νεεδ,
2695 5304 2849 5379 (ἕζετο.
2884 5301 3137 5379 tom._l_l_l,
3169 5317 3224 5370 p.
3258 5300 3377 5356 554.
3412 5299 3678 5379 Eumdem

2103 5371 2355 5435 eventum
2385 5378 2631 5433 referunt
2654 5376 2706 5429 in
2733 5371 3007 5429 Chronicis
3034 5374 3395 5443 Hieronymus
3425 5380 3482 5424 et
3511 5371 3682 5424 Theo-

2104 5451 2313 5520 phanes
2348 5450 2415 5503 ad
2444 5462 2645 5503 annum
2673 5446 2809 5520 544.

2176 5520 2287 5593 (44)
2321 5520 2625 5593 Arpocran;
2662 5515 2910 5593 Quatuor
2934 5529 3070 5593 r_nss.
3102 5511 3435 5593 recentiores
3468 5510 3672 5593 ἔρουσε.

2103 5581 2193 5645 Sic
2209 5581 2372 5647 etiam
2386 5581 2629 5646 secunda
2649 5581 2812 5641 manu
2834 5584 2982 5639 Harl.
2993 5623 3009 5651 ,
3023 5583 3119 5640 sed
3139 5582 3295 5638 initio
3314 5581 3583 5635 habuerat
3597 5581 3677 5631 αῖο-

2100 5678 2279 5734 ρουσι.
