3886 6220
208 350 306 407 309

1132 344 1618 402 EPISTOLARUM
1655 342 1942 400 CLASSIS
1977 344 2019 399 Ι.
2059 342 2276 400 EPIST.
2315 344 2507 399 XXIX.

3355 347 3460 404 διο

211 463 417 529 κακοὺς
450 461 735 532 ἐργάτας.
778 460 968 515 Πολλοὶ
996 462 1044 514 οί
1089 461 1267 527 κύνες.
1312 463 1377 515 Τί
1412 462 1555 531 λέγω
1589 460 1786 524 κὺνες;

1898 472 2104 529 semper
2132 449 2482 523 admonebat,
2531 457 2723 514 Cavete
2763 475 2949 523 canes,
2988 459 3257 530 inquiens,
3290 470 3462 515 cavete

210 557 365 611 Λύκοι
398 556 500 626 μὲν
530 552 632 609 οὖν
661 543 863 627 βαρείςξ
893 558 951 611 ἐν
984 557 1275 627 ἐπιφανείᾳ
1302 555 1589 626 προϐάτων
1613 554 1675 606 τὸ
1700 552 1787 606 δο-

210 645 355 718 λερὸῦ
403 645 883 718 ὑποκρύπτοντες,
915 646 1189 718 πανταχοῦ
1226 647 1327 716 τῆς
1368 644 1690 716 οἰκουμένης
1730 643 1790 697 τὸ

210 739 437 811 Χριστοῦ
484 741 747 810 ποίμνιον
790 739 1109 793 διασπῶσιν.
1156 738 1264 801 Οὓς
1298 737 1595 807 φυλακτέον
1637 738 1788 806 ὑμῖν,

210 830 569 904 ἐγρηγορικοῦ
605 849 753 896 τινος
779 832 1035 901 ποιμένος
1064 831 1372 900 ἐπιστασίᾳ.
1412 831 1507 881 Ὃν
1525 828 1790 899 ὑμέτερον

213 927 303 995 μὲν
329 926 576 994 αἰτῆσαι,
616 924 946 997 φιλονεικίας
973 924 1153 994 πάσης
1181 925 1274 977 καὶ
1306 922 1672 994 φιλοπρωτίας
1694 919 1791 1000 τάς

211 1014 378 1088 ψυχὰς
416 1015 863 1086 καθαρεύοντας,
911 1013 1006 1067 τοῦ
1052 1014 1258 1085 Κυρίου
1294 1014 1349 1067 δὲ
1392 1012 1697 1076 ἀναδεῖξαι·
1733 1011 1791 1073 ὃς

211 1107 311 1162 ἀπὸ
349 1107 444 1160 τοῦ
495 1108 741 1178 μεγάλου
794 1108 1097 1178 προστάτου
1146 1106 1243 1176 τῆς
1267 1104 1591 1176 Ἐκκλησίας
1638 1101 1791 1173 ὑμῶν

212 1199 501 1272 Γρηγορίου
536 1202 705 1272 μέχρι
729 1201 825 1253 τοῦ
860 1201 1130 1272 μακαρίου
1161 1199 1373 1263 τούτου,
1404 1197 1561 1252 ἄλλον
1585 1199 1670 1249 ἐπ’
1695 1194 1791 1250 ἀλ-

212 1292 282 1363 λῳ
299 1293 406 1362 (45)
429 1292 758 1363 προστιθεὶς
791 1295 886 1346 καὶ
907 1290 1263 1363 συναρμόζων
1285 1291 1391 1353 ἀεὶ,
1422 1287 1531 1343 οἷον
1557 1289 1620 1342 ἔκ
1648 1305 1792 1352 τινος

213 1382 380 1454 ἀρμοῦ
403 1382 519 1454 (46)
561 1383 730 1436 λίθων
759 1382 1085 1448 πολυτελῶν,
1114 1381 1428 1452 θαυμαστὸν
1458 1376 1568 1434 οἷον
1594 1379 1792 1442 κάλλος

212 1473 652 1544 τῆςἘκκλησίας
681 1474 835 1546 ὑμῶν
864 1474 1174 1545 ἐχαρίσατο.
1219 1473 1381 1524 Ὥστε
1416 1471 1535 1524 οὐδέ
1564 1470 1671 1523 τῶν
1697 1472 1791 1538 ἐφ-

214 1563 330 1634 εξῆς
348 1564 740 1619 ἀπελπιστέον.
766 1562 886 1618 Οἵδε
897 1566 1005 1637 γάρ
1024 1564 1227 1635 Κύριος
1257 1565 1382 1627 τοὺς
1408 1564 1566 1627 ὄντας
1593 1562 1755 1616 αὑτοῦ
1775 1578 1790 1593 ο

214 1658 301 1709 καὶ
331 1657 530 1726 ἀγάγοι
562 1656 637 1710 ἂν
659 1660 741 1721 είς
766 1658 829 1710 τὸ
865 1656 1028 1728 μέσον
1057 1657 1185 1719 τοὺς
1213 1656 1344 1723 παρ’
1369 1654 1525 1725 ἡμῶν
1544 1653 1703 1725 τυχὸν
1731 1654 1790 1706 οὐ

216 1747 715 1820 προσδοκωμένους.

277 1925 327 1978 '5.
358 1925 530 1978 Πάλαι
567 1943 641 1996 με
671 1925 900 1979 θέλοντα
919 1926 1026 1978 τῶν
1051 1925 1224 1994 λόγων
1246 1924 1607 1995 παύσασθαιὴ
1630 1923 1788 1995 ὀδύνη

218 2017 305 2086 τῆς
338 2017 566 2086 καρδίας
611 2018 719 2071 οὐκ
759 2019 1080 2090 ἐπιτρέπει·
1136 2018 1250 2071 ἀλλ’
1297 2019 1619 2087 ἐπισκήπτω
1664 2018 1792 2086 ὑμῖν

219 2108 340 2179 πρὸς
363 2109 473 2162 τῶν
501 2110 797 2180 Πατέρων,
837 2111 972 2181 πρὸς
1006 2111 1105 2180 τῆς
1152 2110 1319 2180 ὀρθῆς
1366 2110 1623 2173 πίστεως,
1656 2109 1793 2180 πρὸς

218 2202 302 2255 τοῦ
328 2202 598 2274 μακαρίου
636 2203 854 2267 τούτου,
886 2203 1236 2275 διαναστῆναι
1259 2203 1355 2275 τὴν
1374 2203 1571 2275 ψυχὴν,
1593 2206 1792 2256 οἰκεῖον

219 2294 431 2347 ἕκαστον
460 2295 665 2348 ἐαυτοῦ
694 2297 757 2349 τὸ
788 2297 1220 2368 σπουδαζόμενον
1249 2298 1531 2368 κρίναντα,
1566 2299 1661 2350 καὶ
1694 2299 1795 2367 τῆς

222 2387 296 2453 ἐφ’
325 2388 553 2459 ἑκάτερα
584 2388 702 2442 τῶν
746 2389 1087 2460 πραγμάτων
1136 2388 1415 2452 ἐκϐάσεως
1454 2389 1670 2458 πρῶτον
1698 2388 1796 2441 αὐ-

221 2480 301 2534 τὸν
340 2480 677 2533 ἀπολαύσειν
718 2480 1042 2550 ἡγούμενον,
1101 2480 1270 2551 μηδὲ,
1303 2480 1365 2534 τὸ
1415 2483 1530 2543 τοῖς
1582 2480 1795 2544 πολλοῖς

228 2571 524 2641 συμϐαῖνον,
559 2573 704 2644 πρὸς
738 2572 829 2625 τὸν
873 2572 1098 2643 πλησίον
1143 2573 1242 2644 τὴν
1292 2571 1397 2625 τῶν
1440 2571 1635 2626 κοινῶν
1674 2573 1796 2624 ἐπι-

229 2664 425 2732 μέλειαν
456 2664 837 2718 ἀπωθεῖσθαι·
866 2661 1006 2725 εἶτα.
1038 2666 1267 2719 ἑκάστου
1292 2668 1356 2736 τῇ
1395 2665 1559 2718 αὑτοῦ
1588 2665 1797 2736 διανοίᾳ

226 2754 323 2808 τῶν
352 2757 700 2826 πραγμάτων
726 2756 1136 2827 ὀλιγωροῦντος,
1171 2755 1354 2809 λαθεῖν
1393 2755 1640 2819 ἅπαντας
1667 2755 1797 2808 ίδιον

228 2844 418 2909 ἑαυτοῖς
459 2847 631 2899 κακὸν
687 2845 776 2899 διὰ
829 2846 927 2916 τῆς
989 2844 1250 2917 ἀμελείας
1297 2845 1796 2914 ἐπισπασαμένους.

228 2935 393 2990 Ταῦτα
418 2939 524 2991 εἴτε
553 2938 633 3001 ὡς
662 2937 920 3006 γειτόνων
932 2937 1263 3007 συμπάθεια,
1286 2936 1396 2989 εἴτε
1426 2936 1501 2997 ὡς
1523 2934 1800 3006 ὁμοδοξού-

229 3044 350 3081 ντων
375 3030 629 3082 κοινωνία
663 3030 796 3097 (47),
821 3028 932 3082 εἴτε
962 3030 1077 3092 καὶ,
1104 3030 1241 3101 ὅπερ
1274 3029 1638 3100 ἀληθέστερόν
1660 3031 1797 3094 ἐστι,

1890 552 2155 619 operarios
2206 552 2374 606 malos
2422 554 2487 606 ¹².
2538 552 2714 608 Canes
2756 568 2867 607 non
2916 553 3096 622 pauci.
3142 550 3283 617 Quid
3338 551 3462 608 dico

1890 643 2093 697 canes?
2119 643 2231 697 lmo
2264 657 2395 697 vero
2425 644 2535 714 lupi
2563 658 2776 713 graves,
2805 644 2899 714 qui
2929 645 3031 699 sub
3062 644 3245 698 ovium
3276 644 3463 713 specie

1890 734 2075 789 dolum
2098 744 2468 806 contegentes,
2494 737 2697 807 ubique
2725 745 2994 792 terrarum
3017 753 3233 808 gregem
3257 736 3467 793 Christi

1877 826 2157 886 ,divellunt
2186 846 2198 881 :
2231 826 2324 897 qui
2359 828 2511 882 vobis
2532 829 2739 884 vitandi
2762 837 2890 884 sunt
2912 830 3189 900 vigilantis
3223 830 3460 898 alicujus

1891 918 2128 986 pastoris
2161 917 2438 988 praesidio.
2467 916 2627 973 Hunc
2644 928 2886 975 vestrum
2911 921 3128 991 quidem
3153 930 3236 977 est
3256 928 3460 992 petere,

1891 1009 2087 1063 animis
2129 1010 2200 1063 ab
2237 1010 2385 1063 omni
2442 1013 2794 1068 contentione
2837 1020 3000 1082 atque
3043 1014 3341 1069 ambitione
3375 1029 3463 1070 re-

1891 1101 2140 1169 purgatis
2167 1119 2181 1155 :
2211 1099 2426 1155 Domini
2456 1118 2602 1167 vero,
2640 1104 2950 1169 ostendere,
2980 1109 3119 1174 quia
3154 1121 3350 1175 magno
3372 1105 3466 1160 illo

1891 1189 2149 1248 Ecclesiae
2178 1201 2374 1248 vestrae
2405 1194 2544 1249 duce
2570 1194 2832 1266 Gregorio
2858 1212 3034 1267 usque
3059 1197 3126 1251 ad
3157 1197 3303 1252 hunc
3334 1198 3464 1251 bea-

1891 1290 2031 1351 tum,
2069 1284 2299 1339 alterum
2331 1285 2385 1339 in
2421 1286 2649 1341 alterius
2688 1287 2867 1342 locum
2901 1288 3199 1350 suiliciens,
3231 1304 3467 1358 semper-

1891 1392 1999 1447 que
2031 1377 2320 1446 adaptans,
2355 1378 2506 1433 velut
2550 1393 2616 1432 ex
2656 1379 2892 1448 quadam
2940 1380 3304 1449 pretiosorum
3335 1380 3468 1447 lapi-

1892 1464 2022 1519 dum
2077 1467 2468 1530 commissura,
2519 1468 2716 1520 mirum
2775 1476 3157 1522 ornamentum
3209 1467 3469 1522 Ecclesia:

1892 1566 2087 1609 vestra:
2122 1555 2352 1624 largitus
2391 1564 2496 1610 est.
2544 1554 2727 1621 Quare
2766 1571 2865 1609 nec
2902 1555 2970 1610 de
3003 1559 3346 1612 successuris
3380 1556 3471 1609 de-

1894 1645 2225 1714 sperandum
2254 1653 2359 1700 est.
2391 1644 2553 1701 Novit
2588 1647 2734 1700 enim
2764 1662 2897 1702 suos
2937 1646 3222 1712 Dominus,
3256 1657 3310 1703 et
3341 1663 3462 1719 pro-

1897 1735 2040 1791 ferre
2089 1738 2144 1791 in
2202 1738 2440 1792 medium
2485 1746 2699 1809 potest,
2730 1754 2885 1809 .quos
2938 1738 3172 1797 fortasse
3217 1757 3327 1795 non
3370 1757 3471 1796 ex.-

1823 1806 1866 1860 Β
1893 1836 2225 1897 spectamus.

1963 1920 2016 1974 5.
2066 1918 2281 1974 Dudum
2330 1937 2416 1976 me
2472 1922 2743 1977 volentem
2795 1924 3034 1979 sermoni
3086 1924 3245 1978 ﬁnem
3305 1923 3475 1994 impo-

1892 2025 2042 2075 nere,
2077 2011 2233 2065 dolor
2265 2013 2447 2067 cordis
2481 2027 2589 2068 non
2620 2013 2752 2068 sinit
2784 2033 2796 2068 :
2832 2015 2926 2069 sed
2965 2014 3210 2069 obtestor
3242 2029 3340 2068 vos
3374 2029 3470 2083 per

1893 2101 2105 2168 Patres,
2142 2120 2238 2173 per
2282 2113 2491 2160 rectam
2538 2106 2721 2170 ﬁdem,
2757 2123 2856 2177 per
2885 2108 3032 2161 hunc
3076 2108 3317 2165 beatum.
3362 2105 3471 2159 eri-

1893 2196 2037 2266 gatis
2066 2197 2332 2264 animum,
2370 2199 2648 2268 proprium
2676 2200 2783 2254 sibi
2833 2200 3066 2269 quisque
3096 2197 3147 2252 id
3178 2198 3322 2268 quod
3353 2198 3468 2267 agi-

1896 2295 1985 2342 tur
2013 2287 2298 2354 ducentes,
2333 2299 2387 2345 et
2427 2307 2608 2347 rerum
2638 2292 2693 2345 in
2730 2300 3020 2361 utramque
3050 2300 3257 2360 partem
3287 2292 3470 2343 exitus

1894 2382 2193 2453 participes
2234 2399 2292 2437 se
2338 2383 2395 2437 in
2444 2384 2638 2454 primis
2674 2384 2790 2439 fore
2842 2383 3246 2444 existimantes,
3289 2382 3365 2436 ita
3409 2388 3472 2435 ut

1895 2490 2081 2528 rerum
2132 2476 2505 2530 communium
2539 2491 2726 2529 curam
2748 2516 2763 2540 ,
2799 2485 2857 2529 ut
2887 2474 3132 2545 plerique
3167 2473 3377 2538 solent,
3411 2472 3482 2526 in.

1897 2571 2206 2640 proximum
2239 2586 2348 2625 non
2385 2570 2667 2639 rejiciatis,
2701 2585 2765 2623 ac
2804 2578 2994 2639 postea
3036 2582 3367 2637 unoquoque
3413 2565 3481 2619 in.

1898 2662 2082 2716 animo
2113 2678 2213 2717 suo
2240 2677 2328 2717 res
2375 2662 2703 2732 negligente,
2751 2676 2942 2716 omnes
2983 2660 3087 2714 sibi
3114 2658 3219 2729 ipsi
3260 2674 3360 2729 per
3387 2659 3472 2712 in.-

1897 2754 2107 2807 curiam
2158 2754 2437 2824 proprium
2475 2755 2678 2808 malum
2736 2753 3111 2823 imprudentes
3158 2759 3469 2807 accersam.

1900 2844 2027 2900 llaec
2070 2853 2252 2901 autem
2304 2847 2419 2901 sive
2453 2852 2511 2900 ut
2556 2846 2859 2900 vicinorum
2906 2843 3466 2903 commiserationem.

1900 2940 2018 2993 sive
2078 2946 2138 2992 ut
2210 2937 2353 2991 idem
2413 2936 2765 2991 sentientium
2820 2934 3299 2998 communionem,
3358 2934 3473 2988 sive

1899 3030 2086 3092 etiam,
2132 3027 2281 3099 quod
2329 3030 2514 3083 verius
2561 3037 2667 3092 est,
2710 3035 2770 3082 ut
2827 3028 3117 3081 cbaritatis
3160 3027 3264 3097 legi
3310 3027 3473 3104 obse—

229 3118 297 3188 τῷ
321 3123 412 3189 τῆς
447 3121 679 3192 ἀγάπης
726 3120 1064 3191 πειθομένων
1112 3121 1283 3192 νόμῳ,
1337 3122 1432 3173 καὶ
1473 3120 1564 3173 τὸν
1593 3122 1656 3172 ἐκ
1699 3119 1792 3173 τοῦ

1900 3122 2216 3191 quentium,
2286 3128 2342 3174 et
2395 3120 2697 3190 periculum
2773 3118 2977 3173 silentii
3047 3117 3469 3180 declinantium,

234 3212 478 3282 σιωπῆσαι
512 3212 763 3265 κίνδυνον
794 3213 1172 3278 ἐκκλινάντων,
1208 3213 1346 3283 μετά
1376 3216 1553 3283 πάσης
1580 3214 1792 3280 εὐνοίας

230 3298 458 3365 δέξασθε·
485 3304 875 3373 πεπεισμένοι,
916 3305 997 3356 ὅτι
1030 3305 1291 3375 καύχημα
1320 3305 1477 3377 ἡμῶν
1520 3308 1661 3370 ἐστε,
1695 3324 1795 3359 κα-

234 3388 386 3462 θάπερ
415 3394 507 3445 καὶ
535 3396 705 3463 ἡμεῖς
740 3392 893 3464 ὑμῶν
928 3396 1008 3459 είς
1040 3396 1138 3466 τὴν
1171 3394 1384 3466 ἡμέραν
1428 3397 1523 3449 τοῦ
1565 3397 1791 3469 Κυρίου,

234 3480 315 3531 καὶ
334 3481 407 3533 ὅτι
430 3483 491 3535 ἐκ
507 3485 600 3537 τοῦ
634 3484 998 3556 δοθησομένου
1028 3486 1284 3557 ποιμένος
1309 3488 1437 3557 ὑμῖν
1462 3487 1604 3559 ἢέπὶ
1634 3488 1794 3542 πλέον

236 3569 302 3637 τῷ
326 3573 596 3644 συνδέσμῳ
616 3575 722 3645 τῆς
750 3576 971 3647 ἀγάπης
996 3577 1402 3648 ἐνωθησὸμεθα,
1429 3579 1460 3650 ἢ
1493 3581 1628 3650 πρὸς
1660 3599 1795 3635 παν-

170 3741 174 3743 Δ
236 3659 345 3729 τελῆ
374 3662 685 3718 διάστασιν·
716 3666 745 3718 ὃ
789 3667 863 3738 μὴ
917 3668 1145 3734 γένοιτο,
1196 3670 1329 3739 μηδέ
1379 3670 1531 3724 ἔσται
1583 3676 1647 3743 τῇ
1698 3673 1793 3726 τοῦ

239 3748 353 3803 Θεοῦ
389 3752 612 3824 χάριτι,⁹
636 3756 745 3809 οὐδ’
771 3758 837 3810 ἄν
887 3759 1049 3822 αὐτὸς
1089 3759 1295 3830 εἴποιμι
1332 3760 1425 3813 νῦν
1478 3761 1795 3833 βλάσφημον

239 3841 387 3897 οὐδέν.
415 3846 580 3899 Τοῦτο
611 3848 672 3900 δὲ
708 3849 910 3902 εἰδέναι
951 3850 1095 3919 ὑμᾶς
1131 3851 1455 3922 βουλόμεθα,
1486 3855 1589 3916 ὅτι,
1622 3856 1669 3906 εἰ
1701 3856 1795 3908 καὶ

242 3934 358 4006 πρὸς
388 3937 481 4009 τὴν
514 3942 743 4012 εἰρήνην
777 3942 884 3994 τῶν
900 3943 1231 4016 Ἐκκλησιῶν
1276 3949 1634 4018 συντρέχοντα
1664 3952 1795 4020 ἡμῖν

241 4028 326 4080 οὒκ
344 4030 562 4101 ἔσχομεν
595 4034 714 4104 (48)
753 4035 843 4086 τὸν
878 4035 1147 4106 μακάριον
1180 4036 1269 4090 διά
1314 4055 1486 4102 τινας,
1515 4039 1590 4102 ὼς
1633 4040 1794 4103 αὐτὸς

241 4118 354 4188 ἡμῖν
378 4123 760 4189 διεϐεϐαιοῦτο,
782 4126 1100 4198 προλήψεις,
1145 4128 1259 4182 ἀλλ’
1293 4126 1387 4183 οὖν
1423 4147 1488 4199 γε
1530 4133 1627 4202 τῆς
1659 4133 1795 4203 πρὸς

245 4211 381 4265 αὐτὸν
409 4216 711 4284 ὁμοδοξίας,
748 4219 844 4271 καὶ
887 4220 979 4272 τοῦ
1017 4222 1105 4274 ἀεὶ
1138 4222 1388 4276 κοινωνὸν
1420 4222 1793 4276 ἐπικαλεῖσθαι

246 4300 338 4353 τῶν
364 4304 489 4375 πρὸς
524 4308 657 4370 τοὺς
690 4310 999 4378 αἱρετικοὺς
1038 4310 1284 4379 ἀγώνων,
1318 4313 1422 4366 ὑπὸ
1453 4313 1686 4385 μάρτυρι
1718 4313 1794 4383 τῷ

248 4390 347 4463 Θεῷ
365 4398 451 4448 καὶ
478 4398 787 4471 ἀνθρώποις
817 4405 928 4465 τοῖς
958 4405 1381 4476 πεπειραμένοις
1412 4406 1568 4478 ἡμῶν
1604 4406 1793 4460 οὐδένα

248 4488 407 4558 καιρὸν
429 4491 725 4562 ἀπελείφθη
734 4511 853 4563 μεν.
1590 4495 1592 4497 ’

750 4653 1099 4707 ΕΠΙΣΤΟΛΗ
1136 4652 1266 4707 ΚΘ.

1898 3214 2046 3269 omni
2075 3230 2199 3269 cum
2248 3213 2626 3276 benevolentia
2655 3213 2928 3283 excipite:
2980 3226 3302 3282 persuasum
3336 3210 3473 3266 illud

1898 3308 2160 3363 habentes
2194 3324 2293 3363 vos
2321 3323 2445 3364 esse
2494 3316 2740 3363 nostram
2771 3307 3159 3377 gloriationem
3203 3304 3473 3375 quemad-

1898 3402 2117 3455 modum
2145 3409 2199 3455 et
2229 3416 2331 3455 nos
2355 3408 2538 3455 vestra
2558 3401 2766 3455 erimus
2787 3400 2839 3453 in
2864 3398 3079 3453 Domini
3105 3398 3194 3452 die
3222 3417 3234 3452 :
3262 3413 3474 3467 nosque

1898 3502 2061 3563 prout
2106 3503 2294 3563 pastor
2330 3494 2486 3548 vobis
2525 3492 2764 3556 dabitur,
2800 3492 2886 3546 vel
2933 3491 3142 3545 arctius
3184 3490 3474 3545 cbaritatis

1896 3585 2117 3639 vinculo
2151 3585 2433 3640 vobiscum
2478 3600 2601 3639 esse
2649 3583 3082 3653 conjungcndos,
3118 3582 3200 3637 vel
3244 3595 3476 3652 prorsus

1897 3676 2326 3747 disjungendos,
2394 3676 2537 3746 quod
2599 3675 2818 3746 quidem
2896 3676 3074 3735 absit,
3133 3689 3309 3744 neque
3375 3673 3475 3728 Dei

1896 3770 2073 3838 gratia
2126 3769 2252 3831 ﬁet,
2307 3785 2480 3839 neque
2531 3784 2664 3824 sane
2714 3769 2832 3839 ipse
2882 3782 3028 3821 nunc
3086 3767 3473 3821 contumeliosi

1896 3860 2196 3931 quidquam
2227 3860 2481 3915 dixerim.
2519 3859 2632 3915 Hoc
2672 3872 2852 3915 autem
2887 3860 3029 3915 scire
3066 3873 3162 3912 vos
3191 3857 3470 3916 volumus.

1896 3953 1999 4007 etsi
2034 3952 2250 4007 beatum
2293 3953 2445 4007 illum
2480 3952 2549 4007 ad
2593 3952 2960 4007 Ecclesiarum
3000 3964 3190 4020 pacem
3238 3963 3474 4003 concur-

1896 4054 2107 4100 rentem
2154 4060 2263 4099 non
2314 4045 2608 4099 habuimus
2655 4050 2877 4114 propter
2921 4042 3211 4113 quasdam,
3254 4049 3313 4095 ut
3354 4040 3473 4110 ipse

1897 4136 2056 4191 nobis
2086 4135 2394 4200 afﬁrmavit,
2426 4137 2753 4208 anticipatas
2787 4136 3105 4206 opiniones;
3148 4134 3242 4191 sed
3291 4142 3472 4189 tamen

1848 4252 1853 4259 ο
1897 4226 2041 4281 idem
2068 4242 2193 4281 cum
2235 4228 2357 4297 ipso
2380 4229 2673 4293 sentiendi,
2703 4243 2937 4298 eumque
2975 4241 3192 4296 semper
3215 4227 3474 4281 certami-

1896 4334 2027 4373 num
2058 4320 2321 4376 adversus
2349 4320 2634 4376 haereticos
2654 4321 2970 4390 participem
2997 4319 3319 4384 advocandi,
3344 4334 3470 4384 nos,

1897 4409 2010 4464 Deo
2043 4418 2179 4465 teste
2207 4420 2261 4466 et
2288 4412 2605 4467 hominibus
2638 4413 2735 4482 qui
2764 4412 2938 4466 nostri
2982 4412 3286 4481 periculum
3321 4411 3465 4466 fece-

1824 4496 1868 4551 D
1897 4510 2045 4567 runt,
2071 4504 2282 4559 nullum
2317 4512 2533 4575 tempus
2570 4505 2951 4561 intermisisse.

2256 4658 2415 4729 109
2452 4658 2790 4714 EPISTOLA
2828 4607 3042 4714 X'XIX‘.

254 4765 441 4819 Basilius
456 4771 721 4835 Ancyranis
741 4771 979 4843 signiﬁcat
1010 4780 1257 4843 acceptum
1273 4787 1335 4824 ea:
1354 4779 1506 4843 morte
1527 4786 1694 4824 eorum
1716 4774 1928 4843 episcopi
1949 4767 2201 4843 4thaitasii
2219 4777 2455 4843 datorem,
2477 4778 2614 4843 cujus
2634 4793 2823 4829 summa
2841 4780 2902 4829 de
2923 4776 3138 4830 ecclesiis
3155 4775 3329 4828 merita
3344 4788 3474 4838 prte-

754 4835 901 4884 dicat.
926 4836 1161 4885 Hortatur
1183 4841 1234 4885 ut
1255 4842 1467 4894 caveant,
1488 4849 1546 4887 ne
1571 4835 1752 4886 rursus
1768 4836 1818 4887 in
1834 4835 2060 4888 electione
2077 4836 2290 4903 episcopi
2313 4835 2633 4891 dissensiones
2651 4848 2926 4892 nascantur.

318 4934 386 5003 Τῇ
423 4939 743 5009 Ἐκκλησία
776 4942 1061 5010 Ἀγκύρας
1098 4940 1547 5011 παραμυθητική
1583 4940 1715 5012 (49).

314 5045 466 5103 Πολὺν
507 5055 635 5123 ἡμῖν
669 5052 860 5123 χρόνον
906 5052 1113 5124 σιωπὴν
1159 5053 1467 5125 ἐνεποίησεν
1508 5056 1541 5124 ἡ
1588 5054 1791 5127 ἐκπλη-

324 5200 360 5233 ¹²
392 5200 610 5279 Philipp.
643 5224 743 5274 ιιι,
781 5208 837 5264 2.

263 5422 417 5482 ἄλλον.

324 5497 682 5578 (46)“‘413505.
716 5501 963 5578 ‘Sic_sex
1011 5520 1145 5578 mss.
1166 5504 1339 5578 “Editi
1379 5508 1573 5578 ὅρμου.
1623 5505 1795 5561 Paulo

268 5577 369 5630 post
390 5570 542 5646 editio
554 5570 886 5629 'Parisiensis
916 5575 1044 5644 παρ’
1075 5575 1249 5646 ὑμῶν.
1278 5570 1423 5631 Alite
1441 5570 1710 5633 editiones
1739 5585 1795 5632 et

252 5643 614 5716 ‘m5ﬁ.__coglices
642 5652 850 5716 septem
877 5643 1007 5716 παρί
1033 5643 1211 5715 ἡμῶν,

329 5702 425 5787 (έἹ)
459 5702 847 5787 Συμπάθὲια...
866 5702 1167 5787 μοιὶρωῶίία.
1198 5717 1291 5772 Sic
1320 5716 1789 5787 vetusti'codices,

273 5775 616 5851 melius-quam
656 5786 709 5839 in
749 5782 911 5839 editis
958 5786 1338 5859 συμπαθείᾳ..
1367 5786 1641 5858 κοινωνίᾳ.
1680 5775 1789 5842 Sed

2208 4943 2458 5000 Ecclesia:
2507 4951 2730 5018 Ancyra:
2770 4946 3149 5001 consolatoria.

1966 5054 2295 5113 Diuturnum
2332 5060 2490 5116 nobis
2525 5060 2805 5116 silentium
2840 5058 3101 5129 imposuit
3146 5057 3315 5112 animi
3349 5064 3472 5114 stu-

322 5355 419 5437 μδ)
466 5361 582 5414 Ἐπ’
615 5363 802 5428 ἄλλῳ.
836 5362 927 5418 Sic
952 5371 1078 5420 octo
1105 5352 1327 5420 codices
1357 5380 1494 5419 mss.
1534 5362 1679 5420 Editi
1708 5366 1792 5419 ἐπ’

1898 5368 2134 5435 postulat
2162 5383 2358 5423 sensus
2384 5375 2445 5421 ut
2468 5369 2682 5437 legatur
2721 5364 3133 5436 συμπάθειαν...
3161 5363 3469 5437 κοινωνίαν.

1893 5433 2072 5493 Editio
2116 5438 2494 5507 Haganoensis
2528 5433 2811 5491 consentit
2841 5450 2966 5491 cum
2999 5450 3133 5491 mss.
3163 5433 3467 5507 codicibus.

1926 5510 2074 5594 ’(48)
2109 5502 2232 5562 0ὺαὶ
2279 5508 2562 5577 ἔσχομεν.
2615 5508 2694 5559 Ita
2730 5521 2865 5561 mss.
2908 5515 3135 5577 septem.
3185 5504 3328 5559 Editi
3372 5502 3475 5557 οὐκ

1892 5596 2593 5718 εηῧτθῖνὶῖαραμρθητική.
2624 5645 2750 5702 Haec
2775 5661 2878 5701 vox
2904 5646 3085 5701 addita
3122 5660 3185 5698 ex
3208 5660 3304 5702 sex
3334 5657 3482 5701 mss.

1964 5716 1994 5742 “
2019 5719 2167 5774 Alias
2193 5716 2401 5785 LXVII,
2436 5718 2638 5787 scripta
2669 5732 2812 5773 anno
2833 5718 2936 5774 568
2990 5724 3241 5773 exeunte.
