3886 6220
327 348 429 410 511

332 491 435 549 por
461 488 529 529 ex
560 466 883 539 gravissimo
910 462 1085 518 tristis
1106 466 1337 517 eventus
1360 456 1574 512 nuntio.

276 598 287 607 -
332 545 465 622 vero
490 561 770 633 paululum
813 557 1048 629 quodam
1080 552 1243 607 modo
1281 565 1348 605 ex
1390 545 1765 601 taciturnitate
1798 556 1898 596 nos

330 655 736 724 recollegimus,
776 664 941 722 quam
985 647 1131 703 velut
1162 645 1224 709 ii,
1259 655 1491 713 quorum
1540 651 1704 693 aures
1747 635 1901 689 vehe-

332 745 506 802 menti
537 746 742 798 tonitru
773 740 1038 813 perculsa
1066 744 1216 800 sunt,
1252 733 1403 805 passi
1442 744 1674 795 sumus;
1710 741 1902 782 neces-

334 838 482 895 sario
509 852 656 891 nunc
680 835 749 890 de
780 849 847 889 eo
885 831 1032 903 quod
1058 828 1285 892 accidit,
1313 824 1701 896 ingemuimus,
1737 828 1792 875 et
1818 820 1902 873 in-

332 939 417 984 ter
459 928 640 982 luctus
677 926 965 996 epistolam
1011 922 1155 977 hanc
1205 919 1275 974 ad
1320 933 1419 974 vos
1470 917 1744 976 misimus,
1792 927 1902 967 non

333 1017 655 1077 consolandi
706 1017 904 1088 gratia,
962 1014 1119 1086 (quis
1167 1013 1312 1068 enim
1361 1023 1544 1066 sermo
1592 1006 1905 1061 inveniatur

336 1122 500 1167 tanta
537 1108 785 1164 medicus
814 1105 1219 1174 calamitatis?)
1254 1102 1352 1158 sed
1383 1100 1572 1156 cordis
1607 1097 1783 1153 nostri
1808 1097 1907 1151 do-

336 1205 530 1269 lorem,
563 1208 830 1272 quantum
861 1199 1161 1270 possimus,
1190 1196 1351 1251 vobis
1379 1193 1484 1248 hac
1520 1205 1657 1248 voce
1690 1186 1905 1259 signiﬁ-

335 1304 549 1350 cantes.
579 1292 730 1364 Opus
763 1309 914 1348 nunc
952 1291 1090 1346 mihi
1136 1296 1323 1345 essent
1349 1286 1600 1343 Jeremia
1632 1285 1904 1338 lamenta-

334 1388 535 1451 tiones,
565 1394 619 1442 et
651 1387 700 1442 si
744 1386 868 1457 quis
907 1399 1041 1442 sane
1074 1384 1216 1439 alius
1259 1397 1324 1437 ex
1370 1379 1547 1436 beatis
1588 1375 1907 1432 hominibus

336 1481 703 1543 calamitatem
730 1478 1025 1533 maximam
1067 1474 1230 1531 modo
1257 1470 1669 1529 commovendis
1708 1469 1908 1525 animis

335 1575 537 1630 idoneo
577 1575 912 1629 lamentatus
954 1581 1060 1627 est.
1100 1569 1312 1626 Cecidit
1341 1568 1446 1632 vir,
1492 1580 1617 1621 vere
1651 1565 1908 1620 columna

339 1675 395 1722 et
422 1667 823 1722 ﬁrmamentum
856 1663 1143 1729 Ecclesia,
1187 1663 1267 1717 vel
1312 1661 1496 1731 potius
1537 1659 1654 1729 ipse
1684 1657 1906 1729 quidem

339 1759 408 1814 ad
435 1759 648 1814 beatam
679 1760 846 1811 vitam
883 1756 1133 1812 sublatus
1175 1770 1206 1809 a
1235 1754 1395 1809 nobis
1439 1752 1573 1806 abiit
1609 1770 1623 1806 :
1655 1766 1766 1805 non
1791 1750 1909 1805 leve

342 1860 524 1907 autem
567 1850 868 1921 periculum
900 1858 1004 1914 est,
1040 1862 1108 1902 ne
1152 1846 1309 1901 multi
1349 1845 1633 1900 subtracto
1662 1843 1767 1899 hoc
1789 1843 1911 1896 fun-

340 1945 599 1999 damento
643 1950 927 2003 corruant,
978 1948 1033 1996 et
1083 1954 1205 2013 qua
1254 1939 1310 1993 in
1358 1936 1641 1993 nonnullis
1690 1933 1910 2006 putrida

341 2049 492 2101 sunt,
521 2037 812 2093 manifesta
851 2037 1001 2091 (iant.
1034 2035 1296 2090 Clausum
1330 2041 1414 2090 est
1445 2048 1530 2096 os,
1560 2038 1616 2089 et
1646 2031 1798 2102 justa
1827 2030 1911 2086 di-

342 2124 504 2182 cendi
529 2124 801 2191 libertate,
833 2134 888 2180 et
922 2124 1111 2192 gratia
1136 2123 1320 2178 verbis
1371 2122 1441 2176 ad
1472 2121 1703 2176 fratrum
1736 2120 1911 2176 aditi-

343 2219 616 2275 cationem
660 2226 899 2274 scatens.
951 2218 1222 2272 Abierunt
1269 2216 1469 2272 mentis
1498 2214 1750 2279 consilia,
1792 2228 1914 2285 qua

342 2328 472 2369 vere
498 2312 553 2366 in
587 2310 700 2367 Deo
737 2311 1207 2367 commovebatur.
1242 2308 1287 2364 0
1318 2309 1536 2380 quoties
1561 2308 1695 2363 mihi
1725 2307 1915 2375 (accu—

345 2404 481 2461 sabo
503 2402 651 2458 enim
674 2418 759 2457 me
788 2403 925 2472 ipse)
959 2400 1234 2472 indignari
1262 2399 1433 2454 subiit
1456 2399 1513 2454 in
1542 2399 1742 2460 virum,
1770 2397 1914 2469 quod

345 2507 494 2557 totus
520 2498 576 2553 in
619 2512 685 2553 eo
716 2497 991 2553 desiderio
1035 2506 1100 2551 ut
1122 2495 1452 2559 discederet,
1497 2502 1757 2564 essetque
1789 2508 1916 2548 cum

346 2591 591 2653 Christo,
627 2604 951 2660 permanere
977 2588 1034 2642 in
1069 2602 1235 2642 carne
1262 2593 1486 2657 propter
1507 2601 1609 2641 nos
1639 2601 1749 2641 non
1780 2600 1920 2655 pra-

350 2682 538 2739 tulerit
562 2682 627 2737 “.
691 2680 919 2737 Cuinam
975 2679 1236 2750 deinceps
1299 2677 1671 2733 Ecclesiarum
1730 2690 1918 2731 curam

351 2772 699 2829 deleremus?
752 2786 918 2842 quem
974 2769 1340 2841 adiungemus
1386 2767 1765 2823 molestiarum
1827 2782 1922 2823 so-

353 2863 540 2919 cium?
584 2877 747 2935 quem
794 2863 995 2917 latitia
1042 2861 1406 2933 participem?
1450 2861 1495 2917 0
1543 2876 1763 2933 gravem
1819 2860 1921 2913 tri—

355 2966 604 3026 stemque
635 2954 1016 3010 solitudinem!
1052 2953 1339 3021 Quomodo
1373 2953 1535 3024 plane
1560 2952 1766 3008 similes
1796 2949 1925 3006 facti

357 3059 551 3102 sumus
592 3044 841 3100 solitario
865 3044 1135 3115 pellicano
1157 3044 1244 3100 "‘i
1273 3043 1384 3100 Sed
1406 3051 1589 3099 tamen
1615 3044 1808 3113 juncta
1842 3045 1927 3097 in-

1628 326 1687 383 S.
1730 325 1972 382 BASlLll
2009 318 2223 378 MAGNI

3490 308 3602 364 319

1601 452 1897 521 Postquam
1928 499 1934 512 ,

2043 462 2082 507 ις
2124 445 2222 513 τῆς
2253 439 2558 513 βαρυτάτης
2597 433 2854 504 ἀγγελίας
2888 428 2983 521 τοῦ
3029 427 3326 499 συμϐάντος
3387 425 3603 479 κακοῦ.

2011 534 2164 590 Ἐπεὶ
2192 532 2250 585 δέ
2287 530 2478 602 μικρόν
2519 544 2638 590 πως
2682 527 2780 595 τῆς
2816 520 3050 592 ἀφασίας
3091 519 3514 589 ἀνηνέγκαμεν,
3538 515 3605 582 ῆν

1997 624 2073 687 ὡς
2096 623 2147 676 οἱ
2172 620 2284 692 (50)
2312 619 2507 691 βροντῇ
2541 613 2749 687 μεγάλη
2778 613 2874 675 τὰς
2912 609 3082 671 ἀκοὰς
3118 602 3605 670 καταπλαγέντες,

1965 735 1967 739 ‘
2000 713 2375 783 πεπόνθαμεν·
2407 705 2718 776 ἀναγκαίως
2744 702 2839 755 νῦν
2876 697 3308 765 ἐπεπενάξαμεν
3328 693 3425 762 τῷ
3460 708 3612 760 συμ-

2002 806 2176 866 ϐάντι,
2232 802 2326 856 καὶ
2374 798 2573 870 μεταξὺ
2614 795 2926 866 ὀδυρόμενοι
2973 788 3071 859 τὴν
3114 785 3411 855 ἐπιστολὴν
3470 783 3611 851 ὑμῖν

2001 892 2417 963 ἐξεπέμψαμεψ
2463 889 2525 942 οὐ
2568 886 2962 959 παρακλήσεως
2991 882 3195 943 ἕνεκεν,
3228 877 3332 947 (τίς
3381 873 3513 945 γὰρ
3545 873 3614 925 ἂν

2002 987 2096 1039 καὶ
2148 983 2304 1051 λόγος
2362 977 2611 1052 εὑρεθείη
2683 973 2949 1042 τοσαύτης
3004 968 3282 1039 συμφορᾶς
3338 963 3551 1034 ἰατρός
3573 969 3614 1029 ;)

2003 1074 2138 1126 ἀλλά
2162 1073 2259 1143 τὴν
2291 1069 2484 1140 ὀδύνην
2513 1069 2611 1139 τῆς
2648 1064 2876 1136 καρδίας
2908 1060 3084 1132 ἡμῶν,
3127 1057 3247 1112 καθ’
3274 1057 3406 1110 ὅσον
3440 1055 3617 1143 δυνα-

2002 1164 2112 1224 τὸν,
2143 1141 2338 1233 ἐκ-τῆς
2369 1158 2575 1229 φωνῆς,
2596 1155 2800 1225 ταύτης
2823 1154 2949 1222 ὑμῖν
2979 1148 3459 1220 διασημαίνοντες.
3494 1141 3619 1195 Νῦν

2003 1254 2230 1326 ἐδεόμην
2262 1252 2369 1306 τῶν
2410 1249 2676 1322 Ἰερεμίου
2721 1245 2953 1318 θρήνων,
2999 1243 3093 1296 καὶ
3135 1242 3184 1295 εἰ
3215 1239 3279 1310 δή
3308 1254 3402 1300 τις
3440 1233 3618 1296 ἄλλος

2003 1346 2113 1400 τῶν
2145 1347 2426 1417 μακαρίων
2450 1341 2658 1412 ἀνδρῶν
2694 1338 2979 1409 συμφορᾶς
3005 1332 3231 1406 μέγεθος
3262 1330 3374 1401 (51)
3409 1329 3617 1397 ἐμπα-

2007 1436 2114 1499 θῶς
2155 1433 2498 1504 ἀπωδύρατο.
2551 1431 2846 1486 Πέπτωκεν
2900 1426 3061 1496 ἀνὴρ,
3116 1420 3300 1484 στῦλος
3347 1417 3444 1489 τῷ
3491 1417 3617 1470 ὄντι

2006 1528 2100 1582 καὶ
2163 1525 2442 1598 ἑδραίωμα
2494 1522 2595 1592 τῆς
2651 1517 2974 1590 Ἐκκλησίας
2996 1532 3009 1546 ·
3061 1514 3259 1587 μᾶλλον
3317 1511 3377 1563 δὲ
3436 1507 3618 1598 mihi);

2010 1617 2111 1688 μὲν
2142 1596 2253 1688 (59.)
2283 1615 2420 1687 πρὸς
2446 1614 2547 1685 τὴν
2589 1610 2865 1683 μακαρίαν
2894 1606 3037 1678 ζωὴν
3083 1603 3267 1676 ἀρθεὶς
3311 1601 3408 1669 ἀφ’
3444 1596 3617 1688 ἡμῶν

2008 1686 2246 1778 οἴχεταιέ
2274 1704 2513 1767 κίνδυνος
2552 1701 2610 1755 δέ
2658 1700 2719 1753 οὐ
2776 1698 2991 1770 μικρὸς,
3020 1694 3094 1767 μὴ
3137 1692 3321 1747 πολλοὶ
3350 1688 3436 1760 τῷ
3464 1686 3621 1758 ἐρεί-

1944 1800 1984 1855 Β
2014 1815 2179 1869 σματι
2223 1796 2397 1867 τούτῳ
2439 1791 2849 1865 ὑπεξαιρεθέντι
2894 1785 3365 1857 συγκαταπέσωσι,
3399 1780 3509 1835 καὶ
3545 1778 3619 1832 τὰ

2012 1887 2189 1960 σαθρά
2212 1905 2371 1941 τινων
2397 1883 2608 1955 φανερά
2632 1883 2875 1952 γένηται.
2906 1879 3232 1933 Κέκλεισται
3254 1874 3432 1943 στόμα
3460 1870 3621 1940 παῤ-

2014 1977 2206 2049 ρησίας
2233 1993 2291 2030 τε
2319 1974 2532 2036 δικαίας
2562 1973 2671 2041 (55»
2701 1972 2793 2025 καὶ
2833 1970 3025 2037 λόγους
3068 1967 3288 2038 χάριτος
3324 1962 3413 2016 ἐπ’
3460 1961 3624 2013 οἱκο-

2009 2069 2147 2139 δομῇ
2175 2068 2274 2139 τῆς
2301 2066 2658 2136 ἀδελφότητος
2690 2062 2872 2135 βρύον.
2907 2060 3126 2131 Οῖχεται
3157 2058 3214 2110 δέ
3248 2055 3449 2127 φρενὸς
3488 2051 3621 2122 βου-

2011 2161 2289 2231 λεύματα,
2341 2159 2440 2229 τῆς
2492 2157 2660 2220 ὅντως
2710 2156 2768 2210 ἐν
2811 2151 2931 2223 Θεῷ
2978 2150 3091 2221 (54)
3156 2145 3513 2217 κινουμένης.
3552 2140 3621 2192 Ὃ

2015 2253 2243 2316 ποσάκις
2299 2267 2388 2322 μοι
2444 2247 2837 2319 (κατηγορήσω
2890 2244 3000 2315 γὰρ
3047 2238 3309 2313 ἐμαυτοῦ)
3363 2233 3618 2304 ἐπῆλθεν

2017 2341 2394 2413 ἀγανακτῆσαι
2427 2339 2569 2394 κατά
2605 2337 2701 2391 τοῦ
2731 2335 2954 2407 ἀνδρός·
2994 2335 3099 2398 ὅτι,
3126 2332 3262 2394 ὅλως
3308 2328 3620 2413 γενόμενος

2015 2431 2115 2502 τῆς
2143 2428 2435 2500 ἐπιθυμίας
2464 2425 2556 2480 τοῦ
2586 2424 2848 2480 ἀναλῦσαι
2892 2424 2985 2477 καὶ
3035 2421 3131 2475 σὺν
3172 2415 3393 2490 Χριστῷ
3441 2410 3617 2475 εἶναι,

2016 2522 2076 2576 τὸ
2106 2522 2377 2591 ἐπιμεῖναι
2426 2521 2485 2571 ἐν
2528 2521 2594 2589 τῇ
2640 2516 2806 2588 σαρκὶ
2851 2515 2913 2569 οὐ
2968 2510 3300 2580 προετίμησε
3325 2507 3389 2560 δι’
3433 2505 3615 2576 ἡμᾶς.

2019 2613 2164 2683 Πρὸς
2188 2612 2310 2665 τίνα
2333 2610 2517 2665 λοιπὸν
2548 2608 2648 2673 τὰς
2681 2606 2963 2678 φροντίδας
3003 2603 3110 2657 τῶν
3126 2598 3464 2671 Ἐκκλησιῶν
3496 2595 3616 2668 (55)

2022 2701 2422 2775 ὑπερθώμεθας
2452 2701 2575 2754 τίνα
2603 2699 2857 2754 κοινωνὸν
2884 2696 2993 2751 τῶν
3015 2692 3273 2765 λυπηρῶν
3305 2690 3573 2759 λάσωμεν
3599 2702 3617 2752 ;

2020 2796 2142 2848 τίνα
2181 2794 2443 2866 μεριστὴν
2489 2792 2587 2864 τῆς
2632 2789 2973 2864 εὐφροσύνης
3014 2788 3161 2861 (56);
3195 2789 3258 2840 Ὢ
3283 2788 3383 2856 τῆς
3427 2783 3618 2851 δεινῆς

2023 2887 2189 2950 ὅντως
2208 2886 2301 2941 καὶ
2330 2885 2659 2958 σκυθρωπῆς
2689 2883 2954 2956 ἐρημίας-ε
2984 2880 3109 2945 Πῶς
3134 2878 3377 2952 ἀκριϐῶς
3397 2873 3620 2948 ὡμοιώ-

2027 2980 2200 3051 θημεν
2248 2978 2506 3032 πελεκᾶνι
2556 2976 2840 3049 ἐρημικῷ;
2892 2973 3053 3028 Ἀλλὰ
3107 2974 3213 3044 μὴν
3256 2972 3325 3026 τά
3375 2987 3441 3039 γε
3487 2986 3618 3023 συν-

2027 3067 2266 3137 αφθέντα
2295 3065 2430 3138 μέλη
2451 3065 2551 3136 τῆς
2586 3065 2932 3137 Ἐκκλησίας,
2962 3058 3073 3116 οἷον
3102 3062 3206 3115 ὑπὸ
3236 3060 3412 3130 ψυχῆς
3440 3073 3617 3121 τινος,

358 3149 442 3197 ter
467 3156 528 3197 se
551 3138 809 3195 Ecclesia
853 3139 1118 3222 membra,
1149 3138 1298 3193 velut
1329 3137 1398 3194 ab
1440 3138 1622 3192 anima
1666 3136 1927 3205 quadam,

2043 3136 2131 3229 τῆς
2162 3136 2369 3212 ἐκείνου
2408 3136 2761 3229 προστασίας,
2811 3157 2892 3220 είς
2948 3155 3076 3226 μίαν
3129 3151 3473 3224 συμπάθειαν
3523 3149 3621 3203 καὶ

360 3231 429 3286 ab
464 3231 641 3301 ipsius
692 3230 958 3301 regimine
989 3231 1045 3285 in
1095 3245 1259 3285 unam
1294 3232 1712 3287 consensionem
1750 3237 1804 3285 et
1843 3244 1931 3284 ac-

360 3332 609 3381 curatam
664 3326 1106 3379 communionem
1159 3330 1474 3395 cumpacta,
1537 3331 1591 3378 et
1642 3332 1932 3378 servantur

362 3424 680 3472 constanter
703 3430 799 3486 per
827 3417 977 3485 pacis
1003 3414 1281 3469 vinculum
1303 3414 1370 3469 ad
1403 3413 1742 3483 spiritualem
1769 3427 1933 3482 coag-

364 3507 778 3573 mentationem,
818 3514 873 3562 et
913 3506 1282 3562 servabuntur
1325 3519 1563 3575 semper,
1600 3504 1710 3560 Deo
1736 3504 1788 3559 id
1823 3506 1935 3559 lar-

366 3601 566 3671 giente,
606 3606 667 3653 ut
715 3600 872 3653 ﬁrma
910 3613 975 3654 ac
1018 3599 1244 3653 immota
1290 3607 1549 3653 maneant
1580 3598 1751 3654 beata
1787 3598 1938 3655 illius

369 3692 567 3747 anima
594 3707 781 3764 opera,
824 3707 1165 3763 quacunque
1192 3691 1456 3749 Ecclesiis
1489 3693 1585 3751 Dei
1618 3694 1934 3757 exantlavit.

369 3783 572 3839 Verum
600 3793 880 3840 certamen
908 3801 1020 3839 non
1055 3800 1285 3856 parvum
1320 3788 1608 3854 incumbit,
1640 3805 1709 3845 ne
1741 3805 1940 3845 rursus

370 3878 499 3933 lites
531 3891 597 3932 ac
628 3877 918 3934 discordia
958 3879 1011 3933 in
1036 3879 1287 3949 prasulis
1332 3881 1599 3937 electione
1624 3891 1939 3948 nascentes,

376 3985 593 4026 omnem
622 3972 788 4031 simul
817 3972 1059 4029 laborem
1083 3988 1147 4028 ex
1173 3973 1418 4045 qualibet
1436 3974 1783 4031 dissensione
1813 3978 1945 4032 sub-

376 4070 610 4120 vertant.

453 4242 496 4274 ¹³
528 4240 765 4313 Philipp.
800 4260 852 4312 I,
883 4246 975 4302 2⁵5.
1054 4248 1101 4280 ⁸⁸
1134 4246 1279 4302 Psal.
1313 4261 1398 4312 Cl,
1432 4246 1482 4303 7.

457 4415 712 4499 (ξολ-Ὡς
746 4420 821 4499 ot:
882 4416 974 4499 Sic
1022 4434 1212 4499 omnes
1260 4422 1471 4499 antiqui
1532 4424 1769 4499 codices.
1810 4423 1957 4499 Editi

383 4487 538 4569 ὡσεί.
556 4487 771 4569 ibidem
799 4488 1170 4569 ἐκπλαγέντες
1198 4492 1251 4545 in
1280 4487 1459 4569 tribus
1485 4509 1619 4569 mss.
1651 4493 1766 4548 Νῦν
1795 4496 1957 4569 paulo

386 4567 513 4627 post
540 4557 766 4613 deestin
797 4558 995 4621 tribus,
1021 4574 1122 4613 nec
1151 4562 1457 4616 necessaria
1478 4570 1562 4617 est
1587 4564 1702 4617 hac
1741 4557 1957 4619 vocula.

387 4629 558 4705 Paulo
591 4635 716 4705 post
749 4627 982 4705 Basilius
1037 4630 1090 4682 in
1134 4628 1221 4684 his
1250 4633 1479 4705 _verbis,_
1506 4631 1601 4696 Τίς
1631 4632 1741 4705 γὰρ
1775 4634 1963 4705 ἄνκαὶ

389 4701 615 4770 λόγος...
652 4698 861 4773 ἱατρός,
879 4698 1093 4773 videtur
1119 4699 1394 4773 respicere
1416 4702 1484 4773 ad
1504 4698 1723 4773 versum
1749 4704 1973 4773 antiqui.

390 4767 588 4841 poeta.
624 4767 784 4841 quem
814 4769 948 4822 citat
982 4767 1307 4841 Plutarchus
1333 4771 1489 4825 initio
1509 4771 1635 4841 libri
1666 4771 1741 4827 De
1764 4767 1965 4827 consbw

395 4838 609 4922 latione,
640 4838 821 4922 ψυχῆς
843 4838 1108 4922 νοσοιξσης
1151 4839 1291 4893 εἰσιν
1326 4842 1501 4910 ἰατροὶ
1541 4840 1712 4909 λόγοι,
1758 4844 1966 4897 Anima

394 4910 700 4983 aegrotantis
732 4918 856 4964 sunt
879 4910 1073 4963 medici
1101 4926 1387 4967 sermones.

397 5051 423 5053 _
467 4981 576 5053 (5|)
610 4977 928 5053 Συμφορᾶς
957 4978 1228 5053 μέγεθος.
1290 4977 1586 5053 Vaticanus
1625 4981 1796 5038 codex
1843 4997 1967 5037 cum

395 5049 569 5122 Regio
594 5049 853 5125 _secund_0
881 5049 1142 5125 et_Cois|.
1186 5051 1430 5125 secundo
1479 5053 1766 5125 συμφορόις
1810 5053 1967 5125 μέ-γί-

400 5119 552 5195 στας.
591 5119 783 5195 Statim
820 5119 877 5173 in
924 5120 1141 5195 duobus
1189 5135 1321 5195 mss.
1363 5119 1645 5193 ἑδραίωμα
1669 5119 1970 5195 ’τῆς’ἀλη-

399 5191 572 5253 θείας,
604 5190 993 5259 ﬁrmamentum
1010 5191 1268 5259 ueritatis.

400 5260 587 5401 ΡΥ(ἓέ
605 5257 818 5326 ⁷Αὺτὸς
838 5258 976 5329 μέν.
1010 5257 1217 5316 Vocula
1247 5258 1431 5315 addita
1460 5275 1528 5325 ex
1551 5259 1691 5317 Med.
1719 5270 1776 5318 et
1801 5261 1973 5324 Coisl,

432 5399 586 5481 __(55)
609 5399 954 5481 Παρρησίας
978 5414 1045 5481 se
1065 5397 1319 5466 δικαίας,
1343 5409 1450 5481 etc.
1471 5398 1533 5454 1n
1564 5399 1650 5481 bis
1670 5408 1725 5456 et
1750 5417 1978 5481 segnem

406 5469 572 5526 tibus
592 5469 820 5541 vocibus
849 5469 1022 5524 secuti
1051 5485 1242 5541 sumus
1270 5471 1512 5541 quinque
1534 5478 1747 5527 veteres
1780 5469 1972 5538 libros,

406 5554 604 5609 nempe
650 5536 782 5612 Reg.
815 5546 1109 5608 utrumque
1134 5580 1150 5603 ,
1191 5536 1362 5595 Coisl.
1413 5536 1715 5612 utrumque
1748 5549 1804 5597 et
1839 5536 1978 5597 Vati-

408 5607 627 5664 canum.
682 5607 874 5680 Plures
922 5607 1102 5680 autem
1155 5625 1320 5680 quam
1356 5626 1453 5667 sex
1494 5607 1639 5667 non'
1666 5612 1977 5666 habuimus.

412 5681 574 5754 Deest
608 5679 890 5754 enimbac
912 5678 1141 5754 epistula
1164 5678 1219 5754 in
1240 5680 1441 5754 codice
1472 5681 1802 5754 Harl.__Editi
1835 5685 1981 5754 παῤ-

414 5749 606 5827 ρησίας
639 5766 698 5802 τε
719 5748 896 5819 λόγοις
924 5749 1143 5818 χάριτος
1169 5749 1254 5801 ἐπ’
1293 5749 1599 5822 οἰκοδομήν.
1627 5748 1979 5809 ἰῐιὼθῑειὶειίῐι

2031 3249 2233 3322 ἀκριϐῆ
2283 3248 2568 3303 κοινωνίαν
2616 3246 3076 3320 συναρμοσθέντα,
3132 3245 3227 3298 καὶ
3282 3244 3621 3313 φυλάσσεται

2031 3341 2119 3395 διὰ
2141 3340 2234 3394 τοῦ
2266 3340 2562 3411 συνδέσμου
2590 3339 2691 3410 τῆς
2715 3339 2936 3411 εἰρήνης
2961 3336 3097 3408 πρὸς
3115 3337 3213 3407 τὴν
3237 3332 3622 3404 πνευματικὴν

2036 3432 2364 3503 ἁρμολογίαν
2400 3432 2629 3500 παγίως,
2657 3430 2752 3484 καὶ
2785 3428 3187 3499 φυλαχθήσεται
3217 3427 3296 3489 είς
3325 3425 3431 3489 ἀεὶ,
3460 3422 3621 3477 τοῦτο

2034 3522 2129 3577 τοῦ
2174 3522 2308 3576 Θεοῦ
2356 3520 2736 3593 χαριζομένου,
2780 3521 2969 3590 ἐδραῖα
3016 3517 3196 3588 μένειν
3227 3517 3322 3569 καὶ
3360 3510 3625 3585 ἀμετακί-

2037 3628 2174 3682 νητα
2202 3611 2300 3682 τῆς
2335 3610 2606 3681 μακαρίας
2638 3609 2849 3680 ἐκείνης
2874 3606 3051 3677 ψυχῆς
3081 3605 3153 3660 τὰ
3194 3604 3351 3675 ἔργα,
3392 3605 3497 3659 ὅσα
3533 3604 3621 3657 ἐν-

2041 3701 2244 3774 ήθλησε
2290 3705 2410 3766 ταῖς
2463 3700 2805 3773 Ἐκκλησίαις
2854 3698 2949 3753 τοῦ
3002 3697 3158 3752 Θεοῦ.
3217 3696 3363 3766 Πλὴν
3404 3695 3522 3750 ἀλλ’
3571 3695 3602 3747 6

2041 3793 2190 3862 ἀγὼν
2213 3791 2323 3863 (57)
2352 3793 2413 3846 οὐ
2455 3792 2667 3863 μικρὸς,
2718 3791 2792 3861 μή
2829 3807 2975 3852 τινες
3006 3788 3168 3843 πάλιν
3209 3786 3383 3859 ἔριδες
3413 3785 3511 3839 καὶ
3542 3784 3621 3838 δι-

2044 3884 2348 3956 χοστασίαι,
2374 3885 2467 3937 ἐπὶ
2505 3884 2603 3955 τὴν
2645 3881 2872 3953 ἐκλογὴν
2916 3880 3009 3935 τοῦ
3043 3878 3469 3953 προστατοῦντος
3494 3878 3624 3930 ἀνα-

2048 3980 2285 4048 φυεῖσαι,
2314 3978 2490 4031 πάντα
2513 3975 2648 4047 ὁμοῦ
2676 3976 2767 4029 τὸν
2801 3975 2966 4029 κόπον
3002 3976 3067 4027 ὲκ
3095 3973 3193 4044 τῆς
3218 3969 3486 4041 τυχούσης
3516 3968 3624 4040 ἔρι-

2048 4071 2138 4135 δας
2169 4070 2563 4143 ἀνατρέψωσιν.

2059 4424 2346 4480 Medii-aus
2369 4422 2493 4478 cod.
2524 4424 2611 4475 ἐπ’
2626 4421 2910 4491 οἰκοδομῇ.

2129 4495 2241 4563 (54)
2292 4496 2395 4547 Ἑν
2432 4492 2572 4563 Θεῷ.
2598 4484 3135 4563 ίοεεδιςρίίσεροείιξρ
3185 4486 3240 4563 in
3273 4484 3501 4563 duobus
3543 4499 3632 4563 ve-

2058 4554 2377 4621 tustissimis
2420 4554 2700 4617 codicibus
2762 4554 2953 4615 ϐόίδὶί
2979 4566 3033 4613 et
3085 4555 3224 4611 Med.
3273 4554 3393 4609 Non
3449 4556 3623 4608 multo

2059 4642 2184 4705 post
2220 4632 2521 4705 Medicaus
2535 4631 2634 4700 τῆς
2672 4629 2966 4705 ἐπιθυμίας
2993 4626 3487 4705 τοῦᾴάναχωρῆσαι,
3520 4639 3629 4705 quo

2062 4692 2127 4759 Eax
2177 4702 2343 4757 verbo
2384 4692 2740 4757 conﬁrmatur
2797 4692 3171 4769 interpretatio
3218 4692 3400 4766 'quam
3456 4692 3631 4750 secuti

2063 4787 2272 4829 sumus.

2134 4844 2247 4911 (55)
2290 4840 2412 4895 Τῶν
2424 4836 2815 4911 Ἑκκλῃσιῶν.
2840 4835 2956 4911 Du_o
2985 4834 3202 4891 codices
3223 4833 3375 4906 Regii
3391 4839 3447 4889 et
3467 4831 3632 4888 Coisl.

2067 4905 2342 4968 secundus
2368 4911 2478 4964 τῶν
2511 4905 3004 4978 ἐκκλησιαστικῶν.

2139 4983 2250 5053 (56)
2277 4972 2701 5053 Εὑςρροσύῇςη-ῤ.
2744 4977 2836 5031 Sic
2867 4984 3095 5053 uterque
3123 4972 3257 5045 Reg.
3310 4980 3366 5029 et
3405 4979 3636 5043 uterque

2068 5044 2247 5130 (1σὲξὲ
2274 5044 2492 5130 ηιιξὲει
2522 5044 3077 5130 ςάίξῖε,σωειρρσύνηςι

2142 5123 2255 5191 (57)
2306 5121 2482 5191 ’ᾼλλζ-
2510 5120 2555 5191 ὁ,
2599 5117 2779 5191 ἁγών,
2804 5108 3191 5191 'Sic_q_uinque
3223 5110 3464 5191 codices.
3497 5108 3639 5163 Editi

2028 5222 2037 5227 ν
2073 5183 2416 5258 ἄλλος’ἀγών.
2446 5183 2658 5245 Ibidem
2682 5186 2845 5258 πάλιν
2872 5183 3115 5258 additum
3147 5192 3213 5258 θ)
3244 5190 3481 5258 quatuor
3501 5195 3635 5258 mss.

2075 5250 2311 5331 Legitur
2342 5260 2504 5331 paulo
2554 5257 2766 5331 postin
2799 5253 3116 5331 \{atiqar_no,_
3162 5250 3334 5331 Regio
3398 5250 3641 5331 secundo

2072 5340 2129 5385 et
2152 5320 2358 5386 “Coislf
2397 5320 2641 5384 secundo
2677 5326 2772 5396 ἐπὶ
2799 5324 2898 5396 τὴν
2935 5321 3164 5396 ἐκλογὴν
3190 5320 3297 5396 ,τοῦ
3333 5320 3643 5396 μεταστάν-

2075 5417 2187 5463 τος,
2237 5401 2356 5454 lites
2401 5407 2452 5453 el
2502 5395 2780 5450 discordia:
2833 5389 2951 5464 qua
2980 5389 3353 5464 iinidefuncti'
3395 5389 3645 5464 electione

2075 5456 2274 5525 exorta
2313 5469 2542 5550 fauent.
2736 5456 2942 5519 utravis
2978 5462 3146 5550 lectio
3170 5456 3452 5550 probetur,
3510 5456 3647 5550 illlud

2079 5555 2292 5609 semper
2313 5528 2387 5596 ex
2432 5539 2517 5592 his
2544 5537 2746 5601 verbis,
2778 5548 2840 5589 ne
2864 5549 3050 5587 rursus
3085 5528 3222 5598 tite},
3251 5539 3384 5593 etc.,
3420 5528 3644 5583 conclu-

2078 5611 2384 5692 dere_|ic.et,
2414 5607 2732 5692 electionem
2781 5603 3064 5661 Athanasii
3106 5597 3504 5671 interpellatam
3531 5596 3648 5654 dio-

2078 5679 2422 5738 sensionibus
2448 5676 2649 5738 fuisse.
