3886 6220
391 355 396 362 .
426 306 540 362 {illi

1781 303 1839 360 S.
1881 303 2128 360 BASILII
2167 305 2383 362 MAGNI

3575 303 3686 358 τιιῦ

431 425 518 482 nis
547 439 738 490 causa,
763 425 848 481 vel
875 426 1374 482 commiserationis
1411 426 1465 480 in
1491 425 1820 497 [aﬂlictatos.
1848 421 1999 477 Unde

2111 423 2374 494 ἑνεκεν,ἢ
2429 419 2772 494 συμπαθείας
2815 419 2922 473 τῶν
2959 419 3309 490 θλιϐομένων.
3360 417 3517 472 Ὅθεν
3559 419 3684 472 οὐδὲ

431 531 502 571 ne
543 532 690 570 nunc
721 517 939 586 quidem
986 519 1136 587 potui
1185 519 1444 572 comitem
1490 533 1577 572 me
1620 517 1721 570 ria:
1767 516 2006 585 praebere

433 608 828 664 colendissimo
866 607 1022 663 fratri
1053 608 1308 680 Hypatio,
1341 623 1503 679 quem
1527 623 1636 662 non
1667 615 1877 662 tantum
1903 606 2004 660 ho-

433 699 587 752 noris
621 699 774 767 ιιι
809 714 976 752 causa
1015 699 1238 753 fratrem
1278 701 1552 768 appellare
1602 713 1849 768 possum,
1894 697 1990 753 sed

438 797 664 859 propter
719 791 1028 844 naturalem
1073 805 1196 860 quae
1242 790 1385 844 inter
1430 806 1534 845 nos
1571 790 1866 844 intercedit
1911 803 2004 843 ne-

433 881 821 934 cessitudinem
865 897 878 931 :
917 859 1318 951 consanguinei
1372 882 1518 937 enim
1583 897 1796 936 sumus.
1846 880 2003 946 Quali

431 972 528 1026 ille
564 971 754 1025 morbo
791 971 1022 1033 laboret,
1053 989 1230 1041 neque
1262 983 1411 1027 tuam
1445 973 1817 1042 praestantiam
1845 972 2000 1040 fugit.

433 1060 696 1116 Dolemus
731 1068 936 1125 autem,
981 1062 1128 1132 quod
1161 1065 1214 1116 in
1262 1079 1328 1118 eo
1378 1079 1505 1132 spes
1547 1063 1728 1118 omnis
1757 1064 2002 1119 abscissa

432 1152 506 1206 sit
550 1153 876 1218 levamenti,
933 1154 1374 1224 quandoquidem
1426 1155 1495 1209 iis
1547 1155 1642 1224 qui
1701 1154 2003 1210 sanationis

431 1245 574 1300 dona
622 1247 842 1311 habent,
873 1247 1010 1301 nihil
1045 1247 1098 1301 in
1125 1248 1218 1301 illo
1247 1263 1436 1302 eorum
1473 1263 1594 1316 quae
1637 1249 1836 1310 solent,
1881 1263 2004 1318 ope-

431 1338 546 1390 rari
590 1352 914 1392 concessum
943 1345 1048 1392 est.
1082 1337 1354 1404 Quocirca
1398 1354 1589 1392 rursus
1619 1353 1842 1408 precum
1878 1345 2004 1392 tua-

431 1441 553 1481 rum
597 1429 860 1482 auxilium
894 1429 1169 1498 implorat.
1209 1427 1289 1483 Tu
1321 1439 1497 1483 autem
1532 1430 1747 1484 exorari
1777 1439 1828 1483 te
1861 1431 2000 1494 sine,

432 1525 494 1570 ut
539 1533 698 1587 opem
747 1519 964 1572 solitam
997 1534 1104 1573 non
1148 1519 1402 1590 deneges,
1434 1530 1545 1573 tmn
1586 1521 1655 1574 ob
1689 1528 1838 1574 tuam
1875 1535 2003 1590 erga

427 1617 758 1680 aegrotantes
812 1611 1365 1676 commiserationcm,
1416 1621 1528 1666 tum
1583 1623 1770 1667 nostra
1810 1626 2000 1675 causa,

433 1701 526 1770 qui
553 1715 651 1770 pro
695 1716 760 1754 eo
805 1715 1133 1770 precamur:
1167 1709 1220 1756 et
1262 1705 1306 1757 si
1355 1704 1468 1758 ﬁeri
1525 1715 1742 1774 potest,
1801 1705 2002 1760 fratres

2112 515 2206 568 νῦν
2233 513 2504 585 ἠδυνήθην
2529 515 2854 578 κοινωνῆσαι
2885 511 2984 581 τῆς
3014 508 3134 563 ὁδοῦ
3166 507 3244 579 τῷ
3275 507 3687 579 αἱδεσιμιιηάτῳ

2109 606 2324 677 ἀδελφῷ
2361 605 2605 676 Ὑπατεῳ
2629 604 2760 674 (66),
2783 603 2842 655 ὃν
2882 602 2982 655 οὐκ
3005 600 3132 656 αὐτὸ
3149 599 3391 672 δήτοῦτο
3413 599 3687 670 εὐφημίας

2110 698 2295 752 ἕνεκεν
2345 697 2573 765 ἀδελφὸν
2620 695 2728 766 ἔχω
2772 692 3233 766 προσαγορεύειν,
3271 690 3410 744 ἀλλὰ
3455 690 3543 743 διὰ
3585 690 3685 760 τὴν
3727 702 3741 714 ρ

2111 789 2420 861 προσοῦσαν
2452 791 2583 859 ἡμῖν
2615 791 2680 841 ἐκ
2709 787 2923 856 φύσεως
2949 785 3284 854 οἰκειότητα·
3317 784 3546 854 αἵματος
3573 783 3686 853 γάρ
3731 855 3734 857 ἓ

2109 885 2275 955 ἐσμεν
2319 882 2414 936 τοῦ
2457 881 2643 935 αὐτοῦ.
2686 883 2782 943 Ὃς
2821 883 2979 933 ὁποῖα
3034 881 3128 949 μὲν
3179 880 3398 949 κάμνει,
3429 877 3548 930 οὐδὲ
3583 878 3684 947 τὴν

2111 974 2210 1046 σὴν
2250 971 2406 1025 ἔλαθε
2438 972 2753 1042 τιμιότητα·
2802 969 2962 1024 λυπεῖ
2993 971 3048 1024 δὲ
3082 972 3248 1041 ἡμᾶς,
3277 973 3361 1024 ὅτι
3399 971 3549 1023 πᾶσα
3575 986 3686 1022 πα-

2112 1063 2379 1135 ραμυθίας
2411 1062 2566 1125 ἐλπὶς
2591 1063 2677 1114 ἐπ’
2699 1059 2848 1132 αὐτῷ
2875 1060 3286 1132 περικέκοπται,
3316 1059 3428 1112 τῶν
3455 1057 3686 1126 ἑχόντων

2109 1156 2178 1210 τὰ
2209 1157 2307 1226 τῆς
2339 1155 2533 1218 ἱασέως
2561 1153 2877 1224 χαρίσματα
2915 1152 3066 1205 οὐδὲν
3097 1153 3186 1204 ἐπ’
3218 1149 3383 1204 αὑτοῦ
3417 1149 3524 1203 τῶν
3559 1166 3685 1202 συν-

2108 1249 2252 1320 ήθων
2285 1247 2577 1318 ἐνεργῆσαι
2605 1244 3079 1316 συγχωρηθέντων.
3128 1241 3222 1294 Διὸ
3250 1241 3411 1295 πάλιν
3443 1240 3550 1294 τῶν
3575 1239 3687 1293 σῶν

2109 1339 2430 1413 προσευχῶν
2458 1339 2557 1409 τὴν
2591 1337 2839 1408 βοήθειαν
2868 1335 3232 1390 ἐπικαλεῖται.
3256 1335 3331 1388 Σὺ
3364 1332 3424 1386 δὲ
3461 1333 3526 1386 τὰ
3560 1349 3688 1385 συν-

2109 1435 2214 1506 ήθη
2247 1432 2566 1505 προστῆναι,
2595 1429 2690 1482 καὶ
2731 1428 2818 1482 διὰ
2853 1426 2952 1499 τὴν
2997 1425 3219 1480 σεαυτοῦ
3263 1425 3394 1497 περὶ
3437 1425 3562 1486 τοὺς
3587 1423 3689 1476 κά-

2113 1540 2342 1597 μνοντας
2371 1519 2790 1590 εὑσπλαγχνίαν,
2818 1519 2910 1572 καὶ
2950 1518 3016 1572 δι’
3064 1519 3210 1588 ἡμᾶς
3245 1517 3376 1578 τοὺς
3413 1515 3554 1586 ὑπὲρ
3586 1515 3689 1568 αὖ·

2109 1615 2203 1670 τοῦ
2231 1612 2652 1686 πρεσϐεύοντας,
2677 1608 3085 1682 παρακλήθητι·
3123 1609 3236 1670 καὶ,
3269 1609 3318 1658 εἰ
3353 1607 3448 1678 μὲν
3474 1601 3586 1658 οἷόν
3606 1621 3687 1668 τε,

2110 1705 2247 1776 πρὸς
2297 1702 2489 1756 ἑαυτὸν
2548 1701 2892 1772 μεταστείλαι
2942 1700 3052 1771 (67)
3095 1699 3222 1763 τοὺς
3263 1697 3691 1763 εὐλαϐεστάτους

430 1791 880 1860 religiosissimos
912 1792 978 1846 ad
1030 1793 1375 1862 temetipsum
1405 1810 1678 1860 accersas,
1713 1805 1771 1850 ut
1806 1796 1860 1850 in
1895 1798 1999 1850 tuis

2111 1796 2212 1850 τῶν
2236 1793 2497 1863 ἀδελφῶν,
2527 1791 2667 1845 ὥστε
2694 1792 2798 1845 ὑπὸ
2820 1795 2939 1854 ταῖς
2971 1793 3091 1855 σαῖς
3121 1791 3278 1860 ὂψεσι
3313 1790 3688 1860 προσαχθῆναι

432 1881 610 1950 ipsius
639 1885 816 1938 oculis
844 1885 891 1937 ei
934 1885 1142 1939 medela
1179 1886 1470 1952 atl'eratnr;
1509 1889 1592 1941 sin
1625 1887 1728 1941 hoc
1759 1888 1873 1942 fieri
1913 1904 2006 1942 ne-

433 1974 572 2042 quit,
605 1975 755 2028 illum
790 1990 914 2029 cum
951 1977 1148 2032 litteris
1173 1979 1450 2033 dimittere
1486 1987 1542 2034 et
1568 1979 1829 2036 fratribus
1859 1982 2001 2036 ultra

428 2067 896 2123 commorantibus
924 2069 1309 2124 commendare
1334 2069 1600 2136 digneris.

919 2198 1253 2254 EPISTOLA
1291 2199 1530 2257 XXXIV.

2107 1889 2256 1960 αὑτῷ
2297 1887 2394 1958 τὴν
2435 1885 2784 1955 ἐπιμέλειαν·
2827 1889 2876 1937 εἰ
2916 1885 2974 1938 δὲ
3020 1883 3178 1936 τοῦτο
3211 1882 3503 1944 ἀδύνατον,
3552 1883 3688 1951 μετὰ

2107 1979 2448 2052 γραμμάτων
2495 1977 2656 2030 αὑτὸν
2709 1975 3068 2046 προπέμψαι,
3119 1974 3214 2026 καὶ
3265 1974 3537 2043 συστῆσαι
3578 1977 3689 2035 τοῖς

2106 2068 2414 2142 ἔμπροσθεν
2442 2067 2794 2132 καταξξωσον.

2656 2195 3004 2249 ΕΠΙΣΤΟᾹΗ
3041 2197 3167 2250 AB’.

427 2316 549 2365 Cum
575 2313 816 2383 geminius
841 2314 1051 2383 moriens
1072 2330 1162 2383 suo
1186 2315 1348 2383 omnia
1370 2316 1661 2383 pauperibus
1687 2318 1904 2383 (enasset,
1933 2318 2200 2383 eiuspoler
2222 2325 2267 2383 et
2303 2309 2714 2383 {ra_ler_qttid_quid
2735 2311 2976 2374 reliquum.
3013 2310 3104 2383 [uit
3127 2313 3187 2383 de
3211 2310 3367 2383 ipsius
3388 2311 3550 2383 bonis‘,_
3583 2323 3694 2383 qua

489 2373 702 2446 cipitata
727 2375 936 2446 fuerant,
963 2376 1012 2424 ir!
1036 2377 1195 2445 statim
1219 2377 1266 2446 in
1304 2371 1596 2446 νωθροὶ-ἱρῆς
1619 2371 1992 2446 ειςοὲἕυαηάῖδρι
2025 2371 2323 2446 debitoribus
2331 2371 2644 2446 _uhsoli_.'-endis
2657 2371 3058 2446 insumpserunt;
3085 2373 3168 2442 sed
3191 2371 3355 2446 postea
3384 2371 3692 2446 sycophanta

489 2437 1060 2505 multiproitierunt..qui
1083 2437 1333 2505 pecuniam
1353 2455 1383 2488 a
1403 2437 1456 2490 se
1485 2440 1755 2490 Cwsurium
1779 2441 2020 2502 accepisse
2044 2440 2274 2492 dicerent.
2303 2439 2442 2490 Unde
2465 2437 2752 2499 Gregorium
2785 2437 3133 2486 motcstissimis
3164 2437 3368 2498 negotiis
3391 2437 3690 2498 impacatum

491 2495 704 2546 Basilius
728 2495 1002 2560 Sophronio
1029 2495 1337 2552 coirent-attat.

911 2605 1207 2675 Sophronia
1236 2610 1510 2679 magistro.

499 2717 550 2770 1.
579 2715 860 2786 Particeps
877 2731 960 2772 est
979 2721 1240 2789 temporis
1267 2732 1319 2776 et
1353 2721 1460 2777 Deo
1482 2724 1876 2781 dilectissimus
1896 2727 2004 2781 fra-

428 2818 511 2860 ter
555 2815 747 2862 noster
797 2807 1096 2879 Gregorius
1134 2812 1446 2881 episcopus.
1485 2813 1640 2867 Dolet
1690 2817 1834 2868 enim
1875 2831 2000 2870 cum

423 2897 684 2952 omnibus
724 2906 778 2953 et
807 2899 926 2966 ipse
971 2900 1192 2968 injuriis
1241 2905 1546 2969 continuis,
1573 2906 1722 2960 velut
1752 2907 2002 2976 inexspe-

425 2991 588 3045 ctatis
636 2991 962 3060 quibusdam
1007 2994 1178 3062 plagis
1221 2997 1526 3065 perculsus.
1577 2997 1713 3053 Nam
1751 3000 2000 3056 homines

2485 2607 2800 2677 Σωφρονίῳ
2832 2608 3136 2676 μίιγίστρῳ
3172 2606 3306 2677 (68).

2181 2726 2231 2780 ί.
2267 2723 2552 2778 Ἀπολαύει
2583 2722 2676 2776 τοῦ
2712 2723 2903 2792 καιροῦ
2935 2723 3030 2776 καὶ
3057 2725 3083 2776 ὁ
3107 2723 3517 2792 θεοφιλέστατος
3531 2722 3690 2776 ἀδελ-

2108 2818 2207 2888 φὺς
2259 2816 2416 2888 ἡμῶν
2467 2815 2767 2886 Γρηγόριος
2817 2817 2846 2868 ὁ
2892 2813 3208 2876 ἐπίσκοπος.
3246 2814 3527 2868 Ὀδυνᾶται
3580 2815 3692 2887 γὰρ

2110 2909 2248 2980 μετὰ
2264 2909 2478 2960 πάντων
2504 2907 2596 2960 καὶ
2620 2907 2780 2969 αὐτὸς
2801 2907 2906 2976 ὲπη
2916 2907 3085 2975 ρείαις
3107 2905 3530 2977 ἁλλεπαλλήλοις
3552 2907 3690 2975 (69},

2105 2999 2290 3071 ὥσπερ
2320 2999 2430 3051 τισὶ
2455 2997 2686 3068 πληγαῖς
2720 2999 3147 3069 ἀπροσδοκήτοις
3176 2998 3535 3068 τυπτόμενος.
3563 2999 3695 3051 "Av-

430 3079 600 3134 Deum
635 3097 745 3135 non
780 3083 1058 3146 timentes,
1087 3086 1323 3142 fortasse
1353 3091 1517 3142 etiam
1544 3099 1598 3146 et
1626 3095 1999 3162 magnitudine

2111 3091 2314 3162 θρωποι
2343 3090 2450 3160 γὰρ
2479 3089 2552 3160 μὴ
2595 3089 2920 3159 φοϐούμενοι
2965 3089 3054 3140 τὸν
3100 3088 3265 3151 Θεὸν,
3287 3089 3429 3158 τάχα
3462 3106 3565 3143 που
3596 3089 3694 3142 καὶ

417 3173 697 3252 _malorum
725 3175 922 3238 coacti,
949 3177 1256 3232 calumnias
1285 3179 1360 3233 illi
1392 3180 1633 3236 inferunt
1665 3199 1730 3237 eo
1757 3187 1998 3252 nomine,

427 3262 574 3328 quod
623 3261 894 3317 Caesarius
942 3265 1202 3333 pecunias
1249 3267 1318 3320 ab
1366 3268 1498 3336 ipsis
1541 3273 1832 3342 acceperit.
1891 3273 2001 3329 Nec

429 3350 686 3406 damnum
721 3355 1008 3408 molestum
1041 3364 1160 3423 est;
1196 3355 1400 3412 dudum
1441 3359 1586 3414 enim
1617 3362 1808 3417 didicit
1837 3380 2003 3433 pecu-

426 3443 550 3495 nias
599 3452 978 3510 contemnere;
1023 3448 1115 3501 setl
1151 3449 1276 3518 quia
1331 3465 1453 3503 cum
1489 3453 1738 3522 exiguam
1777 3457 2002 3510 omnino

426 3543 636 3604 partem
695 3539 1010 3606 acceperint
1065 3540 1212 3594 illius
1261 3541 1552 3605 bonorum,
1606 3559 1672 3598 eo
1722 3546 1866 3614 quod
1913 3561 2002 3603 res

411 3624 604 3692 ipsius
639 3640 802 3694 penes
851 3644 1042 3683 servos
1089 3641 1274 3686 essent
1318 3647 1382 3686 ac
1411 3633 1659 3688 homines
1703 3637 1876 3691 servis
1917 3639 2003 3692 ni-

425 3713 541 3769 hilo
572 3715 752 3770 indole
805 3720 1076 3784 meliores,
1131 3723 1244 3792 qui,
1280 3723 1557 3778 liberrime
1609 3728 2001 3796 pretiosissima

427 3820 656 3875 que-eque
713 3811 919 3878 partiti,
973 3815 1306 3880 paucissima
1351 3819 1574 3870 omnino
1627 3819 1708 3872 eis
1755 3836 1999 3875 reserva-

427 3904 592 3962 runt;
621 3897 736 3952 haec
763 3899 840 3953 illi
870 3901 1252 3957 existimantes
1295 3905 1431 3958 nulli
1461 3907 1695 3960 obnoxia
1727 3923 1849 3963 esse
1881 3925 2001 3964 cre-

426 3987 610 4051 ditori,
658 4005 780 4044 mox
831 3991 883 4045 in
929 4007 1132 4062 egenos
1169 3995 1534 4066 insumpsere,
1577 4005 1688 4051 tum
1727 3999 1800 4053 ob
1843 4016 1998 4055 suam

425 4079 668 4150 ipsorum
716 4087 1160 4153 propensionem,
1218 4096 1332 4142 tum
1380 4090 1450 4143 ob
1493 4089 1735 4145 defuncti
1782 4108 1994 4149 vocem.

423 4166 620 4226 Fertur
648 4175 792 4227 enim
821 4177 1028 4232 dixisse
1058 4181 1296 4234 moriens
1327 4201 1338 4236 :
1377 4181 1500 4236 Mea
1527 4185 1704 4236 omnia
1747 4185 1860 4239 volo
1887 4203 2000 4240 esse

419 4257 735 4330 pauperum.
779 4265 964 4335 Itaque
991 4279 1048 4322 ut
1083 4271 1193 4323 dati
1234 4287 1264 4325 a
1294 4273 1531 4328 Cazsario
1558 4275 1800 4328 mandati
1838 4277 1999 4330 mini-

423 4353 548 4416 stri,
597 4357 782 4409 statim
843 4359 956 4412 haec
1006 4361 1400 4428 dispensarunt
1451 4366 1676 4420 utiliter.
1737 4365 1801 4419 Et
1848 4383 1995 4422 nunc

495 4514 512 4534 ‘
550 4513 701 4568 Alias
731 4513 1012 4589 LXXXIV,
1048 4519 1250 4589 scripta
1288 4537 1432 4575 anno
1474 4521 1599 4577 369.

421 4591 763 4663 convertant.
788 4584 925 4663 limo
962 4589 1016 4640 in
1049 4584 1268 4663 Regillis
1299 4590 1618 4654 fusioribus,
1650 4591 1914 4663 Interrog.
1938 4594 1994 4659 9,

419 4663 476 4707 et
527 4653 580 4706 in
628 4652 858 4776 elpistola
910 4652 1160 4726 proxime
1211 4663 1458 4730 sequenti
1515 4652 1814 4732 οἰκονομεῖν
1854 4652 1996 4720 bona

420 4737 645 4776 naunert
689 4741 772 4776 us.

419 4737 772 4792 pauperibus.

492 4791 604 4862 (66)
655 4793 929 4858 Ὑπατίῳ.
969 4795 1060 4848 Sic
1091 4797 1241 4850 citati
1273 4815 1300 4852 a
1334 4799 1662 4854 Combeﬁsio
1690 4803 1908 4857 codices
1943 4812 1998 4859 et

421 4861 1014 4940 ﬂarl._’et_alii_plures.
1047 4867 1187 4940 Edili
1233 4869 1497 4940 Ὑπαθίῳ.
1525 4869 1696 4924 Paulo
1718 4885 1833 4940 post
1865 4875 1999 4930 editi

417 4932 512 5009 διά
539 4933 636 5009 τὴν
668 4935 930 5009 ὑποῦσαν.
961 4938 1346 5009 Antiquissimi
1391 4932 1608 4995 codices
1626 4932 1798 5009 Harl.,
1826 4943 1992 5001 Med...

417 5003 584 5056 Coisl.
617 5013 670 5057 et
695 5005 787 5058 alii
816 5008 1064 5059 nonnulli
1098 5003 1157 5060 ut
1201 5009 1253 5061 in
1293 5017 1463 5062 textu.

487 5072 600 5153 ((37)
632 5075 1045 5153 Μετᾳστεῖλαι.
1073 5075 1127 5130 ln
1174 5077 1274 5153 hac
1303 5095 1436 5153 voce
1465 5087 1518 5133 et
1547 5079 1650 5134 alia
1685 5098 1805 5152 quae
1833 5085 1998 5153 paulo

416 5150 540 5218 post
563 5147 838 5210 occurrit,
874 5161 1067 5218 nempe
1099 5148 1440 5218 προπέμψαι,
1495 5167 1603 5204 non
1646 5147 1998 5208 consentiunt

416 5213 648 5290 codices
683 5213 1018 5290 mss.,_aliis'
1058 5213 1346 5290 accentum
1387 5220 1439 5272 in
1501 5224 1819 5289 penultima,
1873 5225 1998 5278 aliis

414 5285 502 5358 in_
529 5285 1062 5358 antepenult‘ima,iut
1101 5289 1154 5340 in
1202 5285 1524 5356 imperativo
1569 5307 1666 5358 par
1727 5303 1812 5346 est
1858 5293 1996 5356 ﬁeri,

416 5351 762 5426 habentibus.
823 5353 929 5408 Sed
991 5351 1309 5426 imperativo
1361 5360 1436 5412 uti
1496 5351 1676 5416 minus
1731 5351 1999 5418 familiare

412 5418 622 5500 Basilii,
645 5418 1089 5503 cumpraesertini
1108 5427 1397 5503 Eusebium
1413 5431 1802 5500 alloqueretur,
1824 5449 1984 5503 quem

414 5494 471 5542 in
493 5494 737 5557 parentis
771 5494 892 5547 loco
923 5499 1294 5550 revertebatur.

485 5558 596 5628 (68)
615 5564 1282 5636 _£w_5:porlm_;t_ayiorptp.
1320 5567 1537 5623 Addunt
1565 5569 1768 5636 Regius
1799 5587 1994 5627 secun-

413 5629 518 5710 dus
537 5637 590 5683 et
610 5629 919 5712 Yatic’anus;
937 5629 1024 5712 διά
1052 5629 1364 5712 Τρηγᾶριον
1384 5629 1725 5712 ἐπίσκοπον,
1759 5641 1998 5712 Gregorii

410 5702 639 5768 episcopi
682 5717 865 5756 causa.
905 5702 1060 5758 lnitio
1100 5702 1343 5775 ep’iStolre
1381 5711 1582 5766 habent
1611 5702 1801 5769 omnes
1844 5702 1998 5769 c'odi-

2108 3183 2212 3236 ὑπὸ
2246 3181 2338 3235 τοῦ
2381 3182 2644 3253 μεγέθους
2683 3181 2792 3233 τῶν
2837 3180 3020 3233 κακῶν
3075 3180 3408 3251 βιαζόμενοι,
3454 3181 3694 3252 ἐπηρεά-

2108 3257 2293 3338 ζουσιν
2336 3273 2504 3344 αὐτῷ,
2557 3273 2634 3337 ὡς
2675 3275 2929 3344 χρήματα
2981 3273 3284 3344 Καισαρίου
3336 3275 3468 3344 παρ’
3511 3273 3692 3326 αὐτῶν

2109 3369 2407 3438 εἰληφότος.
2443 3367 2554 3420 Καὶ
2589 3369 2651 3420 οὐ
2684 3367 2744 3419 τὸ
2779 3367 2878 3435 τῆς
2921 3364 3122 3436 ζημίας
3167 3365 3302 3437 βαρύ
3327 3383 3340 3395 ·
3377 3366 3541 3419 πάλαι
3581 3365 3694 3438 γὰρ

2108 3459 2278 3531 ἔμαθε
2321 3459 2616 3531 χρημάτων
2655 3459 2960 3528 ὑπερορᾷν·
3007 3457 3244 3520 ἀλλ’ὅτι,
3291 3457 3465 3527 μικρὰ
3497 3474 3695 3511 παντε-

2107 3549 2214 3613 λῶς
2235 3549 2517 3619 δεξάμενοι
2543 3549 2648 3601 τῶν
2675 3548 2906 3611 ἐκείνου,
2937 3547 3026 3600 διὰ
3049 3548 3111 3600 τὸ
3138 3547 3228 3598 ἐπὶ
3254 3547 3498 3612 οἰκέταις
3525 3546 3693 3600 αὐτοῦ

2106 3641 2354 3710 γενέσθαι
2383 3641 2472 3694 τὸν
2501 3640 2614 3710 βίον
2641 3640 2736 3692 καὶ
2767 3638 3077 3710 ἀνθρώποις
3103 3638 3252 3692 οὐδὲν
3277 3639 3504 3691 οἰκετῶν
3541 3640 3694 3710 αἱρε-

2104 3733 2362 3804 τωτέροις
2388 3734 2478 3786 τὸν
2531 3733 2762 3804 τρόπον,
2815 3733 2863 3783 οἱ
2926 3730 3066 3784 κατὰ
3122 3729 3323 3801 πολλὴν
3377 3731 3564 3784 ἄδειαν
3623 3732 3694 3785 τὰ

2106 3826 2358 3878 πλείστου
2414 3825 2537 3892 ἄξια
2591 3823 3036 3893 διανειμάμενοι,
3109 3823 3367 3891 ἐλάχιστα
3414 3821 3694 3886 παντελῶς

2106 3916 2396 3970 ἀπέσωσαν
2439 3915 2678 3976 τούτοις·
2711 3912 2748 3966 ἃ
2775 3911 3084 3982 νομίζοντες
3117 3912 3228 3982 (70)
3249 3911 3438 3982 μηδενὶ
3466 3913 3686 3964 ὑποκεῖ-

2105 4006 2248 4070 σθαι,
2280 4007 2442 4071 εὐθὺς
2473 4007 2754 4060 ἀνάλωσαν
2805 4009 2884 4069 εἰς
2936 4008 3062 4068 τοὺς
3107 4004 3416 4074 δεομένους,
3457 4005 3552 4058 καὶ
3591 4003 3685 4057 διὰ

2101 4098 2200 4169 τὴν
2225 4096 2430 4150 ἑαυτῶν
2455 4097 2790 4169 προαίρεσιν,
2822 4096 2914 4149 καὶ
2954 4095 3042 4148 διὰ
3074 4095 3169 4165 τὴν
3208 4096 3389 4165 φωνὴν
3424 4095 3520 4148 τοῦ
3563 4111 3692 4148 κατ-

2101 4188 2404 4259 οιχομένου.
2445 4183 2676 4256 Λέγεται
2723 4189 2830 4259 γὰρ
2872 4186 3028 4240 τοῦτο
3066 4189 3238 4239 εἰπεῖν
3283 4187 3685 4258 ἀποθνήσκων,

2102 4277 2184 4330 ὅτι
2238 4277 2312 4330 Τὰ
2357 4278 2468 4346 ἐμὰ
2491 4277 2686 4330 πάντα
2718 4279 3017 4346 βούλομαι
3059 4277 3335 4346 γενέσθαι
3363 4277 3480 4330 τῶν
3517 4293 3691 4330 πτω-

2101 4367 2246 4438 χῶν.
2275 4369 2360 4430 Ὡς
2383 4365 2474 4422 οὖν
2491 4369 2725 4422 διάκονοι
2741 4371 2840 4440 τῆς
2867 4369 3084 4439 ἐντολῆς
3107 4367 3200 4421 τοῦ
3231 4367 3526 4439 Καισαρίου
3545 4368 3686 4437 (7-1),

2028 4527 2072 4582 D
2099 4541 2193 4580 ces
2229 4529 2258 4579 ὁ
2281 4527 2600 4592 ἐπίσκοπος.
2638 4527 2938 4582 Habuimus
2975 4535 3159 4579 autem
3213 4536 3419 4594 septem
3453 4527 3505 4580 in
3541 4527 3688 4582 hanc

2099 4597 2411 4666 epistolam,
2443 4614 2639 4666 nempe
2662 4597 2832 4658 llarl.,
2859 4598 3020 4658 Med.,
3041 4597 3366 4656 Vat.,Coisl.
3387 4605 3688 4666 utrumque

2099 4675 2151 4721 et
2175 4665 2404 4738 Regium
2428 4665 2751 4738 utrumque.
2787 4669 2878 4722 Sic
2921 4670 3084 4721 etiam
3118 4667 3247 4720 editi
3298 4674 3496 4736 praeter
3550 4665 3689 4720 arti-

2099 4737 2305 4790 culum.
2337 4736 2444 4790 Sed
2474 4739 2576 4792 etsi
2625 4736 2819 4807 magna
2863 4738 3112 4791 codicum
3157 4751 3292 4791 mss.
3345 4739 3686 4807 auctoritas.

2098 4814 2367 4876 quantutn
2401 4815 2584 4861 tamen
2610 4806 2852 4861 illishoc
2878 4809 2998 4862 loco
3037 4807 3384 4862 tribuendum
3415 4806 3510 4873 sit,
3547 4823 3686 4864 exa-

2099 4877 2435 4930 minabimus
2459 4877 2513 4930 in
2551 4877 2670 4930 Vita
2692 4877 2903 4932 Basilii.

2169 4947 2280 5014 (69)
2333 4946 2870 5017 Ἀλλεπαλλήλοις.
2923 4945 3054 5017 Reg.
3110 4945 3390 5002 secundus
3417 4955 3472 5002 et
3507 4946 3684 5005 Coisl.

2098 5017 2370 5069 recentior
2405 5016 2746 5086 ἐπαλλήλοις.

2173 5086 2284 5155 (70)
2327 5087 2581 5150 Τούτοις,
2600 5085 2646 5140 id
2675 5086 3037 5155 νομίζοντες.
3067 5086 3167 5142 His
3197 5086 3254 5140 in
3284 5087 3470 5141 verbis
3510 5094 3566 5141 et
3593 5102 3688 5143 se-

2100 5156 2394 5226 quentibus
2439 5171 2612 5224 usque
2655 5156 2720 5227 ad
2771 5158 2897 5218 ista,
2945 5159 3038 5211 καὶ
3071 5157 3166 5212 νῦν
3199 5157 3552 5227 περιέστηκε,
3584 5173 3683 5212 co-

2101 5227 2254 5280 dices
2277 5241 2467 5280 omnes
2496 5241 2644 5296 mss.
2665 5226 2867 5280 habent
2897 5229 3162 5296 pluralem
3189 5226 3504 5282 numerum.
3533 5227 3683 5282 Editi

2102 5309 2289 5349 secum
2329 5303 2592 5363 pugnant,
2618 5295 2746 5349 dum
2771 5295 3033 5365 pluralem
3057 5313 3346 5365 numerum
3369 5306 3684 5364 sequuntur

2103 5365 2159 5438 in
2201 5365 2287 5420 bis
2318 5367 2567 5438 vocibus,
2610 5364 3039 5438 διανειμάμενοι,
3079 5364 3165 5420 διὰ
3187 5365 3286 5436 τὴν
3312 5367 3683 5438 ἑαυτῶνίπρο-

2103 5435 2336 5508 αἰρεσιν,
2385 5436 2716 5508 singularem
2747 5435 2882 5508 νει-ο
2923 5439 2976 5490 in
3005 5437 3126 5493 istis
3173 5435 3367 5508 τοῦτῳ,
3416 5435 3682 5507 νομίζων,

2102 5505 2400 5566 ἀνάλωσεν,
2435 5505 2699 5570 διάκονος,
2731 5505 3069 5575 ᾠκονόμησε.

2175 5557 2288 5644 (7t)
2341 5557 2454 5646 7:56
2473 5557 3154 5646 nam;eam
3200 5593 3292 5631 se:
3331 5578 3551 5633 codices
3581 5575 3684 5630 ha-

2105 5645 2268 5699 beant
2296 5645 2389 5698 τοῦ
2417 5647 2646 5719 Κυρίου,
2684 5645 2834 5719 llarl.
2881 5647 2974 5700 τοῦ
3009 5648 3274 5719 Χριστοῦ,
3303 5649 3452 5701 nolui
3493 5655 3682 5719 tamen

2107 5722 2320 5770 mutare
2351 5716 2624 5789 vulgatam
2659 5717 3010 5788 scripturam.
3042 5717 3161 5774 Non
3191 5717 3336 5772 enim
3375 5719 3463 5774 hic
3499 5717 3684 5788 agitur
