3886 6220
450 316 557 372 3‘23

1754 316 1811 371 S.
1854 314 2094 371 BASILII
2135 315 2350 369 MAGNI

3616 322 3721 376 εει

450 430 575 486 loco
610 446 673 485 ac
700 433 965 502 meipsum
1013 433 1204 499 habeo,
1240 434 1370 489 totis
1399 434 1610 488 viribus
1652 447 1903 487 recreare
1931 448 2014 487 co-

2131 431 2365 504 ὲμαυτοῦ
2384 431 2493 502 ι95)
2520 432 2648 502 ἔχω,
2685 432 2995 486 ἀναπαῦσαι
3020 434 3165 506 πάσῃ
3191 433 3415 506 δυνάμει
3441 441 3718 508 προαιρῇ.

452 524 624 577 neris.
673 524 815 590 Quid
859 524 1026 594 igitur
1054 532 1137 579 est
1180 526 1324 594 quod
1351 525 1519 595 rego?
1551 526 1619 580 Ut
1644 524 1694 579 ei
1729 525 2025 594 descriptio

452 614 676 683 antiqua
723 625 993 670 servetur.
1049 614 1337 669 Enimvero
1391 630 1500 668 non
1552 631 1744 684 parum
1793 615 2023 677 laborat,

450 706 587 759 mihi
623 706 688 760 ad
727 707 931 760 victum
988 707 1330 770 ministrans,
1363 722 1428 761 eo
1476 707 1623 776 quod
1658 722 1778 777 ego,
1806 714 1863 761 ιιι
1909 708 2026 776 ipse

452 798 584 860 scis,
616 798 749 851 nihil
778 798 1055 867 proprium
1084 798 1336 864 habeam,
1373 797 1465 852 sed
1494 799 1792 853 amicorum
1817 806 1872 852 et
1899 813 2027 868 pro-

450 889 783 959 pinquorum
850 890 1016 944 rebus
1070 897 1367 944 sustentur.
1433 889 1621 958 Itaque
1683 889 1909 959 perinde
1965 900 2025 943 ut
2066 900 2083 915 ’

450 996 649 1044 meam,
681 981 792 1033 imo
819 988 880 1033 ut
921 988 1069 1033 tuam
1100 980 1241 1035 habe
1271 980 1434 1051 hujus
1470 980 1657 1035 fratris
1689 981 1930 1045 domum,
1970 990 2025 1036 et

449 1084 552 1137 pro
575 1069 775 1122 collato
805 1069 858 1121 in
890 1083 1014 1122 eum
1049 1069 1318 1123 beneﬁcio
1347 1070 1609 1139 pra‘bebit
1641 1069 1783 1124 Deus
1821 1076 1876 1125 et
1899 1070 2019 1133 tibi,

448 1168 502 1212 et
530 1158 735 1221 domui,
776 1166 830 1213 et
860 1158 960 1213 toti
988 1167 1081 1213 tuo
1110 1160 1291 1230 generi
1315 1176 1471 1230 opem
1499 1170 1837 1217 consuetam.
1867 1162 2022 1217 Scias

450 1260 631 1307 autem
663 1252 795 1305 mihi
827 1267 1057 1321 prorsus
1091 1269 1237 1307 curae
1259 1269 1401 1317 esse,
1438 1263 1495 1308 ut
1522 1270 1587 1308 ex
1619 1255 2021 1325 peraequatione

448 1343 597 1397 nulla
628 1343 759 1397 huic
791 1344 909 1397 viro
936 1344 1137 1413 injuria
1170 1344 1455 1399 inferatur.

872 1608 1251 1680 ,EPISTOLA
1288 1608 1574 1663 xxxvux

2130 525 2196 577 Τί
2225 520 2318 577 οὖν
2366 525 2514 577 ἐστιν
2564 524 2593 576 ὃ
2641 524 2982 595 παρακαλῶ;
3023 526 3365 598 Φυλαχθῆναι
3411 527 3580 597 αὐτῷ
3625 529 3721 597 τὴν

2127 612 2364 667 παλαιὰν
2419 613 2765 684 ἀπογραφήν.
2813 614 2924 667 Καὶ
2960 613 3069 684 γὰρ
3117 617 3211 668 καὶ
3263 617 3466 685 κάμνει
3523 618 3590 671 οὐ
3629 635 3723 687 με-

2127 704 2293 775 τρίως
2336 705 2467 773 ἡμῖν
2501 701 2786 773 ὑπηρετῶν
2833 702 2969 773 πρὸς
3007 702 3098 755 τὸν
3139 702 3252 772 βίον
3277 744 3292 767 ,
3320 704 3410 756 διὰ
3439 704 3514 756 τὸ
3549 705 3720 775 ἡμᾶς.

2128 795 2202 857 ὡς
2249 793 2410 856 αὑτὸς
2449 793 2773 856 ἐπίστασαι,
2819 792 2983 863 μηδὲν
3032 793 3330 863 κεκτῆσθαι
3372 795 3547 857 ἴδιον,
3587 796 3721 848 ά).λά

2124 888 2240 949 τοῖς
2284 884 2392 937 τῶν
2441 884 2608 952 φίλων
2647 885 2741 937 καὶ
2785 884 3059 953 συγγενῶν
3101 884 3389 955 ἀρκεῖσθαι
3419 886 3574 955 (9-5).
3634 887 3722 949 Ὠς

2127 974 2219 1032 οὖν
2249 978 2381 1048 ἐμὸν
2416 974 2563 1031 οἷκον
2588 1017 2603 1039 ,
2641 976 2839 1047 μᾶλλον
2866 977 2922 1029 δὲ
2959 977 3033 1041 ὼς
3070 976 3294 1041 ἑαυτοῦ,
3327 976 3479 1030 οὕτω
3520 976 3700 1030 Οέασα

2127 1070 2217 1122 τὸν
2265 1068 2360 1121 τοῦ
2392 1067 2619 1137 ἀδελφοῦ
2662 1068 2813 1121 τοῦδε
2841 1085 2852 1097 ·
2889 1070 2983 1121 καὶ
3026 1069 3146 1122 ἀντὶ
3172 1068 3270 1136 τῆς
3304 1070 3385 1131 εἰς
3407 1069 3587 1122 αὑτὸν
3631 1069 3720 1120 εὐ-

2128 1160 2309 1225 ποιίας
2364 1160 2589 1231 παρέξει
2631 1159 2763 1223 Θεὸς
2801 1160 2895 1212 καὶ
2926 1159 3038 1223 σοὶ,
3089 1159 3184 1213 καὶ
3233 1159 3395 1231 οἴκῳ,
3429 1157 3536 1213 καὶ
3570 1158 3718 1225 γένει

2128 1253 2293 1306 παντί
2325 1269 2417 1305 σου
2449 1252 2549 1322 τὴν
2573 1251 2777 1321 συνήθη
2810 1250 3060 1322 βοήθειαν
3088 1250 3221 1322 (95).
3248 1251 3497 1303 Γίνωσκε
3528 1249 3589 1303 δέ
3628 1266 3716 1317 μοι

2127 1341 2269 1396 πάνυ
2300 1343 2556 1414 ἐπιμελὲς
2586 1337 2760 1408 εἶναι,
2797 1342 2961 1411 μηδὲν
3003 1344 3067 1395 ἐκ
3103 1346 3203 1414 τῆς
3249 1341 3567 1408 ἐξισῶσεως
3619 1343 3715 1393 ἑπ-

2128 1433 2461 1505 ηρεασθῆναι
2491 1434 2583 1487 τὸν
2628 1433 2933 1505 ἄνθρωπον.
2980 1452 2985 1457 ·

2656 1609 3002 1664 ΕΠΙΣΤΟΛΗ
3030 1611 3149 1664 ΛΖ’.

1386 1762 1760 1813 Commendatur
1787 1759 1917 1812 idem
1940 1762 2204 1827 oresbyter,
2227 1764 2489 1828 eademque
2506 1766 2567 1817 de
2586 1780 2751 1819 causa.

520 1890 648 1946 Sine
673 1891 1034 1960 inscriptione,
1063 1906 1227 1945 causa
1249 1891 1407 1963 illius
1441 1893 1532 1963 qui
1558 1908 1732 1947 rerum
1771 1891 1946 1961 fuerat
2041 1896 2088 1955 Β

1086 1961 1367 2016 enutritus.

518 2092 839 2163 Suspectam
865 2093 977 2163 jam
1011 2093 1184 2148 habeo
1208 2094 1562 2164 epistolarum
1594 2096 2012 2151 multitudinem.

442 2184 523 2240 Ac
549 2188 898 2240 vehementer
927 2185 1168 2252 quidem,
1216 2201 1319 2240 nec
1354 2188 1653 2257 petentium
1690 2188 2019 2258 importuni-

445 2285 607 2332 tatem
651 2276 855 2340 ferens,
894 2279 1132 2332 clamare
1182 2293 1368 2349 cogor.
1419 2278 1525 2334 Sed
1574 2290 1756 2334 tamen
1812 2279 2014 2346 scribo,

442 2383 569 2422 cum
603 2369 764 2422 aliam
795 2370 900 2422 mei
932 2369 1253 2439 expediendi
1281 2370 1425 2423 viam
1462 2370 1706 2425 invenire
1744 2386 1853 2424 non
1892 2385 2019 2439 pos-

442 2460 568 2522 sim,
596 2475 758 2528 quam
789 2461 835 2513 si
865 2460 987 2514 dem
1017 2460 1125 2514 illis
1154 2460 1363 2514 litteras
1392 2460 1764 2530 ﬂagitantibus
1785 2461 2018 2516 subinde

441 2565 472 2602 a
501 2551 679 2605 nobis.
714 2548 921 2604 Vereor
947 2551 1131 2619 itaque
1159 2566 1247 2613 ne,
1284 2552 1412 2621 quia
1454 2552 1611 2605 multi
1640 2552 1852 2607 litteras
1889 2567 2015 2622 per-

441 2640 645 2701 ferunt,
679 2655 823 2694 unus
845 2655 875 2693 e
906 2641 1095 2695 multis
1133 2641 1476 2709 existimetur
1502 2650 1555 2696 et
1585 2642 1754 2697 frater
1779 2643 1888 2697 ille.
1906 2641 2016 2713 Ego

440 2733 584 2786 enim
615 2732 815 2785 multos
833 2731 966 2785 mihi
999 2733 1052 2786 in
1081 2734 1255 2802 patria
1278 2733 1487 2787 amicos
1517 2748 1580 2786 ac
1603 2742 1864 2803 cognatos
1893 2748 2017 2789 esse

441 2823 636 2886 fateor,
668 2838 862 2891 meque
902 2823 1143 2892 parentis
1181 2824 1302 2877 loco
1331 2826 1688 2878 constitutum
1721 2840 1845 2879 esse
1889 2840 2017 2894 pro-

438 2927 560 2985 pter
592 2915 913 2985 dignitatem
946 2916 1115 2980 illam,
1142 2915 1199 2969 in
1221 2931 1328 2985 qua
1370 2932 1490 2970 sum
1536 2932 1564 2969 a
1594 2916 1821 2971 Domino
1848 2917 2017 2971 collo-

438 3018 615 3062 catus.
673 3008 831 3061 Ilunc
879 3016 1058 3061 autem
1099 3008 1499 3062 collactaneum
1550 3008 1727 3063 habeo
1782 3008 2014 3063 nutricis

438 3113 573 3151 meae
606 3092 773 3150 unum
818 3097 1012 3159 lilium,
1042 3104 1097 3150 et
1120 3111 1334 3166 precor,
1376 3104 1434 3150 ut
1477 3094 1692 3159 domus,
1724 3095 1777 3149 in
1800 3111 1907 3165 qua
1938 3094 2016 3148 fui

436 3190 729 3254 enutritus,
767 3189 822 3242 in
853 3189 1042 3242 eodem
1079 3197 1223 3242 statu
1256 3195 1611 3258 permaneat;
1664 3202 1733 3241 ne
1771 3188 2012 3241 beneﬁca

437 3284 491 3337 in
525 3299 716 3337 omnes
752 3282 908 3352 115
938 3282 1222 3352 dignitatis
1259 3289 1366 3336 tua:
1399 3281 1711 3350 praesentia,
1742 3280 1871 3334 huic
1894 3281 2013 3335 viro

435 3388 604 3428 causa
637 3375 707 3428 sit
734 3381 789 3427 et
824 3372 980 3441 origo
1004 3370 1284 3425 molestiae.
1333 3370 1437 3425 Sed
1465 3371 1595 3441 quia
1622 3371 1919 3424 etiamnum
1943 3387 2009 3425 ex

435 3465 623 3520 eadem
657 3465 817 3520 domo
851 3466 987 3529 alor,
1029 3463 1165 3516 nihil
1208 3462 1416 3517 habens
1449 3477 1715 3528 meorum,
1761 3462 1854 3515 sed
1880 3461 2012 3516 cha-

433 3570 623 3609 rorum
679 3561 1021 3609 sustentatus
1078 3552 1466 3618 facultatibus;
1519 3567 1710 3622 precor
1764 3558 1822 3605 ut
1882 3552 2011 3607 huic

434 3646 618 3710 domo,
652 3647 708 3699 in
746 3660 853 3716 qua
882 3644 1128 3699 nutritus
1150 3659 1293 3707 sum,
1328 3645 1402 3696 ita
1436 3658 1652 3712 parcas,
1677 3654 1735 3697 ut
1758 3643 1888 3697 mihi
1912 3644 2012 3699 ali-

434 3738 604 3793 menti
625 3738 838 3807 copiam
860 3745 1307 3791 conservaturus.
1337 3733 1444 3788 Pro
1471 3735 1556 3788 his
1573 3742 1626 3788 te
1648 3733 1791 3789 Deus
1806 3744 2009 3791 aeterna

430 3832 620 3901 requie
648 3837 977 3885 remuneret.
1014 3828 1190 3897 Atque
1216 3827 1348 3881 illud
1379 3828 1566 3894 etiam,
1596 3827 1741 3896 quod
1764 3828 2007 3881 omnium

431 3920 781 3976 verissimum
815 3925 920 3982 est,
953 3917 1204 3988 dignitati
1234 3924 1340 3970 tua:
1370 3922 1559 3970 notum
1582 3930 1705 3969 esse
1724 3915 1867 3982 volo,
1893 3930 2009 3971 ser-

432 4014 687 4085 vitiorum
723 4018 934 4081 partem
967 4009 1263 4063 maximam
1290 4008 1444 4063 illum
1485 4021 1515 4060 a
1542 4006 1700 4061 nobis
1725 4006 2005 4071 habuisse,

429 4107 573 4159 hanc
613 4103 920 4158 mercedem
963 4101 1345 4175 alimentorum
1394 4114 1640 4154 meorum
1690 4100 2009 4169 parentibus

430 4196 570 4250 meis
613 4192 1109 4263 suppeditantibus.
1160 4190 1370 4246 Merces
1402 4199 1582 4244 autem
1624 4190 1714 4242 illa
1770 4205 1881 4243 non
1924 4200 2010 4245 est

430 4287 658 4342 omnino
680 4269 908 4348 donum,
936 4284 1028 4338 sed
1061 4298 1195 4338 usus
1232 4298 1329 4352 per
1364 4283 1552 4335 vitam.
1591 4282 1773 4347 Quare
1801 4282 1847 4334 si
1875 4283 2008 4353 quid

429 4390 594 4450 grave
624 4377 733 4432 illis
762 4375 1043 4439 acciderit,
1070 4375 1195 4429 licet
1225 4373 1275 4429 ei
1305 4374 1395 4427 illa
1426 4372 1491 4427 ad
1519 4387 1606 4427 me
1630 4373 1928 4440 remittere,
1953 4381 2007 4428 et

2384 1898 2849 1969 Ἀγεπίῃοαερος,
2891 1901 3044 1969 ὑπὲρ
3084 1900 3454 1967 συντρόφου.

2205 2095 2522 2169 ’Υφορῶμαι
2583 2097 2765 2150 λοιπὸν
2823 2097 2933 2151 τῶν
3000 2097 3298 2150 ἐπιστολῶν
3348 2097 3411 2150 τὸ
3471 2098 3704 2166 πλῆθος.

2123 2188 2321 2252 Βιαίως
2360 2190 2460 2259 μὲν
2480 2229 2493 2254 ,
2523 2190 2616 2243 καὶ
2650 2190 2724 2260 μὴ
2748 2190 2927 2263 φέρων
2953 2190 3053 2262 τὴν
3085 2189 3386 2261 ὲπάχΘειαν
3405 2189 3522 2242 τῶν
3543 2190 3709 2242 ἀπαι-

2122 2279 2357 2334 τούντων
2403 2283 2552 2352 ἡμᾶς
2577 2322 2591 2343 ,
2647 2284 2910 2350 ὲκφωνείν
2956 2281 3354 2354 ἀναγκάζομαι.
3401 2281 3617 2354 Γράφω
3664 2281 3703 2333 δ’

2122 2368 2215 2424 οὖν
2263 2373 2445 2443 ὅμως,
2496 2373 2652 2427 ἄλλον
2702 2374 3019 2444 ἀπαλλαγῆς
3062 2373 3261 2445 τρόπον
3306 2374 3553 2427 ἐπινοεῖν
3607 2373 3705 2425 οὐκ

2123 2462 2260 2534 ἔχων
2300 2464 2333 2535 ἢ
2368 2464 2541 2530 διδοὺς
2585 2467 2768 2530 αὐτοῖς
2799 2466 2897 2530 τὰς
2943 2465 3230 2530 ἐπιστολὰς
3281 2465 3532 2519 αἰτοῦσιν
3579 2463 3704 2518 ἐκά-

2124 2573 2273 2609 στοτε
2307 2558 2438 2628 παρ’
2479 2557 2655 2627 ἡμῶν.
2694 2556 2970 2628 Φοϐοῦμαι
2994 2558 3170 2611 τοίνυν
3209 2556 3315 2627 μὴ,
3346 2556 3544 2626 ἐπειδὴ
3579 2555 3704 2608 πολ-

2120 2649 2204 2702 λοὶ
2250 2650 2676 2720 προσκομίζουσι
2720 2652 3053 2722 γράμματα,
3089 2645 3169 2714 εἷς
3213 2649 3321 2703 τῶν
3362 2648 3582 2703 πολλῶν
3621 2665 3701 2702 νο-

2125 2741 2287 2812 μισθῇ
2336 2743 2429 2796 καὶ
2474 2745 2502 2795 ὁ
2544 2742 2772 2811 ἁδελφὸς
2822 2745 2850 2796 ὁ
2898 2744 3063 2799 δεῖνα.
3126 2742 3267 2812 Ἐγὼ
3312 2741 3419 2813 γὰρ
3471 2740 3701 2801 πολλοὺς

2090 2896 2095 2903 ,
2121 2834 2307 2904 φίλους
2339 2837 2433 2889 καὶ
2464 2839 2745 2905 συγγενεῖς
2786 2836 2930 2908 ἔχειν
2961 2837 3051 2889 ἐπὶ
3076 2835 3173 2906 τῆς
3205 2833 3467 2904 πατρίδος
3511 2832 3700 2903 ὁμολο-

2120 2924 2203 2993 γῶ
2221 2966 2235 2989 ,
2264 2926 2359 2978 καὶ
2390 2927 2552 2989 αὐτὸς
2575 2928 2655 2990 εἰς
2686 2926 2778 2998 τὴν
2808 2927 3080 2999 πατρικὴν
3110 2925 3260 2990 τάξιν
3286 2923 3588 2993 τετάχθαι,
3614 2920 3699 2975 διὰ

2119 3016 2179 3069 τὸ
2213 3020 2399 3088 σχῆμα
2427 3018 2585 3071 τοῦτο
2630 3019 2709 3082 είς
2755 3019 2784 3072 ὃ
2830 3019 3016 3085 ἔταξεν
3051 3020 3197 3089 ἡμᾶς
3232 3018 3259 3069 ὁ
3294 3015 3527 3086 Κύριος.
3566 3015 3694 3066 Σύν-

2118 3126 2316 3181 τροφον
2379 3110 2436 3164 δὲ
2488 3111 2588 3181 τῆς
2644 3112 2989 3183 Θρεψαμένης
3047 3129 3115 3181 με
3170 3110 3283 3163 υἱὸν
3341 3107 3539 3162 τοῦτον
3591 3107 3696 3177 ἔχω

2119 3200 2216 3252 ἕνα
2260 3200 2403 3269 (96),
2451 3203 2545 3255 καὶ
2590 3202 2821 3275 εὔχομαι
2860 3204 2950 3257 τὸν
2982 3198 3157 3265 οἷκον,
3199 3203 3258 3254 ὲν
3285 3193 3330 3269 ᾧ
3357 3201 3690 3272 ἀνετράςςηνι

2118 3293 2210 3344 ἐπὶ
2242 3294 2339 3363 τῆς
2365 3296 2557 3364 ὁμοίας
2590 3296 2976 3359 καταστάσεως
3004 3296 3311 3365 διαμεῖναι,
3343 3294 3430 3346 ἵνα
3463 3294 3542 3363 μή
3583 3291 3692 3359 τιή

2119 3383 2327 3446 πάντας
2362 3385 2722 3457 εὐεργετοῦσά
2760 3386 3021 3457 ἐπιδημία
3067 3386 3167 3456 τῆς
3198 3387 3295 3456 σῆς
3335 3385 3693 3454 κοσμιότητος

2117 3473 2336 3545 ἀφορμὴ
2362 3475 2496 3546 πρὸς
2529 3476 2706 3547 λύπην
2748 3477 2826 3548 τῷ
2857 3478 3011 3548 ἀνδρὶ
3041 3477 3287 3547 γένηται.
3333 3476 3472 3528 Ἀλλ’
3506 3472 3691 3545 ἐπειδὴ

2116 3565 2197 3618 ἔτι
2235 3567 2327 3619 καὶ
2357 3567 2452 3620 νῦν
2478 3569 2541 3622 ὲκ
2584 3568 2677 3625 τοῦ
2717 3568 2881 3622 αὐτοῦ
2920 3568 3277 3639 διατρέφομαι
3318 3567 3470 3621 οἴκου
3492 3607 3509 3631 ,
3544 3565 3691 3619 οὐδὲν

2116 3656 2254 3728 ἔχων
2291 3657 2401 3711 τῶν
2430 3660 2668 3729 ἐμαυτοῦ
2687 3699 2701 3723 ,
2752 3660 3087 3731 ἀρκούμενος
3114 3660 3169 3713 δὲ
3194 3663 3308 3724 τοῖς
3339 3651 3449 3713 τῶν
3484 3663 3690 3732 ἀγαπητ

2114 3747 2221 3801 τῶν
2245 3788 2259 3812 ,
2296 3748 2596 3819 παρακαλῶ
2634 3748 2774 3802 οὕτω
2814 3748 3102 3818 φείσασθαι
3150 3749 3248 3819 τῆς
3299 3749 3511 3814 οἰκίας,
3547 3746 3688 3824 ᾖὲν-

2115 3840 2380 3909 ετράφην,
2424 3839 2500 3902 ὡς
2529 3840 2652 3911 ἐμοὶ
2677 3840 2778 3910 τῆς
2802 3842 3007 3912 τροφῆς
3049 3840 3149 3911 τὴν
3185 3842 3451 3912 χορηγίαν
3497 3840 3687 3896 διασώ-

2116 3927 2277 3992 ζοντα
2305 3930 2436 3999 (97).
2481 3929 2587 3983 Καί
2626 3947 2686 3982 σε
2711 3931 2738 3983 ὁ
2771 3930 2902 3993 Θεὸς
2932 3931 3052 3985 ἀντὶ
3089 3930 3293 3984 τούτων
3322 3931 3424 4001 τῆς
3471 3931 3685 3986 αἰωνίου

2112 4020 2471 4085 ἀναπαύσεως
2507 4021 2811 4087 ἀξιώσειεν.
2849 4022 3053 4075 Ἐκείνό
3077 4039 3141 4090 γε
3174 4022 3278 4092 μὴν
3306 4023 3529 4075 πάντων
3563 4023 3685 4097 ἀλη-

2111 4111 2366 4165 θέστατον
2412 4113 2701 4182 γινώσκειν
2750 4131 2844 4167 σου
2892 4114 2989 4185 τὴν
3030 4116 3365 4187 κοσμιότητα
3405 4116 3680 4187 βούλομαι,

2107 4206 2190 4257 ὅτι
2219 4204 2326 4257 τῶν
2351 4207 2698 4277 ἀνδραπόδων
2729 4208 2798 4260 τὰ
2826 4207 3055 4261 πλεῖστα
3085 4208 3214 4279 παρ’
3250 4209 3413 4278 ἡμῶν
3444 4208 3679 4280 ὑπῆρξεν

2108 4295 2256 4365 αὐτῷ
2292 4299 2481 4367 μισθὸς
2522 4300 2621 4369 τῆς
2653 4300 2861 4372 τροφῆς
2897 4300 3056 4369 ἡμῶν
3082 4341 3098 4363 ,
3139 4300 3250 4354 τῶν
3294 4302 3501 4366 γονέων
3532 4302 3680 4373 ἡμῶν

2052 4421 2067 4435 .ν
2109 4385 2558 4454 παρασχομένων.
2612 4388 2669 4440 '0
2712 4388 2768 4441 δὲ
2816 4390 3004 4458 μισθὸς
3031 4390 3090 4442 οὐ
3128 4390 3396 4461 παντελής
3440 4394 3559 4445 ἐστι
3585 4392 3682 4445 δω-

427 4479 530 4541 ego
567 4470 653 4522 via
695 4467 803 4520 alia
840 4465 1058 4519 tributis
1093 4479 1158 4518 ac
1199 4465 1550 4519 exactoribus
1587 4478 1683 4517 ero
1710 4463 2003 4521 obnoxius.

2121 4474 2244 4543 ρεὰ,
2292 4476 2427 4528 ἀλλά
2460 4478 2657 4549 χρῆσις
2711 4478 2799 4531 διὰ
2851 4480 2986 4549 βίου.
3045 4482 3206 4534 Ὥστε
3237 4521 3251 4544 ,
3293 4482 3389 4535 ὲάν
3441 4500 3493 4536 τι
3548 4483 3679 4553 βαρὺ

424 4560 557 4631 περὶ
600 4555 739 4611 αὐτὰ
790 4556 1051 4625 γένηται,
1097 4553 1302 4618 ἔξεστιν
1354 4553 1502 4624 αὐτῷ
1530 4552 1640 4623 (98)
1689 4554 1823 4624 πρὸς
1856 4556 2003 4625 ἡμᾶς
2039 4562 2393 4635 ἀποπέμψαι,
2420 4570 2513 4621 καὶ
2536 4569 2772 4639 ἐσόμεθα
2807 4573 2965 4641 ἡμεῖς
2990 4571 3055 4624 δι’
3089 4572 3281 4643 ἐτέρας
3339 4572 3461 4626 ὁδοῦ
3524 4552 3679 4624 iii-csti-

425 4656 575 4709 θυνοι
628 4651 923 4721 τελέσμασι
968 4649 1064 4704 καὶ
1118 4648 1449 4717 ἀπαιτηταῖς
1501 4646 1662 4701 πάλιν
1707 4647 2002 4719 γινόμενοι.

495 4857 515 4878 “
538 4851 690 4907 Alias
718 4846 1036 4913 CCXLVIII,
1078 4846 1281 4917 scripta
1311 4853 1441 4917 ante
1477 4846 1874 4917 episcopatum.

494 4923 609 4993 (95)
658 4918 1103 4993 Ἐμαυτοῦηὸἱσ
1124 4915 1262 4993 [θέε.
1310 4915 1455 4993 Editi
1484 4915 1642 4993 ἐμοῦ.
1670 4915 1847 4971 Paulo
1878 4925 2002 4987 post

421 4986 846 5063 quinqiteninss.
902 4988 1239 5061 φυλαχθῆναι
1277 4986 1445 5057 αὐτῷ.
1503 4986 1663 5043 Deest
1722 4986 2001 5057 postrema

423 5061 526 5116 tiox
554 5062 609 5115 in
632 5061 812 5115 editis.

494 5132 608 5200 (94)
656 5131 1009 5198 Ἀρκεῗσθαι.
1042 5128 1120 5181 Ita
1159 5128 1378 5200 codices
1409 5140 1526 5180 sex.
1568 5124 1710 5200 _Editi
1740 5126 1995 5197 χρῆσθαι.

421 5194 599 5255 Paulo
625 5194 747 5269 post
775 5202 903 5255 editi
930 5201 1005 5261 ὡς
1037 5198 1288 5269 σεαυτοῦ.
1324 5195 1452 5269 Mss.
1483 5202 1543 5269 ut
1569 5194 1623 5248 in
1651 5194 1821 5269 textu.

495 5264 766 5341 (95)’Τὴν
794 5266 1377 5341 συνήθηβυήθειανέ
1403 5264 1589 5341 Ροιὶοηι*
1634 5266 1852 5319 videtur
1882 5265 1998 5341 haec

423 5334 696 5407 scriptura
714 5334 971 5393 codicum
994 5334 1232 5392 Clarom.
1252 5345 1307 5407 et
1339 5334 1628 5389 Combcﬁs.
1661 5350 1823 5404 quam
1852 5336 1998 5405 quod

423 5406 626 5463 habent
655 5409 745 5461 alii
778 5410 993 5463 codices
1019 5409 1117 5477 τὴν
1142 5406 1414 5477 βοήθειαν.

498 5477 611 5549 (96)
631 5479 791 5548 Ἐχω
810 5479 939 5533 ἕνα.
957 5472 1164 5535 Malein
1187 5472 1353 5534 editis
1375 5475 1502 5545 ἔχω,
1522 5474 1630 5541 ἵνα,
1647 5472 1871 5545 quodex
1898 5491 1991 5531 sex

2108 4866 2260 4932 ξιτεδ..
2280 4852 2711 4908 emendavimus.
2744 4853 2863 4932 Mox
2892 4855 3050 4932 iidem
3085 4858 3218 4932 editi
3245 4860 3548 4932 ἀνετράφη,
3574 4879 3678 4919 me-

2107 4921 2302 4997 lius_in
2352 4932 2588 4991 quatuor
2622 4940 2759 4997 mss.
2792 4927 3122 4997 ἀνετράφην.
3168 4928 3257 4984 Sic
3285 4921 3432 4985 euiiu
3461 4921 3678 4989 habent

2107 4992 2270 5060 paulo
2309 5003 2431 5062 post
2458 5008 2648 5048 omnes
2678 4995 2813 5048 editi
2841 5004 2894 5050 et
2923 4992 3055 5050 iuss.

2181 5061 2291 5130 (97)
2312 5061 2698 5123 Διασώζοντα.
2733 5063 2823 5117 Sic
2845 5065 3189 5129 Med.,Coisl.
3215 5068 3509 5134 secundus,
3539 5087 3675 5126 unus

2106 5146 2174 5185 ex
2206 5134 2390 5206 Regiis
2442 5135 2775 5206 ettjlarom.
2811 5136 2866 5206 in
2920 5138 3181 5206 margine.
3230 5140 3375 5193 Idem
3424 5142 3598 5195 codex
3626 5143 3674 5195 in

2105 5210 2253 5254 textu
2298 5202 2685 5264 διασωζόντων.
2742 5204 2924 5258 Codex
2970 5202 3228 5262 Ecclesia:
3277 5208 3453 5264 Paris.
3489 5211 3675 5265 διασω-

2104 5270 2322 5347 εούσηςΔ
2354 5274 2590 5347 secunda
2624 5288 2825 5341 manu;
2860 5283 2916 5328 at
2962 5279 3135 5346 prima
3165 5293 3328 5333 manu
3366 5278 3673 5336 habetcum

2103 5341 2265 5394 editis
2300 5341 2683 5405 διασώζουσαν.

2176 5410 2289 5481 (98)
2319 5410 2507 5477 Αὐτῷ.
2547 5414 2637 5467 Sir.
2671 5414 2915 5487 quinque
2949 5431 3081 5472 mss.
3120 5415 3264 5473 Editi
3299 5417 3462 5477 αὐτὰ.

2037 5671 2110 5712 ut
