  <div class='ocr_page' id='page_1' title='image "/cluster/home/n/w/nwhite01/storage/ocr_20150623/32/mdp.39015011915462/173.png"; bbox 0 0 3886 6220; ppageno 0'>
   <div class='ocr_carea' id='block_1_1' title="bbox 473 265 584 323">
    <p class='ocr_par' dir='ltr' id='par_1_1' title="bbox 473 265 584 323">
     <span class='ocr_line' id='line_1_1' title="bbox 473 265 584 323; baseline -0.036 0"><span class='ocrx_word' id='word_1_1' title='bbox 473 265 584 323; x_wconf 69' lang='lat'><strong>327</strong></span> 
     </span>
    </p>
   </div>
   <div class='ocr_carea' id='block_1_2' title="bbox 480 462 2051 539">
    <p class='ocr_par' dir='ltr' id='par_1_2' title="bbox 480 462 2051 539">
     <span class='ocr_line' id='line_1_2' title="bbox 480 462 2051 539; baseline -0.005 -15"><span class='ocrx_word' id='word_1_2' title='bbox 480 478 592 524; x_wconf 91' lang='lat' dir='ltr'><strong>tur.</strong></span> <span class='ocrx_word' id='word_1_3' title='bbox 632 470 732 525; x_wconf 80' lang='lat' dir='ltr'><strong>Ub]</strong></span> <span class='ocrx_word' id='word_1_4' title='bbox 767 484 898 523; x_wconf 83' lang='lat' dir='ltr'><strong>vero</strong></span> <span class='ocrx_word' id='word_1_5' title='bbox 937 469 1063 538; x_wconf 86' lang='lat' dir='ltr'><strong>quis</strong></span> <span class='ocrx_word' id='word_1_6' title='bbox 1097 483 1184 531; x_wconf 89' lang='lat' dir='ltr'><strong>eo,</strong></span> <span class='ocrx_word' id='word_1_7' title='bbox 1215 468 1361 539; x_wconf 92' lang='lat' dir='ltr'><strong>quod</strong></span> <span class='ocrx_word' id='word_1_8' title='bbox 1395 481 1688 521; x_wconf 84' lang='lat' dir='ltr'><strong>commune</strong></span> <span class='ocrx_word' id='word_1_9' title='bbox 1732 472 1839 524; x_wconf 86' lang='lat' dir='ltr'><strong>est.</strong></span> <span class='ocrx_word' id='word_1_10' title='bbox 1887 462 2051 519; x_wconf 90' lang='lat' dir='ltr'><strong>intel-</strong></span> 
     </span>
    </p>
   </div>
   <div class='ocr_carea' id='block_1_3' title="bbox 477 553 2055 629">
    <p class='ocr_par' dir='ltr' id='par_1_3' title="bbox 477 553 2055 629">
     <span class='ocr_line' id='line_1_3' title="bbox 477 553 2055 629; baseline -0.004 -16"><span class='ocrx_word' id='word_1_11' title='bbox 477 559 645 622; x_wconf 78' lang='lat' dir='ltr'><strong>lecto,</strong></span> <span class='ocrx_word' id='word_1_12' title='bbox 676 558 742 612; x_wconf 85' lang='lat' dir='ltr'><strong>ad</strong></span> <span class='ocrx_word' id='word_1_13' title='bbox 784 560 1181 629; x_wconf 74' lang='lat' dir='ltr'><strong>proprietatum</strong></span> <span class='ocrx_word' id='word_1_14' title='bbox 1217 573 1275 613; x_wconf 88' lang='lat' dir='ltr'><strong>se</strong></span> <span class='ocrx_word' id='word_1_15' title='bbox 1304 555 1636 612; x_wconf 83' lang='lat' dir='ltr'><strong>converterit</strong></span> <span class='ocrx_word' id='word_1_16' title='bbox 1660 553 2055 609; x_wconf 90' lang='lat' dir='ltr'><strong>consideratio-</strong></span> 
     </span>
    </p>
   </div>
   <div class='ocr_carea' id='block_1_4' title="bbox 482 644 2054 721">
    <p class='ocr_par' dir='ltr' id='par_1_4' title="bbox 482 644 2054 721">
     <span class='ocr_line' id='line_1_4' title="bbox 482 644 2054 721; baseline -0.003 -17"><span class='ocrx_word' id='word_1_17' title='bbox 482 665 629 715; x_wconf 88' lang='lat' dir='ltr'><strong>nem,</strong></span> <span class='ocrx_word' id='word_1_18' title='bbox 651 666 748 721; x_wconf 89' lang='lat' dir='ltr'><strong>per</strong></span> <span class='ocrx_word' id='word_1_19' title='bbox 769 666 905 721; x_wconf 90' lang='lat' dir='ltr'><strong>quas</strong></span> <span class='ocrx_word' id='word_1_20' title='bbox 927 652 1156 705; x_wconf 90' lang='lat' dir='ltr'><strong>alterum</strong></span> <span class='ocrx_word' id='word_1_21' title='bbox 1179 650 1247 703; x_wconf 91' lang='lat' dir='ltr'><strong>ab</strong></span> <span class='ocrx_word' id='word_1_22' title='bbox 1269 650 1440 705; x_wconf 89' lang='lat' dir='ltr'><strong>altero</strong></span> <span class='ocrx_word' id='word_1_23' title='bbox 1462 655 1749 719; x_wconf 74' lang='lat' dir='ltr'><strong>separatur</strong></span> <span class='ocrx_word' id='word_1_24' title='bbox 1773 666 1787 712; x_wconf 88' lang='lat'><strong>;</strong></span> <span class='ocrx_word' id='word_1_25' title='bbox 1810 660 1920 700; x_wconf 93' lang='lat' dir='ltr'><strong>non</strong></span> <span class='ocrx_word' id='word_1_26' title='bbox 1939 644 2054 716; x_wconf 86' lang='lat' dir='ltr'><strong>jam</strong></span> 
     </span>
    </p>
   </div>
   <div class='ocr_carea' id='block_1_5' title="bbox 483 738 2052 810">
    <p class='ocr_par' dir='ltr' id='par_1_5' title="bbox 483 738 2052 810">
     <span class='ocr_line' id='line_1_5' title="bbox 483 738 2052 810; baseline -0.003 -16"><span class='ocrx_word' id='word_1_27' title='bbox 483 740 721 809; x_wconf 88' lang='lat' dir='ltr'><strong>amplius</strong></span> <span class='ocrx_word' id='word_1_28' title='bbox 749 741 1023 808; x_wconf 89' lang='lat' dir='ltr'><strong>ratio,per</strong></span> <span class='ocrx_word' id='word_1_29' title='bbox 1040 754 1204 810; x_wconf 90' lang='lat' dir='ltr'><strong>quam</strong></span> <span class='ocrx_word' id='word_1_30' title='bbox 1232 739 1656 809; x_wconf 89' lang='lat' dir='ltr'><strong>unumquodque</strong></span> <span class='ocrx_word' id='word_1_31' title='bbox 1684 738 2052 807; x_wconf 79' lang='lat' dir='ltr'><strong>cognoscitur,</strong></span> 
     </span>
    </p>
   </div>
   <div class='ocr_carea' id='block_1_6' title="bbox 485 826 2056 901">
    <p class='ocr_par' dir='ltr' id='par_1_6' title="bbox 485 826 2056 901">
     <span class='ocr_line' id='line_1_6' title="bbox 485 826 2056 901; baseline -0.003 -17"><span class='ocrx_word' id='word_1_32' title='bbox 485 844 610 884; x_wconf 91' lang='lat' dir='ltr'><strong>cum</strong></span> <span class='ocrx_word' id='word_1_33' title='bbox 640 846 702 886; x_wconf 92' lang='lat' dir='ltr'><strong>ea</strong></span> <span class='ocrx_word' id='word_1_34' title='bbox 750 832 981 896; x_wconf 88' lang='lat' dir='ltr'><strong>ratione,</strong></span> <span class='ocrx_word' id='word_1_35' title='bbox 1009 848 1131 901; x_wconf 76' lang='lat' dir='ltr'><strong>quae</strong></span> <span class='ocrx_word' id='word_1_36' title='bbox 1169 831 1237 885; x_wconf 92' lang='lat' dir='ltr'><strong>de</strong></span> <span class='ocrx_word' id='word_1_37' title='bbox 1268 830 1375 884; x_wconf 88' lang='lat' dir='ltr'><strong>alio</strong></span> <span class='ocrx_word' id='word_1_38' title='bbox 1416 830 1711 899; x_wconf 83' lang='lat' dir='ltr'><strong>profertur,</strong></span> <span class='ocrx_word' id='word_1_39' title='bbox 1743 843 1842 899; x_wconf 89' lang='lat' dir='ltr'><strong>per</strong></span> <span class='ocrx_word' id='word_1_40' title='bbox 1873 826 2056 883; x_wconf 82' lang='lat' dir='ltr'><strong>omnia</strong></span> 
     </span>
    </p>
   </div>
   <div class='ocr_carea' id='block_1_7' title="bbox 484 922 2054 993">
    <p class='ocr_par' dir='ltr' id='par_1_7' title="bbox 484 922 2054 993">
     <span class='ocr_line' id='line_1_7' title="bbox 484 922 2054 993; baseline -0.001 -18"><span class='ocrx_word' id='word_1_41' title='bbox 484 924 823 987; x_wconf 86' lang='lat' dir='ltr'><strong>consentiet,</strong></span> <span class='ocrx_word' id='word_1_42' title='bbox 878 924 1129 993; x_wconf 83' lang='lat' dir='ltr'><strong>quamvis</strong></span> <span class='ocrx_word' id='word_1_43' title='bbox 1181 922 1238 978; x_wconf 92' lang='lat' dir='ltr'><strong>in</strong></span> <span class='ocrx_word' id='word_1_44' title='bbox 1287 922 1563 993; x_wconf 85' lang='lat' dir='ltr'><strong>aliquibus</strong></span> <span class='ocrx_word' id='word_1_45' title='bbox 1607 923 2054 977; x_wconf 87' lang='lat' dir='ltr'><strong>communitatem</strong></span> 
     </span>
    </p>
   </div>
   <div class='ocr_carea' id='block_1_8' title="bbox 485 1012 1107 1084">
    <p class='ocr_par' dir='ltr' id='par_1_8' title="bbox 485 1012 1107 1084">
     <span class='ocr_line' id='line_1_8' title="bbox 485 1012 1107 1084; baseline 0.005 -18"><span class='ocrx_word' id='word_1_46' title='bbox 485 1012 684 1067; x_wconf 84' lang='lat' dir='ltr'><strong>habere</strong></span> <span class='ocrx_word' id='word_1_47' title='bbox 716 1015 1107 1084; x_wconf 83' lang='lat' dir='ltr'><strong>comperiatur.</strong></span> 
     </span>
    </p>
   </div>
   <div class='ocr_carea' id='block_1_9' title="bbox 552 1102 2059 1177">
    <p class='ocr_par' dir='ltr' id='par_1_9' title="bbox 552 1102 2059 1177">
     <span class='ocr_line' id='line_1_9' title="bbox 552 1102 2059 1177; baseline -0.001 -16"><span class='ocrx_word' id='word_1_48' title='bbox 552 1106 607 1161; x_wconf 78' lang='lat'><strong>3.</strong></span> <span class='ocrx_word' id='word_1_49' title='bbox 642 1105 755 1160; x_wconf 86' lang='lat' dir='ltr'><strong>Hoc</strong></span> <span class='ocrx_word' id='word_1_50' title='bbox 786 1106 950 1177; x_wconf 77' lang='lat' dir='ltr'><strong>igitur</strong></span> <span class='ocrx_word' id='word_1_51' title='bbox 987 1107 1226 1163; x_wconf 86' lang='lat' dir='ltr'><strong>dicimus</strong></span> <span class='ocrx_word' id='word_1_52' title='bbox 1257 1125 1271 1160; x_wconf 89' lang='lat'><strong>:</strong></span> <span class='ocrx_word' id='word_1_53' title='bbox 1306 1105 1452 1176; x_wconf 91' lang='lat' dir='ltr'><strong>quod</strong></span> <span class='ocrx_word' id='word_1_54' title='bbox 1488 1106 1705 1176; x_wconf 88' lang='lat' dir='ltr'><strong>proprie</strong></span> <span class='ocrx_word' id='word_1_55' title='bbox 1744 1103 1968 1170; x_wconf 90' lang='lat' dir='ltr'><strong>dicitur,</strong></span> <span class='ocrx_word' id='word_1_56' title='bbox 2004 1102 2059 1159; x_wconf 91' lang='lat' dir='ltr'><strong>id</strong></span> 
     </span>
    </p>
   </div>
   <div class='ocr_carea' id='block_1_10' title="bbox 484 1195 2062 1267">
    <p class='ocr_par' dir='ltr' id='par_1_10' title="bbox 484 1195 2062 1267">
     <span class='ocr_line' id='line_1_10' title="bbox 484 1195 2062 1267; baseline 0 -18"><span class='ocrx_word' id='word_1_57' title='bbox 484 1195 795 1267; x_wconf 82' lang='lat' dir='ltr'><strong>hypostasis</strong></span> <span class='ocrx_word' id='word_1_58' title='bbox 827 1199 1047 1254; x_wconf 90' lang='lat' dir='ltr'><strong>nomine</strong></span> <span class='ocrx_word' id='word_1_59' title='bbox 1077 1198 1329 1254; x_wconf 84' lang='lat' dir='ltr'><strong>indicari.</strong></span> <span class='ocrx_word' id='word_1_60' title='bbox 1356 1197 1457 1264; x_wconf 93' lang='lat' dir='ltr'><strong>Qui</strong></span> <span class='ocrx_word' id='word_1_61' title='bbox 1494 1198 1638 1253; x_wconf 91' lang='lat' dir='ltr'><strong>enim</strong></span> <span class='ocrx_word' id='word_1_62' title='bbox 1674 1197 1944 1252; x_wconf 89' lang='lat' dir='ltr'><strong>hominem</strong></span> <span class='ocrx_word' id='word_1_63' title='bbox 1977 1195 2062 1249; x_wconf 89' lang='lat' dir='ltr'><strong>di-</strong></span> 
     </span>
    </p>
   </div>
   <div class='ocr_carea' id='block_1_11' title="bbox 486 1288 2061 1362">
    <p class='ocr_par' dir='ltr' id='par_1_11' title="bbox 486 1288 2061 1362">
     <span class='ocr_line' id='line_1_11' title="bbox 486 1288 2061 1362; baseline -0.001 -21"><span class='ocrx_word' id='word_1_64' title='bbox 486 1290 587 1352; x_wconf 80' lang='lat' dir='ltr'><strong>xit,</strong></span> <span class='ocrx_word' id='word_1_65' title='bbox 645 1290 930 1345; x_wconf 88' lang='lat' dir='ltr'><strong>confusam</strong></span> <span class='ocrx_word' id='word_1_66' title='bbox 985 1292 1278 1362; x_wconf 82' lang='lat' dir='ltr'><strong>quamdam</strong></span> <span class='ocrx_word' id='word_1_67' title='bbox 1335 1293 1513 1347; x_wconf 88' lang='lat' dir='ltr'><strong>ideam</strong></span> <span class='ocrx_word' id='word_1_68' title='bbox 1569 1305 1667 1362; x_wconf 85' lang='lat' dir='ltr'><strong>per</strong></span> <span class='ocrx_word' id='word_1_69' title='bbox 1720 1288 2061 1344; x_wconf 83' lang='lat' dir='ltr'><strong>indefinitam</strong></span> 
     </span>
    </p>
   </div>
   <div class='ocr_carea' id='block_1_12' title="bbox 488 1377 2062 1449">
    <p class='ocr_par' dir='ltr' id='par_1_12' title="bbox 488 1377 2062 1449">
     <span class='ocr_line' id='line_1_12' title="bbox 488 1377 2062 1449; baseline -0.001 -17"><span class='ocrx_word' id='word_1_70' title='bbox 488 1379 942 1449; x_wconf 80' lang='lat' dir='ltr'><strong>significationem</strong></span> <span class='ocrx_word' id='word_1_71' title='bbox 989 1382 1215 1435; x_wconf 87' lang='lat' dir='ltr'><strong>auribus</strong></span> <span class='ocrx_word' id='word_1_72' title='bbox 1254 1381 1457 1446; x_wconf 88' lang='lat' dir='ltr'><strong>intulit,</strong></span> <span class='ocrx_word' id='word_1_73' title='bbox 1493 1381 1573 1437; x_wconf 87' lang='lat' dir='ltr'><strong>sic</strong></span> <span class='ocrx_word' id='word_1_74' title='bbox 1615 1390 1674 1436; x_wconf 94' lang='lat' dir='ltr'><strong>ut</strong></span> <span class='ocrx_word' id='word_1_75' title='bbox 1719 1390 1915 1434; x_wconf 87' lang='lat' dir='ltr'><strong>natura</strong></span> <span class='ocrx_word' id='word_1_76' title='bbox 1940 1377 2062 1449; x_wconf 89' lang='lat' dir='ltr'><strong>qui-</strong></span> 
     </span>
    </p>
   </div>
   <div class='ocr_carea' id='block_1_13' title="bbox 489 1471 2062 1539">
    <p class='ocr_par' dir='ltr' id='par_1_13' title="bbox 489 1471 2062 1539">
     <span class='ocr_line' id='line_1_13' title="bbox 489 1471 2062 1539; baseline 0.001 -14"><span class='ocrx_word' id='word_1_77' title='bbox 489 1471 611 1526; x_wconf 92' lang='lat' dir='ltr'><strong>dem</strong></span> <span class='ocrx_word' id='word_1_78' title='bbox 640 1488 707 1527; x_wconf 92' lang='lat' dir='ltr'><strong>eo</strong></span> <span class='ocrx_word' id='word_1_79' title='bbox 742 1475 965 1529; x_wconf 87' lang='lat' dir='ltr'><strong>nomine</strong></span> <span class='ocrx_word' id='word_1_80' title='bbox 997 1473 1337 1539; x_wconf 85' lang='lat' dir='ltr'><strong>ostendatur,</strong></span> <span class='ocrx_word' id='word_1_81' title='bbox 1386 1475 1694 1531; x_wconf 88' lang='lat' dir='ltr'><strong>subsistens</strong></span> <span class='ocrx_word' id='word_1_82' title='bbox 1737 1481 1918 1527; x_wconf 91' lang='lat' dir='ltr'><strong>autem</strong></span> <span class='ocrx_word' id='word_1_83' title='bbox 1949 1487 2062 1535; x_wconf 90' lang='lat' dir='ltr'><strong>res,</strong></span> 
     </span>
    </p>
   </div>
   <div class='ocr_carea' id='block_1_14' title="bbox 491 1563 2061 1638">
    <p class='ocr_par' dir='ltr' id='par_1_14' title="bbox 491 1563 2061 1638">
     <span class='ocr_line' id='line_1_14' title="bbox 491 1563 2061 1638; baseline -0.001 -22"><span class='ocrx_word' id='word_1_84' title='bbox 491 1569 547 1617; x_wconf 89' lang='lat' dir='ltr'><strong>et</strong></span> <span class='ocrx_word' id='word_1_85' title='bbox 576 1566 796 1634; x_wconf 85' lang='lat' dir='ltr'><strong>preprie</strong></span> <span class='ocrx_word' id='word_1_86' title='bbox 844 1566 1069 1622; x_wconf 91' lang='lat' dir='ltr'><strong>nomine</strong></span> <span class='ocrx_word' id='word_1_87' title='bbox 1108 1567 1412 1638; x_wconf 89' lang='lat' dir='ltr'><strong>designata,</strong></span> <span class='ocrx_word' id='word_1_88' title='bbox 1443 1566 1665 1621; x_wconf 91' lang='lat' dir='ltr'><strong>minime</strong></span> <span class='ocrx_word' id='word_1_89' title='bbox 1706 1563 2061 1635; x_wconf 83' lang='lat' dir='ltr'><strong>significetur.</strong></span> 
     </span>
    </p>
   </div>
   <div class='ocr_carea' id='block_1_15' title="bbox 1811 253 2413 315">
    <p class='ocr_par' dir='ltr' id='par_1_15' title="bbox 1811 253 2413 315">
     <span class='ocr_line' id='line_1_15' title="bbox 1811 253 2413 315; baseline -0.01 0"><span class='ocrx_word' id='word_1_90' title='bbox 1811 258 1871 315; x_wconf 84' lang='lat' dir='ltr'><strong>S.</strong></span> <span class='ocrx_word' id='word_1_91' title='bbox 1913 256 1996 313; x_wconf 83' lang='lat' dir='ltr'><strong>BA</strong></span> <span class='ocrx_word' id='word_1_92' title='bbox 2006 256 2160 313; x_wconf 75' lang='lat' dir='ltr'><strong>SILI!</strong></span> <span class='ocrx_word' id='word_1_93' title='bbox 2198 253 2413 312; x_wconf 79' lang='lat' dir='ltr'><strong>MAGNI</strong></span> 
     </span>
    </p>
   </div>
   <div class='ocr_carea' id='block_1_16' title="bbox 478 346 2069 448">
    <p class='ocr_par' dir='ltr' id='par_1_16' title="bbox 478 371 2054 448">
     <span class='ocr_line' id='line_1_16' title="bbox 478 371 2054 448; baseline -0.006 -14"><span class='ocrx_word' id='word_1_94' title='bbox 478 379 623 434; x_wconf 81' lang='lat' dir='ltr'><strong>inter</strong></span> <span class='ocrx_word' id='word_1_95' title='bbox 650 392 710 433; x_wconf 90' lang='lat' dir='ltr'><strong>se</strong></span> <span class='ocrx_word' id='word_1_96' title='bbox 738 384 887 443; x_wconf 82' lang='lat' dir='ltr'><strong>sunt,</strong></span> <span class='ocrx_word' id='word_1_97' title='bbox 909 377 1001 448; x_wconf 91' lang='lat' dir='ltr'><strong>qui</strong></span> <span class='ocrx_word' id='word_1_98' title='bbox 1025 375 1215 432; x_wconf 87' lang='lat' dir='ltr'><strong>eadem</strong></span> <span class='ocrx_word' id='word_1_99' title='bbox 1250 374 1501 432; x_wconf 83' lang='lat' dir='ltr'><strong>essentiae</strong></span> <span class='ocrx_word' id='word_1_100' title='bbox 1528 373 1742 429; x_wconf 88' lang='lat' dir='ltr'><strong>ratione</strong></span> <span class='ocrx_word' id='word_1_101' title='bbox 1766 371 2054 442; x_wconf 83' lang='lat' dir='ltr'><strong>designan-</strong></span> 
     </span>
    </p>
   </div>
   <div class='ocr_carea' id='block_1_17' title="bbox 2178 346 3813 448">
    <p class='ocr_par' dir='ltr' id='par_1_17' title="bbox 2178 346 3813 443">
     <span class='ocr_line' id='line_1_17' title="bbox 2178 346 3813 443; baseline -0.001 -19"><span class='ocrx_word' id='word_1_102' title='bbox 2178 370 2365 425; x_wconf 87' lang='grc' dir='ltr'>Ῑαύλου</span> <span class='ocrx_word' id='word_1_103' title='bbox 2403 368 2588 441; x_wconf 85' lang='grc' dir='ltr'>δειχθῇ</span> <span class='ocrx_word' id='word_1_104' title='bbox 2617 411 2630 429; x_wconf 83' lang='grc'><strong>.</strong></span> <span class='ocrx_word' id='word_1_105' title='bbox 2660 362 2804 423; x_wconf 72' lang='grc' dir='ltr'>οὗτοι</span> <span class='ocrx_word' id='word_1_106' title='bbox 2842 369 2935 423; x_wconf 73' lang='grc' dir='ltr'>καὶ</span> <span class='ocrx_word' id='word_1_107' title='bbox 2972 371 3085 434; x_wconf 78' lang='grc' dir='ltr'>τοῖς</span> <span class='ocrx_word' id='word_1_108' title='bbox 3115 368 3294 434; x_wconf 75' lang='grc' dir='ltr'>ἄλλοις</span> <span class='ocrx_word' id='word_1_109' title='bbox 3318 372 3704 443; x_wconf 74' lang='grc' dir='ltr'><strong>ἐφαρμόσουσι·</strong></span> 
     </span>
    </p>
   </div>
   <div class='ocr_carea' id='block_1_18' title="bbox 3615 259 3704 317">
    <p class='ocr_par' dir='ltr' id='par_1_18' title="bbox 3615 259 3704 317">
     <span class='ocr_line' id='line_1_18' title="bbox 3615 259 3704 317; baseline 0.034 -3"><span class='ocrx_word' id='word_1_110' title='bbox 3615 259 3704 317; x_wconf 65' lang='grc' dir='ltr'><strong>Ξεθ</strong></span> 
     </span>
    </p>
   </div>
   <div class='ocr_carea' id='block_1_19' title="bbox 2155 460 3709 538">
    <p class='ocr_par' dir='ltr' id='par_1_19' title="bbox 2155 460 3709 538">
     <span class='ocr_line' id='line_1_19' title="bbox 2155 460 3709 538; baseline -0.002 -23"><span class='ocrx_word' id='word_1_111' title='bbox 2155 462 2245 515; x_wconf 89' lang='grc' dir='ltr'><strong>καί</strong></span> <span class='ocrx_word' id='word_1_112' title='bbox 2280 464 2416 514; x_wconf 88' lang='grc' dir='ltr'>εἰσιν</span> <span class='ocrx_word' id='word_1_113' title='bbox 2445 460 2695 531; x_wconf 85' lang='grc' dir='ltr'>ἀλλήλοις</span> <span class='ocrx_word' id='word_1_114' title='bbox 2734 461 3006 531; x_wconf 81' lang='grc' dir='ltr'>ὀμοούσιοι</span> <span class='ocrx_word' id='word_1_115' title='bbox 3030 500 3046 524; x_wconf 92' lang='grc'><strong>,</strong></span> <span class='ocrx_word' id='word_1_116' title='bbox 3076 463 3124 514; x_wconf 82' lang='grc' dir='ltr'>οἱ</span> <span class='ocrx_word' id='word_1_117' title='bbox 3157 460 3235 532; x_wconf 82' lang='grc' dir='ltr'>τῷ</span> <span class='ocrx_word' id='word_1_118' title='bbox 3271 462 3423 534; x_wconf 86' lang='grc' dir='ltr'><strong>αὐτῷ</strong></span> <span class='ocrx_word' id='word_1_119' title='bbox 3460 462 3601 534; x_wconf 81' lang='grc' dir='ltr'>λόγῳ</span> <span class='ocrx_word' id='word_1_120' title='bbox 3626 471 3709 538; x_wconf 75' lang='grc' dir='ltr'>τῆς</span> 
     </span>
    </p>
   </div>
   <div class='ocr_carea' id='block_1_20' title="bbox 2153 552 3710 625">
    <p class='ocr_par' dir='ltr' id='par_1_20' title="bbox 2153 552 3710 625">
     <span class='ocr_line' id='line_1_20' title="bbox 2153 552 3710 625; baseline 0.003 -17"><span class='ocrx_word' id='word_1_121' title='bbox 2153 555 2342 618; x_wconf 77' lang='grc' dir='ltr'><strong>οὐσίας</strong></span> <span class='ocrx_word' id='word_1_122' title='bbox 2385 552 2844 625; x_wconf 78' lang='grc' dir='ltr'>ὑπογραφόμενοι.</span> <span class='ocrx_word' id='word_1_123' title='bbox 2886 554 3137 609; x_wconf 76' lang='grc' dir='ltr'><strong>Ἐπειδὰν</strong></span> <span class='ocrx_word' id='word_1_124' title='bbox 3182 554 3238 608; x_wconf 85' lang='grc' dir='ltr'><strong>δέ</strong></span> <span class='ocrx_word' id='word_1_125' title='bbox 3289 574 3421 621; x_wconf 88' lang='grc' dir='ltr'>τις,</span> <span class='ocrx_word' id='word_1_126' title='bbox 3452 556 3513 609; x_wconf 80' lang='grc' dir='ltr'>τὸ</span> <span class='ocrx_word' id='word_1_127' title='bbox 3557 561 3710 614; x_wconf 76' lang='grc' dir='ltr'>κοινὸν</span> 
     </span>
    </p>
   </div>
   <div class='ocr_carea' id='block_1_21' title="bbox 2157 642 3710 717">
    <p class='ocr_par' dir='ltr' id='par_1_21' title="bbox 2157 642 3710 717">
     <span class='ocr_line' id='line_1_21' title="bbox 2157 642 3710 717; baseline 0.004 -20"><span class='ocrx_word' id='word_1_128' title='bbox 2157 642 2344 716; x_wconf 86' lang='grc' dir='ltr'>μαθὼν</span> <span class='ocrx_word' id='word_1_129' title='bbox 2362 685 2379 708; x_wconf 90' lang='grc'><strong>,</strong></span> <span class='ocrx_word' id='word_1_130' title='bbox 2412 643 2506 697; x_wconf 76' lang='grc' dir='ltr'><strong>ἐπὶ</strong></span> <span class='ocrx_word' id='word_1_131' title='bbox 2528 642 2595 696; x_wconf 76' lang='grc' dir='ltr'><strong>τά</strong></span> <span class='ocrx_word' id='word_1_132' title='bbox 2626 642 2893 707; x_wconf 78' lang='grc' dir='ltr'><strong>ἰδιάζοντα</strong></span> <span class='ocrx_word' id='word_1_133' title='bbox 2925 644 3100 716; x_wconf 75' lang='grc' dir='ltr'>τρέψῃ</span> <span class='ocrx_word' id='word_1_134' title='bbox 3127 644 3226 717; x_wconf 81' lang='grc' dir='ltr'>τὴν</span> <span class='ocrx_word' id='word_1_135' title='bbox 3257 645 3499 717; x_wconf 79' lang='grc' dir='ltr'><strong>θεωρίαν</strong></span> <span class='ocrx_word' id='word_1_136' title='bbox 3520 688 3535 712; x_wconf 92' lang='grc'><strong>,</strong></span> <span class='ocrx_word' id='word_1_137' title='bbox 3563 649 3624 701; x_wconf 85' lang='grc' dir='ltr'><strong>δι’</strong></span> <span class='ocrx_word' id='word_1_138' title='bbox 3647 644 3710 703; x_wconf 82' lang='grc' dir='ltr'>ὧν</span> 
     </span>
    </p>
   </div>
   <div class='ocr_carea' id='block_1_22' title="bbox 2154 734 3711 808">
    <p class='ocr_par' dir='ltr' id='par_1_22' title="bbox 2154 734 3711 808">
     <span class='ocr_line' id='line_1_22' title="bbox 2154 734 3711 808; baseline 0.003 -19"><span class='ocrx_word' id='word_1_139' title='bbox 2154 737 2447 807; x_wconf 79' lang='grc' dir='ltr'><strong>χωρίζεται</strong></span> <span class='ocrx_word' id='word_1_140' title='bbox 2493 736 2587 789; x_wconf 79' lang='grc' dir='ltr'>τοῦ</span> <span class='ocrx_word' id='word_1_141' title='bbox 2632 734 2817 806; x_wconf 82' lang='grc' dir='ltr'>ἐτέρου</span> <span class='ocrx_word' id='word_1_142' title='bbox 2856 735 2918 789; x_wconf 85' lang='grc' dir='ltr'><strong>τὺ</strong></span> <span class='ocrx_word' id='word_1_143' title='bbox 2968 737 3153 808; x_wconf 80' lang='grc' dir='ltr'>ἓτερον</span> <span class='ocrx_word' id='word_1_144' title='bbox 3178 777 3192 802; x_wconf 88' lang='grc'><strong>,</strong></span> <span class='ocrx_word' id='word_1_145' title='bbox 3224 739 3412 792; x_wconf 80' lang='grc' dir='ltr'>οὐκέτι</span> <span class='ocrx_word' id='word_1_146' title='bbox 3445 742 3475 793; x_wconf 87' lang='grc' dir='ltr'><strong>ό</strong></span> <span class='ocrx_word' id='word_1_147' title='bbox 3503 741 3711 795; x_wconf 78' lang='grc' dir='ltr'>ἑκάστου</span> 
     </span>
    </p>
   </div>
   <div class='ocr_carea' id='block_1_23' title="bbox 2155 826 3711 901">
    <p class='ocr_par' dir='ltr' id='par_1_23' title="bbox 2155 826 3711 901">
     <span class='ocr_line' id='line_1_23' title="bbox 2155 826 3711 901; baseline 0.004 -22"><span class='ocrx_word' id='word_1_148' title='bbox 2155 828 2514 901; x_wconf 82' lang='grc' dir='ltr'><strong>γνωριστικὸς</strong></span> <span class='ocrx_word' id='word_1_149' title='bbox 2562 827 2717 897; x_wconf 90' lang='grc' dir='ltr'>λόγος</span> <span class='ocrx_word' id='word_1_150' title='bbox 2751 826 2827 899; x_wconf 85' lang='grc' dir='ltr'><strong>τῷ</strong></span> <span class='ocrx_word' id='word_1_151' title='bbox 2876 828 3006 899; x_wconf 78' lang='grc' dir='ltr'>περὶ</span> <span class='ocrx_word' id='word_1_152' title='bbox 3045 827 3139 881; x_wconf 80' lang='grc' dir='ltr'><strong>τοῦ</strong></span> <span class='ocrx_word' id='word_1_153' title='bbox 3171 829 3330 883; x_wconf 78' lang='grc' dir='ltr'>ἄλλου</span> <span class='ocrx_word' id='word_1_154' title='bbox 3383 830 3479 884; x_wconf 79' lang='grc' dir='ltr'><strong>διὰ</strong></span> <span class='ocrx_word' id='word_1_155' title='bbox 3519 835 3711 887; x_wconf 83' lang='grc' dir='ltr'>πάντων</span> 
     </span>
    </p>
   </div>
   <div class='ocr_carea' id='block_1_24' title="bbox 2158 917 3711 995">
    <p class='ocr_par' dir='ltr' id='par_1_24' title="bbox 2158 917 3711 995">
     <span class='ocr_line' id='line_1_24' title="bbox 2158 917 3711 995; baseline 0.003 -22"><span class='ocrx_word' id='word_1_156' title='bbox 2158 920 2644 991; x_wconf 81' lang='grc' dir='ltr'>συνενεχθήσεται,</span> <span class='ocrx_word' id='word_1_157' title='bbox 2704 917 2808 972; x_wconf 82' lang='grc' dir='ltr'>κᾶν</span> <span class='ocrx_word' id='word_1_158' title='bbox 2872 919 2930 973; x_wconf 79' lang='grc' dir='ltr'>ἐν</span> <span class='ocrx_word' id='word_1_159' title='bbox 2987 936 3129 973; x_wconf 89' lang='grc' dir='ltr'>τισιν</span> <span class='ocrx_word' id='word_1_160' title='bbox 3182 922 3383 995; x_wconf 78' lang='grc' dir='ltr'>εὑρεθῇ</span> <span class='ocrx_word' id='word_1_161' title='bbox 3435 922 3500 975; x_wconf 82' lang='grc' dir='ltr'>τὸ</span> <span class='ocrx_word' id='word_1_162' title='bbox 3557 926 3711 980; x_wconf 65' lang='grc' dir='ltr'>κοινὸν</span> 
     </span>
    </p>
   </div>
   <div class='ocr_carea' id='block_1_25' title="bbox 2157 1011 2317 1083">
    <p class='ocr_par' dir='ltr' id='par_1_25' title="bbox 2157 1011 2317 1083">
     <span class='ocr_line' id='line_1_25' title="bbox 2157 1011 2317 1083; baseline 0 -18"><span class='ocrx_word' id='word_1_163' title='bbox 2157 1011 2317 1083; x_wconf 74' lang='grc' dir='ltr'>ἔχων.</span> 
     </span>
    </p>
   </div>
   <div class='ocr_carea' id='block_1_26' title="bbox 2228 1101 3713 1181">
    <p class='ocr_par' dir='ltr' id='par_1_26' title="bbox 2228 1101 3713 1181">
     <span class='ocr_line' id='line_1_26' title="bbox 2228 1101 3713 1181; baseline 0.003 -24"><span class='ocrx_word' id='word_1_164' title='bbox 2228 1103 2281 1157; x_wconf 77' lang='lat'><strong>3.</strong></span> <span class='ocrx_word' id='word_1_165' title='bbox 2311 1101 2482 1155; x_wconf 81' lang='grc' dir='ltr'>Τοῦτο</span> <span class='ocrx_word' id='word_1_166' title='bbox 2504 1101 2683 1155; x_wconf 78' lang='grc' dir='ltr'>τοίνυν</span> <span class='ocrx_word' id='word_1_167' title='bbox 2709 1101 2888 1174; x_wconf 84' lang='grc' dir='ltr'>φαμέν</span> <span class='ocrx_word' id='word_1_168' title='bbox 2908 1118 2922 1133; x_wconf 89' lang='grc'><strong>·</strong></span> <span class='ocrx_word' id='word_1_169' title='bbox 2954 1102 3015 1156; x_wconf 85' lang='grc' dir='ltr'>τὸ</span> <span class='ocrx_word' id='word_1_170' title='bbox 3042 1103 3185 1167; x_wconf 84' lang='grc' dir='ltr'>ἰδίως</span> <span class='ocrx_word' id='word_1_171' title='bbox 3211 1104 3512 1178; x_wconf 85' lang='grc' dir='ltr'>λεγόμενον</span> <span class='ocrx_word' id='word_1_172' title='bbox 3539 1109 3611 1179; x_wconf 82' lang='grc' dir='ltr'><strong>τῷ</strong></span> <span class='ocrx_word' id='word_1_173' title='bbox 3632 1113 3713 1181; x_wconf 78' lang='grc' dir='ltr'>τῆς</span> 
     </span>
    </p>
   </div>
   <div class='ocr_carea' id='block_1_27' title="bbox 2161 1193 3815 1279">
    <p class='ocr_par' dir='ltr' id='par_1_27' title="bbox 2161 1193 3815 1279">
     <span class='ocr_line' id='line_1_27' title="bbox 2161 1193 3815 1279; baseline 0.005 -31"><span class='ocrx_word' id='word_1_174' title='bbox 2161 1194 2509 1258; x_wconf 75' lang='grc' dir='ltr'><strong>ὑποστάσεως</strong></span> <span class='ocrx_word' id='word_1_175' title='bbox 2555 1193 2843 1264; x_wconf 77' lang='grc' dir='ltr'><strong>δηλοῦσθαι</strong></span> <span class='ocrx_word' id='word_1_176' title='bbox 2896 1195 3120 1266; x_wconf 77' lang='grc' dir='ltr'>ῥήματι.</span> <span class='ocrx_word' id='word_1_177' title='bbox 3179 1197 3237 1251; x_wconf 86' lang='lat'><strong>&#39;0</strong></span> <span class='ocrx_word' id='word_1_178' title='bbox 3291 1200 3406 1272; x_wconf 78' lang='grc' dir='ltr'><strong>γάρ</strong></span> <span class='ocrx_word' id='word_1_179' title='bbox 3454 1199 3712 1274; x_wconf 71' lang='grc' dir='ltr'>ἄνθρωπον</span> <span class='ocrx_word' id='word_1_180' title='bbox 3814 1262 3815 1279; x_wconf 18' lang='grc' dir='ltr'><strong>γ</strong></span> 
     </span>
    </p>
   </div>
   <div class='ocr_carea' id='block_1_28' title="bbox 2159 1286 3815 1369">
    <p class='ocr_par' dir='ltr' id='par_1_28' title="bbox 2159 1286 3815 1369">
     <span class='ocr_line' id='line_1_28' title="bbox 2159 1286 3815 1369; baseline 0.006 -30"><span class='ocrx_word' id='word_1_181' title='bbox 2159 1286 2328 1340; x_wconf 89' lang='grc' dir='ltr'>εἰπὼν</span> <span class='ocrx_word' id='word_1_182' title='bbox 2373 1287 2777 1359; x_wconf 82' lang='grc' dir='ltr'>ὲσκεδασμένην</span> <span class='ocrx_word' id='word_1_183' title='bbox 2828 1289 2950 1342; x_wconf 81' lang='grc' dir='ltr'>τινὰ</span> <span class='ocrx_word' id='word_1_184' title='bbox 2982 1290 3219 1346; x_wconf 88' lang='grc' dir='ltr'>διάνοιαν</span> <span class='ocrx_word' id='word_1_185' title='bbox 3263 1293 3342 1365; x_wconf 82' lang='grc' dir='ltr'><strong>τῷ</strong></span> <span class='ocrx_word' id='word_1_186' title='bbox 3369 1296 3608 1367; x_wconf 76' lang='grc' dir='ltr'><strong>ἀορίστῳ</strong></span> <span class='ocrx_word' id='word_1_187' title='bbox 3631 1302 3715 1369; x_wconf 81' lang='grc' dir='ltr'>τῆς</span> 
     </span>
    </p>
   </div>
   <div class='ocr_carea' id='block_1_29' title="bbox 2163 1374 3815 1459">
    <p class='ocr_par' dir='ltr' id='par_1_29' title="bbox 2163 1374 3815 1459">
     <span class='ocr_line' id='line_1_29' title="bbox 2163 1374 3815 1459; baseline 0.006 -29"><span class='ocrx_word' id='word_1_188' title='bbox 2163 1377 2435 1449; x_wconf 80' lang='grc' dir='ltr'><strong>σημασίας</strong></span> <span class='ocrx_word' id='word_1_189' title='bbox 2484 1380 2550 1448; x_wconf 76' lang='grc' dir='ltr'>τῇ</span> <span class='ocrx_word' id='word_1_190' title='bbox 2603 1379 2740 1450; x_wconf 80' lang='grc' dir='ltr'>ἀκοῇ</span> <span class='ocrx_word' id='word_1_191' title='bbox 2788 1379 3126 1451; x_wconf 82' lang='grc' dir='ltr'>ἐνεποίησεν·</span> <span class='ocrx_word' id='word_1_192' title='bbox 3159 1382 3297 1437; x_wconf 80' lang='grc' dir='ltr'>ὥστε</span> <span class='ocrx_word' id='word_1_193' title='bbox 3345 1385 3450 1458; x_wconf 74' lang='grc' dir='ltr'>τὴν</span> <span class='ocrx_word' id='word_1_194' title='bbox 3493 1387 3590 1458; x_wconf 83' lang='grc' dir='ltr'>μὲν</span> <span class='ocrx_word' id='word_1_195' title='bbox 3628 1390 3713 1459; x_wconf 70' lang='grc' dir='ltr'><strong>φύ-</strong></span> <span class='ocrx_word' id='word_1_196' title='bbox 3814 1374 3815 1415; x_wconf 46' lang='grc' dir='ltr'><strong>ἶ</strong></span> 
     </span>
    </p>
   </div>
   <div class='ocr_carea' id='block_1_30' title="bbox 2164 1469 3713 1554">
    <p class='ocr_par' dir='ltr' id='par_1_30' title="bbox 2164 1469 3713 1554">
     <span class='ocr_line' id='line_1_30' title="bbox 2164 1469 3713 1554; baseline 0.013 -36"><span class='ocrx_word' id='word_1_197' title='bbox 2164 1489 2248 1525; x_wconf 84' lang='grc' dir='ltr'><strong>σιν</strong></span> <span class='ocrx_word' id='word_1_198' title='bbox 2286 1472 2352 1525; x_wconf 82' lang='grc' dir='ltr'>ἐκ</span> <span class='ocrx_word' id='word_1_199' title='bbox 2395 1469 2489 1524; x_wconf 77' lang='grc' dir='ltr'><strong>τοῦ</strong></span> <span class='ocrx_word' id='word_1_200' title='bbox 2534 1471 2795 1543; x_wconf 85' lang='grc' dir='ltr'>ὀνόματος</span> <span class='ocrx_word' id='word_1_201' title='bbox 2826 1472 3163 1547; x_wconf 81' lang='grc' dir='ltr'>δηλωθῆναι,</span> <span class='ocrx_word' id='word_1_202' title='bbox 3202 1477 3261 1531; x_wconf 82' lang='grc' dir='ltr'>τὸ</span> <span class='ocrx_word' id='word_1_203' title='bbox 3285 1478 3344 1532; x_wconf 84' lang='grc' dir='ltr'>δὲ</span> <span class='ocrx_word' id='word_1_204' title='bbox 3386 1480 3629 1551; x_wconf 79' lang='grc' dir='ltr'><strong>ὑφεστὼς</strong></span> <span class='ocrx_word' id='word_1_205' title='bbox 3654 1485 3713 1554; x_wconf 77' lang='grc'>(8)</span> 
     </span>
    </p>
   </div>
   <div class='ocr_carea' id='block_1_31' title="bbox 2163 1562 3712 1648">
    <p class='ocr_par' dir='ltr' id='par_1_31' title="bbox 2163 1562 3712 1648">
     <span class='ocr_line' id='line_1_31' title="bbox 2163 1562 3712 1648; baseline 0.009 -32"><span class='ocrx_word' id='word_1_206' title='bbox 2163 1562 2258 1616; x_wconf 78' lang='grc' dir='ltr'>καὶ</span> <span class='ocrx_word' id='word_1_207' title='bbox 2288 1562 2614 1633; x_wconf 75' lang='grc' dir='ltr'>δηλούμενον</span> <span class='ocrx_word' id='word_1_208' title='bbox 2651 1562 2794 1626; x_wconf 89' lang='grc' dir='ltr'>ἰδίως</span> <span class='ocrx_word' id='word_1_209' title='bbox 2824 1563 2930 1617; x_wconf 87' lang='grc' dir='ltr'>ὑπὸ</span> <span class='ocrx_word' id='word_1_210' title='bbox 2966 1565 3061 1618; x_wconf 85' lang='grc' dir='ltr'>τοῦ</span> <span class='ocrx_word' id='word_1_211' title='bbox 3105 1567 3373 1638; x_wconf 88' lang='grc' dir='ltr'>ὀνόματος</span> <span class='ocrx_word' id='word_1_212' title='bbox 3404 1575 3631 1645; x_wconf 81' lang='grc' dir='ltr'>πρᾶγμα</span> <span class='ocrx_word' id='word_1_213' title='bbox 3653 1578 3712 1648; x_wconf 73' lang='grc' dir='ltr'>μὴ</span> 
     </span>
    </p>
   </div>
   <div class='ocr_carea' id='block_1_32' title="bbox 490 1650 2069 1739">
    <p class='ocr_par' dir='ltr' id='par_1_32' title="bbox 490 1654 2065 1726">
     <span class='ocr_line' id='line_1_32' title="bbox 490 1654 2065 1726; baseline -0.003 -14"><span class='ocrx_word' id='word_1_214' title='bbox 490 1656 594 1724; x_wconf 88' lang='lat' dir='ltr'><strong>Qui</strong></span> <span class='ocrx_word' id='word_1_215' title='bbox 625 1670 803 1713; x_wconf 89' lang='lat' dir='ltr'><strong>autem</strong></span> <span class='ocrx_word' id='word_1_216' title='bbox 834 1658 1064 1713; x_wconf 85' lang='lat' dir='ltr'><strong>Paulum</strong></span> <span class='ocrx_word' id='word_1_217' title='bbox 1095 1659 1254 1726; x_wconf 75' lang='lat' dir='ltr'><strong>dixit,</strong></span> <span class='ocrx_word' id='word_1_218' title='bbox 1287 1658 1528 1715; x_wconf 87' lang='lat' dir='ltr'><strong>ostendit</strong></span> <span class='ocrx_word' id='word_1_219' title='bbox 1558 1657 1615 1712; x_wconf 94' lang='lat' dir='ltr'><strong>in</strong></span> <span class='ocrx_word' id='word_1_220' title='bbox 1639 1672 1697 1712; x_wconf 89' lang='lat' dir='ltr'><strong>re</strong></span> <span class='ocrx_word' id='word_1_221' title='bbox 1721 1658 1826 1712; x_wconf 84' lang='lat' dir='ltr'><strong>hoc</strong></span> <span class='ocrx_word' id='word_1_222' title='bbox 1844 1654 2065 1710; x_wconf 88' lang='lat' dir='ltr'><strong>nomine</strong></span> 
     </span>
    </p>
   </div>
   <div class='ocr_carea' id='block_1_33' title="bbox 2178 1650 3716 1739">
    <p class='ocr_par' dir='ltr' id='par_1_33' title="bbox 2178 1650 3716 1739">
     <span class='ocr_line' id='line_1_33' title="bbox 2178 1650 3716 1739; baseline 0.01 -36"><span class='ocrx_word' id='word_1_223' title='bbox 2178 1650 2529 1723; x_wconf 68' lang='grc' dir='ltr'>πημανθῆναι.</span> <span class='ocrx_word' id='word_1_224' title='bbox 2585 1652 2643 1704; x_wconf 86' lang='lat'><strong>&#39;0</strong></span> <span class='ocrx_word' id='word_1_225' title='bbox 2670 1651 2726 1704; x_wconf 79' lang='grc' dir='ltr'>δὲ</span> <span class='ocrx_word' id='word_1_226' title='bbox 2753 1652 2961 1707; x_wconf 81' lang='grc' dir='ltr'>Παῦλον</span> <span class='ocrx_word' id='word_1_227' title='bbox 3004 1654 3172 1709; x_wconf 79' lang='grc' dir='ltr'>εἰπὼν</span> <span class='ocrx_word' id='word_1_228' title='bbox 3211 1658 3415 1726; x_wconf 80' lang='grc' dir='ltr'>ἔδειξεν</span> <span class='ocrx_word' id='word_1_229' title='bbox 3455 1666 3515 1716; x_wconf 86' lang='grc' dir='ltr'>ὲν</span> <span class='ocrx_word' id='word_1_230' title='bbox 3541 1666 3612 1736; x_wconf 80' lang='grc' dir='ltr'>τῷ</span> <span class='ocrx_word' id='word_1_231' title='bbox 3638 1667 3716 1739; x_wconf 77' lang='grc' dir='ltr'>δη-</span> 
     </span>
    </p>
   </div>
   <div class='ocr_carea' id='block_1_34' title="bbox 492 1735 2069 1825">
    <p class='ocr_par' dir='ltr' id='par_1_34' title="bbox 492 1748 2067 1820">
     <span class='ocr_line' id='line_1_34' title="bbox 492 1748 2067 1820; baseline -0.002 -16"><span class='ocrx_word' id='word_1_232' title='bbox 492 1750 797 1820; x_wconf 84' lang='lat' dir='ltr'><strong>significata</strong></span> <span class='ocrx_word' id='word_1_233' title='bbox 833 1752 1222 1807; x_wconf 88' lang='lat' dir='ltr'><strong>subsistentem</strong></span> <span class='ocrx_word' id='word_1_234' title='bbox 1255 1762 1525 1806; x_wconf 87' lang='lat' dir='ltr'><strong>naturam.</strong></span> <span class='ocrx_word' id='word_1_235' title='bbox 1558 1748 1673 1806; x_wconf 84' lang='lat' dir='ltr'><strong>Hoc</strong></span> <span class='ocrx_word' id='word_1_236' title='bbox 1705 1749 1869 1820; x_wconf 89' lang='lat' dir='ltr'><strong>igitur</strong></span> <span class='ocrx_word' id='word_1_237' title='bbox 1898 1748 2067 1819; x_wconf 71' lang='lat' dir='ltr'><strong>hypo-</strong></span> 
     </span>
    </p>
   </div>
   <div class='ocr_carea' id='block_1_35' title="bbox 2178 1735 3714 1825">
    <p class='ocr_par' dir='ltr' id='par_1_35' title="bbox 2178 1735 3714 1825">
     <span class='ocr_line' id='line_1_35' title="bbox 2178 1735 3714 1825; baseline 0.009 -31"><span class='ocrx_word' id='word_1_238' title='bbox 2178 1743 2411 1813; x_wconf 68' lang='grc' dir='ltr'>&gt;.ουμένῳ</span> <span class='ocrx_word' id='word_1_239' title='bbox 2469 1742 2574 1797; x_wconf 75' lang='grc' dir='ltr'><strong>ὑπὸ</strong></span> <span class='ocrx_word' id='word_1_240' title='bbox 2627 1744 2719 1797; x_wconf 83' lang='grc' dir='ltr'>τοῦ</span> <span class='ocrx_word' id='word_1_241' title='bbox 2769 1745 3031 1816; x_wconf 87' lang='grc' dir='ltr'>ὀνόματος</span> <span class='ocrx_word' id='word_1_242' title='bbox 3083 1753 3373 1821; x_wconf 78' lang='grc' dir='ltr'><strong>πράγματι</strong></span> <span class='ocrx_word' id='word_1_243' title='bbox 3427 1735 3714 1825; x_wconf 68' lang='grc' dir='ltr'>ὑφεστῶσαν</span> 
     </span>
    </p>
   </div>
   <div class='ocr_carea' id='block_1_36' title="bbox 494 1834 2069 1921">
    <p class='ocr_par' dir='ltr' id='par_1_36' title="bbox 494 1835 2066 1908">
     <span class='ocr_line' id='line_1_36' title="bbox 494 1835 2066 1908; baseline -0.004 -11"><span class='ocrx_word' id='word_1_244' title='bbox 494 1843 659 1897; x_wconf 89' lang='lat' dir='ltr'><strong>stasis</strong></span> <span class='ocrx_word' id='word_1_245' title='bbox 702 1850 808 1905; x_wconf 90' lang='lat' dir='ltr'><strong>est,</strong></span> <span class='ocrx_word' id='word_1_246' title='bbox 850 1857 962 1896; x_wconf 92' lang='lat' dir='ltr'><strong>non</strong></span> <span class='ocrx_word' id='word_1_247' title='bbox 1016 1840 1298 1896; x_wconf 83' lang='lat' dir='ltr'><strong>indefinita</strong></span> <span class='ocrx_word' id='word_1_248' title='bbox 1342 1838 1594 1895; x_wconf 71' lang='lat' dir='ltr'><strong>essentia:</strong></span> <span class='ocrx_word' id='word_1_249' title='bbox 1631 1839 1804 1901; x_wconf 92' lang='lat' dir='ltr'><strong>notio,</strong></span> <span class='ocrx_word' id='word_1_250' title='bbox 1836 1851 1957 1908; x_wconf 68' lang='lat' dir='ltr'><strong>quae</strong></span> <span class='ocrx_word' id='word_1_251' title='bbox 1995 1835 2066 1890; x_wconf 89' lang='lat' dir='ltr'><strong>ob</strong></span> 
     </span>
    </p>
   </div>
   <div class='ocr_carea' id='block_1_37' title="bbox 2178 1834 3718 1921">
    <p class='ocr_par' dir='ltr' id='par_1_37' title="bbox 2178 1834 3718 1921">
     <span class='ocr_line' id='line_1_37' title="bbox 2178 1834 3718 1921; baseline 0.012 -34"><span class='ocrx_word' id='word_1_252' title='bbox 2178 1834 2263 1907; x_wconf 78' lang='grc' dir='ltr'>τὴν</span> <span class='ocrx_word' id='word_1_253' title='bbox 2291 1836 2473 1905; x_wconf 80' lang='grc' dir='ltr'>φύσιν.</span> <span class='ocrx_word' id='word_1_254' title='bbox 2518 1836 2687 1890; x_wconf 77' lang='grc' dir='ltr'>Τοῦτο</span> <span class='ocrx_word' id='word_1_255' title='bbox 2715 1834 2808 1891; x_wconf 77' lang='grc' dir='ltr'>οὖν</span> <span class='ocrx_word' id='word_1_256' title='bbox 2849 1840 2997 1893; x_wconf 76' lang='grc' dir='ltr'>ἐστιν</span> <span class='ocrx_word' id='word_1_257' title='bbox 3029 1843 3061 1912; x_wconf 83' lang='grc' dir='ltr'><strong>ἡ</strong></span> <span class='ocrx_word' id='word_1_258' title='bbox 3096 1842 3394 1909; x_wconf 76' lang='grc' dir='ltr'>ὑπόστασις</span> <span class='ocrx_word' id='word_1_259' title='bbox 3415 1886 3431 1910; x_wconf 91' lang='grc'><strong>,</strong></span> <span class='ocrx_word' id='word_1_260' title='bbox 3463 1850 3558 1920; x_wconf 81' lang='grc' dir='ltr'><strong>οὐχ</strong></span> <span class='ocrx_word' id='word_1_261' title='bbox 3588 1852 3617 1921; x_wconf 78' lang='grc' dir='ltr'><strong>ἠ</strong></span> <span class='ocrx_word' id='word_1_262' title='bbox 3646 1853 3718 1904; x_wconf 71' lang='lat' dir='ltr'><strong>d6-</strong></span> 
     </span>
    </p>
   </div>
   <div class='ocr_carea' id='block_1_38' title="bbox 493 1928 2064 2005">
    <p class='ocr_par' dir='ltr' id='par_1_38' title="bbox 493 1928 2064 2005">
     <span class='ocr_line' id='line_1_38' title="bbox 493 1928 2064 2005; baseline -0.004 -17"><span class='ocrx_word' id='word_1_263' title='bbox 493 1934 942 1989; x_wconf 88' lang='lat' dir='ltr'><strong>communitatem</strong></span> <span class='ocrx_word' id='word_1_264' title='bbox 974 1935 1049 1989; x_wconf 87' lang='lat' dir='ltr'><strong>rei</strong></span> <span class='ocrx_word' id='word_1_265' title='bbox 1075 1932 1389 2005; x_wconf 58' lang='lat' dir='ltr'><strong>significata:</strong></span> <span class='ocrx_word' id='word_1_266' title='bbox 1405 1933 1608 1987; x_wconf 90' lang='lat' dir='ltr'><strong>nullam</strong></span> <span class='ocrx_word' id='word_1_267' title='bbox 1632 1930 1814 1986; x_wconf 86' lang='lat' dir='ltr'><strong>sedem</strong></span> <span class='ocrx_word' id='word_1_268' title='bbox 1843 1928 2064 1999; x_wconf 90' lang='lat' dir='ltr'><strong>reperit,</strong></span> 
     </span>
    </p>
   </div>
   <div class='ocr_carea' id='block_1_39' title="bbox 494 2022 2070 2097">
    <p class='ocr_par' dir='ltr' id='par_1_39' title="bbox 494 2022 2070 2097">
     <span class='ocr_line' id='line_1_39' title="bbox 494 2022 2070 2097; baseline -0.007 -15"><span class='ocrx_word' id='word_1_269' title='bbox 494 2027 591 2082; x_wconf 89' lang='lat' dir='ltr'><strong>sed</strong></span> <span class='ocrx_word' id='word_1_270' title='bbox 620 2042 740 2097; x_wconf 72' lang='lat' dir='ltr'><strong>quae</strong></span> <span class='ocrx_word' id='word_1_271' title='bbox 768 2026 911 2096; x_wconf 86' lang='lat' dir='ltr'><strong>quod</strong></span> <span class='ocrx_word' id='word_1_272' title='bbox 946 2041 1237 2081; x_wconf 91' lang='lat' dir='ltr'><strong>commune</strong></span> <span class='ocrx_word' id='word_1_273' title='bbox 1281 2027 1336 2080; x_wconf 91' lang='lat' dir='ltr'><strong>in</strong></span> <span class='ocrx_word' id='word_1_274' title='bbox 1368 2027 1550 2095; x_wconf 83' lang='lat' dir='ltr'><strong>aliqua</strong></span> <span class='ocrx_word' id='word_1_275' title='bbox 1590 2039 1649 2078; x_wconf 90' lang='lat' dir='ltr'><strong>re</strong></span> <span class='ocrx_word' id='word_1_276' title='bbox 1685 2031 1739 2077; x_wconf 88' lang='lat' dir='ltr'><strong>et</strong></span> <span class='ocrx_word' id='word_1_277' title='bbox 1776 2022 2070 2076; x_wconf 82' lang='lat' dir='ltr'><strong>incircum-</strong></span> 
     </span>
    </p>
   </div>
   <div class='ocr_carea' id='block_1_40' title="bbox 495 2113 2072 2189">
    <p class='ocr_par' dir='ltr' id='par_1_40' title="bbox 495 2113 2072 2189">
     <span class='ocr_line' id='line_1_40' title="bbox 495 2113 2072 2189; baseline -0.004 -17"><span class='ocrx_word' id='word_1_278' title='bbox 495 2117 761 2189; x_wconf 88' lang='lat' dir='ltr'><strong>scriptum</strong></span> <span class='ocrx_word' id='word_1_279' title='bbox 803 2126 909 2183; x_wconf 89' lang='lat' dir='ltr'><strong>est,</strong></span> <span class='ocrx_word' id='word_1_280' title='bbox 943 2133 1040 2187; x_wconf 90' lang='lat' dir='ltr'><strong>per</strong></span> <span class='ocrx_word' id='word_1_281' title='bbox 1081 2119 1408 2188; x_wconf 88' lang='lat' dir='ltr'><strong>conspicuas</strong></span> <span class='ocrx_word' id='word_1_282' title='bbox 1442 2116 1804 2187; x_wconf 81' lang='lat' dir='ltr'><strong>proprietates</strong></span> <span class='ocrx_word' id='word_1_283' title='bbox 1840 2113 2072 2168; x_wconf 89' lang='lat' dir='ltr'><strong>restrin-</strong></span> 
     </span>
    </p>
   </div>
   <div class='ocr_carea' id='block_1_41' title="bbox 2173 1927 3715 2015">
    <p class='ocr_par' dir='ltr' id='par_1_41' title="bbox 2173 1927 3715 2015">
     <span class='ocr_line' id='line_1_41' title="bbox 2173 1927 3715 2015; baseline 0.01 -35"><span class='ocrx_word' id='word_1_284' title='bbox 2173 1943 2351 1998; x_wconf 87' lang='grc' dir='ltr'>ριστος</span> <span class='ocrx_word' id='word_1_285' title='bbox 2375 1929 2472 1998; x_wconf 83' lang='grc' dir='ltr'>τῆς</span> <span class='ocrx_word' id='word_1_286' title='bbox 2498 1927 2685 1993; x_wconf 83' lang='grc' dir='ltr'>οὐσίας</span> <span class='ocrx_word' id='word_1_287' title='bbox 2715 1929 2923 1998; x_wconf 73' lang='grc' dir='ltr'>ἔννοια,</span> <span class='ocrx_word' id='word_1_288' title='bbox 2955 1933 3223 2005; x_wconf 84' lang='grc' dir='ltr'>μηδεμίαν</span> <span class='ocrx_word' id='word_1_289' title='bbox 3262 1940 3327 1991; x_wconf 84' lang='grc' dir='ltr'>ὲκ</span> <span class='ocrx_word' id='word_1_290' title='bbox 3366 1942 3473 2012; x_wconf 79' lang='grc' dir='ltr'>τῆς</span> <span class='ocrx_word' id='word_1_291' title='bbox 3501 1945 3715 2015; x_wconf 78' lang='grc' dir='ltr'>κοινότη-</span> 
     </span>
    </p>
   </div>
   <div class='ocr_carea' id='block_1_42' title="bbox 2167 2019 3716 2101">
    <p class='ocr_par' dir='ltr' id='par_1_42' title="bbox 2167 2019 3716 2101">
     <span class='ocr_line' id='line_1_42' title="bbox 2167 2019 3716 2101; baseline 0.012 -29"><span class='ocrx_word' id='word_1_292' title='bbox 2167 2037 2259 2083; x_wconf 86' lang='grc' dir='ltr'>τος</span> <span class='ocrx_word' id='word_1_293' title='bbox 2318 2019 2413 2073; x_wconf 82' lang='grc' dir='ltr'>τοῦ</span> <span class='ocrx_word' id='word_1_294' title='bbox 2480 2023 2878 2093; x_wconf 84' lang='grc' dir='ltr'>σημαινομένου</span> <span class='ocrx_word' id='word_1_295' title='bbox 2945 2025 3135 2079; x_wconf 80' lang='grc' dir='ltr'>στάσιν</span> <span class='ocrx_word' id='word_1_296' title='bbox 3199 2029 3536 2101; x_wconf 85' lang='grc' dir='ltr'>εὑρίσκουσα</span> <span class='ocrx_word' id='word_1_297' title='bbox 3565 2075 3580 2099; x_wconf 94' lang='grc'><strong>,</strong></span> <span class='ocrx_word' id='word_1_298' title='bbox 3621 2037 3716 2089; x_wconf 77' lang='grc' dir='ltr'>ἀλλ’</span> 
     </span>
    </p>
   </div>
   <div class='ocr_carea' id='block_1_43' title="bbox 2168 2109 3716 2193">
    <p class='ocr_par' dir='ltr' id='par_1_43' title="bbox 2168 2109 3716 2193">
     <span class='ocr_line' id='line_1_43' title="bbox 2168 2109 3716 2193; baseline 0.009 -31"><span class='ocrx_word' id='word_1_299' title='bbox 2168 2111 2201 2182; x_wconf 85' lang='grc' dir='ltr'>ή</span> <span class='ocrx_word' id='word_1_300' title='bbox 2243 2109 2304 2163; x_wconf 81' lang='grc' dir='ltr'>τὸ</span> <span class='ocrx_word' id='word_1_301' title='bbox 2347 2109 2421 2180; x_wconf 82' lang='lat'><strong>(9)</strong></span> <span class='ocrx_word' id='word_1_302' title='bbox 2470 2111 2645 2164; x_wconf 89' lang='grc' dir='ltr'>κοινόν</span> <span class='ocrx_word' id='word_1_303' title='bbox 2692 2113 2896 2166; x_wconf 77' lang='grc' dir='ltr'>τεκαὶ</span> <span class='ocrx_word' id='word_1_304' title='bbox 2938 2114 3344 2187; x_wconf 84' lang='grc' dir='ltr'>ἀπερίγραπτον</span> <span class='ocrx_word' id='word_1_305' title='bbox 3401 2122 3462 2173; x_wconf 82' lang='grc' dir='ltr'>ἐν</span> <span class='ocrx_word' id='word_1_306' title='bbox 3508 2122 3582 2193; x_wconf 84' lang='grc' dir='ltr'>τῷ</span> <span class='ocrx_word' id='word_1_307' title='bbox 3630 2126 3716 2178; x_wconf 77' lang='grc' dir='ltr'>τινὶ</span> 
     </span>
    </p>
   </div>
   <div class='ocr_carea' id='block_1_44' title="bbox 495 2202 2071 2279">
    <p class='ocr_par' dir='ltr' id='par_1_44' title="bbox 495 2202 2071 2279">
     <span class='ocr_line' id='line_1_44' title="bbox 495 2202 2071 2279; baseline -0.003 -19"><span class='ocrx_word' id='word_1_308' title='bbox 495 2208 574 2279; x_wconf 88' lang='lat' dir='ltr'><strong>git</strong></span> <span class='ocrx_word' id='word_1_309' title='bbox 605 2223 669 2262; x_wconf 91' lang='lat' dir='ltr'><strong>ac</strong></span> <span class='ocrx_word' id='word_1_310' title='bbox 708 2208 1149 2275; x_wconf 86' lang='lat' dir='ltr'><strong>circumscribit;</strong></span> <span class='ocrx_word' id='word_1_311' title='bbox 1183 2205 1644 2278; x_wconf 86' lang='lat' dir='ltr'><strong>quemadmodum</strong></span> <span class='ocrx_word' id='word_1_312' title='bbox 1685 2211 1740 2260; x_wconf 90' lang='lat' dir='ltr'><strong>et</strong></span> <span class='ocrx_word' id='word_1_313' title='bbox 1779 2202 2071 2274; x_wconf 88' lang='lat' dir='ltr'><strong>Scriptura</strong></span> 
     </span>
    </p>
   </div>
   <div class='ocr_carea' id='block_1_45' title="bbox 497 2292 2073 2370">
    <p class='ocr_par' dir='ltr' id='par_1_45' title="bbox 497 2292 2073 2370">
     <span class='ocr_line' id='line_1_45' title="bbox 497 2292 2073 2370; baseline -0.003 -16"><span class='ocrx_word' id='word_1_314' title='bbox 497 2300 617 2370; x_wconf 87' lang='lat' dir='ltr'><strong>ipsa</strong></span> <span class='ocrx_word' id='word_1_315' title='bbox 649 2301 788 2356; x_wconf 89' lang='lat' dir='ltr'><strong>solet</strong></span> <span class='ocrx_word' id='word_1_316' title='bbox 830 2300 1008 2355; x_wconf 90' lang='lat' dir='ltr'><strong>simile</strong></span> <span class='ocrx_word' id='word_1_317' title='bbox 1056 2298 1339 2369; x_wconf 86' lang='lat' dir='ltr'><strong>quidpiam</strong></span> <span class='ocrx_word' id='word_1_318' title='bbox 1384 2296 1586 2363; x_wconf 82' lang='lat' dir='ltr'><strong>facere,</strong></span> <span class='ocrx_word' id='word_1_319' title='bbox 1622 2312 1747 2351; x_wconf 92' lang='lat' dir='ltr'><strong>cum</strong></span> <span class='ocrx_word' id='word_1_320' title='bbox 1798 2296 1853 2350; x_wconf 90' lang='lat' dir='ltr'><strong>in</strong></span> <span class='ocrx_word' id='word_1_321' title='bbox 1884 2292 2073 2349; x_wconf 86' lang='lat' dir='ltr'><strong>multis</strong></span> 
     </span>
    </p>
   </div>
   <div class='ocr_carea' id='block_1_46' title="bbox 497 2385 2072 2458">
    <p class='ocr_par' dir='ltr' id='par_1_46' title="bbox 497 2385 2072 2458">
     <span class='ocr_line' id='line_1_46' title="bbox 497 2385 2072 2458; baseline -0.004 -11"><span class='ocrx_word' id='word_1_322' title='bbox 497 2393 623 2448; x_wconf 91' lang='lat' dir='ltr'><strong>aliis</strong></span> <span class='ocrx_word' id='word_1_323' title='bbox 692 2393 851 2458; x_wconf 88' lang='lat' dir='ltr'><strong>locis,</strong></span> <span class='ocrx_word' id='word_1_324' title='bbox 916 2401 1029 2446; x_wconf 92' lang='lat' dir='ltr'><strong>tum</strong></span> <span class='ocrx_word' id='word_1_325' title='bbox 1076 2392 1133 2446; x_wconf 89' lang='lat' dir='ltr'><strong>in</strong></span> <span class='ocrx_word' id='word_1_326' title='bbox 1172 2391 1400 2445; x_wconf 87' lang='lat' dir='ltr'><strong>historia</strong></span> <span class='ocrx_word' id='word_1_327' title='bbox 1453 2389 1596 2444; x_wconf 83' lang='lat' dir='ltr'><strong>Jobi.</strong></span> <span class='ocrx_word' id='word_1_328' title='bbox 1649 2388 1783 2443; x_wconf 83' lang='lat' dir='ltr'><strong>Nam</strong></span> <span class='ocrx_word' id='word_1_329' title='bbox 1838 2402 1961 2458; x_wconf 62' lang='lat' dir='ltr'><strong>quae</strong></span> <span class='ocrx_word' id='word_1_330' title='bbox 2002 2385 2072 2441; x_wconf 90' lang='lat' dir='ltr'><strong>ad</strong></span> 
     </span>
    </p>
   </div>
   <div class='ocr_carea' id='block_1_47' title="bbox 496 2476 2073 2555">
    <p class='ocr_par' dir='ltr' id='par_1_47' title="bbox 496 2476 2073 2555">
     <span class='ocr_line' id='line_1_47' title="bbox 496 2476 2073 2555; baseline -0.006 -14"><span class='ocrx_word' id='word_1_331' title='bbox 496 2487 678 2555; x_wconf 88' lang='lat' dir='ltr'><strong>ipsum</strong></span> <span class='ocrx_word' id='word_1_332' title='bbox 718 2485 950 2538; x_wconf 87' lang='lat' dir='ltr'><strong>attinent</strong></span> <span class='ocrx_word' id='word_1_333' title='bbox 982 2494 1293 2547; x_wconf 88' lang='lat' dir='ltr'><strong>narratura,</strong></span> <span class='ocrx_word' id='word_1_334' title='bbox 1320 2489 1605 2551; x_wconf 83' lang='lat' dir='ltr'><strong>postquam</strong></span> <span class='ocrx_word' id='word_1_335' title='bbox 1640 2479 1819 2550; x_wconf 90' lang='lat' dir='ltr'><strong>primo</strong></span> <span class='ocrx_word' id='word_1_336' title='bbox 1853 2478 1906 2531; x_wconf 94' lang='lat' dir='ltr'><strong>id</strong></span> <span class='ocrx_word' id='word_1_337' title='bbox 1926 2476 2073 2547; x_wconf 88' lang='lat' dir='ltr'><strong>quod</strong></span> 
     </span>
    </p>
   </div>
   <div class='ocr_carea' id='block_1_48' title="bbox 498 2570 2075 2636">
    <p class='ocr_par' dir='ltr' id='par_1_48' title="bbox 498 2570 2075 2636">
     <span class='ocr_line' id='line_1_48' title="bbox 498 2570 2075 2636; baseline -0.007 -5"><span class='ocrx_word' id='word_1_338' title='bbox 498 2589 790 2631; x_wconf 88' lang='lat' dir='ltr'><strong>commune</strong></span> <span class='ocrx_word' id='word_1_339' title='bbox 838 2582 920 2629; x_wconf 90' lang='lat' dir='ltr'><strong>est</strong></span> <span class='ocrx_word' id='word_1_340' title='bbox 952 2572 1418 2636; x_wconf 81' lang='lat' dir='ltr'><strong>commemoravit,</strong></span> <span class='ocrx_word' id='word_1_341' title='bbox 1447 2578 1501 2624; x_wconf 89' lang='lat' dir='ltr'><strong>et</strong></span> <span class='ocrx_word' id='word_1_342' title='bbox 1532 2570 1688 2632; x_wconf 79' lang='lat' dir='ltr'><strong>dixit,</strong></span> <span class='ocrx_word' id='word_1_343' title='bbox 1724 2572 1877 2621; x_wconf 87' lang='lat' dir='ltr'><strong>homo</strong></span> <span class='ocrx_word' id='word_1_344' title='bbox 1896 2584 1917 2633; x_wconf 89' lang='lat'><em>;</em></span> <span class='ocrx_word' id='word_1_345' title='bbox 1961 2575 2075 2622; x_wconf 84' lang='lat' dir='ltr'><strong>sta-</strong></span> 
     </span>
    </p>
   </div>
   <div class='ocr_carea' id='block_1_49' title="bbox 499 2660 2075 2736">
    <p class='ocr_par' dir='ltr' id='par_1_49' title="bbox 499 2660 2075 2736">
     <span class='ocr_line' id='line_1_49' title="bbox 499 2660 2075 2736; baseline -0.006 -13"><span class='ocrx_word' id='word_1_346' title='bbox 499 2670 601 2723; x_wconf 85' lang='lat' dir='ltr'><strong>tim</strong></span> <span class='ocrx_word' id='word_1_347' title='bbox 626 2667 833 2722; x_wconf 89' lang='lat' dir='ltr'><strong>dirimit</strong></span> <span class='ocrx_word' id='word_1_348' title='bbox 864 2680 960 2736; x_wconf 91' lang='lat' dir='ltr'><strong>per</strong></span> <span class='ocrx_word' id='word_1_349' title='bbox 983 2665 1036 2720; x_wconf 89' lang='lat' dir='ltr'><strong>id</strong></span> <span class='ocrx_word' id='word_1_350' title='bbox 1059 2663 1205 2735; x_wconf 91' lang='lat' dir='ltr'><strong>quod</strong></span> <span class='ocrx_word' id='word_1_351' title='bbox 1232 2663 1512 2734; x_wconf 91' lang='lat' dir='ltr'><strong>proprium</strong></span> <span class='ocrx_word' id='word_1_352' title='bbox 1536 2668 1638 2722; x_wconf 87' lang='lat' dir='ltr'><strong>est.</strong></span> <span class='ocrx_word' id='word_1_353' title='bbox 1669 2660 1941 2726; x_wconf 89' lang='lat' dir='ltr'><strong>addendo,</strong></span> <span class='ocrx_word' id='word_1_354' title='bbox 1962 2660 2075 2729; x_wconf 78' lang='lat' dir='ltr'><strong>qui-</strong></span> 
     </span>
    </p>
   </div>
   <div class='ocr_carea' id='block_1_50' title="bbox 502 2752 2077 2826">
    <p class='ocr_par' dir='ltr' id='par_1_50' title="bbox 502 2752 2077 2826">
     <span class='ocr_line' id='line_1_50' title="bbox 502 2752 2077 2826; baseline -0.006 -13"><span class='ocrx_word' id='word_1_355' title='bbox 502 2761 629 2813; x_wconf 87' lang='lat' dir='ltr'><strong>dam</strong></span> <span class='ocrx_word' id='word_1_356' title='bbox 647 2760 710 2811; x_wconf 81' lang='lat'><strong>“.</strong></span> <span class='ocrx_word' id='word_1_357' title='bbox 735 2755 842 2812; x_wconf 91' lang='lat' dir='ltr'><strong>Sed</strong></span> <span class='ocrx_word' id='word_1_358' title='bbox 866 2759 1119 2812; x_wconf 84' lang='lat' dir='ltr'><strong>essentiae</strong></span> <span class='ocrx_word' id='word_1_359' title='bbox 1146 2756 1364 2825; x_wconf 89' lang='lat' dir='ltr'><strong>quidem</strong></span> <span class='ocrx_word' id='word_1_360' title='bbox 1394 2752 1840 2826; x_wconf 87' lang='lat' dir='ltr'><strong>descriptionem,</strong></span> <span class='ocrx_word' id='word_1_361' title='bbox 1874 2761 1935 2805; x_wconf 92' lang='lat' dir='ltr'><strong>ut</strong></span> <span class='ocrx_word' id='word_1_362' title='bbox 1960 2766 2077 2806; x_wconf 85' lang='lat' dir='ltr'><strong>ser-</strong></span> 
     </span>
    </p>
   </div>
   <div class='ocr_carea' id='block_1_51' title="bbox 504 2842 2075 2920">
    <p class='ocr_par' dir='ltr' id='par_1_51' title="bbox 504 2842 2075 2920">
     <span class='ocr_line' id='line_1_51' title="bbox 504 2842 2075 2920; baseline -0.005 -15"><span class='ocrx_word' id='word_1_363' title='bbox 504 2851 686 2906; x_wconf 90' lang='lat' dir='ltr'><strong>monis</strong></span> <span class='ocrx_word' id='word_1_364' title='bbox 715 2849 997 2920; x_wconf 88' lang='lat' dir='ltr'><strong>proposito</strong></span> <span class='ocrx_word' id='word_1_365' title='bbox 1030 2847 1167 2901; x_wconf 88' lang='lat' dir='ltr'><strong>nihil</strong></span> <span class='ocrx_word' id='word_1_366' title='bbox 1215 2846 1607 2900; x_wconf 87' lang='lat' dir='ltr'><strong>conducentem</strong></span> <span class='ocrx_word' id='word_1_367' title='bbox 1651 2844 1870 2899; x_wconf 89' lang='lat' dir='ltr'><strong>reticuit</strong></span> <span class='ocrx_word' id='word_1_368' title='bbox 1899 2862 1913 2898; x_wconf 89' lang='lat'><strong>:</strong></span> <span class='ocrx_word' id='word_1_369' title='bbox 1943 2842 2075 2898; x_wconf 87' lang='lat' dir='ltr'><strong>illud</strong></span> 
     </span>
    </p>
   </div>
   <div class='ocr_carea' id='block_1_52' title="bbox 446 2935 2079 3017">
    <p class='ocr_par' dir='ltr' id='par_1_52' title="bbox 446 2935 2079 3017">
     <span class='ocr_line' id='line_1_52' title="bbox 446 2935 2079 3017; baseline -0.007 -18"><span class='ocrx_word' id='word_1_370' title='bbox 446 3002 458 3017; x_wconf 64' lang='grc'><strong>,</strong></span> <span class='ocrx_word' id='word_1_371' title='bbox 507 2952 689 2999; x_wconf 87' lang='lat' dir='ltr'><strong>autem</strong></span> <span class='ocrx_word' id='word_1_372' title='bbox 713 2942 930 3014; x_wconf 79' lang='lat' dir='ltr'><strong>quidam</strong></span> <span class='ocrx_word' id='word_1_373' title='bbox 957 2941 1193 3011; x_wconf 81' lang='lat' dir='ltr'><strong>propriis</strong></span> <span class='ocrx_word' id='word_1_374' title='bbox 1217 2939 1363 2994; x_wconf 90' lang='lat' dir='ltr'><strong>notis</strong></span> <span class='ocrx_word' id='word_1_375' title='bbox 1389 2936 1614 3002; x_wconf 85' lang='lat' dir='ltr'><strong>indicat,</strong></span> <span class='ocrx_word' id='word_1_376' title='bbox 1645 2945 1699 2992; x_wconf 91' lang='lat' dir='ltr'><strong>et</strong></span> <span class='ocrx_word' id='word_1_377' title='bbox 1729 2938 1906 2991; x_wconf 91' lang='lat' dir='ltr'><strong>locum</strong></span> <span class='ocrx_word' id='word_1_378' title='bbox 1934 2935 2079 2990; x_wconf 81' lang='lat' dir='ltr'><strong>refe-</strong></span> 
     </span>
    </p>
   </div>
   <div class='ocr_carea' id='block_1_53' title="bbox 2171 2190 3817 2289">
    <p class='ocr_par' dir='ltr' id='par_1_53' title="bbox 2171 2190 3817 2289">
     <span class='ocr_line' id='line_1_53' title="bbox 2171 2190 3817 2289; baseline 0.01 -33"><span class='ocrx_word' id='word_1_379' title='bbox 2171 2203 2457 2276; x_wconf 84' lang='grc' dir='ltr'>πράγματι</span> <span class='ocrx_word' id='word_1_380' title='bbox 2490 2204 2580 2258; x_wconf 80' lang='grc' dir='ltr'><strong>διὰ</strong></span> <span class='ocrx_word' id='word_1_381' title='bbox 2625 2204 2731 2258; x_wconf 88' lang='grc' dir='ltr'>τῶν</span> <span class='ocrx_word' id='word_1_382' title='bbox 2778 2207 3214 2278; x_wconf 77' lang='grc' dir='ltr'>ἐπιφαινομένων</span> <span class='ocrx_word' id='word_1_383' title='bbox 3259 2190 3566 2284; x_wconf 77' lang='grc' dir='ltr'>ἰδιωμάτων</span> <span class='ocrx_word' id='word_1_384' title='bbox 3601 2236 3717 2289; x_wconf 78' lang='grc' dir='ltr'>πσρ-</span> <span class='ocrx_word' id='word_1_385' title='bbox 3816 2190 3817 2251; x_wconf 34' lang='grc' dir='ltr'><strong>ἦ</strong></span> 
     </span>
    </p>
   </div>
   <div class='ocr_carea' id='block_1_54' title="bbox 2175 2293 3719 2381">
    <p class='ocr_par' dir='ltr' id='par_1_54' title="bbox 2175 2293 3719 2381">
     <span class='ocr_line' id='line_1_54' title="bbox 2175 2293 3719 2381; baseline 0.01 -34"><span class='ocrx_word' id='word_1_386' title='bbox 2175 2293 2378 2349; x_wconf 86' lang='grc' dir='ltr'>ιστῶσα</span> <span class='ocrx_word' id='word_1_387' title='bbox 2417 2296 2511 2349; x_wconf 74' lang='grc' dir='ltr'>καὶ</span> <span class='ocrx_word' id='word_1_388' title='bbox 2552 2298 3000 2370; x_wconf 79' lang='grc' dir='ltr'>περιγράφουσα·</span> <span class='ocrx_word' id='word_1_389' title='bbox 3027 2300 3103 2363; x_wconf 86' lang='grc' dir='ltr'>ὡς</span> <span class='ocrx_word' id='word_1_390' title='bbox 3147 2303 3242 2356; x_wconf 81' lang='grc' dir='ltr'>καὶ</span> <span class='ocrx_word' id='word_1_391' title='bbox 3282 2308 3348 2377; x_wconf 81' lang='grc' dir='ltr'>τῇ</span> <span class='ocrx_word' id='word_1_392' title='bbox 3404 2308 3592 2381; x_wconf 73' lang='grc' dir='ltr'>Γραφῇ</span> <span class='ocrx_word' id='word_1_393' title='bbox 3618 2310 3719 2363; x_wconf 70' lang='lat' dir='ltr'><strong>stiv-</strong></span> 
     </span>
    </p>
   </div>
   <div class='ocr_carea' id='block_1_55' title="bbox 2172 2385 3716 2463">
    <p class='ocr_par' dir='ltr' id='par_1_55' title="bbox 2172 2385 3716 2463">
     <span class='ocr_line' id='line_1_55' title="bbox 2172 2385 3716 2463; baseline 0.011 -24"><span class='ocrx_word' id='word_1_394' title='bbox 2172 2385 2302 2458; x_wconf 85' lang='grc' dir='ltr'>ηθες</span> <span class='ocrx_word' id='word_1_395' title='bbox 2331 2387 2392 2440; x_wconf 82' lang='grc' dir='ltr'>τὸ</span> <span class='ocrx_word' id='word_1_396' title='bbox 2436 2386 2675 2441; x_wconf 81' lang='grc' dir='ltr'>τοιοῦτον</span> <span class='ocrx_word' id='word_1_397' title='bbox 2714 2393 2887 2443; x_wconf 85' lang='grc' dir='ltr'>ποιεῖν</span> <span class='ocrx_word' id='word_1_398' title='bbox 2919 2392 2977 2444; x_wconf 83' lang='grc' dir='ltr'>ὲν</span> <span class='ocrx_word' id='word_1_399' title='bbox 3013 2391 3194 2458; x_wconf 82' lang='grc' dir='ltr'>ἄλλοις</span> <span class='ocrx_word' id='word_1_400' title='bbox 3215 2412 3273 2448; x_wconf 89' lang='grc' dir='ltr'><strong>τε</strong></span> <span class='ocrx_word' id='word_1_401' title='bbox 3304 2398 3524 2463; x_wconf 81' lang='grc' dir='ltr'>πολλοῖς</span> <span class='ocrx_word' id='word_1_402' title='bbox 3555 2403 3639 2455; x_wconf 83' lang='grc' dir='ltr'>καὶ</span> <span class='ocrx_word' id='word_1_403' title='bbox 3669 2406 3716 2456; x_wconf 82' lang='grc' dir='ltr'>ὲν</span> 
     </span>
    </p>
   </div>
   <div class='ocr_carea' id='block_1_56' title="bbox 2172 2478 3715 2562">
    <p class='ocr_par' dir='ltr' id='par_1_56' title="bbox 2172 2478 3715 2562">
     <span class='ocr_line' id='line_1_56' title="bbox 2172 2478 3715 2562; baseline 0.01 -32"><span class='ocrx_word' id='word_1_404' title='bbox 2172 2481 2237 2550; x_wconf 80' lang='grc' dir='ltr'><strong>τῇ</strong></span> <span class='ocrx_word' id='word_1_405' title='bbox 2268 2478 2409 2532; x_wconf 75' lang='grc' dir='ltr'>κατὰ</span> <span class='ocrx_word' id='word_1_406' title='bbox 2452 2481 2545 2534; x_wconf 81' lang='grc' dir='ltr'>τὸν</span> <span class='ocrx_word' id='word_1_407' title='bbox 2592 2481 2711 2535; x_wconf 77' lang='grc' dir='ltr'><strong>Ἰὼϐ</strong></span> <span class='ocrx_word' id='word_1_408' title='bbox 2765 2483 2990 2555; x_wconf 80' lang='grc' dir='ltr'>ἱστορίᾳ.</span> <span class='ocrx_word' id='word_1_409' title='bbox 3037 2486 3251 2559; x_wconf 80' lang='grc' dir='ltr'>Ἐπειδὴ</span> <span class='ocrx_word' id='word_1_410' title='bbox 3295 2490 3410 2562; x_wconf 82' lang='grc' dir='ltr'><strong>γὰρ</strong></span> <span class='ocrx_word' id='word_1_411' title='bbox 3446 2492 3628 2562; x_wconf 80' lang='grc' dir='ltr'>ἔμελλε</span> <span class='ocrx_word' id='word_1_412' title='bbox 3660 2494 3715 2547; x_wconf 73' lang='grc' dir='ltr'>τὰ</span> 
     </span>
    </p>
   </div>
   <div class='ocr_carea' id='block_1_57' title="bbox 2174 2570 3713 2656">
    <p class='ocr_par' dir='ltr' id='par_1_57' title="bbox 2174 2570 3713 2656">
     <span class='ocr_line' id='line_1_57' title="bbox 2174 2570 3713 2656; baseline 0.011 -34"><span class='ocrx_word' id='word_1_413' title='bbox 2174 2570 2302 2641; x_wconf 75' lang='grc' dir='ltr'>περὶ</span> <span class='ocrx_word' id='word_1_414' title='bbox 2329 2571 2493 2624; x_wconf 79' lang='grc' dir='ltr'>αὐτοῦ</span> <span class='ocrx_word' id='word_1_415' title='bbox 2522 2572 2824 2644; x_wconf 81' lang='grc' dir='ltr'>διηγεῖσθαι</span> <span class='ocrx_word' id='word_1_416' title='bbox 2843 2615 2858 2638; x_wconf 90' lang='grc'><strong>,</strong></span> <span class='ocrx_word' id='word_1_417' title='bbox 2896 2575 3158 2648; x_wconf 90' lang='grc' dir='ltr'>πρότερον</span> <span class='ocrx_word' id='word_1_418' title='bbox 3187 2579 3283 2633; x_wconf 84' lang='grc' dir='ltr'>τοῦ</span> <span class='ocrx_word' id='word_1_419' title='bbox 3310 2583 3496 2636; x_wconf 75' lang='grc' dir='ltr'>κοινοῦ</span> <span class='ocrx_word' id='word_1_420' title='bbox 3536 2602 3713 2656; x_wconf 80' lang='grc' dir='ltr'>μνημο-</span> 
     </span>
    </p>
   </div>
   <div class='ocr_carea' id='block_1_58' title="bbox 2174 2663 3715 2746">
    <p class='ocr_par' dir='ltr' id='par_1_58' title="bbox 2174 2663 3715 2746">
     <span class='ocr_line' id='line_1_58' title="bbox 2174 2663 3715 2746; baseline 0.01 -32"><span class='ocrx_word' id='word_1_421' title='bbox 2174 2663 2432 2726; x_wconf 86' lang='grc' dir='ltr'>νεὺσασα,</span> <span class='ocrx_word' id='word_1_422' title='bbox 2474 2666 2568 2718; x_wconf 81' lang='grc' dir='ltr'>καὶ</span> <span class='ocrx_word' id='word_1_423' title='bbox 2598 2665 2861 2734; x_wconf 79' lang='grc' dir='ltr'>εἰποῦσα,</span> <span class='ocrx_word' id='word_1_424' title='bbox 2892 2668 3200 2738; x_wconf 81' lang='grc' dir='ltr'>ἄνθρωπος</span> <span class='ocrx_word' id='word_1_425' title='bbox 3221 2711 3236 2735; x_wconf 92' lang='grc'><strong>,</strong></span> <span class='ocrx_word' id='word_1_426' title='bbox 3266 2672 3433 2738; x_wconf 74' lang='grc' dir='ltr'>εὐθὺς</span> <span class='ocrx_word' id='word_1_427' title='bbox 3457 2677 3715 2746; x_wconf 78' lang='grc' dir='ltr'>ἀποτέμνει</span> 
     </span>
    </p>
   </div>
   <div class='ocr_carea' id='block_1_59' title="bbox 2174 2755 3721 2841">
    <p class='ocr_par' dir='ltr' id='par_1_59' title="bbox 2174 2755 3721 2841">
     <span class='ocr_line' id='line_1_59' title="bbox 2174 2755 3721 2841; baseline 0.008 -31"><span class='ocrx_word' id='word_1_428' title='bbox 2174 2756 2253 2826; x_wconf 83' lang='grc' dir='ltr'>τῷ</span> <span class='ocrx_word' id='word_1_429' title='bbox 2289 2755 2540 2819; x_wconf 75' lang='grc' dir='ltr'>ἰδιάζοντι</span> <span class='ocrx_word' id='word_1_430' title='bbox 2574 2759 2631 2810; x_wconf 82' lang='grc' dir='ltr'>ἐν</span> <span class='ocrx_word' id='word_1_431' title='bbox 2683 2762 2749 2830; x_wconf 84' lang='grc' dir='ltr'>τῇ</span> <span class='ocrx_word' id='word_1_432' title='bbox 2791 2760 3076 2836; x_wconf 74' lang='grc' dir='ltr'>προτθήκῃ</span> <span class='ocrx_word' id='word_1_433' title='bbox 3121 2764 3216 2817; x_wconf 78' lang='grc' dir='ltr'>τοῦ</span> <span class='ocrx_word' id='word_1_434' title='bbox 3241 2805 3255 2829; x_wconf 89' lang='grc'><strong>,</strong></span> <span class='ocrx_word' id='word_1_435' title='bbox 3300 2768 3417 2831; x_wconf 80' lang='grc' dir='ltr'>τίς.</span> <span class='ocrx_word' id='word_1_436' title='bbox 3464 2768 3611 2824; x_wconf 79' lang='grc' dir='ltr'>Ἀλλὰ</span> <span class='ocrx_word' id='word_1_437' title='bbox 3636 2772 3721 2841; x_wconf 85' lang='grc' dir='ltr'>τῆς</span> 
     </span>
    </p>
   </div>
   <div class='ocr_carea' id='block_1_60' title="bbox 2179 2852 3716 2937">
    <p class='ocr_par' dir='ltr' id='par_1_60' title="bbox 2179 2852 3716 2937">
     <span class='ocr_line' id='line_1_60' title="bbox 2179 2852 3716 2937; baseline 0.01 -32"><span class='ocrx_word' id='word_1_438' title='bbox 2179 2853 2276 2924; x_wconf 82' lang='grc' dir='ltr'>μὲν</span> <span class='ocrx_word' id='word_1_439' title='bbox 2305 2852 2492 2917; x_wconf 83' lang='grc' dir='ltr'>οὐσίας</span> <span class='ocrx_word' id='word_1_440' title='bbox 2514 2854 2611 2925; x_wconf 82' lang='grc' dir='ltr'>τὴν</span> <span class='ocrx_word' id='word_1_441' title='bbox 2640 2854 2960 2928; x_wconf 58' lang='grc' dir='ltr'>ὑπογρατὴν</span> <span class='ocrx_word' id='word_1_442' title='bbox 2984 2897 2999 2920; x_wconf 89' lang='grc'><strong>,</strong></span> <span class='ocrx_word' id='word_1_443' title='bbox 3031 2858 3107 2922; x_wconf 85' lang='grc' dir='ltr'><strong>ὡς</strong></span> <span class='ocrx_word' id='word_1_444' title='bbox 3134 2860 3283 2914; x_wconf 84' lang='grc' dir='ltr'>οὐδὲν</span> <span class='ocrx_word' id='word_1_445' title='bbox 3321 2862 3589 2935; x_wconf 76' lang='grc' dir='ltr'>φέρουσαν</span> <span class='ocrx_word' id='word_1_446' title='bbox 3614 2867 3716 2937; x_wconf 78' lang='grc' dir='ltr'><strong>κέρο</strong></span> 
     </span>
    </p>
   </div>
   <div class='ocr_carea' id='block_1_61' title="bbox 2175 2943 3715 3025">
    <p class='ocr_par' dir='ltr' id='par_1_61' title="bbox 2175 2943 3715 3025">
     <span class='ocr_line' id='line_1_61' title="bbox 2175 2943 3715 3025; baseline 0.009 -27"><span class='ocrx_word' id='word_1_447' title='bbox 2175 2943 2265 3008; x_wconf 84' lang='grc' dir='ltr'><strong>δος</strong></span> <span class='ocrx_word' id='word_1_448' title='bbox 2304 2946 2443 3018; x_wconf 71' lang='grc' dir='ltr'>πρὸς</span> <span class='ocrx_word' id='word_1_449' title='bbox 2469 2945 2560 2999; x_wconf 79' lang='grc' dir='ltr'>τὸν</span> <span class='ocrx_word' id='word_1_450' title='bbox 2605 2947 2961 3019; x_wconf 87' lang='grc' dir='ltr'>προκείμενον</span> <span class='ocrx_word' id='word_1_451' title='bbox 2996 2950 3087 3003; x_wconf 78' lang='grc' dir='ltr'>τοῦ</span> <span class='ocrx_word' id='word_1_452' title='bbox 3122 2951 3280 3022; x_wconf 82' lang='grc' dir='ltr'>λόγου</span> <span class='ocrx_word' id='word_1_453' title='bbox 3320 2957 3557 3025; x_wconf 83' lang='grc' dir='ltr'>σκοπὸν,</span> <span class='ocrx_word' id='word_1_454' title='bbox 3588 2958 3715 3011; x_wconf 84' lang='grc' dir='ltr'>ἐσιώ-</span> 
     </span>
    </p>
   </div>
   <div class='ocr_carea' id='block_1_62' title="bbox 506 3030 2069 3118">
    <p class='ocr_par' dir='ltr' id='par_1_62' title="bbox 506 3030 2069 3100">
     <span class='ocr_line' id='line_1_62' title="bbox 506 3030 2069 3100; baseline -0.005 -11"><span class='ocrx_word' id='word_1_455' title='bbox 506 3049 635 3089; x_wconf 89' lang='lat' dir='ltr'><strong>rens</strong></span> <span class='ocrx_word' id='word_1_456' title='bbox 668 3043 723 3089; x_wconf 92' lang='lat' dir='ltr'><strong>et</strong></span> <span class='ocrx_word' id='word_1_457' title='bbox 761 3047 973 3087; x_wconf 86' lang='lat' dir='ltr'><strong>morum</strong></span> <span class='ocrx_word' id='word_1_458' title='bbox 1017 3031 1241 3097; x_wconf 83' lang='lat' dir='ltr'><strong>indicia,</strong></span> <span class='ocrx_word' id='word_1_459' title='bbox 1282 3039 1336 3086; x_wconf 89' lang='lat' dir='ltr'><strong>et</strong></span> <span class='ocrx_word' id='word_1_460' title='bbox 1366 3045 1705 3100; x_wconf 73' lang='lat' dir='ltr'><strong>quaecunque</strong></span> <span class='ocrx_word' id='word_1_461' title='bbox 1732 3030 2069 3085; x_wconf 78' lang='lat' dir='ltr'><strong>extrinsecus</strong></span> 
     </span>
    </p>
   </div>
   <div class='ocr_carea' id='block_1_63' title="bbox 2178 3030 3716 3118">
    <p class='ocr_par' dir='ltr' id='par_1_63' title="bbox 2179 3034 3716 3118">
     <span class='ocr_line' id='line_1_63' title="bbox 2179 3034 3716 3118; baseline 0.011 -34"><span class='ocrx_word' id='word_1_462' title='bbox 2179 3049 2351 3104; x_wconf 77' lang='grc' dir='ltr'>πησεο</span> <span class='ocrx_word' id='word_1_463' title='bbox 2386 3034 2476 3087; x_wconf 83' lang='grc' dir='ltr'>τὸν</span> <span class='ocrx_word' id='word_1_464' title='bbox 2527 3034 2583 3087; x_wconf 89' lang='grc' dir='ltr'>δὲ</span> <span class='ocrx_word' id='word_1_465' title='bbox 2629 3035 2761 3089; x_wconf 76' lang='grc' dir='ltr'>τινὰ</span> <span class='ocrx_word' id='word_1_466' title='bbox 2809 3035 2897 3091; x_wconf 69' lang='grc' dir='ltr'><strong>διὰ</strong></span> <span class='ocrx_word' id='word_1_467' title='bbox 2943 3038 3051 3091; x_wconf 79' lang='grc' dir='ltr'>τῶν</span> <span class='ocrx_word' id='word_1_468' title='bbox 3095 3042 3310 3096; x_wconf 83' lang='grc' dir='ltr'>οἰκείων</span> <span class='ocrx_word' id='word_1_469' title='bbox 3355 3048 3716 3118; x_wconf 75' lang='grc' dir='ltr'>γνωρισμάτων</span> 
     </span>
    </p>
   </div>
   <div class='ocr_carea' id='block_1_64' title="bbox 506 3119 2050 3187">
    <p class='ocr_par' dir='ltr' id='par_1_64' title="bbox 506 3119 2050 3187">
     <span class='ocr_line' id='line_1_64' title="bbox 506 3119 2050 3187; baseline -0.003 -10"><span class='ocrx_word' id='word_1_470' title='bbox 506 3124 736 3179; x_wconf 87' lang='lat' dir='ltr'><strong>collecta</strong></span> <span class='ocrx_word' id='word_1_471' title='bbox 777 3123 1107 3178; x_wconf 90' lang='lat' dir='ltr'><strong>distinctura</strong></span> <span class='ocrx_word' id='word_1_472' title='bbox 1154 3124 1305 3177; x_wconf 91' lang='lat' dir='ltr'><strong>illum</strong></span> <span class='ocrx_word' id='word_1_473' title='bbox 1336 3131 1517 3187; x_wconf 89' lang='lat' dir='ltr'><strong>erant,</strong></span> <span class='ocrx_word' id='word_1_474' title='bbox 1557 3132 1611 3177; x_wconf 92' lang='lat' dir='ltr'><strong>et</strong></span> <span class='ocrx_word' id='word_1_475' title='bbox 1638 3137 1669 3175; x_wconf 89' lang='lat' dir='ltr'><strong>a</strong></span> <span class='ocrx_word' id='word_1_476' title='bbox 1702 3120 1979 3176; x_wconf 89' lang='lat' dir='ltr'><strong>communi</strong></span> <span class='ocrx_word' id='word_1_477' title='bbox 2004 3119 2050 3175; x_wconf 90' lang='lat' dir='ltr'><strong>si</strong></span> 
     </span>
    </p>
   </div>
   <div class='ocr_carea' id='block_1_65' title="bbox 506 3213 2081 3289">
    <p class='ocr_par' dir='ltr' id='par_1_65' title="bbox 506 3213 2081 3289">
     <span class='ocr_line' id='line_1_65' title="bbox 506 3213 2081 3289; baseline -0.003 -19"><span class='ocrx_word' id='word_1_478' title='bbox 506 3216 763 3289; x_wconf 85' lang='lat' dir='ltr'><strong>gnificatu</strong></span> <span class='ocrx_word' id='word_1_479' title='bbox 791 3228 1143 3288; x_wconf 78' lang='lat' dir='ltr'><strong>separatum;</strong></span> <span class='ocrx_word' id='word_1_480' title='bbox 1174 3217 1310 3273; x_wconf 84' lang='lat' dir='ltr'><strong>adeo</strong></span> <span class='ocrx_word' id='word_1_481' title='bbox 1342 3225 1396 3272; x_wconf 90' lang='lat' dir='ltr'><strong>ut</strong></span> <span class='ocrx_word' id='word_1_482' title='bbox 1425 3218 1713 3288; x_wconf 91' lang='lat' dir='ltr'><strong>perspicua</strong></span> <span class='ocrx_word' id='word_1_483' title='bbox 1742 3215 1798 3268; x_wconf 92' lang='lat' dir='ltr'><strong>in</strong></span> <span class='ocrx_word' id='word_1_484' title='bbox 1826 3213 2081 3268; x_wconf 89' lang='lat' dir='ltr'><strong>omnibus</strong></span> 
     </span>
    </p>
   </div>
   <div class='ocr_carea' id='block_1_66' title="bbox 506 3306 2078 3380">
    <p class='ocr_par' dir='ltr' id='par_1_66' title="bbox 506 3306 2078 3380">
     <span class='ocr_line' id='line_1_66' title="bbox 506 3306 2078 3380; baseline -0.004 -17"><span class='ocrx_word' id='word_1_485' title='bbox 506 3316 654 3363; x_wconf 82' lang='lat' dir='ltr'><strong>esset</strong></span> <span class='ocrx_word' id='word_1_486' title='bbox 676 3307 846 3373; x_wconf 90' lang='lat' dir='ltr'><strong>illius,</strong></span> <span class='ocrx_word' id='word_1_487' title='bbox 878 3309 1039 3377; x_wconf 87' lang='lat' dir='ltr'><strong>cujus</strong></span> <span class='ocrx_word' id='word_1_488' title='bbox 1075 3324 1165 3365; x_wconf 87' lang='lat' dir='ltr'><strong>res</strong></span> <span class='ocrx_word' id='word_1_489' title='bbox 1200 3318 1368 3380; x_wconf 73' lang='lat' dir='ltr'><strong>gestae</strong></span> <span class='ocrx_word' id='word_1_490' title='bbox 1398 3316 1716 3372; x_wconf 90' lang='lat' dir='ltr'><strong>narrantur,</strong></span> <span class='ocrx_word' id='word_1_491' title='bbox 1757 3306 2078 3375; x_wconf 88' lang='lat' dir='ltr'><strong>descriptio,</strong></span> 
     </span>
    </p>
   </div>
   <div class='ocr_carea' id='block_1_67' title="bbox 506 3396 2082 3470">
    <p class='ocr_par' dir='ltr' id='par_1_67' title="bbox 506 3396 2082 3470">
     <span class='ocr_line' id='line_1_67' title="bbox 506 3396 2082 3470; baseline -0.003 -16"><span class='ocrx_word' id='word_1_492' title='bbox 506 3415 577 3455; x_wconf 80' lang='lat' dir='ltr'><strong>cx</strong></span> <span class='ocrx_word' id='word_1_493' title='bbox 611 3402 854 3465; x_wconf 89' lang='lat' dir='ltr'><strong>nomine,</strong></span> <span class='ocrx_word' id='word_1_494' title='bbox 885 3416 951 3456; x_wconf 79' lang='lat' dir='ltr'><strong>ex</strong></span> <span class='ocrx_word' id='word_1_495' title='bbox 984 3400 1126 3464; x_wconf 89' lang='lat' dir='ltr'><strong>loco,</strong></span> <span class='ocrx_word' id='word_1_496' title='bbox 1155 3417 1221 3456; x_wconf 77' lang='lat' dir='ltr'><strong>ex</strong></span> <span class='ocrx_word' id='word_1_497' title='bbox 1249 3400 1416 3455; x_wconf 88' lang='lat' dir='ltr'><strong>animi</strong></span> <span class='ocrx_word' id='word_1_498' title='bbox 1449 3398 1897 3470; x_wconf 80' lang='lat' dir='ltr'><strong>praprietatibus,</strong></span> <span class='ocrx_word' id='word_1_499' title='bbox 1922 3412 1989 3450; x_wconf 74' lang='lat' dir='ltr'><strong>ex</strong></span> <span class='ocrx_word' id='word_1_500' title='bbox 2014 3396 2082 3450; x_wconf 93' lang='lat' dir='ltr'><strong>iis</strong></span> 
     </span>
    </p>
   </div>
   <div class='ocr_carea' id='block_1_68' title="bbox 509 3486 2082 3561">
    <p class='ocr_par' dir='ltr' id='par_1_68' title="bbox 509 3486 2082 3561">
     <span class='ocr_line' id='line_1_68' title="bbox 509 3486 2082 3561; baseline -0.003 -18"><span class='ocrx_word' id='word_1_501' title='bbox 509 3504 635 3560; x_wconf 72' lang='lat' dir='ltr'><strong>quae</strong></span> <span class='ocrx_word' id='word_1_502' title='bbox 681 3490 1026 3545; x_wconf 78' lang='lat' dir='ltr'><strong>extrinsecus</strong></span> <span class='ocrx_word' id='word_1_503' title='bbox 1077 3492 1131 3545; x_wconf 93' lang='lat' dir='ltr'><strong>in</strong></span> <span class='ocrx_word' id='word_1_504' title='bbox 1169 3506 1235 3545; x_wconf 92' lang='lat' dir='ltr'><strong>eo</strong></span> <span class='ocrx_word' id='word_1_505' title='bbox 1287 3491 1789 3561; x_wconf 84' lang='lat' dir='ltr'><strong>conspiciebantur.</strong></span> <span class='ocrx_word' id='word_1_506' title='bbox 1828 3486 1985 3554; x_wconf 87' lang='lat' dir='ltr'><strong>Quod</strong></span> <span class='ocrx_word' id='word_1_507' title='bbox 2035 3486 2082 3542; x_wconf 88' lang='lat' dir='ltr'><strong>si</strong></span> 
     </span>
    </p>
   </div>
   <div class='ocr_carea' id='block_1_69' title="bbox 508 3580 2085 3649">
    <p class='ocr_par' dir='ltr' id='par_1_69' title="bbox 508 3580 2085 3649">
     <span class='ocr_line' id='line_1_69' title="bbox 508 3580 2085 3649; baseline -0.001 -13"><span class='ocrx_word' id='word_1_508' title='bbox 508 3583 763 3638; x_wconf 67' lang='lat' dir='ltr'><strong>essentia:</strong></span> <span class='ocrx_word' id='word_1_509' title='bbox 810 3583 1055 3638; x_wconf 84' lang='lat' dir='ltr'><strong>dedisset</strong></span> <span class='ocrx_word' id='word_1_510' title='bbox 1094 3584 1388 3649; x_wconf 89' lang='lat' dir='ltr'><strong>rationem,</strong></span> <span class='ocrx_word' id='word_1_511' title='bbox 1422 3582 1569 3637; x_wconf 89' lang='lat' dir='ltr'><strong>nulla</strong></span> <span class='ocrx_word' id='word_1_512' title='bbox 1600 3596 1734 3639; x_wconf 84' lang='lat' dir='ltr'><strong>sane</strong></span> <span class='ocrx_word' id='word_1_513' title='bbox 1771 3580 1966 3636; x_wconf 88' lang='lat' dir='ltr'><strong>fuisset</strong></span> <span class='ocrx_word' id='word_1_514' title='bbox 1990 3594 2085 3634; x_wconf 83' lang='lat' dir='ltr'><strong>eo-</strong></span> 
     </span>
    </p>
   </div>
   <div class='ocr_carea' id='block_1_70' title="bbox 511 3674 2085 3745">
    <p class='ocr_par' dir='ltr' id='par_1_70' title="bbox 511 3674 2085 3745">
     <span class='ocr_line' id='line_1_70' title="bbox 511 3674 2085 3745; baseline -0.001 -18"><span class='ocrx_word' id='word_1_515' title='bbox 511 3688 657 3739; x_wconf 85' lang='lat' dir='ltr'><strong>rum,</strong></span> <span class='ocrx_word' id='word_1_516' title='bbox 687 3689 809 3745; x_wconf 73' lang='lat' dir='ltr'><strong>quae</strong></span> <span class='ocrx_word' id='word_1_517' title='bbox 840 3674 987 3729; x_wconf 89' lang='lat' dir='ltr'><strong>dicta</strong></span> <span class='ocrx_word' id='word_1_518' title='bbox 1030 3683 1181 3740; x_wconf 90' lang='lat' dir='ltr'><strong>sunt,</strong></span> <span class='ocrx_word' id='word_1_519' title='bbox 1216 3676 1270 3730; x_wconf 91' lang='lat' dir='ltr'><strong>in</strong></span> <span class='ocrx_word' id='word_1_520' title='bbox 1301 3684 1510 3730; x_wconf 76' lang='lat' dir='ltr'><strong>natura:</strong></span> <span class='ocrx_word' id='word_1_521' title='bbox 1539 3674 1902 3745; x_wconf 70' lang='lat' dir='ltr'><strong>explicatione</strong></span> <span class='ocrx_word' id='word_1_522' title='bbox 1931 3687 2085 3727; x_wconf 88' lang='lat' dir='ltr'><strong>men-</strong></span> 
     </span>
    </p>
   </div>
   <div class='ocr_carea' id='block_1_71' title="bbox 512 3763 2086 3822">
    <p class='ocr_par' dir='ltr' id='par_1_71' title="bbox 512 3763 2086 3822">
     <span class='ocr_line' id='line_1_71' title="bbox 512 3763 2086 3822; baseline -0.001 -3"><span class='ocrx_word' id='word_1_523' title='bbox 512 3764 611 3820; x_wconf 91' lang='lat' dir='ltr'><strong>tio.</strong></span> <span class='ocrx_word' id='word_1_524' title='bbox 656 3764 855 3821; x_wconf 82' lang='lat' dir='ltr'><strong>Eadem</strong></span> <span class='ocrx_word' id='word_1_525' title='bbox 888 3768 1033 3821; x_wconf 91' lang='lat' dir='ltr'><strong>enim</strong></span> <span class='ocrx_word' id='word_1_526' title='bbox 1080 3768 1223 3821; x_wconf 76' lang='lat' dir='ltr'><strong>ratio</strong></span> <span class='ocrx_word' id='word_1_527' title='bbox 1253 3766 1444 3822; x_wconf 89' lang='lat' dir='ltr'><strong>fuisset</strong></span> <span class='ocrx_word' id='word_1_528' title='bbox 1490 3781 1554 3821; x_wconf 90' lang='lat' dir='ltr'><strong>ac</strong></span> <span class='ocrx_word' id='word_1_529' title='bbox 1597 3767 1666 3821; x_wconf 90' lang='lat' dir='ltr'><strong>de</strong></span> <span class='ocrx_word' id='word_1_530' title='bbox 1697 3765 1900 3819; x_wconf 85' lang='lat' dir='ltr'><strong>Baldad</strong></span> <span class='ocrx_word' id='word_1_531' title='bbox 1944 3763 2086 3818; x_wconf 88' lang='lat' dir='ltr'><strong>Sau-</strong></span> 
     </span>
    </p>
   </div>
   <div class='ocr_carea' id='block_1_72' title="bbox 510 3858 2076 3930">
    <p class='ocr_par' dir='ltr' id='par_1_72' title="bbox 510 3858 2076 3930">
     <span class='ocr_line' id='line_1_72' title="bbox 510 3858 2076 3930; baseline 0 -17"><span class='ocrx_word' id='word_1_532' title='bbox 510 3860 692 3924; x_wconf 87' lang='lat' dir='ltr'><strong>cbita,</strong></span> <span class='ocrx_word' id='word_1_533' title='bbox 743 3860 919 3930; x_wconf 87' lang='lat' dir='ltr'><strong>deque</strong></span> <span class='ocrx_word' id='word_1_534' title='bbox 995 3859 1209 3930; x_wconf 90' lang='lat' dir='ltr'><strong>Sophar</strong></span> <span class='ocrx_word' id='word_1_535' title='bbox 1258 3859 1511 3923; x_wconf 66' lang='lat' dir='ltr'><strong>Minnaao,</strong></span> <span class='ocrx_word' id='word_1_536' title='bbox 1575 3865 1631 3913; x_wconf 89' lang='lat' dir='ltr'><strong>et</strong></span> <span class='ocrx_word' id='word_1_537' title='bbox 1699 3858 1767 3913; x_wconf 94' lang='lat' dir='ltr'><strong>de</strong></span> <span class='ocrx_word' id='word_1_538' title='bbox 1823 3859 2076 3928; x_wconf 86' lang='lat' dir='ltr'><strong>singulis,</strong></span> 
     </span>
    </p>
   </div>
   <div class='ocr_carea' id='block_1_73' title="bbox 486 3950 2081 4022">
    <p class='ocr_par' dir='ltr' id='par_1_73' title="bbox 486 3950 2081 4022">
     <span class='ocr_line' id='line_1_73' title="bbox 486 3950 2081 4022; baseline -0.001 -15"><span class='ocrx_word' id='word_1_539' title='bbox 486 3967 745 4022; x_wconf 72' lang='lat' dir='ltr'><strong>quorum</strong></span> <span class='ocrx_word' id='word_1_540' title='bbox 768 3954 841 4008; x_wconf 92' lang='lat' dir='ltr'><strong>ibi</strong></span> <span class='ocrx_word' id='word_1_541' title='bbox 877 3954 1081 4008; x_wconf 90' lang='lat' dir='ltr'><strong>mentio</strong></span> <span class='ocrx_word' id='word_1_542' title='bbox 1115 3953 1192 4016; x_wconf 85' lang='lat' dir='ltr'><strong>fit,</strong></span> <span class='ocrx_word' id='word_1_543' title='bbox 1216 3953 1612 4008; x_wconf 78' lang='lat' dir='ltr'><strong>hominibus&quot;.</strong></span> <span class='ocrx_word' id='word_1_544' title='bbox 1635 3950 1807 4018; x_wconf 85' lang='lat' dir='ltr'><strong>Quam</strong></span> <span class='ocrx_word' id='word_1_545' title='bbox 1830 3951 1995 4022; x_wconf 85' lang='lat' dir='ltr'><strong>igitur</strong></span> <span class='ocrx_word' id='word_1_546' title='bbox 2028 3952 2081 4005; x_wconf 90' lang='lat' dir='ltr'><strong>in</strong></span> 
     </span>
    </p>
   </div>
   <div class='ocr_carea' id='block_1_74' title="bbox 511 4045 2087 4117">
    <p class='ocr_par' dir='ltr' id='par_1_74' title="bbox 511 4045 2087 4117">
     <span class='ocr_line' id='line_1_74' title="bbox 511 4045 2087 4117; baseline -0.001 -17"><span class='ocrx_word' id='word_1_547' title='bbox 511 4046 717 4102; x_wconf 87' lang='lat' dir='ltr'><strong>nostris</strong></span> <span class='ocrx_word' id='word_1_548' title='bbox 756 4047 921 4102; x_wconf 87' lang='lat' dir='ltr'><strong>rebus</strong></span> <span class='ocrx_word' id='word_1_549' title='bbox 961 4047 1234 4117; x_wconf 82' lang='lat' dir='ltr'><strong>agnovisti</strong></span> <span class='ocrx_word' id='word_1_550' title='bbox 1276 4046 1610 4102; x_wconf 85' lang='lat' dir='ltr'><strong>discriminis</strong></span> <span class='ocrx_word' id='word_1_551' title='bbox 1644 4046 1911 4099; x_wconf 86' lang='lat' dir='ltr'><strong>rationem</strong></span> <span class='ocrx_word' id='word_1_552' title='bbox 1941 4045 2087 4099; x_wconf 90' lang='lat' dir='ltr'><strong>inter</strong></span> 
     </span>
    </p>
   </div>
   <div class='ocr_carea' id='block_1_75' title="bbox 511 4137 2069 4214">
    <p class='ocr_par' dir='ltr' id='par_1_75' title="bbox 511 4137 2069 4210">
     <span class='ocr_line' id='line_1_75' title="bbox 511 4137 2069 4210; baseline -0.001 -17"><span class='ocrx_word' id='word_1_553' title='bbox 511 4138 804 4195; x_wconf 88' lang='lat' dir='ltr'><strong>essentiam</strong></span> <span class='ocrx_word' id='word_1_554' title='bbox 831 4147 886 4194; x_wconf 92' lang='lat' dir='ltr'><strong>et</strong></span> <span class='ocrx_word' id='word_1_555' title='bbox 912 4139 1271 4210; x_wconf 88' lang='lat' dir='ltr'><strong>hypostasim,</strong></span> <span class='ocrx_word' id='word_1_556' title='bbox 1297 4154 1417 4194; x_wconf 91' lang='lat' dir='ltr'><strong>eam</strong></span> <span class='ocrx_word' id='word_1_557' title='bbox 1440 4147 1493 4193; x_wconf 89' lang='lat' dir='ltr'><strong>ct</strong></span> <span class='ocrx_word' id='word_1_558' title='bbox 1521 4138 1588 4193; x_wconf 87' lang='lat' dir='ltr'><strong>ad</strong></span> <span class='ocrx_word' id='word_1_559' title='bbox 1615 4137 1800 4193; x_wconf 82' lang='lat' dir='ltr'><strong>divina</strong></span> <span class='ocrx_word' id='word_1_560' title='bbox 1828 4138 2069 4209; x_wconf 66' lang='lat' dir='ltr'><strong>dogmata</strong></span> 
     </span>
    </p>
   </div>
   <div class='ocr_carea' id='block_1_76' title="bbox 2178 4137 3713 4214">
    <p class='ocr_par' dir='ltr' id='par_1_76' title="bbox 2185 4139 3713 4214">
     <span class='ocr_line' id='line_1_76' title="bbox 2185 4139 3713 4214; baseline 0.007 -23"><span class='ocrx_word' id='word_1_561' title='bbox 2185 4139 2301 4191; x_wconf 70' lang='grc' dir='ltr'>ἐκεῖ</span> <span class='ocrx_word' id='word_1_562' title='bbox 2335 4140 2814 4209; x_wconf 80' lang='grc' dir='ltr'>μνημονευθέντων</span> <span class='ocrx_word' id='word_1_563' title='bbox 2843 4142 3167 4214; x_wconf 84' lang='grc' dir='ltr'>ἀνθρώπων.</span> <span class='ocrx_word' id='word_1_564' title='bbox 3203 4147 3299 4201; x_wconf 87' lang='grc' dir='ltr'>Ὃν</span> <span class='ocrx_word' id='word_1_565' title='bbox 3340 4148 3520 4203; x_wconf 79' lang='grc' dir='ltr'>τοίνυν</span> <span class='ocrx_word' id='word_1_566' title='bbox 3541 4151 3593 4201; x_wconf 80' lang='grc' dir='ltr'>ἐν</span> <span class='ocrx_word' id='word_1_567' title='bbox 3625 4148 3713 4208; x_wconf 71' lang='grc' dir='ltr'>τοῖς</span> 
     </span>
    </p>
   </div>
   <div class='ocr_carea' id='block_1_77' title="bbox 510 4228 2069 4311">
    <p class='ocr_par' dir='ltr' id='par_1_77' title="bbox 510 4228 2069 4294">
     <span class='ocr_line' id='line_1_77' title="bbox 510 4228 2069 4294; baseline 0.002 -14"><span class='ocrx_word' id='word_1_568' title='bbox 510 4228 873 4293; x_wconf 82' lang='lat' dir='ltr'><strong>transferens,</strong></span> <span class='ocrx_word' id='word_1_569' title='bbox 918 4245 1027 4285; x_wconf 92' lang='lat' dir='ltr'><strong>non</strong></span> <span class='ocrx_word' id='word_1_570' title='bbox 1060 4231 1293 4285; x_wconf 88' lang='lat' dir='ltr'><strong>errabis.</strong></span> <span class='ocrx_word' id='word_1_571' title='bbox 1340 4228 1417 4284; x_wconf 92' lang='lat' dir='ltr'><strong>De</strong></span> <span class='ocrx_word' id='word_1_572' title='bbox 1452 4228 1632 4284; x_wconf 89' lang='lat' dir='ltr'><strong>Patris</strong></span> <span class='ocrx_word' id='word_1_573' title='bbox 1666 4230 1902 4286; x_wconf 85' lang='lat' dir='ltr'><strong>essentia</strong></span> <span class='ocrx_word' id='word_1_574' title='bbox 1924 4229 2069 4294; x_wconf 90' lang='lat' dir='ltr'><strong>quid-</strong></span> 
     </span>
    </p>
   </div>
   <div class='ocr_carea' id='block_1_78' title="bbox 2178 4228 3715 4311">
    <p class='ocr_par' dir='ltr' id='par_1_78' title="bbox 2185 4230 3715 4311">
     <span class='ocr_line' id='line_1_78' title="bbox 2185 4230 3715 4311; baseline 0.008 -28"><span class='ocrx_word' id='word_1_575' title='bbox 2185 4230 2307 4284; x_wconf 82' lang='grc' dir='ltr'>καθ’</span> <span class='ocrx_word' id='word_1_576' title='bbox 2337 4233 2483 4303; x_wconf 79' lang='grc' dir='ltr'>ἡμᾶς</span> <span class='ocrx_word' id='word_1_577' title='bbox 2522 4232 2695 4302; x_wconf 72' lang='grc' dir='ltr'>ἔγνως</span> <span class='ocrx_word' id='word_1_578' title='bbox 2726 4236 2990 4307; x_wconf 76' lang='grc' dir='ltr'>διαφοράς</span> <span class='ocrx_word' id='word_1_579' title='bbox 3028 4237 3185 4306; x_wconf 88' lang='grc' dir='ltr'>λόγον</span> <span class='ocrx_word' id='word_1_580' title='bbox 3224 4241 3315 4293; x_wconf 80' lang='grc' dir='ltr'>ἐπί</span> <span class='ocrx_word' id='word_1_581' title='bbox 3347 4257 3407 4293; x_wconf 87' lang='grc' dir='ltr'><strong>τε</strong></span> <span class='ocrx_word' id='word_1_582' title='bbox 3436 4242 3536 4311; x_wconf 77' lang='grc' dir='ltr'>τῆς</span> <span class='ocrx_word' id='word_1_583' title='bbox 3564 4238 3715 4295; x_wconf 74' lang='grc' dir='ltr'>οὐσίας</span> 
     </span>
    </p>
   </div>
   <div class='ocr_carea' id='block_1_79' title="bbox 511 4312 2069 4400">
    <p class='ocr_par' dir='ltr' id='par_1_79' title="bbox 511 4312 2069 4388">
     <span class='ocr_line' id='line_1_79' title="bbox 511 4312 2069 4388; baseline 0.003 -23"><span class='ocrx_word' id='word_1_584' title='bbox 511 4312 643 4381; x_wconf 87' lang='lat' dir='ltr'><strong>quid</strong></span> <span class='ocrx_word' id='word_1_585' title='bbox 676 4314 831 4385; x_wconf 81' lang='lat'><strong>117</strong></span> <span class='ocrx_word' id='word_1_586' title='bbox 862 4316 961 4371; x_wconf 90' lang='lat' dir='ltr'><strong>tibi</strong></span> <span class='ocrx_word' id='word_1_587' title='bbox 995 4325 1249 4388; x_wconf 87' lang='lat' dir='ltr'><strong>suggeret</strong></span> <span class='ocrx_word' id='word_1_588' title='bbox 1279 4317 1535 4387; x_wconf 88' lang='lat' dir='ltr'><strong>cogitatio</strong></span> <span class='ocrx_word' id='word_1_589' title='bbox 1563 4317 1667 4387; x_wconf 88' lang='lat' dir='ltr'><strong>(fas</strong></span> <span class='ocrx_word' id='word_1_590' title='bbox 1691 4318 1839 4373; x_wconf 89' lang='lat' dir='ltr'><strong>enim</strong></span> <span class='ocrx_word' id='word_1_591' title='bbox 1867 4333 1975 4373; x_wconf 92' lang='lat' dir='ltr'><strong>non</strong></span> <span class='ocrx_word' id='word_1_592' title='bbox 1999 4327 2069 4372; x_wconf 75' lang='lat' dir='ltr'><strong>est</strong></span> 
     </span>
    </p>
   </div>
   <div class='ocr_carea' id='block_1_80' title="bbox 2178 4312 3715 4400">
    <p class='ocr_par' dir='ltr' id='par_1_80' title="bbox 2185 4323 3715 4400">
     <span class='ocr_line' id='line_1_80' title="bbox 2185 4323 3715 4400; baseline 0.005 -25"><span class='ocrx_word' id='word_1_593' title='bbox 2185 4323 2280 4377; x_wconf 76' lang='grc' dir='ltr'>καὶ</span> <span class='ocrx_word' id='word_1_594' title='bbox 2306 4324 2404 4393; x_wconf 88' lang='grc' dir='ltr'>τῆς</span> <span class='ocrx_word' id='word_1_595' title='bbox 2438 4324 2789 4390; x_wconf 82' lang='grc' dir='ltr'>ὑποστάσεως</span> <span class='ocrx_word' id='word_1_596' title='bbox 2806 4366 2822 4391; x_wconf 97' lang='grc'><strong>,</strong></span> <span class='ocrx_word' id='word_1_597' title='bbox 2852 4327 3042 4383; x_wconf 78' lang='grc' dir='ltr'>τοῦτον</span> <span class='ocrx_word' id='word_1_598' title='bbox 3079 4331 3386 4400; x_wconf 77' lang='grc' dir='ltr'>μετατιθεὶς</span> <span class='ocrx_word' id='word_1_599' title='bbox 3415 4335 3510 4387; x_wconf 85' lang='grc' dir='ltr'>καὶ</span> <span class='ocrx_word' id='word_1_600' title='bbox 3530 4331 3611 4385; x_wconf 84' lang='grc' dir='ltr'><strong>ἐπὶ</strong></span> <span class='ocrx_word' id='word_1_601' title='bbox 3630 4328 3715 4382; x_wconf 81' lang='grc' dir='ltr'>τῶν</span> 
     </span>
    </p>
   </div>
   <div class='ocr_carea' id='block_1_81' title="bbox 512 4398 2069 4492">
    <p class='ocr_par' dir='ltr' id='par_1_81' title="bbox 512 4401 2069 4479">
     <span class='ocr_line' id='line_1_81' title="bbox 512 4401 2069 4479; baseline 0.004 -22"><span class='ocrx_word' id='word_1_602' title='bbox 512 4401 582 4457; x_wconf 86' lang='lat' dir='ltr'><strong>ad</strong></span> <span class='ocrx_word' id='word_1_603' title='bbox 608 4412 813 4459; x_wconf 87' lang='lat' dir='ltr'><strong>certam</strong></span> <span class='ocrx_word' id='word_1_604' title='bbox 832 4406 997 4460; x_wconf 89' lang='lat' dir='ltr'><strong>ullam</strong></span> <span class='ocrx_word' id='word_1_605' title='bbox 1022 4423 1087 4462; x_wconf 93' lang='lat' dir='ltr'><strong>ac</strong></span> <span class='ocrx_word' id='word_1_606' title='bbox 1114 4408 1392 4463; x_wconf 85' lang='lat' dir='ltr'><strong>definitam</strong></span> <span class='ocrx_word' id='word_1_607' title='bbox 1423 4408 1810 4479; x_wconf 82' lang='lat' dir='ltr'><strong>cogitationem</strong></span> <span class='ocrx_word' id='word_1_608' title='bbox 1838 4410 2069 4465; x_wconf 86' lang='lat' dir='ltr'><strong>animum</strong></span> 
     </span>
    </p>
   </div>
   <div class='ocr_carea' id='block_1_82' title="bbox 2178 4398 3715 4492">
    <p class='ocr_par' dir='ltr' id='par_1_82' title="bbox 2187 4398 3715 4492">
     <span class='ocr_line' id='line_1_82' title="bbox 2187 4398 3715 4492; baseline 0.003 -27"><span class='ocrx_word' id='word_1_609' title='bbox 2187 4411 2345 4467; x_wconf 86' lang='grc' dir='ltr'>θείων</span> <span class='ocrx_word' id='word_1_610' title='bbox 2378 4414 2661 4485; x_wconf 86' lang='grc' dir='ltr'>δογμάτων</span> <span class='ocrx_word' id='word_1_611' title='bbox 2684 4457 2700 4481; x_wconf 90' lang='grc'><strong>,</strong></span> <span class='ocrx_word' id='word_1_612' title='bbox 2733 4417 2830 4488; x_wconf 90' lang='grc' dir='ltr'><strong>οὐχ</strong></span> <span class='ocrx_word' id='word_1_613' title='bbox 2858 4398 3217 4492; x_wconf 76' lang='grc' dir='ltr'>ἁμαρτήσεις.</span> <span class='ocrx_word' id='word_1_614' title='bbox 3249 4423 3373 4486; x_wconf 80' lang='grc' dir='ltr'><strong>Πῶς</strong></span> <span class='ocrx_word' id='word_1_615' title='bbox 3393 4423 3456 4477; x_wconf 85' lang='grc' dir='ltr'><strong>τδ</strong></span> <span class='ocrx_word' id='word_1_616' title='bbox 3490 4419 3615 4476; x_wconf 79' lang='grc' dir='ltr'>εἶναι</span> <span class='ocrx_word' id='word_1_617' title='bbox 3641 4417 3715 4471; x_wconf 82' lang='grc' dir='ltr'>τοῦ</span> 
     </span>
    </p>
   </div>
   <div class='ocr_carea' id='block_1_83' title="bbox 2180 3218 3716 3301">
    <p class='ocr_par' dir='ltr' id='par_1_83' title="bbox 2180 3218 3716 3301">
     <span class='ocr_line' id='line_1_83' title="bbox 2180 3218 3716 3301; baseline 0.01 -33"><span class='ocrx_word' id='word_1_618' title='bbox 2180 3218 2558 3288; x_wconf 84' lang='grc' dir='ltr'>γνωρίσματα,</span> <span class='ocrx_word' id='word_1_619' title='bbox 2592 3220 2687 3273; x_wconf 77' lang='grc' dir='ltr'>καὶ</span> <span class='ocrx_word' id='word_1_620' title='bbox 2717 3220 2817 3273; x_wconf 81' lang='grc' dir='ltr'>ὅσα</span> <span class='ocrx_word' id='word_1_621' title='bbox 2843 3220 2953 3275; x_wconf 80' lang='grc' dir='ltr'><strong>τῶν</strong></span> <span class='ocrx_word' id='word_1_622' title='bbox 2984 3222 3182 3287; x_wconf 78' lang='grc' dir='ltr'>ἔξωθεν</span> <span class='ocrx_word' id='word_1_623' title='bbox 3212 3230 3716 3301; x_wconf 78' lang='grc' dir='ltr'>συμπαραληφθέντα</span> 
     </span>
    </p>
   </div>
   <div class='ocr_carea' id='block_1_84' title="bbox 2181 3308 3717 3393">
    <p class='ocr_par' dir='ltr' id='par_1_84' title="bbox 2181 3308 3717 3393">
     <span class='ocr_line' id='line_1_84' title="bbox 2181 3308 3717 3393; baseline 0.011 -33"><span class='ocrx_word' id='word_1_624' title='bbox 2181 3308 2437 3380; x_wconf 74' lang='grc' dir='ltr'>χωρίζειν</span> <span class='ocrx_word' id='word_1_625' title='bbox 2465 3310 2627 3365; x_wconf 78' lang='grc' dir='ltr'>αὐτὸν</span> <span class='ocrx_word' id='word_1_626' title='bbox 2658 3313 2753 3365; x_wconf 67' lang='grc' dir='ltr'><strong>καλ⁸</strong></span> <span class='ocrx_word' id='word_1_627' title='bbox 2786 3315 3020 3387; x_wconf 67' lang='grc' dir='ltr'>ἀφιστᾷν</span> <span class='ocrx_word' id='word_1_628' title='bbox 3057 3315 3250 3387; x_wconf 75' lang='grc' dir='ltr'>ἔμελλε</span> <span class='ocrx_word' id='word_1_629' title='bbox 3291 3320 3392 3390; x_wconf 82' lang='grc' dir='ltr'>τῆς</span> <span class='ocrx_word' id='word_1_630' title='bbox 3428 3324 3604 3393; x_wconf 84' lang='grc' dir='ltr'>κοινῆς</span> <span class='ocrx_word' id='word_1_631' title='bbox 3640 3338 3717 3391; x_wconf 84' lang='grc' dir='ltr'>ση·</span> 
     </span>
    </p>
   </div>
   <div class='ocr_carea' id='block_1_85' title="bbox 2185 3399 3714 3484">
    <p class='ocr_par' dir='ltr' id='par_1_85' title="bbox 2185 3399 3714 3484">
     <span class='ocr_line' id='line_1_85' title="bbox 2185 3399 3714 3484; baseline 0.009 -31"><span class='ocrx_word' id='word_1_632' title='bbox 2185 3400 2383 3471; x_wconf 87' lang='grc' dir='ltr'>μασίας</span> <span class='ocrx_word' id='word_1_633' title='bbox 2404 3416 2417 3432; x_wconf 89' lang='grc'><strong>·</strong></span> <span class='ocrx_word' id='word_1_634' title='bbox 2462 3399 2603 3457; x_wconf 84' lang='grc' dir='ltr'>ὥστε</span> <span class='ocrx_word' id='word_1_635' title='bbox 2627 3403 2716 3457; x_wconf 85' lang='grc' dir='ltr'><strong>διὰ</strong></span> <span class='ocrx_word' id='word_1_636' title='bbox 2748 3407 2964 3459; x_wconf 88' lang='grc' dir='ltr'>πάντων</span> <span class='ocrx_word' id='word_1_637' title='bbox 2999 3408 3203 3479; x_wconf 75' lang='grc' dir='ltr'>ἐναργῆ</span> <span class='ocrx_word' id='word_1_638' title='bbox 3231 3408 3327 3462; x_wconf 82' lang='grc' dir='ltr'>τοῦ</span> <span class='ocrx_word' id='word_1_639' title='bbox 3372 3412 3714 3484; x_wconf 77' lang='grc' dir='ltr'>ἰστορουμένω</span> 
     </span>
    </p>
   </div>
   <div class='ocr_carea' id='block_1_86' title="bbox 2183 3490 3715 3570">
    <p class='ocr_par' dir='ltr' id='par_1_86' title="bbox 2183 3490 3715 3570">
     <span class='ocr_line' id='line_1_86' title="bbox 2183 3490 3715 3570; baseline 0.006 -27"><span class='ocrx_word' id='word_1_640' title='bbox 2183 3490 2434 3558; x_wconf 84' lang='grc' dir='ltr'>γενέσθαι</span> <span class='ocrx_word' id='word_1_641' title='bbox 2466 3491 2563 3563; x_wconf 81' lang='grc' dir='ltr'>τὴν</span> <span class='ocrx_word' id='word_1_642' title='bbox 2609 3494 2930 3567; x_wconf 81' lang='grc' dir='ltr'>ὑπογραφὴν</span> <span class='ocrx_word' id='word_1_643' title='bbox 2950 3535 2966 3559; x_wconf 85' lang='grc'><strong>,</strong></span> <span class='ocrx_word' id='word_1_644' title='bbox 3005 3499 3070 3550; x_wconf 80' lang='grc' dir='ltr'>ἐκ</span> <span class='ocrx_word' id='word_1_645' title='bbox 3097 3498 3192 3551; x_wconf 79' lang='grc' dir='ltr'>τοῦ</span> <span class='ocrx_word' id='word_1_646' title='bbox 3219 3500 3515 3570; x_wconf 81' lang='grc' dir='ltr'>ὀνόματος,</span> <span class='ocrx_word' id='word_1_647' title='bbox 3554 3505 3612 3557; x_wconf 80' lang='grc' dir='ltr'>ὲκ</span> <span class='ocrx_word' id='word_1_648' title='bbox 3641 3500 3715 3554; x_wconf 74' lang='grc' dir='ltr'><strong>τοῦ</strong></span> 
     </span>
    </p>
   </div>
   <div class='ocr_carea' id='block_1_87' title="bbox 2182 3582 3713 3661">
    <p class='ocr_par' dir='ltr' id='par_1_87' title="bbox 2182 3582 3713 3661">
     <span class='ocr_line' id='line_1_87' title="bbox 2182 3582 3713 3661; baseline 0.007 -25"><span class='ocrx_word' id='word_1_649' title='bbox 2182 3582 2385 3650; x_wconf 87' lang='grc' dir='ltr'>τόπου,</span> <span class='ocrx_word' id='word_1_650' title='bbox 2419 3584 2485 3638; x_wconf 81' lang='grc' dir='ltr'>ὲκ</span> <span class='ocrx_word' id='word_1_651' title='bbox 2523 3585 2631 3640; x_wconf 84' lang='grc' dir='ltr'><strong>τῶν</strong></span> <span class='ocrx_word' id='word_1_652' title='bbox 2670 3586 2773 3657; x_wconf 83' lang='grc' dir='ltr'>τῆς</span> <span class='ocrx_word' id='word_1_653' title='bbox 2798 3587 2975 3660; x_wconf 73' lang='grc' dir='ltr'>ψυχῆς</span> <span class='ocrx_word' id='word_1_654' title='bbox 3008 3590 3311 3661; x_wconf 87' lang='grc' dir='ltr'>ἰδιωμάτων</span> <span class='ocrx_word' id='word_1_655' title='bbox 3334 3632 3350 3656; x_wconf 89' lang='grc'><strong>,</strong></span> <span class='ocrx_word' id='word_1_656' title='bbox 3384 3597 3453 3649; x_wconf 83' lang='grc' dir='ltr'>ὲκ</span> <span class='ocrx_word' id='word_1_657' title='bbox 3486 3595 3586 3649; x_wconf 83' lang='grc' dir='ltr'>τῶν</span> <span class='ocrx_word' id='word_1_658' title='bbox 3612 3594 3713 3661; x_wconf 78' lang='grc' dir='ltr'><strong>ἐξω-</strong></span> 
     </span>
    </p>
   </div>
   <div class='ocr_carea' id='block_1_88' title="bbox 2184 3673 3717 3760">
    <p class='ocr_par' dir='ltr' id='par_1_88' title="bbox 2184 3673 3717 3760">
     <span class='ocr_line' id='line_1_88' title="bbox 2184 3673 3717 3760; baseline 0.012 -34"><span class='ocrx_word' id='word_1_659' title='bbox 2184 3673 2275 3727; x_wconf 85' lang='grc' dir='ltr'><strong>θεν</strong></span> <span class='ocrx_word' id='word_1_660' title='bbox 2315 3677 2443 3747; x_wconf 72' lang='grc' dir='ltr'>περὶ</span> <span class='ocrx_word' id='word_1_661' title='bbox 2473 3676 2634 3731; x_wconf 87' lang='grc' dir='ltr'>αὐτὸν</span> <span class='ocrx_word' id='word_1_662' title='bbox 2669 3678 3078 3751; x_wconf 85' lang='grc' dir='ltr'>θεωρουμένων.</span> <span class='ocrx_word' id='word_1_663' title='bbox 3111 3683 3175 3736; x_wconf 79' lang='lat' dir='ltr'><strong>El</strong></span> <span class='ocrx_word' id='word_1_664' title='bbox 3205 3684 3262 3738; x_wconf 87' lang='grc' dir='ltr'>δὲ</span> <span class='ocrx_word' id='word_1_665' title='bbox 3290 3686 3384 3739; x_wconf 85' lang='grc' dir='ltr'>τὸν</span> <span class='ocrx_word' id='word_1_666' title='bbox 3426 3689 3527 3760; x_wconf 82' lang='grc' dir='ltr'>τῆς</span> <span class='ocrx_word' id='word_1_667' title='bbox 3565 3687 3717 3747; x_wconf 78' lang='grc' dir='ltr'>οὐσίας</span> 
     </span>
    </p>
   </div>
   <div class='ocr_carea' id='block_1_89' title="bbox 2186 3765 3714 3850">
    <p class='ocr_par' dir='ltr' id='par_1_89' title="bbox 2186 3765 3714 3850">
     <span class='ocr_line' id='line_1_89' title="bbox 2186 3765 3714 3850; baseline 0.01 -31"><span class='ocrx_word' id='word_1_668' title='bbox 2186 3765 2355 3820; x_wconf 78' lang='grc' dir='ltr'>ἐδίδου</span> <span class='ocrx_word' id='word_1_669' title='bbox 2398 3767 2556 3837; x_wconf 87' lang='grc' dir='ltr'>λόγον</span> <span class='ocrx_word' id='word_1_670' title='bbox 2598 3768 2709 3840; x_wconf 80' lang='grc'><strong>(10)</strong></span> <span class='ocrx_word' id='word_1_671' title='bbox 2734 3810 2750 3835; x_wconf 88' lang='grc'><strong>,</strong></span> <span class='ocrx_word' id='word_1_672' title='bbox 2783 3771 3009 3844; x_wconf 79' lang='grc' dir='ltr'>οὐδεμία</span> <span class='ocrx_word' id='word_1_673' title='bbox 3038 3774 3106 3828; x_wconf 86' lang='grc' dir='ltr'>ἂν</span> <span class='ocrx_word' id='word_1_674' title='bbox 3145 3775 3364 3844; x_wconf 76' lang='grc' dir='ltr'>ἐγένετο</span> <span class='ocrx_word' id='word_1_675' title='bbox 3391 3780 3501 3834; x_wconf 81' lang='grc' dir='ltr'>τῶν</span> <span class='ocrx_word' id='word_1_676' title='bbox 3526 3778 3714 3850; x_wconf 66' lang='grc' dir='ltr'>εἰρημέ-</span> 
     </span>
    </p>
   </div>
   <div class='ocr_carea' id='block_1_90' title="bbox 2185 3861 3716 3942">
    <p class='ocr_par' dir='ltr' id='par_1_90' title="bbox 2185 3861 3716 3942">
     <span class='ocr_line' id='line_1_90' title="bbox 2185 3861 3716 3942; baseline 0.007 -31"><span class='ocrx_word' id='word_1_677' title='bbox 2185 3875 2291 3911; x_wconf 91' lang='grc' dir='ltr'><strong>νων</strong></span> <span class='ocrx_word' id='word_1_678' title='bbox 2326 3861 2383 3913; x_wconf 85' lang='grc' dir='ltr'>ὲν</span> <span class='ocrx_word' id='word_1_679' title='bbox 2410 3863 2475 3932; x_wconf 81' lang='grc' dir='ltr'><strong>τῇ</strong></span> <span class='ocrx_word' id='word_1_680' title='bbox 2506 3861 2603 3932; x_wconf 86' lang='grc' dir='ltr'><strong>τῆς</strong></span> <span class='ocrx_word' id='word_1_681' title='bbox 2626 3862 2840 3930; x_wconf 79' lang='grc' dir='ltr'>φύσεως</span> <span class='ocrx_word' id='word_1_682' title='bbox 2876 3866 3142 3938; x_wconf 79' lang='grc' dir='ltr'>ἑρμηνείᾳ</span> <span class='ocrx_word' id='word_1_683' title='bbox 3183 3870 3395 3941; x_wconf 84' lang='grc' dir='ltr'>μνήμη.</span> <span class='ocrx_word' id='word_1_684' title='bbox 3442 3873 3498 3927; x_wconf 90' lang='lat'><strong>&#39;0</strong></span> <span class='ocrx_word' id='word_1_685' title='bbox 3525 3873 3620 3942; x_wconf 86' lang='grc' dir='ltr'>γὰρ</span> <span class='ocrx_word' id='word_1_686' title='bbox 3641 3870 3716 3925; x_wconf 76' lang='lat' dir='ltr'><strong>azi-</strong></span> 
     </span>
    </p>
   </div>
   <div class='ocr_carea' id='block_1_91' title="bbox 2182 3951 3715 4031">
    <p class='ocr_par' dir='ltr' id='par_1_91' title="bbox 2182 3951 3715 4031">
     <span class='ocr_line' id='line_1_91' title="bbox 2182 3951 3715 4031; baseline -0.003 -13"><span class='ocrx_word' id='word_1_687' title='bbox 2182 3952 2275 4018; x_wconf 80' lang='grc' dir='ltr'><strong>τὸς</strong></span> <span class='ocrx_word' id='word_1_688' title='bbox 2309 3954 2375 4009; x_wconf 83' lang='grc' dir='ltr'>ἂν</span> <span class='ocrx_word' id='word_1_689' title='bbox 2416 3951 2482 4027; x_wconf 80' lang='grc' dir='ltr'>ἦν</span> <span class='ocrx_word' id='word_1_690' title='bbox 2506 3956 2663 4026; x_wconf 87' lang='grc' dir='ltr'>λόγος</span> <span class='ocrx_word' id='word_1_691' title='bbox 2682 3996 2698 4020; x_wconf 83' lang='grc'><strong>,</strong></span> <span class='ocrx_word' id='word_1_692' title='bbox 2741 3958 2800 4023; x_wconf 83' lang='grc' dir='ltr'>ὃς</span> <span class='ocrx_word' id='word_1_693' title='bbox 2836 3962 2930 4017; x_wconf 80' lang='grc' dir='ltr'>καὶ</span> <span class='ocrx_word' id='word_1_694' title='bbox 2958 3962 3051 4016; x_wconf 79' lang='grc' dir='ltr'><strong>ἐπὶ</strong></span> <span class='ocrx_word' id='word_1_695' title='bbox 3080 3961 3175 4016; x_wconf 82' lang='grc' dir='ltr'><strong>τοῦ</strong></span> <span class='ocrx_word' id='word_1_696' title='bbox 3206 3963 3416 4019; x_wconf 83' lang='grc' dir='ltr'>Βαλδὰδ</span> <span class='ocrx_word' id='word_1_697' title='bbox 3439 3965 3532 4019; x_wconf 80' lang='grc' dir='ltr'>τοῦ</span> <span class='ocrx_word' id='word_1_698' title='bbox 3557 3961 3715 4031; x_wconf 76' lang='grc' dir='ltr'>Σαυχίο</span> 
     </span>
    </p>
   </div>
   <div class='ocr_carea' id='block_1_92' title="bbox 2183 4047 3715 4125">
    <p class='ocr_par' dir='ltr' id='par_1_92' title="bbox 2183 4047 3715 4125">
     <span class='ocr_line' id='line_1_92' title="bbox 2183 4047 3715 4125; baseline 0.005 -26"><span class='ocrx_word' id='word_1_699' title='bbox 2183 4063 2278 4100; x_wconf 88' lang='grc' dir='ltr'><strong>του</strong></span> <span class='ocrx_word' id='word_1_700' title='bbox 2302 4086 2318 4109; x_wconf 83' lang='grc'><strong>,</strong></span> <span class='ocrx_word' id='word_1_701' title='bbox 2345 4047 2440 4101; x_wconf 73' lang='grc' dir='ltr'>καὶ</span> <span class='ocrx_word' id='word_1_702' title='bbox 2469 4048 2651 4121; x_wconf 83' lang='grc' dir='ltr'>Σοφὰρ</span> <span class='ocrx_word' id='word_1_703' title='bbox 2684 4050 2778 4103; x_wconf 81' lang='grc' dir='ltr'><strong>τοῦ</strong></span> <span class='ocrx_word' id='word_1_704' title='bbox 2808 4052 3067 4106; x_wconf 84' lang='grc' dir='ltr'>Μινναίου</span> <span class='ocrx_word' id='word_1_705' title='bbox 3086 4094 3102 4118; x_wconf 92' lang='grc'><strong>,</strong></span> <span class='ocrx_word' id='word_1_706' title='bbox 3132 4056 3226 4108; x_wconf 80' lang='grc' dir='ltr'>καὶ</span> <span class='ocrx_word' id='word_1_707' title='bbox 3257 4055 3345 4125; x_wconf 67' lang='grc' dir='ltr'><strong>ἐφ’</strong></span> <span class='ocrx_word' id='word_1_708' title='bbox 3377 4058 3602 4112; x_wconf 80' lang='grc' dir='ltr'>ἑκάστου</span> <span class='ocrx_word' id='word_1_709' title='bbox 3630 4056 3715 4108; x_wconf 70' lang='grc' dir='ltr'>τῶι</span> 
     </span>
    </p>
   </div>
   <div class='ocr_carea' id='block_1_93' title="bbox 2180 3124 3819 3207">
    <p class='ocr_par' dir='ltr' id='par_1_93' title="bbox 2180 3124 3819 3207">
     <span class='ocr_line' id='line_1_93' title="bbox 2180 3124 3819 3207; baseline 0.009 -29"><span class='ocrx_word' id='word_1_710' title='bbox 2180 3124 2574 3197; x_wconf 76' lang='grc' dir='ltr'>χαρακτηρίζει</span> <span class='ocrx_word' id='word_1_711' title='bbox 2598 3166 2614 3188; x_wconf 86' lang='grc'><strong>,</strong></span> <span class='ocrx_word' id='word_1_712' title='bbox 2650 3127 2745 3180; x_wconf 75' lang='grc' dir='ltr'>καὶ</span> <span class='ocrx_word' id='word_1_713' title='bbox 2786 3128 2951 3183; x_wconf 87' lang='grc' dir='ltr'>τόπον</span> <span class='ocrx_word' id='word_1_714' title='bbox 2984 3129 3218 3200; x_wconf 87' lang='grc' dir='ltr'>λέγουσα</span> <span class='ocrx_word' id='word_1_715' title='bbox 3251 3134 3344 3187; x_wconf 79' lang='grc' dir='ltr'><strong>καὶ</strong></span> <span class='ocrx_word' id='word_1_716' title='bbox 3372 3136 3443 3191; x_wconf 74' lang='grc' dir='ltr'><strong>τὰ</strong></span> <span class='ocrx_word' id='word_1_717' title='bbox 3468 3137 3557 3191; x_wconf 84' lang='grc' dir='ltr'>τοῦ</span> <span class='ocrx_word' id='word_1_718' title='bbox 3584 3138 3715 3207; x_wconf 70' lang='grc' dir='ltr'>ἤθους</span> <span class='ocrx_word' id='word_1_719' title='bbox 3818 3160 3819 3181; x_wconf 55' lang='grc' dir='ltr'>ξ</span> 
     </span>
    </p>
   </div>
   <div class='ocr_carea' id='block_1_94' title="bbox 510 4495 2071 4569">
    <p class='ocr_par' dir='ltr' id='par_1_94' title="bbox 510 4495 2071 4569">
     <span class='ocr_line' id='line_1_94' title="bbox 510 4495 2071 4569; baseline 0.006 -19"><span class='ocrx_word' id='word_1_720' title='bbox 510 4495 729 4561; x_wconf 88' lang='lat' dir='ltr'><strong>sistere,</strong></span> <span class='ocrx_word' id='word_1_721' title='bbox 761 4512 827 4552; x_wconf 90' lang='lat' dir='ltr'><strong>eo</strong></span> <span class='ocrx_word' id='word_1_722' title='bbox 859 4499 1005 4568; x_wconf 90' lang='lat' dir='ltr'><strong>quod</strong></span> <span class='ocrx_word' id='word_1_723' title='bbox 1028 4515 1351 4569; x_wconf 84' lang='lat' dir='ltr'><strong>persuasum</strong></span> <span class='ocrx_word' id='word_1_724' title='bbox 1373 4503 1446 4557; x_wconf 88' lang='lat' dir='ltr'><strong>sit</strong></span> <span class='ocrx_word' id='word_1_725' title='bbox 1477 4502 1617 4557; x_wconf 87' lang='lat' dir='ltr'><strong>hanc</strong></span> <span class='ocrx_word' id='word_1_726' title='bbox 1649 4504 1948 4558; x_wconf 87' lang='lat' dir='ltr'><strong>essentiam</strong></span> <span class='ocrx_word' id='word_1_727' title='bbox 1981 4519 2071 4559; x_wconf 90' lang='lat' dir='ltr'><strong>su-</strong></span> 
     </span>
    </p>
   </div>
   <div class='ocr_carea' id='block_1_95' title="bbox 508 4591 2080 4663">
    <p class='ocr_par' dir='ltr' id='par_1_95' title="bbox 508 4591 2080 4663">
     <span class='ocr_line' id='line_1_95' title="bbox 508 4591 2080 4663; baseline 0.005 -22"><span class='ocrx_word' id='word_1_728' title='bbox 508 4602 609 4659; x_wconf 84' lang='lat' dir='ltr'><strong>pra</strong></span> <span class='ocrx_word' id='word_1_729' title='bbox 634 4603 852 4643; x_wconf 88' lang='lat' dir='ltr'><strong>omnem</strong></span> <span class='ocrx_word' id='word_1_730' title='bbox 877 4604 1001 4645; x_wconf 90' lang='lat' dir='ltr'><strong>esse</strong></span> <span class='ocrx_word' id='word_1_731' title='bbox 1021 4591 1453 4663; x_wconf 83' lang='lat' dir='ltr'><strong>cogitationem),</strong></span> <span class='ocrx_word' id='word_1_732' title='bbox 1487 4592 1541 4647; x_wconf 95' lang='lat' dir='ltr'><strong>id</strong></span> <span class='ocrx_word' id='word_1_733' title='bbox 1571 4600 1627 4648; x_wconf 90' lang='lat' dir='ltr'><strong>et</strong></span> <span class='ocrx_word' id='word_1_734' title='bbox 1652 4592 1721 4649; x_wconf 91' lang='lat' dir='ltr'><strong>de</strong></span> <span class='ocrx_word' id='word_1_735' title='bbox 1748 4592 1890 4648; x_wconf 86' lang='lat' dir='ltr'><strong>Filio</strong></span> <span class='ocrx_word' id='word_1_736' title='bbox 1919 4595 2080 4651; x_wconf 82' lang='lat' dir='ltr'><strong>intel-</strong></span> 
     </span>
    </p>
   </div>
   <div class='ocr_carea' id='block_1_96' title="bbox 510 4680 2081 4753">
    <p class='ocr_par' dir='ltr' id='par_1_96' title="bbox 510 4680 2081 4753">
     <span class='ocr_line' id='line_1_96' title="bbox 510 4680 2081 4753; baseline 0.004 -21"><span class='ocrx_word' id='word_1_737' title='bbox 510 4680 666 4751; x_wconf 90' lang='lat' dir='ltr'><strong>liges,</strong></span> <span class='ocrx_word' id='word_1_738' title='bbox 703 4681 959 4736; x_wconf 90' lang='lat' dir='ltr'><strong>similiter</strong></span> <span class='ocrx_word' id='word_1_739' title='bbox 987 4689 1041 4736; x_wconf 90' lang='lat' dir='ltr'><strong>et</strong></span> <span class='ocrx_word' id='word_1_740' title='bbox 1081 4683 1149 4737; x_wconf 92' lang='lat' dir='ltr'><strong>de</strong></span> <span class='ocrx_word' id='word_1_741' title='bbox 1183 4681 1392 4753; x_wconf 90' lang='lat' dir='ltr'><strong>Spiritu</strong></span> <span class='ocrx_word' id='word_1_742' title='bbox 1424 4692 1635 4739; x_wconf 89' lang='lat' dir='ltr'><strong>sancto.</strong></span> <span class='ocrx_word' id='word_1_743' title='bbox 1666 4683 1802 4739; x_wconf 85' lang='lat' dir='ltr'><strong>Nam</strong></span> <span class='ocrx_word' id='word_1_744' title='bbox 1831 4686 1972 4740; x_wconf 86' lang='lat' dir='ltr'><strong>ratio</strong></span> <span class='ocrx_word' id='word_1_745' title='bbox 1996 4686 2081 4739; x_wconf 88' lang='lat' dir='ltr'><strong>in-</strong></span> 
     </span>
    </p>
   </div>
   <div class='ocr_carea' id='block_1_97' title="bbox 506 4774 2082 4846">
    <p class='ocr_par' dir='ltr' id='par_1_97' title="bbox 506 4774 2082 4846">
     <span class='ocr_line' id='line_1_97' title="bbox 506 4774 2082 4846; baseline 0.003 -18"><span class='ocrx_word' id='word_1_746' title='bbox 506 4774 679 4829; x_wconf 87' lang='lat' dir='ltr'><strong>creati</strong></span> <span class='ocrx_word' id='word_1_747' title='bbox 708 4782 763 4829; x_wconf 92' lang='lat' dir='ltr'><strong>et</strong></span> <span class='ocrx_word' id='word_1_748' title='bbox 800 4774 1368 4846; x_wconf 85' lang='lat' dir='ltr'><strong>incomprehensibilis</strong></span> <span class='ocrx_word' id='word_1_749' title='bbox 1405 4792 1513 4832; x_wconf 89' lang='lat' dir='ltr'><strong>una</strong></span> <span class='ocrx_word' id='word_1_750' title='bbox 1533 4785 1585 4833; x_wconf 89' lang='lat' dir='ltr'><strong>et</strong></span> <span class='ocrx_word' id='word_1_751' title='bbox 1615 4778 1805 4833; x_wconf 74' lang='lat' dir='ltr'><strong>eadem</strong></span> <span class='ocrx_word' id='word_1_752' title='bbox 1837 4778 1892 4832; x_wconf 92' lang='lat' dir='ltr'><strong>in</strong></span> <span class='ocrx_word' id='word_1_753' title='bbox 1919 4776 2082 4833; x_wconf 87' lang='lat' dir='ltr'><strong>Patre</strong></span> 
     </span>
    </p>
   </div>
   <div class='ocr_carea' id='block_1_98' title="bbox 507 4865 2081 4942">
    <p class='ocr_par' dir='ltr' id='par_1_98' title="bbox 507 4865 2081 4942">
     <span class='ocr_line' id='line_1_98' title="bbox 507 4865 2081 4942; baseline 0.003 -22"><span class='ocrx_word' id='word_1_754' title='bbox 507 4873 563 4921; x_wconf 87' lang='lat' dir='ltr'><strong>ct</strong></span> <span class='ocrx_word' id='word_1_755' title='bbox 590 4866 644 4920; x_wconf 90' lang='lat' dir='ltr'><strong>in</strong></span> <span class='ocrx_word' id='word_1_756' title='bbox 668 4865 805 4922; x_wconf 88' lang='lat' dir='ltr'><strong>Filio</strong></span> <span class='ocrx_word' id='word_1_757' title='bbox 827 4874 881 4922; x_wconf 91' lang='lat' dir='ltr'><strong>et</strong></span> <span class='ocrx_word' id='word_1_758' title='bbox 903 4868 959 4923; x_wconf 93' lang='lat' dir='ltr'><strong>in</strong></span> <span class='ocrx_word' id='word_1_759' title='bbox 988 4868 1194 4939; x_wconf 89' lang='lat' dir='ltr'><strong>Spiritu</strong></span> <span class='ocrx_word' id='word_1_760' title='bbox 1216 4880 1407 4925; x_wconf 91' lang='lat' dir='ltr'><strong>sancto</strong></span> <span class='ocrx_word' id='word_1_761' title='bbox 1423 4878 1526 4926; x_wconf 63' lang='lat' dir='ltr'><strong>est.</strong></span> <span class='ocrx_word' id='word_1_762' title='bbox 1556 4869 1741 4942; x_wconf 74' lang='lat' dir='ltr'><strong>Neque</strong></span> <span class='ocrx_word' id='word_1_763' title='bbox 1762 4873 1908 4927; x_wconf 86' lang='lat' dir='ltr'><strong>enim</strong></span> <span class='ocrx_word' id='word_1_764' title='bbox 1933 4870 2081 4926; x_wconf 88' lang='lat' dir='ltr'><strong>aliud</strong></span> 
     </span>
    </p>
   </div>
   <div class='ocr_carea' id='block_1_99' title="bbox 506 4957 2080 5032">
    <p class='ocr_par' dir='ltr' id='par_1_99' title="bbox 506 4957 2080 5032">
     <span class='ocr_line' id='line_1_99' title="bbox 506 4957 2080 5032; baseline 0.005 -21"><span class='ocrx_word' id='word_1_765' title='bbox 506 4957 680 5028; x_wconf 87' lang='lat' dir='ltr'><strong>magis</strong></span> <span class='ocrx_word' id='word_1_766' title='bbox 711 4966 796 5014; x_wconf 92' lang='lat' dir='ltr'><strong>est</strong></span> <span class='ocrx_word' id='word_1_767' title='bbox 830 4959 1402 5032; x_wconf 87' lang='lat' dir='ltr'><strong>incomprehensibile,</strong></span> <span class='ocrx_word' id='word_1_768' title='bbox 1431 4970 1526 5018; x_wconf 89' lang='lat' dir='ltr'><strong>aut</strong></span> <span class='ocrx_word' id='word_1_769' title='bbox 1569 4964 1894 5028; x_wconf 87' lang='lat' dir='ltr'><strong>increatum,</strong></span> <span class='ocrx_word' id='word_1_770' title='bbox 1931 4964 2080 5019; x_wconf 90' lang='lat' dir='ltr'><strong>aliud</strong></span> 
     </span>
    </p>
   </div>
   <div class='ocr_carea' id='block_1_100' title="bbox 506 5050 2083 5129">
    <p class='ocr_par' dir='ltr' id='par_1_100' title="bbox 506 5050 2083 5129">
     <span class='ocr_line' id='line_1_100' title="bbox 506 5050 2083 5129; baseline 0.005 -26"><span class='ocrx_word' id='word_1_771' title='bbox 506 5050 710 5106; x_wconf 88' lang='lat' dir='ltr'><strong>minus.</strong></span> <span class='ocrx_word' id='word_1_772' title='bbox 741 5050 1012 5117; x_wconf 87' lang='lat' dir='ltr'><strong>Quoniam</strong></span> <span class='ocrx_word' id='word_1_773' title='bbox 1036 5060 1218 5108; x_wconf 87' lang='lat' dir='ltr'><strong>autem</strong></span> <span class='ocrx_word' id='word_1_774' title='bbox 1248 5062 1467 5125; x_wconf 90' lang='lat' dir='ltr'><strong>oportet</strong></span> <span class='ocrx_word' id='word_1_775' title='bbox 1492 5071 1590 5126; x_wconf 90' lang='lat' dir='ltr'><strong>per</strong></span> <span class='ocrx_word' id='word_1_776' title='bbox 1622 5056 1876 5129; x_wconf 80' lang='lat' dir='ltr'><strong>prOprias</strong></span> <span class='ocrx_word' id='word_1_777' title='bbox 1901 5058 2083 5111; x_wconf 87' lang='lat' dir='ltr'><strong>notio-</strong></span> 
     </span>
    </p>
   </div>
   <div class='ocr_carea' id='block_1_101' title="bbox 585 5175 1434 5260">
    <p class='ocr_par' dir='ltr' id='par_1_101' title="bbox 585 5175 1434 5260">
     <span class='ocr_line' id='line_1_101' title="bbox 585 5175 1434 5260; baseline 0.006 -17"><span class='ocrx_word' id='word_1_778' title='bbox 585 5189 629 5221; x_wconf 81' lang='lat'><strong>&quot;</strong></span> <span class='ocrx_word' id='word_1_779' title='bbox 664 5189 767 5245; x_wconf 83' lang='lat' dir='ltr'><strong>Job</strong></span> <span class='ocrx_word' id='word_1_780' title='bbox 795 5208 851 5248; x_wconf 85' lang='grc' dir='ltr'><strong>ι.</strong></span> <span class='ocrx_word' id='word_1_781' title='bbox 887 5193 941 5248; x_wconf 77' lang='grc'>1.</span> <span class='ocrx_word' id='word_1_782' title='bbox 1020 5175 1066 5226; x_wconf 68' lang='grc' dir='ltr'><strong>¹έ</strong></span> <span class='ocrx_word' id='word_1_783' title='bbox 1091 5192 1197 5249; x_wconf 84' lang='lat' dir='ltr'><strong>Job</strong></span> <span class='ocrx_word' id='word_1_784' title='bbox 1225 5211 1308 5260; x_wconf 82' lang='grc' dir='ltr'>ιι,</span> <span class='ocrx_word' id='word_1_785' title='bbox 1346 5195 1434 5249; x_wconf 80' lang='grc' dir='ltr'>Η.</span> 
     </span>
    </p>
   </div>
   <div class='ocr_carea' id='block_1_102' title="bbox 576 5308 1671 5382">
    <p class='ocr_par' dir='ltr' id='par_1_102' title="bbox 576 5308 1671 5382">
     <span class='ocr_line' id='line_1_102' title="bbox 576 5308 1671 5382; baseline 0.005 -20"><span class='ocrx_word' id='word_1_786' title='bbox 576 5308 654 5379; x_wconf 85' lang='grc'><strong>(8)</strong></span> <span class='ocrx_word' id='word_1_787' title='bbox 691 5310 1012 5382; x_wconf 72' lang='grc' dir='ltr'>Ύφεστως.</span> <span class='ocrx_word' id='word_1_788' title='bbox 1042 5310 1161 5367; x_wconf 91' lang='lat' dir='ltr'><strong>Duo</strong></span> <span class='ocrx_word' id='word_1_789' title='bbox 1183 5328 1319 5367; x_wconf 86' lang='lat' dir='ltr'><strong>mss.</strong></span> <span class='ocrx_word' id='word_1_790' title='bbox 1346 5312 1671 5382; x_wconf 82' lang='grc' dir='ltr'>ὑφεστηκός.</span> 
     </span>
    </p>
   </div>
   <div class='ocr_carea' id='block_1_103' title="bbox 577 5381 2077 5455">
    <p class='ocr_par' dir='ltr' id='par_1_103' title="bbox 577 5381 2077 5455">
     <span class='ocr_line' id='line_1_103' title="bbox 577 5381 2077 5455; baseline 0 -20"><span class='ocrx_word' id='word_1_791' title='bbox 577 5382 652 5455; x_wconf 70' lang='grc' dir='ltr'><strong>(θ)</strong></span> <span class='ocrx_word' id='word_1_792' title='bbox 692 5381 853 5455; x_wconf 39' lang='lat' dir='ltr'><strong>fama?</strong></span> <span class='ocrx_word' id='word_1_793' title='bbox 878 5382 918 5455; x_wconf 77' lang='grc' dir='ltr'><em>ὴ</em></span> <span class='ocrx_word' id='word_1_794' title='bbox 965 5384 1056 5455; x_wconf 66' lang='grc' dir='ltr'><strong>τό.</strong></span> <span class='ocrx_word' id='word_1_795' title='bbox 1095 5383 1187 5437; x_wconf 88' lang='lat' dir='ltr'><strong>Sic</strong></span> <span class='ocrx_word' id='word_1_796' title='bbox 1237 5398 1369 5438; x_wconf 90' lang='lat' dir='ltr'><strong>mss.</strong></span> <span class='ocrx_word' id='word_1_797' title='bbox 1395 5381 1593 5455; x_wconf 85' lang='lat' dir='ltr'><strong>omnes</strong></span> <span class='ocrx_word' id='word_1_798' title='bbox 1625 5392 1684 5455; x_wconf 70' lang='lat' dir='ltr'><strong>et</strong></span> <span class='ocrx_word' id='word_1_799' title='bbox 1723 5389 1865 5452; x_wconf 88' lang='lat' dir='ltr'><strong>apud</strong></span> <span class='ocrx_word' id='word_1_800' title='bbox 1913 5382 2077 5455; x_wconf 79' lang='lat' dir='ltr'><strong>Nyss.</strong></span> 
     </span>
    </p>
   </div>
   <div class='ocr_carea' id='block_1_104' title="bbox 503 5448 1971 5508">
    <p class='ocr_par' dir='ltr' id='par_1_104' title="bbox 503 5448 1971 5508">
     <span class='ocr_line' id='line_1_104' title="bbox 503 5448 1971 5508; baseline 0.001 -1"><span class='ocrx_word' id='word_1_801' title='bbox 503 5448 649 5507; x_wconf 83' lang='lat' dir='ltr'><strong>Editi</strong></span> <span class='ocrx_word' id='word_1_802' title='bbox 681 5450 819 5504; x_wconf 72' lang='grc' dir='ltr'>ἀλλὰ</span> <span class='ocrx_word' id='word_1_803' title='bbox 846 5451 928 5506; x_wconf 85' lang='grc' dir='ltr'><strong>τό.</strong></span> <span class='ocrx_word' id='word_1_804' title='bbox 956 5450 1110 5507; x_wconf 90' lang='lat' dir='ltr'><strong>.lufra</strong></span> <span class='ocrx_word' id='word_1_805' title='bbox 1147 5462 1257 5508; x_wconf 89' lang='lat' dir='ltr'><strong>tres</strong></span> <span class='ocrx_word' id='word_1_806' title='bbox 1289 5469 1422 5507; x_wconf 88' lang='lat' dir='ltr'><strong>mss.</strong></span> <span class='ocrx_word' id='word_1_807' title='bbox 1451 5453 1512 5506; x_wconf 84' lang='grc' dir='ltr'>τὸ</span> <span class='ocrx_word' id='word_1_808' title='bbox 1542 5448 1971 5508; x_wconf 66' lang='grc' dir='ltr'>τοιοῦτσποιεῖν.</span> 
     </span>
    </p>
   </div>
   <div class='ocr_carea' id='block_1_105' title="bbox 578 5520 2076 5593">
    <p class='ocr_par' dir='ltr' id='par_1_105' title="bbox 578 5520 2076 5593">
     <span class='ocr_line' id='line_1_105' title="bbox 578 5520 2076 5593; baseline 0.003 -19"><span class='ocrx_word' id='word_1_809' title='bbox 578 5520 689 5593; x_wconf 38' lang='grc'><strong>(1-0)</strong></span> <span class='ocrx_word' id='word_1_810' title='bbox 732 5521 966 5575; x_wconf 86' lang='grc' dir='ltr'>Ἐδίδου</span> <span class='ocrx_word' id='word_1_811' title='bbox 1003 5526 1207 5593; x_wconf 62' lang='grc' dir='ltr'>λόγον.</span> <span class='ocrx_word' id='word_1_812' title='bbox 1243 5523 1412 5593; x_wconf 87' lang='lat' dir='ltr'><strong>Coisl.</strong></span> <span class='ocrx_word' id='word_1_813' title='bbox 1448 5523 1657 5592; x_wconf 91' lang='lat' dir='ltr'><strong>primus</strong></span> <span class='ocrx_word' id='word_1_814' title='bbox 1685 5522 1876 5593; x_wconf 77' lang='grc' dir='ltr'>ἐδήλου</span> <span class='ocrx_word' id='word_1_815' title='bbox 1899 5522 2076 5591; x_wconf 81' lang='grc' dir='ltr'>λόγον.</span> 
     </span>
    </p>
   </div>
   <div class='ocr_carea' id='block_1_106' title="bbox 506 5589 2079 5675">
    <p class='ocr_par' dir='ltr' id='par_1_106' title="bbox 506 5589 2079 5675">
     <span class='ocr_line' id='line_1_106' title="bbox 506 5589 2079 5675; baseline 0.004 -32"><span class='ocrx_word' id='word_1_816' title='bbox 506 5589 680 5675; x_wconf 63' lang='lat' dir='ltr'><strong>gaius</strong></span> <span class='ocrx_word' id='word_1_817' title='bbox 710 5601 833 5675; x_wconf 75' lang='lat' dir='ltr'><strong>post</strong></span> <span class='ocrx_word' id='word_1_818' title='bbox 873 5593 1008 5675; x_wconf 78' lang='lat' dir='ltr'><strong>editi</strong></span> <span class='ocrx_word' id='word_1_819' title='bbox 1040 5589 1135 5675; x_wconf 45' lang='grc' dir='ltr'>τοῦ</span> <span class='ocrx_word' id='word_1_820' title='bbox 1159 5589 1474 5675; x_wconf 41' lang='grc' dir='ltr'>’ξαγχίτουξ</span> <span class='ocrx_word' id='word_1_821' title='bbox 1508 5594 1726 5675; x_wconf 51' lang='lat' dir='ltr'><strong>Septem</strong></span> <span class='ocrx_word' id='word_1_822' title='bbox 1765 5589 1991 5675; x_wconf 65' lang='lat' dir='ltr'><strong>codices</strong></span> <span class='ocrx_word' id='word_1_823' title='bbox 2026 5601 2079 5675; x_wconf 75' lang='lat' dir='ltr'><strong>et</strong></span> 
     </span>
    </p>
   </div>
   <div class='ocr_carea' id='block_1_107' title="bbox 505 5658 2081 5732">
    <p class='ocr_par' dir='ltr' id='par_1_107' title="bbox 505 5658 2081 5732">
     <span class='ocr_line' id='line_1_107' title="bbox 505 5658 2081 5732; baseline 0.002 -17"><span class='ocrx_word' id='word_1_824' title='bbox 505 5660 668 5732; x_wconf 80' lang='lat' dir='ltr'><strong>Nyss.</strong></span> <span class='ocrx_word' id='word_1_825' title='bbox 701 5658 758 5716; x_wconf 85' lang='lat' dir='ltr'><strong>ut</strong></span> <span class='ocrx_word' id='word_1_826' title='bbox 784 5662 841 5716; x_wconf 92' lang='lat' dir='ltr'><strong>in</strong></span> <span class='ocrx_word' id='word_1_827' title='bbox 872 5668 1042 5718; x_wconf 79' lang='lat' dir='ltr'><strong>textu.</strong></span> <span class='ocrx_word' id='word_1_828' title='bbox 1081 5658 1326 5719; x_wconf 78' lang='lat' dir='ltr'><strong>Subinde</strong></span> <span class='ocrx_word' id='word_1_829' title='bbox 1343 5661 1477 5719; x_wconf 88' lang='lat' dir='ltr'><strong>editi</strong></span> <span class='ocrx_word' id='word_1_830' title='bbox 1512 5658 1637 5730; x_wconf 83' lang='grc' dir='ltr'>Πῶς</span> <span class='ocrx_word' id='word_1_831' title='bbox 1659 5658 1774 5730; x_wconf 85' lang='grc' dir='ltr'>οὐν,</span> <span class='ocrx_word' id='word_1_832' title='bbox 1807 5664 1902 5721; x_wconf 88' lang='lat' dir='ltr'><strong>sed</strong></span> <span class='ocrx_word' id='word_1_833' title='bbox 1926 5664 2081 5721; x_wconf 86' lang='lat' dir='ltr'><strong>deest</strong></span> 
     </span>
    </p>
   </div>
   <div class='ocr_carea' id='block_1_108' title="bbox 2187 4506 3715 4585">
    <p class='ocr_par' dir='ltr' id='par_1_108' title="bbox 2187 4506 3715 4585">
     <span class='ocr_line' id='line_1_108' title="bbox 2187 4506 3715 4585; baseline 0.009 -28"><span class='ocrx_word' id='word_1_834' title='bbox 2187 4506 2434 4578; x_wconf 87' lang='grc' dir='ltr'>Πατρὸς,</span> <span class='ocrx_word' id='word_1_835' title='bbox 2480 4508 2509 4561; x_wconf 87' lang='grc' dir='ltr'><strong>ὃ</strong></span> <span class='ocrx_word' id='word_1_836' title='bbox 2550 4525 2602 4562; x_wconf 89' lang='grc' dir='ltr'>τι</span> <span class='ocrx_word' id='word_1_837' title='bbox 2649 4509 2780 4563; x_wconf 84' lang='grc' dir='ltr'>ποτὲ</span> <span class='ocrx_word' id='word_1_838' title='bbox 2826 4511 3138 4566; x_wconf 87' lang='grc' dir='ltr'>ὑποτίθεταί</span> <span class='ocrx_word' id='word_1_839' title='bbox 3180 4530 3271 4567; x_wconf 87' lang='grc' dir='ltr'><strong>σου</strong></span> <span class='ocrx_word' id='word_1_840' title='bbox 3308 4516 3341 4585; x_wconf 83' lang='grc' dir='ltr'>ἠ</span> <span class='ocrx_word' id='word_1_841' title='bbox 3389 4515 3561 4570; x_wconf 73' lang='grc' dir='ltr'>ἔννοια</span> <span class='ocrx_word' id='word_1_842' title='bbox 3588 4508 3715 4582; x_wconf 73' lang='grc' dir='ltr'>(πρὸς</span> 
     </span>
    </p>
   </div>
   <div class='ocr_carea' id='block_1_109' title="bbox 2185 4596 3716 4675">
    <p class='ocr_par' dir='ltr' id='par_1_109' title="bbox 2185 4596 3716 4675">
     <span class='ocr_line' id='line_1_109' title="bbox 2185 4596 3716 4675; baseline 0.008 -26"><span class='ocrx_word' id='word_1_843' title='bbox 2185 4596 2338 4651; x_wconf 79' lang='grc' dir='ltr'>οὐδὲν</span> <span class='ocrx_word' id='word_1_844' title='bbox 2381 4599 2489 4670; x_wconf 87' lang='grc' dir='ltr'><strong>γάρ</strong></span> <span class='ocrx_word' id='word_1_845' title='bbox 2523 4600 2669 4653; x_wconf 72' lang='grc' dir='ltr'>ἐστιν</span> <span class='ocrx_word' id='word_1_846' title='bbox 2711 4601 3147 4673; x_wconf 78' lang='grc' dir='ltr'>ἀπο-τεταγμένον</span> <span class='ocrx_word' id='word_1_847' title='bbox 3188 4604 3364 4675; x_wconf 85' lang='grc' dir='ltr'>νόημα</span> <span class='ocrx_word' id='word_1_848' title='bbox 3395 4606 3506 4675; x_wconf 82' lang='grc' dir='ltr'><strong>(Η)</strong></span> <span class='ocrx_word' id='word_1_849' title='bbox 3537 4606 3623 4675; x_wconf 81' lang='grc' dir='ltr'>τὴν</span> <span class='ocrx_word' id='word_1_850' title='bbox 3643 4604 3716 4670; x_wconf 55' lang='lat'><strong>6(4-</strong></span> 
     </span>
    </p>
   </div>
   <div class='ocr_carea' id='block_1_110' title="bbox 2185 4687 3715 4768">
    <p class='ocr_par' dir='ltr' id='par_1_110' title="bbox 2185 4687 3715 4768">
     <span class='ocr_line' id='line_1_110' title="bbox 2185 4687 3715 4768; baseline -0.003 -23"><span class='ocrx_word' id='word_1_851' title='bbox 2185 4687 2287 4759; x_wconf 80' lang='grc' dir='ltr'>χὴν</span> <span class='ocrx_word' id='word_1_852' title='bbox 2334 4690 2668 4760; x_wconf 74' lang='grc' dir='ltr'>ἐπερείδειν,</span> <span class='ocrx_word' id='word_1_853' title='bbox 2716 4692 2804 4746; x_wconf 72' lang='grc' dir='ltr'>διὰ</span> <span class='ocrx_word' id='word_1_854' title='bbox 2844 4693 2905 4746; x_wconf 82' lang='grc' dir='ltr'>τὸ</span> <span class='ocrx_word' id='word_1_855' title='bbox 2953 4694 3244 4747; x_wconf 82' lang='grc' dir='ltr'>πεπεῖσθαι</span> <span class='ocrx_word' id='word_1_856' title='bbox 3296 4697 3428 4750; x_wconf 73' lang='grc' dir='ltr'>αὐτὸ</span> <span class='ocrx_word' id='word_1_857' title='bbox 3460 4698 3589 4768; x_wconf 83' lang='grc' dir='ltr'>ὑπὲρ</span> <span class='ocrx_word' id='word_1_858' title='bbox 3630 4693 3715 4743; x_wconf 83' lang='grc' dir='ltr'>πᾶν</span> 
     </span>
    </p>
   </div>
   <div class='ocr_carea' id='block_1_111' title="bbox 2185 4777 3714 4860">
    <p class='ocr_par' dir='ltr' id='par_1_111' title="bbox 2185 4777 3714 4860">
     <span class='ocr_line' id='line_1_111' title="bbox 2185 4777 3714 4860; baseline 0.004 -27"><span class='ocrx_word' id='word_1_859' title='bbox 2185 4777 2324 4834; x_wconf 76' lang='grc' dir='ltr'>εἶναι</span> <span class='ocrx_word' id='word_1_860' title='bbox 2357 4783 2553 4853; x_wconf 85' lang='grc' dir='ltr'>νόημα)</span> <span class='ocrx_word' id='word_1_861' title='bbox 2578 4824 2592 4848; x_wconf 95' lang='grc'><strong>,</strong></span> <span class='ocrx_word' id='word_1_862' title='bbox 2619 4784 2774 4838; x_wconf 81' lang='grc' dir='ltr'>τοῦτο</span> <span class='ocrx_word' id='word_1_863' title='bbox 2798 4787 2891 4839; x_wconf 73' lang='grc' dir='ltr'>καὶ</span> <span class='ocrx_word' id='word_1_864' title='bbox 2930 4787 3022 4840; x_wconf 77' lang='grc' dir='ltr'><strong>ἐπὶ</strong></span> <span class='ocrx_word' id='word_1_865' title='bbox 3049 4786 3141 4840; x_wconf 80' lang='grc' dir='ltr'>τοῦ</span> <span class='ocrx_word' id='word_1_866' title='bbox 3178 4787 3306 4841; x_wconf 83' lang='grc' dir='ltr'><strong>Υίοῦ</strong></span> <span class='ocrx_word' id='word_1_867' title='bbox 3331 4790 3540 4860; x_wconf 86' lang='grc' dir='ltr'>νοήσεις</span> <span class='ocrx_word' id='word_1_868' title='bbox 3557 4829 3571 4851; x_wconf 83' lang='grc'><strong>,</strong></span> <span class='ocrx_word' id='word_1_869' title='bbox 3591 4784 3714 4839; x_wconf 77' lang='grc' dir='ltr'>τοῦτο</span> 
     </span>
    </p>
   </div>
   <div class='ocr_carea' id='block_1_112' title="bbox 2185 4873 3714 4949">
    <p class='ocr_par' dir='ltr' id='par_1_112' title="bbox 2185 4873 3714 4949">
     <span class='ocr_line' id='line_1_112' title="bbox 2185 4873 3714 4949; baseline 0.004 -24"><span class='ocrx_word' id='word_1_870' title='bbox 2185 4873 2446 4936; x_wconf 80' lang='grc' dir='ltr'>ὡσαύτως</span> <span class='ocrx_word' id='word_1_871' title='bbox 2491 4875 2584 4928; x_wconf 75' lang='grc' dir='ltr'>καὶ</span> <span class='ocrx_word' id='word_1_872' title='bbox 2613 4876 2705 4929; x_wconf 76' lang='grc' dir='ltr'><strong>ἐπὶ</strong></span> <span class='ocrx_word' id='word_1_873' title='bbox 2733 4875 2829 4929; x_wconf 76' lang='grc' dir='ltr'>τοῦ</span> <span class='ocrx_word' id='word_1_874' title='bbox 2862 4877 3176 4949; x_wconf 84' lang='grc' dir='ltr'>Πνεύματος</span> <span class='ocrx_word' id='word_1_875' title='bbox 3205 4880 3300 4933; x_wconf 80' lang='grc' dir='ltr'><strong>τοὺ</strong></span> <span class='ocrx_word' id='word_1_876' title='bbox 3334 4881 3511 4949; x_wconf 84' lang='grc' dir='ltr'>ἁγίου.</span> <span class='ocrx_word' id='word_1_877' title='bbox 3552 4879 3601 4931; x_wconf 88' lang='lat'><strong>&#39;0</strong></span> <span class='ocrx_word' id='word_1_878' title='bbox 3628 4874 3714 4943; x_wconf 73' lang='grc' dir='ltr'>γὰρ</span> 
     </span>
    </p>
   </div>
   <div class='ocr_carea' id='block_1_113' title="bbox 2184 4963 3712 5041">
    <p class='ocr_par' dir='ltr' id='par_1_113' title="bbox 2184 4963 3712 5041">
     <span class='ocr_line' id='line_1_113' title="bbox 2184 4963 3712 5041; baseline 0.001 -22"><span class='ocrx_word' id='word_1_879' title='bbox 2184 4965 2278 5019; x_wconf 83' lang='grc' dir='ltr'>τοῦ</span> <span class='ocrx_word' id='word_1_880' title='bbox 2324 4967 2581 5020; x_wconf 84' lang='grc' dir='ltr'>ἀκτίστου</span> <span class='ocrx_word' id='word_1_881' title='bbox 2624 4969 2717 5022; x_wconf 75' lang='grc' dir='ltr'>καὶ</span> <span class='ocrx_word' id='word_1_882' title='bbox 2753 4966 2847 5021; x_wconf 83' lang='grc' dir='ltr'>τοῦ</span> <span class='ocrx_word' id='word_1_883' title='bbox 2881 4969 3266 5041; x_wconf 85' lang='grc' dir='ltr'>ἀκαταλήπτου</span> <span class='ocrx_word' id='word_1_884' title='bbox 3304 4970 3462 5040; x_wconf 88' lang='grc' dir='ltr'>λόγος</span> <span class='ocrx_word' id='word_1_885' title='bbox 3490 4966 3563 5034; x_wconf 77' lang='grc' dir='ltr'>εἷς</span> <span class='ocrx_word' id='word_1_886' title='bbox 3594 4963 3712 5021; x_wconf 70' lang='grc' dir='ltr'>καὶὸ</span> 
     </span>
    </p>
   </div>
   <div class='ocr_carea' id='block_1_114' title="bbox 2186 5058 3712 5133">
    <p class='ocr_par' dir='ltr' id='par_1_114' title="bbox 2186 5058 3712 5133">
     <span class='ocr_line' id='line_1_114' title="bbox 2186 5058 3712 5133; baseline 0.002 -22"><span class='ocrx_word' id='word_1_887' title='bbox 2186 5058 2348 5123; x_wconf 86' lang='grc' dir='ltr'>αὐτὸς</span> <span class='ocrx_word' id='word_1_888' title='bbox 2379 5059 2473 5113; x_wconf 85' lang='grc' dir='ltr'>ὲπί</span> <span class='ocrx_word' id='word_1_889' title='bbox 2494 5076 2555 5113; x_wconf 86' lang='grc' dir='ltr'><strong>τε</strong></span> <span class='ocrx_word' id='word_1_890' title='bbox 2581 5059 2674 5113; x_wconf 80' lang='grc' dir='ltr'>τοῦ</span> <span class='ocrx_word' id='word_1_891' title='bbox 2697 5061 2910 5133; x_wconf 81' lang='grc' dir='ltr'>Πατρὸς</span> <span class='ocrx_word' id='word_1_892' title='bbox 2941 5064 3032 5115; x_wconf 75' lang='grc' dir='ltr'>καὶ</span> <span class='ocrx_word' id='word_1_893' title='bbox 3059 5062 3153 5115; x_wconf 83' lang='grc' dir='ltr'>τοῦ</span> <span class='ocrx_word' id='word_1_894' title='bbox 3190 5062 3319 5117; x_wconf 73' lang='grc' dir='ltr'><strong>Υἱσῦ</strong></span> <span class='ocrx_word' id='word_1_895' title='bbox 3351 5064 3445 5119; x_wconf 77' lang='grc' dir='ltr'>καὶ</span> <span class='ocrx_word' id='word_1_896' title='bbox 3479 5062 3565 5118; x_wconf 75' lang='grc' dir='ltr'>τοῦ</span> <span class='ocrx_word' id='word_1_897' title='bbox 3588 5058 3712 5126; x_wconf 80' lang='grc' dir='ltr'>ἁγίου</span> 
     </span>
    </p>
   </div>
   <div class='ocr_carea' id='block_1_115' title="bbox 2180 5307 3708 5380">
    <p class='ocr_par' dir='ltr' id='par_1_115' title="bbox 2180 5307 3708 5380">
     <span class='ocr_line' id='line_1_115' title="bbox 2180 5307 3708 5380; baseline -0.009 -10"><span class='ocrx_word' id='word_1_898' title='bbox 2180 5310 2272 5370; x_wconf 79' lang='grc' dir='ltr'>οὖν</span> <span class='ocrx_word' id='word_1_899' title='bbox 2316 5313 2373 5367; x_wconf 92' lang='lat' dir='ltr'><strong>in</strong></span> <span class='ocrx_word' id='word_1_900' title='bbox 2419 5312 2628 5368; x_wconf 85' lang='lat' dir='ltr'><strong>nostris</strong></span> <span class='ocrx_word' id='word_1_901' title='bbox 2660 5312 2966 5373; x_wconf 90' lang='lat' dir='ltr'><strong>codicibus.</strong></span> <span class='ocrx_word' id='word_1_902' title='bbox 3003 5321 3058 5368; x_wconf 90' lang='lat' dir='ltr'><strong>et</strong></span> <span class='ocrx_word' id='word_1_903' title='bbox 3087 5312 3424 5369; x_wconf 85' lang='lat' dir='ltr'><strong>editionibus</strong></span> <span class='ocrx_word' id='word_1_904' title='bbox 3455 5311 3637 5380; x_wconf 80' lang='lat' dir='ltr'><strong>Hagan.</strong></span> <span class='ocrx_word' id='word_1_905' title='bbox 3668 5307 3708 5358; x_wconf 67' lang='lat' dir='ltr'><strong>sl</strong></span> 
     </span>
    </p>
   </div>
   <div class='ocr_carea' id='block_1_116' title="bbox 2181 5382 3653 5452">
    <p class='ocr_par' dir='ltr' id='par_1_116' title="bbox 2181 5382 3653 5452">
     <span class='ocr_line' id='line_1_116' title="bbox 2181 5382 3653 5452; baseline -0.004 -14"><span class='ocrx_word' id='word_1_906' title='bbox 2181 5384 2481 5439; x_wconf 78' lang='lat' dir='ltr'><strong>Basileensi</strong></span> <span class='ocrx_word' id='word_1_907' title='bbox 2517 5384 2712 5452; x_wconf 89' lang='lat' dir='ltr'><strong>prima.</strong></span> <span class='ocrx_word' id='word_1_908' title='bbox 2758 5382 2879 5437; x_wconf 79' lang='lat' dir='ltr'><strong>Mox</strong></span> <span class='ocrx_word' id='word_1_909' title='bbox 2913 5385 3023 5438; x_wconf 87' lang='lat' dir='ltr'><strong>duo</strong></span> <span class='ocrx_word' id='word_1_910' title='bbox 3063 5399 3194 5439; x_wconf 89' lang='lat' dir='ltr'><strong>mss.</strong></span> <span class='ocrx_word' id='word_1_911' title='bbox 3232 5383 3542 5437; x_wconf 84' lang='grc' dir='ltr'>ὑποτίθεταί</span> <span class='ocrx_word' id='word_1_912' title='bbox 3569 5394 3653 5432; x_wconf 82' lang='grc' dir='ltr'>σοι.</span> 
     </span>
    </p>
   </div>
   <div class='ocr_carea' id='block_1_117' title="bbox 2252 5452 3709 5526">
    <p class='ocr_par' dir='ltr' id='par_1_117' title="bbox 2252 5452 3709 5526">
     <span class='ocr_line' id='line_1_117' title="bbox 2252 5452 3709 5526; baseline -0.016 -3"><span class='ocrx_word' id='word_1_913' title='bbox 2252 5454 2363 5523; x_wconf 74' lang='grc' dir='ltr'><strong>(Η)</strong></span> <span class='ocrx_word' id='word_1_914' title='bbox 2394 5454 2831 5526; x_wconf 48' lang='grc' dir='ltr'>Νόημαηυθοει</span> <span class='ocrx_word' id='word_1_915' title='bbox 2870 5455 2932 5526; x_wconf 92' lang='lat' dir='ltr'><strong>_in</strong></span> <span class='ocrx_word' id='word_1_916' title='bbox 2968 5453 3117 5509; x_wconf 80' lang='lat' dir='ltr'><strong>llarl.</strong></span> <span class='ocrx_word' id='word_1_917' title='bbox 3154 5465 3208 5510; x_wconf 93' lang='lat' dir='ltr'><strong>et</strong></span> <span class='ocrx_word' id='word_1_918' title='bbox 3251 5455 3359 5507; x_wconf 85' lang='lat' dir='ltr'><strong>alio</strong></span> <span class='ocrx_word' id='word_1_919' title='bbox 3392 5453 3589 5526; x_wconf 83' lang='lat' dir='ltr'><strong>codice,</strong></span> <span class='ocrx_word' id='word_1_920' title='bbox 3628 5452 3709 5526; x_wconf 64' lang='lat' dir='ltr'><strong>pet}</strong></span> 
     </span>
    </p>
   </div>
   <div class='ocr_carea' id='block_1_118' title="bbox 2179 5522 3707 5593">
    <p class='ocr_par' dir='ltr' id='par_1_118' title="bbox 2179 5522 3707 5593">
     <span class='ocr_line' id='line_1_118' title="bbox 2179 5522 3707 5593; baseline -0.002 -14"><span class='ocrx_word' id='word_1_921' title='bbox 2179 5522 2551 5579; x_wconf 70' lang='lat' dir='ltr'><strong>neuessarium</strong></span> <span class='ocrx_word' id='word_1_922' title='bbox 2600 5522 2833 5593; x_wconf 80' lang='lat' dir='ltr'><strong>videtur.</strong></span> <span class='ocrx_word' id='word_1_923' title='bbox 2870 5522 2928 5579; x_wconf 87' lang='lat' dir='ltr'><strong>In</strong></span> <span class='ocrx_word' id='word_1_924' title='bbox 2978 5526 3167 5580; x_wconf 90' lang='lat' dir='ltr'><strong>iisdem</strong></span> <span class='ocrx_word' id='word_1_925' title='bbox 3221 5526 3506 5579; x_wconf 89' lang='lat' dir='ltr'><strong>codicibus</strong></span> <span class='ocrx_word' id='word_1_926' title='bbox 3553 5522 3707 5593; x_wconf 58' lang='lat' dir='ltr'><strong>legit!&quot;</strong></span> 
     </span>
    </p>
   </div>
   <div class='ocr_carea' id='block_1_119' title="bbox 2179 5591 3707 5667">
    <p class='ocr_par' dir='ltr' id='par_1_119' title="bbox 2179 5591 3707 5667">
     <span class='ocr_line' id='line_1_119' title="bbox 2179 5591 3707 5667; baseline -0.001 -19"><span class='ocrx_word' id='word_1_927' title='bbox 2179 5593 2503 5665; x_wconf 80' lang='grc' dir='ltr'>ἀπερείδειν.</span> <span class='ocrx_word' id='word_1_928' title='bbox 2564 5591 2708 5648; x_wconf 83' lang='lat' dir='ltr'><strong>Editi</strong></span> <span class='ocrx_word' id='word_1_929' title='bbox 2763 5594 3090 5667; x_wconf 86' lang='grc' dir='ltr'>ὑπερείδειν.</span> <span class='ocrx_word' id='word_1_930' title='bbox 3144 5595 3400 5665; x_wconf 86' lang='lat' dir='ltr'><strong>Quinque</strong></span> <span class='ocrx_word' id='word_1_931' title='bbox 3430 5608 3556 5651; x_wconf 78' lang='lat' dir='ltr'><strong>mss.</strong></span> <span class='ocrx_word' id='word_1_932' title='bbox 3582 5594 3631 5644; x_wconf 75' lang='grc' dir='ltr'><strong>ιιι</strong></span> <span class='ocrx_word' id='word_1_933' title='bbox 3662 5591 3707 5637; x_wconf 70' lang='grc' dir='ltr'><strong>ια</strong></span> 
     </span>
    </p>
   </div>
   <div class='ocr_carea' id='block_1_120' title="bbox 2181 5673 2356 5719">
    <p class='ocr_par' dir='ltr' id='par_1_120' title="bbox 2181 5673 2356 5719">
     <span class='ocr_line' id='line_1_120' title="bbox 2181 5673 2356 5719; baseline -0.006 0"><span class='ocrx_word' id='word_1_934' title='bbox 2181 5673 2356 5719; x_wconf 84' lang='lat' dir='ltr'><strong>textu.</strong></span> 
     </span>
    </p>
   </div>
  </div>
