3886 6220
162 348 289 404 329

1076 340 1572 403 EPISTOLARUM
1609 336 1903 400 CLASSIS
1942 344 1982 397 l.
2027 338 2245 399 EPIST.
2286 340 2576 397 XXXVIII.

3357 340 3463 398 550

163 462 510 537 Πνεύματός
536 463 705 517 ἔστιν.
750 461 824 517 ού
872 461 983 536 7&9
1020 462 1082 516 τὸ
1118 463 1217 535 μὲν
1260 464 1463 536 μᾶλλον
1501 462 1781 533 ἀκατάλη-

1890 474 1982 517 nes
2033 459 2380 516 inconfusam
2427 459 2719 516 Trinitatis
2764 458 3175 516 distinctionem
3223 455 3464 522 habere;

163 556 318 611 ιιι-τόν
364 573 434 609 τε
468 555 570 609 καὶ
613 554 868 610 άκτιστον
887 595 904 621 ,
949 554 1013 609 τὸ
1051 554 1110 608 δὲ
1158 549 1342 628 ἦττον.
1386 555 1539 609 Ἐπεὶ
1573 554 1631 606 δὲ
1673 555 1779 626 χρὴ

162 645 265 701 διὰ
323 645 437 700 τῶν
495 644 812 710 ίδιαζὸντων
864 647 1108 716 σημείων
1161 645 1469 717 ἀσύγχυτον
1535 645 1630 698 ἐπὶ
1678 644 1781 715 τῆς

166 740 421 812 Τριάδος
449 739 552 811 τὴν
582 739 856 811 διάκρισιν
883 739 995 812 (12)
1019 739 1163 811 ἔχειν
1182 778 1197 803 ,
1226 739 1290 793 τὸ
1324 739 1423 809 μὲν
1448 738 1645 802 κοινῶς
1668 739 1781 791 ὲπιο

168 830 609 902 θεωρούμενον,
657 826 772 884 οἷον
819 830 882 884 τὸ
926 830 1185 886 ἆκτιστον
1221 830 1366 898 λέγω
1391 830 1472 901 ,ἦ
1524 829 1587 883 τὸ
1638 829 1780 901 ὑπὲρ

170 925 366 976 πᾶσαν
427 921 739 992 κατάληψιν
766 962 784 988 ,
842 922 877 994 ἢ
932 922 988 976 εἴ
1030 940 1083 976 τι
1127 922 1367 977 τοιοῦτον
1395 962 1412 988 ,
1458 922 1520 975 ού
1563 939 1782 993 συμπα-

171 1012 553 1087 ραληψόμεθα
605 1015 685 1077 εἰς
738 1013 840 1084 τὴν
887 1012 984 1067 τοῦ
1042 1014 1336 1077 ίδιάζοντος
1383 1012 1563 1084 κρίσιν
1587 1028 1599 1041 ·
1661 1013 1783 1064 επι-

170 1104 499 1175 ζητήσομεν
540 1103 600 1157 δὲ
644 1104 805 1175 μόνον
857 1102 924 1157 δι’
958 1097 1034 1159 ὧν
1070 1106 1105 1175 ἡ
1149 1104 1282 1176 περὶ
1324 1103 1557 1156 ἑκάστου
1605 1101 1781 1157 ἔννοια

169 1193 481 1263 τηλαυγῶς
530 1194 625 1248 καὶ
656 1194 906 1266 ἀμίκτως
945 1195 1045 1265 τῆς
1088 1193 1569 1267 συνθεωρουμένης
1597 1194 1784 1265 ἀφορι-

175 1284 481 1356 σθήσεται.

246 1380 307 1434 4.
334 1380 544 1444 Καλῶς
568 1375 664 1435 οὖν
689 1378 833 1450 ἔχειν
857 1396 948 1450 μοι
977 1379 1126 1433 δοκεῖ
1148 1377 1323 1442 οὕτως
1349 1377 1662 1449 ἀνιχνεῦσαι
1691 1377 1784 1430 τὸν

175 1471 367 1541 λόγον.
394 1473 517 1526 Πᾶν
550 1473 688 1545 ὅπερ
703 1472 770 1526 ἂν
787 1474 868 1535 είς
892 1473 1043 1542 ἡμᾶς
1072 1474 1138 1525 ἐκ
1165 1470 1319 1536 θείας
1346 1471 1629 1541 δυνάμεως
1653 1469 1785 1537 ἀγα-

177 1563 277 1618 θὸν
303 1558 518 1636 φθάσῃ,
559 1566 660 1634 τῆς
706 1562 887 1617 πάντα
920 1564 979 1615 ἐν
1005 1563 1173 1616 πᾶσιν
1201 1561 1534 1634 ἐνεργούσης
1562 1562 1784 1633 χάριτος

178 1653 479 1723 ὶνὲργειαν
532 1650 669 1706 εἷναί
697 1670 914 1725 φαμεν’
948 1654 1133 1718 καθώς
1177 1671 1344 1724 φησιν
1377 1656 1406 1707 ό
1441 1653 1781 1718 ’Δπόστολος,

177 1747 264 1799 ὅτι
310 1744 514 1800 Ταῦτα
559 1744 632 1798 δὲ
680 1745 878 1799 πάντα
902 1745 1137 1815 ἐνεργεῖ
1176 1745 1241 1799 τό
1287 1743 1355 1798 ἓν
1396 1744 1497 1798 καί
1532 1745 1600 1798 τὸ
1636 1742 1783 1798 αὐτὸ

1884 552 2028 624 quod
2059 554 2425 608 communiter
2459 553 2865 616 consideratur,
2897 551 3061 623 quale
3081 556 3186 616 est,
3210 549 3354 620 quod
3383 550 3468 603 in-

1885 654 2133 701 creatum
2163 646 2309 711 dico,
2338 645 2485 717 quod
2511 654 2596 702 est
2628 660 2795 716 supra
2816 659 3033 699 omnem
3057 644 3465 715 cogitationem.

1888 746 1984 793 aut
2019 739 2067 795 si
2096 738 2230 809 quid
2272 740 2540 810 ejusmodi
2566 757 2581 806 ;
2613 738 2670 794 id
2706 750 3051 809 nequaquam
3077 750 3186 791 una
3218 750 3469 789 assume-

1887 847 2013 887 mus
2049 832 2118 885 ad
2170 834 2559 903 prOprietatem
2591 831 3023 902 dijudicandam,
3073 828 3170 886 sed
3223 827 3467 898 require-

1889 936 2015 975 mus
2046 929 2255 975 tantum
2300 937 2394 991 per
2431 938 2554 992 quas
2586 922 3023 993 uniuscujusque
3050 921 3204 976 notio
3230 919 3468 975 dilucide

1888 1019 1943 1064 et
1969 1012 2108 1066 citra
2142 1011 2527 1069 admistionem
2561 1014 2631 1070 ab
2670 1029 2757 1081 ea,
2789 1030 2909 1086 quae
2956 1014 3119 1070 simul
3150 1011 3465 1069 considera-

1887 1110 2000 1168 tur,
2035 1103 2283 1173 sejuncta
2306 1107 2393 1160 sit.

1959 1368 2013 1422 4.
2055 1367 2240 1441 Itaque
2269 1385 2378 1425 non
2412 1370 2510 1426 abs
2531 1388 2590 1427 re
2624 1387 2748 1428 esse
2769 1372 2906 1428 mihi
2931 1373 3148 1428 videtur
3177 1374 3281 1428 hoc
3306 1386 3466 1443 paeto

1890 1460 2156 1516 rationem
2189 1461 2542 1535 investigare.
2565 1462 2943 1535 Quodcunque
2969 1465 3036 1521 ad
3060 1481 3160 1521 nos
3188 1481 3255 1520 ex
3282 1465 3465 1520 divina

1891 1561 2161 1623 potestate
2210 1554 2413 1609 bonum
2456 1556 2690 1621 venerit,
2722 1559 2908 1613 omnia
2953 1558 3011 1612 in
3052 1558 3306 1613 omnibus
3355 1557 3469 1614 elli-

1890 1644 2087 1701 cientis
2130 1645 2323 1715 gratias
2373 1661 2512 1717 Opus
2544 1664 2666 1703 esse
2702 1648 2972 1716 dicimus,
3009 1648 3465 1720 quemadmodum

1892 1736 1968 1789 ait
2015 1736 2353 1807 Apostolus:
2416 1737 2546 1793 ch
2595 1750 2771 1795 autem
2805 1743 2986 1796 omnia
3037 1752 3288 1808 operatur
3332 1758 3467 1795 unus

178 1835 454 1905 Πνεῦμα,
503 1834 775 1904 διαιροῦν
817 1835 940 1904 ίδίᾳ
974 1835 1210 1903 ἑκάστῳ
1255 1835 1452 1901 καθὼς
1472 1836 1782 1899 βούλεται.

1890 1836 2045 1895 atque
2089 1827 2226 1882 idem
2272 1826 2526 1897 Spiritus,
2587 1830 2823 1886 dividens
2876 1832 3156 1903 sigillatim
3192 1833 3469 1900 unicuique

179 1924 496 1994 Ζητοῦντες
519 1924 578 1977 δὲ
610 1927 659 1978 εί
679 1924 746 1978 ὲκ
772 1924 936 1995 μόνου
959 1923 1052 1979 τοῦ
1080 1924 1237 1993 ἀγίου
1275 1923 1596 1995 Πνεύματος
1625 1924 1659 1993 ἡ
1677 1922 1787 1975 τῶν

178 2014 411 2084 ἀγαθῶν
455 2016 695 2088 χορηγία
741 2016 840 2086 τὴν
898 2017 1073 2086 ἀρχὴν
1130 2014 1393 2078 λαϐοῦσα,
1432 2012 1577 2067 οὓτω
1609 2030 1788 2085 παρα-

176 2109 400 2177 γίνεται
453 2111 573 2172 τοῖς
616 2102 814 2175 ἀξίοις,
854 2108 1019 2162 πάλιν
1049 2106 1154 2160 ὑπὸ
1188 2110 1287 2178 τῆς
1309 2106 1534 2178 Γραφῆς
1561 2105 1787 2176 ὁδηγού-

180 2197 330 2269 μεθα
366 2200 461 2262 είς
488 2198 552 2252 τὸ
576 2197 681 2269 τῆς
712 2198 977 2270 χορηγίας
1013 2198 1122 2252 τῶν
1151 2196 1374 2266 ἀγαθῶν
1406 2196 1515 2251 τῶν
1553 2195 1643 2250 διὰ
1690 2196 1785 2250 τοῦ

179 2286 517 2359 Πνεύματος
570 2289 704 2359 ἡμῖν
751 2287 1158 2358 ἐνεργουμένων
1187 2286 1429 2358 ἀρχηγὸν
1475 2285 1568 2339 καὶ
1613 2285 1788 2339 αἴτιον

178 2375 278 2428 τὸν
327 2376 602 2447 μονογενῆ
640 2376 775 2429 Θεὸν
821 2372 963 2428 εἶναι
1004 2374 1303 2430 πιστεύειν.
1349 2374 1539 2430 Πάντα
1580 2374 1689 2447 γὰρ
1717 2374 1785 2429 δι’

185 2466 363 2519 αὑτοῦ
392 2467 747 2539 γεγενῆσθαι,
772 2468 865 2521 καὶ
888 2471 947 2521 ἐν
971 2467 1121 2539 αύτῷ
1152 2467 1492 2536 συνεστάναι,
1512 2468 1666 2540 παρά
1688 2469 1789 2539 τῆς

185 2557 358 2627 ἀγίας
379 2559 613 2630 Γραφῆς
662 2559 1042 2630 ἐδιδάχθημεν.
1085 2559 1256 2613 Ὅταν
1297 2559 1477 2614 τοίνυν
1513 2560 1610 2613 καὶ
1650 2560 1789 2631 πρὸς

185 2647 410 2718 εκείνην
456 2647 765 2719 ὑψωθῶμεν
816 2650 915 2721 τὴν
947 2648 1176 2713 ἔννοιαν,
1216 2648 1377 2704 πάλιν
1404 2648 1509 2702 ὑπὸ
1539 2650 1639 2721 τῆς
1667 2648 1786 2703 θεο-

187 2740 462 2794 πνεύστου
503 2742 874 2812 χειραγωγίας
896 2742 1225 2811 ἀναγόμενοι
1253 2741 1364 2811 (15)
1392 2740 1785 2812 διδασκόμεθα,

186 2833 274 2887 ὅτι
295 2833 366 2887 δι’
424 2834 649 2904 ἐκείνης
696 2834 796 2904 μὲν
842 2835 1022 2888 πάντα
1052 2835 1153 2904 τῆς
1173 2834 1457 2905 δυνάμεως
1494 2835 1558 2887 ὲκ
1585 2834 1679 2887 τοῦ
1711 2835 1788 2907 μὴ

188 2924 346 2988 ὃντος
370 2927 455 2989 είς
468 2925 534 2978 τὸ
567 2922 710 2979 εἶναι
724 2926 1054 2996 παράγεται,
1082 2927 1143 2979 οὐ
1187 2926 1294 2998 μὴν
1322 2925 1443 2978 οὐδὲ
1478 2925 1538 2991 ἐξ
1573 2926 1789 2997 ἐκείνης

187 3015 491 3088 ἀνάρχωςθ
543 3016 683 3071 ἀλλά
736 3016 823 3081 τίς
869 3019 988 3071 ἐστι
1046 3017 1276 3089 δύναμις
1328 3019 1641 3090 ἀγεννήτως
1690 3019 1789 3072 καὶ

190 3106 452 3178 ἀνάρχως
476 3106 791 3176 ὑφεστῶσα,
807 3108 928 3179 ἥτις
952 3108 1101 3161 ἐστὶν
1122 3108 1270 3162 αίτία
1284 3108 1383 3180 τῆς
1402 3109 1656 3163 ἁπάντων
1676 3108 1788 3164 τῶν

1886 1928 2041 1988 prout
2072 1921 2180 1974 vult
2208 1922 2272 1975 ιτ.
2316 1921 2663 1994 lnquircntes
2697 1933 2904 1990 autem,
2934 1938 3004 1978 an
3047 1938 3076 1978 a
3127 1923 3245 1980 solo
3276 1933 3469 1979 sant-to

1888 2008 2095 2080 Spiritu
2136 2011 2405 2066 bonorum
2448 2012 2668 2084 largitio
2697 2014 2974 2084 originem
3012 2013 3244 2078 habens,
3292 2015 3367 2068 ita
3399 2014 3468 2069 ad

1885 2102 2081 2174 dignos
2124 2105 2432 2172 perveniat,
2480 2119 2674 2159 rursus
2718 2118 2747 2157 a
2782 2104 3067 2176 Scriptura
3104 2105 3211 2160 huc
3239 2105 3469 2161 deduci-

1886 2209 2030 2258 mur,
2071 2201 2132 2248 ut
2161 2195 2468 2265 largitionis
2494 2196 2785 2260 bonorum,
2811 2211 2932 2267 quae
2963 2195 3200 2266 Spiritus
3239 2205 3467 2253 sanctus

1886 2284 1942 2339 in
1994 2285 2156 2340 nobis
2209 2285 2392 2348 elIicit,
2429 2293 2712 2341 auctorem
2757 2293 2813 2341 et
2861 2302 3084 2341 causam
3126 2287 3481 2358 unigenitum

1890 2373 2057 2429 Deum
2085 2391 2210 2431 esse
2240 2374 2553 2433 credamus.
2585 2375 2783 2430 Omnia
2804 2378 2949 2432 enim
2988 2392 3084 2447 per
3110 2378 3288 2447 ipsum
3323 2379 3465 2433 facta

1887 2482 2012 2522 esse
2040 2468 2106 2532 ¹⁸,
2140 2475 2193 2523 ει
2222 2468 2278 2522 in
2310 2469 2431 2538 ipso
2461 2468 2769 2525 consistere
2796 2469 2863 2534 “,
2899 2486 2928 2523 a
2961 2480 3152 2527 sancta
3182 2469 3465 2542 Scriptura

1888 2558 2205 2615 didicimus.
2247 2560 2384 2614 Cum
2413 2560 2582 2630 igitur
2610 2560 2678 2614 ad
2716 2561 2857 2615 hanc
2891 2562 3307 2633 intelligentiam
3347 2562 3466 2618 fue-

1888 2650 2063 2704 rimus
2095 2651 2292 2711 evecti,
2325 2666 2521 2706 rursus
2562 2665 2592 2704 a
2626 2651 2895 2705 divinitus
2936 2651 3205 2721 inspirato
3233 2651 3466 2705 admini-

1890 2741 2017 2795 culo
2055 2756 2154 2796 ceu
2196 2757 2362 2795 manu
2406 2742 2556 2795 ducti
2589 2742 2871 2803 docemur.
2897 2744 3079 2797 omnia
3113 2743 3181 2798 ab
3220 2744 3309 2797 illa
3337 2744 3466 2814 qui-

1891 2831 2014 2885 dem
2039 2833 2242 2888 virtute
2291 2848 2357 2887 ex
2408 2833 2582 2887 nihilo
2632 2832 2882 2903 produci,
2916 2849 3022 2887 non
3069 2844 3247 2888 tamen
3278 2834 3347 2887 ab
3374 2834 3467 2888 illa

1891 2923 2011 2977 sine
2041 2921 2352 2993 principio;
2398 2924 2491 2979 sed
2526 2923 2819 2994 quamdam
2862 2939 2986 2979 esse
3027 2923 3286 2978 virtutem
3315 2923 3465 2995 inge-

1890 3014 2004 3069 nite
2043 3021 2097 3069 et
2132 3014 2250 3070 sine
2287 3015 2559 3086 principio
2591 3016 3003 3078 subsistentem,
3032 3030 3155 3087 qua:
3183 3030 3349 3072 causa
3381 3024 3467 3071 est

1888 3121 2078 3161 rerum
2122 3105 2370 3161 omnium
2401 3122 2601 3163 causae.
2646 3106 2780 3162 Nam
2829 3123 2895 3162 ex
2943 3106 3107 3162 Patre
3142 3106 3335 3173 Filius,
3370 3123 3468 3177 per

189 3197 363 3253 εντων
393 3197 599 3262 αἰτίας.
637 3198 734 3252 Ἐκ
770 3198 880 3269 7&9
924 3197 1018 3252 τοῦ
1048 3199 1265 3271 Πατρός
1299 3201 1328 3253 ὁ
1360 3198 1508 3265 Υίδς,
1530 3199 1599 3254 δι’
1626 3192 1688 3253 οὗ
1716 3200 1787 3256 τά

1890 3212 2051 3267 quem
2078 3197 2286 3262 omnia,
2319 3213 2557 3270 quocum
2597 3213 2818 3271 semper
2843 3198 3086 3270 Spiritus
3121 3206 3347 3255 sanctus
3382 3201 3466 3253 in-

191 3289 397 3351 πάντα.
443 3284 494 3359 ᾧ
550 3290 780 3345 πάντοτε
825 3290 888 3344 τὸ
935 3290 1159 3363 Πνεῦμα
1190 3292 1251 3344 τὸ
1276 3291 1431 3362 ἀγιον
1465 3294 1787 3365 ἀχωρίστως

194 3385 616 3438 συκπινοεῖται.
671 3384 747 3437 Ui)
786 3382 896 3455 7&9
933 3383 1080 3438 ἔστιν
1128 3387 1189 3439 ὲν
1238 3385 1487 3459 περινοίᾳ
1524 3386 1618 3440 τοῦ
1656 3388 1786 3442 Υίοῦ

196 3475 454 3545 γενέσθαι
475 3506 502 3543 ,ι
566 3476 645 3547 μὴ
724 3476 1286 3547 προκαταυγασθέντα
1347 3477 1426 3549 τῷ
1482 3478 1781 3550 Πνεύματι.

210 3567 429 3639 Ἐπειδὴ
452 3568 634 3623 τοίνυν
678 3568 740 3621 τὸ
797 3568 953 3637 ἅγιον
1006 3568 1252 3641 Πνεῦμα,
1288 3571 1381 3639 ἀφ’
1412 3564 1474 3626 οῦ
1506 3573 1655 3626 πᾶσα
1693 3573 1788 3626 ἐπὶ

195 3661 295 3731 τὴν
319 3660 506 3715 κτίσιν
534 3662 570 3732 ἡ
591 3659 700 3715 τῶν
728 3661 948 3729 ἀγαθῶν
970 3662 1208 3734 χορηγία
1239 3661 1501 3734 πηγάζει,
1534 3664 1630 3718 τοῦ
1655 3664 1785 3718 Υἱοῦ

200 3753 300 3822 μὲν
318 3753 580 3824 ἧρτηται,
607 3747 654 3822 ᾧ
680 3752 1019 3817 ἀδιαστάτως
1046 3755 1628 3827 συγκαταλαμϐάνεται
1648 3773 1663 3788 ·
1685 3757 1785 3826 τῆς

197 3843 257 3898 δὲ
295 3842 394 3898 τοῦ
452 3842 671 3914 Πατρδς
709 3843 890 3907 αἰτίας
930 3843 1240 3914 ἐξημμένον
1261 3844 1374 3916 (14)
1404 3845 1599 3915 ἐχειτὸ
1622 3846 1784 3907 εἶναι,

197 3934 323 3989 ὅθεν
365 3934 467 3988 καὶ
516 3934 874 4006 ἐκπορεύεται
893 3953 906 3965 ·
932 3934 1092 3990 τοῦτο
1121 3937 1482 4008 γνωριστικὺν
1506 3937 1605 4009 τῆς
1645 3937 1787 3991 κατὰ

197 4025 295 4096 τὴν
336 4018 639 4081 ὑπόστασιν
684 4026 949 4096 ἰδιότητος
987 4031 1212 4099 σημεῖον
1238 4027 1369 4099 ἔχει,
1426 4029 1489 4082 τὸ
1532 4028 1671 4100 μετὰ
1695 4028 1787 4083 τὸν

202 4117 333 4171 Υίὸν
356 4117 475 4188 (15)
507 4118 607 4171 καὶ
652 4118 749 4172 σὺν
781 4118 934 4189 αὐτῷ
976 4118 1359 4191 γνωρίζεσθαι,
1386 4118 1482 4173 καὶ
1517 4120 1579 4173 τὺ
1601 4121 1666 4174 ὲκ
1688 4118 1785 4174 τοῦ

201 4208 415 4279 Πατρὺς
468 4208 787 4279 ὑφεστάναι.
835 4211 895 4264 '0
944 4210 1002 4264 δὲ
1051 4210 1198 4275 Υἱὸς,
1225 4211 1332 4263 ὁτὸ
1355 4211 1419 4264 ὲκ
1442 4209 1536 4265 τοῦ
1572 4211 1788 4284 Πατρός

200 4298 637 4371 ἐκπορευόμενον
667 4299 894 4372 Πνεῦμα
922 4300 991 4354 δι’
1042 4301 1238 4355 ἑαυτοῦ
1282 4302 1376 4354 καὶ
1428 4301 1548 4373 μεθ’
1589 4301 1785 4357 ἑαυτοῦ

200 4392 504 4463 γνωρίζων,
533 4391 697 4463 μόνος
731 4392 1038 4465 μονογενῶς
1070 4396 1136 4448 ὲκ
1164 4394 1259 4449 τοῦ
1287 4394 1585 4467 ἀγεννήτου
1608 4396 1787 4464 φωτὸς

1887 3287 2269 3358 separabiliter
2295 3288 2640 3362 intelligitur.
2658 3289 2778 3347 Non
2801 3292 2947 3347 enim
2970 3300 3152 3362 potest
3174 3292 3463 3365 quisquam

1888 3377 1961 3435 de
1992 3378 2131 3435 Filio
2167 3380 2432 3453 cogitare.
2469 3382 2565 3453 qui
2592 3397 2705 3437 non
2748 3382 2821 3438 sit
2864 3383 3071 3454 priusa
3106 3382 3317 3453 Spiritu
3342 3383 3467 3437 illu-

1890 3480 2118 3528 stratus.
2152 3471 2426 3539 Quoniam
2483 3473 2651 3545 igitur
2684 3473 2923 3545 Spiritus
2970 3484 3221 3540 sanctus,
3278 3489 3309 3530 a
3354 3490 3466 3545 quo

1888 3564 2071 3620 omnis
2114 3564 2171 3619 in
2201 3580 2317 3621 rem
2359 3572 2599 3621 creatam
2631 3566 2900 3622 bonorum
2943 3566 3163 3638 largitio
3211 3567 3463 3631 scaturit,

1888 3655 2030 3711 Filio
2058 3655 2278 3726 quidem
2321 3657 2560 3713 cohaeret
2609 3672 2673 3713 ac
2715 3658 3050 3727 conjunctus
3086 3664 3206 3721 est,
3243 3656 3463 3727 quicum

1890 3747 2055 3802 simul
2086 3748 2207 3803 sine
2243 3747 2357 3803 ullo
2405 3748 2697 3804 intervallo
2725 3748 3073 3819 concipitur;
3123 3747 3287 3801 habet
3334 3762 3465 3799 vero

1889 3852 2012 3894 esse
2041 3854 2106 3892 ex
2137 3853 2201 3893 ea
2231 3853 2420 3903 causa,
2452 3854 2574 3910 quae
2613 3839 2776 3896 Pater
2814 3848 2922 3906 est,
2952 3857 3282 3905 connexum,
3314 3844 3464 3898 unde

1888 3938 1942 3987 et
1968 3931 2250 4001 procedit;
2288 3931 2438 3987 illius
2469 3931 2767 3987 secundum
2796 3933 3131 4004 hypostaslm
3160 3938 3466 4006 proprietas

1889 4022 1994 4078 hoc
2038 4026 2197 4095 signo
2250 4023 2585 4089 declaratur,
2634 4025 2780 4095 quod
2832 4033 2959 4095 post
2992 4025 3187 4081 Filium
3238 4035 3294 4083 et
3336 4043 3473 4085 cum.

1888 4111 2030 4167 Filio
2054 4112 2431 4183 cognoscitur,
2450 4122 2504 4166 et
2535 4113 2677 4181 quod
2707 4128 2771 4167 ex
2796 4111 2959 4169 Patre
2982 4114 3255 4169 subsistit.
3290 4113 3464 4172 Filius

1890 4219 2019 4259 vero
2054 4204 2147 4273 qui
2170 4219 2236 4258 ex
2278 4203 2441 4261 Patre
2484 4204 2870 4275 procedentem
2906 4206 3170 4275 Spiritum
3211 4222 3309 4278 per
3342 4224 3466 4265 sese

1889 4310 1951 4350 ac
1990 4310 2176 4350 secum
2206 4303 2398 4350 notum
2428 4295 2597 4363 facit;
2628 4311 2694 4351 ac
2732 4299 2885 4354 solus
2907 4299 3187 4370 unigenite
3215 4316 3281 4356 ex
3311 4301 3466 4374 inge-

1890 4388 2006 4441 nita
2040 4387 2163 4442 luce
2188 4387 2418 4455 elfulsit,
2455 4389 2687 4455 nullam,
2717 4390 2866 4460 quod
2897 4391 2964 4447 ad
3000 4392 3302 4462 signorum,
3338 4393 3465 4464 qui-

203 4480 507 4553 ἐκλάμψας,
533 4481 811 4553 οὐδεμίαν,
842 4482 990 4538 κατά
1014 4483 1077 4537 τὸ
1100 4483 1301 4548 ἰδιάζον
1329 4486 1438 4538 τῶν
1468 4484 1787 4556 γνωρισμά-

1890 4478 1993 4534 bus
2034 4477 2402 4550 dignoscitur,
2432 4481 2824 4552 proprietatem
2863 4483 3092 4546 attinet,
3129 4499 3256 4539 cum
3300 4485 3466 4542 Patre

199 4588 330 4638 των,
350 4572 452 4644 τὴν
479 4572 766 4628 κοινωνίαν
799 4574 914 4645 ἔχει
942 4574 1080 4647 πρὸς
1115 4575 1209 4629 τὸν
1233 4576 1453 4648 Πατέρα
1486 4576 1520 4646 ἢ
1556 4575 1695 4648 πρὸς
1723 4575 1786 4630 τὸ

1893 4577 1989 4625 aut
2015 4570 2222 4641 Spiritu
2257 4580 2452 4627 sancto
2497 4574 2950 4630 communitatem
2988 4576 3196 4632 habet:
3242 4578 3336 4633 sed
3371 4578 3463 4642 iis,

202 4663 429 4735 Πνεῦμα
457 4666 522 4720 τὸ
558 4665 715 4735 ἅγιον
733 4682 749 4698 ο
769 4666 909 4720 ἀλλά
936 4669 1050 4732 τοῖς
1087 4667 1656 4740 εἰρημένοιςσημείοις
1687 4666 1783 4738 μό-

1891 4677 2014 4733 qua}
2049 4662 2189 4727 dixi,
2222 4663 2393 4735 signis
2436 4665 2589 4722 solus
2629 4667 2965 4737 agnoscitur.
3000 4666 3105 4734 Qui
3152 4680 3333 4723 autem
3380 4678 3466 4723 est

200 4769 291 4819 in;
316 4754 665 4827 γνωρίζεται.
710 4755 770 4809 '0
793 4755 852 4810 δὲ
888 4757 982 4809 ἐπὶ
1011 4756 1229 4810 πάντων
1257 4755 1390 4820 Θεὸς
1428 4755 1706 4828 ἐξαίρετόν
1726 4773 1781 4810 τι

1890 4769 2054 4825 super
2082 4755 2265 4809 omnia
2293 4754 2458 4821 Deus,
2484 4758 2814 4829 praecipuam
2843 4759 3136 4830 quamdam
3167 4758 3328 4830 118
3350 4775 3464 4815 suae

202 4844 490 4918 γνώρισμα
518 4847 619 4919 τῆς
639 4846 835 4901 ἑαυτοῦ
882 4846 1251 4913 ὑποστάσεως,
1292 4847 1354 4900 τὸ
1394 4845 1584 4919 Πατὴρ
1613 4842 1781 4912 εἶναι,

1890 4845 2200 4919 hypostasis
2242 4856 2452 4917 notam,
2494 4850 2643 4922 quod
2683 4850 2846 4906 Pater
2874 4857 2997 4917 est,
3035 4860 3091 4907 et
3120 4851 3268 4923 quod
3312 4850 3464 4907 nulla

275 5004 318 5034 ¹⁷
347 5001 368 5056 Ι
396 5002 524 5059 Cor.
553 5018 655 5070 xu,
690 5003 779 5059 ll.
857 5004 899 5035 ¹⁸
926 5000 1085 5058 Joan.
1118 5020 1157 5069 ι,
1193 5001 1246 5057 ὅ.
1326 5003 1369 5036 ι’
1402 5002 1617 5059 Coloss.
1651 5020 1692 5068 ι,
1731 5003 1818 5059 l7.

276 5154 388 5226 (12)
434 5155 763 5225 Διάκρισιν.
800 5156 939 5213 Male
978 5158 1036 5212 in
1071 5156 1236 5212 editis
1291 5156 1599 5227 σύγκρισιν.
1642 5155 1778 5213 Mss.

1890 5155 2089 5228 lium_et
2122 5169 2254 5228 cum
2286 5155 2425 5211 Filio
2449 5154 2688 5228 Spiritus
2734 5167 2980 5219 sanctus,
3020 5157 3074 5211 id
3112 5155 3254 5228 infra
3283 5159 3461 5228 expli-

205 5240 395 5298 omnes
423 5235 482 5281 ut
504 5228 759 5298 in'textu.
872 5294 919 5298 ᾧ
1224 5294 1268 5298 __
1416 5226 1490 5298 _’_
1546 5296 1555 5298 Α
1596 5296 1603 5298 Α
1741 5296 1750 5298 _
1881 5233 1970 5298 cat
2012 5226 2246 5298 Basilius
2283 5242 2408 5293 cum
2432 5228 2544 5298 ait,
2590 5227 2976 5298 Consequenter
3025 5226 3234 5296 quidem
3275 5226 3463 5281 secun-

275 5293 387 5366 (15)
422 5297 833 5367 ᾋνανόμενοι.
866 5294 958 5352 Sic
984 5311 1118 5352 mss.
1147 5304 1202 5351 et
1224 5294 1386 5367 Nyss.
1416 5294 1558 5352 Editi
1590 5296 1780 5366 ἐναγόο

1890 5296 2007 5348 dum
2038 5294 2296 5361 ordinem,
2324 5296 2595 5365 conjuncta
2620 5314 2740 5351 vero
2769 5293 3055 5350 Secundum
3078 5308 3328 5352 naturam
3354 5309 3461 5351 tres

209 5381 377 5438 μενοι.
510 5436 518 5438 4
582 5366 587 5367 “
680 5437 687 5438 7
843 5434 871 5438 _
1142 5435 1185 5438 __
1280 5366 1287 5367 ⁷
1404 5437 1411 5438 7
1878 5382 2131 5438 personas
2168 5367 2429 5438 cognosci.
2459 5366 2758 5438 conﬁrmat
2794 5367 2937 5438 hanc
2974 5368 3258 5438 lectionem
3290 5370 3461 5424 scho-

302 5436 387 5505 14)
434 5436 823 5506 Ἐξημμένον.
843 5434 958 5490 Duo
985 5450 1117 5515 mss.
1139 5435 1523 5558 ἐξηρτημένον.
1640 5509 1651 5519 _

302 5506 385 5558 Ibi
419 5510 585 5558 Μετὰ
609 5507 719 5558 τόν
750 5507 906 5558 Υὶόν.
948 5504 1040 5558 Sic
1075 5515 1311 5558 quatuor
1366 5507 1495 5558 {emt
1535 5506 1772 5558 codices.

1890 5438 2018 5490 lium
2057 5436 2125 5490 ad
2159 5434 2457 5504 marginem
2491 5436 2724 5491 duorum
2758 5437 3009 5491 codicum
3048 5435 3366 5507 Regiorum,
3401 5447 3460 5492 ut

1890 5507 2192 5558 observavit
2214 5506 2594 5558 Comlielisius.
2629 5504 2734 5558 Sed
2762 5507 2907 5558 uuod
2942 5507 2997 5558 in
3020 5508 3212 5558 eodem
3248 5509 3460 5558 scholia

302 5504 385 5576 l5)
419 5504 585 5561 Μετά
609 5504 719 5561 τόν
750 5507 906 5561 Υὶόν.
948 5504 1040 5561 Sic
1075 5504 1495 5576 quatu‘orfltegii
1535 5506 1772 5569 codices,
1882 5507 2192 5561 observavit
2214 5506 2594 5561 Comlielisius.
2629 5504 2734 5562 Sed
2762 5507 2907 5576 quod
2942 5507 2998 5561 in
3020 5504 3212 5563 eodem
3248 5509 3460 5562 scholio

205 5575 285 5648 sic
316 5576 505 5648 etiam_
522 5577 697 5648 prima
745 5590 917 5648 manu
961 5576 1268 5648 habuerunt
1317 5575 1465 5630 Harl.
1503 5586 1557 5631 et
1601 5578 1770 5632 Coisl.

1890 5577 2081 5644 legitur
2119 5577 2280 5645 paqu
2330 5576 2554 5648 postﬁt’
2606 5575 2798 5648 ἑαυτοῦ
2848 5578 2940 5630 καὶ
2972 5577 3091 5648 μεθ’
3123 5579 3335 5641 ἑαυτόν,
3368 5595 3460 5646 per

208 5646 430 5716 primus.
464 5644 611 5702 Editi
645 5644 919 5717 pastinati
962 5646 1112 5711 Υίοῦ,
1161 5662 1282 5716 qua!
1332 5648 1599 5717 scriptura
1646 5648 1774 5701 ferri
1882 5644 2209 5717 seipsutniget
2247 5644 2365 5714 post
2395 5647 2644 5715 seipsum,
2686 5648 2738 5702 id
2774 5644 2983 5701 frustra
3007 5649 3269 5717 probatur
3298 5644 3461 5704 Com-

208 5712 313 5770 iion
346 5712 721 5787 rpotest,4ctim
761 5714 901 5787 idem
930 5712 1380 5787 prorsus—sonet,
1418 5712 1479 5771 οἱ·
1521 5718 1572 5771 id
1629 5717 1771 5787 qugd
1882 5712 2093 5770 belisio.
2135 5712 2421 5785 Repugnat
2467 5712 2609 5770 enim
2664 5719 2921 5773 omnibus
2958 5712 3246 5775 codicibus
3298 5733 3458 5785 mss.,

208 5784 470 5858 Sequitur,
496 5785 595 5840 καὶ
633 5784 941 5855 σὺν.αὐτῷ.η
969 5784 1088 5851 Quo
1116 5795 1293 5845 autem
1324 5803 1488 5843 sensu
1528 5784 1656 5858 post
1682 5785 1771 5842 Fi—
1882 5802 1984 5842 nec
2011 5787 2120 5840 ulla
2154 5784 2341 5841 subest
2363 5794 2650 5843 contextus
2673 5788 2993 5845 immutaudi
3023 5805 3210 5845 causa.

376 5920 380 5924 Α
476 5882 759 5947 Panos.
788 5880 908 5947 Gn.
931 5881 1206 5946 XXXI].
3135 5888 3206 5948 11
