3886 6220
406 326 505 387 831

1740 320 1797 377 8.
1837 318 2083 377 BASILII
2124 320 2173 374 Μ
2179 319 2343 375 ΑαΝι

3550 324 3649 380 '55!

405 440 662 500 subsistit
712 455 781 497 ex
832 454 1025 507 causa,
1077 439 1231 498 solus
1263 440 1461 509 habet;
1520 441 1734 511 hocque
1778 458 1973 499 rursus

2080 442 2168 497 καὶ
2198 443 2263 495 ὲκ
2293 440 2563 513 μηδεμιᾶς
2591 439 2705 512 (16)
2727 441 2907 506 αἰτίας
2953 441 3271 513 ὑποστῆναι,
3311 443 3474 512 μόνος
3502 442 3641 514 ἔχει’

408 535 616 591 indicio
644 541 699 590 et
737 534 856 605 ipse
893 534 1113 605 proprie
1148 534 1522 605 cognoscitur.
1562 532 1903 605 Quapmpter
1924 536 1980 589 in

409 627 660 683 essentiae
698 627 1097 681 communitate
1126 626 1361 681 dicimus
1391 641 1493 681 nec
1532 626 1830 688 cohmrere,
1878 641 1980 680 nec

408 719 802 776 communicari
835 734 995 788 posse
1021 734 1142 790 qua:
1171 718 1599 775 considerantur
1634 720 1689 773 in
1712 719 1981 775 Trinitate

408 811 631 874 Indicia,
661 825 757 881 per
787 825 909 881 quae
931 811 1239 881 proprietas
1262 811 1624 866 constituitur
1654 810 1979 866 traditarum

408 902 463 957 in
510 900 614 956 ﬁde
670 916 1050 971 personarum,
1103 916 1433 971 unaquaque
1482 902 1718 972 propriis
1764 902 1980 959 indiciis

409 992 646 1047 discrete
693 993 1002 1060 intellecta;
1054 992 1210 1046 itaut
1254 1008 1320 1047 ex
1362 993 1526 1048 dictis
1583 993 1803 1049 indiciis
1828 993 1982 1050 diﬂ‘e-

405 1085 583 1141 renlia
615 1084 989 1154 hypostasewn
1029 1083 1506 1153 deprehendatur;
1538 1094 1593 1139 at
1624 1100 1774 1148 vero,
1803 1100 1980 1155 quan~

405 1182 522 1229 tum
553 1175 744 1229 attinet
784 1174 848 1229 ad
884 1174 938 1229 id
968 1174 1113 1245 quod
1152 1174 1478 1229 immensum
1510 1185 1613 1241 est,
1646 1177 1791 1247 quod
1825 1190 1980 1231 com-

404 1265 671 1337 prehendi
703 1280 814 1320 non
857 1274 1062 1336 potest,
1095 1265 1245 1335 quod
1278 1274 1522 1322 creatum
1558 1282 1667 1322 non
1704 1276 1810 1332 est,
1836 1264 1981 1337 quod

405 1358 528 1413 loco
575 1357 727 1411 nullo
777 1357 1287 1422 circumscribitur,
1335 1365 1390 1414 et
1442 1358 1652 1429 reliqua
1712 1357 1981 1428 ejusmodi

406 1447 625 1510 omnia,
663 1447 957 1502 discrimen
1002 1449 1214 1502 nullum
1266 1450 1337 1503 sit
1378 1449 1433 1502 in
1488 1448 1703 1503 viviﬁea
1738 1458 1975 1503 natura:

406 1539 464 1593 in
499 1536 680 1599 Patre.
719 1539 963 1609 inquam,
1015 1548 1069 1596 et
1101 1538 1260 1605 Filio,
1294 1548 1350 1596 et
1382 1540 1590 1612 Spiritu
1633 1549 1846 1607 sancto,
1882 1543 1981 1597 sed

406 1630 669 1685 continua
702 1632 948 1701 quaedam
992 1639 1045 1687 et
1079 1632 1311 1688 indivisa
1339 1634 1577 1690 societas
1607 1633 1663 1688 in
1690 1633 1825 1703 ipsis
1857 1648 1981 1703 per-

406 1721 691 1791 spiciatur.
739 1722 919 1791 Atque
958 1737 1054 1791 per
1099 1736 1237 1792 quas
1270 1722 1397 1793 quis
1424 1723 1783 1792 cogitationes
1813 1722 1981 1792 maje-

408 1822 609 1869 statem
649 1814 813 1870 unius
836 1830 1046 1879 earum,
1083 1831 1205 1886 quae
1244 1816 1299 1869 in
1336 1815 1606 1870 Trinitate
1651 1815 1974 1880 creduntur,
1996 1805 2052 1859 ’Β

406 1919 764 1975 personarum
797 1906 1143 1970 intellexerit,
1167 1922 1262 1977 per
1291 1906 1507 1962 easdem
1534 1907 1652 1963 sine
1682 1907 1978 1977 ullopror-

407 2013 504 2053 sus
531 1998 850 2054 discrimine
884 1999 1165 2070 procedet,
1192 2000 1246 2054 in
1283 1999 1467 2063 Patre,
1510 2007 1564 2055 et
1597 1999 1735 2053 Filio
1765 2007 1821 2055 et
1853 1997 1979 2070 Spi-

407 2089 518 2143 ritu
575 2097 769 2145 saneto
817 2090 1051 2162 gloriam
1087 2101 1253 2162 atque
1311 2092 1653 2161 majestatem
1706 2108 1975 2148 cernens:

405 2184 556 2237 nullo
601 2182 778 2253 spatio
810 2186 951 2238 inter
979 2180 1219 2251 Patrem,
1254 2190 1308 2239 et
1342 2182 1561 2244 Filium.
1605 2193 1659 2239 et
1713 2184 1977 2255 Spiritum

407 2280 659 2327 sanctum
702 2274 1103 2340 intercedente,
1140 2276 1194 2330 in
1228 2291 1337 2347 quo
1389 2291 1545 2331 mens
1599 2276 1746 2331 velut
1803 2291 1980 2332 vacuo

406 2364 743 2420 obambulet.
791 2364 935 2419 Nihil
983 2366 1128 2421 enim
1170 2374 1275 2431 est,
1312 2366 1459 2437 quod
1493 2367 1636 2421 inter
1669 2366 1818 2436 ipsos
1866 2382 1981 2423 me-

405 2452 559 2508 dium
616 2453 926 2508 inseratur:
979 2470 1157 2525 neque
1200 2468 1398 2525 praeter
1446 2454 1687 2511 divinam
1726 2464 1980 2512 naturam

406 2546 516 2599 ulla
548 2545 655 2599 alia
702 2560 792 2600 res
826 2553 911 2600 est
958 2547 1291 2610 subsistens,
1324 2562 1447 2618 quae
1496 2548 1670 2618 ipsam
1718 2562 1751 2602 a
1800 2551 1980 2620 seipsa

406 2632 485 2686 rei
522 2632 712 2686 alienae
739 2632 1065 2703 interpositu
1098 2634 1340 2691 dividere
1373 2644 1571 2706 queat;
1616 2653 1792 2708 neque
1819 2639 1980 2708 spatii

405 2723 714 2793 cuiuspiam
764 2739 873 2777 non
933 2725 1286 2782 subsistentis
1341 2729 1592 2784 vacuitas
1650 2730 1977 2795 intercedit,

405 2830 530 2887 quae
562 2816 762 2870 divinae
790 2817 1048 2872 essentia:
1081 2818 1424 2874 harmoniam
1464 2821 1704 2876 hiulcam
1757 2822 1977 2889 eliiciat,

406 2907 730 2962 continuum
763 2907 1051 2979 interjectu
1094 2910 1253 2965 vacui
1284 2910 1568 2967 dirimens.
1604 2911 1708 2968 Sed
1738 2915 1832 2984 qui
1876 2913 1982 2969 Pa-

405 3007 544 3053 trem
579 2998 867 3065 intellexit,
901 3007 956 3055 et
995 3015 1119 3055 eum
1162 3000 1217 3055 in
1254 3001 1438 3072 seipso
1469 3003 1758 3070 intellexit,
1787 3012 1843 3060 et
1890 3004 1981 3059 Fi-

407 3089 541 3144 lium
578 3090 746 3145 animi
774 3091 1125 3161 perceptione
1172 3092 1338 3147 simul
1376 3101 1462 3149 est
1498 3095 1838 3167 complexus.
1875 3097 1979 3163 Qui

410 3190 593 3237 autem
623 3182 869 3255 percepit
894 3181 1118 3249 Filium,
1145 3198 1176 3237 a
1209 3182 1349 3239 Filio
1377 3184 1640 3256 Spiritum
1684 3203 1793 3241 non
1825 3204 1983 3259 sepa-

410 3276 569 3343 ravit,
595 3275 690 3332 sed
716 3283 1120 3347 consequenter
1139 3277 1357 3347 quidem
1385 3277 1687 3333 secundum
1710 3279 1978 3345 ordinem,

409 3367 704 3434 conjuncte
748 3383 878 3422 vero
932 3369 1236 3424 secundum
1286 3376 1564 3432 naturam,
1607 3370 1770 3423 trium
1817 3370 1981 3425 simul

406 3457 728 3527 permistam
761 3458 816 3512 in
864 3459 1048 3528 seipso
1087 3459 1244 3515 Iidem
1287 3463 1575 3530 expressit.
1609 3460 1676 3515 Et
1719 3464 1813 3533 qui
1860 3463 1982 3536 Spi-

406 3548 577 3602 r‘itum
621 3557 830 3604 tantum
864 3550 1025 3617 dixit,
1059 3552 1473 3621 comprehendit
1518 3555 1682 3608 simul
1717 3554 1819 3610 hac.
1846 3572 1981 3611 con-

406 3636 649 3695 fessione
673 3648 727 3696 et
760 3656 884 3697 eum
915 3643 1079 3710 cujus
1119 3641 1361 3713 Spiritus
1396 3652 1500 3698 est.
1530 3644 1595 3698 Et
1620 3649 1747 3715 quia
1775 3647 1980 3704 Christi

406 3739 495 3786 est
528 3732 788 3802 Spiritus,
817 3744 871 3787 et
903 3748 970 3788 ex
1007 3732 1139 3800 Deo,
1171 3734 1629 3804 quemadmodum
1669 3738 1805 3794 dicit
1828 3738 1980 3794 'Pau-

407 3821 496 3878 lus
523 3824 607 3877 '°:
657 3836 716 3877 ut
761 3839 830 3879 ex
876 3837 1070 3881 catena
1100 3836 1406 3883 extremum
1445 3846 1617 3885 unum
1647 3831 1740 3903 qui
1785 3842 1980 3902 appre-

406 3913 620 3980 hendit,
665 3915 898 3971 alterum
953 3917 1120 3972 etiam
1161 3930 1463 3975 extremum
1506 3922 1669 3976 simul
1703 3922 1930 3975 attraxit
1964 3939 1978 3988 ;

407 4003 483 4057 ita
525 4007 618 4074 qui
669 4005 934 4075 Spiritum
969 4007 1217 4075 attraxit,
1274 4020 1333 4065 ut
1373 4012 1449 4065 ait
1500 4010 1769 4083 Propheta
1809 4014 1877 4078 ²¹,
1925 4020 1981 4068 et

406 4088 605 4146 Filium
665 4101 718 4148 et
749 4091 967 4147 Patrem
1001 4109 1099 4164 per
1146 4096 1325 4166 ipsum
1375 4099 1538 4155 simul
1594 4102 1784 4157 traxit.
1836 4099 1981 4167 Quin

407 4184 570 4238 etiam
618 4182 812 4237 Filium
849 4186 897 4238 si
930 4188 1055 4255 quis
1082 4204 1210 4244 vere
1267 4191 1712 4261 apprehenderit,
1758 4192 1981 4247 habebit

405 4289 531 4330 eum
574 4276 852 4346 utrinque,
892 4278 1023 4335 hinc
1052 4283 1273 4352 quidem
1319 4283 1535 4340 Patrem
1592 4301 1775 4350 suum,
1829 4286 1979 4341 illinc

403 4380 536 4420 vero
569 4364 831 4436 Spiritum
859 4371 1141 4439 proprium
1190 4388 1299 4427 una
1355 4389 1539 4430 secum
1593 4376 1975 4431 adducentem.

2081 535 2175 589 καὶ
2202 533 2289 587 διά
2313 532 2503 587 τούτου
2554 533 2717 587 πάλιν
2734 533 2829 588 τοῦ
2863 534 3092 605 σημείου
3122 534 3216 586 κα)⁵
3238 532 3401 595 αύτδς
3429 532 3649 599 ἰδιαζόν-

2078 642 2185 690 τως
2225 624 2666 693 ἐπιγινώσκεται.
2722 626 2924 679 Τούτου
2950 626 3134 678 ἕνεκεν
3154 626 3213 679 ὲν
3246 628 3313 696 τῇ
3337 625 3437 695 τῆς
3467 626 3652 692 οὐσίας

2078 713 2349 785 κοινότητι
2384 714 2677 785 ἀσύμϐατά
2715 730 2895 785 φαμεν
2923 710 3063 768 εἶναι
3101 714 3198 767 καὶ
3219 713 3564 785 ἀκοινώνητα
3584 715 3652 772 τὰ

2078 806 2523 877 ὲπιθεωρούμενα
2554 809 2619 877 τῇ
2661 807 2850 878 Τριάδι
2883 806 3257 878 γνωρίσματα,
3280 805 3348 859 δι’
3377 800 3502 877 ὧνή
3530 805 3653 860 ίδιὸ-

2076 917 2177 971 της
2197 899 2524 971 παρίσταται
2544 898 2653 952 τῶν
2678 901 2735 952 ὲν
2754 901 2820 970 τῇ
2844 897 3022 951 πίστει
3061 897 3511 969 παραδεδομένων
3541 898 3650 968 (l7)

2078 989 2405 1061 προσώπων,
2431 990 2660 1043 ἑκάστου
2686 993 2799 1053 τοῖς
2826 989 2974 1052 ἰδίοις
3008 990 3355 1061 γνωρισμασι
3375 989 3654 1059 διακεκρι-

2082 1082 2258 1152 μένως
2301 1082 2853 1155 καταλαμϐανομένου
2873 1099 2888 1113 ο
2916 1081 3057 1153 ᾧστε
3084 1081 3172 1136 διά
3197 1082 3305 1135 τῶν
3347 1082 3654 1153 εἰρημένων

2080 1174 2320 1244 σημείων
2371 1174 2433 1226 rb
2469 1173 2874 1243 κεχωρισμένον
2911 1172 3018 1226 τῶν
3052 1172 3400 1226 ὑποστάσεων
3439 1172 3656 1243 ἐξευρε-

2079 1262 2238 1334 θῆναι
2265 1280 2281 1296 ·
2309 1263 2450 1317 κατά
2493 1264 2550 1317 δὲ
2582 1263 2644 1316 rb
2684 1262 2933 1333 ἄπειρον,
2986 1262 3081 1316 καὶ
3125 1260 3532 1331 ἀκατάληπτον,
3563 1261 3657 1313 καὶ

2077 1356 2138 1409 rb
2158 1356 2427 1420 ἀκτίστως
2448 1352 2607 1421 εἶναι,
2628 1355 2723 1409 καὶ
2753 1354 2940 1427 μηδενὶ
2958 1355 3108 1425 τόπῳ
3130 1352 3537 1425 περιειλῆφθαι,
3561 1353 3655 1405 καὶ

2079 1451 2213 1503 πᾶσι
2274 1451 2388 1512 τοῖς
2421 1448 2703 1514 τοιούτοις,
2751 1447 3019 1518 μηδεμίαν
3050 1442 3186 1499 εἶναι
3216 1445 3578 1517 παραλλαγὴν
3597 1448 3656 1499 ὲν

2078 1541 2143 1609 τῇ
2184 1537 2431 1609 ζωοποιῴ
2477 1539 2657 1608 φύσει,
2690 1538 2783 1591 ἐπὶ
2813 1538 3027 1610 Πατρὸς
3080 1537 3220 1607 λέγω
3249 1539 3343 1590 καὶ
3390 1536 3524 1590 Υἱοῦ
3564 1538 3657 1590 καὶ

2079 1628 2395 1700 Πνεύματος
2433 1628 2588 1697 ἁγίου
2620 1646 2634 1660 ’
2665 1629 2802 1682 ἀλλά
2847 1645 2970 1683 τινα
3006 1630 3203 1699 συνεχῆ
3257 1628 3354 1681 καὶ
3390 1627 3659 1681 ἀδιάσπας

2082 1738 2205 1775 στον
2240 1722 2352 1790 (18)
2390 1720 2678 1775 κοινωνίαν
2734 1722 2794 1775 ὲν
2840 1722 3023 1784 αὐτοῖς
3074 1719 3417 1790 θεωρεῖσθαι.
3447 1720 3561 1773 Καὶ
3589 1719 3657 1774 δι’

2081 1808 2154 1869 ὧν
2181 1816 2249 1870 ’ἄν
2290 1832 2374 1879 τις
2415 1815 2703 1886 νοημάτων
2743 1814 2805 1868 τὸ
2828 1814 3112 1886 μεγαλεῖον
3139 1813 3256 1876 ἑνός
3290 1830 3436 1877 τινος
3462 1812 3574 1866 τῶν
3599 1812 3659 1867 ἐν

2080 1908 2147 1975 τῇ
2188 1905 2318 1975 ἁγία
2366 1904 2554 1975 Τριάδι
2588 1904 2993 1975 πιστευομένων
3026 1903 3398 1972 κατανοήσειε,
3429 1902 3520 1956 διὰ
3548 1904 3659 1957 τῶν

2080 1995 2259 2051 αὐτῶν
2318 1995 2741 2069 προσελεύσεται
2774 1995 3208 2068 ἀπαραλλάκτως
3227 2035 3244 2060 ,
3290 1996 3385 2048 ἐπὶ
3417 1993 3660 2065 Πατρδς,

2081 2090 2176 2143 καὶ
2206 2088 2359 2154 Υίοῦ,
2411 2089 2508 2143 καὶ
2564 2089 2878 2161 Πνεύματος
2921 2088 3077 2156 ἁγίου
3109 2086 3206 2158 τὴν
3240 2086 3398 2151 δόξαν
3422 2084 3658 2156 βλέπων,

2081 2180 2140 2232 ὲν
2175 2166 2351 2232 οὐδενῖ
2409 2179 2761 2251 διαλείμματι
2797 2178 2999 2247 μεταξὺ
3037 2177 3249 2251 Πατρὺς
3276 2179 3371 2231 καὶ
3399 2175 3531 2229 Υἰοῦ
3564 2175 3662 2229 καὶ

2082 2272 2236 2340 ἁγίου
2266 2271 2586 2343 Πνεύματος
2618 2273 2716 2343 τῆς
2745 2272 2985 2336 διανοίας
3017 2269 3481 2342 κενεμϐατούσης.
3513 2269 3661 2322 Διότι
3696 2290 3703 2301 ·

2080 2363 2229 2417 οὐδέν
2259 2365 2376 2417 ἐστι
2406 2364 2468 2416 rb
2496 2363 2586 2417 διά
2614 2364 2781 2434 μέσου
2810 2362 3013 2417 τούτων
3034 2362 3507 2434 παρενειρόμενον,
3533 2359 3663 2414 οὔτε

2082 2456 2313 2526 πρᾶγμα
2339 2454 2589 2523 ὑφεστὼς
2618 2454 2746 2510 ἄλλο
2768 2472 2821 2509 τι
2857 2453 3008 2525 παρά
3044 2454 3142 2526 τὴν
3177 2452 3323 2506 θείαν
3360 2452 3543 2522 φύσιν,
3584 2450 3662 2515 ὡς

2082 2544 2465 2617 καταμερίζειν
2511 2546 2681 2616 αὐτὴν
2724 2545 2861 2617 πρὸς
2902 2545 3099 2620 έαυτὴν
3125 2542 3215 2597 διὰ
3244 2542 3346 2612 τῆς
3382 2539 3476 2596 τοῦ
3507 2541 3666 2594 ἀλλο-

2081 2638 2231 2709 τρίου
2288 2636 2734 2709 παρεμπτώσεως
2772 2635 3060 2690 δύνασθαι·
3108 2634 3233 2688 οὗτε
3289 2635 3664 2705 διαστήματός

2080 2746 2224 2792 τινος
2249 2729 2621 2783 ἀνυποστάτου
2642 2729 2886 2799 κενότης,
2915 2729 3035 2800 ἥτις
3063 2726 3350 2797 κεχηνέναι
3376 2728 3524 2778 ποιεῖ
3558 2724 3663 2795 τῆς

2082 2817 2232 2881 Θείας
2259 2816 2447 2882 οὐσίας
2475 2817 2573 2889 τὴν
2606 2818 2743 2889 πρὸς
2789 2818 2987 2888 ἑαυτὴν
3027 2815 3314 2888 ἁρμονίαν,
3347 2817 3414 2885 τῇ
3458 2832 3663 2885 παρεν-

2082 2909 2227 2984 θήκη
2264 2912 2356 2965 τοῦ
2380 2911 2536 2964 κενοῦ
2556 2911 2616 2963 rb
2645 2911 2866 2981 συνεχὲς
2892 2910 3296 2965 διαστέλλουσα.
3332 2909 3474 2963 Ἀλλ’
3512 2912 3541 2963 6
3567 2909 3661 2963 τὸν

2082 3001 2302 3073 Πατέρα
2329 3004 2528 3074 νοήσας
2549 3002 2709 3055 αὐτόν
2734 3020 2793 3055 τε
2820 3004 2903 3072 ἐφ’
2942 3001 3135 3056 ἑαυτοῦ
3164 3002 3374 3073 ἐνόησε,
3427 3002 3523 3055 καί
3570 3003 3665 3055 τὺν

2084 3094 2214 3147 Υίὸν
2242 3096 2307 3165 τῇ
2333 3094 2541 3166 διανοίᾳ
2581 3093 3044 3167 συμπαρεδέξατο.
3082 3095 3140 3147 '0
3157 3093 3213 3147 δὲ
3237 3093 3427 3147 τοῦτον
3455 3092 3659 3161 λαϐὼν,

2083 3187 2175 3241 τοῦ
2208 3186 2335 3240 Υἱοῦ
2363 3187 2424 3240 rb
2449 3186 2670 3258 Πνεῦμα
2698 3187 2797 3241 οὑκ
2822 3186 2999 3257 ἀπεμέ
3011 3203 3175 3257 ρισεν,
3204 3185 3318 3239 ἀλλ’
3347 3185 3663 3250 ἀκολούθως

2085 3278 2182 3349 μὲν
2208 3278 2348 3332 κατά
2386 3280 2485 3349 τὴν
2527 3279 2700 3344 τάξιν,
2740 3279 3099 3349 συνημμένως
3124 3278 3182 3331 δὲ
3211 3278 3351 3331 κατά
3371 3278 3472 3348 τὴν
3499 3277 3665 3346 φύσιν

2080 3369 2189 3423 τῶν
2216 3369 2382 3442 τριῶν
2415 3371 2551 3423 κατά
2575 3369 2768 3423 ταυτὸν
2797 3367 3247 3439 συγκεκραμένην
3268 3369 3325 3421 ὲν
3364 3366 3546 3437 ἑαυτῷ
3563 3367 3666 3439 τὴν

2081 3460 2260 3515 πίστιν
2284 3461 2686 3515 ἀνετυπὼσατο.
2729 3462 2840 3514 Καὶ
2868 3462 2895 3513 6
2926 3461 2987 3513 rb
3018 3459 3242 3530 Πνεῦμα
3286 3459 3445 3531 μόνον
3491 3459 3667 3515 εἰπὼν

2083 3551 2483 3624 συμπεριέλαϐε
2504 3554 2570 3622 τῇ
2605 3551 2868 3622 ὁμολογίᾳ
2901 3549 3072 3623 ταύτῃ
3104 3549 3200 3603 καὶ
3244 3548 3335 3603 τὸν
3367 3544 3429 3604 οὗ
3458 3550 3579 3602 ἐστι
3600 3549 3666 3602 τὸ

2080 3643 2327 3714 Πνεῦμα.
2375 3642 2486 3697 Kal
2542 3642 2728 3713 ἐπειδὴ
2767 3641 2862 3694 τοῦ
2895 3641 3132 3713 Χριστοῦ
3174 3643 3292 3695 ἐστι
3320 3640 3382 3694 rb
3409 3640 3659 3711 Πνεῦμα,

2081 3734 2174 3787 καὶ
2203 3736 2265 3787 ἐκ
2292 3733 2384 3787 τοῦ
2416 3732 2573 3797 Θεοῦ,
2608 3730 2787 3795 καθώς
2815 3749 2980 3804 φησιν
3004 3735 3033 3786 6
3058 3730 3270 3796 Παῦλος
3286 3731 3397 3801 (19)
3418 3748 3432 3761 °
3467 3730 3663 3802 ὥσπερ

2080 3824 2139 3890 ἐξ
2174 3825 2412 3890 ἁλύσεως
2434 3828 2463 3877 6
2483 3824 2575 3878 τοῦ
2607 3826 2725 3889 ἑνὸς
2752 3825 2921 3895 ἄκρου
2945 3825 3223 3899 ἁψάμενος
3255 3824 3349 3877 καὶ
3373 3823 3437 3876 rb
3465 3823 3660 3894 ἓτερον

2079 3916 2246 3989 ἀκρον
2295 3916 2760 3981 συνεπεσπάσατο,
2792 3916 2979 3980 οὕτως
2998 3919 3026 3969 6
3050 3915 3113 3970 rb
3148 3913 3372 3986 Πνεῦμα
3400 3913 3660 3977 ἑλκύσας,

2081 4006 2264 4069 καθώς
2283 4024 2445 4077 φησιν
2471 4008 2839 4079 ὀοΠροφήτης,
2862 4007 2937 4060 δι’
2974 4005 3138 4061 αὐτοῦ
3168 4005 3262 4059 καὶ
3287 4005 3379 4059 τὸν
3407 4005 3536 4058 Υίὺν
3561 4005 3662 4058 καὶ

2079 4097 2168 4152 τὸν
2187 4097 2404 4170 Πατέρα
2422 4098 2896 4168 συνεφειλκύσατο.
2914 4098 3024 4153 Καὶ
3057 4099 3106 4151 εί
3126 4097 3219 4150 τὸν
3244 4097 3371 4151 Υίὸν
3388 4094 3661 4167 ἀληθινῶς

2079 4207 2162 4253 τις
2186 4188 2361 4254 λάϐοι,
2390 4189 2503 4254 ἔξει
2533 4191 2694 4244 αὑτὸν
2724 4189 3085 4262 ἑκατέρωθεν,
3117 4189 3195 4262 πη
3226 4189 3325 4261 μὲν
3352 4187 3443 4242 rbv
3459 4185 3661 4242 ἑαυτοὸ

2079 4280 2318 4351 Πατέρα,
2343 4280 2497 4351 me:
2525 4281 2586 4333 rb
2619 4281 2748 4335 ἴδιον
2786 4281 3007 4352 Πνεῦμα
3029 4281 3486 4351 συνεπαγόμενον.
3515 4277 3658 4333 Οὔτε

2079 4373 2187 4443 γὰρ
2217 4373 2310 4425 τοῦ
2338 4373 2551 4442 Πατρὸς
2572 4374 2601 4425 6
2648 4374 2737 4426 ἀεὶ
2764 4375 2823 4428 ὲν
2849 4373 2927 4445 τῷ
2952 4374 3128 4444 Πατρλ⁸
3160 4372 3237 4427 ὢν
3265 4372 3659 4445 ἀποτμηθῆναι

402 4453 592 4525 Neque
646 4455 792 4510 enim
827 4471 858 4511 a
893 4455 1066 4515 Patre
1095 4462 1187 4530 qui
1222 4477 1436 4533 semper
1469 4474 1554 4519 est
1598 4467 1653 4519 in
1684 4464 1844 4520 Patre
1883 4466 1977 4519 ab-

2080 4463 2385 4533 δυνήσεται,
2412 4464 2535 4518 οὔτε
2560 4465 2653 4518 τοῦ
2685 4465 3002 4537 Πνεύματός
3031 4482 3160 4519 ποτε
3197 4465 3658 4537 διαζευχθήσεται

402 4547 581 4604 scindi
639 4548 858 4618 poterit,
894 4564 1074 4619 neque
1120 4567 1151 4605 a
1200 4555 1425 4623 preprio
1473 4553 1678 4624 Spiritu
1731 4571 1971 4625 unquam

401 4639 722 4711 sejungetur
752 4641 845 4711 qui
898 4640 953 4696 in
1001 4642 1122 4711 ipso
1146 4643 1306 4697 ellicit
1332 4646 1535 4698 omnia.
1577 4645 1843 4700 Similiter
1876 4661 1974 4700 au-

398 4739 511 4789 tem
542 4740 597 4788 et
623 4732 719 4803 qui
756 4730 969 4787 Patrem
1002 4734 1226 4804 recepit,
1251 4735 1418 4791 simul
1451 4752 1666 4807 quoque
1694 4746 1748 4793 et
1774 4737 1973 4793 Filium

397 4830 456 4878 et
486 4821 753 4893 Spiritum
784 4830 1054 4893 potestate
1083 4825 1308 4896 recepit.
1340 4824 1458 4881 Non
1487 4828 1634 4883 enim
1655 4837 1831 4899 potest
1862 4830 1973 4884 ullo

399 4912 566 4968 modo
594 4914 769 4969 sectio
802 4923 897 4970 aut
938 4913 1140 4969 divisio
1180 4918 1504 4987 excogitari,
1545 4919 1621 4973 ita
1656 4930 1715 4973 ut
1760 4927 1853 4974 aut
1881 4919 1974 4975 Fi-

400 4998 508 5054 lius
541 4999 749 5069 absque
776 4998 938 5057 Patre
983 5002 1342 5074 intelligatur,
1384 5015 1479 5060 aut
1519 5005 1756 5077 Spiritus
1785 5009 1972 5079 sejun-

400 5094 560 5158 gatur
586 5104 619 5143 a
648 5088 847 5145 Filio:
887 5090 983 5148 sed
1027 5091 1085 5146 in
1139 5092 1227 5148 his
1275 5094 1568 5151 ineﬂ‘abilis
1615 5096 1863 5166 quaedam
1916 5107 1972 5153 et

470 5244 517 5275 ³⁸
544 5241 703 5299 Rom.
738 5246 938 5311 vm,-9.
1018 5248 1061 5279 “
1095 5245 1241 5304 Psal.
1277 5264 1466 5318 cxvnt,
1504 5251 1623 5303 llil.

465 5399 582 5483 (l6_)
624 5400 725 5483 Ἐκ
755 5401 1068 5483 μηδεμιᾷς.
1092 5402 1300 5460 "Deerat
1341 5407 1398 5461 in
1445 5405 1605 5462 editis
1659 5407 1973 5478 praepositio

395 5471 746 5540 quarlegitur
774 5473 830 5526 in
852 5474 1104 5530 omnibus
1138 5491 1274 5530 mss.

469 5539 580 5620 (l7)
618 5540 1138 5620 Παραδεδομένων.
1189 5544 1267 5600 Ita
1311 5559 1498 5603 omnes
1545 5561 1679 5620 mss.
1716 5555 1770 5603 et
1798 5546 1966 5620 _Nyss.

398 5607 539 5664 Editi
561 5607 1029 5733 παραδιδομένων.
1074 5624 1301 5686 excepta
1326 5624 1503 5671 tamen
1528 5618 1766 5675 editione
1796 5607 1974 5691 [laga-

398 5694 590 5733 noensr
622 5688 678 5733 et
708 5680 826 5733 Βιιει
855 5720 868 5733 .
894 5697 1089 5733 prima.

394 5681 590 5751 noen_si
622 5688 678 5751 et
705 5680 868 5751 Basil.
894 5684 1089 5751 prima.

462 5749 581 5822 (l8)
627 5748 1089 5810 ’Δδιάσπαστον.
1112 5753 1262 5812 Harl.
1284 5764 1337 5814 et
1362 5772 1504 5815 unus
1526 5773 1587 5816 ex
1608 5756 1791 5822 Reaiis
1818 5759 1971 5815 ἀδιάν-

2077 4553 2170 4607 τοῦ
2203 4555 2332 4607 ἰδίου
2358 4558 2387 4608 6
2410 4556 2587 4608 πάντα
2619 4558 2675 4609 ἐν
2703 4556 2852 4628 αὐτῷ
2876 4557 3132 4630 ἐνεργῶν.
3176 4557 3448 4621 Ὡσαύτως
3479 4556 3537 4610 δὲ
3557 4557 3658 4609 καὶ

2078 4648 2106 4698 6
2131 4645 2221 4699 τὸν
2250 4646 2468 4718 Πατέρα
2489 4646 2779 4717 δεξάμενος
2800 4648 2894 4701 καὶ
2921 4649 3012 4703 τὸν
3042 4649 3170 4702 Υίὸν
3216 4649 3309 4702 καὶ
3336 4648 3396 4701 τὸ
3427 4645 3659 4717 Πνεῦμα

2080 4735 2526 4807 συμπαρεδέξατο
2561 4741 2626 4809 τῇ
2670 4737 2917 4809 δυνάμει.
2943 4739 3016 4792 06
3050 4739 3159 4809 γάρ
3186 4738 3333 4793 ἔστιν
3364 4738 3656 4810 ἐπινοῆσαι

2077 4825 2248 4897 τομὴν
2285 4826 2319 4898 ἢ
2370 4827 2634 4901 διαίρεσιν
2674 4830 2794 4882 κατ’
2845 4830 3035 4884 οὐδένα
3088 4830 3309 4902 τρόπον,
3332 4830 3409 4893 ὡς
3454 4828 3488 4900 ἢ
3524 4827 3656 4881 Tibi

2077 4918 2247 4987 χωρὶς
2278 4917 2490 4988 Πατρὸς
2528 4918 2803 4990 νοηθῆναι,
2826 4920 2860 4990 ἢ
2891 4919 2952 4972 rb
2984 4918 3208 4990 Πνεῦμα
3238 4918 3334 4973 τοῦ
3368 4918 3499 4972 Υίοῦ
3530 4917 3658 4971 δια-

2073 5008 2404 5080 ζευχθῆναι·
2442 5010 2580 5064 ἀλλά
2627 5028 2713 5074 τις
2762 5012 2999 5084 ἀρρητος
3052 5013 3145 5065 καὶ
3189 5007 3560 5080 ἀκατανόητος
3591 5012 3655 5063 ἐν

2070 5100 2279 5166 τούτοις
2308 5101 2782 5174 καταλαμϐάνεται
2804 5106 2898 5158 καὶ
2924 5106 2959 5176 ἡ
2985 5104 3237 5159 κοινωνία
3261 5104 3355 5157 καὶ
3378 5104 3412 5174 ἠ
3443 5101 3656 5172 διάκριο

2076 5426 2287 5466 στατον.

2145 5482 2255 5551 (19)
2308 5483 2368 5535 Ὁ
2402 5476 2664 5549 Παῦλος.
2698 5478 2855 5538 Harl.
2886 5490 2947 5538 et
2975 5491 3086 5538 tres
3116 5480 3213 5551 alii
3237 5482 3267 5534 6
3302 5475 3650 5551 ’Aﬁqrolog.

2070 5546 2246 5623 Paulo
2260 5560 2404 5623 post
2439 5546 2659 5622 quidam
2696 5568 2830 5609 mss.
2870 5555 2965 5607 καὶ
3010 5553 3101 5606 τὸν
3134 5550 3263 5623 Ῑίὸν
3303 5546 3520 5621 ἀληθῶς
3557 5546 3636 5601 λάμ

2072 5623 2176 5695 6_or..
2225 5619 2348 5695 Mox
2391 5619 2523 5678 editi
2544 5624 2606 5676 rb
2637 5623 2793 5692 ἅγιον
2847 5623 3088 5695 Πνεῦμα.
3127 5619 3347 5694 Septem
3395 5619 3538 5677 illis.
3599 5624 3649 5673 et

2072 5693 2234 5766 (ἐπες.
2263 5693 2425 5767 Nyss.
2454 5702 2513 5751 ut
2543 5696 2597 5751 in
2630 5701 2802 5752 textu.
2997 5693 3005 5695 “
3205 5693 3208 5694 ⁷
3395 5706 3402 5715 ³

3646 5852 3697 5873 ,κ
