3886 6220
129 392 253 449 533

1048 383 1539 440 RPISTOLARUM
1569 379 1856 437 CLASSIS
1894 378 1932 433 l.
1970 377 2189 433 EPIST.
2231 373 2519 431 XXXVIII.

3300 363 3406 418 εδι

132 530 255 579 εις,
317 511 438 566 οὔτε
484 511 591 580 τῆς
653 510 763 563 τῶν
811 506 1158 560 ὑποστάσεων
1211 505 1474 575 διαφορᾶς
1521 502 1583 556 τό
1630 502 1771 573 τῆςλ

1858 497 2407 570 ncomprebensibilis
2463 490 2891 563 deprehenditur
2942 495 3058 541 tum
3122 483 3405 545 societas,

129 602 373 673 φύσεως
407 603 633 674 συνεχὲς
686 599 1019 670 διασπὼσης,
1046 597 1170 651 οὔτε
1213 597 1313 667 τῆς
1342 595 1483 649 κατά
1517 594 1613 665 τὴν
1646 594 1736 646 οὑ-

130 694 276 746 σέαν
345 694 661 765 κοινότητος
705 692 767 745 τὸ
802 689 998 754 ἰδιάζον
1050 690 1155 742 τῶν
1191 687 1584 758 γνωρισμάτων
1606 687 1738 738 ἀνα-

130 786 396 858 χεούσης
440 786 572 856 (ΞΟ).
610 785 703 856 Μὴ
747 784 1032 855 θαυμάσῃς
1061 782 1136 845 δὲ,
1172 783 1219 833 εί
1251 781 1313 832 τὸ
1344 779 1475 832 αὐτὸ
1506 779 1600 831 καὶ
1622 795 1738 830 συν-

126 877 408 946 ημμὲνον
440 877 534 928 καὶ
575 872 988 944 διακεκριμένον
1039 865 1183 923 εἶναί
1226 887 1428 940 φαμεν,
1484 869 1578 922 καί
1618 886 1740 921 τινα

128 967 507 1035 ἐπινοοῦμεν,
538 965 731 1035 ὥσπερ
778 965 838 1016 ἐν
863 962 1165 1032 αἰνίγματι,
1209 962 1403 1031 καινὴν
1432 960 1528 1014 καὶ
1557 959 1740 1031 παρά-

128 1058 307 1124 δοξον
360 1057 631 1128 διάκρισιν
675 1073 735 1108 τε
766 1053 1138 1126 συνημμένην,
1181 1054 1274 1106 καὶ
1320 1051 1741 1123 διακεκριμένην

132 1149 482 1217 συνάφειαν.
524 1149 588 1201 Ei
620 1148 731 1218 γάρ
778 1148 852 1217 μή
907 1163 989 1209 τις
1020 1143 1306 1218 ἐριστικῶς
1332 1144 1426 1196 καὶ
1472 1142 1609 1213 πρὸς
1644 1143 1742 1193 ἐπ-

130 1244 353 1313 ήρειαν
384 1240 569 1295 ἀκούοι
607 1240 719 1310 (21)
747 1238 842 1292 τοῦ
894 1238 1075 1304 λόγου,
1110 1237 1204 1289 καὶ
1231 1239 1289 1290 ἐν
1314 1238 1428 1298 τοῖς
1466 1233 1741 1292 αίσθτδτοξ

124 1334 385 1387 δυνατόν
414 1333 605 1386 ἔστιτὸ
623 1330 861 1385 τοιοῦτον
892 1330 1097 1401 εὑρεῖν.

216 1590 280 1645 5.
312 1590 430 1643 Καί
484 1606 586 1660 μου
637 1588 860 1655 δέξασθε
888 1588 980 1641 τὸν
1013 1588 1192 1656 λόγον,
1219 1587 1295 1651 ὠς
1320 1586 1622 1657 ὑπόδειγμα
1650 1588 1742 1639 καὶ

137 1682 315 1735 σκιὰν
351 1682 638 1753 ἀληθείας,
678 1682 777 1750 οὐχ
805 1679 881 1741 ὡς
920 1679 1087 1751 αὐτὴν
1116 1679 1214 1751 τὴν
1244 1678 1355 1731 τῶν
1402 1678 1743 1749 πραγμάτων

136 1773 439 1844 ἀλήθειαν.
469 1773 546 1825 Οὐ
582 1772 690 1842 γὰρ
727 1771 951 1824 δυνατόν
980 1773 1097 1823 ἐστι
1139 1769 1230 1823 διὰ
1260 1767 1477 1822 πάντων
1501 1770 1747 1837 ὲφαρμου

1838 600 1954 646 tum
1991 592 2291 658 distinctio,
2333 604 2513 659 neque
2561 587 2938 658 hypostasemn
2973 578 3283 634 differentia
3312 588 3382 630 na

1841 696 1976 738 turre
2027 682 2473 752 conjunctionem
2534 678 2865 741 divellente,
2922 687 3100 744 neque
3154 668 3413 725 essentia‘

1840 775 2231 828 communitate
2256 772 2585 828 indiciorum
2606 770 2990 839 proprietatem
3014 760 3387 819 confundente

1839 865 1918 921 Ne
1945 866 2161 920 mireris
2197 872 2378 918 autem
2412 864 2457 918 si
2488 862 2631 916 idem
2658 868 2713 915 et
2735 858 3091 927 conjunctum
3121 864 3176 910 et
3200 853 3384 908 discre
3410 889 3415 893 ρ

1841 964 1954 1010 tum
1984 972 2109 1010 esse
2138 957 2399 1019 dicimus,
2424 961 2479 1008 et
2502 951 2794 1022 quamdam
2824 949 3152 1020 cogitamus,
3180 945 3330 999 velut
3353 942 3413 996 it.

1840 1047 2156 1115 aenigmate,
2219 1058 2416 1099 novam
2467 1040 2628 1111 119
2670 1048 2724 1095 et
2771 1037 3149 1093 admirabilem
3204 1034 3416 1089 discreo

1841 1141 2042 1193 tionem
2092 1137 2475 1206 conjunctam,
2520 1143 2574 1189 et
2613 1132 3056 1201 conjunctionem
3093 1129 3409 1183 discretam.

1842 1229 2052 1283 Etenim
2085 1228 2133 1283 si
2172 1228 2296 1296 quis
2323 1241 2437 1280 non
2459 1241 2521 1280 ex
2550 1221 2915 1279 eontendendi
2951 1230 3007 1277 et
3042 1216 3413 1275 calumniandi

1844 1321 2026 1376 studio
2088 1334 2395 1374 sermonem
2438 1317 2625 1381 audit,
2675 1322 2856 1386 potest
2907 1314 3072 1369 etiam
3118 1313 3175 1365 in
3220 1312 3409 1377 rebus,

1842 1429 1964 1483 qua:
2021 1427 2188 1467 sensu
2244 1409 2652 1482 percipiuntur,
2704 1405 2964 1476 quiddam
3025 1405 3202 1460 simile
3256 1404 3411 1457 inve-

1843 1505 1973 1559 uiri».

1914 1590 1968 1644 5.
2004 1590 2083 1644 Ac
2112 1591 2281 1646 verba
2314 1590 2532 1660 quidem
2562 1602 2682 1644 mea
2732 1586 2979 1656 accipite,
3015 1592 3074 1639 ut
3107 1583 3413 1653 exemplum

1844 1685 1898 1731 et
1930 1675 2181 1730 umbram
2222 1679 2494 1741 veritatis,
2549 1692 2660 1732 non
2712 1684 2772 1729 ut
2814 1675 2988 1745 ipsam
3039 1688 3222 1728 rerum
3267 1676 3416 1725 veri-

1846 1775 2033 1823 tatem.
2084 1768 2203 1823 Non
2241 1769 2386 1824 enim
2432 1769 2548 1823 fieri
2580 1776 2778 1838 potest,
2820 1775 2881 1821 ut
2928 1766 3152 1820 omnino
3186 1763 3416 1833 quadret

140 1864 349 1936 σθῆναι
379 1863 446 1917 τδ
475 1865 657 1928 ἐντοῖς
684 1862 1041 1933 ὑποδείγμασι
1068 1861 1441 1932 θεωρούμενον
1465 1862 1578 1922 τοῖς
1602 1858 1740 1928 πρὸς

1858 1859 1902 1914 ld
1930 1860 2075 1931 quod
2106 1862 2160 1915 in
2190 1861 2453 1932 exemplis
2497 1862 2859 1931 speculamur,
2890 1875 3012 1913 cum
3061 1858 3153 1922 iis,
3186 1857 3255 1911 ad
3297 1872 3418 1926 quae

136 1954 180 2009 ἃ
211 1958 251 2028 ἡ
274 1955 395 2009 τῶν
419 1955 833 2026 ὑποδειγμάτων
851 1956 1010 2026 χρεία
1033 1954 1542 2026 παραλαμϐάνεται.
1568 1952 1743 2007 Πόθεν

142 2046 243 2103 οὖν
274 2066 465 2121 φαμεν
493 2049 555 2101 τὺ
608 2047 1020 2118 διακεκριμένον
1075 2047 1191 2116 ἃμα
1229 2048 1324 2099 καὶ
1359 2044 1593 2113 συναφὲς
1630 2043 1743 2113 (22)

144 2142 219 2191 ἐκ
244 2139 365 2191 τῶν
381 2138 531 2193 κατὰ
555 2137 653 2208 τὴν
688 2136 941 2207 αἴσθησιν
969 2139 1097 2207 ἡμῖν
1138 2136 1590 2208 προφαινομένων
1614 2136 1745 2188 ἀνα-

141 2227 512 2295 λογίζεσθαι;
548 2228 686 2299 Ἤδη
739 2229 869 2280 ποτὲ
902 2227 996 2281 τοῦ
1053 2230 1111 2281 ἐν
1147 2229 1213 2298 τῇ
1238 2226 1434 2298 νεφέλῃ
1464 2225 1617 2291 τόξου
1648 2225 1747 2297 τὴν

146 2318 489 2389 λαμπηδόνα
542 2318 683 2372 κατά
738 2319 801 2372 τὸ
833 2318 937 2391 ἔαρ
989 2318 1280 2374 τεθέασαιο
1316 2321 1490 2373 ἐκεῖνο
1516 2319 1661 2388 λέγω
1689 2320 1750 2373 τὸ

146 2409 336 2476 τόξον,
364 2410 509 2480 ὅπερ
542 2410 571 2461 ὁ
600 2408 776 2471 κοινὸς
807 2407 961 2475 λόγος
992 2408 1099 2479 ἶριν
1131 2408 1319 2462 εἴωθεν
1342 2407 1704 2478 ἐπονομάζειν
1729 2423 1745 2440 ’

146 2502 179 2554 ὃ
214 2518 392 2570 φασιν
421 2503 472 2553 oi
500 2501 628 2572 περὶ
654 2499 829 2554 ταῦτα
855 2501 1017 2554 δεινοὶ
1062 2502 1185 2554 τότε
1228 2500 1595 2566 συνίστασθαι,
1620 2502 1749 2556 ὅταν

150 2592 594 2662 ἀνακεκραμένη
648 2608 733 2654 τις
836 2591 973 2663 πρὸς
1000 2592 1091 2644 τὸν
1140 2592 1277 2663 ἀέρα
1318 2592 1484 2657 νοτὶς,
1515 2594 1614 2664 τῆς
1640 2594 1750 2646 τῶν

153 2684 499 2755 πνευμάτων
527 2682 647 2753 βίας
678 2683 739 2736 τὸ
792 2685 851 2736 ἐν
878 2687 991 2746 τοῖς
1037 2684 1228 2753 ἀτμοῖς
1262 2684 1429 2755 ὑγρὸν
1459 2685 1552 2737 καὶ¹
1581 2686 1748 2754 παχὺ,

154 2775 406 2846 νεςρῶδες
435 2776 542 2847 ἤδη
554 2776 864 2845 γενόμενον,
887 2778 966 2838 εἰς
988 2776 1142 2829 ὑετὸν
1168 2777 1587 2847 ἀποθλιϐούσης.
1619 2778 1752 2829 Συν-

162 2868 434 2921 ίστασθαι
493 2866 551 2920 δὲ
591 2867 837 2936 λέγουσιν
879 2866 1066 2930 οὕτως.
1111 2867 1359 2921 Ἐπειδὰν
1397 2869 1430 2938 ἡ
1472 2867 1567 2920 τοῦ
1598 2867 1751 2938 ἡλίου

161 2962 327 3022 ἀκτὶς
382 2959 529 3013 κατά
566 2959 627 3011 τὸ
674 2958 903 3027 πλάγιον
941 2959 1326 3030 ὑποδραμοῦσα
1364 2959 1427 3012 τὸ
1460 2959 1661 3013 πυκνόν
1693 2976 1753 3013 τε

160 3052 256 3105 καὶ
282 3051 599 3123 συνηρεφὲς
619 3052 720 3121 τῆς
734 3050 1037 3121 νεφὼσεως,
1073 3046 1191 3103 εἶτα
1215 3050 1356 3103 κατὰ
1374 3051 1438 3103 τὸ
1454 3051 1580 3104 εὐθὺ
1605 3051 1754 3120 νέφει

157 3142 267 3195 τινὶ
296 3142 396 3195 τὸν
428 3144 561 3195 ἴδιον
597 3142 795 3195 κύκλον
838 3142 1278 3212 ὲναπερεὶσηται,
1315 3137 1425 3195 οἷόν
1446 3160 1530 3206 τις
1559 3144 1752 3213 καμπὴ

159 3234 259 3288 καὶ
312 3234 578 3299 ἐπάνοδος
635 3233 730 3286 τοῦ
786 3234 963 3302 φωτὸς
1008 3234 1145 3304 πρὸς
1208 3234 1370 3286 ἑαυτὸ
1400 3233 1628 3302 γίνεται,
1656 3234 1757 3305 τῆς

161 3327 354 3396 αὐγῆς
383 3326 522 3397 πρὸς
547 3328 610 3380 τὸ
664 3326 900 3396 ἔμπαλιν
930 3326 1036 3377 ἀπὸ
1065 3325 1158 3377 τοῦ
1198 3323 1365 3396 ὑγροῦ
1396 3341 1455 3377 τε
1485 3326 1579 3377 καὶ
1608 3324 1756 3376 στίλ-

163 3418 359 3481 ϐοντος
393 3418 732 3488 ἀναλυούσης
765 3418 897 3487 (23).
943 3416 1154 3487 Ἐπειδὴ
1185 3417 1290 3488 γὰρ
1321 3416 1479 3486 φύσις
1496 3417 1611 3469 ἐστὶ
1636 3419 1757 3480 ταῖς

169 3510 485 3578 φλογώδεσι
518 3512 931 3579 μαρμαρυγαῖς,
982 3511 1034 3561 εἴ
1077 3526 1183 3561 τινι
1215 3508 1344 3577 λείῳ
1375 3507 1755 3578 προσπέσοιεν,

168 3602 311 3671 πρδς
351 3599 553 3663 ἑαυτὰς
586 3600 747 3654 πάλιν
777 3599 1206 3662 ὲπανακλᾶσθαι,
1240 3598 1566 3669 κυκλοτερὲς
1588 3598 1644 3650 δὲ
1667 3596 1758 3650 τοῦ

167 3693 327 3764 ἡλίου
381 3692 443 3744 τὸ
496 3693 701 3761 σχῆμα,
733 3692 796 3742 τὸ
822 3690 910 3744 διὰ
949 3690 1049 3760 τῆς
1080 3690 1295 3753 ἀκτῖνος
1329 3691 1386 3743 ὲν
1421 3688 1499 3759 τῷ
1530 3687 1680 3758 ὑγρῷ
1699 3704 1759 3741 τε

167 3786 268 3839 καὶ
330 3782 463 3849 λείῳ
509 3782 604 3834 τοῦ
644 3783 806 3854 ἀέρος
827 3783 1108 3852 γινόμενον
1127 3799 1141 3812 ·
1167 3779 1226 3845 ἐξ
1255 3780 1495 3851 ἀνάγκης
1529 3780 1671 3833 κατὰ
1700 3780 1760 3832 τὸ

167 3877 371 3947 σχῆμα
407 3874 505 3927 τοῦ
546 3874 777 3944 ἡλιακοῦ
809 3877 1009 3928 κύκλου
1047 3875 1140 3928 καὶ
1183 3877 1211 3927 ὁ
1242 3874 1644 3945 παρακείμενος
1682 3871 1761 3942 τῷ

169 3968 333 4035 νέφει
388 3964 496 4035 ἀὴρ
526 3964 615 4018 διὰ
659 3965 760 4034 τῆς
822 3964 1257 4035 ἀποστιλϐούσης
1286 3964 1463 4034 αὐγῆς
1494 3963 1760 4035 περιγρά-

173 4075 365 4127 φεται.
418 4056 569 4129 Αὕτη
608 4057 785 4111 τοίνυν
818 4060 853 4127 ὴ
890 4056 1031 4128 αὐγὴ
1066 4057 1160 4111 καὶ
1215 4058 1447 4127 συνεχής
1470 4058 1587 4109 ὲστι
1624 4056 1761 4127 πρὸς

172 4150 403 4221 ἑαυτὴν,
443 4150 538 4202 καὶ
572 4149 845 4221 διῄρηται.
897 4148 1203 4221 Πολύχροος
1234 4148 1345 4219 (24)
1375 4149 1484 4219 γάρ
1511 4165 1595 4211 τις
1625 4143 1761 4201 οὖσα

174 4244 276 4297 καὶ
304 4242 613 4312 πολυειδὴς,
644 4240 866 4311 ἀφανῶς
898 4243 1009 4304 τοῖς
1038 4239 1300 4302 ποικίλοις
1337 4238 1522 4294 ἄνθεσι
1544 4241 1645 4310 τῆς
1669 4237 1763 4309 βα-

178 4336 290 4407 ιρῆς
318 4336 460 4405 πρὸς
503 4335 701 4405 ἑαυτὴν
729 4336 1126 4404 κατακιρνᾶται
1163 4332 1272 4385 τῶν
1301 4332 1762 4404 ὲτεροχροούντων

174 4430 281 4501 τὴν
305 4428 448 4498 πρὸς
477 4426 681 4497 ἄλληλα
712 4426 983 4497 συμϐολὴν
1009 4429 1073 4480 ὲκ
1096 4426 1203 4478 τῶν
1234 4424 1407 4493 ὄψεων
1434 4424 1591 4495 ἡμῶν
1624 4424 1765 4479 κατά

1846 1969 1981 2010 usus
2015 1954 2388 2024 exemplorum
2434 1955 2743 2009 adhibetur.
2775 1950 2930 2007 Unde
2972 1952 3138 2020 igitur
3179 1950 3416 2004 dicimus

1847 2044 2147 2100 discretum
2182 2046 2349 2100 simul
2376 2055 2431 2101 et
2454 2045 2808 2115 conjunctum
2845 2061 2911 2100 ex
2946 2045 3033 2111 iis,
3056 2059 3177 2114 qua:
3209 2044 3415 2098 nostris

1848 2137 2104 2192 sensibus
2134 2138 2432 2206 conspicua
2464 2144 2614 2199 sunt,
2649 2133 3062 2204 spectari?Jam
3092 2134 3221 2187 olim
3252 2146 3417 2186 arcus

1848 2231 1904 2286 in
1930 2232 2077 2286 nube
2104 2230 2449 2301 splendorem
2486 2242 2657 2282 verno
2688 2236 2933 2297 tempore
2960 2225 3185 2291 vidisti;
3227 2237 3418 2277 arcum

1849 2324 2003 2379 illum
2037 2324 2184 2388 dico,
2215 2339 2378 2403 quem
2415 2325 2723 2377 communis
2771 2319 3024 2389 loquendi
3062 2333 3196 2373 usus
3226 2316 3418 2372 iridem

1849 2433 2048 2474 vocare
2095 2416 2417 2471 consuevit:
2485 2428 2648 2484 quem
2699 2411 2917 2482 quidem
2980 2409 3174 2463 barum
3231 2423 3418 2467 rerum

1850 2511 2010 2582 periti
2037 2510 2227 2564 dicunt
2254 2507 2501 2572 conﬂari,
2527 2513 2642 2559 tum
2682 2520 2806 2559 cum
2849 2503 3179 2557 admiscetur
3223 2500 3422 2555 humor

1853 2602 2053 2671 aliquis
2099 2601 2245 2666 aeri;
2300 2599 2353 2652 vi
2396 2605 2684 2652 ventorum
2739 2595 2790 2648 id
2822 2594 2968 2665 quod
3016 2596 3071 2648 in
3124 2592 3422 2663 vaporibus

1852 2692 2137 2746 humidum
2164 2707 2228 2745 ac
2256 2704 2506 2744 crassum
2538 2695 2642 2750 est,
2666 2685 2915 2741 effectum
2934 2685 3046 2754 jam
3074 2684 3420 2745 nebulosum,

1853 2786 1910 2839 in
1941 2784 2177 2853 pluviam
2202 2783 2542 2851 exprimente
2565 2795 2628 2833 ac
2656 2780 2978 2833 resolvente.
3006 2774 3211 2832 Ferunt
3241 2783 3422 2830 autem

1857 2876 1972 2931 ﬁeri
2006 2876 2112 2930 hoc
2139 2873 2324 2927 modo.
2345 2871 2450 2927 Ubi
2482 2871 2616 2926 solis
2651 2869 2837 2923 radius
2865 2869 3084 2937 oblique
3110 2867 3163 2921 id
3194 2866 3339 2936 quod
3368 2867 3423 2919 in

1854 2969 2053 3023 nebula
2082 2967 2311 3021 densum
2347 2974 2402 3020 et
2440 2978 2670 3033 opacum
2702 2971 2804 3025 est,
2849 2963 3173 3031 penetravit,
3227 2955 3426 3013 deinde

1856 3067 2004 3114 recta
2034 3057 2221 3113 orbem
2259 3070 2418 3110 suum
2455 3055 2512 3108 in
2544 3054 2728 3123 aliqua
2773 3053 2919 3107 nube
2960 3051 3272 3120 impressit;
3303 3050 3427 3121 qui-

1782 3185 1825 3243 c
1858 3151 1983 3205 dam
2049 3148 2273 3204 luminis
2327 3147 2486 3217 quasi
2539 3158 2899 3215 repercussus
2952 3158 3018 3198 ac
3082 3144 3292 3199 reditus
3332 3144 3423 3207 _ad

1859 3244 2100 3313 seipsum
2137 3242 2220 3305 fit,
2267 3240 2560 3309 splendore
2603 3239 2671 3293 ab
2718 3252 2784 3293 eo
2838 3236 2985 3308 quod
3038 3236 3322 3290 humidum
3371 3241 3426 3289 et

1858 3332 2042 3388 nitens
2072 3338 2157 3386 est
2183 3329 2517 3385 contrariam
2553 3327 2609 3381 in
2648 3335 2859 3396 partem
2907 3325 3129 3381 reﬂexo.
3158 3326 3426 3390 Quoniam

1858 3425 2005 3481 enim
2033 3438 2096 3479 ea
2125 3424 2269 3478 inest
2314 3420 2583 3476 ﬂammeis
2612 3418 2917 3489 fulgoribus
2959 3428 3175 3483 natura,
3206 3428 3267 3472 ut
3294 3420 3338 3473 si
3371 3419 3427 3474 in

1858 3533 1974 3572 rem
2005 3515 2317 3586 quampiam
2353 3514 2540 3567 laevem
2571 3511 2891 3571 inciderint,
2923 3527 3117 3565 rursus
3147 3510 3431 3565 reﬂectan-

1860 3616 1953 3662 tur
1986 3607 2053 3662 ad
2078 3607 2428 3676 semetipsos,
2464 3603 2700 3659 rotunda
2738 3611 2822 3658 est
2855 3610 3035 3658 autem
3066 3604 3199 3659 solis
3232 3603 3427 3674 ﬁgura,

1860 3719 1981 3773 qua:
2014 3717 2112 3772 per
2138 3702 2353 3756 radium
2389 3699 2446 3754 in
2489 3697 2717 3753 humido
2741 3697 2969 3766 laavique
2999 3712 3124 3753 aere
3163 3699 3431 3767 imprimi-

1861 3803 1983 3860 tur;
2017 3800 2304 3862 propterea
2334 3789 2651 3845 necessario
2694 3787 2995 3843 secundum
3040 3786 3236 3842 solaris
3278 3788 3429 3845 orbis

1862 3884 2128 3950 ﬁguram,
2180 3898 2276 3937 aer
2327 3882 2490 3938 etiam
2536 3881 2631 3951 qui
2666 3880 2800 3933 nubi
2854 3879 3133 3947 proximus
3178 3885 3296 3942 est,
3334 3893 3431 3948 per

1862 3975 2335 4045 splendescentem
2381 3973 2649 4043 fulgorem
2699 3969 3194 4024 circumscribitur.
3242 3967 3430 4039 itaque

1862 4069 1912 4125 is
1943 4068 2122 4137 fulgor
2159 4076 2213 4122 et
2255 4066 2310 4120 in
2352 4081 2411 4121 se
2453 4065 2751 4120 continuus
2782 4071 2837 4119 et
2867 4062 3078 4117 divisus
3106 4071 3210 4117 est.
3248 4061 3434 4117 Multi-

1863 4158 2014 4212 eolor
2039 4157 2185 4211 enim
2227 4170 2291 4209 ac
2338 4151 2693 4209 multiformis
2722 4169 2846 4208 cum
2898 4155 2991 4221 sit,
3032 4168 3219 4210 secum
3261 4153 3432 4209 variis

1864 4251 2117 4302 tinctura:
2164 4246 2395 4301 ﬂoribus
2449 4246 2686 4301 latenter
2732 4246 3147 4310 commiseetur,
3184 4244 3432 4300 colorum

1864 4340 2008 4395 inter
2057 4353 2117 4394 se
2144 4337 2489 4392 diversorum
2545 4340 2964 4393 commissuram
3025 4345 3189 4408 atque
3229 4338 3434 4408 permi-

1868 4432 2102 4486 stionem
2143 4429 2319 4485 oculis
2368 4429 2610 4494 nostris,
2662 4431 2881 4486 nemine
2927 4431 3215 4496 sentiente,
3252 4431 3435 4486 subri-

179 4522 242 4574 τὸ
279 4519 508 4590 λεληθὸς
550 4519 993 4572 ὑποκλέπτουσα·
1026 4518 1102 4581 ὡς
1135 4516 1208 4588 μὴ
1250 4515 1315 4570 ἃν
1357 4515 1761 4587 ἐπιγνωσθῆναι

1868 4521 2061 4591 piens;
2092 4519 2227 4574 adeo
2252 4527 2313 4572 ut
2344 4534 2453 4573 non
2480 4529 2812 4589 agnoscatur
2845 4519 3058 4574 medius
3088 4520 3433 4577 intercedens

178 4613 278 4668 τοῦ
310 4611 553 4682 γλαυκοῦ
589 4611 724 4680 πρὸς
763 4612 824 4663 τὸ
856 4610 1132 4681 πυραυγὲς
1164 4610 1256 4663 τὸν
1290 4609 1377 4663 διὰ
1404 4609 1569 4680 μέσου
1597 4609 1761 4662 τόπον

178 4708 275 4760 ’ἱὸν
301 4706 597 4778 μιγνύοντα
628 4705 740 4774 (25)
766 4705 832 4757 δι’
866 4702 1057 4758 ἑαυτοῦ
1081 4704 1173 4756 καὶ
1204 4700 1503 4772 χωρίζοντα
1529 4703 1627 4773 τὴν
1654 4701 1763 4757 τῶν

182 4799 363 4871 χροῶν
412 4798 724 4867 ἑτερότητα,
751 4797 785 4867 ἢ
810 4796 905 4850 τοῦ
932 4795 1244 4866 πυραυγοῦς
1281 4796 1417 4864 πρὸς
1458 4796 1519 4848 τὸ
1554 4793 1765 4863 πορφύ-

260 4969 378 5040 (Ξθ)
417 4971 843 5039 Ἀναχεούσης.
879 4968 1028 5025 Unus
1056 4968 1187 5040 Reg.
1218 4967 1569 5039 συγχεούσης.
1598 4967 1768 5023 Paulo

191 5051 319 5112 post
346 5042 458 5094 duo
487 5057 624 5095 mss.
666 5041 892 5112 ἔφαμεν,

286 5111 379 5179 2|)
432 5107 816 5164 'AxouonSic
865 5108 1010 5165 HarL
1069 5116 1126 5164 et
1170 5107 1338 5179 Coisl.
1386 5109 1594 5179 primus
1642 5121 1768 5160 cum

194 5178 374 5235 tribus
399 5181 539 5235 aliis.
570 5179 708 5234 Editi
748 5179 953 5234 ἀκούει.
986 5181 1147 5248 Nyss.
1179 5178 1444 5231 ἁκούοιτο.
1476 5178 1769 5248 Aliquanto

195 5251 341 5304 infra
362 5267 473 5304 non
504 5252 646 5305 male
673 5252 728 5305 in
757 5252 944 5304 eodem
971 5246 1137 5303 Coisl.
1169 5248 1319 5301 deest
1344 5251 1456 5311 τοῖς
1478 5255 1600 5314 post
1634 5246 1769 5299 θεω-

200 5320 481 5391 ρούμενον.
522 5319 724 5374 ibidem
755 5321 864 5391 duo
895 5318 1485 5391 ιηεεηὲφαρμόσασθαι.

268 5390 380 5457 (Ξὶ)
421 5391 716 5459 Συναρές.
759 5389 882 5443 Ihec
936 5386 1211 5458 scriptura
1256 5388 1459 5441 codicis
1513 5386 1661 5440 Hart.
1703 5391 1772 5459 Aet

200 5456 433 5531 diturum
476 5456 607 5531 lieg‘.
650 5461 808 5531 longe
844 5456 1175 5531 praeferenda
1218 5459 1447 5531 vulgatae
1503 5456 1767 5531 συμφυές.

202 5527 384 5584 Utitur
408 5527 628 5597 quidem
665 5530 769 5583 hac
807 5527 941 5584 voce
980 5528 1212 5581 Basilius
1266 5529 1368 5582 sub
1409 5528 1568 5581 finem
1608 5527 1772 5594 hujus

202 5600 470 5668 epistolae;
509 5601 603 5655 sed
647 5615 791 5663 eam,
828 5608 888 5652 ut
932 5614 1030 5653 sua
1058 5607 1252 5668 sponte
1300 5598 1495 5668 minus
1530 5610 1774 5668 commo-

206 5665 347 5731 dam,
383 5670 517 5723 lenit
545 5669 799 5725 addendo
841 5669 1021 5722 οἱονεί.
1065 5667 1233 5721 Paulo
1266 5675 1388 5737 post
1416 5667 1548 5725 editi
1596 5668 1643 5718 εί
1680 5665 1773 5734 δή·

210 5756 350 5791 ποτε.
404 5739 518 5793 Dn'o
551 5757 686 5797 mss.
718 5739 775 5792 εἴ
806 5757 953 5793 ποτε.
981 5738 1231 5808 Quinque
1260 5738 1346 5791 alii
1373 5744 1427 5792 et
1454 5738 1602 5806 Nyss.
1638 5742 1694 5789 ut
1720 5738 1773 5788 in

210 5816 371 5865 textu.

1868 4612 2165 4666 caaruieum
2210 4609 2357 4665 inter
2386 4618 2442 4665 et
2488 4609 2713 4664 rutilum
2750 4611 2926 4673 locus,
2967 4625 3032 4664 ac
3069 4612 3308 4666 miscens
3337 4626 3435 4681 per

1868 4720 1929 4760 se
1954 4712 2007 4759 et
2044 4719 2307 4774 separans
2345 4702 2719 4758 diversitatem
2765 4703 3031 4769 colorum,
3070 4710 3163 4755 aut
3208 4703 3434 4756 rutilum

1870 4794 2012 4850 inter
2042 4802 2097 4849 et
2132 4807 2488 4863 purpureum,
2515 4801 2608 4847 aut
2639 4793 2803 4846 istum
2833 4791 2973 4847 inter
3004 4797 3059 4846 et
3084 4791 3434 4847 electrinum.

1941 4974 2053 5043 (25)
2107 4975 2539 5040 ’AraJvozianc.
2591 4972 2682 5026 Sic
2742 4983 3117 5043 mss.‘ou_i_n_es
3169 4974 3225 5043 e_t
3270 4963 3439 5043 Nyss.

1868 5036 1970 5113 pro
2008 5036 2074 5097 eo
2104 5043 2247 5113 quod
2268 5054 2391 5113 erat
2416 5036 2478 5097 in
2496 5036 2858 5113 'editionibus
2877 5038 3060 5113 Basilii
3091 5036 3442 5113 ἀναλαμπρύτ

1871 5105 1988 5183 σης.
2024 5105 2202 5167 Εόὶὶίο
2236 5112 2368 5183 "ag.
2406 5112 2799 5181 ἀναλαϐούσης.
2832 5110 3123 5178 Aliquanto
3159 5105 3280 5176 post
3309 5105 3443 5161 editi

1871 5192 1923 5228 nl.
1976 5198 2106 5228 mss-
2157 5190 2391 5228 nnnlnnr
2436 5181 2758 5228 κυκλοτεοὲε
2804 5180 2860 5228 δὲ
2904 5178 3059 5228 τοῦτο
3112 5178 3315 5228 σγῆιια.
3354 5175 3444 5228 διὰ

1869 5181 1937 5263 et
1974 5198 2106 5237 mss.
2157 5181 2391 5251 quatuor
2436 5181 2758 5261 κυκλοτερὲς
2804 5181 2860 5233 δὲ
2904 5181 3070 5259 τοῦτο·
3112 5181 3315 5300 σχῆμα,
3354 5181 3441 5228 διὰ

1868 5270 1988 5327 της.
2023 5252 2129 5307 Sed
2161 5254 2354 5327 melior
2379 5253 2497 5308 visa
2525 5260 2607 5308 est
2643 5260 2911 5327 scriptura
2953 5247 3209 5327 codicisl
3239 5245 3340 5327 arl‘.
3386 5253 3441 5327 et

1871 5315 2037 5376 unius
2068 5338 2134 5377 ex
2158 5321 2347 5393 Regiis
2373 5338 2535 5393 quam
2566 5315 2979 5377 secuti'sumus.
3014 5318 3101 5372 Sic
3128 5319 3289 5372 etiam
3314 5315 3442 5386 legi-

1873 5402 1962 5446 tur
1986 5394 2123 5459 apud
2150 5392 2309 5462 Nyss.
2392 5392 2407 5393 ί

1945 5463 2055 5531 (24)
2095 5465 2458 5530 Πολύχροος.
2504 5460 2671 5516 Coisl.
2713 5467 2941 5528 uterque
2981 5463 3034 5512 et
3062 5472 3203 5513 unus
3238 5454 3440 5526 Regius

1874 5532 2248 5603 πολύχρωμος.

1946 5604 2057 5655 (9.5)
2103 5603 2292 5655 Τόπον
2341 5599 2448 5654 τὸν
2490 5600 2830 5655 μηνύοντα.
2884 5596 3001 5651 Duo
3048 5614 3182 5652 mss.
3221 5596 3312 5649 τὸν
3353 5613 3442 5655 μι-

1946 5604 2057 5687 (25)
2103 5604 2292 5680 Τόπον
2341 5604 2448 5654 τὸν
2483 5604 2830 5669 μιγνύοντα.
2886 5604 3001 5683 Duo
3048 5614 3182 5652 mss.
3221 5604 3312 5649 τὸν
3353 5613 3441 5680 μί-

1875 5689 2093 5741 γνυντα.
2138 5671 2360 5750 Ιιεξειιιιτ
2400 5672 2539 5742 apud
2582 5670 2735 5742 Greg.
2768 5673 2929 5741 Nyss.
2972 5686 3094 5723 οοον
3124 5667 3213 5723 τὴν
3246 5684 3441 5732 μιγνύε-

1880 5759 2054 5814 μενον.
