3886 6220
436 373 540 430 5'55

1721 372 1805 428 "S.
1838 372 2081 427 BASILII
2122 365 2336 428 MAGNI

3605 375 3732 432 336

439 489 578 543 Nam
619 503 865 545 omnium
901 489 1225 562 sp.endores
1264 490 1432 547 simul
1475 490 1780 561 conspecti,
1815 501 1871 548 et
1911 492 2015 546 mi-

2123 509 2263 564 ρεον,
2314 493 2349 561 ἢ
2381 490 2609 544 ἐκείνου
2649 491 2784 561 πρὸς
2826 491 2886 544 τὸ
2934 491 3267 566 ἡλέκτρινον.
3332 493 3568 548 Πάντων
3597 493 3730 564 γὰρ

441 589 594 648 cant,
628 590 684 638 et
709 581 839 637 dum
867 582 1022 654 signa
1059 591 1265 638 mutuae
1291 583 1696 654 coniunctionis
1715 584 2012 647 occultant,

435 673 710 745 judicium
760 675 1058 745 effugiunt,
1102 679 1178 730 ita
1218 683 1279 729 ut
1329 674 1663 746 deprehendi
1691 690 1802 731 non
1842 677 2016 746 possit

440 781 729 837 quousque
758 767 1029 836 pertineat
1082 767 1137 821 id
1174 765 1319 836 quod
1355 767 1584 821 rutilum
1612 774 1720 831 est,
1753 775 1849 821 aut
1877 783 2019 823 sma-

439 858 729 928 ragdinum
762 860 818 913 in
853 858 1085 929 fulgore,
1110 868 1166 913 et
1195 857 1342 914 unde
1367 857 1594 928 incipiat
1627 874 1739 912 non
1765 859 1878 927 jam
1909 861 2016 915 tale

440 964 602 1016 esse,
653 951 815 1021 quale
860 951 916 1005 in
973 951 1187 1021 fulgore
1239 958 1484 1022 apparet.
1545 948 2014 1015 Quemadmodum

442 1041 610 1112 igitur
632 1043 687 1096 in
721 1043 825 1098 hoc
857 1044 1106 1113 exemplo
1142 1050 1196 1097 et
1236 1044 1483 1096 colorum
1509 1040 1833 1096 discrimina
1871 1043 2017 1097 clare

441 1131 860 1203 dignoscimus,
929 1143 984 1188 et
1028 1134 1257 1189 alterius
1313 1132 1382 1186 ab
1445 1133 1618 1188 altero
1668 1133 2016 1187 intervallum

441 1235 609 1276 sensu
638 1221 1047 1291 deprehendere
1078 1237 1187 1275 non
1219 1236 1514 1291 possumus
1541 1238 1555 1286 ;
1581 1221 1661 1276 sic
1682 1221 1837 1284 mihi,
1869 1236 2018 1292 quae.-

441 1326 528 1377 so,
573 1312 829 1367 existima
875 1321 930 1367 et
984 1311 1052 1366 de
1098 1312 1301 1367 divinis
1353 1313 1702 1383 dogmatibus
1746 1312 2014 1367 rationem

441 1402 572 1458 iniri
620 1419 818 1474 posse;
864 1403 939 1457 ita
992 1411 1052 1458 ut
1105 1405 1483 1476 hypostasewn
1522 1405 1741 1474 quidem
1770 1404 2016 1474 proprie-

439 1500 605 1560 tates,
641 1511 740 1550 ceu
783 1495 879 1550 [los
921 1496 1143 1566 quidam
1180 1512 1372 1551 eorum
1416 1511 1537 1566 qua:
1579 1497 1635 1550 in
1672 1495 1807 1550 iride
1852 1511 2017 1566 appa-

442 1595 587 1652 rent,
621 1587 676 1641 in
714 1587 948 1657 singulis
983 1587 1259 1656 personis,
1289 1603 1409 1658 qua:
1436 1587 1490 1641 in
1524 1597 1716 1643 sancta
1745 1586 2016 1642 Trinitate

443 1678 778 1744 creduntur,
821 1677 1154 1749 elTulgcant:
1195 1679 1408 1732 nullum
1456 1694 1587 1733 vero
1617 1679 1760 1748 quod
1805 1679 1872 1733 ad
1917 1696 2015 1733 na-

445 1780 583 1825 tura:
629 1772 1013 1840 proprietatem
1061 1772 1220 1840 12o
1255 1771 1473 1835 attinet,
1519 1771 1853 1841 intelligatur
1877 1771 2012 1825 alte-

445 1863 564 1918 rius
597 1863 666 1917 ab
695 1865 864 1917 altera
904 1864 1220 1925 discrimen,
1258 1863 1352 1918 sed
1389 1864 1444 1917 in
1480 1865 1731 1918 essentia:
1763 1879 2008 1919 commu-
2045 1860 2084 1914 ll

443 1955 617 2009 nitate
663 1955 1030 2025 proprietates
1075 1971 1171 2026 per
1209 1972 1346 2026 quas
1385 1973 1728 2026 unaquaeque
1781 1971 2015 2026 persona

437 2045 808 2115 dignoscitur,
844 2047 898 2100 in
952 2063 1280 2117 unaquaque
1329 2049 1733 2119 resplendeant.
1782 2046 1917 2101 Nam
1963 2059 2018 2103 et

447 2135 559 2189 illic
600 2136 654 2190 in
688 2137 937 2207 exemplo
969 2140 1229 2203 essentia,
1261 2155 1382 2209 qua:
1433 2141 1828 2196 multicolorem
1863 2140 2016 2194 illum

445 2225 792 2293 splendorem
823 2226 1128 2291 emittebat,
1170 2235 1226 2282 et
1262 2245 1356 2300 per
1382 2230 1619 2286 solarem
1668 2231 1882 2285 radium
1926 2245 2017 2285 re-

443 2317 813 2388 fringebatur,
862 2333 970 2373 una
1019 2327 1141 2384 erat
1179 2339 1192 2375 :
1231 2320 1331 2376 flos
1377 2337 1508 2376 vero
1556 2323 1636 2377 rei
1687 2329 2016 2392 conspectae,

442 2414 562 2460 erat
590 2405 946 2463 multiformis
972 2425 987 2460 :
1025 2408 1289 2463 nimirum
1324 2411 1539 2465 ratione
1570 2412 1690 2484 ipsa
1723 2414 1890 2466 etiam
1921 2426 2019 2481 per

444 2514 560 2554 rem
593 2507 833 2554 creatam
865 2513 964 2554 nos
993 2498 1246 2562 docente,
1283 2509 1344 2554 ut
1390 2502 1444 2556 in
1481 2501 1752 2573 dogmatis
1791 2503 2018 2556 rationi-

444 2591 550 2646 bus
582 2605 690 2645 non
744 2591 1158 2654 conturbemur,
1214 2593 1259 2646 si
1292 2595 1514 2663 quando
1569 2597 1625 2650 in
1659 2596 2017 2666 quaestionem

447 2683 514 2737 ad
545 2682 980 2752 investigandum
1024 2682 1294 2738 difﬁcilem
1325 2683 1651 2750 incidentes,
1694 2686 1750 2740 in
1801 2686 1869 2741 iis
1897 2702 2019 2755 qua:

446 2773 706 2830 dicuntur
756 2773 1104 2827 admittendis
1155 2775 1313 2844 quasi
1360 2777 1629 2847 vertigine
1679 2777 2014 2833 laboremus.

445 2864 912 2931 Quemadmodum
958 2866 1103 2920 enim
1136 2867 1188 2920 in
1239 2868 1306 2922 iis
1351 2884 1473 2937 qua:
1507 2870 1682 2924 oculis
1727 2877 2015 2939 apparent,

445 2958 627 3030 potior
651 2957 772 3011 visa
801 2965 885 3011 est
914 2971 1094 3012 causae
1125 2960 1337 3013 ratione
1364 2962 1699 3030 experientia
1727 2980 1741 3028 ;
1773 2964 1848 3015 ita
1882 2971 1937 3016 et
1963 2963 2019 3016 in

447 3048 796 3118 dogmatibus
849 3059 1069 3119 captum
1122 3059 1370 3106 nostrum
1420 3053 1577 3123 longe
1621 3053 2015 3107 transcenden-

447 3139 626 3204 tibus,
661 3142 1010 3209 perceptione
1044 3155 1167 3210 quae
1216 3143 1598 3197 ratiocinando
1640 3153 2016 3213 comparatur,

2117 582 2172 633 al
2202 579 2387 646 αὑγαί,
2424 578 2563 632 κατὰ
2581 580 2777 632 ταυτὸν
2808 579 3103 651 ὁρώμεναι,
3137 581 3228 634 καὶ
3253 581 3547 652 τηλαυγεῖς
3575 584 3728 646 εισι,

2116 670 2212 722 καὶ
2230 671 2330 739 τῆς
2380 668 2515 739 πρὸς
2563 667 2797 740 ἀλλήλας
2847 669 2957 739 (26)
3017 670 3311 739 συναφείας
3359 669 3430 724 τὰ
3491 672 3729 741 σημεῖα

2118 764 2470 826 κλέπτουσαι,
2499 764 2624 826 τοὺς
2670 762 2921 833 ἐλέγχους
2955 763 3332 832 ἐκφεύγουσιν,
3358 764 3435 826 ὡς
3473 765 3728 834 ἀμήχα-

2117 870 2208 908 νον
2233 853 2493 925 ἐξευρεῖν,
2523 853 2684 924 μέχρι
2715 854 2856 916 τίνος
2912 854 3112 924 ἔστηκε
3157 855 3222 908 τὸ
3267 855 3541 926 πυρῶδες,
3579 855 3620 925 ἦ
3657 854 3726 908 τὸ

2119 945 2488 1016 σμαραγδίζον
2524 947 2625 1015 τῆς
2643 946 2853 1016 αἴγλης,
2882 946 2976 1000 καὶ
3002 945 3110 998 ἀπὸ
3153 946 3294 1011 τίνος
3324 947 3559 1017 ἄρχεται
3604 963 3728 1016 μη-

2116 1039 2237 1092 κέτι
2267 1039 2503 1092 τοιοῦτον
2533 1035 2670 1092 εἶναι
2695 1039 2831 1110 (27),
2869 1032 2981 1091 οἷον
3019 1041 3078 1092 ἐν
3121 1039 3200 1110 τῷ
3247 1039 3513 1110 τηλαυγεῖ
3565 1037 3727 1092 ue-

2115 1132 2328 1199 ορᾶται.
2363 1131 2572 1201 Ὥσπερ
2594 1130 2771 1184 τοίνυν
2797 1133 2854 1184 ὲν
2873 1130 2950 1200 τῷ
2972 1131 3330 1201 ὑποδείγματι
3353 1131 3448 1184 καὶ
3464 1129 3574 1194 τὰς
3599 1131 3726 1182 τῶν

2116 1220 2421 1292 χρωμάτων
2476 1221 2739 1293 διαφορὰς
2789 1221 3036 1292 φανερῶς
3099 1220 3564 1290 διαγινώσκομεν,
3615 1218 3726 1272 καὶ

2115 1311 2394 1364 διάστασιν
2433 1311 2617 1380 έτὲρου
2649 1311 2784 1382 πρὸς
2814 1311 2873 1364 τὸ
2914 1310 3098 1382 ἕτερον
3125 1311 3227 1363 οὑκ
3261 1309 3374 1364 ἔστι
3406 1312 3472 1379 τῇ
3496 1309 3725 1380 αἰσθή-

2119 1418 2200 1455 σει
2227 1402 2553 1455 καταλαϐεῖν
2581 1419 2593 1434 ⁸
2619 1402 2760 1456 οὑτω
2789 1420 2878 1473 μοι
2921 1402 3134 1470 λόγισαι
3161 1402 3272 1471 (9.8)
3296 1403 3519 1455 δυνατὸν
3557 1399 3722 1454 εἶναι

2117 1491 2210 1544 καί
2239 1492 2366 1562 περί
2420 1491 2526 1544 τῶν
2571 1491 2730 1545 θείων
2776 1493 3060 1562 δογμάτων
3096 1493 3516 1560 ἀναλογίσασθαι
3555 1509 3572 1519 ⁸
3609 1493 3723 1554 τὰς

2120 1584 2218 1653 μὲν
2246 1583 2353 1637 τῶν
2377 1583 2723 1637 ὑποστάσεων
2765 1585 3029 1654 ἰδιότητας
3061 1584 3193 1655 (29),
3229 1583 3412 1655 ὥσπερ
3441 1602 3493 1637 τι
3533 1583 3721 1645 ἄνθος

2115 1674 2222 1728 τῶν
2247 1676 2387 1728 κατὰ
2415 1674 2511 1746 τὴν
2537 1675 2644 1746 ῖριν
2669 1675 3028 1747 φαινομένων,
3047 1677 3448 1747 ὲπαστράπτειν
3467 1675 3721 1745 ἑκάστῳ

2115 1765 2223 1818 τῶν
2256 1767 2314 1818 έν
2354 1768 2419 1836 τῇ
2454 1767 2584 1837 ἁγίᾳ.
2621 1767 2813 1838 Τριάδι
2864 1765 3298 1835 πιστευομένωνο
3329 1767 3425 1836 τῆς
3453 1765 3508 1817 δὲ
3557 1766 3719 1820 κατὰ

2114 1857 2211 1927 τὴν
2231 1857 2391 1925 φύσιν
2423 1857 2686 1927 ἰδιότητος
2733 1857 3000 1928 μηδεμίαν
3027 1857 3212 1927 ἐτέρου
3253 1856 3382 1928 πρὸς
3409 1856 3470 1908 τὸ
3499 1855 3716 1925 ἕτερον

2115 1947 2447 2002 ἐπινοεῖσθαι
2495 1949 2782 2019 διαφορὰν,
2819 1948 2932 2001 ἀλλ’
2967 1949 3025 2001 ὲν
3069 1951 3134 2018 τῇ
3169 1947 3438 2016 κοινότητι.
3470 1947 3592 2017 τῆς
3624 1947 3720 1999 οὐ-

2117 2041 2236 2103 σίας
2260 2041 2358 2104 τὰς
2391 2041 2757 2110 γνωριστικὰς
2795 2042 3063 2113 ἰδίοτητας
3097 2040 3422 2111 ὲπιλάμπειν
3445 2040 3712 2110 ἑκάστῳ.

2117 2131 2224 2184 Καὶ
2266 2130 2375 2201 γὰρ
2425 2133 2585 2184 κάκεῖ
2617 2133 2675 2183 ὲν
2727 2129 2804 2201 τῷ
2853 2131 3263 2200 ὑποδείγματιή
3292 2128 3716 2197 ἀπαυγάζουσα

2114 2219 2213 2290 τὴν
2269 2220 2564 2290 πολύχροον
2611 2221 2724 2291 (50)
2759 2221 2974 2293 ἐκείνην
3004 2220 3178 2291 αὐγὴν
3213 2220 3310 2290 μία
3335 2220 3493 2272 οὐσία
3529 2215 3640 2289 ἦν,
3677 2222 3712 2290 ἡ

2116 2315 2202 2370 διὰ
2244 2316 2347 2386 τῆς
2397 2315 2632 2387 ἡλιακῆς
2669 2317 2884 2379 ἀκτῖνος
2927 2315 3316 2386 ἀνακλωμένη·
3346 2313 3404 2366 τὸ
3437 2313 3496 2365 δὲ
3527 2314 3712 2368 aveo:

2117 2407 2209 2460 τοῦ
2250 2409 2574 2479 φαινομένου
2607 2408 2740 2479 (51),
2794 2407 3106 2470 πολυειδές·
3159 2405 3502 2468 παιδεύοντος
3541 2407 3711 2475 ἡμᾶς

2117 2499 2208 2553 τοῦ
2246 2500 2404 2568 λόγου
2437 2501 2532 2554 καὶ
2572 2499 2659 2553 διὰ
2696 2499 2801 2571 τῆς
2848 2499 3078 2563 κτίσεως
3121 2499 3194 2570 μὴ
3236 2498 3554 2562 ξενοπαθεῖν
3589 2501 3709 2560 τοῖς

2119 2594 2246 2665 περί
2263 2593 2356 2646 τοῦ
2395 2593 2662 2664 δόγματος
2701 2593 2904 2662 λόγοις,
2947 2596 3099 2654 ὅταν,
3127 2596 3208 2656 εἰς
3231 2594 3290 2646 τὸ
3311 2591 3715 2665 δυσθεώρητον

2119 2686 2466 2756 ἐμπεσόντες,
2499 2687 2636 2758 πρὸς
2677 2687 2776 2756 τὴν
2815 2685 2924 2738 τῶν
2959 2686 3264 2757 λεγομένων
3295 2686 3711 2754 συγκατάθεσιν

2123 2777 2527 2849 ἰλιγγιάσωμεν.
2575 2779 2784 2850 Ὠσπερ
2827 2777 2934 2849 γὰρ
2977 2779 3068 2832 ἐπὶ
3106 2778 3212 2831 τῶν
3257 2781 3366 2841 τοῖς
3392 2776 3710 2847 ὀφθαλμοῖς

2120 2869 2456 2939 φαινομένων
2501 2869 2762 2941 κρείττων
2809 2869 2979 2938 ἐφάνη
3007 2869 3101 2922 τοῦ
3157 2870 3315 2936 λόγου
3365 2869 3468 2937 τῆς
3511 2867 3711 2932 αἰτίας

2118 2965 2150 3032 ἡ
2185 2965 2370 3033 πεῖρα·
2403 2963 2539 3016 οὑτω
2568 2964 2663 3017 καὶ
2692 2965 2800 3017 τῶν
2829 2963 3382 3034 ὑπεραναόεὸηκότων
3399 2961 3708 3031 δογμάτων

2120 3052 2380 3122 κρείττων
2400 3052 2626 3121 ὲστίτῆς
2651 3053 2737 3106 διὰ
2758 3053 3031 3124 λογισμῶν
3053 3051 3403 3122 καταλήψεως
3421 3051 3456 3121 ἠ
3485 3051 3702 3114 πίστις,

2121 3145 2215 3199 καὶ
2265 3145 2328 3197 τὸ
2379 3144 2784 3216 κεχωρισμένον
2815 3147 2871 3198 ὲν
2909 3144 3224 3203 ὑποστάσει.
3254 3143 3348 3196 καὶ
3377 3142 3437 3195 τὸ
3480 3159 3705 3214 συνημ-

442 3229 629 3298 potior
652 3239 738 3285 est
768 3229 922 3294 fides,
979 3238 1033 3285 et
1071 3209 1475 3302 separationem
1525 3235 1580 3288 in
1636 3209 1937 3305 hypostasi,
1965 3243 2015 3290 et

2125 3237 2282 3307 μένον
2312 3238 2369 3289 ὲν
2524 3209 2679 3306 οὐσίᾳ
2711 3236 3054 3290 διδάσκουσα.
3112 3234 3264 3287 Ἐπεὶ
3305 3229 3478 3286 οὖντδ
3511 3209 3702 3302 μὲν-τι

429 3320 893 3391 conjunctionem
921 3322 978 3376 in
1001 3324 1241 3378 essentia
1284 3325 1511 3380 docens.
1537 3325 1812 3391 Quoniam
1851 3326 2019 3396 igitur

449 3413 597 3468 aliud
624 3427 931 3475 commune,
957 3414 1102 3468 aliud
1133 3415 1407 3484 peculiare
1438 3418 1494 3470 in
1526 3425 1715 3471 sancta
1747 3416 2019 3472 Trinitate

438 3501 815 3557 consideravit
851 3509 1037 3555 nostra
1082 3503 1430 3573 disputatio;
1463 3508 1870 3562 communionis
1898 3507 2021 3577 qui-

449 3592 574 3648 dem
611 3593 750 3646 ratio
783 3593 1018 3647 refertur
1049 3595 1118 3648 ad
1164 3597 1483 3662 essentiam,
1524 3598 1838 3668 hypostasis
1888 3615 2019 3655 vero

450 3685 730 3756 proprium
762 3685 1029 3755 cujusque
1057 3686 1280 3756 signum
1311 3696 1420 3742 est.

519 3776 574 3831 ε’.
606 3774 714 3830 Sed
741 3775 978 3831 fortasse
1010 3786 1167 3846 putat
1195 3778 1397 3847 aliquis
1428 3794 1537 3834 non
1588 3795 1891 3850 congruere
1915 3799 2017 3840 ex-

445 3869 684 3940 positam
743 3867 806 3924 de
861 3869 1138 3941 hypostasi
1199 3871 1504 3926 doctrinam
1557 3886 1682 3924 cum
1746 3875 2018 3929 sententia

447 3960 694 4030 Apostoli
750 3960 1054 4031 scripturae,
1110 3960 1205 4015 ubi
1255 3960 1325 4016 de
1385 3960 1614 4016 Domino
1669 3961 1829 4027 dicit,
1889 3980 2016 4020 eum

442 4053 795 4122 splendorem
839 4053 1026 4124 gloria:
1073 4052 1270 4123 ipsius,
1323 4059 1380 4108 et
1429 4053 1658 4122 figuram
1706 4055 2018 4126 hypostasis

385 4161 393 4172 ·
449 4159 574 4200 esse
603 4146 671 4199 “.
711 4145 769 4199 Si
797 4146 942 4201 enim
979 4145 1316 4216 liypostasim
1354 4144 1687 4201 tradidimus
1726 4162 1850 4201 esse
1883 4163 2016 4217 pro-

436 4236 743 4305 .prietatum
785 4235 1218 4306 uniuscujusque
1261 4252 1614 4302 concursum,
1652 4235 1789 4290 illud
1835 4247 2017 4292 autem

449 4324 764 4381 confessum
807 4335 863 4380 et
909 4327 1251 4396 exploratum
1301 4334 1404 4390 est,
1451 4326 1916 4396 quemadmodum
1960 4328 2033 4382 in.

450 4415 613 4472 Patre
665 4417 868 4487 aliquid
911 4419 1126 4489 proprie
1163 4417 1573 4484 consideratur,
1605 4433 1701 4488 per
1735 4418 1880 4487 quod
1919 4435 2008 4474 so-

450 4507 538 4562 lus
566 4508 902 4577 agnoscitur,
931 4509 1006 4561 ita
1039 4508 1179 4562 idem
1209 4509 1399 4562 eodem
1430 4507 1592 4562 modo
1623 4507 1691 4561 de
1719 4506 2014 4578 Unigcnito

432 4613 668 4669 equoque
706 4599 892 4666 credi;
941 4599 1034 4668 qui
1086 4599 1144 4652 ﬁt
1189 4606 1250 4652 ut
1299 4599 1404 4653 hoc
1449 4599 1569 4652 loco
1604 4596 1886 4666 Scriptura
1915 4601 2012 4671 hy.

436 4691 686 4760 'postasis
727 4706 924 4746 nomen
954 4689 1100 4744 Patri
1151 4691 1253 4746 soli
1293 4691 1568 4755 ascribat,
1626 4689 1826 4745 Filium
1884 4708 2014 4748 vero

448 4783 680 4836 formam
714 4779 859 4836 dicat
878 4780 1208 4852 liypostasis,
1237 4796 1347 4835 non
1371 4779 1510 4844 suis,
1543 4780 1638 4836 sed
1669 4779 1848 4837 Patris
1879 4783 2013 4838 insi-

446 4871 646 4942 gnibus
675 4879 729 4925 et
760 4869 907 4927 notis
947 4869 1329 4939 designatum?
1369 4868 1584 4924 Etenim
1617 4870 1660 4924 si
1693 4870 2010 4942 liypostasis

516 5029 565 5060 ⁸⁸
596 5024 760 5080 Hebr.
795 5040 834 5091 ι,
869 5025 923 5080 5.

519 5140 628 5223 (2f?)
663 5140 819 5261 Πέξός
853 5140 1147 5224 ausam.
1181 5137 1274 5195 Sic
1313 5137 1485 5196 Coisl.
1537 5151 1766 5212 uterque
1801 5150 1854 5196 et
1901 5141 2010 5197 duo

519 5228 620 5261 :un.
652 5209 694 5261 E
737 5223 793 5261 ιιι
831 5210 966 5261 πρὸς
992 5210 1212 5261 ἄλληλα.

445 5209 620 5282 Regii.
652 5209 794 5282 Ed‘ili
831 5210 966 5282 προς
992 5210 1212 5281 ἄλληλα.

519 5280 651 5350 (27)-
665 5277 854 5350 Εἶναι.
876 5277 1000 5336 ’ἰίοο
1027 5277 1250 5335 verbum
1281 5279 1519 5336 additum
1545 5294 1608 5336 ex
1636 5287 1763 5335 octo
1793 5295 1926 5335 mss.
1959 5290 2012 5334 et

444 5348 606 5418 Greg.
636 5348 794 5420 Nyss.

514 5419 630 5490 (28)
666 5420 931 5488 Λόγισαι.
977 5419 1083 5490 Pro
1138 5419 1240 5474 hac
1284 5435 1447 5485 voce,
1497 5434 1620 5490 quae
1663 5428 1747 5474 est
1796 5419 1859 5490 in
1889 5427 2014 5490 octo

445 5487 696 5574 nis‘sfet
759 5487 911 5560 apud
975 5489 1168 5561 Nyss.,
1235 5491 1435 5546 habent
1494 5487 1762 5544 editiones
1828 5487 2013 5544 Basilii

443 5573 629 5699 νελὲέθ)
681 5629 1016 5697 Ἰδιότητας.
1055 5629 1223 5700 coisl.
1253 5630 1460 5700 primus
1497 5631 1833 5700 οὑσιότητας.

516 5698 627 5769 (30)
661 5700 1026 5770 Πολύχροον.
1085 5698 1342 5770 Nyssfet
1387 5708 1620 5769 quatuor
1671 5698 1804 5756 mss.
1849 5698 2012 5752 πολύ-

440 5786 560 5842 χρω
567 5787 679 5841 μον.

2119 3326 2295 3380 κοινὸν
2346 3327 2404 3380 ἐν
2455 3329 2522 3397 τῇ
2572 3326 2703 3397 ἁγία
2735 3326 2949 3398 Τριάδι,
2979 3326 3040 3379 τὸ
3072 3325 3128 3378 δὲ
3162 3324 3358 3389 ἰδιάζον
3381 3323 3596 3392 ὁλόγος
3616 3325 3703 3376 ev-

2119 3420 2442 3492 εθεὼρησεν,
2463 3423 2491 3473 ὁ
2519 3420 2618 3491 μὲν
2643 3423 2744 3492 τῆς
2759 3421 3066 3491 κοινότητος
3087 3419 3246 3485 λόγος
3270 3421 3348 3480 εἰς
3367 3417 3464 3488 τὴν
3498 3418 3562 3470 οὐ
3575 3418 3701 3470 τίαν

2119 3513 2398 3582 ἀνάγεται,
2427 3515 2460 3566 ἡ
2486 3512 2541 3565 δὲ
2576 3512 2877 3576 ὑπόστασις
2904 3513 2966 3566 τὸ
2989 3511 3189 3574 ἰδιάζον
3210 3509 3437 3564 ἑκάστου
3461 3507 3703 3579 σημεῖόν

2119 3607 2286 3663 ἔστιν.

2189 3778 2244 3834 6,
2297 3777 2434 3831 Ἀλλ’
2471 3777 2600 3842 ἴσως
2627 3774 2799 3830 οἴεταί
2829 3791 2914 3838 τις
2949 3773 3024 3846 μὴ
3071 3774 3390 3844 συμϐαίνειν
3425 3772 3518 3826 τὸν
3546 3775 3700 3828 ἀπο·

2117 3869 2336 3924 δοθέντα
2379 3869 2506 3938 περὶ
2545 3869 2646 3941 τῆς
2694 3869 3043 3931 ὑποστάσεως
3082 3868 3238 3935 λόγον
3259 3869 3325 3936 τῇ
3354 3866 3563 3937 διανοίᾳ.
3590 3867 3700 3937 τῆς

2118 3962 2213 4014 τοῦ
2237 3962 2556 4015 Ἀποστόλου
2572 3963 2811 4032 γραφῆς,
2831 3960 2890 4014 ὲν
2919 3953 3000 4023 οἷς
3023 3977 3157 4032 φησι
3174 3958 3301 4029 περί
3341 3956 3434 4011 τοῦ
3453 3959 3696 4028 Κυρίου,

2118 4053 2200 4107 δτι
2247 4053 2392 4106 ἐστὶν
2437 4053 2776 4123 ἀπαύγασμα
2819 4052 2919 4121 τῆς
2953 4051 3110 4122 δόξης
3151 4049 3339 4113 αὑτοῦ,
3385 4050 3480 4103 καὶ
3514 4068 3695 4121 χαρα-

2117 4145 2259 4217 κτὴρ
2287 4146 2388 4215 τῆς
2436 4145 2808 4207 ὑποστάσεως.
2851 4144 2916 4196 Εἰ
2961 4143 3070 4215 γὰρ
3101 4143 3395 4197 ὑπόστασιν
3425 4141 3699 4196 ἀποδεδώ-

2119 4254 2294 4306 καμεν
2326 4233 2590 4308 εἶναιτὴν
2634 4237 2938 4309 συνδρομὴν
2972 4236 3083 4289 τῶν
3131 4233 3260 4306 περί
3308 4236 3537 4289 ἕκαστον
3573 4232 3695 4302 (52δ

2121 4327 2442 4397 ἰδιωμάτων,
2471 4329 2806 4398 ὁμολογεῖται
2845 4327 2901 4381 δὲ
2921 4367 2937 4392 ,
2975 4327 3162 4397 ὥσπερ
3209 4326 3302 4380 ἐπὶ
3342 4326 3438 4380 τοῦ
3475 4324 3696 4396 Πατρὺς

2117 4415 2253 4471 εἷναί
2299 4435 2351 4472 τι
2383 4419 2442 4471 τὸ
2483 4419 2789 4484 ἰδιαζόντως
2817 4419 3115 4489 ὲπιθεωρού
3126 4436 3304 4490 μενον,
3327 4420 3393 4473 δι’
3422 4411 3482 4472 οὗ
3517 4417 3686 4489 μόνος

2119 4511 2565 4580 ἐπιγινώσκεται,
2608 4513 2750 4568 κατὰ
2780 4513 2872 4566 τὸν
2900 4513 3062 4567 αὑτὸν
3101 4512 3157 4565 δὲ
3189 4511 3390 4582 τρόπον
3429 4509 3525 4565 καὶ
3559 4509 3697 4582 περὶ

2119 4602 2212 4656 τοῦ
2245 4603 2582 4672 Μονογενοῦς
2625 4604 2688 4658 τὸ
2728 4605 2842 4657 ἴσον
2888 4603 3204 4658 πιστεύεται
3235 4600 3382 4672 (55)·
3436 4600 3553 4664 πῶς
3600 4603 3693 4655 tv-

2117 4693 2293 4748 ταῦθα
2341 4694 2403 4747 τὸ
2444 4696 2543 4766 τῆς
2571 4696 2924 4760 ὑποστάσεως
2975 4696 3147 4766 θνομα
3188 4693 3266 4764 τῷ
3315 4693 3489 4764 Πατρὶ
3541 4691 3694 4762 μόνῳ

2120 4790 2531 4858 προσμαρτυρεῖ
2576 4789 2609 4859 ὴ
2661 4788 2870 4859 Γραφὴ,
2901 4787 2994 4840 τὸν
3024 4787 3080 4840 δὲ
3119 4787 3249 4840 Υίὸν
3283 4784 3492 4856 μορφὴν
3541 4783 3694 4852 λέγει

2118 4875 2219 4946 τῆς
2248 4878 2615 4942 ὑποστάσεως,
2657 4879 2756 4932 οὑκ
2787 4881 2845 4933 ὲν
2876 4879 3044 4943 ἰδίοις,
3085 4878 3199 4930 ἀλλ’
3228 4878 3287 4929 ὲν
3317 4879 3426 4941 τοῖς
3458 4875 3550 4929 τοῦ
3578 4876 3696 4930 Πα-

2332 5138 2455 5220 fet”:
2481 5138 3222 5220 gaei'oltérov.h8ic.onine§,
3254 5150 3306 5220 et
3336 5139 3493 5199 NVSS.
3541 5140 3690 5220 Egit.

2117 5207 2300 5264 Basilii
2326 5209 2483 5278 ἄνθος
2506 5211 2846 5278 φαινόμενον.
2876 5207 3118 5265 Subinde
3150 5210 3300 5265 Harl.
3331 5221 3384 5266 et
3418 5228 3560 5266 unus
3584 5210 3691 5268 Be—

2119 5281 2239 5349 gius
2296 5280 2369 5350 μὴ
2417 5277 2757 5351 ξενοπαθεῖν,
2806 5281 3241 5351 quae_scrip'tura
3284 5281 3444 5351 longe
3497 5283 3692 5337 melior

2118 5348 2456 5435 qiram'quod
2496 5350 2693 5435 legitur
2733 5353 2876 5435 apud
2913 5348 3096 5435 greg‘.‘
3122 5349 3285 5421 Nyss.
3323 5348 3405 5435 μῆ
3429 5367 3693 5408 καινοπα-

2120 5419 2250 5478 θεῖν,
2283 5427 2336 5473 et
2367 5420 2417 5472 in
2445 5419 2777 5474 editionibus
2803 5419 2986 5474 Basilii
3019 5420 3090 5491 μὴ
3113 5419 3452 5475 κε’νοπαθείν.

2111 5555 2117 5560 _
2190 5489 2301 5560 (5'2)
2333 5489 2762 5560 Περὶὲκιιστον.
2787 5487 2864 5542 lta
2897 5499 3100 5559 septem
3127 5491 3362 5546 codices.
3394 5489 3536 5548 Editi
3564 5489 3694 5560 mp!

2119 5559 2370 5641 Extis-too:
2407 5559 2610 5614 Ibidem
2638 5567 2694 5614 et
2732 5560 2928 5641 iterum
2966 5562 3126 5641 paulo
3170 5569 3291 5630 post
3317 5563 3448 5618 editi
3477 5560 3632 5632 ὡμολ

2118 5645 2300 5699 γηται.
2329 5627 2546 5699 Septem
2575 5645 2710 5686 mss.
2736 5635 2798 5699 ut
2831 5631 2884 5683 in
2911 5627 3190 5684 contextu.
3343 5698 3346 5699 ν
3377 5670 3381 5674 .

2188 5697 2298 5771 (55)
2338 5697 2704 5756 Hieremiam.
2734 5697 3045 5771 Legendum
3075 5698 3442 5755 πιστεύεσθαι.
