3886 6220
194 281 325 342 337

1133 293 1624 358 EPISTOLABUM
1654 300 1942 359 ειΑδενιε
1977 301 2277 363 1.,ΕΡ15Τ.
2315 305 2598 362 XXXVIII.

3390 307 3494 363 338

195 395 349 468 1:96;
377 402 733 493 γνωρίσμασι
772 411 1346 484 χαρακτηριζόμενονξ
1375 416 1442 470 El
1472 416 1582 490 γὰρ
1614 421 1647 489 ἡ
1681 419 1813 472 ὑπό-

1920 420 2194 489 proprlum
2247 422 2586 477 exsistentia:
2630 419 3068 492 uniuscujusque
3108 421 3324 493 signum
3365 429 3491 491 est;

203 504 422 584 σξασις
462 492 781 584 τὸμὶδιάξον
834 500 932 569 τῆς
981 503 1238 569 ἑκάστου,
1262 506 1549 579 ὑπάρξεως
1591 512 1814 584 σημεῖόν

205 574 365 642 ἐδτι,
399 577 499 634 τοῦ
530 580 589 634 δὲ
621 584 839 657 Πατρδς
868 586 996 642 ἴδιον
1028 590 1089 644 τὸ
1114 574 1424 663 ἀγεννήτιος
1452 592 1590 648 εἶναι

207 670 433 738 τεῖται,
466 673 832 746 μεμόρφωται
862 677 919 730 δὲ
951 679 980 732 6
1014 676 1142 744 Υἱὸς
1164 684 1278 744 τοῖς
1304 682 1398 736 τοῦ
1437 684 1650 755 Πατρὸς
1677 683 1818 741 laus.

214 775 398 829 μασιν
420 777 437 792 ’
469 763 580 836 ἄρα
613 766 798 820 οὐκέτι
832 768 1078 841 διαμένει
1109 773 1188 844 τῷ
1229 774 1405 848 Πατρὶ
1449 777 1569 829 κατ’
1601 776 1815 848 ἐξαίρε-

211 865 321 904 τον
367 853 462 905 ἐπ’
489 855 654 909 αὐτοῦ
700 858 869 928 μόνου
905 860 966 914 τὸ
1006 863 1305 936 ἀγέννητον
1349 866 1625 937 λέγεσθαι,
1658 867 1829 940 εῐπερ.

213 940 307 1012 τῷ
335 943 598 1010 ἰδιάζοντι
621 946 716 1001 τοῦ
751 950 962 1022 Πατρὸς
991 953 1025 1024 ἡ
1048 955 1145 1009 τοῦ
1169 954 1512 1026 Μονογενοῦς
1540 974 1817 1030 χαρακτη-

219 1032 448 1104 ρίζεται
480 1036 736 1111 ὖπαρξις.

304 1125 355 1181 7.
414 1129 557 1185 Ἀλλ’
595 1134 757 1205 ἡμεῖς
806 1136 963 1192 τοῦτό
1009 1156 1216 1210 φαμεν,
1259 1141 1340 1195 ὅτι
1389 1141 1576 1214 ἕτερον
1621 1143 1820 1214 πληροῖ

222 1219 443 1275 σκοπὸν
489 1224 726 1280 ἐνταῦθα
777 1228 855 1301 τῷ
912 1230 1220 1304 ’Δποστόλῳ
1262 1235 1291 1288 6
1344 1232 1501 1302 λόγος
1525 1272 1542 1298 ν
1588 1233 1726 1305 πρὸς
1757 1233 1817 1288 δν

219 1307 455 1377 βλέπων
519 1314 746 1380 ταύταις
810 1319 1081 1392 ἐχρήσατο
1150 1325 1271 1388 ταῖς
1334 1327 1540 1394 φωναῖς
1562 1364 1577 1389 ,
1658 1317 1817 1396 δόξης

219 1398 579 1485 ᾁπαύγασμα
635 1406 832 1475 λέγων,
891 1411 985 1464 καὶ
1043 1413 1369 1485 χαρακτῆρα
1424 1415 1811 1477 ὑποστάσεως²

221 1484 405 1562 ὅνπερ
448 1492 479 1544 6
524 1493 767 1567 ἀκριϐῶς
812 1500 1012 1569 νοήσας
1052 1501 1205 1555 οὐδὲν
1264 1503 1485 1575 εὑρήσει
1522 1506 1638 1567 τοῖς
1684 1505 1815 1575 παρ’

224 1578 393 1649 ἡμῶν
422 1585 734 1656 εἰρημένοις
767 1592 1094 1662 μαχόμενον,
1129 1592 1245 1647 ἀλλ’
1282 1593 1374 1647 ent
1406 1611 1552 1659 τινος
1584 1595 1817 1660 ἰδιαζού-

228 1687 337 1743 ut;
379 1676 597 1741 ἑννοίας
648 1681 743 1734 τὸν
787 1682 944 1751 λόγον
982 1681 1387 1757 διεξαγόμενον.
1422 1687 1496 1739 Οὑ
1529 1685 1637 1757 γὰρ
1667 1686 1815 1751 ὅπως

1917 508 2101 565 Patris
2130 517 2316 566 autem
2344 511 2629 582 proprium
2654 510 2791 567 illud
2822 524 2966 579 esse,
3000 518 3061 566 ut
3084 510 3367 581 ingenitus
3395 512 3491 577 sit,

1916 602 2200 671 explorata
2243 616 2334 658 res
2370 609 2479 669 est,
2521 616 2588 658 ac
2628 600 2812 658 Patris
2844 610 3030 659 tamen
3066 601 3495 673 proprietatibus

1917 691 2092 751 Filius
2144 693 2414 762 ﬁguratur
2467 707 2533 749 ac
2578 692 2939 766 designatur;
2993 693 3163 765 igitur
3218 704 3330 748 non
3380 694 3495 764 jam

1918 782 2202 852 proprium
2251 783 2388 839 illud
2434 782 2584 839 Patri
2626 792 2833 849 manet,
2869 792 2930 838 ut
2971 785 3124 841 solus
3162 782 3380 839 dicatur
3406 783 3497 837 in-

1916 873 2157 942 genitus,
2220 872 2492 941 siquidem
2522 871 2728 942 Patris
2776 872 3110 944 proprietate
3150 870 3272 943 ipsa
3328 870 3495 926 etiam

1922 964 2201 1040 Unigeniti
2229 965 2554 1023 exslstentia
2592 965 2933 1037 designatur.

1986 1145 2043 1203 7.
2077 1145 2186 1201 Sed
2229 1159 2330 1200 nos
2360 1143 2465 1198 hoc
2491 1141 2756 1206 dicimus,
2791 1140 2861 1198 ad
2890 1140 3038 1197 aliud
3076 1140 3182 1197 hoc
3214 1139 3340 1195 loco
3366 1152 3494 1210 pro-

1919 1238 2159 1308 positum
2210 1244 2467 1307 spectare
2513 1233 2763 1305 Apostoli
2828 1232 3172 1296 orationem,
3222 1229 3291 1286 ad
3345 1228 3495 1300 quod

1917 1328 2217 1399 respiciens
2272 1327 2359 1383 bis
2398 1341 2534 1383 usus
2582 1314 2672 1381 est
2714 1325 2965 1386 vocibus,
3013 1322 3201 1395 gloriae
3235 1320 3498 1392 splendod

1915 1432 2030 1474 rem
2055 1456 2071 1482 ,
2113 1419 2334 1482 dicens,
2381 1428 2437 1473 et
2478 1416 2797 1489 hypostasis
2835 1416 3103 1487 ﬁguram:
3157 1414 3306 1487 quod
3361 1428 3492 1485 pro-

1916 1510 2157 1582 positum
2205 1509 2253 1564 si
2303 1508 2431 1579 quis
2491 1508 2786 1578 diligenter
2842 1504 3298 1570 consideraverit,
3345 1503 3494 1559 nihil

1916 1600 2152 1670 reperiet
2194 1599 2281 1654 his
2320 1614 2445 1670 quae
2476 1598 2717 1655 diximus
2759 1598 3124 1664 contrarium,
3155 1598 3251 1652 sed
3281 1612 3494 1653 sermo-

1914 1707 2042 1747 nem
2085 1691 2152 1747 ad
2207 1690 2540 1761 singularem
2588 1690 2885 1761 quamdam
2940 1689 3219 1745 notionem
3270 1704 3498 1746 revocas

221 1765 567 1840 διακριθεῖεν
591 1772 685 1826 ἀπ’
720 1774 966 1847 ἀλλήλων
994 1779 1050 1831 αἱ
1075 1778 1402 1842 ὑποστάσεις
1433 1778 1522 1831 διὰ
1558 1777 1665 1832 τῶν
1698 1779 1805 1831 ὲπι-

1923 1793 2058 1838 tum.
2097 1781 2215 1838 Non
2257 1784 2404 1838 enim
2454 1792 2515 1839 ut
2558 1782 2882 1855 hypostases
2932 1783 3076 1838 inter
3117 1794 3176 1837 se
3212 1796 3278 1837 ex
3319 1781 3495 1851 signis

226 1861 578 1930 φαινομένων
620 1866 885 1938 σημείων,
922 1871 951 1923 6
983 1870 1337 1935 ἀποστολικὺς
1370 1869 1815 1942 πραγματεύεται

225 1949 413 2019 λόγος,
442 1953 559 2007 ἀλλ’
585 1957 735 2023 ὅπως
765 1959 829 2013 τὸ
862 1962 1083 2033 γνήσιόν
1122 1980 1183 2016 τε
1226 1962 1324 2016 καὶ
1368 1962 1693 2016 ἀδιάστατον
1722 1963 1817 2015 καὶ

224 2046 581 2115 συνημμένον
612 2048 714 2119 τῆς
743 2051 839 2104 τοῦ
870 2052 1000 2107 Υιοῦ
1034 2054 1171 2125 πρὸς
1201 2054 1295 2107 τὸν
1327 2053 1546 2124 Πατέρα
1578 2052 1817 2125 σχέσεως

226 2136 477 2208 νοηθείη.
528 2140 612 2204 Ὦς
642 2141 751 2214 γὰρ
781 2144 885 2198 οὐκ
921 2143 1095 2211 εἶπεν,
1134 2149 1239 2212 Ὃς
1263 2144 1350 2200 ὢν
1377 2145 1528 2211 δόξα
1557 2145 1664 2200 τοῦ
1695 2148 1816 2199 Πα-

222 2227 373 2295 τρός
408 2229 674 2302 (καίτοιγε
724 2235 785 2288 τὸ
815 2235 1013 2308 ἀληθὲς
1037 2237 1211 2302 οὕτως
1254 2237 1412 2309 ἔχει),
1461 2237 1618 2301 ἀλλὰ,
1657 2236 1817 2291 τοῦτο

222 2321 560 2391 παραλιπὼν
591 2324 668 2389 ὡς
714 2327 1167 2401 ὁμολογούμενον,
1196 2330 1258 2384 τὸ
1285 2331 1360 2402 μὴ
1406 2329 1536 2385 ἄλλο
1562 2347 1617 2385 τι
1657 2328 1815 2399 δόξης

227 2406 371 2476 εἶδος
399 2413 496 2467 ἐπὶ
524 2415 621 2469 τοῦ
654 2418 890 2490 Πατρδς,
924 2423 1018 2473 καὶ
1052 2421 1240 2493 ἕτερον
1264 2423 1357 2475 ἐπὶ
1383 2420 1478 2476 τοῦ
1508 2421 1641 2476 Υἱοῦ
1677 2424 1814 2475 νοεῖν

223 2498 524 2570 δεδάσκων,
557 2507 732 2580 αὐτῆς
761 2509 864 2581 τῆς
901 2511 995 2566 τοῦ
1023 2512 1238 2585 Πατρὸς
1272 2512 1430 2584 δόξης
1475 2513 1814 2585 ἀπαύγασμα

226 2596 327 2666 τὴν
374 2595 472 2651 τοῦ
518 2599 857 2669 Μονογενοῦς
900 2602 1193 2675 διορίζεται
1234 2605 1411 2672 δόξαν,
1458 2606 1519 2659 τὸ
1560 2605 1815 2659 ἀδιαστά-

227 2705 339 2752 τως
367 2688 481 2759 (54)
518 2695 953 2750 συνεπινοείσθαι
996 2695 1076 2767 τῷ
1113 2698 1290 2769 Πατρὶ
1335 2697 1428 2752 τὸν
1465 2698 1593 2752 Υἱὺν
1640 2715 1813 2753 κατα-

226 2782 517 2846 σκευάζων
561 2786 626 2838 ὲκ
668 2785 763 2840 τοῦ
804 2787 947 2841 κατὰ
986 2789 1048 2843 τὸ
1091 2788 1208 2859 φῶς
1242 2790 1658 2862 ὐποδείγματος.
1727 2791 1815 2855 Ὧς

231 2874 343 2943 γάρ
364 2875 434 2927 ὲκ
458 2874 561 2944 τῆς
587 2876 786 2945 φλογὸς
821 2879 921 2949 μὲν
945 2880 980 2951 ἡ
1008 2879 1173 2951 αὐγὴ,
1202 2881 1264 2933 οὐ
1296 2882 1403 2952 μὴν
1434 2882 1638 2953 ὑστέρα
1677 2882 1816 2953 μετὰ

228 2966 334 3035 τὴν
367 2966 544 3035 φλόγα
571 2967 723 3021 ἐστὶν
766 2971 801 3040 ἡ
850 2969 1014 3042 αὐγὴ,
1053 2971 1171 3026 ἀλλ’
1194 2971 1330 3044 ὁμοῦ
1377 2989 1438 3026 τε
1480 2975 1514 3044 ἡ
1547 2973 1679 3043 φλὸξ
1721 2975 1817 3028 άν-

226 3057 469 3128 ἐλαμψε,
506 3061 597 3113 καὶ
625 3061 1053 3134 συναπηυγάοθη
1098 3064 1159 3118 τὸ
1205 3064 1353 3134 φῶς’
1382 3064 1524 3120 οὕτω
1570 3066 1815 3138 βούλεται

231 3118 429 3203 καὶ-ὲκ
454 3118 554 3205 τοῦ
594 3152 809 3225 Πατρὸς
826 3118 839 3131 ⁸
867 3118 966 3225 risv
996 3118 1090 3209 τόν
1143 3118 1271 3209 Υἱδν
1297 3118 1817 3231 ’νοεῖσθαιῖούῃιιῆν
1843 3118 1886 3176 C

236 3242 546 3315 πρατάσει
574 3245 679 3298 τινὶ
710 3244 1109 3318 διαστηματικῇ
1134 3248 1234 3318 τῆς
1265 3248 1358 3302 τοῦ
1401 3249 1614 3320 Πατρὺς
1640 3249 1816 3321 ὑπάρ-

240 3330 378 3397 ξεως
401 3333 499 3386 τὸν
521 3335 798 3407 Μονογενῆ
831 3336 1183 3408 διορίζεσθαι,
1213 3338 1330 3392 ἀλλ’
1362 3340 1451 3394 ἀεὶ
1475 3339 1552 3411 τῷ
1577 3339 1734 3413 αἰτίῳ
1756 3340 1818 3394 τὸ

237 3422 301 3490 ἐξ
360 3425 530 3480 αὑτοῦ
594 3429 1118 3500 συνυπολαμῦάνειν.
1167 3431 1324 3487 Κατὰ
1372 3430 1466 3486 τὸν
1516 3432 1679 3487 αὑτὸν
1723 3428 1817 3487 οὖν

237 3518 480 3586 τρόπον,
536 3516 727 3590 ὥσπερ
773 3521 1163 3592 δφερμηνεύιον
1219 3522 1311 3574 τὸν
1375 3522 1818 3594 προαποδοθέντα

240 3606 390 3671 νοῦν,
421 3609 520 3661 καὶ
565 3609 916 3672 ὑποστάσεως
960 3610 1286 3681 χαρακτῆρά
1333 3627 1468 3681 φησι
1520 3612 1664 3683 (55),
1704 3616 1817 3678 τοῖς

240 3703 579 3770 σωματικοῖς
616 3702 764 3772 ἡμᾶς
793 3701 1152 3772 ὑποδείγμασι
1194 3702 1332 3773 πρὸς
1379 3702 1479 3775 τὴν
1514 3703 1623 3757 τῶν
1653 3703 1819 3773 ἀορά-

238 3809 353 3845 των
386 3794 742 3865 χειραγωγῶν
767 3797 1114 3867 κατανόησιν.
1153 3798 1240 3860 Ὧς
1269 3798 1378 3870 γὰρ
1410 3796 1470 3850 τὸ
1501 3797 1658 3870 σῶμα
1682 3797 1817 3852 πάν-

238 3898 349 3945 τως
380 3884 527 3937 ἐστὶν
576 3885 635 3938 ἐν
682 3886 944 3957 σχήματι,
977 3886 1093 3941 ἀλλ’
1125 3887 1307 3959 ἕτερος
1351 3887 1451 3958 μὲν
1495 3889 1524 3941 ὁ
1554 3886 1648 3941 τοῦ
1688 3886 1818 3959 αἴθ’

243 3990 434 4045 ματος,
462 3974 649 4048 ἔτερος
678 3976 737 4030 δὲ
763 3980 792 4031 6
830 3976 924 4032 τοῦ
959 3977 1208 4048 σώματος
1252 3978 1437 4048 λόγος·
1482 3979 1579 4034 καὶ
1620 3979 1723 4034 οὐκ
1746 3980 1818 4034 ἄν

238 4084 325 4129 τις
374 4067 660 4132 ἀποδιδοὺς
706 4069 800 4122 τὸν
847 4071 1108 4142 ἑκατέρου
1157 4070 1365 4126 τούτων
1420 4071 1647 4144 ὁρισμὸν
1701 4088 1821 4125 συν-

240 4160 485 4231 ενεχθεξη
506 4159 584 4231 τῷ
629 4146 758 4233 ἓ-..ερὶ
788 4161 881 4216 τοῦ
911 4163 1099 4235 ἑτέρου
1120 4180 1133 4194 ·
1172 4163 1311 4235 πλὴν
1349 4163 1506 4229 ἀλλὰ,
1535 4164 1639 4219 κᾶν
1674 4164 1818 4235 λόγῳ

239 4249 525 4325 διακρίνῃς
548 4252 610 4306 τδ
642 4254 827 4324 σχῆμα
850 4252 946 4308 τοῦ
972 4253 1244 4325 σώματος,
1271 4258 1305 4329 ἡ
1354 4257 1515 4327 φύσις
1552 4261 1613 4312 οὐ
1641 4276 1820 4332 παραμ-

243 4342 456 4411 δέχεται
500 4344 601 4414 τὴν
652 4344 957 4418 διάκρισιν,
1010 4348 1148 4401 ἀλλὰ
1214 4350 1573 4421 συνημμένως
1616 4354 1817 4406 νοεῖται

1917 1876 2234 1946 conspicuis
2264 1882 2649 1940 secernantur,
2689 1874 2991 1946 apostolica
3030 1872 3341 1930 instituitur
3367 1887 3498 1927 ora-

1917 1968 2017 2034 tio,
2048 1968 2146 2025 sed
2181 1976 2242 2024 ut
2263 1969 2500 2038 genuina
2527 1967 2875 2039 indivisaque
2917 1974 2974 2024 et
3014 1967 3334 2023 consociata
3365 1964 3495 2020 Filii

1916 2062 1988 2118 ad
2054 2061 2277 2119 Patrem
2341 2064 2537 2120 relatio
2593 2062 2951 2133 intelligatur.
3026 2057 3495 2125 Quemadmodum

1915 2156 2062 2209 enim
2117 2170 2227 2211 non
2269 2155 2427 2219 dixit,
2495 2154 2601 2221 Qui
2628 2165 2700 2207 est
2731 2153 2903 2222 gloria
2933 2151 3115 2208 Patris
3156 2150 3495 2222 (quanquam

1915 2246 2121 2302 veritus
2177 2247 2254 2300 ita
2303 2260 2365 2301 se
2423 2244 2631 2316 habet),
2688 2244 2806 2307 sed,
2860 2243 2964 2298 hoc
3005 2240 3380 2315 praetermisso
3434 2246 3498 2294 ut

1917 2337 2227 2406 explorato,
2266 2349 2375 2390 non
2409 2335 2576 2390 aliam
2619 2332 2911 2404 quamdam
2943 2332 3133 2403 gloriae
3169 2328 3410 2401 speciem
3436 2328 3496 2383 in

1915 2425 2098 2488 Patre.
2141 2435 2196 2482 et
2234 2427 2396 2481 aliam
2441 2427 2495 2481 in
2533 2424 2676 2481 Filio
2722 2424 3070 2495 cogitandam
3109 2435 3231 2479 esse
3265 2419 3494 2483 docens.

1915 2515 2092 2587 ipsius
2142 2516 2320 2572 Patris
2391 2516 2580 2585 gloriae
2639 2513 2983 2584 splendorem
3035 2526 3161 2568 esse
3212 2507 3494 2580 Unigeniti

1914 2609 2144 2679 gloriam
2176 2608 2427 2665 decernit
2462 2624 2479 2674 ;
2518 2623 2587 2662 ex
2624 2606 2773 2661 lucis
2805 2602 3056 2674 exemplo
3089 2598 3400 2672 perﬁciens,
3431 2603 3496 2653 ut

1919 2701 2073 2771 121
2091 2700 2261 2757 Filius
2288 2714 2413 2755 cum
2444 2698 2608 2754 Patre
2635 2697 2870 2754 indivise
2901 2694 3259 2765 intelligatur.
3289 2690 3493 2759 Quem-

1914 2793 2208 2849 admodum
2246 2793 2392 2849 enim
2439 2807 2506 2849 ex
2555 2790 2771 2846 ﬂamma
2821 2788 3044 2861 quidem
3084 2785 3366 2857 splendor,
3397 2797 3495 2838 ne-

1914 2900 2022 2956 que
2055 2893 2237 2941 tamen
2279 2885 2497 2939 ﬂamma
2528 2882 2822 2953 posterior,
2854 2879 2951 2936 sed
2985 2879 3150 2935 simul
3196 2885 3255 2933 ut
3293 2874 3498 2932 eﬁ'ulsit

1915 2971 2154 3034 ﬂamma,
2186 2973 2352 3029 etiam
2405 2973 2498 3026 lux
2553 2971 2720 3026 simul
2794 2968 3136 3040 resplenduit
3179 2982 3196 3034 ;
3248 2967 3330 3024 sic
3377 2966 3495 3022 vult

1919 3065 2086 3120 etiam
2127 3079 2195 3119 ex
2246 3064 2413 3118 Patre
2462 3063 2682 3133 quidem
2740 3060 2939 3116 Filium
2994 3058 3256 3130 intelligi,
3314 3070 3495 3127 neque

1917 3163 2103 3210 tamen
2144 3155 2256 3210 ulla
2305 3155 2580 3209 intervalli
2630 3153 2895 3208 distantia
2939 3167 2970 3207 a
3009 3150 3194 3206 Patris
3221 3150 3497 3207 exsisten-

1917 3247 1999 3300 tia
2032 3244 2387 3316 Unigenitum
2409 3244 2626 3308 dirimi,
2660 3244 2756 3299 sed
2786 3258 3004 3314 semper
3031 3257 3140 3297 una
3168 3255 3296 3297 cum
3324 3253 3495 3295 causa

1919 3336 1973 3392 id
2001 3335 2147 3407 quod
2184 3351 2251 3391 ex
2296 3348 2466 3391 causa
2514 3341 2604 3390 est
2649 3334 2889 3405 concipi.
2933 3331 3197 3388 Eumdem
3237 3332 3402 3403 igitur
3424 3330 3494 3384 ad

1917 3428 2166 3492 modum,
2211 3426 2382 3481 veluti
2420 3427 2751 3482 sententiam
2794 3426 2949 3496 prius
2984 3425 3286 3496 expositam
3319 3422 3494 3477 inter-

1917 3525 2162 3588 pretans,
2184 3518 2348 3574 etiam
2362 3516 2678 3588 hypostasis
2700 3515 3096 3586 ﬁguramdicit,
3114 3510 3493 3583 corporalibus

1914 3626 2019 3667 nos
2034 3612 2303 3681 exemplis
2316 3610 2385 3666 ad
2410 3609 2767 3665 invisibilium
2785 3622 2951 3663 manu
2966 3607 3174 3663 ducens
3193 3603 3494 3674 intelligen-

1918 3704 2075 3759 tiam.
2114 3701 2586 3769 Quemadmodum
2616 3700 2763 3757 enim
2795 3699 2900 3756 etsi
2929 3713 3131 3769 corpus
3175 3696 3401 3752 omnino
3433 3695 3494 3749 in

1914 3793 2088 3866 ﬁgum
2118 3801 2234 3858 est,
2274 3794 2383 3848 alia
2427 3793 2638 3864 ﬁgurae,
2683 3792 2791 3846 alia
2836 3789 3088 3862 corporis
3128 3788 3295 3855 ratio,
3335 3801 3403 3840 ac
3442 3784 3493 3841 si

1918 3888 2049 3958 quis
2100 3876 2373 3943 utriusvis
2424 3885 2622 3941 horum
2670 3884 2851 3941 tradat
2879 3883 3276 3946 deﬁnitionem,
3313 3879 3494 3935 neuti-

1918 3992 2088 4051 quam
2122 3978 2182 4035 in
2212 3992 2334 4035 eam
2365 3994 2489 4050 qum
2523 3978 2752 4035 alterius
2781 3984 2865 4033 est
2893 3976 3098 4031 incidat
3126 3991 3141 4042 ;
3178 3974 3271 4031 sed
3311 3980 3494 4029 tamen

1918 4071 2140 4129 etiamsi
2178 4072 2394 4127 ratione
2427 4070 2656 4141 ﬁguram
2686 4084 2717 4122 a
2745 4082 2975 4137 corpore
3006 4066 3358 4132 discreveris,
3390 4079 3494 4120 ua-

1916 4171 2044 4218 tura
2089 4178 2199 4218 non
2239 4161 2482 4217 admittit
2528 4160 2945 4225 discretionem,
2981 4157 3080 4217 sed
3107 4160 3338 4215 alterum
3366 4172 3496 4213 cum

1921 4256 2097 4310 altero
2143 4254 2499 4335 conjunctim.
2528 4252 2850 4322 intelligitur
2903 4270 2916 4306 :
2965 4252 3041 4307 ita
3074 4266 3193 4308 rem
3233 4248 3496 4322 explicari

1918 4354 2176 4418 oportere
2217 4354 2408 4401 censet
2443 4345 2740 4414 Apostolus
2771 4344 3054 4414 :quamvis
3084 4342 3209 4399 ﬁdei
3244 4341 3496 4398 doctrina

245 4435 387 4506 μετὰ
410 4433 508 4488 τοῦ
533 4436 721 4507 ἑτέρου
751 4437 813 4491 τὸ
841 4438 1051 4510 ἕτερον·
1079 4438 1250 4503 οὕτως
1276 4440 1446 4495 οἴεται
1464 4442 1570 4495 δεῖν
1596 4444 1626 4496 6
1662 4444 1820 4497 Ἀπό-

1924 4439 2267 4494 inconiusam
2302 4451 2366 4492 ac
2407 4437 2702 4493 discretam
2730 4435 2922 4491 doceat
2959 4436 3341 4508 hypostasewn
3389 4434 3496 4490 dif-

243 4524 448 4590 στόλος,
483 4526 591 4580 κᾶν
616 4529 645 4581 6
684 4529 783 4600 τῆς
809 4529 1042 4594 πίστεως
1069 4530 1226 4600 λόγος
1250 4531 1554 4604 ἁσύγχυτον
1578 4534 1673 4589 καὶ
1702 4534 1817 4608 διῃ-

244 4618 491 4690 ρημένην
511 4618 622 4690 (56)
642 4620 742 4691 τὴν
765 4620 875 4676 τῶν
901 4622 1251 4677 ὑποστάσεων
1280 4622 1507 4699 διδάσκῃ
1533 4626 1817 4697 διαφορὰν,

241 4709 379 4764 ἀλλὰ
408 4712 503 4764 καὶ
532 4711 594 4766 τὸ
627 4714 897 4785 προσεχὲς
928 4716 1022 4770 καὶ
1046 4717 1208 4769 οἱονεὶ
1239 4718 1483 4788 συμφυὲς
1521 4718 1615 4772 τοῦ
1644 4720 1818 4773 Μονο-

241 4802 434 4871 γενοῦς
478 4804 617 4877 πρὸς
655 4805 748 4860 τὸν
792 4806 1015 4879 Πατέρα
1056 4808 1143 4862 διὰ
1190 4808 1299 4863 τῶν
1334 4809 1640 4882 εἰρημένων
1688 4827 1821 4881 παρα

246 4894 462 4971 ίστησιν
497 4898 612 4970 (37)
632 4916 648 4930 ·
672 4898 770 4970 οὐχ
794 4898 871 4964 ὡς
894 4902 993 4955 οὐκ
1019 4900 1171 4966 ὄντος
1201 4900 1259 4955 ὲν
1284 4902 1576 4956 ὑποστάσει
1604 4904 1697 4957 καὶ
1723 4903 1818 4957 τοῦ

242 4988 609 5060 Μονογενοῦς,
667 4990 784 5045 ἀλλ’
810 4991 887 5056 ὡς
949 4992 1009 5046 οὐ
1068 4993 1504 5065 παραδεχομένου
1552 4995 1822 5066 μεσότητά

244 5097 368 5134 τινα
402 5081 503 5152 τῆς
546 5082 740 5137 ἑαυτοῦ
784 5082 922 5155 πρὸς
956 5083 1047 5139 τὸν
1093 5085 1313 5156 Πατέρα
1360 5084 1641 5151 ένώσεως’
1678 5085 1820 5140 ὥστε

242 5174 338 5227 τὸν
360 5173 442 5245 τῷ
465 5175 771 5247 χαρακτῆρι
792 5175 886 5230 τοῦ
912 5175 1246 5245 Μονογενοῦς
1266 5177 1357 5231 διὰ
1386 5177 1495 5232 τῶν
1518 5177 1619 5249 τῆς
1644 5177 1821 5251 ψυχῆς

316 5370 433 5471 ςερι)
473 5370 543 5425 Τὸ
567 5370 958 5440 ἀδιαστὰτως.
996 5370 1164 5430 Coisl.
1196 5374 1408 5445 primus
1451 5374 1512 5427 τὸ
1557 5374 1822 5430 ἀδιασπά-

248 5457 431 5584 Ἒέ)
458 5513 634 5584 Φῃσι,
663 5509 741 5566 ita
769 5529 865 5568 sex
900 5529 1033 5569 mss.
1066 5528 1167 5584 pro
1195 5529 1261 5568 eo
1287 5513 1432 5583 quod
1470 5522 1587 5569 erat
1621 5516 1676 5570 in
1699 5514 1820 5571 edi-

244 5581 472 5704 tisépg;
503 5580 669 5637 Paulo
700 5592 842 5666 post.
872 5584 1040 5640 editio
1069 5580 1459 5654 'Haganoensis
1491 5584 1554 5637 Et
1592 5585 1699 5657 γὰρ
1744 5587 1819 5668 τί.

246 5650 381 5704 Alta:
450 5669 479 5704 υ
502 5653 610 5704 γὰο
630 5653 710 5704 τό.
741 5652 992 5704 Oumnue
1022 5669 1155 5704 mss-
1182 5661 1239 5704 et
1262 5652 1422 5704 Grec.
1472 5651 1632 5704 sts-
1674 5664 1733 5704 ιιι
1763 5673 1819 5704 ιη

246 5650 381 5705 Aliae
404 5650 479 5704 Οὐ
502 5653 610 5726 γὰρ
630 5650 713 5708 τός
741 5652 992 5724 Quinque
1022 5669 1155 5712 mss.
1175 5650 1239 5711 et
1262 5652 1422 5727 Greg.
1472 5650 1632 5726 Nysa.
1667 5650 1733 5712 ἰιι
1763 5657 1820 5715 in

246 5729 521 5776 ωιιωιιιι.

1922 4532 2234 4597 ferentiam,
2266 4532 2626 4588 nihilominus
2658 4539 2838 4587 tamen
2869 4530 3143 4603 Unigeniti
3170 4530 3333 4586 etiam
3368 4542 3494 4583 cum

1926 4622 2092 4680 Patre
2117 4624 2506 4680 cohaerentiam
2535 4641 2598 4680 ac
2630 4624 2794 4681 veluti
2827 4624 3232 4697 concretionem
3265 4621 3352 4676 his
3373 4634 3495 4676 ver-

1921 4712 2008 4769 bis
2052 4714 2339 4779 declarat;
2371 4730 2482 4769 non
2516 4714 2663 4784 quod
2712 4716 2767 4769 in
2816 4713 3093 4785 bypostasi
3128 4724 3344 4781 quoque
3381 4723 3492 4763 non

1920 4808 1994 4863 sit
2033 4806 2382 4878 Unigenitus,
2436 4809 2534 4864 sed
2591 4808 2734 4877 quod
2764 4808 2818 4861 in
2859 4820 2961 4862 sua
3004 4819 3128 4859 cum
3159 4802 3320 4857 Patre
3358 4814 3494 4856 con-

1917 4897 2208 4969 junctione
2237 4899 2377 4955 nihil
2406 4899 2646 4954 medium
2674 4897 2949 4962 admittat,
2984 4895 3120 4952 adeo
3150 4903 3210 4950 ut
3241 4894 3494 4966 quisquis

1921 4990 2088 5046 animi
2146 4991 2325 5048 oculis
2385 4991 2666 5057 Unigeniti
2722 4991 3094 5047 characterem
3148 4987 3354 5042 intente
3407 5002 3483 5042 re-

1920 5082 2185 5155 spexerit,
2214 5085 2401 5138 veniat
2429 5084 2594 5139 etiam
2628 5084 2687 5138 in
2732 5081 3047 5155 hypostasis
3079 5077 3263 5134 Patris
3293 5077 3495 5134 intelli-

1919 5174 2160 5245 gentiam
2189 5191 2205 5241 ;
2232 5188 2345 5229 non
2386 5181 2569 5228 tamen
2598 5181 2808 5228 mutata
2833 5179 2928 5227 aut
2953 5172 3218 5244 permista
3240 5171 3496 5244 proprie-

1990 5374 2104 5448 (36)
2164 5373 2546 5448 ’ᾼςτύτκτξ-τρν,
2566 5372 2665 5425 και
2710 5373 3099 5448 δέηρημέῖην·
3151 5369 3231 5425 ιω
3285 5377 3493 5448 septem

1920 5440 2055 5518 ms's.
2084 5440 2158 5501 "et
2200 5440 2384 5518 Nysa.
2410 5440 2920 5499 EditionesBasilii
2959 5440 3263 5516 ἁσύγχυτος
3301 5440 3494 5516 διῃρη-

2132 5585 2524 5658 Πρριστησιιτ.
2580 5582 2673 5658 lta_
2698 5598 2830 5642 mss.
2884 5590 3110 5658 septem.
3151 5554 3299 5641 Εάὶιὶ
3355 5596 3494 5654 παρ-

1919 5652 2149 5715 ίστασιν.
2180 5652 2340 5726 Nyss.
2375 5652 2758 5727 παρίστασθαι.
