3886 6220
419 298 529 355 359

1763 313 1819 370 S.
1862 311 2109 370 BASILII‘
2144 310 2366 368 MAGNI

3597 314 3735 368 ἓ»ἂο

422 412 558 483 tite,
586 434 708 490 qtae
752 419 808 476 in
856 420 997 491 ipsis
1039 424 1442 492 consideratur,
1472 433 1631 498 quasi
1668 431 1750 486 vel
1776 431 1994 488 Patrem

2117 429 2361 499 ippawv
2388 426 2771 484 ἐνατενίσαντα
2793 426 2889 482 καὶ
2913 426 3011 498 τῆς
3039 425 3131 480 τοῦ
3158 426 3272 498 (38)
3298 429 3520 501 Πατρὸς
3557 431 3732 482 ὑπς-

424 509 691 579 genitum,
738 513 824 567 vel
870 512 1068 568 Filium
1117 515 1417 587 ingenitum
1471 520 1652 574 animo
1701 520 1989 591 tingamus,

424 599 522 654 sed
542 602 688 670 quod
708 602 825 659 ﬁeri
850 620 957 660 non
984 615 1180 675 potest,
1198 616 1257 662 ut
1274 608 1320 663 si
1345 610 1481 663 alter
1504 610 1573 663 ab
1588 610 1759 666 altero
1783 613 1994 682 disjun-

424 700 608 762 gatur,
635 693 749 762 jam
778 695 834 749 id
873 699 1017 765 quod
1049 700 1319 769 reliquum
1358 699 1540 766 fuerit,
1592 718 1689 772 per
1723 719 1782 758 se
1814 706 1994 759 solum

426 784 817 854 Intelligamus.
865 787 1001 842 Nam
1047 792 1165 845 ﬁeri
1206 806 1315 846 non
1344 800 1545 861 potest,
1578 802 1639 848 ut
1670 796 1816 865 quis,
1854 796 1994 852 Filio

426 878 729 941 nominato,
760 880 925 934 etiam
960 897 1071 935 non
1099 884 1300 953 cogitet
1341 884 1409 940 de
1446 884 1628 953 Patre,
1653 903 1778 941 cum
1812 890 1995 958 appel-

428 964 559 1020 latio
608 967 720 1022 haec
772 986 866 1040 per
916 973 1236 1033 relationem
1291 973 1510 1031 Patrem
1558 992 1774 1048 quoque
1829 979 1994 1034 simul

427 1058 648 1119 indicet.

499 1324 553 1377 8.
595 1325 864 1388 Quoniam
916 1325 1080 1395 igitur
1132 1327 1225 1395 qui
1274 1326 1473 1384 Filium
1523 1328 1691 1392 videt,
1740 1327 1995 1384 videtet

427 1413 666 1477 Patrem,
703 1424 762 1469 ut
792 1415 867 1469 ait
895 1417 948 1470 in
978 1417 1270 1488 Evangelio
1303 1419 1566 1477 Dominus
1592 1422 1658 1487 ”,
1710 1429 1996 1492 propterea

430 1504 787 1577 Unigenitum
847 1509 1158 1579 hypostasis
1214 1510 1391 1567 Patris
1442 1513 1814 1567 characterem
1873 1528 1996 1568 esse

429 1601 765 1667 pronuntiat.
802 1600 868 1653 Et
915 1618 1023 1670 quo
1057 1604 1229 1674 magis
1265 1612 1548 1674 perspecta
1592 1604 1686 1658 ﬁat
1725 1605 1837 1659 haec
1871 1620 1996 1659 sen-

428 1690 626 1752 tentia,
659 1698 712 1745 et
759 1692 899 1747 alias
934 1694 1179 1763 Apostoli
1207 1712 1367 1751 voces
1408 1697 1748 1765 adjiciemus,
1787 1699 1842 1751 in
1874 1699 1997 1768 qui-

2104 522 2345 585 στάσεως
2372 522 2432 575 ἐν
2465 520 2710 593 περινοίᾳ
2739 520 3011 589 γενέσθαι,
3043 520 3143 572 οὐκ
3173 521 3729 593 ὲπαλλασσομὲνης,

2099 613 2219 667 οὐδὲ
2264 613 2807 684 συναναμιγνυμένης
2849 613 2947 683 τῆς
2991 611 3462 689 ἐπιθεωρουμένης
3488 614 3730 677 αὐτοῖς

2104 704 2381 774 ἰδιότητος,
2422 704 2498 768 ὡς
2543 703 2574 774 ἢ
2614 703 2692 774 τῷ
2734 703 2910 770 Πατρὶ
2938 701 3033 773 τὴν
3063 702 3338 773 γέννησιν,
3373 704 3405 772 ἦ
3451 704 3544 773 τῷ
3588 703 3731 772 Υἱῷ

2099 795 2197 866 τὴν
2229 795 2551 864 ἁγεννησίαν
2594 793 3021 865 ἐπιμορφάζεινο
3072 793 3185 846 ἀλλ’
3215 793 3291 856 ὡς
3329 795 3431 847 οὐκ
3466 794 3729 864 ἐνδεχὸο

2103 904 2262 957 μενον
2304 887 2365 939 τὸ
2398 886 2585 957 ἓτερον
2622 885 2716 938 τοῦ
2750 885 2951 956 ἐτέρου
2982 882 3368 949 διαζεύξαντας
3410 885 3556 954 (59),
3620 886 3727 953 ἐφ’

2100 976 2298 1031 ἑαυτοῦ
2341 976 2509 1048 μόνου.
2548 975 2872 1030 καταλαϐεῖν
2921 974 2983 1026 τὸ
3011 974 3351 1045 λειπόμενον.
3396 976 3536 1029 Οὐδὲ
3584 975 3725 1047 γᾶρ

2100 1070 2216 1121 ἐστι
2262 1069 2508 1130 δυνατὸν,
2551 1068 2682 1119 Υἰὸν
2719 1066 3083 1136 ὀνομάσαντα,
3122 1067 3196 1136 μὴ
3231 1066 3324 1118 καὶ
3357 1067 3596 1137 Πατρδς
3652 1069 3727 1119 ὲν

2102 1159 2348 1231 περινοίᾳ
2369 1157 2644 1226 γενέσθαι,
2672 1156 2934 1226 σχετικῶς
2953 1157 3052 1227 τῆς
3075 1158 3447 1229 προσηγορίας
3470 1157 3723 1227 ταύτης

2100 1253 2194 1305 καὶ
2225 1252 2318 1304 τὸν
2348 1250 2571 1321 Πατέρα
2605 1248 3095 1319 συνεμφαινούσης.

2169 1343 2223 1398 8.
2267 1340 2485 1412 Ἐπειδὴ
2510 1340 2686 1394 τοίνυν
2719 1342 2749 1393 6
2776 1338 3036 1410 ἑωρακὼς
3058 1339 3149 1391 τὸν
3174 1337 3303 1391 Υίὺν
3329 1340 3433 1410 ὁρᾷ
3454 1339 3553 1394 τὸν
3592 1340 3725 1393 Πα-

2098 1433 2253 1504 τέρα,
2306 1429 2491 1492 καθώς
2538 1446 2702 1500 φησιν
2747 1432 2805 1483 ἐν
2855 1429 3206 1499 Εὐαγγελίοις
3247 1431 3277 1482 6
3321 1429 3549 1500 Κύριος,
3608 1428 3720 1483 διὰ

2098 1521 2256 1575 τοῦτο
2283 1520 2604 1592 χαρακτῆρά
2630 1535 2795 1591 φησιν
2832 1514 2972 1572 εἶναι
3006 1520 3101 1574 τὸν
3136 1521 3419 1591 Μονογενῆ
3455 1520 3562 1591 τῆς
3596 1518 3714 1573 τοῦ

2100 1611 2313 1682 Πατρὺς
2344 1612 2715 1674 ὑποστάσεως.
2746 1612 2856 1663 Καὶ
2881 1610 2956 1673 ὡς
2989 1610 3055 1665 ἂν
3081 1612 3279 1682 μᾶλλον
3315 1612 3710 1682 ἐπιγνωσθεξη

2099 1704 2160 1755 τὸ
2188 1705 2385 1774 νόημα,
2407 1704 2500 1756 καὶ
2531 1702 2693 1766 ἄλλας
2721 1702 3265 1774 συμπαραληψόμεοα
3286 1704 3379 1757 τοῦ
3422 1706 3475 1755 Ἀ
3486 1704 3716 1756 ποστό-

429 1783 535 1844 bus
589 1781 786 1837 Filium
840 1786 1133 1855 imaginem
1174 1786 1269 1842 Dei
1314 1788 1602 1844 invisibilis
1641 1789 1708 1853 “,
1749 1797 1803 1843 et
1838 1805 1996 1843 eum-

2117 1805 2189 1846 iou
2207 1793 2411 1863 φωνὰς,
2426 1796 2482 1846 ἐν
2494 1790 2581 1857 αἷς
2599 1794 2724 1846 Υίὺν
2741 1793 2921 1846 εἰκόνα
2936 1794 3028 1846 τοῦ
3045 1794 3176 1847 Θεοῦ
3196 1795 3288 1847 τοῦ
3306 1796 3564 1865 ἀοράτου,
3593 1794 3711 1848 καὶ

430 1875 554 1929 dem
592 1891 813 1931 rursum
843 1876 1108 1932 bonitatis
1144 1879 1319 1948 ipsius
1359 1880 1651 1949 imaginem
1691 1896 1814 1936 esse
1841 1881 1997 1946 dicit,

430 1981 542 2019 non
581 1967 725 2037 quod
759 1967 974 2021 diﬂ'erat
1004 1969 1184 2038 imago
1221 1969 1289 2023 ab
1316 1972 1635 2041 exemplari,
1671 1971 1717 2027 si
1753 1971 2001 2026 invisibi-

432 2055 603 2111 litatis
651 2058 1023 2127 bonitatisque
1061 2059 1326 2113 habeatur
1363 2061 1527 2124 ratio,
1576 2063 1670 2117 sed
1702 2070 1762 2116 ut
1790 2063 2001 2133 perspi-

431 2161 596 2203 cuum
632 2149 702 2203 sit
750 2150 891 2204 idem
926 2166 1048 2206 esse
1081 2153 1227 2222 quod
1266 2154 1564 2224 exemplar,
1607 2155 1822 2210 etiamsi
1854 2155 1997 2209 aliud

430 2239 525 2295 sit.
564 2238 682 2294 Non
734 2242 880 2296 enim
924 2245 1097 2313 possit
1134 2245 1389 2316 imaginis
1445 2246 1585 2300 ratio
1622 2248 1848 2310 servari,
1892 2248 2001 2301 nisi

430 2346 531 2401 per
559 2334 744 2388 omnia
776 2336 1130 2404 conspicuam
1171 2352 1235 2391 ac
1279 2338 1655 2407 cujuscunque
1683 2338 2001 2394 diﬂerentize

430 2433 710 2495 expertem
746 2427 944 2482 habeat
980 2429 1413 2485 similitudinem.
1462 2429 1697 2486 Proinde
1748 2431 2000 2501 imaginis

432 2516 901 2585 pulchritudinem
957 2519 1052 2588 qui
1102 2521 1411 2589 perspexit,
1473 2522 1752 2590 exemplar
1822 2532 2002 2576 mente

434 2608 840 2675 complectitur.
894 2607 957 2662 Et
1008 2610 1101 2678 qui
1155 2608 1276 2663 Filii
1334 2612 1481 2665 velut
1534 2610 1764 2664 formam
1822 2624 2003 2667 mente

436 2700 713 2767 concepit,
775 2699 1090 2769 hypostasis
1143 2710 1386 2769 paternae
1436 2701 1708 2770 expressit
1750 2700 1998 2772 eiiigiem,

435 2788 589 2842 illum
633 2804 730 2859 per
760 2790 908 2845 hunc
944 2791 1155 2856 videns,
1194 2808 1303 2847 non
1343 2793 1566 2863 ingeniti
1597 2794 1860 2847 rationem
1882 2810 2003 2864 quze

436 2878 616 2936 Patris
644 2889 749 2948 est,
782 2883 837 2936 in
854 2882 1027 2955 eiiigie
1054 2898 1287 2941 cernens
1314 2884 1576 2956 (alioquin
1602 2887 1741 2941 idem
1774 2903 2001 2957 prorsus

434 2982 607 3038 esset,
631 2981 687 3029 et
726 2989 837 3029 non
866 2976 1060 3043 aliud),
1096 2976 1189 3030 sed
1222 2977 1679 3046 pulchritudinem
1705 2978 2002 3047 ingenitam

436 3066 497 3119 in
516 3067 698 3136 genita
718 3067 960 3122 intuens.
984 3066 1453 3133 Quemadmodum
1483 3070 1625 3125 enim
1644 3070 1737 3140 qui
1771 3072 1825 3123 in
1860 3085 2000 3140 puro

2099 1885 2201 1954 τῆς
2238 1884 2570 1954 ἀγαθότητος
2598 1884 2763 1937 αὐτοῦ
2802 1884 2963 1938 πάλιν
2999 1886 3180 1939 είκόνα
3212 1887 3407 1957 φησίν·
3443 1888 3569 1956 οὐχὶ
3614 1887 3711 1957 τῷ

2098 1972 2375 2044 διαφέρειν
2403 1972 2495 2025 τοῦ
2542 1973 2848 2044 ἀρχετύπου
2877 1974 2974 2045 τὴν
3025 1975 3233 2036 εἰκόνα,
3268 1975 3411 2028 κατὰ
3447 1975 3545 2027 τὸν
3590 1975 3711 2044 τῆς

2100 2063 2362 2132 ἀορασίας
2408 2063 2520 2133 (40)
2565 2064 2789 2133 καὶτῆς
2837 2066 3169 2135 ἀγαθότητος
3214 2065 3393 2134 λόγον,
3444 2066 3565 2120 ἀλλ’
3602 2066 3710 2120 ἵνα

2098 2155 2305 2225 δειχθῇ,
2346 2156 2428 2207 ὅτι
2462 2156 2654 2209 ταυτὸν
2687 2155 2764 2225 τῷ
2797 2156 3136 2227 πρωτοτύπῳ
3164 2157 3300 2220 ἐστὶ,
3343 2157 3448 2209 κᾶν
3487 2156 3709 2225 ἕτερον

2098 2239 2153 2316 ᾗ.
2203 2245 2276 2295 Οὐ
2304 2244 2411 2314 γὰρ
2443 2243 2507 2297 ἂν
2545 2247 2573 2295 6
2613 2245 2713 2313 τῆς
2743 2246 2951 2309 εἰκόνος
2982 2245 3273 2315 διασωθείη
3300 2245 3477 2313 λόγος,
3514 2246 3568 2296 εἰ
3617 2245 3707 2317 μὴ

2099 2334 2187 2387 διὰ
2218 2333 2436 2386 πάντων
2465 2334 2524 2386 τὸ
2552 2333 2781 2403 ἐναργὲς
2820 2334 2931 2403 ἔχοι
2972 2334 3082 2405 (41)
3115 2336 3209 2387 καὶ
3237 2335 3698 2405 ἀπαράλλακτον.

2100 2428 2306 2480 Οὐκοῦν
2336 2430 2364 2481 6
2385 2428 2445 2480 τὸ
2472 2430 2571 2497 τῆς
2600 2427 2806 2490 εἰκόνος
2842 2429 3182 2498 κατανοήσας
3217 2428 3415 2489 κάλλος
3438 2430 3494 2480 ἐν
3526 2444 3707 2499 rept-

2099 2517 2217 2586 νοίᾳ
2242 2516 2334 2569 τοῦ
2364 2516 2670 2587 ἀρχετύπου
2692 2516 2922 2584 γίνεται.
2954 2517 3064 2570 Καὶ
3085 2518 3113 2568 6
3140 2516 3233 2569 τοῦ
3257 2516 3387 2568 Υίοῦ
3413 2516 3513 2585 τὴν
3539 2516 3703 2568 οἱον-

2101 2610 2149 2660 εὶ
2181 2608 2392 2678 μορφὴν
2429 2611 2491 2678 τῇ
2530 2607 2735 2679 διανοίᾳ
2763 2607 2963 2671 λαϐὼν,
3003 2608 3101 2677 τῆς
3142 2609 3413 2678 πατρικῆς
3445 2605 3703 2660 ὑποστά-

2103 2716 2239 2761 σεως
2260 2700 2351 2750 τὸν
2383 2699 2708 2770 χαρακτῆρα
2747 2697 3150 2752 ἀνετυπώσατο.
3184 2697 3397 2767 βλέπων
3430 2697 3520 2749 διὰ
3560 2697 3699 2750 τού-

2101 2807 2192 2843 του
2235 2791 2460 2854 ἐκεῖνον,
2507 2791 2568 2841 οὐ
2614 2791 2713 2860 τὴν
2759 2790 3081 2861 ἁγεννησίαν
3127 2790 3218 2842 τοῦ
3255 2788 3468 2860 Πατρὸς
3499 2788 3567 2839 ὲν
3610 2788 3703 2857 τῷ

2113 2882 2528 2950 ἁπεικονίσματι
2559 2880 2768 2950 βλέπων
2800 2878 2854 2952 (ἦ
2888 2882 2994 2952 γὰρ
3029 2881 3093 2934 ἂν
3118 2881 3185 2933 δι’
3219 2880 3341 2933 ὅλου
3371 2879 3574 2932 ταυτὸν
3598 2875 3699 2951 ἦν,

2103 2974 2196 3026 καὶ
2212 2975 2309 3045 οὐχ
2337 2974 2563 3045 ἕτερον),
2583 2975 2718 3028 ἀλλά
2748 2974 2809 3026 τὸ
2833 2975 3124 3043 ἀγέννητον
3153 2973 3346 3036 κάλλος
3367 2975 3424 3026 ἐν
3442 2971 3521 3043 τῷ
3552 2989 3700 3041 γεν-

2107 3065 2251 3135 νητῷ
2268 3065 2660 3127 κατοπτεύσας.
2688 3066 2896 3134 Ὥσπερ
2917 3066 3024 3137 γάρ
3051 3066 3079 3116 ὁ
3106 3067 3162 3117 ἐν
3190 3064 3269 3134 τῷ
3295 3064 3517 3135 καθαρῷ
3552 3080 3701 3117 κατ-

437 3160 660 3228 speculo
693 3160 848 3229 122
879 3160 1200 3230 impressam
1230 3160 1418 3216 formae
1442 3163 1676 3232 speciem
1705 3165 1999 3232 perspexit,

2117 3157 2289 3228 Ξπτρῳ
2303 3158 2400 3227 τὴν
2415 3158 2708 3227 γενομένην
2725 3158 2821 3226 τῆς
2841 3148 3054 3228 μορφῆς
3069 3155 3301 3225 ἔμφασιν
3319 3156 3559 3225 κατανοή
3569 3172 3702 3218 σας,

439 3252 645 3305 claram
685 3252 928 3321 expressi
970 3253 1154 3308 vultus
1198 3254 1561 3323 cognitionem
1603 3255 1829 3324 adeptus
1871 3262 2001 3323 est;

440 3342 524 3398 sic
574 3342 669 3411 qui
721 3342 918 3396 Filium
973 3346 1307 3414 cognoverit,
1358 3344 1582 3413 eﬂigiem
1626 3355 1865 3416 paterna:
1910 3346 2009 3416 hy-

439 3434 680 3503 postasis
723 3449 819 3502 per
855 3432 977 3487 Filii
1024 3434 1271 3488 notitiam
1305 3435 1486 3490 animo
1523 3437 1781 3505 suscepit.
1814 3435 2009 3491 Omnia

439 3524 585 3581 enim
616 3540 738 3595 qua;
787 3524 964 3580 Patris
1001 3533 1151 3590 sunt,
1201 3527 1617 3596 conspiciuntur
1656 3529 1713 3583 in
1759 3528 1920 3592 Filio,
1954 3536 2009 3584 et

439 3617 625 3671 omnia
666 3630 786 3687 quae
822 3614 941 3670 Filii
984 3623 1142 3682 sunt,
1191 3616 1370 3673 Patris
1426 3626 1598 3673 sunt:
1661 3621 2009 3693 quandoqui-

438 3708 562 3764 dem
585 3716 639 3764 et
670 3717 813 3763 totus
858 3707 1027 3763 Filius
1052 3710 1109 3763 in
1136 3708 1298 3764 Patre
1343 3718 1546 3775 manet,
1581 3718 1636 3767 et
1673 3721 1845 3768 totum
1875 3730 2002 3769 rur-

436 3814 535 3857 sns
562 3800 723 3856 habet
750 3800 805 3854 in
836 3801 1126 3870 semetipso
1151 3800 1368 3856 Patrem
1394 3804 1460 3857 ".
1482 3802 1661 3868 Quare
1695 3803 1815 3860 Filii
1834 3807 2006 3877 hypo-

439 3894 605 3950 stasis
632 3895 789 3963 quasi
818 3891 991 3948 forma
1013 3909 1075 3947 ac
1099 3894 1265 3949 facies
1288 3902 1393 3959 est,
1414 3911 1519 3965 qua
1541 3895 1700 3952 Pater
1730 3899 2009 3969 cognosci-

438 3994 532 4039 tur
562 4003 574 4038 :
608 3992 665 4039 et
692 3982 873 4039 Patris
902 3984 1215 4055 hypostasis
1239 3984 1295 4039 in
1327 3985 1501 4040 forma
1525 3986 1647 4040 Filii
1670 3988 2002 4058 agnoscitur,

439 4086 693 4132 manente
727 4093 848 4146 quae
894 4077 948 4131 in
999 4078 1109 4132 illis
1149 4076 1904 4150 consideraturproprietate
1939 4081 2006 4135 ad

440 4169 644 4224 claram
679 4169 1053 4239 hypostasewn
1084 4169 1513 4225 distinctionem.

895 4387 1231 4445 EPISTULA
1270 4387 1533 4446 xxxnx'.

2110 3247 2317 3316 ἐναργῆ
2360 3247 2453 3300 τοῦ
2488 3247 2955 3309 ἀπεικονισθέντος
3010 3244 3299 3317 προσώπου
3343 3244 3442 3315 τὴν
3480 3244 3700 3311 γνῶσιν

2109 3337 2297 3407 ἔσχεν·
2343 3338 2514 3402 οὕτως
2558 3340 2586 3391 ὁ
2632 3338 2723 3391 τὸν
2765 3338 2895 3391 Υίὸν
2937 3338 3191 3405 ἐπιγνοὺς
3225 3337 3316 3390 τὸν
3363 3338 3702 3407 χαρακτῆρα

2108 3431 2210 3499 τῆς
2237 3431 2512 3500 πατρικῆς
2540 3429 2891 3492 ὑποστάσεως
2913 3429 3000 3481 διὰ
3021 3430 3122 3497 τῆς
3147 3426 3242 3481 τοῦ
3275 3427 3406 3481 Υἱοῦ
3433 3428 3701 3496 γνώσεως

2111 3523 2169 3575 ἐν
2215 3525 2282 3592 τῇ
2335 3522 2530 3593 καρδίᾳ
2577 3520 2793 3586 ἐδέξατο
2823 3520 2957 3589 (42).
2998 3519 3184 3573 Πάντα
3210 3518 3318 3590 γὰρ
3343 3517 3413 3571 τά
3448 3518 3541 3570 τοῦ
3578 3521 3700 3571 Πα-

2109 3615 2236 3685 τρὸς
2267 3616 2326 3667 ὲν
2362 3614 2440 3684 τῷ
2485 3612 2599 3683 Υἱῷ
2630 3613 2948 3683 καθορᾶται,
2984 3611 3081 3664 καὶ
3104 3612 3279 3664 πάντα
3317 3611 3387 3662 τά
3414 3610 3510 3662 τοῦ
3554 3610 3697 3663 Υξοῦ

2108 3705 2201 3758 τοῦ
2238 3704 2449 3774 Πατρός
2499 3708 2681 3758 ἐστιν·
2738 3704 2923 3774 ἐπειδὴ
2964 3704 3057 3755 καὶ
3108 3702 3226 3765 ὅλος
3267 3704 3296 3755 ὁ
3329 3702 3459 3764 Υἱὸς
3515 3703 3577 3754 ἐν
3618 3702 3702 3772 τῷ

2111 3797 2286 3868 Πατρὶ
2322 3797 2492 3868 μένει,
2533 3799 2626 3850 καὶ
2654 3797 2772 3849 ὃλον
2799 3795 2913 3865 ἔχει
2942 3795 3116 3849 »πάλιν
3145 3797 3201 3847 ἐν
3232 3794 3409 3864 ἐαυτῷ
3443 3794 3534 3847 τὸν
3581 3796 3703 3847 Παι-

2111 3888 2262 3960 τέρα.
2321 3890 2482 3942 Ὥστε
2528 3891 2560 3960 ἡ
2613 3887 2706 3941 τοῦ
2760 3887 2887 3940 Υἱοῦ
2950 3886 3245 3948 ὑπόστασις
3291 3886 3456 3938 οἱονεὶ
3507 3887 3701 3957 μορφὴ

2111 3981 2206 4034 καὶ
2240 3981 2528 4050 πρόσωπον
2553 3979 2761 4048 γίνεται
2794 3978 2893 4048 τῆς
2922 3976 3015 4030 τοῦ
3052 3977 3266 4048 Πατρὸς
3301 3977 3660 4045 ἐπιγνώσεως
3681 3994 3695 4007 ·

2112 4074 2265 4144 καὶὴ
2299 4074 2392 4127 τοῦ
2425 4073 2636 4145 Πατρὺς
2673 4072 2970 4136 ὑπόστασις
3002 4074 3058 4125 ἐν
3103 4074 3171 4143 τῇ
3206 4072 3299 4125 τοῦ
3337 4072 3470 4125 Υἱοῦ
3506 4076 3699 4145 μορφῇ

2113 4166 2549 4235 ἐπιγινώσκεται,
2583 4168 2848 4238 μενούσης
2872 4168 3053 4230 αὐτοῖς
3088 4166 3187 4235 τῆς
3214 4164 3701 4238 ἐπιθεωρουμένης

2117 4256 2378 4326 ἰδιότητος
2410 4258 2490 4320 είς
2516 4255 2787 4327 διάκρισιν
2818 4257 3020 4326 ἐναργῆ
3047 4255 3154 4307 τῶν
3179 4255 3543 4307 ὑποστάσεων.

2636 4399 2984 4453 ΕΠΙΣΤΟΛΗ
3035 4397 3158 4451 ΛΘ’.

1485 4509 1724 4563 Basiliam
1754 4510 1919 4564 invitat
1950 4515 2177 4567 Julianus
2202 4523 2251 4566 ut
2276 4517 2341 4566 ad
2374 4530 2425 4568 se
2446 4517 2619 4569 veniat.

971 4637 1226 4693 Julianus
1263 4639 1488 4695 Basilio.

514 4749 637 4804 Non
681 4748 873 4804 bellum
909 4750 1221 4815 denuntias,
1263 4752 1340 4805 ait
1386 4754 1734 4823 proverbium
1778 4776 1793 4811 :
1838 4765 1894 4811 at
1918 4773 2016 4830 ego

443 4840 637 4895 addam
689 4841 849 4896 etiam
909 4841 1038 4895 illud
1088 4843 1369 4897 commdiaa
1420 4845 1618 4899 veteris
1656 4844 2009 4901 :Onuntium

443 4934 718 4988 turbarum
758 4934 1078 4987 aureorum!
1104 4934 1217 5005 Age
1256 4935 1442 5004 igitur,
1474 4937 1651 5007 reipsa
1681 4938 1927 5003 ostende,
1957 4947 2012 4994 et

2572 4648 2902 4714 Ἰουλιανὸς
2934 4648 3243 4710 Βασιλείῳ.

2202 4760 2265 4814 Ἥ
2298 4761 2395 4831 μὲν
2426 4761 2687 4832 παροιμία
2715 4762 2901 4829 φησὶν,
2933 4763 3014 4814 Οὐ
3044 4761 3308 4828 πόλεμον
3340 4758 3696 4826 ἀγγέλλεις·

2116 4850 2226 4921 ἐγὼ
2255 4852 2313 4905 δὲ
2343 4852 2634 4923 προσθείην
2659 4852 2723 4904 ἐκ
2750 4853 2849 4921 τῆς
2886 4851 3171 4922 κωμῳδίας
3190 4867 3206 4884 ο
3233 4846 3299 4902 Ὦ
3330 4850 3568 4918 χρυσὸν
3591 4850 3683 4919 ἀν

2118 4943 2322 5011 γείλας
2376 4942 2557 5000 ἐπῶν.
2615 4943 2720 4995 Ἴθι
2757 4938 2869 5007 οὖν,
2924 4942 3105 5014 ἔργοις
3162 4942 3292 4996 αὐτὸ
3347 4942 3540 5009 δεῖξον,
3598 4943 3699 4997 καὶ

512 5090 749 5147 "loan.
811 5107 924 5154 xlv,
978 5090 1031 5146 9.
1108 5090 1152 5123 "
1175 5089 1388 5146 Coloss.
1450 5106 1489 5157 ι,
1545 5092 1633 5146 i5.
1710 5094 1756 5127 ³³
1800 5092 1958 5151 Joan.

2117 5135 2128 5160 ,
2184 5096 2273 5153 Η..

510 5251 530 5276 ί
563 5250 715 5306 Alias
743 5249 919 5305 CCVI.

664 5321 773 5375 Καὶ
806 5320 917 5388 τῆς
943 5320 1070 5375 τοῦ.
1112 5317 1188 5372 Ita
1228 5325 1436 5390 septem
1458 5333 1593 5375 mss.
1627 5317 1771 5373 Editi
1810 5320 1875 5371 ἐκ
1916 5319 2015 5389 τῆς

504 5406 553 5442 υ.
617 5391 755 5442 idem
785 5405 918 5442 mss.
956 5392 1121 5442 naulo
1152 5400 1279 5442 nost
1312 5389 1585 5442 γενέσθαι.
1627 5404 1725 5442 nro
1766 5404 1829 5442 eo
1866 5390 2014 5442 uuod

436 5389 553 5445 τοῦ.
591 5389 759 5460 [idem
785 5405 918 5460 mss.
956 5392 1121 5460 paulo
1152 5389 1585 5459 postyavéaeat,
1626 5404 1725 5460 pro
1766 5404 1829 5445 eo
1866 5390 2014 5456 ρυοά

436 5467 557 5521 erat
590 5461 647 5513 in
677 5458 839 5514 editis
868 5458 1130 5526 γίνεσθαι.
1246 5521 1262 5526 _
1518 5497 1522 5501 θ
1626 5458 1650 5470 ί

512 5519 1100 5601 (59)-ᾼΙαζεύξαντας.
1129 5534 1209 5584 Ita
1244 5521 1410 5601 'Harl.
1451 5537 1505 5584 et
1550 5530 1790 5601 quinque
1829 5519 1921 5601 alii
1962 5537 2017 5582 et

391 5626 395 5631 ο
442 5598 614 5670 ριόιςέ
642 5598 802 5670 Nyss.
833 5614 956 5670 cum
995 5601 1326 5655 editionibus
1370 5600 1504 5670 ﬂag.
1535 5598 1588 5656 et
1615 5600 1780 5653 Basil.
1811 5599 2009 5670 prima.
2066 5631 2071 5636 ι

442 5666 624 5723 Editio
673 5666 1001 5725 Parisiensis
1049 5671 1398 5725 etsecunda
1432 5666 1757 5726 Basileensis
1803 5666 2015 5731 διαζεύ-

447 5736 635 5809 ξαντα.
694 5738 897 5795 Ibidem
952 5748 1177 5797 vetustae
1225 5740 1492 5797 editiones
1534 5748 1588 5796 et
1634 5755 1767 5796 mss.
1828 5737 2009 5807 μόνου.

2120 5247 2756 5322 EditionesBasileensis
2797 5252 3034 5322 secunda
3074 5259 3132 5322 et
3156 5250 3331 5322 Paris.
3364 5252 3544 5322 μόνον.

2192 5320 2303 5392 (40)
2338 5320 2453 5387 Γῆς
2492 5321 2802 5387 ἀορασίας.
2840 5320 2994 5377 Unus
3035 5321 3158 5377 cod.
3202 5320 3337 5392 Reg.
3366 5320 3470 5391 si;
3506 5320 3696 5387 οὐσίας

2120 5390 2214 5442 καλ⁸
2243 5390 2523 5460 ἀορασίας.
3292 5390 3305 5392 '
3427 5390 3434 5391 '

2172 5460 2304 5532 ιιι)
2357 5461 2544 5532 Ἕχοι.
2582 5459 2658 5514 lta
2694 5476 2788 5516 sex
2815 5475 2949 5515 mss.
2989 5467 3039 5515 et
3088 5458 3246 5532 Greg.
3300 5458 3462 5530 Nyss.
3510 5460 3694 5515 Basilii

2420 5531 2440 5543 II

2122 5528 2389 5583 editiones
2418 5531 2441 5580 ἕ

2680 5598 2952 5682 Sientpss.
2993 5616 3084 5657 sex
3132 5607 3185 5656 et
3223 5597 3381 5669 Greg.
3428 5597 3593 5672 Nyss.
3629 5597 3693 5659 In

2121 5667 2449 5726 editionibus
2480 5671 2660 5726 Basilii
2688 5669 2980 5733 ἐνεδέξατο.
