3886 6220
409 258 518 316 543
1725 265 1782 321 S.
1825 264 1910 320 BA
1918 264 1989 320 SIJ

2107 267 2247 326 MAG
2254 268 2323 326 NI
3547 278 3657 334 διι

411 379 563 434 bium
626 380 916 447 habitant,
981 380 1652 453 pulchrivaripuril‘ormes
1684 423 1699 448 ,
1756 399 1987 454 quarunt

2099 385 2354 441 Δάνουϐιν
2418 387 2825 459 ἐκτραφέντες,
2874 390 2925 444 oi
2973 390 3659 465 εὒμορφοποικιλοκαθαρό-

410 478 668 542 aspectus
714 472 915 544 speciei
980 473 1231 529 humana}
1282 474 1479 530 similis
1543 491 1655 530 non
1711 486 1840 545 est,
1895 478 1988 533 sed

2099 497 2323 552 μορφοι,
2354 474 2435 544 οἷς
2460 481 2561 534 οὐκ
2593 480 2708 535 ἐστι
2734 481 2830 536 θέα
2850 483 3150 556 ὁμοιοειδὴς
3173 483 3497 557 ἀνθρώπων,
3525 486 3660 541 ἀλλὰ

412 562 589 615 forma
648 576 878 633 prorsus
935 561 1199 630 eﬂ'erata,
1256 563 1294 618 ii
1367 579 1514 618 nunc
1570 566 1708 621 meis
1761 567 1989 637 pedibus

2099 573 2277 642 μορφὴ
2308 571 2665 642 ἀγριαίνουσα
2682 589 2695 604 ·
2731 567 2875 627 οὗτοι
2920 574 3061 630 κατὰ
3086 576 3185 646 τήν
3209 575 3514 630 ἐνεστῶσαν
3538 592 3665 648 προ-

410 654 816 723 advolvuntur;
862 664 916 711 et
975 671 1094 727 quae
1151 671 1274 711 meo
1324 657 1557 727 imperio
1609 661 1990 723 conveniunt,

412 746 657 803 facturos
708 749 1055 818 pollicentur.
1102 747 1286 820 Neque
1314 748 1425 803 huc
1476 749 1745 804 duntaxat
1797 749 1988 805 feror:

414 838 511 894 sed
567 848 781 910 Oportet
832 856 916 895 me
954 856 1117 911 quam
1146 842 1432 897 celerrime
1478 842 1534 896 in
1584 840 1862 898 Persidem
1895 859 1991 898 ve-

411 932 555 995 nire,
586 940 640 987 et
674 932 934 1003 Saporem
977 933 1128 987 illum
1176 932 1319 988 Darii
1383 940 1635 1003 nepotem
1676 933 1992 1005 proﬂigare,

414 1026 592 1080 donec
639 1026 771 1080 milii
806 1026 1090 1096 vectigalis
1126 1040 1191 1081 ac
1222 1027 1551 1083 tributarius
1577 1027 1671 1082 ﬁat
1697 1044 1709 1079 :
1734 1042 1799 1081 ac
1830 1027 1995 1082 simul

414 1118 581 1174 etiam
642 1118 823 1175 vicina
864 1118 1120 1174 Indorum
1172 1134 1236 1174 ac
1268 1117 1671 1175 Saracenorum
1706 1119 1858 1190 regio
1900 1119 1996 1175 de-

415 1212 723 1277 vastanda,
781 1212 956 1267 donec
1003 1212 1060 1268 hi
1127 1227 1317 1268 omnes
1367 1212 1499 1268 mihi
1538 1212 1742 1282 primas
1794 1228 1995 1268 conce-

414 1303 652 1368 dentes,
706 1303 995 1374 vectigalia
1043 1309 1099 1359 et
1147 1303 1353 1358 tributa
1403 1301 1666 1374 pendant.
1726 1301 1810 1358 Tu
1862 1318 1994 1359 vero

417 1408 587 1464 supra
637 1394 838 1450 horum
889 1396 1190 1466 potentiam
1249 1395 1444 1466 sapis,
1493 1397 1694 1466 pietate
1738 1395 1991 1451 indutum

415 1496 471 1543 te
507 1501 632 1543 esse
690 1487 994 1553 dictitans,
1050 1487 1148 1543 sed
1200 1502 1313 1557 pne
1364 1495 1420 1543 te
1476 1488 1659 1544 ferens
1707 1488 1995 1559 impuden-

418 1579 595 1645 tiam,
653 1586 709 1632 et
767 1578 972 1647 ubique
1026 1592 1114 1633 me
1163 1574 1533 1631 Romanorum
1593 1577 1823 1659 imperi?
1854 1577 1996 1631 indi-

417 1687 584 1742 gnum
632 1686 756 1727 esse
804 1670 1114 1740 divulgans.
1169 1668 1358 1726 Nonne
1387 1670 1506 1739 ipse
1540 1669 1684 1725 nosti
1721 1684 1808 1724 me
1853 1668 1996 1723 Con-

418 1764 605 1820 stantii
650 1764 799 1819 illius
834 1760 1198 1833 potentissimi
1247 1770 1498 1832 nepotem
1530 1776 1651 1817 esse
1677 1761 1700 1815 ?
1732 1760 1993 1827 Quamvis
2023 1748 2065 1802 Β

418 1861 601 1906 autem
661 1852 778 1907 haec
831 1850 900 1907 de
948 1859 1002 1908 te
1057 1851 1140 1908 sic
1189 1850 1587 1922 cognoverim;
1638 1865 1750 1907 non
1809 1859 1992 1907 tamen

417 1943 642 2000 discedo
704 1960 735 1997 a
780 1944 962 2014 priore
990 1944 1084 1998 illa
1139 1942 1307 1999 animi
1339 1941 1662 2010 affectione,
1695 1959 1858 2014 quam
1889 1960 1993 2014 ego

418 2047 473 2091 et
530 2046 589 2092 tu
633 2037 814 2092 adhuc
841 2045 1001 2094 aetate
1039 2038 1274 2107 juvenes
1322 2052 1668 2093 communem
1709 2037 1856 2093 inter
1891 2053 1991 2094 nos

419 2129 730 2185 habuimus.
768 2130 870 2184 Sed
902 2130 1116 2200 placido
1143 2144 1207 2185 ac
1245 2143 1441 2185 sereno
1465 2129 1649 2185 animo
1688 2130 1784 2184 tibi
1811 2130 1988 2195 edico,

416 2230 478 2275 ut
532 2222 652 2275 auri
714 2221 882 2275 libras
940 2221 1087 2276 mille
1132 2220 1267 2276 mihi
1298 2220 1398 2277 abs
1439 2228 1493 2276 te
1545 2221 1836 2276 mittantur
1864 2236 1990 2277 cum

414 2313 666 2369 Caesarea
727 2312 1013 2375 transibo,
1078 2319 1133 2368 et
1184 2312 1365 2367 adhuc
1433 2312 1713 2382 publicum
1759 2313 1864 2368 iter
1908 2320 1989 2368 te-

414 2405 579 2468 nebo,
635 2419 799 2475 quam
840 2404 1108 2459 citissime
1164 2403 1233 2458 ad
1283 2402 1567 2458 Persicum
1614 2405 1819 2459 bellum
1849 2420 1983 2461 con-

412 2496 677 2560 tendens;
730 2509 794 2549 ac
853 2494 1120 2564 profecto.
1158 2494 1263 2549 nisi
1306 2502 1366 2548 tu
1427 2494 1530 2550 hoc
1571 2494 1792 2558 feceris,
1826 2511 1989 2566 para-

412 2596 501 2642 tus
556 2602 676 2642 sum
722 2584 1024 2640 Caesaream
1071 2595 1237 2640 tatam
1298 2585 1616 2653 destruere,
1652 2595 1703 2641 et
1762 2588 1989 2657 antiqua

410 2682 562 2737 illius
613 2687 933 2734 ornamenta
990 2688 1278 2743 evertere;
1333 2692 1395 2732 ac
1446 2678 1519 2733 ibi
1581 2690 1637 2734 et
1683 2679 1886 2748 templa
1935 2686 1991 2733 et

414 2781 625 2828 statuas
665 2772 909 2842 erigere;
968 2772 1105 2825 adeo
1177 2781 1236 2826 ut
1280 2773 1538 2828 omnibus
1583 2772 1942 2842 persuadeam
1972 2812 1986 2835 ,

412 2872 474 2917 ut
524 2878 730 2919 morem
785 2869 979 2933 gerant
1051 2863 1422 2917 Romanorum
1477 2864 1840 2932 imperatori,
1890 2878 1990 2918 nec

412 2955 728 3010 efferantur.
797 2953 987 3025 Itaque
1047 2964 1407 3009 memoratum
1483 2970 1676 3008 aurum
1736 2970 1991 3009 numera-

414 3057 530 3102 tum
560 3087 575 3112 ,
621 3047 869 3118 libraque
896 3087 910 3112 ,
974 3053 1177 3102 statera
1226 3054 1280 3101 et
1323 3048 1531 3102 trutina
1574 3047 1943 3113 examinatum
1971 3089 1983 3113 ,

410 3147 533 3195 tuto
573 3154 670 3209 per
707 3153 877 3194 unum
939 3138 1175 3208 aliquem
1255 3154 1320 3195 ex
1374 3137 1626 3193 ﬁdelibus
1669 3139 1779 3194 tuis
1829 3139 1987 3193 Iami-

410 3226 639 3283 Iiaribus
724 3226 883 3300 124
942 3228 1008 3281 ad
1065 3243 1152 3282 me
1202 3228 1428 3291 mittas,
1479 3226 1723 3297 illudque
1762 3237 1853 3281 tuo
1891 3243 1989 3281 an.

414 3318 546 3370 nulo
598 3314 892 3385 obsignes;
947 3324 1008 3368 ut
1066 3323 1432 3385 cognoscente
1499 3325 1553 3369 te
1606 3315 1827 3370 tandem
1880 3319 1983 3369 ali-

414 3406 654 3473 quando,
693 3405 817 3458 licet
848 3419 971 3459 sero
996 3444 1011 3467 ,
1044 3405 1251 3458 nullum
1282 3405 1456 3460 venia:
1486 3405 1665 3460 locum
1718 3421 1860 3470 esse,
1888 3422 1988 3477 ego

413 3496 627 3550 delictis
653 3496 764 3551 tuis
810 3497 1011 3566 placer.
1068 3495 1201 3561 Quze
1240 3504 1421 3552 autem
1472 3486 1615 3568 legi,
1664 3496 1905 3554 intellexi
1934 3506 1987 3552 et

414 3588 776 3645 condemnavi

2092 660 2470 716 καλινδοῦνται
2519 662 2630 735 (48)
2665 664 2835 734 ίχνεσι
2865 667 2979 728 τοῖς
3022 666 3201 737 ἐμοῖς,
3242 665 3661 736 ὑπισχνούμενοι

2095 769 2186 823 μοι
2225 756 2402 807 ποιεῖν
2456 755 2640 807 ἐκεῖνα
2684 754 2829 826 ειπερ
2877 758 2943 827 τῇ
2994 758 3103 828 ἐμῇ
3141 756 3340 828 πρέπει
3364 756 3477 827 (49)
3513 756 3664 827 βασι-

2092 843 2230 916 λείᾳ.
2257 846 2391 916 Οὐχὶ
2419 846 2477 899 δέ
2515 848 2574 899 ἐν
2608 846 2782 917 τούτῳ
2812 847 2958 918 μόνῳ
3008 848 3238 920 ἕλκομαι
3269 865 3284 880 ·
3320 847 3459 903 ἀλλὰ
3488 848 3567 902 δεῖ
3592 866 3662 919 με

2095 935 2193 989 σὺν
2245 935 2427 1007 πολλῷ
2480 935 2559 1006 τῷ
2596 936 2753 1007 τάχει
2798 938 3122 993 καταλαϐεῖν
3167 940 3268 1011 τὴν
3300 940 3549 1012 Περσῶν,
3570 941 3665 994 καὶ

2091 1027 2476 1097 τροπώσασθαι
2502 1029 2757 1099 Σαπωριν
2778 1031 2983 1085 ἐκεῖνον
3010 1031 3102 1084 τὸν
3126 1032 3395 1100 ἀπόγονον
3426 1031 3539 1103 (50)
3562 1033 3667 1085 Δα-

2098 1119 2242 1193 ρείου
2290 1120 2586 1189 γεγονότα,
2622 1121 2782 1194 ἄχρις
2826 1115 2887 1175 οὗ
2926 1123 3199 1195 ὑπόφορος
3251 1124 3347 1178 καὶ
3400 1123 3669 1194 ὑποτελής

2097 1228 2188 1283 μοι
2231 1211 2345 1281 (5i)
2387 1211 2646 1285 γένηται·
2692 1215 2751 1266 ἐν
2786 1214 2968 1284 ταυτῷ
3015 1214 3073 1267 δέ
3104 1216 3200 1268 καὶ
3231 1214 3331 1287 τὴν
3373 1215 3553 1269 Ἰνδῶν
3574 1218 3670 1269 καὶ

2092 1301 2192 1371 τὴν
2235 1301 2567 1372 Σαρακηνῶν
2598 1304 2899 1375 περιοικίδα
2928 1304 3266 1376 ἐκπορθῆσαι
3287 1346 3303 1370 ,
3339 1306 3502 1377 ἄχρις
3525 1300 3668 1361 οὗτοι

2095 1394 2296 1458 πάντες
2333 1396 2392 1447 ἐν
2419 1394 2644 1468 δευτέρᾳ
2668 1395 2820 1461 τάξει
2858 1398 2956 1467 τῆς
2991 1398 3130 1469 ἐμῆς
3157 1399 3427 1468 γένωνται
3463 1399 3667 1467 61:690-

2098 1503 2180 1557 ροι
2211 1487 2306 1540 καὶ
2334 1486 2636 1552 ὑποτελεῖς.
2675 1488 2814 1541 Ἀλλ’
2836 1489 2997 1554 αὐτὸς
3027 1490 3281 1544 ἐπέκεινα
3322 1493 3425 1562 τῆς
3467 1489 3670 1543 τούτων

2094 1577 2378 1648 δυνάμεως
2409 1579 2765 1649 πεφρόνηκας
2785 1596 2799 1610 ·
2828 1580 3113 1634 comem
3132 1580 3309 1650 λέγων
3337 1580 3668 1643 ἐνδεδύσθαι,

2097 1666 2368 1721 ἀναίδειαν
2392 1667 2449 1720 δὲ
2477 1667 2909 1740 προϐαλλόμενος
2944 1670 3055 1740 (52)
3080 1712 3096 1737 ,
3129 1673 3223 1725 καὶ
3251 1669 3531 1741 πανταχοῦ
3557 1670 3670 1725 δια-

2094 1757 2349 1830 φημίζων
2393 1759 2613 1827 ἀνάξιόν
2654 1778 2721 1831 με
2758 1762 2857 1831 τῆς
2895 1762 3002 1815 τῶν
3057 1760 3345 1832 Ῥωμαίων
3395 1763 3673 1834 βασιλείας

2092 1853 2401 1921 γεγονέναι.
2432 1849 2508 1905 Ἦ
2538 1853 2640 1907 οὐκ
2669 1849 2825 1907 οἶσθα
2850 1853 3033 1918 αὐτὸς,
3060 1854 3136 1918 ὡς
3163 1856 3552 1910 Κωνσταντίου
3575 1852 3671 1909 τοῦ

2093 1943 2388 2013 κρατίστου
2417 1944 2684 2012 ἀπόγονος
2712 1946 2911 2013 γέγονα
2937 1962 2951 2009 ;
2987 1946 3097 2000 Καὶ
3129 1946 3335 2001 τούτων
3356 1947 3502 2002 οὕτω
3534 1964 3674 2016 γνω-

2093 2034 2327 2088 σθέντων
2374 2034 2489 2106 (55)
2537 2038 2667 2107 ἡμῖν
2719 2037 2813 2091 σοῦ
2861 2037 3081 2102 εἵνεκα,
3106 2037 3230 2091 οὐδὲ
3267 2039 3369 2110 τῆς
3400 2038 3675 2111 προτέρας

2091 2124 2389 2197 ἐξέστημεν
2433 2126 2727 2191 διαθέσεως
2748 2166 2762 2192 ,
2796 2122 2865 2199 ἧς
2912 2127 2994 2181 ἔτι
3029 2127 3140 2183 νέοι
3187 2127 3346 2192 ὄντες
3383 2131 3454 2199 τῇ
3484 2127 3676 2200 ἡλικίᾳ

2092 2218 2201 2287 ἐγώ
2232 2235 2293 2272 τε
2322 2218 2417 2273 καὶ
2448 2219 2512 2272 σὺ
2549 2222 2966 2292 μετεσχήκαμεν
2996 2220 3130 2292 (54).
3167 2221 3329 2275 Ἀλλὰ
3352 2220 3578 2293 γαληνῷ
3598 2220 3675 2291 τῷ

2096 2311 2406 2381 φρονήματι
2463 2311 2704 2376 θεσπίζω
2735 2312 2867 2366 δέκα
2901 2312 3261 2377 ἑκατοντάδας
3314 2312 3545 2384 χρυσίου
3594 2312 3677 2367 λι-

2094 2399 2239 2471 τρῶν
2286 2400 2721 2472 ἐξαποπαλῆναί
2772 2420 2862 2473 μοι
2909 2403 3061 2475 παρά
3094 2403 3188 2458 σοῦ
3239 2404 3297 2458 ἐν
3348 2407 3419 2476 τῇ
3451 2403 3675 2477 παρόδῳ

2094 2509 2195 2561 μου
2229 2493 2296 2563 τῇ
2336 2492 2477 2545 κατὰ
2502 2493 2602 2563 τὴν
2632 2494 2911 2566 Καίσαρος
2929 2511 2944 2527 ·
2980 2494 3059 2549 ἐτι
3106 2512 3208 2567 μου
3231 2495 3374 2552 κατὰ
3404 2494 3505 2567 τὴν
3533 2494 3674 2550 λεω-

2091 2583 2257 2654 φόρον
2302 2581 2415 2654 (55)
2453 2584 2820 2655 ὑπάρχοντος·
2876 2586 2974 2641 σὺν
3006 2586 3187 2656 πολλῷ
3237 2587 3315 2658 τῷ
3366 2588 3525 2658 τάχει
3569 2589 3675 2657 ἅφ-

2093 2676 2409 2746 ικνουμένου
2450 2693 2551 2748 μου
2596 2676 2690 2730 ἐπὶ
2735 2676 2826 2731 τὸν
2884 2677 3152 2750 Περσικὸν
3207 2678 3445 2750 πόλεμον
3472 2693 3489 2709 ·
3531 2678 3675 2732 ἐτοί-

2093 2786 2195 2838 μου
2215 2767 2325 2839 (56)
2347 2768 2499 2832 ὄντος
2525 2785 2648 2839 μου,
2665 2770 2713 2821 εί
2734 2768 2809 2840 μὴ
2829 2768 2988 2822 τοῦτο
3017 2770 3285 2840 ποιήσεις,
3303 2771 3485 2828 πάντα
3502 2771 3674 2824 τόπον

2089 2862 2459 2915 ἁνασκευὰσαι
2477 2863 2576 2933 τῆς
2635 2862 2952 2933 Καίσαρος·
2994 2862 3089 2916 καὶ
3141 2862 3211 2917 τὰ
3266 2863 3437 2916 πάλαι
3493 2864 3673 2934 αὐτῆς

2091 2952 2442 3026 ἐγηγερμένα
2461 2952 2946 3024 καλλιουργήματα
2976 2952 3089 3024 (57)
3124 2953 3542 3026 καταστρέψαι·
3572 2954 3672 3008 καὶ

2090 3038 2232 3092 κατὰ
2286 3039 2452 3092 τόπον
2512 3039 2674 3104 ναούς
2726 3057 2787 3093 τε
2835 3042 2928 3094 καὶ
2987 3041 3279 3113 ἀγάλματα
3326 3042 3669 3113 ἀναστῆσαιο

2091 3127 2232 3183 ὥστε
2271 3146 2339 3201 με
2384 3129 2594 3184 πείσειν
2648 3130 2857 3196 πάντας
2885 3131 3051 3186 εἴκειν
3080 3132 3291 3203 βασιλεῖ
3336 3132 3670 3205 Ῥωμαίων,

2091 3222 2186 3274 καὶ
2219 3222 2293 3293 μὴ
2327 3222 2740 3294 ὑπεραίρεσθαι.
2789 3223 2863 3276 Τὸ
2907 3219 3003 3277 οὖν
3047 3225 3404 3296 ἐξονομασθέν
3443 3226 3674 3298 χρυσίον

2091 3311 3079 3386 ἐξαριθμοζυγοκαμπανοτρυτανίσας
3120 3317 3213 3370 καὶ⁵
3245 3317 3629 3389 διαμετρήσας
3652 3356 3670 3383 ,

2090 3406 2348 3475 ἀσφαλῶς
2380 3407 2756 3472 ἐξαπόστειλόν
2803 3424 2892 3477 μοι
2919 3408 2986 3461 δι’
3015 3408 3216 3462 οἰκείου
3246 3410 3440 3463 πιστοῦ
3464 3427 3545 3463 σοι
3582 3410 3674 3463 δν-

2089 3513 2181 3561 τος
2204 3499 2233 3559 ,⁸
2265 3499 2533 3568 δακτυλίῳ
2586 3499 2696 3569 (58)
2748 3499 2827 3571 τῷ
2881 3498 2957 3570 σῷ
3007 3501 3447 3573 σφραγισάμενος
3472 3517 3487 3532 ·
3522 3499 3673 3555 ὥστε

2094 3607 2193 3660 με,
2230 3590 2581 3658 ἐπεγνωκότα
2634 3592 2745 3660 (59)
2781 3593 2884 3646 κᾶν
2921 3592 3018 3663 ὀψέ
3054 3610 3185 3646 ποτε
3229 3594 3324 3646 τοῦ
3366 3590 3561 3665 καιροῦ
3610 3592 3676 3648 τὸ

411 3681 805 3752 ἀπαραίτητον,
826 3681 1058 3750 γαληνόν
1098 3697 1180 3734 σοι
1212 3680 1468 3749 γενέσθαι
1508 3682 1639 3754 περὶ
1685 3681 1755 3736 τὰ
1798 3683 2156 3753 ἐπταισμένα.
2190 3686 2256 3738 Ἀ
2286 3683 2341 3736 δὲ
2368 3684 2607 3753 ἀνέγνων
2631 3685 2778 3756 (60),
2803 3685 2973 3750 ἔγνων
2995 3687 3089 3740 καὶ
3118 3685 3417 3756 κατέγνων.

944 3793 1282 3849 EPISTULA
1318 3794 1475 3849 XLI‘.

2617 3798 2961 3852 ΕΠΙΣΤΟΛΗ
2997 3800 3134 3854 ΜΑ’.

412 3887 602 3961 JuLiani
626 3887 915 3961 impietatem
940 3885 1187 3961 liberrime
1208 3886 1370 3961 arguit
1396 3885 1781 3961 Basilius.rride{
1804 3886 1917 3961 auri
1945 3902 2185 3961 surrupiam
2213 3886 2432 3961 hominis
2453 3888 2613 3961 herbis
2648 3887 2822 3961 virenti
2852 3888 3165 3961 imperatam.
3192 3892 3352 3961 {Vegat
3372 3889 3421 3961 ei
3441 3888 3674 3961 inrpiejn

476 3952 636 4018 Deum
652 3948 702 4001 se
726 3948 907 4018 gerenti
934 3952 1239 4012 profuturam
1261 3948 1414 4018 legem
1440 3949 1490 3998 in
1510 3948 1740 4012 veneﬁcos
1764 3951 1929 4000 latam.
1955 3948 2167 4013 Denique
2204 3951 2483 4016 pronuntiat
2505 3965 2614 4003 eum
2636 3965 2730 4002 non
2750 3948 3040 4002 intelleiisse
3070 3965 3180 4017 quae
3200 3948 3345 4018 legit;
3366 3953 3412 4004 si
3431 3948 3559 4007 enim
3592 3951 3673 4003 in-

474 4009 1179 4063 tellexisset"condcninaturwn
1200 4024 1295 4061 non
1308 4009 1483 4075 Tuisse.

832 4123 1069 4177 Basilius
1088 4122 1157 4176 ad
1187 4125 1299 4178 Iure
1327 4121 1568 4176 Iuliano.

488 4217 540 4271 1.
581 4215 788 4285 Exigua
836 4224 960 4271 sunt
1002 4222 1095 4268 tua
1138 4215 1421 4285 praasentis
1464 4212 1696 4268 fortunae
1730 4214 1987 4283 prtcclare

486 4357 505 4374 ⁴
535 4351 685 4407 Alias
714 4349 920 4407 CCVIII
944 4360 999 4405 et
1031 4350 1209 4404 CCIX.

2328 4121 2650 4187 Βασίλειος
2692 4120 3004 4185 Ἰουλίαν-ᾦ
3031 4120 3181 4188 πρὸς
3209 4120 3418 4175 ταῦτα.

2160 4212 2213 4267 I.
2264 4212 2455 4283 Μικρά
2482 4228 2574 4264 σου
2602 4212 2668 4265 τὰ
2692 4212 2789 4283 τῆς
2816 4211 3096 4285 παρούσης
3124 4211 3296 4283 τύχης
3327 4211 3672 4286 ἀνδραγαθήέ

2097 4361 2213 4417 quo,
2234 4354 2417 4399 narrat
2446 4344 2791 4417 Lampridius
2826 4346 3084 4400 itinerum
3112 4345 3232 4417 dies
3267 4345 3487 4415 publice
3529 4362 3670 4417 pro-

486 4404 1235 4489 (Astapbdzamtsosmi.
1267 4418 1360 4475 Sic
1394 4426 1623 4488 uterque
1647 4415 1815 4472 Coisl.
1859 4431 1985 4489 cum

2099 4404 2439 4489 ponisolitos
2464 4404 2605 4481 esse',
2638 4416 2715 4489 ita
2753 4424 2807 4469 ut
2845 4416 3071 4469 edictum
3099 4404 3341 4489 penderet
3373 4427 3489 4489 ante
3516 4404 3672 4489 nien-

416 4487 683 4547 Medicaeo‘
698 4499 753 4545 et
776 4488 945 4558 Regio
981 4490 1140 4544 2897.
1169 4488 1311 4558 Editi
1341 4494 1395 4544 et
1437 4488 1775 4558 Anglicanus
1819 4487 1992 4558 codex

415 4555 950 4632 προσκυλινδοῦνταξ
986 4558 1138 4613 Ilarl.
1168 4566 1241 4632 _et
1273 4557 1447 4627 Bigot.
1493 4555 1989 4632 npoxultviiobvsat.

508 4632 601 4698 49)
637 4630 873 4699 Πρέπει.
908 4628 1044 4684 Tres
1082 4628 1305 4684 codices
1346 4626 1480 4682 mss.
1530 4626 1657 4681 cum
1702 4626 1866 4680 editis
1891 4627 1992 4697 ἀρ-

460 4702 592 4757 ὄζει.

417 4720 598 4841 μοῗὲδ)
647 4768 759 4825 Τὸν
803 4769 1128 4838 ἀπόγονον.
1187 4766 1418 4834 Quidam
1475 4764 1693 4822 codices
1739 4764 1831 4818 τὸν
1886 4766 1993 4819 ἀπὸ

452 4844 624 4897 ένους.

413 4859 961 4982 ἶεῖἓῗῗὙπρτεᾼής
982 4925 1104 4979 μοι.
1144 4905 1284 4964 Med.
1321 4905 1586 4977 ὑποτελής
1625 4921 1749 4976 μου.
1788 4902 1987 4960 Ibidem

416 4978 832 5035 Παιιζένταῦθα
857 4978 934 5032 δέ.

487 5048 1139 5119 (52)11ροὸαλλόμενος.
1190 5045 1357 5119 Harl.
1377 5046 1447 5100 ad
1495 5045 1794 5119 marginem
1837 5061 1990 5119 περι-

414 5113 764 5192 ϐαλλόμενος.
798 5113 966 5192 Paulo
998 5113 1123 5189 post
1151 5134 1284 5174 mss.
1316 5117 1570 5172 Κωνστα.
1602 5113 1752 5171 Unus
1792 5129 1859 5168 ex
1880 5113 1988 5169 Re-

414 5192 517 5261 giis
549 5191 973 5261 Κωνσταντίνου.
1052 5197 1057 5203 ’

489 5262 597 5326 (55)
624 5258 1045 5314 Γνωσθέντων.
1067 5255 1241 5328 Bigot.
1266 5254 1855 5328 λεχθέντων..ριιαιηυὶδ
1878 5254 1988 5308 Ιιωε

413 5330 477 5386 de
504 5342 550 5382 te
584 5333 828 5384 dixerim.

487 5401 599 5468 (54)
634 5399 1123 5470 Μετεσχήκαμεν.
1167 5397 1386 5470 Addunt
1433 5396 1562 5470 edit_i
1610 5395 1690 5470 frgi:
1741 5394 1987 5470 βέᾉτιστα

414 5464 741 5542 γράμματα,
757 5464 1187 5542 _et_'c0d.'Bigot.
1212 5467 1494 5542 μαθόντες.
1522 5464 1628 5523 Sed
1649 5464 1763 5521 ha‘c
1789 5466 1987 5521 desunt

416 5538 474 5595 in
514 5538 690 5610 Iiarl..
726 5539 863 5595 Med.
896 5549 951 5595 et
974 5538 1397 5610 tttroque’Coisl.

489 5609 601 5677 (55)
631 5612 760 5663 Ἔτι
787 5624 905 5679 μου
934 5610 1085 5663 κατὰ
1118 5603 1235 5675 τὴν
1271 5611 1613 5679 λεωφόρον.
1636 5605 1864 5679 Yidetur
1888 5603 1987 5679 Ju_-

419 5676 602 5739 liaaus
621 5676 823 5737 imitari
853 5680 1302 5739 consuetudinem
1329 5676 1622 5737 Alexandri
1645 5676 1853 5745 Severi,
1879 5677 1982 5735 sub

2093 4484 2173 4539 ses
2202 4488 2356 4548 duos,
2382 4487 2436 4538 in
2462 4501 2562 4553 quo
2602 4487 2855 4551 scriptum
2889 4496 3022 4539 esset
3049 4500 3065 4537 .'
3105 4484 3217 4537 Illa
3242 4484 3352 4549 die,
3398 4486 3495 4539 illa
3526 4488 3671 4542 liora

2092 4555 2156 4608 ab
2195 4555 2321 4609 urbe
2345 4570 2462 4608 sum
2504 4556 2763 4618 exiturus,
2796 4565 2868 4616 et,
2914 4557 2961 4609 si
2992 4555 3067 4607 dii
3097 4556 3373 4619 voluerint,
3406 4557 3461 4610 in
3489 4558 3671 4620 prima

2093 4626 2364 4695 mansione
2383 4641 2664 4678 mansurus
2696 4642 2714 4679 :
2747 4625 2931 4695 deinde
2951 4642 3043 4695 per
3071 4626 3305 4679 ordinem
3336 4626 3666 4694 mansiones,

2091 4694 2278 4749 deinde
2322 4695 2545 4760 stativa,
2605 4695 2793 4750 deinde
2848 4694 3184 4749 ubi'nnnona
3227 4695 3533 4765 accipienda
3572 4713 3670 4751 es-

2090 4774 2186 4827 set,
2221 4774 2328 4818 CIC.

2163 4834 2273 4904 (56)
2315 4834 2608 4904 Ἑτοίμου.
2636 4833 2807 4890 Coisl.
2843 4834 3116 4889 secundus
3152 4833 3232 4888 sic
3261 4834 3479 4890 exhibet
3507 4834 3667 4892 hunc

2090 4903 2271 4976 locum
2306 4922 2319 4957 :
2353 4904 2447 4976 καὶ
2477 4903 2631 4976 είγμὴί
2652 4904 2809 4958 τοῦτο
2845 4907 3109 4976 ποιήσεις,
3139 4904 3370 4976 ἐτοίμως
3402 4904 3669 4976 ἔχω-ἁνα-

2092 4974 2471 5055 σκευάσαιτῇν
2523 4975 2820 5055 Καίσαρος.
2855 4974 2967 5028 Sed
3006 4974 3175 5029 Coisl.
3219 4974 3459 5044 primus,
3475 4974 3663 5044 Παλ-1.,

2090 5042 2230 5098 Med.
2268 5052 2321 5098 et
2348 5044 2441 5097 aln
2474 5044 2655 5098 plures
2686 5053 2745 5097 ut
2771 5061 2825 5097 tn
2857 5052 3029 5098 textu.

2145 5058 2230 5099 ea.
2268 5058 2321 5098 CI.
2348 5058 2441 5097 alII
2474 5058 2655 5099 DIUI‘CS
2686 5058 2745 5097 ιιι
2771 5061 2825 5097 ιη
2857 5058 3029 5098 textu.

2160 5060 2230 5099 :a.
2268 5060 2321 5098 et
2348 5060 2441 5097 aut
2474 5060 2655 5113 plures
2686 5060 2745 5097 υι
2771 5061 2825 5097 tn
2857 5060 3029 5098 teXIu.

2160 5114 2271 5184 (57)
2295 5112 2853 5184 Καλλιουργήματα.
2882 5113 3034 5169 Harl.
3053 5121 3109 5169 et
3126 5111 3299 5184 Bigot.
3328 5112 3666 5189 καλλιεργή-

2169 5202 2257 5236 τα.

2160 5254 2269 5324 (ξι8)
2297 5254 2623 5320 Δακτυλίῳ.
2646 5253 2775 5310 Post
2799 5255 2912 5315 haec
2930 5256 3114 5319 verba,
3138 5253 3515 5324 ἐξαπόστειλόν
3542 5273 3660 5324 μοι,

2088 5323 2440 5404 addithisl.
2468 5326 2800 5404 [prim-use;
2848 5325 3084 5404 συνίδῃς.
3124 5323 3264 5380 Med.
3296 5327 3344 5378 εἰ
3396 5323 3658 5404 συνεῖδεςᾴ

2086 5393 2238 5447 Ilarl.
2266 5397 2314 5448 εί
2354 5393 2739 5465 ίσυνίδεςηδειὶ
2784 5396 2897 5449 hrec
2924 5393 3171 5465 minime
3224 5396 3557 5465 necessaria,
3588 5411 3662 5452 ac

2086 5465 2283 5518 melius
2314 5464 2564 5518 videntur
2592 5463 2780 5519 deesse
2819 5466 2873 5518 in
2904 5464 3072 5519 Coisl.
3105 5465 3331 5519 secuud.
3544 5463 3550 5465 ’
3588 5470 3593 5479 “

2158 5534 2269 5602 (59)
2311 5535 2739 5606 Ἐτζεγιζωκότα.
2772 5533 3473 5606 ιθεοηςίιιηιηέπεγνωκότι.

2158 5606 2269 5674 (60)
2301 5606 2359 5658 ’Ἀ
2388 5604 2455 5656 δὲ
2496 5604 2783 5672 ἀνέγνων,
2814 5617 2918 5659 etc.
2955 5603 3030 5657 Ita
3076 5603 3240 5661 Harl.
3274 5605 3386 5659 Sed
3412 5607 3529 5661 haec
3557 5606 3658 5665 de-

2087 5677 2295 5752 suntin
2331 5682 2564 5752 utroque
2589 5676 2754 5752 Coisl.
2786 5682 2840 5729 et
2871 5674 3009 5732 Med.
3040 5674 3131 5734 Sic
3162 5676 3360 5750 legitur
3384 5677 3444 5734 in
3468 5677 3652 5752 Bigot,

2092 5748 2157 5798 *Α
2185 5745 2298 5808 γὰο
2319 5744 2557 5811 ἀνέγνων
2584 5744 2880 5812 κατέγνων.
