3886 6220
218 349 322 404 545

1176 353 1666 413 EPISTOLARUM
1701 355 1989 413 CLASSES
2026 354 2066 412 Ι.
2100 354 2318 412 EPIST.
2361 354 2498 414 XLI.

3371 350 3477 410 346

219 476 366 532 ματα
390 477 407 491 ·
449 460 545 514 καὶ
580 458 760 532 φαῦλα
793 461 864 517 τὰ
883 463 983 534 τῆς
1026 464 1337 536 ἀριστείας,
1370 461 1441 538 ἦς
1479 466 1645 531 αὐτὸς
1672 466 1780 538 ἠρί-

1896 464 2080 520 facta:
2112 466 2360 537 improba
2412 482 2544 522 vero
2574 483 2696 537 quin
2736 474 2930 524 contra
2954 481 3056 524 nos
3097 465 3313 539 egregie
3355 481 3478 536 ges-

216 569 455 616 στευσας
482 552 607 607 καθ’
650 554 846 625 ἡμῶν·
874 557 994 626 οὐχὶ
1025 556 1083 610 δὲ
1129 556 1249 610 καθ’
1290 558 1472 629 ἡμῶν,
1514 557 1651 613 ἀλλά
1672 558 1792 613 καθ’

214 640 439 695 ἑαυτοῦ.
476 641 622 711 Ἐγὼ
648 642 707 696 δὲ
734 644 924 716 τρόμῳ
959 646 1252 719 συνέχομαι
1276 688 1291 712 ,
1317 649 1444 702 ὅταν
1468 649 1620 702 λάϐω
1656 649 1797 704 κατά

211 734 340 788 νοῦν
388 736 701 808 πορφυρίδα
752 754 812 792 σε
867 739 1295 813 περιϐεϐλῆσθαι
1357 742 1507 815 (61)·
1547 744 1796 816 στεφάνῳ

209 825 270 878 δὲ
295 826 399 897 τὴν
433 826 630 898 ἄτιμον
654 829 1031 901 κεκοσμῆσθαί
1066 848 1160 885 σου
1203 835 1467 906 κεφαλὴν,
1497 835 1634 908 ὅπερ
1670 836 1796 906 δίχα

209 916 505 983 εὐσεϐείας
536 921 638 973 οὐκ
684 921 926 993 ἔντιμον,
975 924 1090 978 ἀλλ’
1125 924 1320 996 ἄτιμον
1373 926 1660 997 καθίστησι
1700 944 1792 979 σου

205 1006 315 1080 τὴν
381 1009 662 1081 βασιλείαν
715 1013 849 1087 (62).
917 1016 1056 1070 Ἀλλ’
1113 1017 1278 1083 αὐτὸς
1338 1019 1647 1074 ἐπανελθὼν
1702 1022 1795 1074 καὶ

208 1101 607 1176 ὑπερμεγέθης
655 1106 948 1177 γενόμενος
967 1147 982 1172 ,
1016 1107 1091 1172 ὥς
1114 1125 1179 1179 γε
1209 1109 1403 1180 φαῦλοι
1429 1110 1526 1165 καὶ
1564 1110 1793 1183 μισόκα-

205 1192 294 1246 λοι
340 1193 599 1266 δαίμονες
641 1197 899 1253 εἵλκυσάν
929 1217 989 1253 σε
1020 1203 1103 1266 εἰς
1132 1201 1328 1267 τοῦτο,
1366 1203 1427 1256 οὐ
1465 1203 1624 1274 μόνον
1651 1204 1793 1275 ὑπὲρ

205 1284 403 1339 πᾶσαν
450 1287 616 1356 φύσιν
649 1288 952 1361 ἀνθρώπων
1006 1296 1223 1366 φρονεῖν
1270 1294 1420 1366 ἤρξω
1454 1294 1566 1367 (65)
1593 1332 1610 1361 ,
1656 1295 1794 1349 ἀλλά

202 1376 306 1430 καὶ
332 1380 421 1441 εἰς
450 1378 585 1434 Θεὸν
604 1380 1030 1455 ὑπεραίρεσθαι,
1063 1386 1156 1439 καὶ
1197 1384 1292 1459 τὴν
1325 1387 1543 1441 πάντων
1576 1389 1792 1461 μητέρα

200 1469 305 1523 καὶ
330 1469 557 1542 τιθηνὸν
593 1472 917 1545 Ἐκκλησίαν
945 1474 1267 1549 ἐνυϐρίζειν,
1314 1477 1545 1550 μηνύσει
1584 1480 1792 1551 χρησά-

202 1578 379 1632 μενος
425 1563 563 1634 πρὸς
615 1565 682 1636 μὲ
727 1566 822 1620 τὸν
872 1567 1254 1624 εὐτελέστατον
1308 1571 1520 1642 χιλιάδα
1563 1574 1788 1645 χρυσίου

199 1650 413 1723 λιτρῶν
441 1652 875 1727 ὲξαποσταλῆναί
902 1674 984 1709 σοι
1016 1659 1144 1730 παρ’
1178 1660 1335 1730 ἐμοῦ.
1373 1660 1485 1714 Καὶ
1505 1663 1539 1732 ἡ
1561 1661 1660 1733 μὲν
1689 1661 1785 1716 τοῦ

197 1746 441 1815 χρυσίου
469 1746 604 1820 ὁλκὴ
631 1750 731 1803 οὐκ
759 1750 1039 1824 ἐθάμϐησέ
1076 1770 1177 1824 μου
1212 1753 1312 1824 τὴν
1342 1753 1598 1818 διάνοιαν,
1620 1755 1787 1808 εἶκαὶ

1898 555 2056 621 sisti,
2096 556 2180 610 vel
2220 557 2402 625 potius
2451 572 2560 611 non
2607 564 2798 612 contra
2846 572 2972 625 nos,
3017 556 3113 613 sed
3159 562 3356 612 contra
3397 563 3476 610 te-

1895 645 2210 715 metipsum.
2255 644 2367 716 Ego
2419 647 2566 700 enim
2617 647 3029 711 contremisco,
3079 661 3207 701 cum
3235 646 3289 700 in
3318 659 3476 700 men-

1895 741 2004 790 tem
2047 738 2196 792 venit
2248 742 2302 790 te
2359 751 2601 807 purpura
2635 736 2909 803 indutum,
2964 752 3029 792 ac
3066 744 3223 792 tuum
3271 735 3478 794 infame

1893 832 2059 895 caput
2108 839 2314 881 corona
2360 826 2675 881 redimitum
2733 843 2902 893 esse,
2948 843 3070 898 qua:
3112 827 3233 882 sine
3273 827 3476 898 pietate

1893 932 2002 972 non
2031 927 2191 973 ornat
2237 919 2526 989 imperium
2570 926 2748 987 tuum,
2791 920 2917 976 sed.
2945 919 3243 991 ignominia
3286 934 3478 990 asper-

1892 1011 1992 1080 git.
2027 1007 2111 1063 'l'u
2145 1024 2311 1078 porro
2341 1009 2592 1065 excelsus
2619 1050 2635 1075 ,
2671 1019 2727 1065 et
2773 1025 2942 1080 supra
2980 1011 3203 1066 modum
3240 1023 3474 1076 magnus

1892 1100 2139 1165 cﬂectus,
2172 1110 2526 1172 posteaquam
2575 1104 2796 1159 scelesti
2833 1118 2899 1159 ac
2942 1103 3124 1160 omnis
3158 1102 3380 1159 virtutis
3416 1107 3477 1158 et

1893 1192 2197 1250 honestatis
2248 1192 2434 1250 hostes
2477 1192 2755 1251 daemones
2818 1205 2873 1250 te
2928 1194 2988 1250 in
3036 1195 3144 1249 hoc
3190 1203 3475 1265 pertraxe-

1892 1291 2043 1349 runt,
2102 1298 2212 1338 non
2243 1286 2420 1341 solum
2479 1300 2646 1356 supra
2695 1300 2916 1342 omnem
2975 1285 3271 1340 humanam
3310 1293 3473 1341 natu-

1889 1388 2007 1428 ram
2033 1377 2238 1431 sentire
2275 1376 2527 1447 coepisti,
2568 1377 2665 1432 sed
2697 1362 2862 1433 etiam
2895 1377 2952 1431 in
2987 1376 3160 1433 Deum
3206 1377 3469 1435 verticem

1890 1465 2082 1521 tollere
2107 1507 2122 1532 ,
2162 1480 2227 1521 ac
2256 1465 2560 1524 Ecclesiam
2605 1468 2852 1525 omnium
2906 1475 3136 1526 matrem
3178 1483 3245 1524 ac
3292 1470 3472 1524 nutri-

1889 1573 2007 1614 cem
2077 1559 2278 1630 injuria
2341 1561 2593 1630 allicere,
2643 1564 2962 1635 signiﬁcans
3020 1563 3198 1628 mihi,
3260 1564 3471 1619 homini

1887 1648 2192 1713 vilissimo,
2229 1660 2287 1704 ut
2342 1652 2462 1706 auri
2501 1652 2672 1708 libras
2710 1653 2860 1709 mille
2921 1653 2991 1709 ad
3030 1662 3084 1710 te
3126 1655 3358 1709 mittam.
3402 1654 3470 1708 Et

1889 1741 2007 1795 auri
2047 1742 2266 1811 quidem
2318 1744 2529 1815 pondus
2559 1744 2802 1800 animum
2851 1761 3032 1802 meum
3063 1761 3174 1802 non
3212 1747 3465 1818 perculit,

200 1837 357 1907 μάλα
384 1838 553 1913 πολλὴ
582 1840 920 1914 καθέστηκεν
938 1861 951 1874 ·
982 1845 1119 1900 ἀλλά
1148 1846 1416 1918 δακρῦσαί
1465 1863 1532 1918 με
1570 1846 1780 1919 πικρῶς

1889 1833 2134 1901 quamvis
2173 1833 2330 1889 valde
2367 1850 2625 1906 magnum
2665 1836 2778 1906 sit;
2823 1835 2919 1892 sed
2949 1851 3166 1893 amaras
3212 1838 3346 1892 mihi
3387 1839 3471 1892 la-

199 1931 629 2000 παρεσκεύασεν
656 1935 751 1988 ἐπὶ
772 1939 839 2007 τῇ
873 1936 1099 2010 τοιαύτῃ
1123 1938 1354 2010 ταχίστῃ
1384 1955 1481 1992 σου
1514 1938 1779 2011 ἀπωλείᾳ.

211 2022 631 2096 Ἐντεθύμημαι
655 2026 764 2099 γὰρ
792 2028 915 2083 καθ’
951 2029 1142 2084 ἑαυτὸν
1167 2030 1242 2094 ὼς
1267 2030 1379 2100 ἐγώ
1410 2047 1471 2084 τε
1506 2032 1666 2095 αὐτὸς
1691 2032 1785 2084 καὶ

195 2114 234 2183 ή
264 2113 335 2184 σὴ
388 2114 766 2185 καλοκάγαθία
793 2118 986 2183 κοινῶς
1016 2119 1412 2193 μεμαθήκαμεν
1438 2119 1509 2173 τὰ
1540 2120 1659 2192 ἱερά
1690 2121 1786 2174 καὶ

196 2202 464 2272 βέλτιστα
505 2206 832 2279 γράμματα.
872 2210 1153 2283 Ἑκάτεροι
1184 2211 1242 2264 δὲ
1277 2210 1388 2283 (64)
1433 2209 1782 2282 διεξήλθομεν

193 2295 301 2360 τὰς
336 2297 505 2366 ἀγίας
545 2301 641 2352 καὶ
676 2299 1064 2366 θεοπνεύστους
1094 2303 1350 2375 Γραφὰς,
1381 2306 1476 2358 καὶ
1524 2304 1781 2359 ἐλάνθανε

194 2389 304 2459 μέν
335 2406 402 2442 σε
426 2390 551 2443 τότε
581 2390 754 2455 οὐδὲν,
790 2393 884 2446 ἐπὶ
920 2393 979 2446 δὲ
1012 2393 1107 2447 τοῦ
1150 2396 1418 2466 παρόντος
1467 2396 1782 2468 ἀκόσμητος

192 2479 552 2552 καθέστηκας
572 2522 589 2547 ,
632 2482 740 2536 ὑπὸ
786 2483 1029 2538 τοιούτου
1083 2487 1434 2557 φρονήματος
1478 2504 1781 2559 στρατοπε-

191 2570 434 2635 δευθείς.
470 2574 656 2644 ᾜδεις
684 2576 834 2646 ἡμᾶς
856 2577 964 2647 πρὸ
987 2577 1086 2646 τῆς
1123 2578 1249 2649 χθὲς
1268 2617 1284 2643 ,
1313 2579 1670 2649 γαληνότατε,
1692 2582 1780 2635 ἐπ’

191 2662 484 2736 ἀπληστίᾳ
523 2666 823 2737 χρημάτων
855 2667 929 2740 μὴ
959 2670 1339 2724 πολιτεύεσθαι
1363 2687 1377 2701 ο
1412 2671 1509 2726 νῦν
1538 2670 1597 2726 δὲ
1638 2673 1779 2727 κατὰ

191 2752 294 2823 τὴν
351 2755 664 2809 ἐνεστῶσαν
712 2756 846 2811 δέκα
893 2760 1253 2825 ἑκατοντάδας
1303 2762 1525 2834 χρυσίου
1579 2762 1780 2837 λιτρῶν

191 2844 638 2917 ὲξαποσταλῆναί
678 2866 760 2902 σοι
806 2848 1148 2923 ὲπεζὴτησας
1196 2853 1323 2925 παρ’
1355 2853 1531 2925 ἡμῶν.
1586 2854 1779 2909 Φείσα-

195 2938 328 2992 σθαι
382 2937 542 3009 ἡμῶν
592 2942 773 2997 τοίνυν
818 2943 1065 3016 θέλησον,
1124 2945 1460 3017 γαληνότατε
1481 2987 1497 3014 ,
1537 2948 1779 3004 τοσαῦτα

191 3034 583 3103 κεκτημένων,
609 3036 710 3089 ὅσα
733 3034 800 3091 ἂν
830 3038 1072 3110 τήμερον
1103 3038 1418 3111 θελήσωμεν
1447 3045 1641 3111 φαγεῖν
1664 3041 1777 3113 (65)

192 3125 302 3177 οὐκ
341 3121 631 3195 ἐξαρκέσει
669 3126 827 3205 ἡμίν.
881 3127 1066 3198 ’Δργεί
1108 3130 1252 3201 γὰρ,
1296 3130 1392 3205 ὡςΔ
1421 3132 1600 3197 εἰκὸς,
1644 3134 1776 3205 παρ’

192 3214 332 3284 ἡμῖν
365 3215 644 3285 μαγείρων
664 3201 851 3288 τέχντγ
876 3218 1120 3290 μάχαιρα
1138 3198 1195 3273 δέ
1217 3198 1399 3274 αὐτῶθ
1417 3223 1644 3293 αῖμασιν

193 3303 262 3355 οὐ
317 3304 657 3375 προσομιλεῖ.
712 3306 794 3360 Τά
862 3308 1091 3379 μέγιστα
1150 3310 1261 3381 (67)
1301 3310 1413 3364 τῶν
1467 3312 1599 3384 παρ’
1643 3315 1776 3384 ἡμῖν

199 3393 533 3465 βρωμάτων,
577 3398 636 3448 ὲν
676 3393 756 3461 οἷς
800 3399 832 3469 ἡ
875 3398 1153 3469 δαψίλεια,
1201 3401 1411 3472 χόρτων
1458 3401 1633 3472 φύλλα
1679 3405 1776 3457 σὺν

194 3483 354 3556 ἁρτῳ
387 3485 714 3558 τραχυτάτῳ
750 3488 846 3541 καὶ
875 3488 952 3560 τῷ
990 3491 1305 3563 ἐξεστηκότι
1331 3494 1491 3563 οἴνῳ’
1522 3492 1662 3547 ὥστε
1701 3494 1776 3566 μὴ

195 3574 631 3647 ἑκθαμϐούμενα
659 3577 769 3650 (68)
797 3580 954 3650 ἡμῶν
984 3581 1052 3634 τὰ
1076 3583 1404 3655 αἰσθητήρια
1430 3585 1538 3639 ὑπὸ
1560 3586 1660 3658 τῆς
1678 3601 1775 3655 γα-

199 3668 573 3740 στριμαργίας
594 3668 681 3721 ἐπ’
703 3670 980 3744 ἀφροσύνῃ
1013 3672 1412 3730 πολιτεύεσθαι.

268 3761 327 3814 2.
374 3763 702 3833 Ἀπήγγειλε
720 3763 779 3818 δέ
799 3781 888 3836 μοι
916 3766 1011 3819 καὶ
1035 3765 1191 3821 τοῦτο
1220 3768 1432 3831 Λαῦσος
1453 3770 1482 3822 ὁ
1504 3768 1597 3833 σὸς
1624 3768 1778 3842 περι-

200 3851 433 3918 ϐλεπτος
478 3854 795 3927 τριϐοῦνος,
850 3857 880 3909 ὁ
923 3857 1144 3929 γνήσιός
1180 3874 1264 3911 σοι
1294 3859 1423 3931 περὶ
1464 3860 1535 3914 τὰ
1582 3861 1778 3914 ἐσπου-

195 3944 446 4017 δασμένα
466 3986 482 4011 ,
508 3947 588 4012 ὡς
606 3951 740 4020 γυνή
773 3967 858 4014 τις
884 3951 1236 4021 προσέλευσιν
1258 3954 1553 4026 ἐποιήσατο
1566 3956 1658 4007 ἐπὶ
1676 3953 1778 4024 τῆς

199 4041 301 4111 σῆς
347 4039 716 4112 γαληνότητος
753 4042 841 4095 ἐπ’
868 4043 1112 4116 ἀπωλείᾳ
1136 4044 1324 4108 παιδὸς
1358 4044 1528 4116 αὐτῆς
1561 4060 1778 4115 φαρμα-

195 4134 526 4197 ηυθέντοςο
571 4134 667 4187 καὶ
700 4133 777 4198 ὡς
819 4134 1071 4207 κέκριται
1106 4139 1237 4210 παρ’
1267 4138 1422 4210 ὑμῶν
1450 4140 1778 4212 φαρμακοὺς

198 4226 304 4298 μὲν
359 4224 611 4297 μηδαμοῦ
661 4223 798 4282 εἶναι
841 4226 985 4298 (69),
1028 4228 1188 4293 ὄντας
1229 4229 1287 4283 δὲ
1333 4230 1707 4303 ἀναιρεῖσθαιο
1740 4231 1775 4303 ἢ

195 4318 446 4381 ἐκείνους
491 4318 685 4387 μόνους
715 4322 1116 4392 περιποιεῖσθαι
1145 4316 1227 4387 οἷς
1261 4324 1294 4395 ή
1348 4326 1494 4396 μάχη
1530 4324 1666 4396 πρὸς
1707 4322 1778 4378 τά

197 4410 392 4481 θηρία.
435 4408 542 4465 Καὶ
572 4411 764 4475 τοῦτο,
799 4411 975 4485 ὀρθῶς
1020 4415 1207 4486 κριθὲν
1254 4416 1384 4488 παρ’
1418 4416 1592 4487 ὑμῶν,
1630 4413 1777 4482 ξένον

200 4520 294 4573 μοι
323 4502 559 4576 πέφηνε.
587 4505 796 4569 Παντὸς
830 4507 941 4579 γὰρ
960 4507 1196 4576 γέλωτος
1236 4510 1540 4581 ἀνάμεστον
1580 4511 1778 4582 τυγχά-
1802 4533 1858 4596 D

195 4609 318 4655 νει,
354 4592 475 4656 πῶς
523 4593 592 4647 τὰ
651 4595 860 4665 μεγάλα
887 4596 1025 4668 ἄλγη
1054 4598 1165 4652 τῶν
1194 4599 1523 4670 τραυμάτων
1562 4603 1781 4672 μικροῖς

199 4687 520 4758 φαρμάκοις
566 4688 860 4760 ἐπιχειρεῖς
889 4687 1233 4761 θεραπεύειν.
1261 4690 1394 4746 Θεὸν
1425 4692 1533 4765 γὰρ
1559 4692 1776 4765 ἐνυϐρι-

279 4818 394 4895 (Si)
430 4822 911 4895 yept6£6lﬁqﬂatf
937 4820 1168 4895 codices
1202 4840 1335 4881 mss.
1367 4832 1594 4895 excepto
1624 4824 1772 4881 Harl.

199 4890 412 4967 addunt
430 4892 576 4967 _67:sp
607 4893 726 4945 ἐστὶ
769 4892 1041 4964 βασιλικὸν
1072 4894 1389 4967 πρόϐλημα,
1417 4890 1555 4965 quod
1590 4907 1670 4951 est
1696 4913 1779 4952 re-

199 4960 328 5032 gale
344 4960 728 5032 indumentum.

280 5029 393 5100 (62)
418 5033 766 5104 Βασιλείαν.
792 5031 935 5104 Editi
954 5033 1154 5089 habent
1179 5033 1441 5104 κεφαλήν,
1457 5044 1512 5091 et
1532 5034 1773 5092 addunt:

200 5100 755 5175 καταγελαστότερον
787 5102 846 5155 δέ
878 5121 970 5157 σου
1001 5106 1100 5158 οὐκ
1136 5100 1306 5174 ἔγνων
1333 5100 1387 5158 εί
1427 5100 1510 5170 τις
1530 5105 1777 5160 τεθέαται

206 5168 453 5247 athenas.
486 5171 645 5227 Haud
662 5168 852 5228 'aulem
884 5175 993 5247 scio
1028 5192 1102 5247 an
1122 5168 1281 5247 nemo
1325 5168 1500 5247 magis
1543 5192 1703 5246 quam
1732 5188 1780 5233 te

206 5240 495 5324 ridiculum
523 5260 837 5324 quemquam
876 5244 1081 5299 viderit.
1115 5245 1222 5301 Sed
1262 5247 1376 5302 hac
1401 5240 1637 5302 nullo-in
1684 5263 1771 5304 co—

206 5311 333 5370 dice
365 5326 468 5366 ms.
497 5311 757 5369 vidimus.
1744 5366 1751 5371 .

282 5380 397 5451 (65)
432 5383 645 5451 Ἠρξω.
671 5385 753 5437 Ita
783 5381 961 5451 εἶσι-1.,
994 5384 1137 5443 Med.
1167 5395 1223 5443 et
1248 5386 1366 5443 Vat.
1392 5386 1556 5446 Deest
1580 5405 1645 5445 ea
1673 5403 1775 5444 vox

207 5451 263 5504 in
296 5460 525 5519 utroque
548 5454 909 5509 Coisliniano.

281 5521 392 5599 (εἰρὶ
434 5524 864 5599 Ἑκάτεροι-δέ.
909 5523 1181 5599 ltafiarl.
1227 5537 1282 5582 et
1322 5528 1488 5583 Coisl.
1542 5531 1772 5599 primus.

205 5590 877 5666 magnemagne;
903 5603 958 5650 et
984 5594 1152 5651 Coisl.
1187 5599 1462 5654 secundus
1499 5590 1561 5655 οἱ
1580 5600 1772 5656 Medic.

275 5662 390 5738 (ξε)
417 5662 652 5738 Φαπδεῒν.
682 5662 1246 5738 Βατιξνχορτασθῆναι.

301 5732 394 5809 ἓξ)
414 5732 694 5809 Αἷμασιν.
724 5732 1163 5809 Μεῴρςαῖματι.

931 5738 1287 5881 ἒέιῆῗίἧεςη
1316 5807 1452 5867 Med.
1471 5818 1523 5868 et
1547 5821 1777 5883 uterque

1890 1936 2106 1994 crymas
2135 1925 2398 1991 excussit,
2430 1927 2502 1981 ob
2539 1927 2684 1983 hanc
2735 1936 2886 1983 tuam
2934 1930 3280 1985 celerrimam
3342 1945 3471 2002 per-

1890 2014 2113 2069 niciem.
2163 2014 2301 2071 Nam
2359 2031 2579 2074 mecum
2612 2020 2730 2090 ipse
2760 2020 3074 2086 considero,
3119 2036 3206 2078 me
3230 2029 3288 2077 et
3313 2027 3468 2077 tuam

1889 2106 2269 2162 strenuitatem
2318 2123 2508 2166 sacras
2546 2126 2611 2166 ac
2642 2113 2879 2182 optimas
2916 2113 3128 2170 litteras
3159 2113 3323 2169 simul
3381 2114 3469 2170 di-

1887 2198 2109 2253 dicisse.
2149 2198 2420 2255 Nimirum
2461 2204 2766 2259 evolvimus
2796 2211 3031 2275 uterque
3068 2212 3294 2261 sanctas
3326 2219 3392 2262 ac
3432 2220 3466 2261 a

1889 2286 1999 2343 Deo
2060 2290 2356 2360 inspiratas
2416 2291 2767 2365 Scripturas,
2833 2305 2998 2368 atque
3038 2303 3171 2352 tunc
3213 2297 3353 2352 nihil
3411 2304 3467 2354 te

1886 2383 2064 2439 latuit.
2102 2384 2258 2441 Nunc
2308 2402 2440 2442 vero
2507 2388 2803 2446 indecorus
2861 2389 3040 2447 factus
3071 2406 3153 2456 es,
3194 2389 3465 2462 ejusmodi

1884 2478 2118 2534 elatione
2148 2464 2315 2535 animi
2357 2482 2523 2537 veluti
2577 2483 2773 2540 castris
2811 2484 3238 2540 circumclusus.
3288 2482 3466 2540 Nove-

1886 2585 1978 2625 ras
2037 2587 2139 2628 nos
2178 2573 2612 2641 nudiustertius,
2654 2577 3040 2645 serenissime,
3101 2576 3462 2648 pecuniarum

1885 2662 2054 2733 copiae
2123 2664 2350 2733 cupidos
2416 2682 2527 2722 non
2591 2682 2751 2736 esse;
2792 2678 2848 2724 et
2894 2676 3076 2725 tamen
3128 2684 3279 2724 nunc
3315 2668 3465 2725 mille

1838 2752 1841 2757 “
1883 2754 2002 2805 auri
2035 2753 2203 2808 libras
2237 2768 2268 2806 a
2296 2770 2384 2809 me
2404 2756 2667 2826 petivisti.
2691 2756 2838 2813 Veiis
2867 2758 3049 2826 nobis,
3080 2758 3454 2827 serenissime,

1882 2859 2104 2913 parcere
2135 2859 2151 2909 ;
2204 2845 2299 2914 qui
2337 2854 2548 2901 tantum
2619 2849 3002 2918 possidemus,
3068 2857 3333 2920 quantum
3359 2889 3375 2915 ,
3414 2849 3463 2905 si

1883 2938 2048 2993 hodie
2096 2941 2385 2995 comedere
2437 2940 2808 3008 voluerimus,
2862 2941 3022 2997 nobis
3051 2956 3164 2997 non
3202 2939 3459 2997 suﬂiciet.

1882 3032 2077 3088 Cessat
2114 3034 2258 3102 apud
2302 3048 2424 3101 nos,
2463 3042 2523 3087 ut
2556 3049 2654 3105 par
2683 3040 2767 3089 est
2800 3074 2816 3099 ,
2851 3048 3156 3105 coquorum
3189 3048 3315 3103 ars;
3358 3049 3460 3089 nec

1882 3141 2071 3181 corum
2127 3128 2297 3182 culter
2369 3127 2692 3197 sanguinem
2746 3126 2988 3197 attingit.
3036 3125 3299 3183 Ciborum
3353 3141 3461 3183 no-

1883 3226 2120 3274 strorum
2159 3219 2347 3289 optimi
2378 3258 2406 3283 ,,
2461 3220 2661 3289 quibus
2690 3217 2997 3285 aﬂluimus,
3052 3217 3343 3274 herbarum
3379 3219 3462 3275 [ο-

1884 3311 1955 3365 lia
1989 3318 2117 3365 sunt
2155 3327 2282 3365 cum
2314 3326 2454 3382 pane
2491 3310 2817 3382 asperrimo,
2872 3320 2927 3367 et
2959 3311 3088 3367 vino
3125 3319 3412 3368 acescente
3441 3330 3456 3367 :

1883 3427 1951 3467 ne
1985 3412 2194 3467 scilicet
2237 3420 2521 3482 stupentes
2577 3426 2778 3469 sensus
2820 3411 2997 3467 nostri
3038 3409 3110 3466 ob
3138 3405 3346 3464 ventris
3373 3402 3461 3459 in-

1881 3503 2115 3574 gluviem
2146 3502 2205 3559 in
2229 3503 2453 3560 vesania
2478 3511 2789 3560 versentur.

1947 3771 2007 3828 2.
2046 3770 2327 3828 Nuntiavit
2362 3780 2417 3829 et
2448 3772 2581 3828 illud
2643 3770 2780 3826 mihi
2853 3769 3071 3828 Lausus
3141 3767 3458 3840 spectabilis

1884 3871 2012 3918 tuus
2064 3863 2319 3920 tribunus
2346 3905 2363 3932 ,
2404 3878 2470 3919 ac
2519 3865 2772 3920 sincerus
2822 3860 3203 3916 mandatorum
3239 3865 3458 3913 tuorum

1882 3955 2153 4021 minister,
2193 3955 2496 4012 accessisse
2537 3955 2822 4011 mulierem
2868 3952 3165 4025 quamdam
3195 3949 3264 4006 ad
3302 3956 3458 4003 tuam

1883 4047 2228 4102 serenitatem
2288 4047 2359 4102 ob
2421 4046 2515 4101 lilii
2562 4060 2775 4102 veneno
2847 4044 3053 4101 sublati
3125 4040 3456 4105 interitum;

1885 4150 2046 4208 atque
2085 4154 2113 4193 a
2147 4138 2301 4195 vobis
2325 4139 2630 4209 iudicatum
2667 4136 2942 4194 veneﬁcos
2972 4146 3249 4207 nusquam
3287 4147 3455 4199 esse;

1885 4230 1933 4286 si
1970 4230 2098 4293 sint,
2135 4245 2165 4285 e
2203 4229 2383 4284 medio
2414 4229 2532 4284 tolli
2574 4244 2588 4280 :
2632 4235 2726 4283 aut
2763 4228 2889 4283 illos
2924 4228 3074 4284 solos
3112 4226 3456 4291 conservari,

1884 4323 1975 4393 qui
2013 4330 2204 4375 contra
2239 4321 2445 4377 bestias
2472 4328 2734 4392 pugnant.
2775 4321 2953 4392 Atque
2991 4320 3095 4376 hoc
3119 4318 3268 4391 quod
3299 4317 3457 4389 125

1885 4431 1915 4469 a
1947 4416 2099 4470 vobis
2138 4422 2286 4470 recte
2335 4415 2644 4485 judicatum
2677 4423 2760 4471 est
2786 4453 2802 4479 ,
2865 4412 3067 4469 mirum
3104 4411 3238 4468 mihi
3273 4410 3457 4467 visum

1884 4513 1985 4561 est.
2058 4504 2193 4560 Illud
2250 4505 2395 4561 enim
2457 4504 2750 4561 ridiculum
2814 4512 2901 4562 est
2986 4502 3261 4572 omnino,
3318 4516 3458 4575 quo-

1882 4598 2045 4654 modo
2096 4613 2323 4669 magnos
2393 4598 2684 4655 vulnerum
2742 4598 2977 4665 dolores
3031 4597 3216 4667 parvis
3278 4610 3458 4651 reme-

1880 4692 1986 4748 diis
2025 4706 2220 4748 sanare
2255 4699 2450 4748 tentes.
2504 4691 2644 4748 Dum
2703 4691 2851 4749 enim
2915 4690 3089 4748 Deum
3145 4687 3317 4754 amcis
3378 4687 3459 4743 in-

1884 4828 2051 4883 Coisl.
2077 4829 2183 4882 Alii
2214 4829 2295 4882 Τὰ
2313 4827 2581 4899 βέλτιστα.
2611 4828 3009 4885 Habentiidem
3038 4827 3258 4883 codices
3291 4826 3457 4899 paulo

1887 4910 2010 4981 post
2031 4897 2375 4981 τραχυτὰτιρ,
2394 4902 2456 4981 εἰ.
2469 4910 2653 4981 tamen
2671 4899 3107 4981 excipias_Coisl.
3130 4897 3454 4981 secundum,

1885 4967 1940 5024 in
1973 4967 2084 5038 quo
2114 4967 2336 5039 legitur,
2362 4976 2422 5024 ut
2444 4971 2500 5025 in
2532 4971 2658 5025 aliis
2680 4967 2978 5032 nonnullis,
3016 4967 3359 5039 βραχυτάτῳ.

1951 5041 2066 5111 (68)
2096 5038 2194 5107 Μὴ
2225 5041 2738 5111 ἐκθαμὸοὐμενα...
2761 5038 3209 5111 πολιτεύεσθαι.
3237 5038 3317 5111 _lta
3362 5051 3456 5111 co-

1881 5109 1983 5163 dex
2015 5107 2532 5192 HarlesnpsﬁAlii'
2559 5111 2633 5182 μὴ
2686 5107 3146 5193 ἐκθαμϐεῖσθαι...
3192 5107 3266 5229 μὴ
3304 5107 3457 5161 πολι-

1881 5178 2153 5229 τεύεσθαι.
2212 5179 2413 5229 lbldem
2466 5180 2774 5229 Οοιυιρτιυι
2830 5181 2914 5229 επ’
2974 5176 3248 5229 ἀπληστα
3305 5176 3455 5229 πολι·

1880 5178 2153 5303 τεύεσὲαι.
2211 5179 2413 5236 ibidem
2466 5176 2774 5237 Cotelerius
2828 5176 2914 5232 ἐπ’
2974 5176 3263 5248 ἀπληστία
3305 5176 3455 5231 πολι·

1880 5266 2040 5302 τευεσ
2075 5268 2154 5303 αι.

1880 5266 2154 5303 τευεσυαι.

1957 5319 2068 5391 (69)
2094 5319 2405 5391 ,Μηδαμοῦ-
2429 5314 2621 5391 εἶναι.
2643 5316 2881 5391 Verbum
2901 5317 3069 5391 verbo
3089 5315 3451 5391 reddidimus.

1882 5387 2016 5447 Nam
2046 5387 2257 5461 isitnilia
2279 5387 2353 5444 de
2375 5387 2712 5461 delatoribus
2730 5390 2982 5461 leguntur
3004 5389 3060 5443 in
3084 5388 3238 5461 Actis
3260 5389 3318 5443 S.
3347 5389 3456 5461 Cy-

1881 5460 2059 5530 priani
2094 5478 2107 5513 :
2146 5459 2373 5529 Legibus
2408 5460 2612 5530 vestris,
2658 5459 2734 5512 ait
2761 5459 3090 5530 Cyprianus,
3123 5458 3248 5530 bene
3295 5458 3456 5530 atque

1882 5528 2086 5584 itliliter
2112 5528 2411 5589 censuistis.
2441 5529 2705 5582 delatores
2737 5545 2839 5581 non
2867 5544 2997 5582 esse.
3034 5528 3126 5583 Sic
3153 5528 3319 5583 etiam
3351 5528 3455 5582 Ba-

1883 5601 2043 5655 silius
2075 5600 2234 5668 epist.
2269 5599 2359 5653 55.
2402 5598 2658 5670 Synodus
2692 5595 2911 5670 Nicgena
2949 5598 3239 5654 manifeste
3273 5599 3455 5670 sanxit

1882 5667 2141 5742 mulieres
2155 5667 2458 5742 extraneas
2482 5686 2585 5742 non
2614 5684 2745 5742 esse.
2785 5667 2955 5742 P_aulo
3004 5674 3129 5741 post
3168 5670 3365 5742 legitur
3394 5669 3453 5724 in

1881 5741 2074 5799 codice
2109 5739 2395 5813 Bigotiano
2428 5740 2620 5812 μόνους
2655 5737 2755 5811 ζῇν
2788 5735 2926 5812 sici]
2958 5778 2975 5808 ,
3004 5735 3115 5797 istc.
