3886 6220
210 294 304 357 549
1019 370 1029 383 .
1143 301 1633 363 EPISTOLARUM
1670 308 1956 369 CLASSIS
1987 308 2044 373 ἶ.
2076 314 2294 372 EPIST.
2335 318 2494 377 XLII.
3343 333 3451 389 350

210 405 536 475 ἔμπροσθεν
601 407 1088 480 ἐπεκτεινόμενος
1107 452 1122 477 ,
1166 417 1317 471 κατὰ
1379 420 1617 474 σκοπὸν
1654 421 1753 475 διώ

1875 427 2100 482 cationi:
2127 430 2196 484 ³⁷.
2247 430 2381 488 Nam
2420 434 2545 490 talis
2580 435 2740 507 126
2771 443 2852 493 est
2877 444 2990 492 tota
3032 440 3311 496 hominum
3337 445 3449 497 vita

208 513 282 549 κω
332 494 441 564 (78)
504 496 609 550 ἐπὶ
665 498 731 550 τὸ
785 499 1071 567 βραϐεῖον
1136 502 1245 569 τῆς
1296 503 1419 559 ἄνω
1467 508 1753 576 κλήσεως.

1873 528 1984 569 non
2008 526 2271 575 contenta
2291 522 2359 577 iis
2382 538 2502 593 quae
2535 536 2956 596 pmcesserunt,
2989 530 3084 585 sed
3106 534 3310 586 nutrita
3342 549 3451 591 non

207 582 439 647 Τοιοῦτος
465 586 582 658 γὰρ
613 587 842 659 ὑπάρχει
887 589 1008 654 ὅλος
1058 594 1087 645 6
1130 593 1239 646 τῶν
1284 595 1583 666 ἀνθρώπων
1631 599 1753 669 βίος,

1871 609 2044 678 magis
2074 614 2364 678 praeteritis
2410 632 2574 687 quam
2611 619 2833 677 futuris.
2865 622 3006 689 Quid
3035 625 3178 679 enim
3230 628 3451 695 prodest

211 675 275 746 μὴ
297 676 635 747 ἀρκούμενος
664 682 776 742 τοῖς
808 680 1100 750 φθάσασιν,
1146 684 1283 737 ἀλλὰ
1321 688 1655 758 τρεφόμενος
1702 693 1753 744 οί

1966 675 1984 678 _
2074 675 2090 678 _
2427 675 2442 687 ,
2794 675 2806 677 -
2875 675 3005 689 ..νη
3231 675 3283 695 τ-
3304 675 3451 683 ---η

1872 697 2077 754 homini
2106 703 2365 759 hesterna
2393 710 2602 764 ventris
2628 712 2854 769 satietas
2875 756 2889 782 ,
2930 715 3091 770 hodie
3121 717 3285 772 insita
3308 718 3451 773 fame

204 767 306 828 τοίς
340 766 578 835 φθάσασι
615 769 832 839 μᾶλλον,
884 771 1021 825 ἀλλὰ
1069 777 1179 837 τοῖς
1215 776 1486 845 μέλλουσι.
1537 779 1602 832 Τί
1653 779 1753 852 γὰρ

209 854 386 880 _.__-,_,
420 856 701 880 κνοω-,η
744 863 757 880 .
806 862 867 880 κη
904 862 948 880 ν.
1064 865 1089 875 ρ.
1343 866 1357 880 .
1489 868 1502 880 .
1709 872 1719 880 -

1867 792 2202 849 conveniens
2230 796 2339 851 cibi
2400 800 2655 855 solatium
2688 818 2797 858 non
2831 806 3182 861 inveniente?
3211 808 3303 863 Sic
3348 810 3449 880 igi-

206 854 386 921 ὠφελεί
414 856 703 929 ἄνθρωπον
735 863 763 914 6
803 862 989 931 χθιζὸς
1029 865 1128 934 τῆς
1165 866 1399 938 γαστρὸς
1440 868 1621 939 κόρος,
1662 872 1753 942 σή-

2408 854 2415 855 ,
2831 854 3138 861 ___.-_____--
3164 854 3176 861 .
3212 854 3303 863 τ--
3348 854 3419 880 τ,

1868 889 1961 935 tur
1985 900 2162 955 neque
2193 890 2389 943 anima:
2418 892 2633 947 lucrum
2668 896 2837 950 ullum
2886 914 2953 952 ex
2993 907 3141 955 recte
3175 899 3321 955 facto
3349 901 3448 955 ber

209 961 355 1018 μερον
376 949 475 1017 τῆς
501 952 745 1020 ἐμφύτου
786 955 980 1026 πείνης
1008 956 1106 1027 τὴν
1148 958 1355 1013 οἰκείαν
1381 963 1479 1032 τῆς
1510 961 1753 1033 βρώσεως

1868 980 2078 1043 sterno,
2096 977 2242 1047 quod
2260 979 2329 1032 ab
2349 980 2614 1037 hodierno
2641 986 2973 1056 operejusto
3000 989 3290 1044 deseritur.
3310 990 3451 1056 Qua-

207 1038 539 1108 παραμυθίαν
568 1043 645 1112 μὴ
674 1044 1070 1116 εὐρισκούσηςς
1102 1047 1289 1113 Οὕτως
1311 1045 1403 1104 οὖν
1433 1054 1555 1106 οὐδὲ
1584 1053 1753 1127 ψυχῆς

1865 1061 1966 1117 lem
1996 1069 2155 1132 enim,
2191 1069 2388 1139 inquit,
2413 1075 2612 1141 reperio
2644 1088 2712 1141 te,
2738 1077 2893 1130 talem
2924 1087 2971 1132 te
2992 1078 3196 1149 judico.

205 1131 376 1240 κέρδος
414 1135 533 1238 τοῦ.
562 1137 814 1244 χθεσινοῦ
860 1141 1306 1242 κατορθώματος,
1339 1147 1435 1217 τῆς
1469 1150 1772 1221 σημερινῆς
1808 1131 2323 1232 ἀπολιμπαυομένου
2347 1131 2781 1241 δικαιοπραγίας.
2813 1131 2957 1226 olori
3347 1192 3446 1244 σε,

206 1225 342 1296 φησὶ,
377 1228 652 1283 τοιοῦτόν
674 1246 750 1284 σε
770 1233 972 1300 κρινῶ.

263 1320 312 1374 2.
338 1320 545 1376 Οὐκοῦν
572 1325 804 1396 μάταιος
829 1328 931 1398 μὲν
953 1328 1047 1382 τοῦ
1090 1331 1300 1386 δικαίου
1325 1336 1354 1388 6
1385 1335 1572 1400 κόπος,
1605 1338 1753 1407 ἀνέγ-

1931 1339 1988 1394 2.
2028 1338 2225 1410 Itaque
2270 1356 2445 1397 vanus
2494 1350 2579 1397 est
2604 1343 2742 1412 justi
2781 1344 2971 1410 labor,
3013 1348 3275 1417 inculpati
3312 1350 3444 1403 item

207 1411 380 1481 χλητος
423 1412 481 1466 δὲ
528 1416 626 1468 καὶ
671 1417 764 1470 τοῦ
798 1419 1121 1491 ἁμαρτωλοῡ
1167 1426 1196 1477 6
1242 1426 1459 1496 τρόπος,
1517 1431 1753 1498 ἐπιγενο-

1862 1441 1993 1488 sunt
2062 1436 2372 1504 peccatoris
2434 1450 2647 1501 mores,
2702 1440 3121 1507 superveniente
3181 1442 3443 1494 immuta-

210 1504 357 1574 μένης
387 1504 495 1575 (79)
541 1508 876 1581 ὲναλλαγῆς·
924 1512 999 1580 τῷ
1039 1514 1137 1583 μὲν
1177 1516 1284 1569 ἀπὸ
1316 1519 1410 1570 τοῦ
1457 1519 1753 1591 κρείττονος

1858 1525 2044 1593 tione;
2105 1527 2263 1580 alteri
2306 1527 2528 1596 quidem
2577 1542 2606 1579 a
2652 1504 2860 1583 virtute
2914 1530 2980 1583 ad
3028 1531 3244 1598 vitium,
3286 1532 3443 1586 alteri

208 1598 287 1650 ἐπὶ
315 1597 371 1651 τὸ
400 1602 603 1671 χεῖρον,
633 1602 713 1672 τῷ
731 1603 788 1655 δὲ
812 1605 919 1659 ἀπὸ
943 1607 1038 1660 τοῦ
1076 1608 1317 1680 χείρονος
1354 1612 1448 1664 ἐπὶ
1487 1613 1547 1666 τὺ
1577 1617 1753 1685 κρεῖτ-

1860 1626 2045 1673 autem
2088 1634 2121 1673 a
2167 1619 2303 1677 vitio
2346 1619 2416 1673 ad
2443 1620 2704 1675 virtutem
2744 1622 3031 1676 translato.
3063 1621 3188 1676 llaec
3219 1630 3274 1677 et
3309 1600 3444 1677 EzeO-

208 1705 283 1739 τον
325 1691 733 1761 μεταϐληθὲντι.
770 1695 954 1750 Ταῦτα
1002 1700 1097 1753 καὶ
1141 1700 1236 1754 τοῦ
1288 1701 1547 1775 Ἰεζεκιὴλ
1581 1706 1658 1769 ὡς
1697 1708 1753 1759 ὲκ

1861 1706 2091 1762 chielem
2124 1709 2274 1764 velut
2296 1724 2362 1764 ex
2396 1723 2635 1779 persona
2676 1708 2894 1765 Domini
2921 1712 3211 1767 docentem
3247 1714 3440 1767 audire

208 1779 468 1850 προσώπου
493 1782 586 1835 τοῦ
627 1784 832 1855 Κυρίου
877 1787 1292 1859 δογματίζοντος
1327 1793 1473 1847 ἔστιν
1509 1796 1757 1850 ἀκοῦσαι.

219 1868 325 1920 Ἐὰν
346 1870 467 1941 γὰρ,
506 1873 697 1941 φησὶν,
755 1876 1009 1941 ἐκκλίνας
1058 1882 1087 1932 ὀ
1132 1881 1337 1945 δίκαιος
1371 1883 1759 1958 πλημμελήσῃ,

207 1959 257 2009 οὗ
284 1958 349 2026 μὴ
397 1961 620 2031 μνησθῶ
671 1963 779 2016 τῶν
830 1965 1185 2021 δικαιοσυνῶν
1235 1963 1309 2022 ὧν
1355 1972 1613 2045 ἐποίησεν
1664 1976 1762 2046 ἔμ-

211 2051 413 2121 προσθεν
445 2052 578 2121 (811)·
620 2054 740 2107 ἀλλ’
769 2057 827 2107 ἐν
863 2059 929 2127 τῇ
964 2059 1208 2132 ἁμαρτίᾳ
1259 2062 1423 2115 αὐτοῦ
1476 2065 1761 2118 ἀποθανεῖ·-

206 2158 298 2194 ται.
323 2143 390 2195 Τὸ
412 2143 466 2195 δὲ
492 2142 629 2198 αὐτό
661 2163 794 2217 φησι
819 2149 913 2200 καὶ
938 2151 1067 2222 περὶ
1094 2150 1190 2203 τοῦ
1223 2153 1552 2225 ἀμαρτωλοῦ
1575 2173 1588 2185 ·
1632 2157 1761 2211 Ἐὰν

210 2233 508 2305 ἐπιστρέψας
554 2242 762 2311 ποιήσῃ
810 2240 1188 2315 δικαιοσύνην,
1235 2245 1380 2317 ζωὴν
1428 2247 1650 2318 ζήσεται
1702 2253 1758 2303 ἐν

209 2326 341 2398 αὐτῇ.
373 2328 477 2381 Ποῦ
509 2330 620 2406 γὰρ
673 2335 725 2386 οἱ
758 2334 1014 2399 τοσοῦτοι
1041 2338 1247 2408 Μωῦσῆ
1294 2338 1386 2391 τοῦ
1433 2340 1758 2412 θεράποντος

212 2418 355 2482 πόνοι,
380 2423 473 2492 τῆς
505 2425 563 2478 ὲν
596 2430 803 2499 στιγμῇ
859 2428 972 2498 (81)
1024 2430 1332 2498 ἀντιλογίας
1391 2435 1757 2505 παραγραψά-

214 2509 352 2581 μένης
372 2514 527 2568 αύτοῦ
552 2516 653 2589 τὴν
690 2521 771 2582 είς
804 2520 900 2591 τὴν
952 2522 1054 2592 γῆν
1093 2522 1194 2593 τῆς
1243 2525 1580 2593 ἐπαγγελίας
1643 2528 1755 2584 εἵσ-

213 2603 336 2671 οδονς
377 2607 480 2659 Ποῦ
512 2608 569 2661 δὲ
609 2612 707 2662 καὶ
746 2615 778 2681 ἡ
826 2612 919 2665 τοῦ
968 2614 1130 2685 Γιεζῆ
1176 2619 1586 2691 συναναστροφὴ
1622 2620 1755 2691 πρὸς

212 2692 285 2746 τὸν
335 2697 638 2765 Ἐλισσαῖον,
700 2701 1132 2774 φιλοχρηματίας
1174 2707 1335 2779 χάριν
1387 2708 1594 2781 λέπραν
1637 2712 1757 2763 ἐπι-

217 2790 562 2858 σπασαμένου;
596 2791 663 2843 Τί
697 2793 754 2844 δὲ
783 2794 877 2846 καὶ
906 2794 998 2847 τοῦ
1035 2796 1273 2868 πλήθους
1299 2799 1396 2869 τῆς
1435 2801 1626 2869 σοφίας

217 2875 475 2947 Σολομῶντι
506 2882 726 2951 ὅφελος,
757 2884 852 2936 καὶ
883 2886 1286 2957 ήπρολαϐοὖσα
1327 2890 1549 2962 τοιαύτη
1577 2891 1753 2945 ἔννοια

217 2969 279 3033 εἰς
316 2969 431 3024 Θεὸν
471 2973 598 3045 (82),
639 2974 868 3047 ὕστερον
926 2979 990 3030 ἐκ
1038 2979 1136 3049 τῆς
1193 2985 1625 3051 γυναικομανίας
1670 2984 1752 3047 είς

1864 1797 2011 1854 licet.
2044 1798 2100 1852 Si
2130 1798 2299 1865 enim,
2348 1799 2551 1870 inquit,
2577 1800 2768 1870 justus
2800 1801 3089 1857 declinans
3120 1803 3435 1873 deliquerit,

1863 1905 1973 1945 non
2004 1891 2337 1946 recordabor
2384 1907 2575 1946 eorum
2611 1909 2734 1962 quae
2754 1894 2905 1961 juste
2934 1894 3063 1949 fecit
3103 1906 3263 1950 antea
3294 1914 3307 1950 :
3342 1897 3440 1953 sed

1864 1980 1921 2033 in
1961 1990 2183 2050 peccato
2212 1996 2315 2035 suo
2344 1981 2610 2036 morietur
2635 1984 2701 2038 ’⁸,
2738 1981 2876 2037 Dicit
2907 1992 3088 2038 autem
3119 1984 3355 2055 idipsum
3384 1991 3442 2041 et

1861 2070 1928 2125 de
1965 2080 2285 2140 peccatore:
2318 2073 2376 2126 Si
2418 2072 2783 2129 considerans
2810 2074 3001 2130 fecerit
3031 2077 3326 2144 justitiam,
3355 2079 3442 2132 vi-

1861 2170 1951 2217 vet
1995 2164 2048 2216 in
2100 2164 2217 2233 ipsa
2240 2165 2312 2219 ³⁸.
2345 2164 2465 2230 Quo
2499 2167 2645 2220 enim
2700 2176 2780 2222 tot
2825 2183 2889 2221 ac
2933 2170 3069 2222 tanti
3104 2170 3324 2225 labores
3358 2170 3441 2224 fa-

1811 2307 1814 2311 ,
1861 2255 1992 2307 muli
2036 2254 2261 2325 Moysis,
2296 2271 2421 2309 cum
2467 2258 2646 2326 ipsum
2691 2260 2776 2315 vel
2806 2261 2973 2315 unius
3004 2264 3267 2316 momenti
3302 2278 3439 2317 con-

1861 2346 2114 2399 tradictio
2146 2355 2309 2401 terrm
2358 2349 2650 2417 promissa:
2699 2349 2853 2404 aditu
2890 2352 3171 2407 arcuerit?
3216 2352 3338 2418 Quo
3384 2362 3438 2409 et

1859 2438 2007 2493 Giczi
2040 2456 2163 2494 cum
2208 2439 2406 2495 Elismo
2440 2445 2752 2508 convictus,
2784 2460 2910 2499 cum
2963 2446 3069 2500 sibi
3102 2447 3307 2516 lepram
3343 2462 3439 2516 pe-

1857 2534 2033 2585 cunia:
2067 2548 2259 2588 amore
2296 2534 2593 2589 asciverit?
2640 2534 2781 2601 Quid
2824 2545 2879 2591 et
2928 2538 3213 2607 sapientia:
3254 2538 3438 2591 multi-

1858 2625 1989 2678 tudo
2019 2625 2370 2681 Salomonem
2406 2628 2572 2696 juvit,
2618 2637 2911 2699 tantusque
2961 2629 3057 2682 Dei
3111 2645 3265 2684 amor
3298 2645 3437 2700 prte-

1855 2721 2071 2782 teritus,
2111 2736 2233 2774 cum
2271 2722 2619 2789 postmodum
2659 2722 2857 2776 insano
2910 2722 3202 2776 mulierum
3253 2737 3438 2777 amore

1854 2812 2112 2880 delapsus
2164 2813 2237 2865 sit
2279 2814 2333 2865 in
2382 2813 2790 2867 idololatriam?
2833 2813 2939 2868 Sed
2990 2831 3167 2885 neque
3213 2816 3435 2869 beatum

1854 2902 2118 2957 Davidem
2159 2906 2361 2959 mentis
2408 2906 2685 2960 aberratio
2717 2905 3056 2977 inculpatum
3099 2908 3330 2972 dimisit,
3363 2909 3435 2963 ob

1854 2994 2158 3049 admissum
2192 2994 2247 3048 in
2281 3011 2509 3050 uxorem
2543 2996 2685 3051 Urize
2719 3010 3026 3067 peccatum.
3065 2997 3214 3052 Satis
3251 3005 3432 3053 autem

217 3059 604 3135 εἰδωλολατρείαν
635 3066 807 3119 αὐτοῦ
834 3070 1285 3137 ἐκπεπτωκότος;
1337 3072 1477 3126 Ἀλλ’
1511 3074 1630 3127 οὐδὲ
1651 3076 1741 3128 τὸν

1858 3092 1989 3142 asset
2020 3095 2074 3140 ct
2103 3083 2257 3140 Juda:
2285 3102 2315 3139 a
2344 3088 2547 3141 virtute
2576 3089 2645 3142 ad
2675 3059 2868 3143 vitium
2902 3091 3116 3160 lapsus,
3165 3091 3231 3145 ad
3279 3106 3432 3156 eum,

222 3155 446 3227 μακάριον
485 3159 647 3212 Δαθιδ
695 3161 725 3212 6
761 3162 1134 3233 μετεωρισμὸς
1178 3164 1388 3234 ἀφῆκεν
1420 3165 1750 3238 ἀνέγκλητον

219 3244 289 3300 διὰ
323 3248 409 3320 τὴν
456 3253 532 3314 είς
584 3252 690 3324 τὴν
752 3252 847 3305 τοῦ
918 3254 1032 3324 (85)
1076 3256 1272 3327 Οὐρίου
1349 3256 1747 3328 πλημμέλειαν.

224 3339 384 3411 Ἤρκει
407 3343 573 3399 δὲκαὶ
601 3348 635 3417 η
673 3346 771 3398 τοῦ
816 3346 986 3399 Ἰούδα
1033 3346 1142 3399 ἀπὸ
1182 3348 1277 3401 τοῦ
1331 3350 1639 3419 κρείττονος
1671 3351 1751 3413 είς

221 3429 268 3481 τὺ
304 3436 459 3504 χεῖρον
513 3439 885 3507 μετάπτωσις,
926 3438 1060 3508 πρὸς
1129 3438 1430 3508 ἀσφάλειαν
1467 3441 1561 3494 τοῦ
1611 3441 1753 3495 κατὰ

221 3518 326 3573 Θεὸν
349 3523 773 3598 πολιτευομένου,
824 3527 903 3592 ὃς,
946 3530 1004 3581 ἐν
1036 3529 1309 3593 τοσούτοις
1338 3530 1548 3601 χρόνοις
1580 3532 1753 3601 μαθη-

222 3613 394 3678 τευθεὶς
435 3616 508 3687 τῷ
548 3618 796 3690 Χριστῷ,
842 3618 1066 3691 ὕστερον
1125 3621 1306 3692 μικρῷ
1364 3623 1610 3692 λήμματι
1661 3622 1751 3674 τὸν

222 3701 489 3762 διδάσκαλον
520 3711 940 3782 ἀπεμπολήσας,
990 3712 1164 3783 ἑαυτῷ
1200 3713 1435 3784 ἀγχόνην
1472 3715 1755 3784 ἐπραγμα-

224 3793 428 3853 τεύσατο.
459 3801 621 3855 Τοῦτο
649 3798 742 3855 οὖν
786 3804 1025 3871 γνωστόν
1065 3821 1146 3856 σοι
1193 3804 1332 3857 ἔστω
1361 3805 1495 3875 (84),
1526 3805 1748 3872 ἁδελφὲ,

224 3885 290 3937 ὅτι
316 3889 399 3958 οὐχ
438 3893 464 3945 6
500 3894 680 3957 καλῶς
723 3894 1041 3964 ἀρχόμενος,
1085 3887 1240 3958 οὗτος
1283 3895 1487 3958 τέλειος
1510 3913 1522 3925 ·
1568 3894 1684 3947 ἀλλ’
1723 3895 1752 3945 6

229 3975 372 4041 καλῶς
398 3981 794 4055 ἀποτιθέμενος.
845 3980 999 4047 οὗτος
1046 3985 1268 4055 δόκιμος
1304 3986 1455 4057 παρὰ
1492 3985 1630 4055 Θεῷ.
1660 3986 1752 4057 Μὴ

226 4062 300 4120 οἷον
337 4069 426 4140 δῷς
463 4073 620 4128 ὕπνον
675 4078 793 4138 τοῖς
842 4075 1160 4146 ὀφθαλμοῖς,
1210 4075 1425 4145 ἀδελφὲ,
1479 4078 1612 4148 μηδὲ
1665 4096 1754 4131 νυ-

233 4160 428 4225 σταγμὺν
447 4166 549 4227 σοῖς
570 4164 881 4235 βλεφάροις,
911 4165 999 4217 ἶνα
1027 4164 1201 4235 σωθῇς
1228 4165 1415 4238 ὥσπερ
1469 4167 1668 4239 δορκὰς
1688 4170 1752 4221 ἐκ

233 4244 418 4317 βρόχων,
443 4256 529 4307 καὶ
553 4255 743 4326 ὥσπερ
786 4254 971 4325 ὄρνεον
1006 4259 1071 4309 ὲκ
1104 4256 1353 4324 παγίδος.
1402 4257 1574 4311 Βλέπε
1621 4259 1750 4331 γὰρ,

232 4336 296 4390 ὅτι
330 4340 426 4411 (85)
467 4345 519 4397 ὲν
565 4347 718 4417 μέσῳ
767 4347 1005 4414 παγίὸων
1049 4348 1379 4415 διαϐαίνεις,
1431 4351 1525 4403 καὶ
1572 4353 1755 4407 ἐπάνω

233 4430 402 4500 τείχους
425 4435 615 4507 ὑψηλοῦ
648 4442 997 4510 περιπατεῖς,

235 4525 539 4580 καταπεσόντι
576 4531 634 4583 τὸ
666 4530 886 4601 πτῶμα.
936 4531 1028 4601 Μὴ
1074 4527 1164 4584 οὖν
1214 4531 1416 4598 εὐθέως
1460 4535 1542 4596 εἰς
1587 4535 1751 4605 ἀκρό-

235 4623 345 4679 τητα
379 4616 641 4688 ἀσκήσεως
700 4622 947 4693 ὲκτείνῃς
1002 4621 1265 4675 σεαυτόν
1320 4622 1556 4692 μάλιστα
1614 4626 1749 4695 μηδὲ

237 4696 468 4778 θαῤῥήσῃς
491 4708 595 4782 (86)
628 4711 857 4781 σεαυτῷ,
881 4712 971 4764 ἵνα
1000 4712 1074 4782 μὴ
1100 4712 1158 4776 ἐξ
1180 4713 1433 4786 ἀπειρίας
1453 4715 1547 4784 ἀφ’
1583 4714 1750 4785 ὕψους

240 4790 318 4860 τῆς
345 4795 599 4869 ἀσκήσεως
627 4802 822 4876 πέσῃς.
868 4803 1133 4873 Κρεῖσσον
1174 4804 1283 4876 γὰρ
1334 4807 1367 4875 ἡ
1418 4807 1538 4858 κατ’
1570 4806 1749 4876 ὀλίγον

327 4950 365 5027 {1
403 4951 580 5027 Philip.
617 4974 720 5026 ιιι,
773 4959 860 5022 is,
912 4958 998 5013 ιιι.

244 5030 283 5069 ῃ
327 4960 364 5073 '5'
403 4960 580 5027 Philip.
617 4974 720 5026 ιιι,
773 4960 860 5022 15,
912 4960 998 5013 14.
1122 4961 1170 4992 ³⁵
1197 4960 1394 5017 Ezech.
1447 4977 1607 5028 xvin,
1653 4964 1745 5022 24.

303 5134 778 5220 (78).Βοε.
810 5144 1365 5220 secundusaubxmv.
1411 5145 1583 5203 Paulo
1629 5156 1754 5220 post

249 5207 482 5287 exlggdem
506 5214 676 5269 addidi
707 5207 825 5287 ὅλος
856 5226 978 5287 post
1007 5216 1260 5287 ὑπάρχει.

255 5273 879 5359 ,Ἐπιπνομένήςῖ
911 5284 1004 5341 Sic
1031 5273 1141 5340 duo
1157 5273 1321 5351 11155.,
1360 5286 1559 5342 melius
1587 5303 1752 5359 quam

253 5346 296 5392 ¹¹¹
308 5346 821 5427 Ξξὲἕέίὲἒπάγομὲνηςὶ
835 5346 840 5405 ί

306 5411 796 5496 (δῷ-Ἔμπροοθεῦί
825 5424 991 5496 Deest
1030 5425 1086 5480 in
1124 5423 1258 5496 Reg.
1288 5425 1549 5482 secundo.
1580 5426 1750 5484 Paulo

256 5486 501 5567 eamea
523 5486 679 5567 eaex
707 5496 787 5548 δτι
815 5495 979 5567 ςωήν.

283 5552 404 5640 ζς81)
434 5557 535 5627 Τῆς
558 5563 622 5615 ὲν
646 5552 882 5636 στιγμῇ.
914 5552 1053 5640 Ilieg.
1065 5565 1353 5640 secundus
1387 5566 1484 5638 τῆς
1513 5569 1749 5640 στιγμῆς

256 5630 351 5688 της,
379 5640 480 5680 cum
506 5630 806 5688 momentum
833 5630 1286 5690 contridictionis.

316 5690 408 5765 (δῖ)
440 5698 655 5757 Ἔννοια
688 5708 769 5772 εὶς
807 5708 970 5763 Geor.
1004 5706 1164 5762 ﬂecte
1197 5707 1449 5762 observat
1480 5706 1750 5765 Combefi-

1851 3175 1946 3245 qui
1978 3175 2144 3229 vitam
2176 3176 2477 3231 secundum
2515 3178 2683 3232 Deum
2730 3180 2863 3249 agit,
2907 3182 3430 3236 communiendum:

1850 3266 1945 3337 qui
1993 3266 2198 3321 tamdiu
2229 3268 2439 3323 Christi
2473 3268 2809 3340 discipulus,
2838 3284 3027 3343 postea
3069 3276 3332 3345 magistro
3365 3277 3433 3332 ob

1850 3358 2109 3428 exiguum
2141 3359 2358 3414 lucrum
2402 3361 2707 3422 divendito.
2749 3364 2856 3419 sibi
2904 3364 3021 3435 ipse
3051 3366 3306 3436 laqueum
3338 3382 3415 3436 pa-

1848 3448 2011 3501 ravit.
2051 3447 2188 3504 Illud
2219 3449 2405 3520 itaque
2448 3460 2798 3522 perspectum
2831 3454 2930 3508 tibi
2971 3455 3064 3520 sit,
3096 3454 3286 3520 frater,
3322 3472 3433 3510 non

1851 3554 1976 3594 eum
2028 3542 2125 3610 qui
2184 3542 2323 3597 bene
2369 3543 2586 3613 incipit,
2642 3544 2939 3614 perfectum
2983 3562 3106 3602 esse
3143 3566 3156 3602 :
3192 3547 3286 3602 sed
3339 3547 3434 3617 qui

1852 3629 1991 3684 bene
2025 3630 2255 3695 desinit,
2288 3647 2415 3686 eum
2461 3646 2584 3686 esse
2633 3630 2744 3687 Deo
2793 3634 3100 3702 probatum.
3152 3630 3230 3687 Ne
3267 3632 3436 3702 igitur

1852 3720 2090 3789 dederis,
2135 3722 2330 3786 frater,
2381 3739 2640 3778 somnum
2695 3726 2894 3787 oculis,
2945 3740 3119 3794 neque
3155 3724 3435 3793 palpebris

1854 3812 1965 3867 tuis
1995 3813 2442 3868 dormitationem
2470 3814 2539 3880 ³ο,
2574 3822 2632 3867 ut
2664 3815 2849 3867 salvus
2882 3814 2979 3868 (ias
3007 3815 3153 3867 velut
3180 3813 3337 3867 dama
3365 3827 3432 3867 ex

1853 3907 2126 3969 cassibus,
2158 3915 2212 3960 et
2238 3907 2388 3961 velut
2415 3906 2533 3960 avis
2565 3923 2631 3961 ex
2666 3907 2878 3975 laqueis
2901 3906 2966 3959 ³¹.
3002 3904 3306 3959 Considera
3337 3920 3435 3974 per

1855 3998 2062 4053 medios
2101 4007 2154 4053 te
2179 3999 2405 4067 laqueos
2430 3998 2690 4060 transire,
2721 4006 2775 4052 et
2807 4013 2971 4067 supra
3000 3998 3278 4051 excelsum
3305 4011 3432 4050 mu-

1855 4103 1974 4141 rum
2006 4088 2313 4152 ambulare,
2347 4104 2412 4142 ex
2450 4103 2558 4160 quo
2589 4089 2937 4158 periculosus
2975 4088 3192 4142 cadenti
3220 4088 3429 4157 lapsus.

1855 4178 2197 4249 Quapropter
2228 4193 2300 4233 ne
2345 4180 2533 4234 statim
2565 4178 2633 4233 ad
2665 4179 2789 4234 vitae
2829 4179 3080 4233 asceticae
3112 4178 3318 4249 apicem
3349 4186 3433 4233 te-

1855 4271 2147 4339 metipsum
2202 4270 2460 4324 intendas
2500 4289 2513 4324 :
2552 4270 2787 4324 maxime
2838 4285 2970 4324 vero
3026 4285 3097 4325 ne
3147 4269 3250 4324 tibi
3313 4269 3432 4340 ipse

1856 4362 2120 4426 conlidas,
2177 4370 2234 4415 ut
2263 4376 2331 4416 ne
2360 4362 2431 4416 ob
2458 4362 2786 4432 imperitiam
2829 4378 2897 4417 ex
2949 4377 3164 4417 summo
3202 4361 3430 4417 ascetici

1052 4439 1174 4493 ὅθεν
1221 4440 1321 4494 οὐκ
1368 4441 1648 4495 ἀκίνδυνον
1673 4444 1752 4516 τῷ

1858 4451 2095 4507 instituti
2136 4452 2370 4508 labaris.
2403 4426 2554 4505 Nam-
2573 4455 2747 4507 satius
2774 4452 2937 4507 fuerit
2971 4454 3231 4524 paulatim
3262 4452 3431 4523 proﬁ-

1858 4558 1999 4599 cere.
2026 4542 2216 4615 itaque
2244 4545 2557 4612 voluptates
2581 4545 2706 4598 vitze
2740 4545 2943 4600 sensim
2971 4544 3253 4609 subtrahe,
3276 4555 3430 4598 tuam

1854 4642 2069 4681 omnem
2109 4628 2564 4682 consuetudinem
2596 4628 2808 4693 delens,
2860 4645 2928 4683 ne
2972 4628 3114 4683 forte
3157 4629 3202 4682 si
3245 4628 3430 4683 subito

1855 4732 2045 4775 omnes
2077 4721 2241 4774 simul
2280 4721 2589 4790 voluptates
2629 4707 3020 4784 irritaris,'t'ibi
3045 4721 3163 4789 ipse
3210 4718 3427 4771 turbam

1854 4810 2218 4865 tentationum
2249 4827 2521 4867 accersas.
2555 4810 2692 4865 Cum
2730 4820 2910 4866 autem
2937 4825 3104 4864 unum
3134 4808 3429 4879 voluptatis

1871 4970 1915 5000 ”
1949 4968 2082 5023 ibid.
2150 4968 2240 5031 27,
2298 4967 2389 5021 28.
2506 4968 2551 4999 ³ο
2590 4966 2734 5022 Psal.
2790 4980 2975 5030 cxm,
3031 4977 3084 5019 4.
3196 4965 3238 4996 ³⁸
3264 4963 3426 5020 Prov.

1862 5151 1979 5205 sius
2023 5147 2310 5220 legendum
2355 5147 2537 5201 εὔνοια
2571 5147 2651 5208 εἰς
2677 5145 2830 5210 Θεόν,
2865 5146 3026 5215 idque
3059 5144 3115 5198 in
3156 5143 3426 5215 interpre-

1860 5221 2029 5274 tando
2055 5220 2227 5274 secuti
2258 5233 2468 5273 sumus.

1922 5289 2046 5369 (δῖε)
2071 5291 2181 5369 Εἰς
2206 5286 2470 5369 τὴηξοτξ.
2509 5284 2601 5369 Si_c
2628 5283 2751 5369 d'po
2769 5283 2987 5369 codices
3011 5298 3145 5369 mss.
3168 5282 3322 5369 ⁸Εόίιί
3343 5289 3425 5369 είς

1856 5352 1969 5413 τοῦ.
2009 5352 2211 5414 Ibidem
2248 5352 2379 5411 editi
2424 5357 2601 5426 ἀρκεῖ.
2645 5352 2763 5426 Duo
2801 5355 3023 5426 codices
3063 5362 3122 5409 ut
3165 5356 3220 5409 in
3246 5362 3422 5412 textu.

1858 5429 2022 5483 Iidem
2054 5428 2216 5498 paulo
2247 5436 2369 5498 post
2397 5421 2753 5498 μαθητευθεις
2778 5422 2855 5492 τῷ
2883 5425 3092 5496 Κυρίῳ.

1929 5492 2292 5567 (8Α)’¹Ἐστὼ.
2319 5492 2478 5567 Deest
2507 5492 2565 5567 in
2597 5492 2810 5567 duobus
2833 5508 2966 5567 mss.

1925 5561 2039 5692 (85)
2076 5563 2450 5646 Βλέπεχὰρ,
2495 5563 2623 5650 ὅτι.ε
2666 5561 2759 5616 Sic
2816 5563 2925 5619 duo
2983 5564 3221 5631 codices,
3277 5566 3420 5623 alius

1857 5637 1921 5710 βλ
1957 5655 2042 5710 πε,
2077 5635 2345 5710 ὅτι.Ειῖιιι
2379 5633 2690 5710 βλέπεηως.
2855 5702 2951 5710 ___
2982 5705 2994 5710 _
3035 5704 3053 5710 Α

1957 5655 2042 5701 πε,
2077 5648 2177 5689 οτι.
2203 5648 2345 5688 nam
2379 5648 2563 5701 ρλεπε,
2594 5648 2690 5694 ως.

1928 5708 2038 5780 (86)
2072 5701 2405 5775 Θαρῤήσῃςέ.
2440 5702 2531 5759 Sic
2557 5701 2667 5757 duo
2692 5716 2823 5759 mss.
2855 5702 2995 5759 Editi
3031 5704 3298 5777 θαρρήσῃ.
