3886 6220
173 376 268 436 353

1108 370 1596 429 EPISTOLARUM
1636 371 1923 430 CLASSIS
1959 371 2000 429 1.
2042 372 2263 430 EPIST.
2304 377 2466 434 XLII.
2567 411 2572 416 -

3321 385 3428 442 354

173 493 257 548 τοῦ
284 491 447 544 τόπου
472 504 577 543 σου
591 502 613 521 ··
647 485 940 560 ἀναχωρῶν
986 487 1097 560 γὰρ
1151 489 1217 543 ὲκ
1247 489 1342 544 τοῦ
1403 489 1570 544 τόπου
1623 507 1742 556 σου,

1857 507 1984 548 usus
2027 507 2059 547 a
2107 493 2231 550 loco
2279 501 2376 550 tuo
2415 493 2685 550 recedas:
2719 495 2989 554 recedens
3035 497 3182 554 enim
3225 514 3257 554 a
3305 500 3429 558 loco

175 585 291 648 ἴσως
318 582 701 654 ἀναχωρήσεις
730 581 842 652 (95)
880 583 945 636 ἐκ
983 579 1076 636 τοῦ
1112 582 1316 654 τρόπου
1370 598 1484 636 σου,
1534 581 1622 654 Μὴ
1653 582 1746 637 ἕσο

174 673 477 744 ὁχλοχαρὴς,
542 674 623 744 μὴ
685 672 1003 743 φιλόχωρος,
1057 672 1132 743 μὴ
1185 670 1555 744 φιλοπολίτης,
1613 673 1748 727 ἀλλά

175 765 480 837 φιλέρημος,
509 765 602 832 ἐφ’
632 749 806 833 ἐαύτῷ
837 763 1013 834 μένων
1059 763 1146 817 ἀεὶ
1173 764 1612 836 ἀμετεωρίστως,
1647 764 1746 836 τὴν

174 857 326 928 εὐχὴν
366 856 462 908 κα)¹
493 854 599 926 τὴν
638 854 952 925 ψαλμῳδίαν
1012 853 1172 926 ἔργον
1224 854 1544 926 ἡγούμενος.
1595 855 1746 926 Μηδὲ

177 951 273 1004 τῶν
319 949 770 1018 ἀναγνωσμάτων
824 946 1296 1020 κατολιγωρήσῃς,
1368 947 1602 1018 μάλιστα
1648 948 1747 1017 τῆς

178 1041 306 1105 Νέας
326 1039 608 1112 Διαθήκης
630 1039 760 1109 (94),
786 1037 875 1092 διὰ
901 1038 964 1091 τὸ
990 1040 1055 1092 ὲκ
1083 1040 1183 1108 τῆς
1206 1039 1451 1102 Παλαιᾶς
1473 1037 1746 1108 Διαθήκης

178 1133 416 1196 πολλάκις
461 1131 674 1202 βλάϐην
716 1130 1056 1199 ἐγγίνεσθαι*
1116 1129 1211 1183 καὶ
1255 1131 1352 1201 οὑχ
1399 1132 1480 1184 ὅτι
1530 1133 1745 1202 ἐγράφη

180 1222 419 1296 βλαϐερὰ,
442 1223 560 1276 ἀλλ’
586 1223 726 1294 ὅτιή
758 1221 868 1275 τῶν
909 1220 1298 1292 βλαπτομένων
1345 1221 1551 1276 διάνοια
1589 1223 1748 1276 ἀσθε-

176 1318 280 1386 νής.
309 1317 422 1378 Πᾶς
440 1315 554 1387 γάρ
589 1317 753 1388 ἄρτος
783 1314 1068 1386 τρόφιμος,
1105 1313 1241 1367 ἀλλὰ
1274 1316 1386 1378 τοῖς
1431 1315 1746 1370 ἀσθενοῦσιν

181 1407 475 1477 ὲπιῆλαὸής.
499 1406 693 1469 Οὕτως
725 1401 820 1460 οὖν
849 1407 999 1459 πᾶσα
1024 1405 1218 1476 Γραφὴ
1258 1404 1618 1468 Θεόπνευστος
1653 1406 1748 1458 καὶ

178 1498 446 1568 ὠφέλιμος,
481 1499 578 1551 καὶ
599 1497 751 1551 οὐδὲν
777 1497 954 1551 κοινὸν
981 1496 1045 1549 δι’
1069 1496 1242 1566 αὐτῆς
1261 1513 1275 1527 ·
1313 1497 1360 1549 εί
1402 1496 1476 1567 μὴ
1497 1497 1576 1567 τῷ
1598 1498 1747 1565 λογι-

181 1588 369 1660 ζομένῳ
392 1588 576 1643 κοινὸν
633 1585 798 1652 εἶναι,
834 1588 1029 1658 ἐκείνῳ
1058 1587 1170 1657 (95)
1211 1587 1407 1640 κοινόν.
1461 1587 1645 1640 Πάντα
1690 1587 1747 1641 δὲ

181 1679 414 1750 δοκίμαζε
436 1697 450 1710 ο
482 1681 545 1733 τὸ
583 1679 750 1734 καλὸν
784 1680 1013 1750 κάτεχεῇ
1065 1679 1172 1732 ἀπὸ
1207 1680 1409 1743 παντὸς
1444 1680 1618 1744 εἴδους
1649 1697 1747 1734 πο-

184 1769 324 1843 νηροῦ
344 1771 568 1842 ἀπέχου.
605 1770 811 1824 Πάντα
834 1770 943 1843 γὰρ
982 1770 1248 1835 ἔξεστιν,
1280 1771 1419 1825 ἀλλ’
1456 1773 1526 1824 οὐ
1552 1771 1748 1825 πάντα

1847 591 1962 648 tuo,
1991 583 2230 641 fortasse
2269 601 2300 640 a
2343 587 2590 642 moribus
2617 588 2728 644 tuis
2767 589 3018 646 recedes.
3047 589 3168 645 Non
3212 603 3428 649 amator

1845 674 1926 728 sis
1964 675 2156 739 turbm,
2187 691 2296 730 non
2345 677 2512 740 ruris,
2550 693 2658 732 non
2691 679 2998 746 civitatum,
3049 680 3144 734 sed
3175 681 3428 738 solitudi-

1845 765 1934 820 nis
1962 784 1974 820 :
2002 767 2141 836 apud
2183 769 2530 836 temetipsum
2559 785 2788 825 manens
2834 786 3051 840 seraper
3088 773 3226 826 citra
3259 773 3425 828 ullam

1845 857 2047 911 mentis
2101 857 2534 926 aberrationem;
2567 860 2932 929 precationem
2973 870 3025 916 et
3068 863 3424 930 psalmodiam

1845 959 1986 1013 opus
2021 953 2174 998 tuum
2207 962 2332 1001 esse
2360 949 2707 1004 existimans.
2745 948 2934 1019 Neque
2970 950 3136 1005 etiam
3164 952 3427 1007 lectiones

1845 1037 2112 1105 negligas,
2140 1035 2478 1092 Tcstamenti
2509 1038 2643 1093 Novi
2679 1042 2936 1105 maxime,
2963 1051 3252 1111 prepterea
3281 1045 3428 1112 quod

1847 1142 1992 1197 saepe
2044 1145 2109 1183 ex
2143 1127 2329 1185 Veteri
2370 1129 2725 1186 Testamento
2761 1135 2941 1187 oritur
2987 1135 3426 1193 detrimentum:

1846 1234 1954 1272 non
1989 1220 2134 1288 quod
2166 1223 2384 1290 scripta:
2411 1223 2522 1277 sint
2555 1239 2643 1278 res
2683 1225 2881 1291 noxiae,
2915 1225 3009 1280 sed
3048 1228 3192 1295 quod
3227 1242 3420 1284 eorum

1847 1311 1940 1378 qui
1966 1310 2256 1377 laeduntur,
2291 1329 2445 1367 mens
2476 1315 2709 1368 infirma.
2747 1314 2939 1370 Omnis
2981 1317 3128 1371 enim
3156 1320 3313 1387 panis
3357 1319 3424 1372 ad

1849 1401 2104 1454 alendum
2159 1403 2424 1469 idoneus;
2488 1405 2580 1459 sed
2617 1413 2776 1458 nocet
2812 1407 3064 1462 infirmis.
3120 1409 3212 1462 Sic
3263 1408 3430 1477 igitur

1847 1494 2028 1548 omnis
2069 1491 2352 1562 Scriptura
2399 1496 2665 1550 divinitus
2713 1498 2979 1567 inspirata
3012 1506 3097 1553 est
3130 1507 3294 1569 atque
3328 1500 3430 1554 uti-

1846 1582 2006 1646 lis",
2052 1599 2152 1638 nec
2204 1585 2258 1638 in
2313 1600 2376 1639 ea
2423 1587 2724 1656 quidquam
2759 1589 3103 1658 inquinatum
3150 1597 3264 1654 est;
3318 1589 3428 1645 nisi

1847 1675 1995 1744 quod
2048 1678 2174 1746 quis
2220 1679 2568 1747 inquinatum
2618 1697 2742 1736 esse
2776 1690 2954 1751 putat,
3010 1682 3065 1736 id
3114 1682 3218 1751 ipsi
3257 1683 3431 1752 inqui-

1847 1776 2034 1821 natum
2063 1777 2164 1823 est.
2201 1772 2360 1840 128
2382 1771 2574 1825 Omnia
2605 1782 2789 1828 autem
2822 1775 2991 1844 proba
3014 1793 3025 1827 :
3047 1775 3192 1844 quod
3225 1775 3429 1830 bonum

186 1861 463 1930 συμφέρει.
497 1863 638 1916 Ἔσο
661 1858 754 1917 οὖν
782 1865 896 1926 τοῖς
923 1862 1352 1933 συντυγχάνουσί
1381 1880 1462 1916 σοι
1493 1864 1551 1916 ἐν
1579 1865 1742 1917 πᾶσιν

1857 1869 1946 1918 ast,
1981 1866 2104 1914 tene
2141 1880 2153 1915 :
2189 1863 2258 1915 ab
2306 1863 2455 1916 οιηηὶ
2502 1865 2685 1933 specie
2721 1866 2860 1919 mala
2907 1869 3122 1922 abstine
3140 1868 3206 1922 ³⁸.
3238 1865 3432 1923 Omnia

187 1954 528 2025 ἀπρόσκοπος,
571 1954 915 2025 προσχαρὴς,
955 1953 1298 2023 φιλάδελφος,
1357 1954 1509 2024 ἡδὺς,
1557 1971 1747 2007 ταπει-

189 2046 388 2116 νόφρων,
412 2045 486 2117 μὴ
510 2046 799 2099 ἐκπίπτων
837 2045 931 2099 τοῦ
968 2046 1172 2100 σκοποῦ
1201 2048 1300 2118 τῆς
1332 2045 1632 2116 φιλοξενίας
1659 2045 1748 2100 διὰ

187 2135 458 2209 βρωμάτων
478 2137 833 2201 πολυτελείας
859 2137 990 2208 (96),
1018 2136 1356 2208 ἀρκούμενος
1375 2138 1432 2190 δὲ
1460 2141 1572 2201 τοῖς
1608 2155 1750 2209 παρα

187 2228 308 2294 οὖσι,
360 2229 456 2299 τῆς
510 2229 895 2301 καθημερινῆς
941 2230 1130 2302 χρείας
1161 2227 1256 2284 τοῦ
1306 2231 1576 2301 μονήρους
1631 2229 1746 2300 βίου

190 2319 330 2390 μηδὲν
358 2319 515 2372 πλέον
541 2319 657 2373 ἀπό
684 2336 830 2383 τινος
855 2319 1026 2393 λάϐῃς
1046 2337 1060 2351 ο
1088 2321 1184 2374 καὶ
1209 2319 1447 2390 μάλιστα
1485 2319 1624 2388 φύγε
1650 2319 1744 2372 τὸν

188 2412 359 2481 χρυσὸν
387 2413 458 2476 ὡς
485 2411 672 2484 ψυχῆς
714 2412 1002 2466 ἐπίϐουλον
1051 2412 1148 2466 καὶ
1193 2413 1468 2484 ἁμαρτίας
1515 2411 1746 2482 πατέρα,

190 2503 429 2573 ὑπουργὸν
447 2503 504 2556 δὲ
528 2503 629 2558 τοῦ
661 2503 933 2559 διαϐόλου.
963 2503 1055 2573 Μὴ
1088 2502 1360 2574 προφάσει
1389 2502 1492 2571 τῆς
1523 2503 1604 2564 εἰς
1622 2500 1749 2562 τοὺς

195 2594 394 2665 πένητας
424 2595 706 2660 διακονίας
760 2595 986 2650 σεαυτὸν
1021 2595 1277 2649 ὑπόδικον
1311 2593 1747 2665 φιλοχρηματίας

195 2688 521 2760 καταστήσῃς.
545 2689 612 2742 Ei
629 2688 689 2741 δέ
717 2706 800 2752 τις
825 2688 1057 2758 πτωχῶν
1083 2689 1247 2741 ἕνεκα
1267 2686 1484 2757 κομίσει
1506 2703 1587 2738 σοι
1613 2687 1748 2755 χρή-

201 2795 336 2847 ματα,
360 2780 495 2850 γνῷς
531 2781 588 2834 δέ
622 2781 738 2853 (97)
779 2798 932 2844 τινας
967 2777 1108 2834 εἶναι
1153 2779 1511 2850 λειπομένους
1533 2796 1547 2809 ο
1598 2776 1747 2848 αὐτῷ

196 2869 374 2940 ἐκείνῳ,
419 2865 462 2940 ᾧ
509 2872 756 2944 ὑπάρχει
798 2872 865 2925 τὰ
919 2873 1199 2944 χρήματα,
1259 2869 1593 2939 ἀποκομίσαι
1635 2870 1748 2930 τοῖς

198 2959 566 3035 ὑστερουμένοις
596 2965 712 3035 (98)
753 2963 1000 3033 ἀδελφοῖς
1060 2961 1486 3032 συμϐούλευσον,
1537 2961 1746 3030 μήποτε

202 3054 367 3127 μολύνῃ
416 3073 507 3109 σου
555 3056 664 3127 τὴν
713 3056 1014 3126 συνείδησιν
1062 3057 1097 3128 ἡ
1148 3054 1255 3108 τῶν
1284 3053 1583 3125 χρημάτων
1610 3052 1745 3105 ὑπο-

197 3142 324 3215 iam.

255 3316 300 3370 4.
324 3317 423 3383 Τὰς
452 3318 651 3391 ἡδονὰς
677 3317 847 3389 φεῦγε
865 3332 883 3351 ⁸
909 3317 1008 3388 τὴν
1041 3317 1371 3388 ἐγκράτειαν
1407 3317 1572 3371 δίωκε
1592 3334 1605 3348 °
1654 3318 1744 3372 καὶ

201 3407 350 3478 τὸμὲν
379 3409 529 3481 σῶμα
555 3413 676 3473 τοῖς
716 3410 900 3472 πόνοις
924 3411 1114 3464 ἄσκει·
1164 3409 1264 3480 τὴν
1309 3409 1367 3460 δὲ
1411 3408 1590 3479 ψυχὴν
1631 3412 1745 3474 τοῖς

203 3506 484 3572 πειρασμοῖς
503 3502 652 3567 ἔθιζε
674 3501 808 3574 (99).
833 3502 944 3574 Τὴν
967 3499 1216 3572 σώματος
1245 3501 1338 3555 καὶ
1357 3501 1533 3571 ψυχῆς
1550 3500 1746 3554 ἀνάλυο

207 3607 273 3643 σιν
312 3593 613 3665 ἀπαλλαγὴν
675 3592 876 3656 παντὸς
927 3592 1098 3646 κακοῦ
1149 3592 1464 3664 τιθέμενος,
1524 3592 1744 3663 ὲκδέχου

202 3681 292 3734 τῶν
327 3684 542 3740 αίωνίων
582 3683 813 3752 ἀγαθῶν
848 3683 948 3754 τὴν
985 3682 1305 3746 ἀπόλαυσιν,
1346 3677 1416 3754 ἧς
1460 3682 1659 3745 πάντες
1694 3683 1745 3734 οἱ

209 3771 324 3840 ἅγιοι
349 3775 546 3846 μέτοχοι
570 3774 854 3845 γεγόνασι.
886 3775 958 3828 Σὺ
983 3773 1041 3828 δὲ
1061 3774 1108 3846 (f
1124 3773 1163 3844 ),
1183 3773 1545 3837 ἀδιαλείπτως
1583 3773 1744 3840 ζυγο-

211 3863 413 3927 στατῶν,
455 3863 917 3935 ἀντιπαρατίθεσο
959 3866 1027 3934 τῇ
1096 3861 1374 3934 διαϐολικῇ
1427 3862 1606 3932 ὲννοίᾳ
1654 3862 1746 3917 τὸν

210 3951 373 4024 εὐσεϐῆ
395 3955 668 4028 λογισμὸν,
702 3955 891 4027 ὥσπερ
924 3955 1018 4007 ἐπὶ
1050 3954 1322 4025 τρυτάνης
1348 3955 1414 4024 τῇ
1453 3955 1592 4024 ῥοπῇ
1625 3953 1726 4023 τῆς

211 4041 494 4115 πλάστιγγος
539 4047 722 4118 τούτῳ
767 4044 1116 4118 παραχωρῶν
1141 4063 1154 4076 ·
1205 4047 1300 4098 καὶ
1357 4045 1589 4116 μάλιστα
1620 4046 1746 4098 ὅταν

208 4131 562 4210 -ὲπαναστάσαή
591 4139 807 4210 πονηρά
851 4137 1031 4192 ἔννοια
1056 4137 1220 4210 λέγῃ·
1249 4137 1314 4190 Τί
1349 4154 1430 4190 σοι
1472 4137 1531 4189 τὸ
1557 4136 1748 4206 ὄφελος

215 4223 294 4295 τῆς
318 4229 368 4282 ἐν
405 4229 476 4300 τῷ
507 4233 663 4303 τόπῳ
686 4231 860 4302 τούτῳ
897 4231 1208 4301 διαγωγῆς;
1248 4229 1301 4282 τί
1333 4246 1414 4282 σοι
1450 4230 1511 4282 τὸ
1559 4229 1746 4298 κέρδος

214 4317 294 4387 τῆς
309 4320 683 4396 ἀναχωρήσεως
705 4325 802 4395 τῆς
828 4324 935 4377 ἀπὸ
961 4322 1070 4378 τῶν
1091 4322 1394 4395 ἀνθρώπων
1421 4322 1708 4393 συνηθείας
1729 4337 1743 4388 ;

223 4409 280 4463 Ἦ
307 4413 391 4468 οὐκ
410 4417 566 4485 ἔγνως
598 4417 725 4478 τοὺς
760 4417 910 4488 παρά
932 4415 1027 4469 τοῦ
1053 4415 1188 4469 Θεοῦ
1230 4413 1597 4485 τεταγμένους
1626 4415 1748 4466 ἐπισ-

219 4501 410 4570 adma;
440 4509 540 4563 τῶν
565 4509 665 4563 τοῦ
710 4509 844 4563 Θεοῦ
887 4507 1224 4578 Ἐκκλησιῶν
1259 4510 1370 4570 τοῖς
1401 4505 1627 4578 ἀνδράσι
1669 4505 1744 4575 (2)

225 4595 425 4667 συνήθως
455 4599 864 4666 συνδιαζῶντας,
916 4601 1011 4654 καὶ
1044 4600 1143 4663 τὰς
1176 4598 1549 4671 πνευματικὰς
1588 4597 1743 4651 ἀδια-

225 4680 412 4754 λείπτως
464 4692 836 4756 ἐπιτελοῦντας
877 4691 1231 4762 πανηγύρεις,
1277 4693 1335 4744 ἐν
1382 4686 1470 4752 αἷς
1513 4688 1748 4759 μάλιστά

228 4787 310 4829 που
343 4784 440 4846 τοῖς
463 4784 923 4856 παραγενομένοις
963 4783 1170 4853 γίνεται
1202 4782 1425 4852 ὅφελοςς
1467 4782 1614 4834 Ἐκεῖ
1637 4780 1747 4852 γὰρ

1852 1949 1995 2002 enim
2029 1950 2205 2015 licent,
2249 1952 2340 2006 sed
2370 1971 2474 2006 non
2513 1957 2691 2007 omnia
2719 1954 3000 2022 expediunt
3024 1956 3090 2010 ³⁸.
3124 1956 3314 2027 itaque
3341 1958 3431 2014 his

1851 2038 2179 2108 quibuscum
2220 2043 2464 2098 versaris
2510 2046 2661 2098 nulla
2719 2047 2774 2098 in
2826 2061 2883 2099 re
2929 2046 3009 2101 sis
3067 2046 3428 2114 offendicula,

1852 2129 1929 2183 sis
1970 2130 2145 2192 laetus,
2186 2131 2420 2186 fratrum
2474 2148 2687 2197 amans,
2744 2135 3002 2198 blandus,
3035 2137 3280 2200 humilis,
3316 2153 3430 2194 non

1851 2221 2114 2276 excidens
2165 2223 2556 2294 hospitalitatis
2613 2228 2897 2295 proposito
2957 2243 3052 2296 per
3119 2228 3428 2285 eduliorum

1850 2314 2142 2377 lautitiam,
2176 2315 2269 2370 sed
2298 2318 2663 2385 praesentibus
2700 2325 3015 2381 contentus,
3047 2318 3184 2372 nihil
3229 2334 3258 2371 a
3292 2333 3432 2388 quo—

1849 2422 2014 2476 quam
2055 2407 2194 2460 ultra
2230 2409 2610 2476 quotidianum
2649 2409 2910 2464 solitariae
2934 2410 3060 2464 vilze
3091 2425 3250 2465 usum
3285 2410 3433 2464 acci-

1850 2499 2008 2569 pias:
2037 2513 2099 2551 ac
2132 2499 2438 2568 praesertim
2477 2499 2606 2569 fuge
2650 2514 2846 2554 aurum
2885 2500 3034 2555 velut
3081 2500 3434 2556 animainsi-

1849 2589 2142 2650 diatorem.
2208 2598 2262 2646 et
2325 2590 2537 2661 peccati
2595 2599 2832 2660 patrem,
2903 2606 2967 2646 ac
3019 2590 3223 2645 diaboli
3272 2591 3432 2644 mini-

1850 2690 2048 2737 strum.
2083 2682 2160 2738 Te
2190 2683 2308 2752 ipse
2343 2683 2586 2737 avaritiae
2612 2683 2909 2738 obnoxium
2938 2698 3007 2737 ne
3051 2683 3430 2745 constitueris,

1849 2774 2078 2828 obtentu
2118 2773 2412 2828 ministerii
2457 2788 2588 2842 erga
2633 2788 2925 2844 pauperes.
2979 2771 3039 2828 Si
3082 2774 3207 2844 quis
3249 2782 3433 2829 autem

1848 2879 2144 2933 egenorum
2195 2865 2366 2933 gratia
2409 2863 2601 2918 afferat
2636 2864 2737 2918 tibi
2786 2863 3069 2934 pecunias,
3121 2871 3176 2919 et
3219 2864 3434 2935 aliquos

1849 2957 2071 3011 noveris
2112 2956 2392 3026 indigere;
2423 2957 2471 3010 ei
2501 2955 2626 3024 ipsi,
2656 2955 2746 3009 cui
2785 2963 2914 3010 sunt
2950 2955 3214 3025 pecuniae,
3243 2953 3432 3010 censi-

1848 3047 1982 3100 lium
2035 3047 2124 3112 da,
2171 3056 2231 3101 ut
2276 3047 2539 3103 fratribus
2586 3046 2960 3118 indigentibus
2999 3047 3312 3114 distribuat,
3362 3061 3433 3103 ne

1850 3138 1990 3193 forte
2032 3138 2428 3195 conscientiam
2473 3144 2624 3192 tuam
2671 3139 3031 3209 coinquinent
3073 3148 3312 3210 accepta
3337 3153 3432 3209 pe-

1773 3214 1818 3274 C
1850 3232 2050 3287 cunize.

1917 3321 1975 3376 4.
2019 3321 2340 3392 Voluptates
2385 3321 2561 3392 fuge:
2616 3335 2951 3392 prosequere
2999 3321 3432 3390 continentiam;

1852 3429 1916 3468 ac
1952 3428 2155 3484 corpus
2193 3413 2414 3483 quidem
2451 3413 2731 3468 laboribus
2765 3428 3003 3468 exerce:
3035 3415 3272 3469 animam
3302 3429 3433 3470 vero

1852 3503 2185 3558 assuefacito
2223 3502 2640 3557 tentationibus.
2671 3503 2782 3556 Pro
2820 3509 2972 3557 certe
3006 3508 3200 3557 tenens
3233 3516 3433 3572 corpo—

1851 3593 1929 3647 ris
1956 3601 2011 3647 et
2047 3593 2242 3646 anima:
2274 3591 2691 3668 dissolutionem
2723 3589 2853 3643 mali
2893 3588 3274 3658 cujuscunque
3309 3602 3435 3643 esse

1852 3683 2255 3746 liberationem,
2302 3683 2570 3736 bonorum
2614 3689 2944 3734 aeternorum
2988 3687 3248 3749 exspecta
3293 3677 3431 3733 frui-

1851 3776 2078 3841 tionem,
2121 3773 2281 3842 cujus
2327 3789 2519 3828 omnes
2577 3773 2752 3826 sancti
2802 3771 2984 3825 effecti
3033 3778 3163 3826 sunt
3205 3770 3433 3839 partici-

1852 3883 1969 3941 pes.
2014 3867 2096 3921 Tu
2135 3881 2264 3921 vero
2305 3864 2688 3920 indesinenter
2736 3863 3053 3932 expendens
3102 3876 3167 3916 ac
3198 3861 3429 3924 librans,

1853 3961 2126 4016 diabolico
2195 3959 2476 4028 suggestui
2524 3972 2739 4027 oppone
2791 3955 2937 4025 piam
3007 3953 3429 4026 cogitationem,

1853 4054 1903 4109 ei
1949 4054 2094 4108 velut
2152 4051 2210 4105 in
2262 4051 2472 4104 trutina
2539 4054 2817 4102 momento
2878 4046 3050 4102 lancis
3109 4045 3431 4118 praeponde-

1852 4145 1996 4200 ranti
2035 4143 2254 4198 cedens.
2307 4140 2374 4194 Et
2416 4140 2719 4211 praesertim
2771 4153 2896 4192 cum
2927 4151 3098 4208 prava
3137 4138 3431 4206 insurgens

1853 4237 2113 4308 cngitatio
2161 4235 2362 4288 dixerit
2405 4251 2418 4287 :
2477 4231 2610 4298 Quae
2655 4231 2864 4286 utilitas
2908 4229 3141 4301 degendi
3204 4229 3264 4284 in
3328 4228 3433 4285 hoc

1853 4327 2014 4382 loco?
2075 4324 2223 4396 quod
2281 4324 2499 4378 lucrum
2550 4337 2803 4379 secessus
2859 4321 2930 4377 ab
2983 4321 3268 4376 hominum
3335 4335 3432 4374 so-

1853 4419 2091 4476 cietate?
2137 4417 2222 4472 An
2292 4416 2516 4488 ignoras
2581 4415 2920 4471 constitutos
2972 4428 3005 4468 a
3049 4412 3160 4470 Deo
3211 4413 3429 4483 episco-

1854 4527 1956 4582 pos
2000 4509 2370 4566 Ecclesiarum
2413 4507 2507 4564 Dei
2538 4523 2666 4563 cum
2709 4506 3028 4562 hominibus
3060 4521 3129 4562 ex
3169 4519 3322 4561 more
3349 4503 3431 4559 vi-

1851 4615 2001 4664 vere,
2051 4607 2110 4655 et
2160 4597 2477 4669 spirituales
2525 4595 2905 4652 indesinenter
2957 4595 3238 4652 celebrare
3294 4607 3429 4647 con-

1851 4700 2085 4754 ventus,
2142 4704 2284 4761 quos
2342 4687 2438 4759 qui
2503 4688 2710 4744 obeunt
2765 4686 3064 4759 plurimum
3122 4682 3430 4756 percipiunt

1853 4777 2158 4834 utilitatis?
2229 4775 2347 4832 lllic
2409 4775 2559 4832 enim
2622 4774 3051 4833 Proverbiorum
3108 4773 3432 4846 aperiuntur

288 4930 321 4964 "
346 4931 384 4987 ll
407 4937 533 4994 Tim.
557 4956 641 5000 nl.
668 4939 760 4994 16.
833 4937 878 4970 ³⁸
910 4935 1150 4993 lThess.
1185 4953 1240 5002 ν,
1277 4935 1367 4990 21.
1449 4934 1492 4966 ³⁸
1521 4935 1538 4989 l
1563 4933 1694 4989 Cor.
1715 4949 1793 4998 vr,
1829 4933 1920 4990 12.

291 5087 381 5156 (93)
423 5091 857 5162 ΪΑν-αχωρήσεις.
912 5089 1004 5162 Sic
1049 5105 1192 5145 unus
1224 5105 1290 5144 ex
1313 5087 1518 5162 Regiis,
1552 5090 1747 5162 melius

234 5168 367 5234 fllfam
390 5160 502 5234 editi
528 5159 908 5234 ἀναχωρήσῃς.
932 5160 1100 5234 Paulo
1127 5167 1251 5234 post
1275 5160 1405 5214 editi
1440 5159 1520 5229 ἐφ’
1554 5160 1746 5212 ἑαυτὸν

241 5223 381 5303 μένειν(
411 5232 490 5303 ἀεὶ.
511 5223 922 5303 ἀμτέὤρὶστος.
953 5229 1084 5303 Mss.
1117 5223 1175 5283 ut
1202 5229 1256 5283 in
1287 5238 1457 5303 textu.

240 5294 669 5416 ﬁmﬂdmm
693 5294 806 5371 τῆς
835 5300 1012 5366 Νέας.
1042 5299 1177 5370 Reg.
1208 5301 1484 5354 secundus
1521 5299 1658 5370 μάθε
1677 5299 1746 5350 τὰ

281 5385 316 5398 ν’
336 5385 398 5418 1V5
462 5411 473 5422 .

281 5385 664 5508 li9z5la’gxsz'rqa.
699 5441 791 5496 Sic
821 5441 987 5495 unius
1028 5439 1239 5494 codicis
1282 5453 1382 5508 ope
1427 5437 1750 5494 emendatur

243 5503 367 5577 (Ιυςὶίὶ-
389 5519 491 5563 erat
519 5513 569 5566 in
606 5503 767 5567 editis
794 5513 986 5564 ἐκεῖνο.
1321 5503 1335 5508 ’
1497 5568 1514 5577 '

245 5570 818 5700 λυξεὲξέιὲολυτελείας.
863 5580 953 5635 Sic
985 5580 1119 5652 Reg.
1151 5581 1449 5636 secundus.
1485 5570 1624 5633 Ε(ιίιί
1655 5593 1750 5629 πο-

278 5688 569 5786 'iéii'r'hsg
596 5721 681 5777 δέ.
727 5719 819 5775 Sic
859 5718 992 5790 Reg.
1037 5719 1331 5781 secundus,
1383 5719 1520 5775 alius
1563 5717 1747 5787 γνοίης

251 5775 309 5830 δί.
336 5781 434 5830 lim
460 5789 576 5830 nam
601 5791 816 5830 ,ειπιιηνη
872 5789 978 5830 λιες
1031 5800 1084 5830 ..ι
1121 5791 1173 5830 in
1208 5798 1357 5830 mm.

299 5781 437 5840 οὶίοι
460 5781 579 5845 editi
601 5791 838 5864 ὑπάρχῃ.
870 5781 998 5846 Mss.
1031 5800 1088 5846 ut
1121 5791 1175 5844 in
1208 5798 1380 5845 textu.

1927 5086 2041 5159 (98)
2090 5085 2594 5159 ’Υστερουμένοιᾳ
2646 5083 2901 5159 δίσκος.
2927 5084 3204 5159 secundus
3236 5098 3336 5152 pro
3365 5097 3432 5138 eo

1853 5153 2131 5227 quod'est
2178 5153 2446 5227 in‘editis
2497 5153 2900 5227 στερουμένοις.
2960 5153 3082 5208 Mox
3135 5156 3245 5207 duo
3297 5168 3428 5208 mss.

1857 5226 2087 5300 μολύνῃ,
2110 5227 2238 5300 editi
2273 5226 2512 5300 μολύνει.

1922 5292 2283 5369 (99)’”Ἕοιζε.’
2309 5297 2425 5349 Duo
2451 5294 2672 5350 codices
2701 5309 2731 5347 a
2757 5292 3086 5348 Combefisio
3115 5292 3271 5346 citati
3293 5307 3430 5363 καρ-

1850 5368 2018 5438 τέρεα

1930 5439 2004 5508 (1)
2036 5437 2119 5489 Σὺ
2149 5434 2232 5489 δέ.
2268 5434 2412 5508 Editi
2444 5449 2543 5502 pro
2573 5433 2658 5488 his
2691 5433 3153 5508 vocibus_l_ia_bent
3180 5431 3426 5497 σεαυτόν,

1855 5515 1908 5561 et
1936 5501 2108 5576 paulo
2153 5513 2277 5574 post
2306 5501 2466 5576 τοῦτο
2507 5503 2872 5574 παραχωρῶν.
2902 5501 3148 5576 _Vulnus_
3176 5510 3429 5556 sanatum

1854 5572 1963 5647 ope
1987 5577 2116 5647 lieg.
2154 5572 2403 5638 secundi,
2452 5576 2507 5626 in
2542 5572 2651 5642 quo
2691 5572 2854 5628 etiam
2901 5573 3100 5643 legitur
3126 5572 3430 5641 ἀντιπαρα-

1853 5646 2014 5699 τίθει.
2077 5646 2083 5647 ⁷
2501 5661 2503 5664 ‘
2679 5693 2686 5699 .

1928 5716 2013 5792 (ἓ)
2042 5715 2172 5792 Tch
2199 5713 2478 5792 (iw-dedat,
2511 5721 2618 5792 etc:
2645 5703 2791 5764 Εἀίῐί
2812 5711 3156 5792 τοὺς-ἀνδρας
3183 5710 3430 5792 συνῄθως

1859 5780 2289 5847 συνοδιάζοντας.
2311 5780 2748 5839 Ἑιιιεηᾱανίηιιιε
2776 5797 2878 5852 Ope
2907 5780 3068 5852 Regii
3094 5780 3337 5838 secundi.
