3886 6220
420 366 532 427 355

1743 368 1803 421 S.
1845 360 2095 420 BASILll
2134 362 2350 418 MAGNI

3566 364 3654 422 556

421 488 759 556 aenigmata,
819 487 1165 557 explicantur
1245 484 1548 555 apostolica
1623 485 1992 547 documenta,

2101 484 2472 554 ἀποκαλύψεις
2516 486 2901 555 παροιμιακῶν
2945 487 3306 555 αἰνιγμάτων,
3336 475 3520 550 λύσεις
3544 488 3658 542 ἀπο-

423 587 779 647 exponuntur
826 578 1154 647 evangelicae
1206 577 1528 639 sententiae,
1574 576 1854 645 theologia
1907 591 2000 630 au-

426 672 618 737 ditur;
654 673 763 726 illic
801 687 1133 741 congressus
1178 672 1408 725 fratrum
1459 670 1847 741 spiritualium,
1886 684 2000 723 ma-

426 777 588 832 gnam
623 761 1041 815 occurrentibus
1080 776 1146 815 ex
1200 761 1386 816 vultus
1435 768 1660 830 aspectu
1710 760 1997 813 utilitatem

425 852 804 921 prabentium.
837 851 918 905 Tu
958 860 1138 905 autem
1174 860 1225 906 te
1283 854 1398 922 ipse
1433 868 1462 904 a
1499 852 1662 907 tantis
1712 852 1867 905 bonis
1920 849 2000 905 ef-

424 942 606 998 fecisti
667 944 902 998 alienum
931 985 945 1010 ,
987 953 1150 1013 atque
1206 944 1295 997 bic
1333 943 1549 999 desides
1607 945 1909 1000 belluarum
1943 943 1999 997 in

425 1052 631 1092 morem
700 1036 976 1091 efferatus.
1039 1036 1204 1092 Vides
1288 1040 1433 1092 enim
1506 1039 1593 1091 hic
1652 1038 1997 1092 solitudinem

423 1142 677 1198 magnam
707 1167 721 1191 ,
780 1128 1229 1184 inhumanitatem
1294 1145 1403 1183 non
1452 1128 1774 1193 modicam,
1829 1144 2001 1198 penu-

419 1219 561 1275 riam
593 1218 874 1282 doctrinm,
915 1219 1341 1288 disjunctionem
1399 1234 1430 1273 a
1477 1221 1759 1282 fratribus,
1790 1237 1853 1275 ac
1884 1222 1999 1292 spi-

421 1310 591 1363 ritum
649 1325 777 1380 erga
819 1309 913 1363 Dei
966 1310 1280 1364 mandatum
1312 1312 1467 1366 valde
1510 1313 1739 1367 inertem
1790 1329 1852 1367 ac
1903 1332 1996 1369 so-

421 1401 668 1455 cordem.
724 1401 859 1456 Cum
909 1402 1076 1472 igitur
1112 1403 1313 1457 talibus
1353 1418 1417 1457 ac
1459 1404 1626 1457 tantis
1659 1414 1708 1458 te
1736 1406 1997 1474 Speciosis

420 1494 729 1547 rationibus
781 1500 967 1562 prava“
1010 1494 1303 1563 insurgens
1334 1496 1593 1565 cogitatio
1623 1496 1872 1566 frangere
1903 1515 1999 1552 vn-

420 1584 586 1638 luerit
615 1605 631 1651 ;
661 1600 873 1654 oppone
910 1586 958 1640 ei
1011 1601 1102 1651 per
1148 1588 1291 1653 piam
1323 1587 1794 1641 ratiocinationem
1825 1589 1998 1658 ipsius

423 1675 504 1727 rei
541 1677 953 1744 experientiam,
989 1676 1177 1731 dicens
1212 1697 1224 1729 :
1260 1675 1712 1747 Quandoquidem
1755 1688 1814 1733 tu
1864 1681 1997 1733 mihi

420 1764 562 1819 dicis
616 1765 759 1819 bona
808 1781 931 1819 esse
990 1782 1111 1835 quas
1154 1767 1209 1819 in
1254 1768 1461 1821 mundo
1508 1775 1674 1828 sunt,
1713 1776 1997 1838 propterea

420 1871 522 1924 ego
559 1857 690 1911 illuc
739 1857 1149 1927 transmigravi,
1204 1849 1484 1928 indignum
1535 1861 1800 1929 meipsum
1845 1861 1995 1929 judi-
2028 1841 2075 1902 Β

419 1962 553 2003 cans
587 1949 776 2003 mundi
816 1949 995 2004 bonis.
1029 1948 1169 2004 Sunt
1216 1952 1364 2006 enim
1420 1952 1607 2006 mundi
1655 1954 1815 2007 bonis
1856 1957 1995 2008 mala

419 2039 676 2103 admista,
734 2055 798 2095 ac
860 2042 1018 2111 longe
1080 2050 1410 2113 exsuperant
1454 2044 1616 2098 mala.
1669 2042 1804 2099 Nam
1870 2061 1995 2100 cum

421 2131 714 2201 aliquando
774 2134 1132 2188 accessissem
1177 2133 1244 2186 ad
1286 2134 1605 2203 spirituales
1654 2144 1995 2203 conventus,

416 2222 472 2277 in
531 2238 698 2276 unum
752 2222 973 2279 fratrem
1010 2224 1101 2277 vix
1150 2225 1372 2279 tandem
1409 2225 1625 2290 iincidi,
1684 2229 1778 2296 qui
1826 2226 1997 2282 Deum

415 2315 608 2370 timere
639 2316 965 2382 videbatur;
1002 2317 1096 2372 sed
1144 2319 1192 2371 is
1230 2318 1516 2372 tenebatur
1549 2319 1710 2389 129
1743 2320 1846 2374 sub
1879 2320 1999 2374 dia-

418 2406 575 2473 bolo;
620 2416 782 2477 atque
814 2423 880 2462 ex
914 2409 1035 2476 ipso
1083 2407 1266 2461 audivi
1321 2408 1529 2477 lepidos
1576 2425 1880 2474 sermones,
1941 2422 1997 2467 et

418 2498 678 2552 confictas
715 2499 783 2551 ad
834 2499 1031 2554 obvios
1090 2516 1340 2569 quosque
1377 2500 1726 2570 decipiendos
1761 2502 1992 2560 fabulas.

416 2584 618 2642 Multos
656 2595 780 2655 post
835 2592 1015 2658 ipsum
1072 2591 1273 2645 offendi
1326 2592 1473 2646 fures
1502 2631 1517 2656 ,
1574 2603 1825 2662 raptores
1856 2636 1870 2660 ,
1914 2608 1997 2668 ty-

420 2692 640 2731 rannos.
676 2677 800 2732 Vidi
832 2680 1110 2733 ebriorum
1174 2683 1412 2751 speciem
1450 2683 1761 2739 indecorant
1818 2705 1835 2753 ;
1888 2689 1994 2742 vidi

419 2768 741 2838 sanguinem
796 2784 1184 2839 oppressorum
1226 2788 1240 2837 ;
1275 2773 1383 2826 vidi
1424 2788 1643 2843 quoque
1706 2777 1994 2831 mulierum

420 2860 922 2929 pulchritudinem,
960 2877 1066 2931 qua
1122 2863 1388 2931 pudicitia
1441 2880 1560 2920 mea
1614 2869 1991 2936 torquebatur.

417 2951 497 3007 Ac
546 2952 924 3007 fornicationis
982 2952 1201 3022 quidem
1242 2969 1382 3024 opus
1416 2956 1585 3027 effugi
1631 2975 1645 3023 ;
1682 2960 1777 3013 sed
1829 2960 1996 3031 virgi-

415 3043 643 3096 nitatem
689 3057 866 3096 meam
918 3042 1102 3097 cordis
1163 3045 1495 3115 cogitatione
1558 3048 1863 3117 inquinavi.
1928 3050 1995 3104 Et

418 3134 619 3187 multos
670 3133 889 3203 quidem
949 3148 1232 3190 sermones
1283 3136 1479 3191 animm
1545 3139 1706 3194 utiles
1766 3142 1993 3210 audivi;

419 3224 517 3279 sed
547 3231 728 3278 tamen
770 3224 975 3278 nullum
1008 3225 1149 3295 apud
1194 3227 1515 3297 magistrum
1555 3232 1733 3300 reperi
1771 3232 1990 3303 dignam

414 3313 765 3371 sermonibus
794 3317 1073 3371 virtutem.
1118 3315 1249 3373 Post
1286 3317 1393 3373 hoc
1433 3335 1631 3376 rursus
1690 3323 1870 3378 audivi
1911 3326 1999 3379 in-

416 3407 784 3463 numerabiles
834 3408 1168 3477 tragoedias,
1224 3425 1346 3480 qua:
1414 3411 1748 3469 effeminatis
1818 3418 1995 3473 modis

417 3499 660 3553 animum
709 3499 990 3555 subibant.
1046 3500 1260 3558 Rursus
1328 3502 1507 3557 audivi
1557 3505 1819 3560 citharam
1872 3525 1998 3564 sua-

417 3593 556 3648 viter
592 3601 962 3657 resonantem,
994 3594 1250 3664 plausum
1300 3598 1641 3661 saltantium,
1682 3615 1992 3656 scurrarum

415 3699 643 3749 vocem,
677 3684 1031 3741 stoliditatem
1081 3687 1330 3751 multam,
1374 3688 1617 3755 facetias,
1672 3693 1844 3747 turbae
1896 3694 1996 3747 im-

416 3792 621 3831 mensae
684 3778 1000 3831 clamorem.
1068 3776 1194 3832 Vidi
1254 3779 1527 3852 lac‘rymas
1590 3783 1990 3852 Spoliatorum,

411 3867 633 3922 dolores
696 3881 886 3922 eorum
942 3868 1035 3938 qui
1089 3870 1505 3926 abducebantur
1561 3888 1592 3927 a
1667 3877 1990 3945 tyrannide,

411 3962 677 4031 eiulatum
728 3978 921 4018 eorum
980 3964 1074 4033 qui
1153 3966 1570 4034 torquebantur.
1629 3964 1695 4020 Et
1753 3967 1993 4033 vidi,et

414 4067 544 4109 ecce
594 4069 706 4108 non
756 4064 875 4109 erat
953 4062 1258 4110 conventus
1308 4054 1655 4125 spiritualis,
1716 4056 1814 4111 sed
1841 4073 1992 4113 mare

413 4142 594 4196 ventis
645 4142 905 4212 agitatum
954 4156 1019 4197 ac
1067 4144 1385 4205 turbatum,
1426 4157 1622 4197 omnes
1680 4143 1845 4197 simul
1893 4142 1995 4198 llu-

412 4233 598 4287 ctibus
632 4233 748 4288 suis
784 4239 1007 4288 tentaus
1034 4234 1289 4288 obruere.
1335 4232 1430 4287 Dic
1480 4233 1635 4300 mihi,
1660 4250 1693 4289 ο
1730 4235 1991 4305 cogitatio

416 4324 600 4389 mala,
657 4331 712 4379 et
754 4325 1100 4395 temporariae
1154 4326 1451 4395 voluptatis
1498 4341 1562 4379 ac
1619 4341 1768 4380 vanae
1804 4328 1990 4397 gloria:

412 4414 651 4481 damon,
704 4417 835 4486 quid
873 4418 1005 4471 mihi
1033 4426 1118 4472 est
1147 4416 1310 4481 lucri,
1347 4418 1390 4472 si
1425 4418 1539 4471 hcce
1568 4426 1622 4472 et
1659 4430 1898 4487 spectem
1936 4428 1989 4474 et

484 4568 564 4639 (5)
594 4570 938 4639 Νυημάτων.
962 4570 1095 4640 Reg.
1129 4570 1401 4642 secundus
1432 4572 1839 4642 διαταγμάτων.
1872 4573 1986 4628 Ma-

411 4641 684 4711 ;ariumus
727 4642 851 4694 cod.
883 4641 1376 4711 παραγγελμάτων.

487 4708 562 4784 (4)
608 4708 1111 4784 Συντυχίαιίῐίέξ.
1149 4708 1421 4784 secundus
1451 4712 1719 4784 Συντυχία
1745 4713 1984 4784 μεγάλην

412 4782 552 4850 τεοῖςΔ
576 4782 1026 4849 συντυγχάνουσιν
1070 4782 1135 4833 ὲκ
1171 4780 1293 4850 τῆς,
1325 4780 1847 4850 προσούσηςαύτοίς
1891 4780 1985 4836 τοῦ

413 4847 730 4921 Πνεύματος
761 4847 980 4919 χάριτος
1026 4850 1123 4921 τὴν
1169 4847 1433 4918 ὠφέλειαν
1468 4847 1779 4921 παρέχουσα
1806 4870 1818 4904 :
1850 4850 1988 4906 Fra-

415 4928 556 4990 trum
574 4920 928 4990 spiritualium
946 4920 1251 4990 congressus
1270 4936 1512 4990 magnam
1534 4920 1987 4986 Congredientibus

413 5004 480 5041 ex
509 4989 671 5059 insita
708 4990 818 5043 illis
844 4988 1075 5059 Spiritus
1099 4991 1276 5058 gratia
1304 4989 1589 5043 utilitatem
1621 4992 1811 5057 ferens.

485 5058 564 5181 (5d)
602 5061 679 5111 Σε
727 5058 897 5127 θέλῃ.
943 5059 1247 5115 Pronomen
1284 5060 1532 5113 additum
1591 5076 1657 5114 ex
1706 5061 1875 5133 Regio
1911 5079 1992 5118 se-

488 5144 520 5180 n
565 5142 616 5181 ο.

414 5140 616 5181 ουηιιο.

416 5196 1097 5319 ἔαραγενόμενος.
1139 5198 1230 5253 Sic
1269 5199 1378 5254 duo
1406 5214 1538 5254 mss.
1573 5198 1717 5253 Editi
1755 5218 1989 5274 παραγι-

519 5283 657 5330 ενος.

479 5283 1063 5414 ι’ξ’ξῖθᾶἰξΰμὲν-δοκεῖν.
1101 5337 1193 5393 Sic
1238 5339 1703 5414 llemsecundus.
1734 5340 1877 5414 Editi
1906 5342 1983 5414 τῷ

418 5404 751 5479 μὲνᾲίδοκεῖν.
806 5411 1148 5479 Ρυυιογροει
1184 5404 1495 5465 οοόᾞΜιιι.
1550 5404 1977 5479 πεπλεγμένους.

591 5479 727 5550 Μετ’
762 5481 964 5550 αὐτόν.
995 5475 1112 5550 Duo
1143 5496 1273 5534 mss.
1309 5481 1424 5550 μετ’
1461 5479 1648 5541 αὐτοῦ,
1676 5475 1794 5532 cum
1821 5497 1900 5534 eo.

490 5546 567 5619 (9)
611 5548 687 5619 Τὰ
725 5548 961 5616 αἵματα.
992 5548 1200 5604 Auctor
1242 5546 1405 5618 hujus
1437 5551 1697 5619 epistol:e,
1733 5565 1892 5619 quem
1922 5552 1973 5604 in

415 5612 701 5688 Palaestina
733 5612 934 5688 vi'xisse
984 5633 1093 5672 non
1129 5612 1360 5674 obscure
1390 5612 1735 5688 perspicitur,
1750 5612 1976 5674 'videtur

416 5685 950 5768 horribili-vitiorum
973 5689 1186 5768 pictura
1216 5688 1358 5768 hanc
1387 5685 1740 5768 potis—simum
1761 5700 1974 5768 gentem

2013 4615 2063 4673 D

2100 583 2361 637 στολικῶν
2418 582 2785 653 διδαγμάτων,
2846 583 3213 652 εύαγγελικῶν
3261 583 3551 654 νοημάτων
3590 585 3651 654 (3)

2100 674 2332 737 ἔκθεσις,
2364 673 2641 740 θεολογίας
2675 675 2957 745 ἀκρόασις,
2996 672 3241 742 ἀδελφῶν
3292 675 3658 744 πνευματικῶν

2101 766 2379 837 συντυχίαι
2429 767 2525 836 (Il),
2572 765 2813 837 μεγάλην
2861 768 2972 828 τοῖς
3020 765 3443 836 ἐντυγχάνουσιν
3485 766 3547 818 ἐκ
3575 766 3657 837 τῆς

2100 856 2230 921 θέας
2261 856 2352 910 τοῦ
2409 858 2702 929 προσώπου
2729 859 2826 928 τὴν
2873 858 3141 927 ὠφέλειαν
3183 858 3557 931 παρεχόντων.
3598 859 3658 912 Σο

2097 948 2176 1012 δὲ,
2198 947 2465 1001 τοσούτων
2493 948 2713 1017 ἀγαθῶν
2738 948 3016 1019 ἀλλότριον
3047 949 3272 1002 σεαυτὸν
3305 951 3657 1018 καταστήσας,

2099 1040 2337 1111 κάθησαι
2366 1040 2550 1094 ἐνθάδε
2572 1040 2975 1112 ὲξηγριωμένος
3004 1042 3133 1105 ἴσως
3151 1043 3264 1104 τοῖς
3285 1040 3502 1111 θηρσίν.

2097 1131 2206 1200 γάρ
2238 1130 2471 1185 ἐνταῦθα
2504 1132 2737 1202 ἐρημίαν
2772 1132 2990 1202 πολλὴν,
3014 1132 3413 1202 ἀπανθρωπίαν
3440 1132 3537 1184 ούκ
3564 1131 3661 1184 61!-

2098 1238 2221 1291 γην,
2248 1222 2483 1292 ἀπορίαν
2509 1221 2877 1286 διδασκαλίας,
2904 1225 3147 1293 ἀδελφῶν
3171 1224 3551 1296 ἀλλοτρίωσιν,
3585 1224 3663 1277 καὶ

2096 1311 2159 1362 τὸ
2189 1311 2405 1381 πνεῦμα
2453 1312 2581 1381 περὶ
2625 1310 2720 1381 τὴν
2756 1312 2973 1381 ἐντολὴν
3004 1312 3098 1365 τοῦ
3145 1311 3277 1364 Θεοῦ
3326 1311 3529 1381 ἀργίαν
3556 1309 3664 1381 ἔχον

2100 1400 2323 1471 πολλήν.
2358 1402 2526 1454 Ὅταν
2566 1396 2660 1453 οὖν
2690 1400 2971 1463 τοιαύταις
3005 1398 3099 1453 καὶ
3135 1400 3432 1463 τοσαύταις
3465 1399 3665 1466 εὐλογο-

2100 1492 2289 1562 φανέσι
2335 1492 2675 1563 προφάσεσιν
2736 1493 3092 1545 ἐπαναστᾶσα
3133 1494 3166 1561 ἠ
3218 1490 3441 1562 πονηρά
3505 1488 3668 1542 ἔννοια

2099 1581 2438 1652 καταρρῆξαί
2466 1598 2525 1634 σε
2561 1580 2689 1653 θέλῃ
2723 1582 2824 1650 (5),
2853 1580 3220 1651 ἁντιπαράθες
3262 1582 3407 1651 αὐτῇ
3458 1579 3549 1633 διὰ
3581 1581 3665 1633 τοῦ

2100 1674 2358 1738 εὐσεϐοῦς
2387 1674 2649 1744 λογισμοῦ
2686 1674 2784 1744 τὴν
2814 1676 3008 1744 πεῖραν
3045 1671 3140 1725 τοῦ
3180 1672 3547 1743 πράγματος,
3586 1671 3668 1723 λέ-

2100 1783 2239 1834 γων’
2285 1766 2503 1837 Ἐπειδὴ
2535 1768 2599 1820 σὺ
2641 1766 2819 1833 λέγεις
2864 1782 2953 1835 μοι
2982 1765 3124 1818 καλὰ
3160 1766 3230 1818 τὰ
3279 1766 3339 1817 ἐν
3368 1763 3452 1834 τῷ
3494 1764 3671 1833 κόσμῳ

2100 1856 2264 1921 εἶναι,
2307 1858 2398 1911 διὰ
2446 1858 2604 1911 τοῦτο
2650 1857 2764 1926 ἐγὼ
2804 1857 3037 1911 ἐνταῦθα
3082 1857 3412 1928 μετῴκησα,
3466 1856 3671 1921 ἀνάξων

2098 1952 2334 2023 ἐμαυτὸν
2376 1951 2569 2021 κρίνας
2597 1951 2706 2003 τῶν
2731 1947 2827 2003 τοῦ
2870 1950 3078 2020 κόσμου
3110 1948 3311 2002 καλῶν.
3353 1949 3672 2020 Παραμέμι-

2098 2059 2226 2095 κται
2256 2041 2365 2112 γὰρ
2390 2045 2502 2104 τοῖς
2519 2039 2614 2093 τοῦ
2638 2041 2846 2111 κόσμου
2872 2041 3057 2105 καλοῖς
3075 2041 3145 2093 τά
3167 2040 3334 2105 κακὰ,
3358 2042 3458 2093 καὶ
3483 2040 3673 2111 μᾶλλον

2098 2133 2385 2202 ὑπεραίρει
2417 2131 2487 2183 τά
2516 2131 2681 2185 κακά.
2713 2131 3162 2202 Παραγενόμενος
3195 2130 3272 2201 (6)
3312 2132 3426 2202 γάρ
3456 2148 3584 2183 ποτε
3617 2132 3674 2184 ἐν

2096 2226 2218 2285 ταῖς
2268 2226 2669 2292 πνευματικαῖς
2719 2222 3128 2292 πανηγύρεσιν,
3185 2222 3267 2275 ἐνὶ
3326 2222 3428 2293 μὲν
3467 2221 3675 2294 ἀδελφῷ

2101 2318 2253 2388 μόλις
2285 2317 2417 2369 ποτὲ
2447 2316 2788 2386 περιέτυχον,
2818 2316 2879 2368 τὸ
2914 2316 3013 2385 μὲν
3041 2316 3216 2368 δοκεῖν
3242 2315 3319 2385 (7)
3359 2315 3677 2387 φοϐουμένῳ

2096 2408 2186 2460 τὸν
2223 2405 2460 2476 Κύριον,
2502 2405 2859 2477 κρατουμένῳ
2887 2405 2945 2458 δὲ
2979 2405 3083 2457 ὑπὸ
3132 2404 3225 2458 τοῦ
3268 2405 3543 2471 διαϐόλου,
3584 2406 3675 2460 καὶ

2096 2500 2303 2569 ἤκουσα
2330 2499 2460 2568 παρ’
2484 2497 2647 2550 αὐτοῦ
2680 2497 2869 2565 λόγους
2905 2497 3169 2567 κομψοὺς,
3201 2497 3296 2549 καὶ
3336 2496 3546 2567 μύθους
3583 2514 3677 2550 πε-

2098 2590 2440 2660 πλασμένους
2471 2591 2551 2652 εἰς
2586 2589 2801 2660 ἀπάτην
2831 2590 2939 2641 τῶν
2970 2588 3431 2659 ἐντυγχανόντων.
3459 2589 3674 2653 Πολλοῖς

2094 2682 2151 2734 δὲ
2183 2683 2298 2751 μετ’
2328 2681 2489 2733 αὑτὸν
2523 2682 2598 2750 (8)
2632 2681 2917 2751 συνέτυχον
2955 2681 3249 2745 κλέπταις,
3310 2681 3552 2752 ἀρπαξι,
3584 2698 3676 2734 τυ-

2098 2775 2330 2845 ράννοις.
2357 2769 2510 2825 Εἶδον
2552 2772 2860 2841 μεθυόντων
2903 2772 3090 2843 σχῆμα
3114 2772 3385 2843 ἄσχημον,
3420 2773 3492 2826 τὰ
3516 2774 3676 2843 αἷμα.-

2095 2884 2162 2919 τα
2201 2866 2277 2935 (9)
2317 2865 2425 2918 τῶν
2470 2864 2981 2933 καταπονουμένων.
3033 2860 3187 2917 Εἶδον
3243 2864 3299 2917 δὲ
3343 2866 3438 2917 καὶ
3486 2864 3675 2925 κάλλος

2094 2956 2393 3026 γυναικῶν,
2426 2955 2711 3026 βασανίζον
2768 2973 2870 3023 μου
2901 2957 3001 3027 τὴν
3042 2955 3424 3026 σωφροσύνην.
3462 2957 3575 3009 Καὶ
3617 2957 3676 3009 τὺ

2100 3050 2197 3121 μὲν
2251 3049 2351 3118 τῆς
2395 3048 2651 3119 πορνείας
2683 3047 2842 3117 ἔργον
2893 3047 3179 3116 διέφυγον·
3212 3048 3310 3118 τὴν
3348 3048 3406 3101 δὲ
3437 3046 3674 3118 ἐμαυτοῦ

2104 3139 2397 3209 παρθενίαν
2431 3137 2663 3208 ἐμόλυνα
2696 3135 2836 3189 κατά
2870 3137 3106 3190 διάνοιαν
3141 3136 3388 3207 καρδίας.
3413 3138 3527 3190 Καὶ
3553 3137 3678 3189 πολε

2048 3218 2068 3238 ,
2102 3231 2208 3283 λῶν
2236 3232 2332 3300 μὲν
2358 3230 2572 3299 ἀκήκοα
2599 3227 2773 3294 λόγων
2798 3226 3131 3296 ψυχωφελῶν
3148 3244 3161 3257 ·
3189 3226 3329 3297 πλὴν
3352 3228 3483 3298 παρ’
3503 3226 3677 3280 οὐδενὶ

2096 3321 2207 3375 τῶν
2240 3320 2576 3374 διδασκάλων
2605 3312 2764 3391 εὗρον
2797 3318 2955 3383 ἀξίαν
2984 3318 3094 3371 τῶν
3120 3318 3293 3387 λόγων
3319 3319 3418 3389 τὴν
3449 3320 3673 3391 ἀρετήν.

2096 3414 2250 3467 Μετὰ
2273 3413 2330 3467 δὲ
2365 3411 2523 3465 τοῦτο
2552 3410 2713 3463 πάλιν
2738 3410 2947 3481 μυρίων
2975 3411 3184 3480 ἥκουσα
3205 3411 3674 3481 τραγῳδημάτων,

2101 3504 2285 3575 μέλεσι
2306 3502 2704 3575 τεθρυμμένοις
2727 3501 3090 3571 ὲνδεδυμένων
3109 3500 3242 3572 (10).
3267 3501 3436 3555 Πάλιν
3461 3503 3676 3573 ἀκήκοα

2094 3595 2327 3666 κιθάρας
2353 3595 2449 3665 ἡδὺ
2479 3593 2739 3664 ἠχούσης,
2780 3591 2885 3644 τῶν
2924 3592 3133 3662 κρότων
3157 3592 3267 3661 (ll)
3297 3593 3408 3646 τῶν
3445 3593 3675 3664 ἁλλομέ-

2096 3705 2223 3751 νων,
2258 3687 2359 3756 τῆς
2389 3687 2572 3756 φωνῆς
2598 3684 2707 3737 τῶν
2736 3683 3085 3753 γελοιαστῶν,
3113 3684 3323 3755 μωρίας
3353 3685 3555 3755 πολλῆς
3577 3686 3674 3740 καὶ

2095 3776 2478 3848 εὐτραπελίας,
2512 3774 2668 3845 ὄχλου
2696 3774 2979 3845 ἀμυθήτου
3003 3773 3153 3844 βοήν.
3178 3770 3335 3828 Εἶδον
3361 3775 3431 3828 τὰ
3462 3775 3677 3846 δάκρυα

2094 3869 2203 3923 τῶν
2237 3868 2595 3938 συληθέντων,
2644 3867 2743 3929 τὰς
2774 3867 2967 3931 ὀδύνας
3004 3867 3111 3919 τῶν
3156 3867 3520 3937 ἀπαγομένων
3556 3868 3673 3939 (12)

2094 3960 2199 4013 ὑπὸ
2238 3959 2337 4029 τῆς
2377 3956 2721 4027 τυραννίδος,
2761 3956 2859 4027 τὴν
2901 3956 3147 4027 οἰμωγὴν
3178 3955 3284 4010 τῶν
3312 3956 3675 4027 βασανιζομέ-

2095 4069 2222 4106 νων.
2252 4050 2364 4103 Καὶ
2390 4045 2548 4113 εἶδον,
2583 4050 2678 4101 καὶ
2720 4048 2828 4100 ίδου
2870 4049 2970 4101 οὐκ
2989 4045 3057 4119 ἦν
3084 4049 3396 4119 πανήγυρις
3424 4065 3674 4119 πνευμα-

2091 4145 2249 4215 τικὴ,
2282 4141 2418 4195 ἀλλὰ
2451 4141 2695 4194 θάλασσα
2741 4140 3103 4211 ἁνεμιζομένη
3136 4141 3230 4193 καὶ
3265 4142 3673 4214 ταραττομένη,

2093 4237 2300 4297 πάντας
2337 4232 2473 4304 ὁμοῦ
2505 4235 2614 4294 τοῖς
2643 4232 2813 4302 αὐτῆς
2839 4232 2950 4302 (l5)
2978 4232 3186 4303 κύμασι
3219 4231 3459 4302 καλύψαι
3496 4249 3673 4286 σπουδ

2090 4329 2344 4393 δάζουσα.
2370 4327 2509 4393 Λέγε
2542 4343 2652 4396 μοι,
2681 4320 2726 4378 ὦ
2772 4324 2917 4395 κακὴ
2951 4324 3150 4388 ἔννοια,
3180 4325 3276 4377 καὶ
3304 4326 3333 4377 ὁ
3358 4326 3459 4396 τῆς
3502 4344 3675 4397 προσ.

2091 4417 2284 4489 καίρου
2314 4417 2646 4488 ἡδυπαθείας
2678 4433 2737 4468 τε
2765 4415 2860 4469 καὶ
2888 4414 3191 4479 κενοδοξίας
3228 4416 3459 4487 δαίμων,
3493 4418 3545 4470 τί
3576 4435 3673 4489 μοι

2093 4590 2280 4633 senus,
2315 4574 2409 4643 qui
2429 4575 2494 4647 in
2522 4573 2751 4647 epistola
2786 4573 2851 4628 de
2883 4574 2950 4628 iis
2994 4575 3084 4641 qui
3116 4573 3320 4647 adeunt
3350 4573 3674 4647 Hierosoly-

2092 4660 2208 4704 ma,
2250 4651 2384 4696 tom.
2429 4644 2517 4709 Ill,
2555 4658 2607 4711 p.
2646 4644 2770 4715 655,
2805 4652 3035 4698 testatur
3062 4644 3274 4715 uul_|_u_m
3317 4661 3440 4699 esse
3487 4644 3675 4715 impii-

2092 4714 2273 4767 ritatis
2306 4729 2508 4783 genus,
2549 4713 2692 4785 quod
2728 4715 2921 4785 nonAin
2968 4714 3105 4785 locis
3133 4711 3674 4785 _Hﬁierosolymita'uis

2092 4782 2431 4853 perpetretur
2474 4802 2487 4836 :
2520 4782 2808 4844 adulteria,
2841 4782 3005 4846 furta,
3040 4782 3378 4838 idololatrias
3409 4782 3464 4839 et
3488 4786 3673 4842 caedes

2093 4852 2502 4917 eomm'emorat,
2531 4867 2594 4905 ac
2609 4852 2797 4905 nullibi
2834 4861 3041 4906 tantum
3072 4854 3271 4907 furoris
3301 4869 3425 4908 esse
3451 4854 3518 4907 ad
3541 4855 3674 4908 fuuo

2094 4923 2331 4977 dendum
2361 4923 2705 4988 sanguinem.
2730 4938 2844 4975 non
2876 4938 2941 4976 ex
2974 4938 3197 4978 rumore
3227 4924 3434 4993 aliquo,
3472 4925 3567 4979 sed
3596 4941 3671 4981 ex

2094 4995 2377 5048 oculorum
2414 5007 2636 5045 suorum
2668 4994 2979 5046 testimonio
3011 5002 3307 5047 asseverat.

2167 5063 2277 5132 (l0)
2324 5060 2780 5126 Ἐνδεδυμένων.
2810 5061 2941 5115 Post
2977 5062 3117 5115 banc
3156 5078 3341 5117 vocem
3374 5064 3567 5132 legitur
3607 5066 3671 5121 in

2096 5132 2229 5205 Reg.
2263 5133 2502 5205 secundo
2546 5132 2780 5205 ἀπάτην,
2830 5132 3191 5205 scd__videtur
3231 5134 3539 5203 Obrepsisse
3560 5150 3670 5205 pro

2097 5203 2257 5256 πάλιν
2280 5202 2421 5269 quod
2453 5206 2602 5253 deest
2633 5204 2682 5252 in
2714 5203 2814 5253 hoc
2834 5201 3045 5254 codice.

2164 5272 2276 5341 (ll)
2316 5271 2436 5324 Τῶν
2481 5273 2725 5341 κρότων.
2766 5271 2840 5323 Ita
2873 5270 3341 5341 Regaseeundus.
3383 5270 3527 5326 Editi
3567 5276 3667 5329 τὸν

2093 5340 2301 5414 κρότον.
2343 5340 2543 5414 Ibidem
2581 5340 2690 5414 duo
2733 5341 2949 5414 codices
2979 5340 3085 5392 τῶν
3120 5342 3447 5412 ὀχουμένων.
3486 5342 3667 5397 Paulo

2091 5409 2213 5479 post
2264 5412 2548 5480 legendum
2601 5409 2749 5479 βοῆς,
2790 5420 2851 5463 ut
2892 5410 2994 5464 hoc
3029 5409 3226 5465 nomen
3255 5409 3394 5466 cum
3446 5419 3665 5468 caeteris

2087 5481 2518 5549 przecedentibus
2548 5490 2829 5549 consonet.

2156 5552 2264 5618 (ιὲ)
2312 5550 2749 5619 Ἀπαγομένων.
2783 5548 2859 5603 Ita
2891 5550 3001 5604 duo
3041 5547 3194 5620 Regii
3234 5549 3472 5606 codices.
3516 5550 3663 5606 Editi

2081 5622 2255 5686 ὲπαγο
2262 5621 2458 5690 μένων.

2157 5688 2271 5760 (15)
2316 5691 2440 5755 ἸὈῙς
2472 5688 2682 5754 αὐτῆς.
2713 5689 2785 5742 Ita
2816 5707 2957 5746 unus
2986 5691 3155 5747 codex
3183 5712 3195 5744 :
3230 5692 3371 5749 alius
3395 5693 3510 5755 τοῖς
3530 5690 3662 5747 ἑαυ-

413 5763 623 5813 uotare.
651 5756 799 5813 Illius
831 5756 1813 5831 narrationemconfirmatGregorius
1835 5762 1977 5833 Nys-
2054 5756 2197 5844 sic.
2229 5759 2370 5815 Editi
2402 5764 2512 5824 τοῖς
2544 5762 2747 5822 αὐτοῖς.
