3886 6220
156 354 291 419 337

1110 358 1614 427 ‘EPISTOLA‘RUM
1640 368 1929 429 C'L'ASSIS
1966 376 2007 430 l.
2034 374 2269 437 ‘EPiST.
2311 378 2466 438 ΗΜ.

3325 399 3432 459 558

157 486 234 537 τὸ
274 484 461 554 ὄφελος
492 478 594 556 τῆς
644 478 854 540 τούτων
902 488 1136 561 θεωρίας
1168 508 1229 544 τε
1272 493 1368 545 καὶ¹
1406 493 1736 565 ἀκροάσεως,

1852 498 2089 567 audiam,
2118 516 2246 557 eum
2283 504 2421 558 nulli
2449 518 2640 562 eorum
2677 508 2879 579 quibus
2923 512 3126 583 injuria
3160 514 3249 583 ﬁt,
3272 508 3433 589 opem

160 577 375 646 μηδενὶ
408 576 511 629 τῶν
543 577 919 650 ἀδικουμένων
947 579 1209 653 βοηθῆσαι
1245 583 1502 654 ἰσχύοντι,
1533 587 1670 657 μήτε
1695 587 1752 641 δὲ

152 670 295 731 τοῖς
322 668 600 733 ἀδυνάτοις
639 670 941 741 ἐπαμῦναι,
980 675 1117 745 μήτε
1148 677 1274 741 τοὺς
1304 677 1415 748 (14)
1450 678 1753 750 σφαλλομέ-

152 774 311 822 νους
352 758 745 830 διορθώσασθαι
806 764 1277 837 συγχωρουμένῳο
1329 768 1471 838 τάχα
1514 768 1572 822 δὲ
1623 770 1751 840 μέλ-

152 847 325 902 λοντι
348 849 455 919 (15)
488 849 583 902 κα)⁸
626 850 863 919 ἐμαυτὸν
896 854 1360 925 προσαπολλύειν;
1406 858 1615 930 ’Ὠσπερ
1643 859 1752 931 γὰρ

149 940 357 1009 ὀλίγον
387 941 524 1011 ὕδωρ
563 942 803 1014 καθαρὸν
830 944 933 996 ὑπὸ
975 944 1176 1016 πολλῆς
1219 946 1388 1017 ζάλης
1425 948 1626 1019 ἀνέμου
1658 950 1752 1002 καὶ

153 1032 455 1102 κονιορτοῦ
483 1032 825 1103 ἀφανίζεται,
854 1034 1026 1098 οὕτως
1052 1034 1087 1088 ἂ
1108 1037 1399 1107 νομίζομεν
1430 1038 1570 1092 καλὰ
1594 1041 1650 1093 ἐν
1673 1040 1750 1111 τῷ

152 1123 274 1195 βίῳ
320 1128 492 1178 ποιεῖν
521 1125 655 1197 (16),
696 1122 802 1180 ὑπὸ
827 1125 921 1179 τοῦ
944 1127 1194 1199 ’πλήθους
1212 1129 1325 1183 τῶν
1365 1129 1550 1184 κακῶν
1586 1131 1751 1185 καλύ-

152 1232 392 1270 πτεται.
425 1218 489 1268 Αἰ
519 1217 619 1287 μὲν
660 1218 768 1289 γὰρ
806 1219 1106 1290 τραγῳδίαι
1132 1218 1322 1291 ὥσπερ
1348 1221 1609 1286 σκόλοπες
1640 1226 1750 1287 τοῖς

149 1308 317 1361 κατὰ
334 1308 425 1362 τὸν
448 1309 558 1378 βίον
578 1310 644 1362 δι’
672 1310 936 1381 εὐθυμίας
960 1312 1054 1365 καὶ
1072 1314 1248 1384 χαρᾶς
1268 1317 1326 1366 ὲν
1348 1318 1468 1377 ταῖς
1495 1316 1749 1386 καρδίαις

151 1399 351 1452 αὐτῶν
384 1400 777 1472 ὲμπήσσονται,
810 1402 895 1454 ἵνα
921 1403 1020 1472 τῆς
1060 1403 1379 1475 ψαλμῳδίας
1424 1408 1746 1480 ὲπισκοτίσῃ

148 1490 217 1542 τὸ
246 1489 528 1561 καθαρῶν
570 1490 712 1545 αἰδὲ
764 1496 1002 1563 οἰμωγαὶ
1032 1494 1127 1547 καὶ
1159 1498 1187 1549 6
1218 1496 1452 1567 ὀδυρμὸς
1486 1497 1595 1550 τῶν
1636 1498 1750 1552 ἁδι-

147 1599 257 1634 κου
267 1583 449 1652 μένων
476 1582 573 1636 ἀνθ
583 1582 782 1654 ρώπων
807 1586 960 1656 παρὰ
979 1585 1087 1638 τῶν
1110 1586 1398 1657 ὁμοφύλων
1428 1589 1745 1659 ἐπάγονται,

154 1675 250 1728 ἵνα
288 1674 474 1745 δειχθῇ
504 1674 616 1728 τῶν
648 1676 895 1747 πενήτων
923 1678 956 1748 ἡ
993 1679 1259 1749 ὑπομονὴ.

228 1765 287 1818 5.
318 1766 413 1829 Τίς
438 1762 538 1819 οὖν
578 1767 814 1835 ὠφέλεια
844 1769 988 1839 ἐμοὶ,
1027 1769 1059 1840 ἢ
1093 1770 1337 1841 δηλονότι
1369 1773 1469 1844 τῆς
1499 1773 1677 1844 ψυχῆς
1710 1776 1744 1847 ἡ

1855 586 1999 646 ferre
2034 606 2232 660 queam
2280 610 2293 646 :
2337 610 2514 666 neque
2544 597 2704 652 liceat
2733 601 2866 655 mihi
2913 603 3213 663 imbecilles
3245 586 3433 666 ἀείδει·-

1854 681 2003 750 dere,
2044 693 2137 738 aut
2181 694 2431 743 errantes
2476 691 2757 761 corrigere
2799 711 2814 760 ;
2854 694 2963 750 imo
3008 698 3171 751 etiam
3208 701 3434 773 insuper

1854 788 1941 828 me
1991 775 2108 844 ipse
2148 775 2297 839 {orte
2372 783 2688 849 perditurus
2752 786 2905 840 sim?
2960 787 3429 854 Quemadmodum

1853 866 1994 919 enim
2035 868 2312 936 paululum
2346 885 2500 940 aqua:
2556 890 2707 944 pura:
2749 892 2945 947 magna
2995 882 3139 934 venti
3192 885 3428 952 procella

1853 972 1917 1011 ac
1964 960 2187 1028 pulvere
2242 962 2546 1033 dissipatur
2597 968 2727 1032 ;sie
2788 985 2909 1038 qua:
2967 972 3126 1026 nobis
3180 975 3430 1029 videmur

1851 1052 2112 1119 praeclare
2143 1051 2199 1106 in
2253 1056 2455 1109 saeculo
2499 1056 2709 1123 facere,
2758 1061 3026 1115 malorum
3081 1065 3430 1123 multitudine

1850 1144 2181 1200 obruuntur.
2228 1145 2361 1200 Nam
2397 1150 2672 1219 tragoediae
2702 1191 2717 1213 ,
2769 1154 2912 1208 velut
2951 1156 3099 1223 pali,
3150 1157 3204 1211 in
3242 1160 3427 1215 cordiv

1850 1235 1954 1290 bus
1983 1250 2171 1290 eorum
2224 1239 2317 1307 qui
2365 1240 2420 1292 in
2456 1243 2656 1298 saeculo
2705 1255 2872 1307 sunt,
2931 1264 3029 1318 per
3077 1249 3316 1305 lzetitiam
3360 1266 3429 1307 ac

1850 1325 2106 1393 gaudium
2156 1329 2484 1398 inﬁguntur,
2542 1342 2599 1387 ut
2646 1338 2963 1405 psalmodize
3009 1343 3233 1409 puritati
3271 1350 3426 1397 tene-

1848 1411 1976 1467 bras
2026 1413 2340 1471 oiTundant.
2420 1418 2587 1474 Porro
2640 1425 2875 1487 cjulatus
2921 1428 3265 1499 gemituSque
3329 1431 3428 1486 ho-

1849 1503 2056 1557 minum
2106 1506 2363 1575 injuriam
2406 1525 2436 1564 a
2467 1513 2761 1571 tribulibus
2786 1519 3105 1587 patientium
3134 1522 3428 1593 proferun-

1851 1599 1958 1655 tur,
1991 1600 2049 1646 ut
2072 1608 2372 1664 pauperum
2401 1602 2726 1658 ostendatur
2756 1607 3036 1673 patientia.

1918 1771 1970 1828 5.
2017 1772 2146 1840 Qum
2173 1775 2339 1846 igitur
2362 1780 2496 1834 mihi
2519 1782 2625 1836 alia
2650 1785 2881 1850 utilitas,
2913 1788 3020 1843 nisi
3056 1796 3204 1845 certe
3226 1791 3424 1847 animm

152 1856 368 1926 βλὰϐτμ
409 1857 513 1910 Διὰ
538 1858 698 1911 τοῦτο
737 1854 831 1912 οὖν
868 1858 981 1927 ἐγὼ
1016 1862 1397 1932 μεταναστεύω
1426 1865 1522 1917 ἐπὶ
1546 1864 1613 1918 τὰ
1642 1864 1736 1938 ὅρη

1847 1863 2140 1920 damnum?
2187 1867 2378 1940 Itaque
2408 1887 2527 1926 eam
2570 1875 2641 1929 ob
2669 1891 2893 1931 causam
2949 1895 3050 1949 ego
3104 1884 3246 1936 velut
3295 1898 3423 1953 pas.

152 1948 233 2012 ὡς
282 1949 590 2019 στρουθίον.
631 1950 719 2014 Ὣς
745 1950 1029 2022 στρουθίον
1073 1952 1184 2025 γὰρ
1213 1953 1488 2025 ὲρῤύσθην
1542 1956 1606 2009 ἐκ
1646 1957 1746 2026 τῆς

154 2039 389 2107 παγίδος
413 2039 525 2093 τῶν
550 2040 912 2111 θηρευόντων.
945 2044 1051 2096 Καὶ
1077 2043 1186 2115 γὰρ
1219 2046 1277 2097 ὲν
1315 2045 1485 2117 ταύτῃ
1520 2049 1584 2117 τῇ
1617 2048 1744 2117 ἐρή-

150 2147 245 2199 μῳ
303 2130 504 2198 διάγω,
539 2125 585 2184 ὦ
614 2132 757 2204 κακὴ
797 2132 996 2198 ἔννοια,
1023 2136 1081 2188 ἐν
1170 2137 1199 2188 6
1226 2135 1429 2207 Κύριος
1450 2137 1738 2209 διέτριϐεν.

146 2218 439 2275 ’Ἐνταῦθα
480 2224 515 2293 ἠ
549 2223 681 2296 δρῦς
711 2227 744 2295 ἡ
786 2225 1028 2297 Μαμϐρῆ
1058 2226 1168 2297 (17)
1192 2244 1206 2258 ο
1239 2228 1471 2281 ἐνταῦθα
1499 2232 1530 2300 ή
1579 2232 1742 2301 ούρα-

148 2318 384 2388 νοφόρος
412 2316 641 2387 κλίμαξ,
674 2317 767 2370 καὶ
798 2319 854 2370 αἱ
881 2318 989 2371 τῶν
1020 2320 1265 2388 ἀγγέλων
1291 2321 1651 2393 παρεμϐολαὶ,
1685 2324 1739 2376 αἱ

150 2407 229 2479 τῷ
261 2408 463 2461 Ἰακὼϐ
505 2408 785 2476 ὀφθεῖσαν
815 2409 1050 2464 ἐνταῦθα
1077 2413 1109 2482 ἡ
1154 2411 1381 2484 ἕρημος,
1411 2416 1469 2467 ὲν
1559 2416 1587 2467 6
1616 2414 1740 2478 λαὸς

148 2498 433 2567 ’ἅγνισθεὶς
467 2499 860 2571 ἐνομοθετήθη,
890 2505 984 2555 καὶ
1034 2502 1207 2568 οὕτως
1239 2506 1319 2567 εἰς
1363 2504 1459 2575 τὴν
1496 2506 1599 2576 γῆν
1639 2507 1739 2577 τῆς

154 2591 492 2659 ε-ηαγγελίας
518 2591 772 2645 εἰσελθὼν
796 2593 903 2664 (18)
928 2591 1037 2648 εἶδε
1070 2595 1222 2651 Θεόν.
1242 2597 1504 2650 Ἐνταῦθα
1532 2597 1591 2650 τὸ
1614 2597 1739 2669 ὅρος

164 2685 213 2736 :6
251 2683 605 2754 Καρμήλιον,
656 2686 716 2737 ὲν
756 2678 802 2752 ᾧ
837 2685 1051 2753 Ἠλίας,
1107 2687 1457 2758 αὐλιζόμενος
1508 2689 1587 2759 τῷ
1619 2690 1737 2760 Θεῷ

159 2776 546 2845 ιῦηρέστησεν.
590 2775 857 2829 Ἐνταῦθα
891 2776 952 2830 τὸ
997 2777 1178 2831 πεδίον
1209 2779 1267 2830 ἐν
1296 2772 1341 2846 ᾧ
1374 2779 1736 2851 ἀναχωρήσας

162 2864 416 2935 Ἔσδρας,
466 2864 648 2928 πάσας
688 2863 786 2929 τὰς
812 2864 1201 2932 θεοπνεύστους
1246 2868 1458 2938 βίϐλους
1498 2870 1736 2940 προστά-

167 2972 323 3024 γματι
351 2955 494 3008 Θεοῦ
526 2955 873 3026 ἑξηρεύξατο.
912 2958 1174 3012 Ἐνταῦθα
1218 2961 1251 3030 ἡ
1279 2959 1519 3032 ἔρημος,
1545 2963 1602 3015 ἐν
1706 2964 1736 3016 6

158 3046 426 3117 μακάριος
472 3047 758 3119 Ἰωάννης,
810 3049 1218 3122 ἀκριδοφαγῶν,
1272 3053 1558 3122 μετάνοιαν
1621 3057 1733 3117 τοῖς

158 3136 467 3208 ἀνθρώποις
494 3139 782 3209 ἐκήρυξεν.
812 3139 1075 3193 Ἐνταῦθα
1104 3142 1164 3194 τὸ
1188 3141 1314 3212 ὅρος
1340 3142 1447 3195 τῶν
1482 3143 1727 3238 Ἐλαιῷν,
1761 3178 1805 3238 c

152 3229 232 3291 είς
260 3229 289 3281 6
308 3232 337 3282 ὁ
358 3229 604 3301 Χριστὸς
631 3230 993 3302 ἀνερχόμενος
1025 3233 1387 3304 προσηύχετο,
1412 3236 1557 3306 ἡμᾶς
1589 3237 1728 3291 διδά-

160 3335 296 3375 σκων
319 3321 750 3393 προσεύχεσθαι.
794 3322 1059 3376 Ἐνταῦθα
1096 3326 1125 3377 6
1152 3325 1388 3395 Χριστὸς
1422 3329 1450 3379 6
1484 3327 1584 3397 τῆς
1606 3329 1733 3400 ἐρή-

163 3432 255 3483 μου
286 3416 465 3484 φίλος.
498 3416 638 3486 Φησὶ
666 3417 808 3487 γάρ’
838 3416 1022 3470 Ὅπου
1056 3418 1176 3471 εἰσὶ
1200 3418 1311 3472 δύο
1336 3418 1375 3489 ἢ
1397 3419 1554 3487 τρεῖς
1581 3435 1732 3475 συν-

159 3508 395 3575 ηγμένοι
432 3509 524 3573 είς
552 3508 618 3559 τὸ
640 3507 787 3575 ἐμὸν
814 3507 1020 3577 ὄνομα,
1047 3509 1176 3563 ἐκεῖ
1188 3513 1303 3579 εἰμι
1327 3512 1397 3565 ἐν
1420 3512 1589 3581 μέσῳ
1623 3516 1732 3569 αὐ-

160 3594 269 3649 τῶν
295 3596 433 3667 (19).
476 3596 744 3650 Ἐνταῦθα
768 3599 800 3667 ἡ
828 3600 988 3668 στενὴ
1016 3600 1110 3652 καὶ
1157 3600 1494 3672 τεθλιμμένη
1530 3603 1667 3667 ὁδὸς.
1697 3607 1730 3675 ἡ

160 3683 444 3752 ἀπάγουσα
483 3686 569 3748 είς
604 3684 702 3756 τὴν
759 3682 922 3757 ζωήν.
986 3688 1251 3742 Ἐνταῦθα
1297 3688 1609 3744 διδάσκαλοι
1638 3695 1732 3745 καὶ

164 3778 458 3848 προφῆται,
483 3777 536 3829 οἱ
563 3779 621 3830 ὲν
641 3778 897 3847 ἐρημίαις
926 3777 1287 3849 πλανώμενοι,
1314 3782 1408 3834 καὶ
1435 3782 1605 3853 ὄρεσι,
1639 3784 1732 3837 καὶ

164 3868 462 3938 σπηλαίοις,
507 3869 603 3921 καὶ¹
644 3871 767 3931 ταῖς
809 3868 973 3931 ὀπαῖς
1019 3871 1116 3940 τῆς
1147 3871 1269 3941 γῆς.
1308 3872 1569 3955 Ἐνταῦθα
1600 3874 1731 3927 ἀπό-

163 3961 323 4014 στολοι
350 3963 450 4015 καὶ
484 3959 893 4028 εὐαγγελισταὶ,
922 3962 1014 4015 καὶ
1044 3965 1073 4015 6
1098 3963 1208 4015 τῶν
1244 3965 1492 4035 μοναχῶν
1531 3968 1732 4037 ἐρημο-

162 4051 373 4122 πολίτης
406 4052 547 4123 βίος.
574 4051 761 4106 Ταῦτα
808 4052 989 4106 τοίνυν
1020 4055 1284 4119 ἑκουσίως
1308 4056 1726 4127 καταδέδεγμαι,

148 4142 240 4195 ἶνα
263 4143 416 4197 λάϐω
448 4143 595 4215 ἅπερ
645 4146 759 4207 τοῖς
803 4144 1039 4215 μάρτυσι
1079 4145 1172 4199 τοῦ
1217 4147 1455 4219 Χριστοῦ
1483 4149 1578 4201 καὶ
1618 4153 1730 4215 τοῖς

149 4231 327 4297 ’ἄλλοις
360 4235 533 4286 πᾶσιν
561 4232 738 4302 ἁγίοις
757 4233 1094 4305 ἐπήγγελται
1114 4253 1126 4265 ·
1167 4235 1254 4289 ἵνα
1275 4235 1523 4306 ἀψευδῶς
1548 4238 1694 4307 λέγω
1710 4257 1724 4270 ⁸

166 4324 256 4377 Διὰ
300 4325 448 4391 τοὺς
479 4326 703 4395 ,λόγους
742 4323 859 4378 τῶν
901 4324 1151 4393 χειλέων
1194 4340 1310 4380 σου
1348 4326 1464 4397 ἐγὼ
1506 4328 1729 4397 ἐφύλα-

167 4412 235 4475 ξα
266 4415 446 4481 ὀδοὺς
489 4412 782 4481 σκληράς.
822 4415 1033 4483 Ἔγνων
1078 4414 1186 4486 γὰρ
1231 4415 1321 4468 τὸν
1367 4416 1464 4486 μὲν
1506 4416 1722 4490 θεοφιλῆ

1846 1971 1936 2010 ser
1980 1958 2311 2028 transmigro
2342 1962 2397 2014 in
2432 1973 2666 2020 montes.
2702 1967 2833 2020 Sum
2874 1970 3019 2022 enim
3055 1971 3197 2027 sicut
3228 1986 3423 2042 passer

1844 2061 1907 2100 ex
1947 2048 2141 2116 laqueo
2172 2052 2488 2106 venantium
2543 2054 2803 2113 liberatus
2830 2058 2896 2110 “.
2958 2058 3173 2116 Etenim
3222 2064 3276 2118 in
3318 2066 3422 2121 hac

1845 2139 2137 2194 solitudine
2161 2140 2319 2210 dego,
2352 2158 2385 2197 ο
2420 2146 2558 2198 mala
2584 2149 2844 2217 cogitatio
2880 2191 2894 2215 ,
2926 2152 2982 2206 in
3023 2169 3130 2222 qua
3158 2153 3421 2212 Dominus

1841 2236 2091 2282 versatus
2123 2238 2224 2282 est.
2272 2230 2372 2286 ilic
2415 2249 2654 2303 quercus
2686 2236 2929 2294 Mambre
2971 2258 2984 2292 :
3021 2242 3112 2296 hic
3143 2246 3292 2299 scala
3335 2245 3419 2302 fec

1842 2330 1969 2370 rens
1998 2318 2064 2371 ad
2089 2320 2312 2386 emlum,
2362 2329 2415 2376 et
2442 2325 2757 2393 angelorum
2788 2336 2971 2384 castra
3001 2347 3032 2386 a
3078 2330 3252 2387 Jacob
3282 2350 3417 2390 con-

1842 2418 2026 2479 specta
2064 2428 2079 2478 ;
2122 2412 2209 2465 hic
2258 2414 2518 2481 solitudo,
2564 2419 2617 2471 in
2674 2433 2778 2488 qua
2822 2424 3053 2492 populus
3092 2426 3417 2493 puriﬁcatus

1841 2499 2010 2571 legem
2051 2504 2264 2574 accepit
2297 2545 2312 2569 ,
2363 2515 2417 2561 et
2441 2508 2515 2562 ita
2566 2505 2781 2565 demum
2828 2512 2884 2567 in
2935 2526 3135 2570 terram
3183 2521 3417 2588 promis-

1840 2593 2011 2649 sionis
2041 2589 2322 2665 ingressus
2364 2598 2530 2654 Deum
2567 2603 2723 2657 vidit.
2756 2604 2856 2659 Hic
2912 2622 3067 2663 mons
3099 2611 3413 2679 Carmelus,

1840 2684 1894 2739 in
1933 2702 2044 2756 quo
2091 2687 2238 2744 Elias
2286 2707 2632 2749 commorans
2671 2698 2876 2765 placuit
2920 2698 3068 2769 Deo;
3123 2701 3213 2757 hic
3268 2719 3417 2760 cam-

1838 2791 1960 2845 pus,
1999 2780 2051 2831 in
2101 2796 2262 2849 quem
2310 2797 2433 2835 cum
2481 2783 2685 2840 Esdras
2715 2790 3036 2845 secessisset
3062 2829 3077 2855 ,
3108 2806 3298 2850 omnes
3339 2795 3415 2851 li-

1836 2868 1964 2925 bros
2016 2870 2279 2926 divinitus
2332 2874 2628 2944 inspiratos
2650 2919 2665 2944 ,
2701 2878 2810 2934 Deo
2834 2880 3082 2950 jubente,
3118 2889 3411 2946 eructavit.

1835 2959 1936 3016 Hic
1987 2963 2262 3026 solitudo,
2313 2965 2367 3019 in
2421 2983 2523 3036 qua
2593 2968 2785 3025 beatus
2831 2972 3070 3031 Joannes
3101 3014 3116 3039 ,
3170 2977 3413 3034 locustas

1834 3048 2023 3113 edens,
2072 3050 2383 3107 hominibus
2430 3054 2589 3125 130
2636 3060 3013 3126 pmnitentiam
3068 3067 3407 3134 praedicavit.

1836 3138 1935 3193 Hic
1967 3156 2123 3197 mons
2148 3142 2450 3210 Oiivarum,
2482 3148 2535 3201 in
2569 3164 2730 3218 quem
2761 3167 2885 3206 cum
2933 3154 3189 3215 Christus
3216 3175 3412 3216 ascen-

1834 3229 2005 3285 disset
2046 3235 2245 3300 oravit,
2279 3250 2441 3292 orare
2485 3254 2585 3293 nos
2615 3238 2842 3297 docens.
2887 3242 2987 3299 Hic
3016 3245 3272 3305 Christus
3315 3266 3411 3307 so-

1833 3321 2080 3378 litudinis
2103 3335 2336 3380 amator.
2369 3327 2460 3383 Ait
2506 3331 2653 3384 enim
2686 3348 2699 3386 :
2738 3331 2839 3386 Ubi
2868 3334 2973 3390 duo
3008 3347 3132 3392 sunt
3186 3351 3277 3395 aut
3303 3354 3410 3399 tres

1831 3417 2126 3484 congregati
2171 3418 2226 3470 in
2280 3421 2489 3475 nomine
2525 3438 2636 3475 meo
2664 3463 2679 3487 ,
2726 3425 2798 3479 ibi
2843 3444 2962 3481 sunt
3002 3430 3058 3482 in
3110 3434 3282 3487 medio
3312 3452 3406 3489 eo-

1832 3506 2036 3562 rum“.
2089 3505 2189 3561 Hic
2220 3520 2477 3581 .angusta
2524 3522 2578 3567 et
2621 3526 2772 3570 arcta
2835 3520 2937 3581 via,
2992 3538 3113 3591 qua:
3154 3525 3304 3581 ducit
3338 3528 3408 3583 ad

1832 3599 2017 3653 vitam.
2053 3598 2151 3654 Hic
2184 3600 2442 3659 doctores
2525 3614 2578 3659 et
2622 3608 2937 3676 prophetae,
2982 3613 3036 3667 in
3095 3616 3410 3673 solitudini-

1829 3690 1932 3744 bus
1972 3699 2219 3748 errantes
2245 3732 2259 3756 ,
2315 3708 2378 3747 ac
2424 3698 2706 3752 montibus
2732 3739 2748 3763 ,
2788 3703 3171 3775 speluncisque
3223 3718 3276 3762 et
3323 3709 3408 3765 fo-

1829 3781 2136 3837 raminibus
2164 3791 2327 3839 terra:
2351 3785 2416 3840 “.
2447 3785 2549 3841 Hic
2597 3793 2827 3859 apostoli
2856 3802 2909 3847 et
2954 3798 3321 3866 evangelista},
3351 3811 3407 3857 et

1830 3873 2219 3926 monachorum
2266 3883 2475 3931 semota
2534 3879 2607 3933 ab
2638 3882 2865 3938 urbibus
2896 3886 3024 3939 vita.
3058 3887 3184 3943 Haec
3221 3892 3407 3963 itaque

1829 3962 1974 4017 ultro
2012 3967 2254 4035 suscepi,
2310 3978 2368 4022 ut
2410 3983 2718 4041 consequar
2748 3990 2867 4043 qua:
2911 3976 3117 4032 Christi
3150 3962 3406 4055 martyri—

1831 4052 1932 4108 bus
1977 4062 2031 4107 et
2072 4057 2328 4113 omnibus
2370 4060 2497 4116 aliis
2552 4064 2759 4117 sanctis
2813 4069 3088 4133 promissa
3146 4052 3308 4140 eunti
3344 4084 3405 4131 ut

1834 4160 1955 4199 vere
1993 4159 2057 4199 ac
2093 4145 2231 4199 citra
2301 4149 2644 4204 mendacium
2706 4152 2925 4210 dicam:
2974 4156 3196 4227 Propter
3250 4165 3385 4217 verb.

1831 4234 2095 4289 labiorum
2146 4246 2357 4290 tuorum
2388 4254 2482 4309 ego
2539 4242 2797 4297 custodivi
2834 4244 2944 4300 vias
2970 4246 3138 4303 duras
3169 4250 3237 4307 “.
3264 4252 3405 4312 Novi

1828 4327 1973 4381 enim
2031 4327 2262 4381 charum
2322 4327 2433 4384 Deo
2470 4330 2747 4387 Abraham
2816 4336 2910 4405 qui
2971 4341 3092 4395 voci
3149 4341 3244 4399 Dei
3301 4347 3402 4402 ob-

1829 4427 2051 4474 secutus
2096 4428 2200 4485 est,
2264 4431 2318 4477 et
2351 4422 2405 4476 in
2442 4423 2789 4480 solitudinem
2822 4429 3116 4499 migravit;
3162 4443 3216 4490 et
3248 4435 3401 4495 lsaac

179 4504 414 4577 ’Δϐραὰμ
437 4508 506 4576 τῇ
550 4504 643 4557 τοῦ
673 4503 809 4557 Θεοῦ
841 4507 989 4576 φωνῇ
1023 4504 1363 4576 πειθόμενον,
1398 4508 1490 4561 καὶ
1519 4511 1598 4572 εἰς
1628 4509 1725 4581 τὴν

1841 4509 2070 4577 potentia
2102 4524 2423 4579 oppressum
2446 4552 2460 4576 ,
2513 4521 2568 4568 et
2606 4511 2778 4570 Jacob
2838 4521 3204 4587 patriarcham
3243 4541 3403 4594 pere-

168 4592 349 4665 ἓρημον
398 4594 779 4666 μετοικοῦντα·
819 4595 912 4647 καὶ
962 4596 1147 4649 Ἰσαὰκ
1188 4597 1727 4670 καταδυναστευόμε-

166 4700 267 4738 νον·
294 4689 391 4741 καὶ
419 4685 613 4741 Ἰακὼϐ
640 4686 732 4739 τὸν
759 4687 1100 4760 πατριάρχην
1124 4688 1487 4756 ξενιτεύοντα·
1527 4691 1723 4761 Ἰωσὴφ

169 4776 245 4830 ὼν
268 4779 517 4851 σώφρονα
545 4779 1098 4850 διαπιπρασκόμενον,
1126 4783 1253 4845 τοὺς
1274 4782 1375 4852 τῆς
1398 4782 1723 4853 ἐγκρατείας

168 4867 376 4940 εὑρετὰς
404 4873 553 4942 τρεῖς
580 4870 777 4934 παῖδας
813 4870 1287 4943 πυρομαχοῦντας,
1308 4871 1508 4944 Δανιὴλ
1539 4872 1722 4925 δεύτε-

169 4977 250 5029 ρον
275 4965 352 5027 εἰς
380 4963 582 5018 λάκκον
613 4961 842 5017 λεόντων
864 4960 1359 5034 παραϐαλλόμενον,
1388 4964 1479 5018 τὸν
1506 4966 1723 5036 παρρη-

1825 4600 2170 4669 grinantem;
2229 4603 2486 4672 pudicum
2528 4602 2732 4677 Joseph
2769 4607 3154 4680 divenditum;
3202 4631 3403 4685 pueros

1824 4700 1933 4745 tres
1980 4692 2323 4749 abstinentiae
2380 4696 2695 4754 inventores
2720 4740 2735 4765 ,
2771 4701 2864 4772 qui
2925 4704 3184 4763 adversus
3222 4708 3400 4779 ignem

1824 4791 2179 4851 pugnarunt;
2229 4784 2507 4844 Danielem
2561 4792 2730 4847 semel
2770 4800 2823 4847 et
2854 4793 3051 4849 iterum
3082 4797 3138 4852 in
3195 4799 3402 4857 fossam

1822 4874 2040 4929 leonum
2095 4876 2441 4948 conjectum;
2493 4879 2785 4939 Jeremiam
2840 4886 3010 4944 libere
3053 4888 3405 4962 loquentem,

1824 4966 1967 5020 caeni
2014 4966 2158 5023 Iacui
2201 4970 2517 5040 addictum;
2560 4973 2753 5031 Isaiam
2810 4992 3137 5035 arcanorum
3185 4994 3403 5053 speeta-

229 5122 270 5151 "
295 5120 446 5178 Psal.
476 5136 664 5189 cxxnl,
699 5123 749 5177 7.
825 5121 870 5154 “
906 5121 1096 5178 Matth.
1136 5138 1293 5188 xvm,
1330 5121 1423 5178 20.
1495 5121 1541 5155 δ’
1578 5119 1736 5177 Hebr.

1841 5161 1856 5187 ,
1886 5121 1974 5176 58.
2051 5124 2096 5155 ⁸³
2123 5123 2267 5181 Psal.
2298 5143 2410 5193 ινι,
2441 5130 2495 5185 4.

230 5274 330 5360 (14)
354 5276 518 5345 Μήτε
532 5279 700 5360 ςοπξς,
725 5276 1483 5360 ςιαεῐὶοελεεορηθυεομήτε
1515 5274 1572 5360 δὲ
1613 5274 1722 5360 τῷν

1841 5274 1923 5333 lus
1973 5285 2029 5333 et
2073 5278 2209 5335 Μαι.
2253 5282 2487 5338 ἐνώπιον
2534 5285 2856 5356 ἀνθρώπων.
2917 5286 3111 5343 Coram
3167 5290 3398 5350 homini-

174 5339 471 5429 ἀδικούντων
498 5349 596 5429 τῆν
620 5339 797 5429 ὁρμὴν
824 5339 1093 5429 ἀνακόψαι
1135 5339 1437 5429 δυναμένῳ,
1479 5346 1627 5429 μήτεΔ
1663 5345 1722 5398 δὲ

173 5415 717 5489 τοὺςᾼσιραλλομένοιίς,
740 5415 848 5474 etc.
881 5415 1020 5472 ϐαηι
1034 5433 1127 5472 nec
1146 5415 1446 5487 iniquorum
1472 5415 1720 5483 impetum

176 5485 390 5550 repellere
425 5485 648 5540 valeam.

254 5555 326 5635 15)
376 5555 744 5638 ΙΙᾱένῑλονιινι..ἒ
787 5558 1305 5638 -προσαεξολλύεικ
1352 5555 1439 5638 $_i_c_

261 5625 393 5680 icum
423 5627 872 5699 opegemendatur
897 5629 1043 5699 quod
1076 5638 1194 5683 erat
1230 5631 1285 5684 in
1313 5628 1476 5684 editis
1510 5626 1712 5699 μᾶλλόν

171 5704 271 5769 ιτς
287 5695 729 5769 βροσαθωλλιὲντι·

233 5764 566 5839 tioium».
602 5766 733 5823 Post
760 5767 898 5824 hanc
926 5784 1113 5827 vocem
1129 5770 1336 5827 addunt
1351 5769 1484 5843 Reg.
1517 5787 1711 5831 secun-

1820 5346 1935 5404 bus.

2036 5422 2305 5500 θέᾳμϐρή,
2337 5426 2574 5500 lta_l_nss.
2615 5424 2760 5500 Editi
2788 5427 3010 5500 Μαϐρή.

1889 5491 2368 5578 (18).Εῑάενιθών.
2419 5495 2535 5550 Hoc
2579 5497 2806 5552 verbum
2852 5491 3098 5554 additum
3153 5517 3219 5557 ex
3254 5501 3392 5578 Reg.

796 5558 1305 5625 προσαπολλύειν.
1352 5554 1445 5611 Sic
1485 5556 1718 5611 duorum
1816 5554 2079 5619 seCun'do.

1858 5632 2001 5716 _(l9)
2053 5636 2155 5692 Ἐν
2188 5636 2358 5708 μέσῳ
2404 5635 2622 5692 αὐτῶν.
2661 5636 2792 5710 Reg.
2828 5640 3102 5698 secundus
3137 5642 3257 5712 μετ’
3293 5642 3395 5701 αὐ-

1816 5721 1943 5759 των.
