3886 6220
477 330 586 389 359

1865 332 1923 386 3.
1973 327 2215 385 BASILII
2256 326 2302 380 Μ
2315 324 2470 380 ACNI

3628 307 3738 364 3'10

478 457 677 514 torem,
729 463 880 506 serra
932 458 1188 513 sectum;
1236 445 1531 504 abductum
1581 449 1636 503 in
1689 448 2059 520 captivitatem

2167 442 2389 512 σιαστὴν
2429 439 2540 510 (20)
2592 438 2862 509 Ἱερεμίαν
2907 436 2985 499 εἰς
3027 435 3224 490 λάκκον
3258 433 3511 507 βορϐόρου
3569 447 3742 488 κατα-

479 541 786 606 lsraelem;
837 539 1102 596 Joannem
1159 541 1411 596 adulterii
1461 541 1908 611 objurgatorem,
1960 554 2055 592 ca—

479 635 592 705 pite
620 641 935 688 truncatum
969 651 984 700 ;
1030 645 1299 703 martyres
1353 633 1562 690 Christi
1593 635 1662 691 de
1714 633 1894 688 medio
1928 633 2058 688 sub-

479 723 640 779 latos.
679 723 746 777 Et
799 724 926 794 quid
987 726 1236 795 pluribus
1280 727 1505 781 moror?
1547 727 1639 781 ubi
1677 734 1730 780 et
1777 725 1893 795 ipse
1936 723 2057 777 Sal-

478 825 633 869 vator
671 830 770 884 pro
805 815 966 870 nobis
1000 817 1296 872 cruciﬁxus
1331 825 1436 878 est.
1493 827 1552 872 ut
1587 826 1760 871 morte
1791 830 1888 870 sua
1921 815 2058 869 vivi-

482 902 671 958 ﬁcaret
727 919 852 968 nos,
883 913 938 959 et
992 921 1439 976 unumquemque
1467 916 1714 963 nostrum
1746 907 1813 962 ad
1846 907 2058 978 patien-

478 997 612 1050 tiam
654 997 908 1052 incitaret
963 1013 1027 1052 ac
1059 999 1318 1054 traheret.
1367 998 1448 1052 Ad
1484 1004 1627 1054 hunc
1655 999 1872 1065 festino,
1904 1008 1956 1055 et
1990 999 2056 1054 ad

477 1086 696 1143 Patrem
726 1127 741 1154 ,
789 1097 842 1143 ct
879 1088 946 1142 ad
992 1088 1256 1160 Spiritum
1287 1101 1557 1146 sanctum.
1627 1090 1927 1160 Legitimus
1974 1093 2058 1146 in-

476 1178 656 1234 veniri
713 1195 926 1246 conor,
975 1181 1258 1251 indignum
1315 1191 1516 1237 memet
1557 1182 1813 1251 judicans
1869 1185 2056 1237 mundi

475 1269 659 1326 bonis.
702 1269 971 1325 Caeterum
1000 1288 1176 1341 neque
1200 1287 1302 1341 ego
1347 1280 1569 1341 propter
1620 1273 1902 1338 nntndum,
1962 1264 2056 1328 sed

476 1361 715 1416 mundus
748 1371 974 1432 pr0pter
1001 1379 1106 1416 me.
1171 1362 1297 1418 Haec
1328 1364 1491 1433 igitur
1535 1364 1677 1432 apud
1714 1367 2056 1433 temetipsum

475 1460 784 1523 reputans,
841 1468 1016 1523 eaque
1052 1454 1371 1524 diligenter,
1431 1463 1490 1508 ut
1523 1456 1618 1508 tibi
1673 1456 1880 1509 dictum
1929 1465 2056 1521 est,

479 1559 790 1615 exsequens
819 1583 835 1609 ,
895 1546 1115 1600 decerta
1171 1561 1270 1616 pro
1317 1548 1547 1602 veritate
1609 1564 1782 1616 usque
1813 1548 1878 1600 ad
1912 1564 2058 1602 mor—

478 1641 610 1690 tem.
657 1635 872 1689 Etenim
927 1635 1180 1690 Christus
1229 1637 1298 1691 ad
1366 1647 1594 1692 mortem
1654 1655 1827 1707 usque
1883 1638 2059 1694 factus

477 1732 563 1780 est
593 1725 876 1782 obedicns.
945 1724 1050 1780 Sed
1091 1735 1143 1781 et
1183 1727 1479 1796 Apostolus
1535 1727 1669 1782 dicit
1711 1747 1724 1783 :

2161 534 2545 602 δικαζόμενον·
2588 531 2815 582 Ἡσαΐαν
2863 528 2953 581 τὸν
2999 528 3107 580 τῶν
3153 525 3486 596 ἀποκρύφων
3535 525 3742 594 θεατὴν

2163 624 2491 696 πριζόμενον
2513 640 2526 653 ·
2563 621 2655 675 τὸν
2697 620 2914 693 Ἰσραὴλ
2947 617 3505 690 αἰχμαλωτιζόμενον·
3559 617 3742 670 Ἰωάν⁶

2159 731 2256 784 νην
2286 714 2375 765 τὸν
2406 712 2504 781 τῆς
2540 710 2785 781 μοιχείας
2818 709 3034 779 ἔλεγχον
3065 709 3500 778 ἀποτεμνόμενον
3523 725 3541 740 ·
3583 710 3740 761 ἀναι-

2161 805 2456 877 ρουμένους
2477 804 2603 866 τοὺς
2643 801 2881 873 Χριστοῦ
2918 803 3221 874 μάρτυρας.
3259 801 3368 854 Καὶ
3410 802 3496 853 ἵνα
3537 800 3596 852 τί
3637 817 3742 869 μα-

2159 893 2438 965 κρολογῶ;
2480 893 2615 945 ὅπου
2661 909 2725 960 γε
2771 893 2866 945 καὶ
2913 893 3072 954 αὐτὸς
3115 892 3143 942 ὁ
3183 890 3372 961 Σωτὴρ
3415 891 3740 960 ἐσταυρώθη

2159 987 2301 1058 ὑπὲρ
2326 985 2502 1056 ἡμῶν,
2541 985 2627 1039 ἵνα
2655 983 2734 1056 τῷ
2766 985 2959 1038 ἑαυτοῦ
2989 984 3202 1055 θανάτῳ
3225 987 3370 1054 ἡμᾶς
3399 984 3740 1055 ζωοποιήσῃ,

2160 1079 2253 1130 καὶ
2303 1079 2508 1141 πάντας
2552 1078 2699 1148 ἡμᾶς
2751 1077 2888 1148 πρὸς
2942 1077 3056 1146 τὴν.
3088 1075 3367 1147 ὑπομονὴν
3413 1075 3618 1147 ἀλείφῃ
3652 1078 3742 1128 καὶ

2159 1171 2380 1242 ἑλκύσῃ.
2439 1170 2584 1240 Πρὸς
2619 1168 2808 1223 τοῦτον
2841 1169 3152 1238 ἐπείγομαι.
3185 1169 3276 1221 καὶ
3320 1167 3459 1238 πρὸς
3494 1168 3595 1220 τὸν
3627 1168 3738 1220 Πα-

2157 1263 2314 1333 τέρα,
2342 1264 2436 1316 καὶ
2458 1263 2516 1315 τὸ
2545 1261 2769 1331 Πνεῦμα
2789 1261 2848 1313 τὸ
2871 1261 3022 1326 ἆγιον
3039 1261 3170 1330 (‘21).
3192 1262 3418 1330 Γνήσιος
3446 1259 3739 1331 εὑρεθῆναι

2158 1354 2517 1424 ἀγωνίζομαι,
2547 1353 2764 1420 ἀνάξιον
2785 1353 3021 1422 ἐμαυτὸν
3052 1353 3244 1424 κρίνας
3265 1353 3375 1404 τῶν
3405 1353 3500 1405 τοῦ
3524 1353 3740 1423 κόσμου

2159 1446 2358 1500 καλῶν.
2405 1445 2550 1516 Πλὴν
2573 1444 2687 1498 ἀλλ’
2716 1444 2836 1498 οὐδὲ
2873 1444 2982 1513 ἐγὼ
3012 1444 3101 1497 διὰ
3147 1444 3240 1498 τὸν
3283 1445 3510 1515 κόσμον,
3555 1444 3678 1498 ἀλλ’
3713 1447 3740 1496 ὀ

2159 1539 2362 1611 κόσμος
2392 1539 2461 1592 δι’
2494 1538 2614 1610 ὲμὲ.
2641 1537 2826 1592 Ταῦτα
2857 1536 2950 1591 οὖν
2980 1541 3038 1591 ὲν
3068 1538 3246 1608 ἑαυτῷ
3267 1539 3737 1610 ἐπιλογιζόμενος,

2160 1633 2255 1686 καὶ
2287 1631 2456 1686 τελῶν
2487 1631 2628 1685 αὐτά
2675 1631 2996 1695 σπουδαίως,
3041 1632 3181 1685 κατά
3213 1632 3273 1685 τὸ
3303 1633 3600 1703 εἰρημένον
3635 1651 3736 1698 σοι,

1779 1727 1958 1782 Videte
1999 1745 2060 1782 ne
2094 1795 2102 1797 ξ
2163 1725 2427 1794 ἀγώνισαι
2458 1725 2598 1796 ὑπὲρ
2646 1724 2745 1793 τῆς
2771 1723 3024 1794 ἀληθείας
3062 1725 3164 1787 ἓως
3205 1724 3460 1778 Θανάτου.
3489 1727 3606 1779 Καὶ
3635 1728 3740 1797 γάρ

477 1818 690 1889 quando
744 1819 813 1872 sit
841 1819 896 1872 in
952 1819 1062 1872 ullo
1096 1830 1322 1874 vestrum
1373 1837 1465 1873 cor
1491 1836 1707 1889 pravum
1736 1861 1750 1880 ,
1785 1831 1840 1874 ut
1885 1821 2056 1875 desci-

2166 1814 2188 1866 ὁ
2222 1813 2458 1884 Χριστὸς
2483 1795 2724 1884 ὑπήκοος
2753 1813 2943 1882 γέγονε
2974 1814 3134 1884 μέχρι
3165 1815 3414 1868 θανάτου.
3453 1817 3620 1869 Ἀλλά
3648 1795 3738 1870 καὶ

478 1917 595 1965 scat
657 1925 691 1962 a
733 1907 845 1964 Deo
893 1911 1089 1964 vivente
1141 1927 1160 1966 :
1212 1909 1304 1964 sed
1362 1911 1712 1964 exlwrtemini
1763 1928 1850 1964 vos
1915 1912 2054 1965 invi-

479 2017 589 2055 cem
622 2037 637 2064 ,
697 2008 747 2054 et
793 1999 1055 2069 wdiﬁcate
1107 2002 1305 2072 singuli
1379 2003 1634 2072 singulos,
1696 2002 1932 2070 quandiu
1973 2001 2057 2054 di-

478 2093 617 2145 citur
664 2089 776 2145 dies
829 2090 1206 2145 hodiernus“.
1257 2089 1394 2145 Nam
1459 2091 1576 2147 dies
1634 2091 1933 2146 hodiernus
1983 2093 2057 2146 si—

487 2183 713 2254 gniﬁcat
782 2189 960 2238 totum
987 2182 1113 2237 vita:
1183 2193 1386 2237 nostrae
1450 2189 1684 2252 tempus.
1745 2181 1836 2236 Sic
1891 2183 2055 2254 igitur

478 2277 714 2342 vivens,
780 2273 994 2340 frater,
1058 2284 1112 2329 te
1165 2274 1282 2344 ipse
1346 2275 1635 2339 servabis,
1706 2290 1913 2343 nosque
1963 2289 2057 2328 ex-

480 2367 764 2434 hilarabis,
783 2374 838 2422 et
858 2365 1027 2422 Deum
1046 2365 1374 2438 gloriﬁcabis
1399 2365 1456 2421 in
1483 2367 1681 2422 saecula
1710 2366 2052 2421 saeculorum.

477 2460 672 2514 Amen.

977 2661 1316 2721 EPISTOLA
1351 2661 1560 2719 XLIII‘.

2161 1906 2190 1956 ὁ
2234 1903 2551 1967 Ἀπόστολός
2581 1921 2714 1972 φησι
2737 1921 2752 1934 ·
2783 1904 3047 1958 Βλέπετε
3066 1906 3300 1974 μήποτε
3327 1907 3501 1961 ἔσται
3526 1909 3602 1963 ἐν
3622 1925 3739 1961 τινι

2160 1995 2326 2063 ὑμῶν
2384 1994 2596 2064 καρδία
2643 1995 2872 2063 πονηρὰ
2896 2035 2911 2060 ,
2965 1998 3053 2060 εἰς
3085 1997 3149 2049 τὸ
3205 1997 3551 2066 ἀποστῆναι
3620 2000 3737 2053 ἀπὸ

2162 2089 2308 2142 Θεοῦ
2337 2089 2446 2160 (22)
2482 2087 2724 2154 ζῶντος·
2757 2090 2920 2144 ἀλλὰ
2957 2089 3271 2157 ἀλλήλους
3310 2091 3734 2160 παρακαλεῖτε,

2159 2182 2258 2236 καὶ
2283 2178 2371 2248 εἷς
2393 2184 2499 2237 τὸν
2523 2183 2631 2237 ἕνα
2661 2181 3038 2250 οἰκοδομεῖτε,
3073 2181 3247 2251 ἄχρις
3268 2178 3342 2238 οὗ
3377 2181 3446 2235 τὸ
3471 2182 3740 2252 σήμερον

2161 2276 2420 2344 λέγεται.
2462 2277 2534 2330 Τὸ
2567 2276 2676 2347 γὰρ
2707 2277 2944 2346 σήμερον
2987 2277 3243 2345 σημαίνει
3268 2275 3391 2328 ὅλον
3429 2276 3518 2329 τὸν
3549 2277 3735 2346 χρόνον

2162 2369 2261 2437 τῆς
2292 2366 2438 2436 ζωῆς
2470 2367 2647 2438 ἡμῶν.
2679 2367 2865 2431 Οὕτως
2904 2363 3000 2420 οὖν
3040 2366 3479 2436 πολιτευόμενος,
3514 2365 3734 2433 ἀδελςεὲ,

2161 2459 2256 2510 καὶ
2287 2457 2510 2511 σεαυτὸν
2557 2457 2772 2522 σώσεις,
2818 2457 2914 2510 καὶ
2959 2457 3107 2527 ἡμᾶς
3145 2457 3454 2527 εὐφρανεῖς,
3509 2457 3607 2510 καὶ
3651 2457 3734 2508 τὸν

2159 2549 2291 2603 Θεὸν
2333 2549 2578 2617 δοξάσεις
2611 2552 2690 2613 εἰς
2722 2551 2850 2613 τοὺς
2889 2549 3090 2612 αἰῶνας
3129 2549 3241 2602 τῶν
3268 2548 3502 2603 αἰώνων.
3541 2550 3730 2619 Ἀμήν.

2689 2669 3032 2723 ΕΠΙΣΤΟΛΗ
3071 2669 3202 2723 Ml'".

879 2779 1112 2842 Basilius,
1137 2795 1222 2833 seu
1247 2779 1403 2845 quivis
1435 2780 1562 2831 alius
1595 2781 1813 2845 epistola:
1837 2790 2027 2844 auctor,
2054 2784 2334 2848 evangelica
2351 2795 2592 2851 praecepta
2609 2786 2846 2838 solitariis
2903 2783 3106 2837 breviter
3121 2781 3331 2848 exponit.

900 2883 1207 2936 Admonitio
1241 2883 1309 2937 ad
1343 2883 1594 2947 iuniores.

550 3000 713 3055 Disce
753 3003 810 3052 tu
844 2996 940 3067 qui
980 2995 1281 3050 solitariam
1316 2996 1483 3050 vitam
1521 2996 1696 3066 degis,
1754 2997 1959 3067 quique
1995 2999 2059 3051 ti-

2511 2896 2808 2950 Νουθεσία
2837 2896 2986 2964 πρὸς
3011 2894 3151 2960 τοὺς
3180 2891 3378 2958 νέους.

2235 3004 2390 3060 Μάθε
2420 3005 2484 3058 σὺ
2513 3008 2542 3059 ό
2573 3007 2819 3076 μονάζων
2851 3010 2945 3059 καὶ
2971 3008 3158 3070 πιστὸς
3187 3004 3493 3075 ἄνθρωπος,
3517 3005 3612 3058 καὶ
3641 3003 3730 3074 τῆς

480 3092 619 3148 delis
650 3091 814 3146 homo
848 3104 912 3143 ac
955 3089 1174 3159 pictatis
1205 3088 1382 3144 cultor
1419 3103 1512 3150 es,
1547 3098 1602 3143 et
1643 3088 1876 3143 edocere
1904 3104 2059 3144 evan-

2166 3097 2447 3161 εὐσεϐείας
2485 3098 2742 3169 ἐργάτης,
2769 3100 2862 3152 καὶ
2894 3097 3169 3168 διδάχθητι
3193 3095 3561 3166 εὐαγγελικὴν
3590 3095 3730 3148 πολι-

480 3184 717 3254 gelicum
780 3181 998 3238 vivendi
1052 3196 1260 3251 genus,
1317 3182 1569 3250 corporis
1625 3184 1681 3235 in
1742 3183 2060 3236 servitutem

482 3276 889 3340 redactionem,
944 3274 1200 3346 spiritum
1255 3273 1540 3336 humilem,
1598 3280 1796 3328 mentis
1843 3276 2063 3344 purita-

482 3376 614 3436 tem,
677 3368 773 3424 ira:
821 3367 1264 3424 exstinctionem.
1330 3365 1569 3421 Coactus
1602 3405 1617 3430 ,
1662 3367 1886 3438 insuper
1921 3369 2064 3424 adde

483 3470 707 3532 propter
756 3460 1083 3527 Dominum;
1147 3459 1350 3514 damno
1406 3459 1668 3523 atiectus,
1722 3476 1790 3515 ne
1847 3461 2059 3532 litiges;

482 3553 610 3607 odio
669 3550 933 3615 habitus,
1011 3549 1207 3620 dilige;
1278 3550 1661 3618 persecutione
1749 3550 2059 3620 appetitus,

484 3643 783 3709 sustineto;
810 3643 950 3698 male
982 3641 1230 3706 audiens,
1255 3642 1506 3695 obsecra.
1550 3638 1638 3694 Sis
1667 3651 1892 3708 peccato
1919 3655 2063 3694 mor-

485 3745 648 3801 tuus;
688 3733 766 3788 sis
803 3748 910 3787 una
944 3747 1069 3786 cum
1097 3730 1207 3786 Deo
1248 3729 1548 3785 cruciﬁxus
1578 3747 1592 3796 ;
1621 3744 1810 3783 curaui
1843 3745 2060 3784 omnem

484 3829 724 3881 transfer
761 3825 816 3879 in
879 3823 1206 3886 Dominum,
1279 3820 1436 3892 131
1496 3828 1558 3874 ut
1610 3821 1904 3891 reperiaris
1970 3823 2062 3877 ubi

484 3918 804 3988 angelorum
845 3923 974 3970 sunt
1024 3913 1297 3985 myriades
1334 3951 1350 3976 ,
1398 3911 1884 3982 primogenitorum
1931 3927 2064 3966 con-

485 4016 684 4063 ventus
716 4047 732 4073 ,
792 4005 1167 4076 apostolorum
1197 4003 1382 4059 throni
1414 4043 1429 4069 ,
1501 4003 1887 4074 prophetarum
1930 4019 2064 4073 prae-

488 4099 749 4155 cellentes
813 4097 971 4154 sedes
1012 4138 1027 4163 ,
1089 4108 1305 4166 sceptra
1369 4096 1803 4167 patriarcharum
1838 4137 1852 4159 ,
1919 4112 2065 4150 mar-

487 4197 670 4260 tyrum
747 4204 1006 4253 coronae,
1059 4188 1338 4259 justorum
1399 4189 1694 4258 praeconia.
1765 4186 1912 4243 Inter
1962 4190 2064 4244 hos

483 4279 666 4347 justos
729 4291 789 4334 ut
861 4285 922 4332 tu
990 4279 1108 4348 ipse
1172 4277 1596 4342 annumereris,
1687 4278 2059 4346 concupisce,

488 4368 547 4422 in
598 4368 819 4424 Christo
859 4367 989 4424 Jesu
1020 4367 1250 4423 Domino
1276 4377 1484 4423 nostro.
1531 4369 1637 4437 Ipsi
1676 4369 1848 4439 gloria
1877 4370 1932 4424 in
1962 4385 2064 4425 sae-

487 4461 632 4516 cula.
660 4459 855 4515 Amen.

1005 4573 1335 4630 EPISTOLA
1374 4574 1604 4630 XLIV".

2161 3187 2341 3251 τείαν,
2387 3187 2638 3259 σώματος
2689 3190 3097 3258 δουλαγωγίαν,
3151 3189 3403 3261 φρόνημα
3443 3188 3727 3248 ταπεινὸν,

2163 3279 2372 3343 ἐννοίας
2407 3281 2755 3352 καθαρότητα
2779 3322 2792 3345 ,
2841 3283 3012 3354 ὀργῆς
3045 3281 3370 3353 ἀφανισμόν.
3406 3278 3731 3353 Ἀγγαρευό-

2167 3386 2355 3440 μενος,
2391 3371 2670 3442 προστίθει
2713 3373 2801 3426 διὰ
2826 3373 2914 3426 τὸν
2959 3373 3194 3446 Κύριον·
3242 3371 3729 3446 ἀποστερούμενος.

2165 3461 2242 3533 μὴ
2273 3460 2527 3526 δικάζου·
2566 3463 2912 3534 μισούμενος,
2959 3466 3178 3534 ἀγάπα·
3245 3465 3604 3535 διωκόμενος,
3644 3465 3730 3517 ἀν-

2163 3553 2290 3622 έχου
2311 3570 2325 3583 ·
2377 3553 2864 3626 βλασφημούμενος
2889 3595 2904 3619 ,
2933 3555 3257 3626 παρακάλει.
3303 3555 3631 3628 Νεκρώθητι
3669 3556 3729 3626 τῆ

2161 3644 2427 3716 ἁμαρτίᾳ,
2466 3646 2810 3716 σταυρώθητι
2856 3645 2934 3717 τῷ
2962 3646 3115 3717 Θεῷ·
3162 3648 3290 3718 ὃλην
3331 3649 3429 3718 τὴν
3462 3647 3729 3718 μέριμναν

2167 3738 2398 3808 μετάθες
2433 3740 2525 3792 ἐπὶ
2553 3739 2645 3792 τὸν
2677 3739 2902 3811 Κύριον,
2943 3741 3028 3793 ἵνα
3072 3741 3299 3812 εὑρεθῇς
3330 3743 3462 3794 ὅπου
3490 3743 3731 3809 ἀγγέλων

2167 3829 2446 3900 μυριάδες,
2483 3829 2839 3900 πρωτοτόκων
2876 3829 3232 3900 πανηγύρεις,
3265 3829 3584 3882 ἀποστόλων
3617 3828 3730 3899 θρο-

2163 3937 2264 3982 νοι,
2325 3919 2617 3990 προφητῶν
2671 3919 2985 3991 προεδρίαι,
3040 3921 3296 3990 σκῆπτρα
3341 3921 3727 3991 πατριαρχῶν.

2167 4011 2458 4082 μαρτύρων
2519 4011 2810 4079 στέφανοι,
2872 4012 3094 4065 δικαίων
3179 4013 3406 4064 ἔπαινοι.
3477 4012 3730 4071 Ἑκείνοις

2167 4101 2390 4156 σεαυτὸν
2415 4103 2528 4164 τοῖς
2551 4101 2776 4164 δικαίοις
2811 4101 3147 4172 ὲπιθύμησον
3186 4099 3731 4171 συναριθμηθῆναιὲν

2163 4194 2387 4264 Χριστῷ
2443 4194 2621 4265 ’1ησοῦ
2659 4193 2740 4264 τῷ
2773 4194 2962 4266 Κυρίῳ
3009 4193 3188 4264 ἡμῶν.
3235 4193 3395 4263 Αὐτῷ
3425 4194 3460 4262 ή
3492 4191 3624 4258 δόξα
3663 4192 3730 4250 τίς

2163 4284 2290 4347 τοὺς
2322 4284 2547 4348 αἰῶνας.
2589 4286 2782 4355 Ἀμήν.

2697 4573 3044 4626 ΕΠΙΣΤΟΛΗ
3080 4571 3212 4626 MA'.

491 4695 646 4746 Lauso
668 4691 897 4744 monacho
920 4697 1086 4742 auctor
1107 4689 1321 4756 cpistola:
1339 4691 1552 4756 primum
1576 4691 1760 4756 peccati
1779 4693 2172 4803 magnitztdgnent.
2197 4693 2388 4804 mimis;
2392 4691 2782 4744 misericordiam
2809 4690 3026 4742 divinam
3047 4699 3153 4744 ante
3177 4691 3338 4742 oculos
3361 4692 3512 4754 ponit,
3532 4697 3578 4741 et
3602 4699 3656 4739 ut
3677 4688 3731 4738 ad

1750 4768 1800 4804 se
1821 4767 1958 4804 venia
1981 4793 1992 4804 .
2045 4768 2212 4804 emane
2249 4768 2320 4802 tor
2389 4768 2466 4804 ur.

1750 4768 1800 4804 se
1821 4767 1992 4811 veniat,
2017 4767 2212 4818 oentgne
2232 4767 2466 4806 noruuur.

936 4861 1020 4915 Ad
1042 4862 1352 4915 monachum
1378 4861 1602 4930 lapsum.

564 4949 617 5003 Ι.
660 4946 901 5003 Salutem
940 4963 1051 5002 non
1083 4947 1339 5015 dicimus,
1367 4949 1496 5019 quia
1536 4965 1641 5004 non
1668 4960 1752 5007 est
1778 4966 1926 5008 salus
1961 4957 2063 5007 im-

567 5110 614 5144 “
644 5109 810 5167 Hebr.
849 5126 931 5179 ιιι,
965 5109 1053 5178 12,
1087 5110 1176 5165 15.

564 5249 586 5272 “
610 5246 762 5301 Alias
782 5243 848 5298 11.

564 5321 604 5341 "
636 5317 784 5370 Alias
813 5313 901 5370 III.

563 5386 698 5458 (ειη.
740 5385 1246 5458 Παρῤησιαστήν.
1273 5383 1410 5458 Quae
1449 5386 1519 5440 ab
1559 5385 1662 5440 bac
1699 5399 1848 5458 ‘vooe
1888 5398 2063 5452 usque

495 5454 588 5525 ad:
615 5457 837 5508 Ἡσαΐαν
882 5454 1370 5525 leguntnr,addita
1408 5467 1535 5511 sunt
1571 5472 1637 5510 ex
1680 5454 1896 5510 duobus
1927 5468 2060 5508 mss.

495 5542 526 5579 a
558 5524 884 5579 Comhetisio
921 5524 1118 5580 citatis.

569 5594 679 5664 (21)
724 5596 792 5648 Τὸ
836 5597 1075 5661 Πνεῦμα
1127 5595 1194 5648 τὸ
1242 5595 1429 5664 ἅγιον.
1463 5594 1539 5648 Ita
1581 5594 1713 5662 Reg.
1763 5593 2058 5650 secundus.

495 5663 750 5721 Editi'ro
789 5663 942 5736 ἅγιον
983 5665 1224 5736 Πνεῦμα.
1257 5663 1338 5719 Ex
1379 5667 1567 5721 eodem
1613 5667 1799 5718 codice
1821 5666 2061 5736 legimus

497 5736 736 5808 γνήσιος,
784 5735 912 5791 editi
954 5734 1210 5805 γνησίως.
1249 5737 1393 5790 ldcm
1438 5737 1596 5791 habet
1642 5734 2058 5804 ἀγωνιζόμενος.

2467 4864 2626 4931 Πρὸς
2646 4862 2922 4932 μοναχὸν
2942 4863 3280 4916 ἐκπεσόντα
3311 4861 3446 4930 ('25).

2243 4957 2293 5010 Ι.
2333 4955 2560 5026 Χαίρειν
2587 4956 2648 5007 οὐ
2677 4955 2932 5024 λέγομεν,
2960 4957 3041 5008 ὅτι
3077 4955 3178 5007 οὐκ
3224 4952 3339 5006 εστι
3385 4954 3602 5022 χαίρειν
3634 4955 3734 5014 τοῖς

2169 5243 2294 5324 llos
2318 5243 2463 5315 Πλὴν
2495 5243 2609 5296 ἀλλ’
2638 5260 2701 5297 ex
2737 5243 2956 5298 duobus
2994 5259 3125 5298 mss.
3155 5243 3332 5297 Prima
3367 5261 3466 5298 vox
3500 5247 3657 5302 deest
3692 5251 3733 5302 in

2166 5315 2544 5465 fdilﬂlgj_.‘And
2572 5384 2740 5437 Θεοῦ.
2773 5383 2864 5438 Sic
2903 5385 3013 5438 duo
3057 5399 3192 5438 mss.
3236 5383 3396 5440 Deest
3430 5388 3737 5456 praepositio

2165 5455 2569 5593 ωὲίὸιῖιεὴρός
2628 5525 2903 5593 μοναχὸν
2977 5524 3334 5579 ἐκπεσόντα.
3403 5525 3566 5581 Addit
3639 5526 3736 5582 Re-

2169 5594 2290 5662 gius
2323 5594 2446 5647 cod.
2484 5594 2641 5654 i908.
2677 5598 2771 5648 sed
2805 5610 2964 5646 manu
2997 5596 3318 5658 recentiore,
3363 5596 3623 5660 Ἀλέξιον,
3663 5597 3736 5650 Ad

2168 5665 2483 5738 nionacliunt
2511 5664 2716 5738 lapsum
2740 5665 3000 5738 Alesiam.
3025 5665 3158 5718 Cod.
3178 5665 3419 5738 Colbert.
3441 5667 3543 5721 457
3570 5685 3583 5718 ;
3613 5667 3734 5738 πρὸς

2166 5733 2407 5788 διάκονον
2433 5735 2750 5797 ἐκπεσόντα,
2794 5736 2872 5786 Ad
2911 5735 3189 5789 diaconum
3221 5735 3446 5804 lapsum.
3626 5771 3636 5782 .
