3886 6220
139 335 223 391 εει
1060 327 1548 386 EPISTOLARUM
1587 325 1874 384 CLASSIS
1908 354 1949 385 ι.
1992 329 2211 390 EPIST.
2251 331 2434 390 XLIV.

3275 347 3384 404 562

136 445 370 505 ἀσείέσιν
409 443 552 514 (24).
588 443 706 496 Ἔτι
752 442 861 515 γὰρ
905 443 1130 497 ἀπιστία
1173 460 1240 515 με
1299 446 1566 516 περιέχει,
1615 445 1696 498 καὶ

1810 445 1934 514 piis.
1992 447 2182 503 Adhuc
2219 449 2363 504 enim
2413 449 2732 508 incredulus
2767 469 2911 520 sum,
2953 471 3054 513 nec
3088 457 3140 512 in
3192 471 3383 530 pectus

134 541 223 596 οὐκ
267 537 574 608 ἐπέρχεταί
627 553 726 606 μου
773 539 854 598 εἰς
891 536 988 606 τὴν
1037 536 1266 609 καρδίαν
1299 537 1358 590 τὸ
1387 538 1706 607 τηλικοῦτον

134 632 377 702 ἀτόπημα
410 630 510 682 καὶ
552 630 618 681 τὸ
645 627 980 699 ἐπιχείρημα
1018 628 1079 680 τὸ
1127 628 1270 700 μέγα
1303 629 1332 681 ὃ
1364 629 1626 700 ἔπραξας,
1656 629 1710 683 εί

135 742 189 793 γε
211 722 346 776 κατά
382 721 454 773 τὸ
493 719 818 789 φαινόμενον
856 719 956 790 ἤδη
994 721 1158 772 πᾶσιν
1179 719 1350 784 οὕτως
1382 719 1514 792 ἔχει.
1564 721 1706 775 Θαυ-

141 814 277 886 μάζω
303 813 414 882 γὰρ
453 812 583 876 πῶς
629 814 661 883 ὴ
704 810 940 883 τοσαύτη
972 812 1133 881 σοφία
1164 813 1462 884 κατεπόθη,
1510 814 1628 877 πῶς
1670 815 1703 887 ή

134 904 350 974 τοσαύτη
386 904 656 974 ἀκρίϐεια
685 903 902 974 διελύθη
923 920 936 934 ·
972 903 1136 956 πόθεν
1166 904 1199 975 ἡ
1228 904 1461 976 τοσαύτη
1490 905 1704 975 τύφλω-

137 1014 211 1059 σις
263 995 570 1067 περιεχύθη
597 1012 612 1026 ο
666 995 803 1062 πῶς,
847 995 1012 1066 μηδὲν
1059 995 1119 1048 τὸ
1158 995 1376 1049 σύνολον
1422 999 1702 1068 ἐννοήσας,

136 1089 370 1159 τοιαύτην
402 1090 501 1142 καὶ
529 1087 802 1158 τοσαύτην
829 1086 1104 1141 ἀπώλειαν
1135 1086 1321 1159 ψυχῶν
1343 1089 1605 1159 εἰργάσω.
1641 1090 1705 1142 Εἰ

134 1181 230 1252 γὰρ
246 1181 438 1250 ἀληθὲς
478 1181 667 1245 τοῦτο,
694 1179 1085 1251 παραδέδωκας
1108 1180 1220 1250 (25)
1263 1182 1353 1234 καὶ
1373 1182 1472 1252 τὴν
1503 1182 1702 1236 σαυτοῦ

137 1274 294 1344 ψυχὴν
336 1273 415 1344 τῷ
461 1273 638 1344 βυθῷ,
692 1274 788 1327 καὶ
832 1274 1050 1328 πάντων
1098 1275 1207 1328 τῶν
1250 1277 1559 1331 ἀκουόντων
1604 1279 1704 1348 τὴν

138 1366 369 1419 ἀσέϐειαν
405 1367 624 1436 ταύτην
674 1367 767 1419 τὸν
809 1367 963 1420 τόνον
998 1369 1330 1440 παρέλυσας.
1365 1371 1477 1441 Τὴν
1521 1371 1702 1423 πίστιν

140 1458 388 1528 ὴθέτησας
411 1475 426 1489 ⁶
477 1458 575 1512 τοῦ
624 1458 836 1527 ἀγῶνος
885 1459 979 1512 τοῦ
1021 1461 1186 1514 καλοῦ
1231 1461 1560 1532 ἠστόχησας.
1612 1463 1703 1515 Διὸ

140 1551 269 1619 ἀλγῶ
289 1553 378 1604 ἐπὶ
409 1552 514 1605 σοί.
553 1554 719 1617 Ποῖος
752 1554 859 1626 γὰρ
889 1555 1068 1626 ἱερεὺς
1097 1553 1314 1608 ἀκούων
1341 1553 1452 1625 (26)
1475 1555 1536 1606 οὐ
1562 1554 1698 1626 θρη-

145 1647 304 1715 νήσεις
355 1647 509 1708 ποῖος
559 1646 1016 1717 ἐκκλησιαστικὸς
1079 1647 1140 1700 ού
1195 1647 1502 1712 κόπτεται;
1549 1651 1701 1710 ποῖος

142 1735 302 1798 λαῐκὸς
342 1736 402 1788 ού
449 1735 882 1806 σκυθρωπάζει;
916 1739 1066 1798 ποῖος
1107 1734 1351 1806 ἀσκητὴς
1383 1735 1443 1787 ού
1477 1735 1694 1802 πενθεῖ;

144 1826 275 1896 τάχα
299 1827 391 1879 καὶ
425 1829 455 1880 6
491 1827 653 1897 ἥλιος
700 1827 992 1882 ἐσκότασεν
1026 1827 1118 1880 ἐπὶ
1160 1826 1238 1897 τῷ
1288 1827 1365 1899 σῷ
1417 1827 1692 1899 πτώματι,

145 1921 222 1974 καὶ
246 1921 297 1972 ai
339 1918 603 1988 δυνάμεις
632 1918 744 1972 τῶν
774 1919 1018 1991 οὐρανῶν
1039 1919 1152 1989 (27)
1196 1919 1567 1990 ἐσαλεύθησαν
1603 1921 1696 1974 ἐπὶ

145 2013 200 2081 τῇ
226 2011 284 2080 σῇ
311 2009 577 2081 ἀπωλείᾳ.
633 2009 970 2080 Ἐδάκρυσαν
1006 2011 1101 2063 καὶ
1127 2011 1175 2062 οἱ
1211 2010 1530 2081 ἀναίσθητοι
1557 2011 1696 2065 λίθοι

148 2100 226 2155 ἐπὶ
272 2103 334 2171 τῇ
369 2104 434 2172 σῇ
470 2099 680 2172 μανία·
732 2101 1004 2155 ἔκλαυσαν
1045 2101 1100 2153 δὲ
1135 2101 1229 2154 καὶ
1277 2103 1326 2154 οἱ
1379 2102 1563 2174 ἐχθροὶ
1609 2103 1698 2156 διὰ

148 2191 226 2263 τὴν
254 2193 552 2263 ὑπερϐολὴν
598 2195 704 2263 τῆς
734 2193 962 2264 ἀνομίας
1011 2209 1124 2246 σου.
1161 2194 1223 2246 Ὠ
1253 2192 1456 2263 πολλῆς
1497 2193 1696 2266 πωρώ-

150 2300 263 2348 σεως
287 2284 423 2354 (28)!
459 2286 505 2338 ὦ
535 2284 722 2354 δεινῆς
762 2284 1078 2355 ὠμότητοςί
1119 2285 1192 2339 Οὐ
1231 2285 1366 2339 Θεὸν
1390 2286 1691 2358 ἐφοϐήθης’

149 2375 231 2427 οὐκ
286 2373 604 2445 ἀνθρώπους
669 2375 930 2446 ᾑδέσθης·
989 2377 1051 2429 οὐ
1118 2377 1302 2444 φίλους
1357 2378 1695 2450 ἐνετράπης·

151 2465 244 2518 ἀλλ’
264 2465 387 2536 ὁμοῦ
411 2468 593 2520 πάντα
633 2468 981 2539 ἐναυάγησας
1000 2485 1013 2498 ο
1037 2466 1174 2538 ὁμοῦ
1206 2469 1384 2523 πάντα
1403 2470 1692 2542 ἐσυλήθης.

151 2555 223 2609 Διὸ
251 2557 398 2610 πάλιν
446 2559 602 2628 ἀλγῶ
654 2560 746 2612 ἐπὶ
795 2560 912 2624 σοὶ,
956 2559 1128 2614 ἄθλιε.
1181 2561 1239 2614 '0
1272 2561 1369 2631 τῆς
1419 2560 1696 2632 βασιλείας

156 2651 265 2704 πᾶσι
289 2652 374 2704 τὸν
401 2651 552 2704 τόνον
582 2651 971 2720 ἀπαγγέλλων,
996 2653 1095 2723 τῆς
1117 2650 1394 2721 βασιλείας
1416 2653 1694 2719 ἐξέπεσες.

166 2740 211 2794 '0
234 2744 320 2812 τῆς
351 2744 703 2808 διδασκαλίας
743 2745 834 2798 τὲιν
874 2743 1036 2813 φόϐον
1084 2747 1250 2798 πᾶσιν
1302 2747 1564 2816 ἐμποιῶν,
1594 2747 1694 2800 ούκ

159 2834 285 2905 ἔσχες
317 2836 468 2904 φόϐον
498 2835 644 2890 Θεοῦ
687 2837 950 2889 ἀπέναντι
989 2835 1100 2889 τῶν
1141 2835 1436 2906 ὀφθαλμῶν
1471 2854 1584 2890 σου.
1634 2837 1692 2891 '0

158 2926 420 2996 ἁγιωσύνην
448 2926 765 2997 κηρύσσων,
785 2925 983 2996 ἐναγὴς
1007 2925 1261 2998 εὑρίσκῃ.
1297 2925 1358 2983 Ὀ
1392 2928 1484 2980 ἐπὶ
1517 2929 1691 2999 ἀκτη-

164 3016 328 3088 μοσύνῃ
353 3019 748 3089 σεμνυνόμενος
761 3017 894 3087 (29),
921 3017 1346 3088 συλοχρηματῶν
1368 3019 1686 3091 ἐφευρίσκῃ.

161 3107 214 3160 ,⁸0
251 3108 334 3179 τὴν
377 3109 467 3163 τοῦ
509 3109 653 3163 Θεοῦ
704 3109 926 3162 κόλασιν
971 3109 1414 3180 ἐπιδεικνύμενος
1464 3110 1552 3164 διὰ
1595 3112 1691 3182 τῆς
1721 3141 1763 3198 C

162 3196 463 3270 ὓσηγήσεως,
517 3201 690 3264 αὐτὸς
752 3201 972 3255 κόλασιν
1041 3201 1253 3272 σεαυτῷ
1307 3201 1691 3274 προεξένησας.

163 3286 262 3350 Πῶς
312 3306 364 3343 σε
422 3289 721 3363 θρηνήσω;
778 3291 897 3354 πῶς
956 3290 1179 3362 ἀλγήσω
1234 3292 1328 3345 ἐπὶ
1385 3292 1508 3357 σοί;
1571 3293 1697 3356 Πῶς

170 3376 380 3443 ἐξέπεσεν
409 3382 436 3433 ὁ
469 3381 754 3452 ἑωσφόρος
792 3383 822 3434 6
864 3381 1007 3452 πρωῒ
1046 3383 1180 3454 (50)
1221 3384 1548 3450 ἀνατέλλων,
1601 3385 1696 3438 καὶ

169 3470 408 3541 συνετρίϐη
450 3473 538 3525 ἐπὶ
579 3472 688 3541 τῆς
725 3472 866 3540 ﬁge;
903 3473 1106 3537 Παντὸς
1161 3475 1452 3539 ἀκούοντος
1497 3476 1694 3546 ἡχήσει

167 3557 221 3611 τὰ
263 3561 519 3634 ἀμφότερα
572 3557 718 3617 ὦτα.
771 3563 898 3626 Πῶς
951 3567 980 3618 ὁ
1026 3566 1356 3637 Ναςιραίος,
1408 3570 1437 3620 6
1491 3567 1695 3638 ἐκλάμ-

171 3666 264 3702 πων
299 3653 422 3723 ὑπὲρ
453 3656 716 3726 χρυσίον,
767 3655 1060 3708 ἐσκότασεν
1103 3657 1242 3729 ὑπὲρ
1275 3657 1544 3730 ἀσϐόλην;
1579 3659 1692 3723 υίὸς

173 3737 325 3793 Σιὼνό
355 3743 540 3814 τίμιος,
584 3745 707 3809 πῶς
738 3744 954 3813 ἐγένετο
989 3745 1180 3810 σκεῦος
1213 3747 1522 3819 ἀχρηστον;
1553 3744 1627 3803 Οὗ
1655 3751 1687 3821 ή

173 3833 325 3901 μνήμη
350 3834 446 3887 τῶν
469 3835 634 3890 θείων
654 3836 888 3908 Γραφῶν
916 3837 1021 3891 ὑπὸ
1047 3838 1263 3891 πάντων
1297 3839 1558 3903 ἐλαλεῖτο,
1591 3842 1690 3910 σή-

175 3937 303 3992 μερον
334 3927 562 3986 ἀπώλετο
607 3929 670 3982 τὸ
701 3931 1041 4001 μνημόσυνον
1081 3929 1246 3984 αὑτοῦ
1292 3931 1406 4001 μετ’
1443 3932 1596 4002 ἤχου.
1635 3933 1692 3984 ’0

173 4010 349 4080 ὀξύνους
397 4019 551 4085 ὀξέως
611 4019 879 4074 ἀπώλετο.
931 4019 990 4075 Ὀ
1039 4020 1301 4083 πολύνους
1351 4021 1691 4076 πυλύπλοκον

174 4103 392 4175 ἁμαρτίαν
431 4113 743 4184 εἰργάσατο.
797 4110 864 4166 Oi
897 4111 1006 4182 γὰρ
1051 4111 1394 4182 ὠφελημένοι
1438 4112 1542 4166 ὑπὸ
1593 4114 1693 4184 τῆς

179 4199 254 4264 σῆς
286 4198 610 4270 διδασκαλίας
639 4205 945 4276 ἐϐλάϐησαν
988 4204 1094 4257 ὑπὸ
1125 4205 1224 4273 τῆς
1267 4206 1365 4274 σῆς
1394 4206 1689 4271 ἀπωλείας.

177 4286 224 4337 Oi
248 4289 327 4353 τὰς
359 4294 512 4360 ἀκοὰς
543 4298 940 4371 παρατιθέντες
984 4297 1078 4350 ἐπὶ
1108 4300 1172 4368 τῇ
1204 4299 1268 4367 σῇ
1308 4299 1492 4370 ὁμιλίᾳ
1525 4299 1690 4370 ἔφρα-

182 4375 252 4438 ξαν
277 4381 333 4434 τὰ
363 4379 464 4440 ῶτα
510 4390 607 4442 ἐπί
647 4392 714 4460 τῇ
755 4391 822 4460 σῇ
858 4387 1124 4457 ἀπωλείᾳ.
1169 4387 1309 4454 Ἐγὼ
1359 4389 1434 4451 δὲ,
1472 4389 1686 4460 θρηνῶν

1806 553 1987 592 meum
2025 541 2191 596 intrat
2242 549 2454 597 tantum
2496 542 2652 600 nefas
2694 559 2760 599 ac
2812 561 3067 619 magnum
3117 550 3330 606 facilius
3365 596 3381 619 ,

1806 630 1953 699 quod
1985 631 2252 690 admisisti
2282 652 2297 690 :
2337 636 2384 690 si
2423 635 2642 707 quidem
2683 653 2772 694 res
2801 677 2818 704 ,
2852 642 2932 694 uti
2963 642 3077 712 jam
3125 647 3384 704 omnibus

1805 721 2095 778 manifesta
2129 733 2214 780 est
2239 765 2254 790 ,
2311 725 2383 780 ita
2420 741 2544 785 sese
2575 728 2756 784 habet.
2795 729 3053 788 Admiror
3071 735 3218 791 enim
3248 754 3386 809 quo-

1805 811 1967 866 modo
2011 813 2277 884 sapientia
2317 825 2464 872 tanta
2501 817 2760 890 absorpta
2798 821 2904 885 sit,
2944 825 3216 893 quomodo
3267 835 3381 882 tam

1805 909 2061 956 accurata
2128 904 2340 959 vivendi
2394 905 2536 962 ratio
2587 906 2882 978 dissoluta;
2947 913 3093 970 unde
3142 915 3384 971 circum-

1805 990 1928 1048 fusa
1975 994 2139 1050 fuerit
2179 998 2398 1053 caacitas
2432 1007 2584 1054 tanta
2615 1017 2629 1066 ;
2664 1003 2941 1072 quomodo
2981 1005 3116 1059 nihil
3151 1022 3380 1077 prorsus

1803 1086 2203 1155 considerans,
2263 1089 2424 1144 talem
2474 1106 2539 1146 ac
2586 1100 2791 1146 tantam
2843 1095 3152 1152 animarum
3198 1103 3377 1169 perni-

1804 1177 1942 1232 ciem
1980 1179 2284 1238 induxeris.
2326 1179 2381 1236 Id
2425 1184 2569 1236 enim
2623 1185 2668 1239 si
2716 1201 2905 1240 verum
2949 1197 3057 1254 est,
3105 1193 3384 1248 tradidisti

1802 1275 1856 1320 et
1897 1275 2045 1322 tuam
2093 1271 2265 1340 ipsius
2316 1273 2556 1328 animam
2621 1274 2920 1341 barathro,
2975 1289 3030 1334 et
3091 1283 3380 1350 omnium,

1802 1359 1895 1428 qui
1925 1361 2256 1431 impietatem
2288 1363 2428 1419 hanc
2469 1365 2719 1428 audiunt.
2763 1371 2934 1424 robur
2969 1373 3274 1430 exsolvisti.
3301 1375 3381 1430 lr-

1804 1449 1962 1502 ritam
2007 1449 2182 1507 fecisti
2231 1454 2424 1520 fidem;
2463 1457 2727 1514 aberrasti
2786 1475 2818 1514 a
2859 1465 3161 1521 certamine
3212 1467 3378 1524 bono.

1801 1534 2145 1609 Quapropter
2184 1542 2344 1598 doleo
2389 1553 2480 1600 tua
2517 1563 2705 1604 causa.
2751 1549 2887 1616 Quis
2919 1554 3063 1608 enim
3095 1557 3377 1623 sacerdos,

1801 1629 1895 1683 ubi
1930 1632 2182 1699 audierit,
2236 1644 2329 1692 tua
2381 1654 2548 1694 causa
2615 1656 2725 1696 non
2780 1644 3206 1703 lamentabitur?
3253 1651 3379 1720 quis

1801 1723 2211 1781 ecclesiasticus
2261 1744 2370 1784 non
2423 1733 2666 1803 plangit?
2719 1735 2842 1804 quis
2915 1737 3091 1795 laicus
3153 1743 3378 1798 tristitia

1799 1826 1909 1866 non
1959 1815 2227 1869 allicitur?
2278 1820 2400 1888 quis
2451 1823 2755 1880 monachus
2795 1842 2902 1880 non
2955 1831 3379 1889 mmret?Forte

1797 1904 1959 1959 etiam
2000 1909 2082 1960 sol
2122 1909 2192 1963 ob
2228 1919 2378 1964 tuum
2415 1913 2629 1984 lapsum
2663 1917 2992 1975 obscuratus
3029 1932 3134 1986 est,
3177 1939 3230 1981 et
3270 1931 3380 1981 vir-

1797 2003 1943 2051 tutes
1999 1999 2262 2058 caelorum
2319 2018 2606 2060 commota:
2652 2019 2780 2062 sunt
2833 2012 2904 2065 ob
2941 2013 3165 2069 exitium
3201 2026 3374 2072 tuum.

1799 2089 1944 2153 Quin
1986 2099 2039 2143 et
2080 2091 2289 2162 lapides
2342 2112 2538 2153 sensus
2601 2110 2856 2170 expertes
2905 2103 3176 2161 insaniam
3225 2117 3375 2164 tuam

1799 2176 2136 2235 deﬂeverunt
2166 2200 2178 2235 :
2203 2183 2485 2252 ploravere
2506 2203 2724 2259 quoque
2754 2190 2963 2248 inimici
3003 2195 3073 2250 ob
3111 2197 3376 2268 iniquita-

1799 2269 1870 2323 tis
1911 2278 2016 2325 tua:
2067 2274 2514 2343 magnitudinem.
2555 2278 2599 2333 Ο
2647 2297 2901 2353 magnam
2954 2287 3287 2345 caecitatem!
3329 2290 3376 2348 Ο

1800 2361 1991 2414 miram
2023 2362 2437 2419 crudelitatem!
2471 2365 2641 2422 Deum
2672 2385 2783 2426 non
2829 2374 3092 2442 timuisti;
3121 2377 3376 2436 homines

1799 2454 2068 2508 reveritus
2094 2470 2201 2509 non
2236 2471 2328 2522 es;
2354 2473 2464 2512 non
2496 2469 2548 2514 te
2576 2463 2739 2517 amici
2791 2476 3116 2537 moverunt;
3160 2470 3257 2526 sed
3306 2475 3380 2528 si-

1799 2547 1911 2598 mul
1965 2549 2211 2602 omnium
2275 2549 2619 2623 naufragium
2673 2553 2846 2612 fecisti
2895 2577 2907 2613 :
2966 2561 3128 2616 simul
3169 2565 3375 2634 spolia.

1800 2644 1888 2688 tus
1939 2651 1998 2690 es
2058 2640 2335 2695 omnibus.
2394 2640 2663 2707 Quocirca
2731 2646 2929 2702 iterum
3011 2667 3178 2709 causa
3255 2663 3373 2723 tua,

1795 2727 1983 2789 miser,
2044 2729 2220 2786 doleo.
2283 2733 2386 2799 Qui
2439 2738 2588 2806 regni
2659 2738 2978 2795 violentiam
3023 2751 3188 2815 atque
3255 2746 3368 2802 dif-

1801 2817 2096 2874 ficultatem
2148 2824 2405 2881 omnibus
2451 2828 2841 2894 annuntiabas,
2884 2847 3054 2903 regno
3091 2836 3369 2896 excidisti.

1797 2907 1898 2974 Qui
1925 2911 2185 2968 doctrina:
2215 2924 2419 2972 metum
2447 2921 2706 2976 omnibus
2749 2924 3078 2991 incutiebas,
3115 2926 3214 2982 Dei
3260 2946 3372 2986 non

1797 3000 2037 3058 habuisti
2067 3008 2315 3061 timorem
2336 3010 2407 3064 ob
2427 3012 2616 3068 oculos
2641 3022 2783 3069 tuos.
2808 3014 2914 3080 Qui
2939 3019 3370 3077 sanctimoniam

1798 3095 2154 3164 praedicabas,
2193 3101 2457 3158 scelestus
2487 3103 2932 3175 deprehenderis.
2968 3107 3074 3176 Qui
3120 3113 3189 3168 de
3229 3129 3372 3184 pau-

1801 3192 2009 3252 pertate
2041 3189 2364 3257 gloriabare,
2399 3196 2755 3263 pecuniarum
2784 3198 3038 3257 inventus
3073 3218 3134 3258 es
3161 3215 3372 3275 raptor.

1799 3276 1902 3340 Qui
1936 3277 2227 3336 imminens
2253 3298 2283 3336 a
2308 3282 2418 3339 Deo
2441 3288 2772 3358 supplicium
2826 3291 3152 3348 disserendo
3181 3306 3373 3353 osten-

1797 3363 1986 3429 debas,
2020 3367 2115 3422 tibi
2155 3372 2271 3438 ipse
2297 3375 2636 3431 accersivisti
2685 3380 3034 3449 supplicium.
3087 3383 3373 3450 Quomodo

1796 3461 1851 3510 te
1880 3457 2116 3527 lugebo?
2159 3465 2434 3531 quomodo
2479 3475 2574 3521 tua
2624 3484 2791 3525 causa
2835 3471 3070 3530 dolebo?
3097 3479 3374 3546 quomodo

1795 3547 2000 3602 excidit
2031 3549 2222 3604 lucifer
2257 3555 2350 3622 qui
2377 3571 2535 3610 mane
2571 3558 2872 3625 oriebatur,
2904 3569 2959 3616 et
2977 3567 3252 3622 contritus
3284 3577 3373 3623 est

1794 3641 1850 3693 in
1887 3641 2069 3695 terra?
2104 3641 2345 3700 Cuilibet
2398 3647 2643 3704 audienti
2692 3652 2843 3709 auris
2889 3665 3122 3727 utraque
3151 3660 3367 3717 tinuiet.

1793 3725 2080 3800 Quomodo
2101 3734 2390 3794 Nazarieus
2411 3755 2545 3795 auro
2562 3743 2921 3812 Splendidior,
2946 3725 3172 3821 fuligine
3190 3752 3371 3810 factus

1793 3838 1877 3885 est
1927 3831 2262 3886 obscurior?
2314 3835 2662 3892 venerandus
2719 3838 2863 3895 filius
2907 3841 3060 3907 Sion,
3093 3845 3371 3914 quomodo

1795 3921 1973 3978 factus
2011 3933 2095 3979 est
2127 3939 2222 3979 vas
2251 3925 2480 3982 inutile?
2521 3927 2691 3998 Cujus
2734 3930 2790 3983 in
2842 3933 3016 3987 sacris
3066 3931 3370 4006 Scripturis

1793 4013 2038 4084 legendis
2076 4017 2479 4086 praedicabatur
2524 4021 2787 4076 memoria
2837 4025 2905 4076 ab
2947 4025 3226 4091 omnibus,
3251 4029 3374 4096 ejus

1793 4105 1957 4161 hodie
1984 4109 2242 4162 memoria
2273 4124 2398 4164 cum
2429 4113 2611 4165 sonitu
2646 4114 2829 4182 periit.
2875 4114 3117 4180 Quierat
3150 4120 3368 4188 ingenio

1792 4199 1906 4254 acri
1937 4207 1990 4254 et
2021 4200 2210 4266 veloci,
2243 4202 2499 4257 velociter
2528 4204 2768 4272 interiit;
2797 4208 3056 4276 praeditus
3080 4211 3368 4279 prudentia

1796 4290 2106 4360 multiplici,
2166 4292 2448 4362 multiplex
2508 4302 2790 4363 peccatum
2833 4300 3191 4369 perpetravit.
3244 4300 3369 4367 Qui-

1793 4381 1897 4437 bus
1927 4383 2071 4436 enim
2119 4382 2322 4452 profuit
2365 4385 2615 4440 doctrina
2674 4393 2790 4451 tua,
2844 4389 2881 4442 ii
2937 4405 3004 4444 ex
3052 4399 3148 4445 tuo
3200 4395 3368 4447 exitio

181 4471 251 4522 nl
291 4478 671 4548 σκυθρωπάζων
697 4481 828 4551 (31),
870 4481 964 4533 καὶ
1013 4477 1344 4548 παρειμένος
1386 4481 1684 4546 πάντοθεν,

1798 4469 2054 4525 damnum
2081 4488 2360 4543 accepere.
2402 4473 2505 4542 Qui
2534 4492 2694 4532 aures
2730 4478 3020 4549 colloquiis
3063 4483 3172 4536 tuis
3211 4482 3368 4538 adhi-

183 4563 254 4615 ναὶ
279 4569 441 4622 σποδὸν
468 4571 601 4625 ὡσεὶ
647 4573 810 4642 ἄρτον
843 4573 1056 4637 ἐσθίων,
1097 4573 1192 4628 καὶ
1240 4574 1442 4627 σάκκον
1485 4575 1578 4625 ἐπὶ
1620 4575 1685 4644 τῇ

186 4655 325 4729 πληγῇ
353 4680 439 4730 μου
461 4665 772 4737 ἐπιρρίψας,
806 4665 1033 4718 τοιαῦτά
1073 4682 1154 4718 σοι
1182 4665 1433 4735 ἐγκώμια
1479 4663 1687 4735 διεξέρ-

187 4758 339 4813 χομαι·
382 4754 558 4822 μᾶλλον
609 4755 669 4806 δὲ
716 4754 1036 4820 ἐπιταφίους
1095 4754 1284 4822 λόγους
1342 4754 1686 4818 συντάσσων,

187 4835 502 4913 ἀπαράκλητος
546 4848 642 4900 καὶ
683 4845 1054 4916 ἀθεράπευτος
1085 4846 1312 4898 διατελῶ
1337 4863 1350 4876 ⁸
1397 4847 1478 4898 ὃτι
1509 4847 1688 4916 παρά-

189 4925 335 4996 πλησις
361 4935 644 5008 κέκρυπται
684 4938 792 4991 ἀπὸ
815 4937 922 4990 τῶν
961 4937 1253 5005 όφθαλαῶν
1290 4955 1411 4999 αου,
1459 4938 1551 4990 καὶ
1589 4938 1689 4989 οὐκ

246 5127 334 5214 ἓξ)
358 5135 467 5214 Ἱξοῖς
486 5135 946 5214 ἁσεϐἐςιῃΕάῑιὶ
994 5137 1074 5214 ἐν-
1092 5137 1224 5214 τοῖς.
1246 5131 1362 5214 ‘Sed
1389 5147 1515 5214 meo
1550 5149 1689 5201 pm.

195 5202 348 5272 gosnio
375 5205 506 5261 deest
551 5212 603 5263 in
652 5208 820 5264 Coisl.
869 5205 1112 5261 secundo
1157 5202 1301 5258 etin
1351 5203 1598 5272 pluribus
1655 5220 1687 5259 a

196 5264 456 5327 Combefisio
483 5279 676 5334 citatis.

368 5347 780 5413 Παραδέδωκας.
815 5345 929 5398 Duo
958 5361 1090 5400 mss.
1115 5343 1454 5414 παρέδωκας.

250 5407 338 5474 (26)
369 5407 615 5469 Ἀἑούωια
651 5407 791 5471 Editi
828 5416 1032 5469 addunt
1066 5416 1159 5466 ἐπὶ
1190 5407 1292 5477 σοί,
1324 5415 1418 5468 sed
1450 5415 1561 5466 haec
1585 5411 1683 5467 de-

201 5483 308 5553 sunt
323 5479 365 5532 in
390 5483 505 5553 lteg.
529 5487 763 5541 secundo
794 5493 847 5540 et
868 5486 1037 5540 Coisl.
1070 5493 1124 5537 et
1149 5483 1271 5538 aliis
1299 5499 1330 5536 a
1359 5481 1709 5538 Combefisio

204 5541 352 5609 citatis,
382 5567 435 5604 ac
461 5541 638 5611 melius
661 5557 916 5611 videntur
943 5558 1154 5610 deesse.

250 5615 341 5702 [27)
372 5619 481 5704 Τῶζ
499 5627 777 5694 οὐρανῶν.
814 5627 905 5680 Sic
933 5624 1064 5696 Reg.
1088 5622 1256 5678 Coisl.
1295 5629 1348 5678 et
1374 5621 1511 5676 Maz.
1542 5621 1683 5677 Editi

717 5764 808 5821 Sic
828 5765 994 5821 editio
1017 5762 1344 5820 Basileensis
1371 5771 1423 5820 et
1452 5770 1562 5818 ιτεε
1586 5776 1684 5817 “0"

455 5856 702 5919 Ρλτκοι..
735 5859 827 5920 Gn
894 5853 1152 5916 XXXII.

1796 4561 2050 4627 buerunt,
2091 4562 2247 4634 132
2279 4567 2600 4622 obturaverc
2627 4570 2868 4638 pernicie
2901 4580 2994 4624 tua
3017 4573 3220 4628 audita.
3255 4574 3367 4645 Ego

1795 4669 1924 4708 vero
1959 4655 2263 4710 lamentans
2317 4659 2635 4730 tristemque
2672 4662 2877 4715 vultum
2916 4677 3026 4732 prae
3056 4679 3141 4718 me
3164 4664 3364 4730 ferens,

1792 4754 1848 4799 et
1878 4746 2153 4802 undelibet
2173 4750 2477 4813 exsolutus,
2500 4760 2552 4804 et
2575 4753 2810 4806 cinerem
2831 4754 2977 4807 velut
2997 4769 3190 4823 panem
3212 4769 3366 4809 com-

1791 4839 1981 4901 edens,
2042 4855 2203 4895 sacco
2271 4841 2325 4894 in
2365 4842 2576 4912 plagam
2615 4859 2788 4897 meam
2829 4843 3050 4912 injecto,
3095 4845 3189 4899 tibi
3220 4847 3365 4915 ejus-

1791 4929 1937 4982 modi
1991 4931 2262 5000 praeconia
2298 4946 2593 4998 recenseo,
2657 4934 2768 4986 imo
2823 4935 3005 5005 potius
3058 4937 3362 4993 orationem

1791 5135 1888 5186 stri
1927 5134 2146 5190 codices
2171 5143 2224 5189 et
2256 5135 2347 5188 alii
2378 5149 2408 5188 a
2442 5134 2770 5189 (Jombeiisio
2800 5136 2970 5190 citati.
3005 5134 3181 5188 EJitio
3211 5135 3362 5192 Pari-

1789 5202 1987 5286 siensis
2003 5205 2339 5286 Ξτηρώσεως.
2512 5271 2566 5286 Ν
2817 5273 2858 5286 η

1858 5273 1969 5340 (29)
1994 5271 2462 5344 Σερἰυνόμενος.
2512 5271 2603 5326 Sic
2636 5289 2781 5344 imss.
2817 5273 2957 5328 Editi
3007 5275 3356 5344 σεμνόμενος.

1785 5345 1800 5358 ⁸
1859 5343 2169 5416 (smnpm.
2209 5345 2300 5416 Sic
2329 5345 2437 5416 duo
2470 5358 2601 5416 mss.
2631 5343 2766 5416 [iditi
2807 5345 3013 5416 πρώην.
3043 5343 3208 5416 re.qu
3237 5355 3361 5416 post

1785 5429 1850 5469 ex
1885 5413 2243 5486 iisdemﬂmss.
2281 5414 2508 5484 legimus
2546 5413 2780 5482 ἀσϐόλην
2806 5413 2904 5482 pro
2954 5413 3179 5470 ἀσϐολον
3211 5413 3358 5486 quod

1785 5485 2455 5623 εΐῗὲίιῖἕὲἓάἱωπάζων.
2481 5546 2612 5606 Post
2635 5551 2776 5606 hanc
2803 5568 2987 5610 vocem
3015 5553 3222 5607 addunt
3249 5555 3361 5609 duo

1785 5620 2152 5695 codices_xai_
2197 5620 2638 5695 παριστάμενος
2687 5623 3060 5695 σκυθρωπός.
3096 5625 3364 5683 Observat

1783 5694 1950 5749 etiam
2003 5692 2360 5749 Combefisius
2392 5691 2611 5748 codices
2666 5709 2799 5751 suos
2838 5691 3046 5753 habere
3090 5696 3360 5765 παριστά-

1790 5780 1945 5826 ιιενος

3015 5866 3085 5923 1'2
