3886 6220
430 296 531 353 365

1827 296 1886 354 S.
1921 296 2162 352 BASILII
2206 295 2420 353 MAGM

3591 301 3702 355 εει

431 412 716 469 ftinebrem
745 428 1100 485 componens,
1137 415 1568 472 consolationem
1609 415 1840 478 nullam,
1884 417 2011 470 nul--

2131 418 2245 470 ἔστι
2279 418 2542 488 μάλαγμα
2598 417 2904 480 ἐπιθεῖναι,
2943 417 3067 470 οὗτε
3117 417 3328 477 ἔλαιον,
3369 415 3489 469 οὕτε
3529 436 3701 470 κατα-

430 506 652 576 Iamque
692 505 961 562 medelam
993 507 1254 576 admitto;
1303 508 1504 580 quippe
1555 505 1879 563 abscondita
1932 516 2016 563 est

431 597 501 650 ab
525 598 704 652 oculis
738 598 874 653 meis
913 598 1240 664 consolatio.
1301 615 1402 655 nec
1446 607 1531 655 est
1581 598 1882 654 fomentum
1917 613 2014 668 ap-

2124 506 2373 580 δεσμούς.
2407 509 2562 562 Ἐστι
2611 509 2719 580 γὰρ
2751 512 2783 582 ὴ
2837 511 3018 580 πληγὴ
3071 527 3172 581 μου
3221 511 3482 582 ὀδυνηρά.
3530 512 3702 566 Πόθεν

2127 599 2418 671 ίαθήσομαι
2441 618 2456 667 ;

433 702 660 758 ponere,
691 691 1098 760 neque-oleum,
1155 706 1330 762 neque
1362 691 1678 762 ligamenta.
1727 691 1824 745 Est
1861 691 2004 746 enim
2037 688 2193 760 plaga
2227 707 2344 745 mea
2379 693 2584 749 doloris
2616 695 2792 764 plena.
2825 693 2978 751 Unde
3001 697 3278 751 sanabor?

500 803 560 857 2.
591 799 660 858 'Si
687 818 794 875 qua
826 805 994 876 igitur
1027 805 1207 861 a’dhuc
1235 823 1362 878 spes
1406 806 1503 862 tibi
1555 813 1810 878 superest
1867 807 2016 862 salu-

433 895 542 963 tis;
583 895 763 966 siqua
793 898 988 968 exigua
1024 898 1116 953 Dei
1153 899 1487 966 recordatio,
1541 900 1586 955 si
1635 898 1779 970 quod
1807 898 2021 954 deside-

437 989 576 1044 rium
607 988 919 1044 futurorum
947 991 1234 1057 bonorum,
1272 993 1320 1048 si
1354 994 1478 1064 quis
1508 1001 1688 1048 metus
1720 991 2018 1063 supplicio-

434 1097 581 1146 rum,
609 1097 732 1152 quae
763 1088 979 1138 servata
1003 1093 1132 1139 sunt
1155 1099 1262 1139 non
1294 1086 1690 1155 paenitentibus
1711 1127 1726 1152 ,
1752 1083 2018 1155 resipisce

433 1174 694 1230 velociter
725 1195 738 1230 :
773 1176 959 1231 attolle
985 1176 1178 1231 oculos
1201 1183 1342 1234 'tuos
1386 1181 1440 1232 in
1485 1177 1710 1242 caelum,
1753 1177 2014 1246 intellige,

434 1264 638 1321 desiste
691 1281 722 1320 a
779 1274 873 1320 tua
924 1269 1190 1338 nequitia,
1242 1279 1439 1324 excute
1491 1267 1883 1324 circumfusam
1905 1267 2017 1345 tibi

433 1359 776 1425 ebrietatem,
799 1360 1022 1432 insurge
1051 1362 1108 1415 in
1138 1376 1262 1416 eum
1293 1362 1386 1431 qui
1436 1369 1487 1417 te
1524 1361 1844 1434 prostravit.
1883 1359 2017 1415 l’or-

434 1451 566 1505 titer
588 1464 789 1505 conare
814 1459 1013 1505 eterra
1041 1466 1352 1520 resurgere.
1387 1450 1696 1506 Recordare
1731 1451 1859 1506 boni
1923 1465 2018 1519 pa-

435 1542 625 1605 storis.
661 1542 756 1612 qui
801 1557 1140 1614 persequens
1169 1549 1323 1598 eruet
1366 1552 1438 1598 te.
1483 1542 1708 1600 Etiamsi
1741 1545 2018 1614 supersint

436 1647 599 1689 crura
623 1632 754 1696 duo,
780 1642 875 1689 aut
895 1635 1157 1690 auriculae
1188 1637 1501 1700 summitas,
1546 1634 1699 1691 resili
1731 1634 1798 1688 ab
1827 1649 1894 1689 eo
1920 1635 2014 1705 qui

439 1732 495 1780 te
528 1725 859 1780 vultiera"‘it.
910 1725 1120 1780 Memor
1167 1735 1290 1782 esto
1324 1727 1739 1782 miserationum
1775 1725 1893 1792 Dei,
1923 1728 2017 1798 qui

435 1825 595 1872 curat
631 1819 752 1873 oleo
798 1831 854 1875 et
913 1818 1063 1874 vino.
1099 1818 1181 1875 Ne
1221 1819 1479 1890 desperes
1516 1821 1767 1876 salutem.
1801 1817 2017 1875 Revoca

436 1909 492 1963 in
527 1910 846 1964 memoriam
872 1920 997 1982 'qua3
1027 1910 1232 1982 scripta
1268 1919 1420 1975 sunt,
1452 1925 1648 1984 nempe
1677 1911 1891 1982 lapsum
1929 1927 2019 1967 re-

435 2016 683 2072 surgere,
711 2017 968 2060 aversum
1012 2004 1254 2060 converti
1288 2005 1357 2069 “,
1388 2018 1714 2076 percussum
1750 2005 1954 2072 curari,
1986 2019 2018 2059 a

433 2093 627 2150 bestiis
654 2103 876 2166 captum
909 2097 1152 2163 liberari,
1175 2096 1525 2159 conﬁtentem
1554 2113 1664 2154 non
1696 2099 1872 2169 rejici.
1896 2097 2015 2154 Non

431 2183 577 2241 enim
606 2187 721 2244 vult
751 2186 894 2244 Deus
919 2199 1151 2244 mortem
1199 2191 1525 2261 peccatoris,
1559 2191 2016 2262 quemadmodum

433 2279 551 2334 vult
585 2281 1064 2353 converti'ipsum,
1095 2289 1150 2338 et
1170 2283 1354 2339 vivere
1388 2282 1453 2336 “‘.
1479 2281 2016 2352 'Ne'contempseris,

431 2372 578 2427 velu‘t
603 2372 658 2426 in
689 2374 958 2428 malorum
991 2372 1322 2444 profundum
1353 2373 1629 2444 collapsus
1668 2371 1736 2428 ‘7.
1777 2373 2017 2446 Tempus

431 2462 708 2532 patientia:
737 2470 842 2527 est,
874 2469 1090 2533 tempus
1117 2463 1380 2528 lenitatis,
1427 2473 1644 2534 tempus
1691 2463 2016 2530 curationis,

429 2563 646 2623 tempus
707 2554 1127 2610 emendationis.
1158 2551 1385 2627 Lapsus
1436 2556 1544 2611 es"?
1595 2570 1848 2626 exsurge.
1876 2553 2020 2611 Pec-

431 2645 615 2699 casti?
673 2645 883 2701 desine.
917 2641 996 2702 Ne
1053 2655 1168 2703 stes
1209 2648 1266 2704 in
1298 2650 1384 2703 via
1415 2658 1769 2720 peccatorum
1819 2649 1886 2715 ",
1921 2647 2017 2705 sed

431 2737 604 2792 resili.
630 2735 764 2791 Nam
802 2753 926 2792 cum
972 2753 1272 2796 conversus
1322 2740 1674 2811 ingemueris,
1730 2751 1859 2796 tunc
1903 2757 2018 2797 ser-

429 2827 653 2882 vabere.
687 2826 784 2882 Est
805 2828 954 2882 enim
990 2844 1053 2883 ex
1089 2829 1371 2886 laboribus
1433 2833 1667 2896 sanitas,
1691 2839 1746 2885 et
1777 2833 1927 2886 salus
1949 2848 2015 2886 ex

2185 809 2239 864 2.
2274 809 2342 863 EI
2365 829 2447 875 τις
2484 807 2578 865 οὖν
2615 813 2692 866 ἐτι
2720 813 2874 877 ἐλπὶς
2899 812 3251 868 ὑπολείπεταί
3276 831 3360 868 σοι
3401 817 3694 888 σωτηρίας.

2116 901 2170 954 εἷ
2211 918 2298 964 τις
2337 901 2564 974 βραχεῖα
2614 906 2802 976 μνήμη
2845 907 2973 975 περὶ
3015 900 3106 958 τὸν
3140 905 3293 974 Θεὸν,
3325 907 3378 959 εί
3416 925 3500 971 τις
3536 909 3697 973 πόθος

2115 993 2222 1047 τῶν
2259 995 2563 1065 μελλόντων
2595 995 2837 1065 ἀγαθῶν.
2873 997 2928 1049 εί
2960 1014 3045 1060 τις
3081 997 3246 1067 φόϐος
3281 999 3389 1052 τῶν
3431 1001 3697 1072 τεθησαυο

2120 1085 2390 1156 ρισμένων
2443 1085 2716 1140 κολάσεων
2774 1088 2888 1148 τοῖς
2940 1087 3336 1158 ἀμετανοήτοις
3359 1104 3372 1117 ·
3426 1089 3696 1158 ἁνὰνηψοι

2116 1179 2362 1247 ταχέως·
2403 1177 2611 1248 ἐπαρον
2642 1177 2756 1248 (52)
2813 1179 2938 1242 τοὺς
2985 1177 3300 1250 ὀφθαλμούς
3350 1195 3446 1233 σου
3477 1181 3553 1242 είς
3601 1179 3695 1232 τὴν

2115 1269 2379 1338 οὐρανὸν,
2415 1270 2536 1323 ἐλθέ
2590 1271 2670 1334 είς
2722 1269 3117 1343 συναίσθησιν,
3169 1270 3376 1324 παῦσαι
3434 1271 3541 1324 ἀπὸ
3592 1270 3692 1341 τῆς

2116 1361 2382 1433 πονηρίας
2410 1379 2527 1425 σου,
2549 1362 2838 1417 ἀπὸσεισαι
2859 1363 2956 1434 τὴν
2982 1362 3372 1434 περιχυθεῖσαν
3400 1379 3480 1415 σοι
3505 1362 3690 1433 μέθην,

2117 1456 2398 1510 ἐπανάστα
2435 1455 2513 1526 τῷ
2543 1455 2904 1510 καταϐαλόντι
2947 1472 3027 1509 σε.
3061 1456 3312 1524 Ἰσχυσον
3340 1455 3404 1506 ἐκ
3432 1452 3536 1524 γῆς
3563 1456 3694 1508 ἐπαο

2117 1547 2399 1617 ναστῆναι.
2429 1547 2716 1619 Μνήσθητι
2750 1547 2844 1601 τοῦ
2879 1546 3085 1616 ἀγαθοῦ
3122 1545 3402 1616 ποιμένος,
3431 1547 3513 1599 ὃτι
3540 1563 3694 1599 κατα-

2119 1637 2328 1691 διὼκων
2367 1638 2627 1704 ὲξελεῖταί
2681 1656 2763 1694 σε.
2816 1639 2933 1694 Κᾶν
3078 1638 3172 1691 δύο
3226 1637 3497 1710 σκέλη,ἦ
3547 1638 3690 1702 λοσδς

2117 1730 2320 1795 ὠτίου,
2374 1731 2728 1804 ἀποπήδησον
2772 1731 2880 1784 ἀπὸ
2929 1730 3023 1783 τοῦ
3076 1728 3551 1802 τραυματίσαντός
3611 1745 3688 1782 σε.

2118 1819 2400 1893 Μνήσθητι
2433 1822 2541 1876 τῶν
2580 1820 2882 1893 οἰκτιρμῶν
2911 1821 3020 1891 (⁸55)
3059 1821 3152 1874 τοῦ
3203 1819 3366 1884 Θεοῦ,
3412 1820 3496 1873 ὅτι
3539 1819 3693 1890 θερα-

2116 1911 2274 1966 πεύει
2322 1913 2487 1984 ἐλαίῳ
2518 1913 2613 1966 καὶ
2639 1913 2786 1983 οἴνῳ.
2818 1910 2910 1982 Μὴ
2937 1911 3246 1984 ἁπελπίσῃς
3274 1910 3374 1982 τὴν
3403 1912 3688 1981 σωτηρίαν.

2131 2003 2390 2058 Ἀνάλαϐε
2415 2005 2515 2075 τὴν
2547 2005 2770 2076 μνήμην
2813 2004 2920 2057 τῶν
2963 2005 3390 2074 γεγραμμένων,
3418 2005 3500 2058 ὅτι
3542 2007 3569 2058 ὁ
3607 2004 3693 2058 πί-

2118 2111 2266 2147 πτων
2310 2094 2614 2159 ἀνίσταται,
2645 2095 2739 2148 καὶ
2792 2097 2822 2146 ὁ
2866 2094 3229 2166 ἀποστρέφων
3276 2093 3625 2166 ἐπιστρέφει·
3659 2095 3692 2146 ὁ

2118 2181 2415 2254 πεπληγὼς
2455 2183 2852 2255 θεραπεύεται,
2884 2186 2913 2236 ὁ
2953 2182 3290 2255 θηριάλωτος
3324 2185 3692 2256 περιγίνεται,

2116 2279 2146 2329 ὀ
2178 2275 2670 2348 ἐξομολογούμενος
2692 2279 2794 2331 οὐκ
2831 2276 3216 2332 ἀποϐάλλεται.
3255 2278 3331 2330 Οὐ
3363 2277 3509 2330 θέλει
3531 2278 3632 2348 γὰρ
3661 2277 3691 2330 ὁ

2117 2371 2322 2442 Κύριος
2366 2369 2458 2424 τὸν
2485 2368 2714 2424 θάνατον
2742 2369 2836 2422 τοῦ
2883 2368 3234 2440 ἁμαρτωλοῦ,
3265 2368 3342 2432 ὡς
3369 2369 3431 2422 τὸ
3453 2369 3688 2436 ἐπιστρέ-

2115 2463 2214 2533 ψαι
2273 2464 2365 2516 καὶ
2406 2463 2506 2534 ζῇν
2547 2461 2727 2515 αὐτόν.
2773 2461 2865 2532 Μὴ
2891 2461 2968 2524 ὡς
3017 2462 3098 2525 είς
3152 2461 3315 2532 βάθος
3357 2461 3470 2533 (54)
3515 2461 3687 2516 κακῶν

2115 2553 2371 2625 ἐμπεσὼν
2403 2555 2849 2628 καταφρονήσῃς.
2884 2553 3090 2625 Καιρδς
3109 2553 3310 2625 ἀνοχῆς
3341 2555 3479 2616 ἐστι,
3513 2551 3688 2622 καιρὸς

2119 2644 2536 2718 μακροθυμίας,
2590 2645 2783 2717 καιρὸς
2834 2645 3028 2710 ἰάσεως
3055 2685 3068 2709 ,
3104 2644 3296 2714 καιρὸς
3329 2641 3685 2716 διορθώσεως.

2129 2735 2485 2807 Ὠλίσθησας;
2538 2733 2838 2805 ἐξεγείρου.
2901 2735 3218 2806 Ἤμαρτες;
3259 2732 3554 2805 ἡσύχασον.
3600 2735 3687 2804 Μὴ

2117 2829 2248 2898 στῇς
2284 2829 2340 2879 ἐν
2380 2825 2484 2897 ὁδῷ
2527 2825 2892 2896 ἁμαρτωλῶν,
2930 2827 3066 2880 ἀλλὰ
3118 2825 3493 2898 ἀποπήδησον.
3529 2826 3685 2879 Ὅταν

431 2919 749 2975 sudoribus.
782 2915 928 2976 'Vide
975 2920 1146 2992 igitur
1188 2938 1257 2977 ne
1301 2921 1464 2986 forte,
1495 2924 1626 2978 dum
1685 2935 1905 2980 servare
1930 2925 2011 2979 vis

2119 2921 2224 2992 γὰρ
2259 2919 2619 2991 ἐπιστραφεὶς
2661 2917 2943 2989 στενάξῃς,
2972 2918 3096 2970 τότε
3137 2918 3382 2991 σωθήσῃ.
3407 2916 3562 2971 Ἐστι
3587 2918 3686 2988 γὰρ

429 3028 552 3083 quae
593 3027 718 3068 cum
768 3014 1052 3070 nonnullis
1099 3023 1294 3086 pactus
1345 3031 1447 3080 es,
1501 3016 1636 3070 inita
1697 3031 1820 3071 cum
1875 3015 1985 3072 Deo

432 3113 612 3176 pacta,
662 3120 784 3176 quae
832 3120 1016 3159 coram
1081 3107 1266 3162 multis
1312 3107 1559 3162 testibus
1613 3108 1896 3177 pro'l’essus
1929 3123 2011 3174 es,

431 3198 858 3270 transgrediare.
897 3196 974 3254 Ne
1009 3199 1173 3270 igitur
1204 3195 1275 3254 ob
1296 3199 1578 3256 humanas
1616 3200 1888 3270 quasdam
1926 3215 2016 3254 ra-

433 3292 814 3346 tiocinationes
869 3293 1149 3348 cuncteris
1196 3293 1262 3347 ad
1305 3308 1392 3348 me
1443 3293 1650 3349 venire.
1704 3291 1817 3363 Ego
1863 3291 2011 3346 enim

429 3393 712 3455 receptum
767 3391 1048 3439 mortuum
1108 3400 1290 3440 meum
1344 3386 1570 3456 lugebo,
1627 3400 1730 3455 ego
1778 3385 2008 3448 curabo,

427 3491 530 3547 ego
581 3490 765 3530 amare
817 3474 958 3530 ﬂebo
1000 3490 1166 3546 super
1222 3477 1557 3532 contritione
1613 3474 1738 3530 ﬁliae
1789 3475 2012 3546 generis

429 3565 559 3621 mei.
591 3566 879 3638 Excipient
925 3575 981 3622 te
1014 3582 1227 3630 omnes,
1271 3583 1463 3624 omnes
1521 3582 1582 3623 se
1617 3567 1722 3622 tibi
1765 3567 2010 3622 laborum

428 3657 611 3711 Socios
662 3657 979 3728 adjungent.
1037 3654 1115 3713 Ne
1168 3656 1512 3728 despondeas
1569 3656 1864 3710 animum:
1905 3670 2013 3709 me-

426 3764 549 3803 mor
576 3749 654 3804 sis
685 3748 897 3804 dicrum
929 3749 1302 3820 antiquorum.
1342 3751 1437 3805 Est
1467 3748 1619 3804 salus
1645 3765 1658 3799 :
1696 3754 1783 3804 est
1824 3761 2013 3802 emen-

427 3840 596 3896 datio.
656 3839 917 3907 Conlide,
970 3857 1038 3897 ne
1092 3842 1374 3912 desperes.
1432 3839 1552 3895 Non
1599 3849 1683 3895 est
1743 3840 1828 3893 lex
1872 3839 2010 3893 citra

428 3933 860 3989 misericordiam
890 3941 1064 3989 morte
1101 3933 1500 3997 condemnans,
1540 3932 1634 3989 sed
1677 3932 1851 4003 gratia
1899 3930 2008 3985 dif-

425 4023 608 4080 ferens
677 4038 920 4094 poenam,
971 4035 1295 4095 exspectans
1353 4021 1810 4078 emendationem.
1863 4020 2010 4076 Non-

425 4115 555 4168 dum
601 4115 838 4171 occlusa:
895 4123 1024 4170 sunt
1074 4115 1254 4182 fores;
1321 4116 1476 4170 audit
1529 4130 1769 4186 sponsus
1824 4132 1837 4168 :
1895 4129 2008 4168 non

424 4205 738 4260 dominatur
779 4216 1086 4275 peccatum.
1129 4206 1465 4277 Redintegra
1515 4204 1697 4262 denuo
1752 4207 2001 4259 luctam:

2117 3014 2182 3065 ἐκ
2212 3011 2386 3065 πόνων
2416 3009 2593 3080 ὑγεία,
2639 3010 2736 3064 καὶ
2768 3010 2828 3077 ἐξ
2865 3008 3103 3081 ἱδρώτων
3137 3009 3405 3081 σωτηρία.
3435 3010 3575 3081 Ὅρα
3600 3005 3686 3062 οὖν

2120 3104 2379 3174 μήποπε,
2439 3099 2712 3169 συνθήκας
2776 3099 3100 3170 βουλόμενός
3155 3117 3318 3153 τινων
3370 3099 3685 3169 φυλάττειν,

2115 3193 2371 3264 παραόῇς
2413 3192 2512 3256 τὰς
2558 3192 2696 3264 πρὸς
2732 3192 2824 3246 τὸν
2876 3191 3012 3246 Θεὸν
3044 3191 3353 3262 συνθήκας,
3383 3191 3452 3256 ἃς
3496 3191 3686 3262 ὡμολό-

2114 3301 2289 3354 γησας
2323 3284 2415 3336 ἐπὶ
2451 3283 2660 3336 πολλῶν
2694 3283 3011 3355 μαρτύρων.
3045 3283 3136 3354 Μὴ
3165 3279 3258 3338 οὖν
3291 3283 3381 3337 διά
3412 3301 3566 3347 τινας
3605 3283 3684 3335 λο-

2113 3377 2345 3449 γισμοὺς
2378 3377 2756 3448 ἀνθρωπίνους
2787 3377 3027 3448 ὀκνήσῃς
3055 3375 3231 3430 ἐλθεῖν
3264 3376 3401 3448 πρὸς
3426 3377 3517 3447 μέ.
3558 3373 3686 3445 Ἐγὼ

2114 3467 2222 3541 γὰρ
2252 3468 2537 3522 ἀναλαόὼν
2558 3468 2651 3521 τὸν
2686 3469 2883 3535 νεκρόν
2925 3485 3029 3536 μου
3061 3465 3340 3540 θρηνήσω,
3387 3466 3502 3536 ἐγὼ
3536 3468 3684 3539 θερα-

2114 3561 2332 3628 πεύσω,
2384 3560 2496 3631 ἐγὼ
2534 3561 2752 3632 πικρῶς
2790 3560 3098 3632 κλαύσομαι
3143 3562 3236 3614 ἐπὶ
3287 3560 3348 3613 τὸ
3383 3561 3684 3634 σύντριμμα

2111 3654 2211 3724 τῆς
2241 3651 2513 3724 θυγατρὸς
2551 3651 2646 3705 τοῦ
2692 3651 2887 3719 γένους
2917 3668 3040 3723 μου.
3077 3651 3287 3714 Πάντες
3318 3667 3376 3704 σε
3423 3651 3683 3721 δέχονται,

2112 3746 2314 3810 πάντες
2340 3763 2422 3800 σοι
2463 3747 2892 3817 συμπονήσουσι.
2925 3743 3018 3815 Μὴ
3059 3742 3340 3814 ἀναπέσῃς
3369 3741 3516 3814 (55)⁶
3557 3745 3686 3815 μνή-

2113 3836 2272 3907 σθητι
2303 3836 2529 3908 ἡμερῶν
2574 3834 2840 3908 ἀρχαίων.
2885 3836 3043 3889 ’Ἐστι
3089 3837 3355 3909 σωτηρία,
3403 3835 3522 3891 ἐστι
3554 3837 3689 3908 διόρ-

2112 3927 2299 3992 θωσις.
2330 3929 2554 4000 Θάρσει,
2584 3928 2658 3999 μὴ
2692 3927 3023 3999 ἀπελπίσῃς.
3054 3929 3169 3981 Οὐκ
3195 3927 3310 3981 ἐστι
3335 3928 3502 3998 νόμος
3528 3946 3686 3983 κατα-

2110 4021 2346 4085 δικάζων
2375 4020 2467 4074 τὸν
2510 4022 2678 4092 χωρὶς
2716 4019 3017 4090 οἰκτιρμῶν
3056 4019 3307 4084 θάνατον,
3352 4019 3491 4074 ἀλλὰ
3535 4022 3684 4092 χάρις

2111 4110 2511 4182 ὑπερτιθεμένη
2550 4110 2648 4182 τὴν
2686 4109 2930 4172 κόλασιν,
2963 4108 3293 4180 ἐκδεχομένη
3329 4110 3430 4180 τὴν
3469 4109 3686 4180 διόρθω-

2113 4219 2214 4256 σιν.
2245 4201 2410 4256 Οὔπω
2439 4201 2800 4272 ἐκλείσθησαν
2833 4202 2892 4255 αί
2926 4200 3088 4272 θύραι
3108 4218 3122 4232 ο
3147 4201 3335 4255 ἀκούει
3365 4202 3398 4255 ὁ
3420 4201 3648 4272 νυμφίος
3667 4217 3683 4230 ·

424 4310 494 4350 ne
538 4295 788 4360 moreris,
836 4295 932 4350 sed
984 4295 1061 4349 tui
1115 4296 1292 4368 ipsius
1340 4305 1396 4351 et
1447 4297 1692 4351 omnium
1753 4303 2004 4351 nostrum

2119 4295 2170 4348 ού
2215 4293 2457 4366 κυριεύει
2487 4293 2753 4366 ἁμαρτία.
2796 4291 3193 4347 Ἀναπάλαισον
3222 4291 3387 4346 πάλιν
3407 4308 3419 4322 ’
3463 4292 3540 4364 μὴ
3566 4308 3683 4346 κατ-

425 4385 684 4439 miserere
719 4384 774 4438 in
810 4384 1032 4440 ChriSlo
1075 4385 1205 4442 Jesu
1248 4385 1481 4442 Domino
1521 4395 1736 4452 nostro,
1770 4386 1857 4442 cui
1893 4387 1983 4456 glo

423 4477 503 4530 ria
529 4485 584 4531 et
617 4475 905 4546 imperium
941 4493 1088 4533 nunc
1115 4489 1170 4535 et
1199 4495 1418 4551 semper
1448 4479 1504 4534 in
1535 4479 1736 4535 saecula
1773 4480 2003 4534 smculo-

422 4585 566 4627 rum.
595 4571 790 4626 Amen.

2109 4388 2382 4459 οκνήσῃς,
2439 4385 2533 4439 καὶ
2598 4385 2826 4439 σεαυτὸν
2887 4384 3229 4456 οίκτείρησον
3255 4425 3270 4448 ,
3335 4386 3430 4440 καὶ
3486 4385 3685 4448 πάντας

2106 4479 2254 4548 ἡμᾶς
2287 4477 2398 4548 (56)
2433 4480 2488 4530 ἐν
2544 4477 2763 4549 Χριστῷ
2813 4474 2989 4545 Ἰησοῦ
3034 4474 3112 4546 τῷ
3143 4475 3334 4547 Κυρίῳ
3369 4476 3548 4547 ἡμῶν,
3580 4470 3623 4545 ᾧ
3653 4479 3683 4548 ή

2107 4570 2233 4636 δόξα
2263 4571 2357 4624 καὶ
2388 4571 2450 4624 τὸ
2485 4571 2686 4642 κράτος
2711 4571 2806 4625 νῦν
2842 4571 2938 4625 καὶ⁵
2976 4571 3063 4624 ἀεὶ
3088 4571 3169 4633 είς
3194 4571 3321 4634 τοὺς
3351 4571 3557 4637 αἰῶνας
3583 4572 3684 4625 τῶν

2109 4661 2341 4716 αἰώνων.
2377 4663 2570 4734 Ἀμήν.

525 4888 570 4920 ⁸³
595 4884 796 4944 Jerem.
819 4901 940 4951 vm,
974 4885 1030 4942 4.
1107 4886 1152 4919 ⁸⁸
1175 4885 1374 4941 Ezecn.
1404 4901 1557 4953 xvm,
1579 4887 1670 4940 '52.
1748 4887 1790 4917 "
1811 4884 1972 4940 Prov.
2002 4904 2011 4940 ε

2121 4903 2158 4952 ι,
2181 4889 2234 4942 3.
2315 4888 2359 4919 ι·
2398 4887 2544 4944 Psal.
2573 4904 2610 4952 I,
2641 4889 2689 4945 l.

491 5081 606 5152 (Ξὲ)
644 5080 1058 5152 Ἔπαροηδίο
1089 5088 1362 5152 tresmss.
1385 5077 1529 5152 Editi
1557 5079 1798 5150 ἐπαιρον.
1827 5077 1998 5134 Paulo

419 5149 725 5224 postiiediti
747 5151 1158 5224 καταϐάλλοντι.
1199 5149 1326 5224 Mss.
1362 5156 1420 5202 ut
1450 5149 1505 5204 in
1542 5149 1711 5224 textu:

491 5222 602 5292 (33}
651 5220 774 5306 Ίξῶν
807 5220 1143 5292 οἰκτιρμῶν.
1204 5220 1296 5274 Sic
1357 5229 1470 5275 tres
1499 5235 1634 5276 mss.
1687 5221 1828 5275 Editi
1872 5222 1998 5286 τοὺς

415 5293 753 5417 θίῖτὲίῖμῆἓί

489 5361 612 5432 (34)
642 5361 740 5417 Mi:
790 5362 871 5417 (bc
895 5365 984 5418 sic
1023 5362 1234 5428 βάθορ.
1283 5361 1372 5426 Ὧς
1418 5361 1661 5418 additum
1698 5377 1764 5417 ex
1820 5363 1998 5420 tribus

2105 5099 2240 5138 mss.
2257 5086 2478 5156 "nostris
2513 5096 2708 5156 praeter
2728 5088 3176 5146 Combelisianos.

2177 5155 2288 5236 (.35)
2325 5155 2423 5236 _M_i1
2463 5155 2800 5236 άκᾳίτέσῃς.
2857 5158 2949 5216 Sic
2997 5161 3241 5236 quinque
3282 5163 3503 5222 codices
3552 5181 3679 5222 mss.

2105 5223 2260 5298 Ed_i_ti_
2271 5223 2353 5296 μὴ
2380 5227 2664 5298 απεισθῇς.

2145 5365 2157 5376 .
2176 5294 2289 5365 (56)
2319 5294 2556 5376 [Idri-ac
2587 5294 2766 5376 ﬁnde.
2792 5299 2923 5366 Quae
2943 5312 3247 5376 sequuntur
3275 5305 3461 5363 addita
3494 5322 3561 5364 ex
3585 5305 3678 5361 Re-

2107 5367 2197 5437 gio
2227 5368 2470 5425 secundo
2499 5377 2554 5426 et
2585 5367 2754 5431 COisl.
2788 5367 3052 5430 secundo.
