3886 6220
408 251 509 306 567

1757 251 1815 306 3.
1849 250 1931 305 ΒΛ
1940 249 2091 305 ειωι
2128 251 2342 309 MAGNI

3538 260 3638 318 568

413 373 530 419 ῑοιο
555 364 732 436 adipe,
771 365 1061 422 exsiccasti
1121 375 1342 420 strenue
1387 374 1598 423 meatus
1650 366 1753 421 sub
1786 376 1964 422 ventre

2079 368 2340 432 κενώσας,
2381 370 2511 433 τοὺς
2561 370 2668 423 τῶν
2713 371 3091 443 ὑπογαστρίων
3128 373 3341 442 ὀχετοὺς
3383 373 3643 441 γενναίως

413 459 651 523 sitos,.et
690 458 809 528 ipso
837 467 1028 513 ventre
1058 458 1237 513 inedia
1282 467 1580 521 coarctato,
1640 458 1877 514 faciebas
1916 466 1976 512 ut

413 560 637 608 costata:
661 560 862 622 partes,
892 553 1018 606 tecti
1039 550 1195 621 quasi
1222 550 1468 622 quaedam
1504 542 1820 619 eminentia,
1859 568 1980 606 um-

410 644 568 698 bram
624 642 945 696 inducerent
1002 640 1160 712 134.
1211 641 1455 709 partibus
1496 642 1765 703 umbilici,
1815 649 1980 711 atque

410 742 695 789 contracto
728 741 845 789 toto
881 749 1109 803 organo,
1160 733 1447 788 nocturnis
1507 733 1660 789 horis
1708 734 1978 788 confitens

412 826 545 893 Deo,
598 827 959 897 lacrymarum
1025 823 1157 877 rivis
1212 823 1393 879 barba:
1441 823 1582 892 pilos
1639 825 1977 881 madefactos

409 918 815 988 complanabas.
858 914 998 981 Quid
1043 922 1223 968 autem
1255 928 1391 984 οριιε
1432 922 1518 971 est
1562 930 1848 973 recensere
1888 932 1976 970 me

410 1009 666 1082 singula?
698 1007 1011 1063 Memineris
1049 1012 1187 1076 quot
1217 1012 1530 1061 sanctorum
1561 1022 1660 1061 ora
1692 1008 1974 1077 cxceperis

411 1102 620 1167 osculo,
649 1107 782 1169 quot
811 1111 967 1153 sacra
1003 1111 1230 1167 corpora
1261 1098 1542 1167 amplexus
1581 1098 1679 1161 sis,
1710 1105 1841 1167 quot
1868 1097 1970 1150 viri

408 1204 602 1249 manus
632 1200 755 1244 tuas
784 1188 932 1243 velut
979 1186 1334 1241 intaminatas
1372 1187 1634 1253 foverint;
1666 1196 1799 1257 quot
1831 1187 1973 1242 servi

406 1285 527 1351 Dei,
572 1284 718 1339 velut
763 1288 1105 1342 venerantes,
1153 1278 1499 1350 confugerint
1530 1280 1608 1334 ad
1654 1295 1828 1350 genua
1878 1287 1972 1333 tua

407 1377 855 1447 complectentes.

476 1468 531 1522 2.
572 1465 642 1519 At
671 1464 866 1518 borum
901 1462 1026 1532 quis
1070 1461 1286 1516 tandem
1320 1460 1481 1517 ﬁnis?
1510 1460 1776 1516 Adulterii
1824 1461 1969 1515 fama

407 1557 644 1616 nuntiati
684 1555 915 1620 crimen,
954 1553 1151 1623 sagitta
1190 1554 1434 1610 velocius
1464 1557 1774 1625 pervolans,
1806 1570 1969 1611 aures

406 1661 625 1710 nostras
669 1648 910 1711 sauciat,
961 1646 1205 1703 acutiore
1248 1648 1472 1702 stimulo
1520 1651 1728 1704 viscera
1780 1656 1968 1704 nostra

406 1759 802 1816 compungens.
867 1741 999 1809 Quae
1049 1748 1158 1793 tam
1207 1739 1498 1796 artiﬁciosa
1554 1740 1968 1811 praestigiatoris

407 1837 645 1894 versutia
691 1835 746 1889 in
804 1843 914 1887 tam
954 1834 1320 1903 perniciosum
1360 1846 1547 1887 casum
1594 1838 1647 1887 te
1690 1831 1970 1901 coniecit?

405 1928 665 1996 Quaenam
710 1925 911 1981 diaboli
944 1925 1167 1979 sinuosa
1218 1924 1354 1978 retia
1407 1931 1458 1976 te
1505 1921 1965 1992 constringentia,

404 2019 621 2074 virtutis
666 2031 863 2072 nervos
909 2015 1213 2069 immobiles
1262 2014 1659 2070 reddiderunt?
1707 2013 1827 2081 Quo
1874 2015 1970 2069 ab-

405 2112 517 2166 iere
562 2109 810 2165 laborum
869 2114 1089 2161 tuorum
1144 2107 1527 2162 narrationes?
1581 2105 1687 2161 Sed
1736 2105 1967 2161 fortasse

401 2216 617 2273 tequum
651 2215 761 2255 non
808 2206 894 2253 est
925 2197 1010 2252 his
1049 2196 1204 2251 ﬁdem
1236 2196 1535 2252 adhibere?
1576 2195 1642 2250 Et
1693 2196 1967 2266 quomodo

402 2309 513 2349 non
543 2308 608 2347 ex
639 2289 946 2346 manifestis
993 2301 1056 2342 ea
1102 2288 1266 2341 etiam
1308 2289 1592 2343 credemus
1638 2302 1760 2357 quae
1791 2288 1969 2342 hacte-

400 2401 507 2441 nus
531 2383 849 2440 abscondita
883 2380 1143 2435 fuerunt?
1179 2381 1447 2450 siquidem
1490 2379 1702 2435 animas
1745 2394 1867 2448 qua:
1897 2378 1965 2432 ad

402 2478 572 2533 Deum
625 2473 1052 2545 confugiebant,
1101 2473 1433 2544 juramentis
1510 2471 1801 2527 horrendis
1865 2471 1966 2525 ob-

400 2566 707 2631 strinxisti,
765 2578 889 2619 cum
945 2571 1123 2619 tamen
1182 2561 1503 2616 nominatim
1555 2560 1821 2632 quidquid
1876 2559 1963 2614 his

398 2658 631 2719 voculis,
667 2665 743 2711 est
772 2664 826 2709 et
866 2671 988 2719 non,
1024 2653 1259 2723 amplius
1296 2661 1401 2713 est,
1441 2651 1658 2705 diabolo
1694 2651 1961 2705 attribua-

395 2757 491 2806 tur
517 2750 583 2806 δ’.
606 2748 793 2819 itaque
837 2746 1000 2802 simul
1033 2759 1251 2816 quoque
1279 2744 1492 2800 exitiosi
1538 2743 1764 2813 perjurii
1808 2741 1960 2796 fuisti

399 2856 653 2912 sponsor,
682 2847 843 2908 atque
872 2835 1107 2892 instituti
1153 2835 1374 2890 ascetici
1397 2835 1716 2888 charactere
1747 2834 1801 2888 in
1833 2849 1961 2888 co-

398 2940 668 3002 temptum
725 2929 988 2992 adducto,
1026 2926 1094 2982 ad
1128 2926 1405 2997 apostolos
1456 2941 1626 2996 usque
1674 2925 1960 2994 ipsumque

398 3026 684 3082 Dominum
718 3021 958 3077 dedecus
1006 3033 1070 3073 ac
1116 3016 1396 3072 infamiam
1443 3016 1820 3071 transmisisti.
1858 3015 1958 3071 De-

398 3115 668 3175 decorasti
705 3112 974 3168 castitatis
1026 3095 1441 3181 gloriatiouem;
1500 3108 1622 3164 labe
1677 3108 1958 3176 aspersisti

395 3206 749 3266 continentiae
791 3211 1000 3267 votum,
1047 3201 1386 3272 captivorum
1429 3198 1560 3255 facti
1610 3215 1803 3256 sumus
1848 3206 1960 3252 tra-

397 3299 598 3371 goadia,
626 3295 878 3351 aJudzeis
909 3301 964 3349 et
1006 3293 1298 3364 gentilibus
1337 3305 1426 3347 res
1482 3297 1685 3345 nostr:e
1734 3290 1791 3345 in
1839 3304 1961 3344 sce-

395 3401 520 3440 nam
553 3391 608 3440 et
648 3394 804 3439 actus
841 3382 1204 3437 deducuntur.
1249 3378 1519 3435 Discidisti
1566 3379 1958 3433 monachorum

396 3479 616 3545 studia;
674 3474 1048 3548 diligentiores
1082 3474 1462 3543 cautioresque
1504 3474 1560 3526 in
1596 3480 1807 3526 metum
1851 3470 1960 3525 for-

394 3570 763 3639 midinemque
817 3565 1125 3637 conjecisti,
1187 3565 1365 3620 adhuc
1400 3562 1600 3619 diaboli
1635 3570 1959 3632 potestatem

394 3660 769 3725 admirantes;
830 3658 1255 3730 negligentiores
1305 3670 1439 3710 vero
1489 3655 1557 3708 ad
1619 3654 1956 3723 sequendum

395 3750 807 3810 incontinentiae
873 3749 1180 3819 exemplum
1247 3746 1561 3802 traduxisti.
1628 3744 1958 3811 Dissolvisti,

394 3851 659 3919 quantum
684 3844 737 3898 in
768 3850 823 3899 te
854 3840 976 3904 fuit,
999 3840 1375 3912 gloriationem
1407 3838 1631 3903 Christi,
1656 3839 1749 3908 qui
1778 3838 1917 3891 dixit
1941 3857 1957 3893 :

396 3935 696 4007 Con/idite,
759 3951 853 4003 ego
912 3933 1011 3988 vici
1061 3929 1315 3986 mundum
1362 3930 1446 3995 ⁸ο,
1488 3930 1716 4000 ejusque
1759 3929 1963 4000 princi-

398 4045 544 4102 pem.
574 4028 888 4084 Creatorem
923 4024 1207 4082 dedecoris
1254 4022 1524 4078 miscuisti
1565 4021 1776 4094 patriae.
1818 4018 1962 4075 Vere

397 4119 687 4190 implevisti
737 4116 1115 4181 Proverhium,
1170 4113 1321 4168 Velut
1364 4129 1543 4168 cervus
1583 4113 1781 4183 sagitta
1823 4112 1959 4166 ictus

395 4213 450 4266 in
472 4210 647 4280 jecore
671 4208 740 4263 δι.
769 4206 873 4263 Sed
905 4206 1039 4278 quid
1062 4206 1217 4277 jam?
1240 4205 1359 4259 Non
1390 4205 1589 4261 cecidit
1618 4203 1959 4260 fortitudinis

393 4300 584 4363 turris,
612 4313 646 4352 o
683 4296 854 4352 frater
885 4316 899 4352 :
930 4314 1039 4352 nun
1063 4295 1471 4351 ohsorducrunt
1517 4295 1875 4351 correctionis
1896 4309 1960 4350 ac

2060 460 2360 533 .ἐξήρανας,
2391 462 2633 533 γαστέρα
2672 479 2730 515 τε
2762 462 2930 533 αύτὴν
2960 465 3079 526 ταῖς
3118 465 3350 528 ἀσιτίαις
3398 463 3645 533 συμπτύ-

2077 553 2192 620 ξας,
2223 554 2292 628 τὰ
2319 552 2637 626 πλευριτικά
2661 554 2822 627 μέρη,
2851 554 3039 626 ὥσπερ
3067 555 3190 608 τινὰ
3214 556 3409 627 στέγης
3433 556 3641 627 ἐξοχὴν,

2073 647 2187 707 τοῖς
2209 645 2304 698 τοῦ
2331 645 2578 715 ὀμφαλοῦ
2606 646 2823 717 μέλεσιν
2855 647 2968 718 (43)
2997 646 3345 713 ὲπεσκίαζες,
3393 647 3495 700 καὶ
3530 664 3646 700 συν-

2074 738 2384 809 εσταλμένῳ
2429 739 2536 810 ὅλῳ
2587 737 2666 809 τῷ
2706 739 2938 809 ὀργάνῳ,
2983 737 3125 791 κατᾶ
3179 738 3279 801 τὰς
3327 736 3644 808 νυκτερινὰς

2073 826 2220 898 ὥρας
2251 828 2778 900 ἀνθομολογούμενος
2816 829 2893 899 τῷ
2945 827 3082 899 Θεῷ,
3103 831 3216 890 τοῖς
3256 827 3370 881 τῶν
3400 827 3643 899 δακρύων

2073 920 2278 989 ὀχετοῖς
2309 918 2405 989 τὴν
2430 919 2679 988 γενειάδα
2708 918 2976 990 ἔμϐροχον
3010 917 3414 989 καθωμάλιζες.
3454 918 3565 971 Καὶ
3596 918 3642 970 τί

2076 1027 2143 1079 με
2196 1009 2278 1062 δεῖ
2327 1010 2644 1079 καταλέγειν
2691 1012 2925 1075 Exacta;
2988 1010 3266 1081 Μνήσθητι
3323 1011 3425 1063 ὅσα
3481 1010 3643 1077 ἁγίων

2073 1099 2316 1170 στόματα
2367 1100 2631 1172 φιλήματι
2683 1101 3039 1172 κατησπάσω,
3091 1101 3192 1153 ὃσα
3249 1099 3372 1170 ίερά
3420 1097 3645 1169 σώματα

2072 1193 2434 1264 περιεπτύξω,
2457 1195 2572 1248 ὅσοι
2603 1211 2695 1247 σου
2723 1193 2822 1257 τὰς
2844 1197 3031 1264 χεῖρας
3059 1193 3135 1257 ὡς
3160 1192 3470 1263 ἀχράντους
3498 1207 3645 1261 περι-

2070 1284 2331 1338 έθαλπον·
2361 1286 2476 1338 ὅσοι
2514 1284 2688 1339 δοῦλοι
2735 1285 2893 1348 Θεοῦ,
2924 1283 3111 1355 ὥσπερ
3142 1283 3381 1354 λατρεῖς,
3414 1281 3645 1353 ὑπέδρα-

2074 1392 2174 1447 μον
2211 1378 2325 1441 τοῖς
2360 1376 2549 1445 γόνασί
2578 1393 2672 1430 σου
2701 1376 3173 1448 περιπλεκόμενοι.

2136 1468 2193 1522 2.
2223 1467 2327 1523 Καὶ
2370 1469 2575 1523 τούτων
2611 1468 2672 1522 τὺ
2712 1468 2861 1532 τέλος
2888 1469 2980 1533 τί;
3015 1465 3282 1538 Μοιχικῆς
3316 1467 3513 1536 φήμης
3533 1463 3643 1517 δια-

2069 1558 2219 1630 ϐολὴ,
2249 1557 2435 1630 βέλους
2479 1555 2729 1631 ὀξύτερον
2774 1559 3122 1629 διιπταμένη,
3164 1556 3459 1628 τιτρώσκει
3494 1554 3635 1626 ήμῶν

2066 1651 2166 1715 τάς
2196 1649 2385 1716 ἀκοὰς,
2417 1651 2767 1723 ἀκμαιοτέρῳ
2816 1651 3028 1721 κέντρῳ
3063 1649 3134 1702 τά
3164 1647 3453 1719 σπλάγχνα
3495 1646 3642 1719 ήμῶν

2000 1717 2041 1772 Β
2067 1744 2438 1798 διανύττουσα.
2484 1717 2581 1807 Τίς
2626 1744 2659 1814 ή
2690 1717 2805 1795 ’τοῦ
2849 1717 3043 1812 γόητος
3074 1740 3187 1812 (46)
3213 1717 3456 1810 τοσαύτη
3502 1717 3642 1791 ἐντε-

2068 1852 2193 1905 χνος
2224 1835 2465 1888 ποικιλία
2510 1835 2592 1897 εἰς
2637 1832 2888 1886 τοσοῦτόν
2915 1833 3026 1900 (47)
3058 1848 3118 1884 σε
3154 1832 3499 1901 περιήγαγεν
3534 1828 3642 1880 ὀλέ-

2068 1928 2218 2000 θριον
2263 1926 2569 1997 σκέλισμα;
2615 1924 2753 1978 Ποία
2796 1922 3111 1976 πολύπλοκα
3146 1920 3243 1974 τοῦ
3286 1918 3541 1973 διαϐόλου
3571 1917 3641 1969 δί-

2066 2034 2225 2081 κτυα,
2262 2015 2696 2089 περισφίγξαντά
2742 2032 2823 2077 σε,
2855 2014 2953 2077 τὰς
2992 2014 3092 2084 τῆς
3131 2012 3335 2084 ἀρετῆς
3366 2008 3640 2080 ἐνεργείας

2065 2115 2351 2184 ἀκινήτους
2372 2111 2644 2184 ἀπήλεγξε
2668 2127 2682 2176 ;
2704 2109 2814 2164 Ποῦ
2839 2126 2929 2179 μοι
2954 2108 3025 2162 τὰ
3056 2108 3373 2179 διηγήματα
3393 2104 3509 2156 τῶν
3540 2101 3640 2154 σῶν

2067 2208 2242 2262 πόνων
2266 2209 2503 2278 οἴχεται;
2525 2199 2672 2273 ’Ἃρα
2702 2201 2812 2271 γὰρ
2845 2200 3138 2270 ἀπιστῆσαι
3172 2198 3355 2262 ἀξιονς
3392 2198 3508 2251 Καὶ
3533 2197 3640 2261 ιτιῇ

2063 2297 2184 2366 οὐχὶ
2204 2298 2270 2349 ὲκ
2291 2294 2397 2348 τῶν
2425 2290 2670 2360 ἐναργῶν
2718 2289 2813 2342 καὶ
2850 2289 2918 2342 τὰ
2955 2289 3092 2351 τέως
3134 2286 3316 2357 ἀφανῆ
3348 2289 3432 2349 εἰς
3466 2287 3638 2339 πίστιν

2062 2386 2359 2457 δεξόμεθα;
2395 2386 2444 2438 εἰ
2480 2382 2578 2447 τὰς
2608 2380 2686 2452 τῷ
2723 2378 2841 2451 Θεῷ
2869 2378 3287 2451 προσφυγούσας
3321 2378 3438 2450 (48)
3469 2377 3637 2448 ψυχὰς

2065 2480 2312 2549 φρικτοῖς
2341 2478 2525 2545 ὅρκοις
2562 2470 2938 2534 κατέκλεισας,
2976 2469 3137 2523 ὁπότε
3176 2471 3636 2540 παρατετηρημέ-

2062 2586 2168 2632 νως
2203 2557 2297 2621 τοῦ
2342 2566 2442 2621 ναὶ
2482 2565 2579 2621 καὶ
2626 2562 2719 2617 τοῦ
2761 2562 2835 2616 οὒ
2875 2561 2935 2615 τὺ
2981 2561 3232 2633 περιττὸν
3284 2560 3364 2632 τῷ
3409 2560 3636 2630 διαϐόλῳ

2063 2658 2515 2730 προσνενέμηται.
2564 2651 2735 2725 Ὁμοῦ
2782 2650 2959 2705 τοίνυν
3012 2652 3105 2705 καὶ
3162 2651 3477 2722 παρορκίας
3524 2650 3634 2703 ὀλε-

2062 2749 2212 2821 θρίου
2246 2748 2474 2818 γέγονας
2520 2746 2734 2814 ἔγγυος,
2774 2743 2867 2795 καὶ
2903 2742 3165 2811 φαυλίσας
3211 2742 3312 2813 τῆς
3356 2742 3634 2808 ἀσκήσεως

2060 2840 2150 2892 τὸν
2180 2841 2524 2911 χαρακτῆρα,
2558 2837 2717 2908 μέχρι
2744 2833 2852 2888 τῶν
2884 2834 3194 2887 ἀποστόλων
3226 2835 3321 2887 καὶ
3349 2835 3519 2887 αὑτοῦ
3546 2832 3634 2888 τοῦ

2061 2928 2266 2999 Κυρίου
2305 2924 2624 2995 ἀνέπεμψας
2670 2925 2731 2977 τὸ
2781 2918 2989 2993 αἶσχος.
3031 2923 3388 2995 Κατῄσχυνας
3440 2924 3505 2977 τὸ
3541 2923 3634 2991 τῆς

2063 3021 2282 3090 ἁγνείας
2334 3017 2625 3090 καύχημα,
2685 3019 2965 3089 ἐμωμήσω
3024 3016 3123 3086 τῆς
3174 3015 3532 3087 σωφροσύνης
3578 3014 3634 3067 τὸ

2063 3112 2384 3183 ἐπάγγελμα
2403 3127 2418 3142 ο
2446 3111 2745 3182 ἐγενόμεθα
2772 3107 3131 3182 αἰχμαλώτων
3161 3107 3441 3179 τραγῳδία
3458 3125 3473 3137 ·
3510 3109 3628 3159 ’ἰου-

2060 3205 2229 3269 δαίοις
2285 3203 2380 3259 καὶ
2429 3203 2652 3275 Ἕλλησι
2709 3204 3202 3274 δραματουργεῖται
3250 3200 3321 3253 τὰ
3372 3201 3630 3269 ἡμέτερα.

2061 3297 2316 3368 Διέτεμες
2350 3296 2607 3368 φρόνημα
2642 3293 2914 3366 μοναχῶν,
2948 3293 3073 3356 τοὺς
3105 3291 3531 3362 ἀκριϐεστέρους
3561 3292 3631 3352 εἰς

2061 3388 2223 3457 φόϐον
2251 3388 2346 3441 καὶ
2388 3385 2591 3440 δειλίαν
2618 3387 2849 3456 ἤγαγες,
2896 3382 3269 3452 θαυμάζοντας
3300 3381 3381 3434 ἔτι
3406 3382 3502 3434 τοῦ
3523 3382 3627 3434 δια-

2061 3479 2216 3533 ϐόλου
2248 3478 2348 3549 τὴν
2392 3477 2651 3547 δύναμιν·
2694 3475 2820 3538 τοὺς
2862 3472 3186 3544 ἀδιαφόρους
3231 3473 3311 3535 είς
3344 3471 3627 3531 ἀκολασίας

2061 3568 2220 3639 ζῆλον
2257 3567 2580 3639 μετέθηκας.
2636 3565 2894 3628 Ἐλυσας,
2947 3564 3071 3617 ὅσον
3118 3562 3211 3616 ἐπὶ
3263 3562 3378 3625 σοὶ,
3429 3562 3494 3615 τὸ
3542 3559 3626 3613 τοῦ

2059 3660 2296 3731 Χριστοῦ
2338 3658 2628 3731 καύχημα,
2664 3657 2970 3726 Θαῤῥεῐτε,
3011 3655 3276 3723 λέγοντος,
3312 3651 3428 3724 ἐγὼ
3474 3653 3615 3706 νενί-

2059 3769 2217 3819 κηκα
2261 3749 2370 3804 τὸν
2408 3750 2662 3819 κόσμον,
2709 3748 2804 3802 κει)⁵
2856 3747 2949 3801 τὸν
2996 3745 3186 3800 τούτου
3221 3744 3332 3815 (49)
3374 3745 3618 3816 ἄρχοντα.

2072 3843 2368 3915 Ἐκέρασας
2404 3843 2469 3913 τῇ
2522 3840 2738 3913 πατρίδι
2790 3838 3041 3911 κρατῆρα
3087 3837 3426 3908 δυσφημίας·
3466 3837 3622 3899 ὅντως

2059 3937 2139 4000 είς
2165 3935 2324 4007 ἔργον
2352 3933 2559 4004 ἦγαγες
2581 3932 2642 3985 τὸ
2661 3930 2758 4002 τῆς
2783 3930 3084 4001 Παροιμίας
3108 3929 3218 4001 (50)
3236 3945 3250 3960 ο
3282 3929 3379 3993 ’.Ως
3403 3927 3619 4006 Salasso;-

2057 4024 2359 4090 τοξευθεὶς
2391 4024 2479 4089 είς
2520 4022 2588 4076 τὸ
2634 4017 2819 4093 ἧπαρ.
2860 4020 3023 4074 Ἀλλά
3060 4020 3114 4073 τί
3151 4019 3272 4080 νῦν;
3306 4019 3381 4072 Οὐ
3416 4019 3623 4071 πέπτω-

2061 4132 2154 4169 κεν
2182 4117 2210 4169 ό
2232 4114 2333 4184 τῆς
2377 4113 2557 4185 ἰσχύος
2585 4112 2813 4184 πύργος,
2846 4111 3043 4182 ἀδελφέ
3063 4128 3076 4142 ·
3112 4112 3212 4165 οὐκ
3252 4109 3530 4182 ἐμωμήθη
3560 4106 3621 4161 τὰ

2058 4209 2158 4278 τῆς
2189 4207 2523 4279 ἐπιστροφῆς
2545 4207 2837 4279 φάρμακαο
2869 4206 2970 4258 οὐκ
2992 4204 3318 4274 ἀπεκλείσθη
3344 4202 3439 4256 τοῦ
3472 4218 3622 4257 κατα-

2062 4298 2388 4370 φευκτηρίου
2421 4300 2455 4370 ή
2482 4297 2652 4362 πόλις.
2684 4298 2770 4370 Μὴ
2813 4296 2890 4368 τῷ
2929 4296 3081 4368 βάθει
3119 4295 3228 4348 τῶν
3274 4294 3463 4348 κακῶν
3507 4296 3622 4347 ἐνα-

393 4388 760 4447 convectionis
789 4388 1028 4442 remedia
1062 4405 1075 4441 :
1106 4401 1213 4441 non
1231 4386 1447 4442 occlusa
1473 4392 1558 4442 est
1572 4384 1763 4440 civitas
1781 4383 1961 4454 perfu-

2069 4389 2350 4461 πομείνῃς·
2381 4388 2454 4460 μὴ
2481 4391 2689 4460 χρήσῃς
2712 4388 2820 4459 (51)
2841 4387 3063 4441 σεαυτὸν
3084 4385 3160 4457 τῷ
3178 4385 3619 4457 ἀνθρωποκτόνῳ.

395 4480 488 4551 gii.
529 4476 614 4533 Ne
661 4477 715 4531 in
765 4474 1040 4547 profundo
1080 4474 1350 4529 malorum
1385 4488 1728 4544 permaneas,
1768 4489 1870 4528 nec
1903 4484 1955 4530 te

2069 4478 2213 4535 Οἶδεν
2242 4479 2498 4551 ἀνορθοῦν
2531 4480 3007 4551 κατεῤῥαγμένους
3031 4481 3059 4532 ὁ
3090 4478 3314 4549 Κύριος.
3352 4477 3528 4546 Φεῦγε
3554 4474 3621 4546 μὴ

393 4571 580 4625 tradas
601 4567 906 4623 homicidae.
937 4564 1095 4621 Novit
1119 4563 1384 4620 Dominus
1417 4565 1586 4620 elisos
1620 4565 1851 4634 erigere.
1878 4563 1957 4619 Ne

2069 4570 2299 4642 μακρὰν,
2337 4568 2472 4623 ἀλλά
2501 4571 2635 4639 πρὸς
2667 4572 2813 4643 ἡμᾶς
2846 4570 3141 4643 ἀνάδραμε.
3180 4569 3443 4623 Ἀνάλαὸε
3471 4570 3621 4622 πάλιν

389 4662 583 4734 procul
616 4660 813 4730 fugias.
839 4657 935 4713 sed
965 4657 1033 4712 ad
1064 4671 1164 4713 nos
1203 4671 1444 4711 recurre.
1480 4654 1717 4711 Resume
1753 4655 1954 4710 iterum

2069 4661 2338 4726 νεανικοὺς
2385 4659 2609 4724 πόνους,
2655 4661 2924 4732 δευτέροις
2968 4658 3356 4731 κατορθώμασι
3402 4659 3622 4713 διαλύων

391 4754 610 4809 labores
642 4750 934 4820 juveniles,
961 4746 1221 4804 secundis
1267 4757 1413 4801 recte
1460 4745 1621 4800 factis
1669 4745 1818 4799 humi
1869 4761 1955 4801 re-

2069 4750 2156 4822 τὴν
2183 4751 2518 4823 χαμαίζηλον
2551 4752 2646 4806 καὶ
2668 4751 2896 4823 γλοιώδη
2930 4751 3042 4822 (52)
3060 4751 3271 4821 ἡδονήν.
3313 4752 3621 4805 Ἀνάνευσον

281 4880 291 4890 ι
392 4854 609 4916 pentem
655 4842 1045 4912 sordidamque
1082 4840 1415 4908 voluptatem
1463 4836 1672 4892 delens.
1727 4837 1955 4907 Respice

2069 4843 2139 4906 εἰς
2168 4840 2267 4914 τὴν
2298 4841 2392 4895 τοῦ
2425 4841 2610 4907 τέλους
2646 4842 2879 4915 ἡμέραν,
2911 4842 3054 4897 οὕτω
3090 4842 3532 4914 προσεγγίσασαν
3560 4844 3619 4912 τῇ

459 4977 506 5012 δ’
536 4976 728 5042 Matth.
751 4991 807 5043 ν,
832 4973 923 5030 57.
998 4972 1045 5005 ⁸ο
1070 4969 1231 5027 Joan.
1260 4985 1374 5037 ιιι,
1412 4969 1505 5024 35.
1584 4969 1627 5001 "
1657 4967 1820 5022 Prov.
1852 4969 2073 5041 vu,:2‘2,
2103 4973 2193 5029 23.

2282 5106 2352 5188 ῇὸ
2399 5106 2514 5188 τῆς
2558 5110 2891 5188 παροιμίας.
2930 5109 3023 5166 Sic
3062 5109 3621 5188 emendavimus,_ope

2059 5176 2263 5232 codicis
2287 5176 2436 5231 Harl.
2465 5187 2518 5233 et
2538 5176 2768 5234 aliorum
2792 5176 3045 5248 duorum,
3077 5181 3223 5251 quod
3244 5188 3363 5236 erat
3384 5181 3440 5236 in
3467 5176 3618 5237 editis

2059 5246 2158 5309 τὰς
2193 5248 2508 5318 παροιμίαςἶ

2117 5317 2242 5399 ,(51)
2398 5317 2653 5387 χρήσῃς.
2687 5318 2778 5375 Sic
2796 5319 2969 5388 Har-1.,
2996 5319 3165 5377 Coisl.
3193 5321 3406 5393 primus
3427 5326 3482 5376 et
3512 5327 3613 5374 tres

2058 5387 2339 5459 al|!:_!‘3d'"
2377 5391 2460 5459 μὴ,
2479 5390 2705 5459 χρήξῃς.
3264 5456 3273 5459 λ

2136 5455 2248 5528 (52)
2278 5446 2703 5538 Ιῖλριῶδὴξξὲίο
2731 5459 2855 5514 cod.
2885 5459 3122 5538 filarom.
3150 5468 3204 5515 et
3247 5456 3449 5538 Raris,
3487 5473 3615 5538 quo-

2058 5542 2183 5600 rum
2221 5529 2499 5600 scriptura
2524 5530 2739 5600 videtur
2770 5530 3102 5600 prmferenda
3137 5540 3193 5587 et
3225 5530 3478 5600 editis'iu
3503 5529 3616 5600 qui-

2058 5597 2163 5672 bus
2220 5596 2420 5672 legitur
2449 5596 2952 5672 ﬂoreametaliis
2993 5617 3129 5659 mss.
3181 5601 3379 5672 partim
3410 5596 3613 5670 γλυῶδη

2056 5665 2403 5735 habentibus,
2431 5668 2625 5737 partim
2651 5665 2931 5742 γελοιὼδη.

486 5111 575 5185 45)
603 5113 887 5185 Maleam
922 5108 1087 5185 Cois].
1116 5106 1327 5177 primus
1360 5106 1600 5185 μέρεσιν.

486 5116 575 5168 45)
603 5116 887 5169 Medeam.
922 5116 1087 5165 Coisl.
1116 5116 1327 5177 primus
1360 5116 1600 5178 μέρεσιν.

463 5116 574 5254 ίιδ)
609 5184 720 5240 Τοῦ
754 5184 985 5254 γόητος.
1023 5180 1298 5254 SuSpectze
1326 5179 1457 5254 mihi
1495 5182 1625 5254 sunt
1651 5173 1740 5254 lue
1766 5188 1950 5254 voces,

391 5244 510 5326 quae
539 5244 740 5326 desunt
762 5244 818 5307 in
842 5244 1056 5308 duo—bus
1081 5244 1467 5306 vetustissimis
1487 5245 1773 5301 codicibus
1800 5244 1951 5305 Harl.

389 5324 444 5380 et
468 5325 635 5379 tlnisl.
664 5324 857 5380 primo.

461 5340 1030 5465 figisiézggxéam.
1049 5387 1182 5465 Reg:
1205 5385 1478 5445 secundus
1492 5387 1571 5450 είς
1584 5384 1759 5439 τοῦτο.
1781 5380 1951 5439 Paulo

389 5458 515 5536 post
539 5458 925 5519 codfClarom.
945 5458 1354 5536 ύποσκέλισμα.
1424 5497 1429 5505 ς

460 5535 574 5604 (48)
602 5532 1101 5604 Προσφξυτούσας.
1138 5522 1432 5604 Ιξιιοίωεε.
1485 5522 1948 5604 προσφευγούσας.

465 5536 552 5604 (48
602 5536 1101 5604 Προσφυτούσας.
1138 5536 1253 5583 Duo
1298 5542 1432 5582 mss.
1485 5536 1948 5597 προσφευγουσας.

465 5536 575 5690 ςιθῖ
606 5604 717 5690 περὶ
747 5602 855 5690 τὸν
894 5598 1297 5690 {sicsic}?
1318 5594 1694 5690 ,ῖρδ
1745 5593 1955 5666 κάσμου-

391 5668 600 5733 τούτου.
636 5676 835 5733 Omnes
866 5670 1039 5727 nostri
1071 5669 1289 5723 codices
1318 5676 1376 5721 ut
1411 5668 1466 5724 in
1496 5674 1669 5722 textu.
