3886 6220
402 375 503 431 37!

1741 372 1799 432 ε.
1840 371 2079 429 BASILII
2118 371 2332 429 MAGNI

3540 364 3649 419 372

398 503 513 550 'um
556 495 623 552 ⁸⁸.
671 493 774 563 Qui
828 496 999 563 enim,
1032 495 1242 568 nuptiis
1281 511 1369 553 co:
1391 496 1537 553 servi
1584 494 1839 561 violatis,
1888 496 1965 550 lo-

2069 493 2211 548 κατά
2238 493 2301 548 τὸ
2330 493 2626 561 ἀναγκαῖον
2652 493 2719 563 τῇ
2750 490 2926 562 φύσει,
2960 488 3050 543 τὸν
3072 488 3212 542 θεῖον
3232 487 3375 558 ’ὅρον
3404 480 3647 549 ἐδέξατο,

392 584 597 653 quendi
623 584 933 641 libertatem
960 585 1028 641 ad
1058 596 1284 642 mortem
1313 601 1483 657 usque
1517 585 1793 651 perduxit,
1825 602 1959 657 quo-

392 692 521 730 nam
580 684 730 732 esset
778 677 963 733 animo
1026 676 1283 755 futurus,
1335 679 1380 731 si
1429 685 1638 732 tantam
1690 684 1963 732 contume-

390 770 521 823 liam
581 779 777 826 sancto
852 768 1069 826 Domini
1153 770 1391 826 thalamo
1468 771 1674 827 illatam
1739 768 1961 840 conspi-

392 867 541 916 ceret
564 860 590 915 ἲ

459 1040 515 1094 2.
547 1038 617 1094 At
653 1047 732 1104 tu,
762 1047 1057 1109 postquam
1103 1035 1303 1092 divinas
1359 1036 1505 1091 illius
1559 1033 1963 1104 coniunctionis

391 1131 640 1199 abjecisti
687 1131 922 1202 iugum,
974 1137 1139 1200 atque
1208 1127 1591 1183 intautinatum
1648 1127 1759 1181 veri
1817 1125 1963 1196 regis

392 1225 687 1279 thalamum
753 1224 1006 1294 fugiens,
1059 1225 1115 1277 in
1167 1229 1385 1293 turpem
1440 1221 1586 1277 illam
1634 1222 1965 1291 impiamque

390 1314 749 1383 corruptelam
798 1314 941 1369 {atde
987 1314 1133 1382 lapsa
1168 1327 1249 1374 es,
1286 1325 1411 1365 cum
1451 1310 1563 1379 jam
1608 1327 1717 1366 non
1760 1310 1965 1366 habeas

388 1406 663 1477 quomodo
712 1421 952 1460 amaram
1018 1406 1158 1460 banc
1224 1405 1625 1459 accusationem
1703 1402 1965 1473 eﬂ'ttgias,

392 1498 554 1571 136
579 1513 683 1553 nec
713 1498 822 1553 ullo
856 1496 1018 1552 modo
1048 1504 1143 1551 aut
1174 1505 1292 1551 arte
1339 1495 1538 1549 malum
1578 1493 1710 1548 illud
1731 1494 1965 1549 abscon-

390 1591 520 1646 dere
558 1605 748 1661 queas,
795 1604 1035 1660 praceps
1088 1589 1144 1642 in
1201 1585 1484 1642 audaciam
1528 1586 1861 1656 prorumpis.
1902 1583 1967 1638 Et

390 1682 647 1752 quoniam
696 1682 917 1752 impius,
963 1681 1019 1735 in
1062 1678 1389 1750 profundum
1439 1679 1705 1733 malorum
1753 1679 1962 1748 lapsus,

390 1773 647 1844 deinceps
697 1772 1017 1837 contemnit,
1072 1772 1190 1843 ipsa
1241 1770 1405 1826 etiam
1466 1778 1624 1842 pacta
1672 1783 1797 1824 cum
1836 1783 1966 1824 vero

2065 586 2216 658 καὶὴ
2248 584 2469 653 γλῶσσα
2511 585 2668 655 σιγᾷ·
2718 583 2880 638 Ἀλλ’
2910 585 2944 637 ὁ
2985 582 3169 650 λόγος
3209 578 3317 633 τοῦ
3367 573 3517 631 Θεοῦ
3573 574 3649 627 οὐ

2062 677 2313 732 δέδεται.
2360 677 2419 729 ’0
2447 676 2577 748 γὰρ,
2620 675 2807 745 ἐπειδὴ
2847 672 3132 728 συνδούλου
3168 670 3345 741 γάμος
3374 667 3645 739 ἠθετεϊτο,

2066 770 2228 841 μέχρι
2254 767 2482 823 θανάτου
2513 766 2611 837 τὴν
2643 765 2952 838 παρρησίαν
2980 760 3335 834 προαγαγὼν,
3361 759 3417 813 τί
3440 758 3507 813 ἂν
3537 756 3649 811 πά-

2063 860 2145 913 θοι
2187 856 2517 930 τηλικαύτην
2565 855 2777 930 ἐφορῶν
2823 853 2979 926 ὓϐριν
3030 854 3163 925 περ).
3210 850 3303 906 τδν
3346 850 3499 918 ἀγιον
3547 845 3645 901 τοῦ

2062 950 2271 1021 Κυρίου
2296 948 2558 1021 νυμφῶνα
2581 964 2597 1014 ;
2808 1008 2819 1016 ,

2133 1043 2190 1098 2.
2234 1042 2393 1097 Ἀλλά
2426 1041 2512 1106 σὺ,
2541 1041 2639 1112 τῆς
2662 1039 2812 1103 Θείας
2841 1037 3056 1108 ἐκείνης
3088 1034 3382 1105 συναφείας
3406 1031 3519 1099 (6ο)
3550 1031 3644 1085 τὸν

2066 1133 2226 1200 ζυγὸν
2255 1132 2628 1206 ἀπορρίψασα,
2654 1130 2747 1184 καὶ
2772 1127 2863 1184 τὸν
2898 1129 2997 1200 μὲν
3034 1127 3301 1198 ἄχραντον
3327 1122 3423 1179 τοῦ
3455 1122 3645 1194 ἀληθι-

2064 1222 2156 1278 νοῦ
2178 1224 2437 1295 βασιλέως
2461 1221 2743 1295 ἀποδρᾶσα
2762 1219 3045 1292 νυμφῶνα,
3069 1218 3205 1290 πρὸς
3229 1217 3286 1271 δὲ
3314 1216 3415 1288 τὴν
3446 1215 3646 1285 ἄτιμον

2063 1316 2265 1388 ταύτην
2310 1316 2403 1370 καὶ
2435 1315 2603 1387 ἀσεϐῆ
2654 1314 2860 1386 φθορὰν
2912 1312 3154 1384 αἰσχρῶς
3203 1307 3482 1373 πεσοῦσα,
3519 1307 3644 1361 ἐπεὶ

2065 1408 2166 1462 οὐκ
2198 1407 2339 1478 ἔχεις
2386 1406 2503 1471 πῶς
2533 1403 2631 1476 τὴν
2663 1402 2868 1474 πικράν
2918 1400 3123 1471 ταύτην
3166 1396 3501 1469 κατηγορίαν
3548 1397 3641 1447 ἐκ-

2066 1494 2244 1568 φύγῃς
2261 1534 2277 1559 ,
2306 1493 2426 1549 οὐδέ
2452 1494 2537 1558 τίς
2570 1492 2687 1547 ἐστί
2719 1509 2800 1546 σοι
2824 1490 3023 1563 τρόπος
3050 1488 3171 1543 ούδέ
3211 1486 3430 1559 μηχανὴ
3452 1486 3516 1538 τὸ
3538 1483 3643 1539 δει-

2065 1589 2157 1642 νὸν
2189 1587 2301 1659 (61)
2325 1584 2486 1641 τοῦτο
2523 1584 2887 1656 συγκαλύψαι,
2915 1583 3083 1656 ὁμόσε
3117 1585 3184 1655 τῇ
3213 1582 3391 1654 τόλμῃ
3412 1579 3639 1650 χωρεῖς.

2065 1682 2176 1735 Καὶ
2202 1680 2505 1751 ἐπειδήπερ
2553 1679 2787 1749 ἀσεϐὴς,
2817 1675 3071 1749 ἐμπεσὼν
3107 1678 3190 1740 εἰς
3230 1673 3395 1746 βάθος
3420 1671 3640 1734 κακῶν,

2066 1771 2249 1827 λοιπὸν
2271 1773 2634 1844 καταφρονεῖ,
2658 1770 2829 1835 αὒτάς
2850 1770 3069 1841 ἀπαρνῇ
3091 1767 3190 1831 τάς
3208 1766 3348 1837 πρὸς
3378 1765 3475 1819 τὸν
3508 1762 3642 1834 ἀλη-

391 1878 595 1935 sponso
629 1864 760 1919 inita
791 1864 1046 1934 abnegas,
1086 1878 1262 1932 neque
1303 1876 1428 1918 esse
1458 1871 1511 1917 te
1547 1861 1834 1935 virginem,
1858 1875 1962 1918 nec

2069 1864 2207 1919 θινδν
2235 1863 2467 1935 νυμφίον
2511 1862 2814 1933 συνθήκας,
2854 1861 2979 1915 οὒτε
3011 1856 3151 1913 εἶναι
3185 1857 3489 1930 παρθένος,
3512 1853 3639 1908 οὔτε

387 1970 629 2025 unquam
683 1954 1000 2025 promisisse
1030 1953 1334 2016 clamitans,
1364 1952 1611 2023 quamvis
1656 1953 1825 2007 multa
1868 1966 1963 2007 ac-

382 2046 619 2116 ceperis,
657 2047 822 2100 multa
851 2045 1310 2100 demonstraveris
1338 2044 1666 2115 virginitatis
1710 2046 1957 2115 pignora.

385 2137 599 2193 Revoca
632 2137 728 2192 tibi
762 2136 815 2191 in
851 2137 1165 2191 memoriam
1196 2137 1511 2204 praeclaram
1541 2134 1958 2208 professionem,

385 2242 548 2294 quam
580 2225 827 2297 professa
858 2242 918 2282 es
959 2238 1143 2279 coram
1180 2225 1307 2283 Deo.
1347 2227 1660 2297 angelisque
1696 2234 1750 2278 et
1783 2224 1961 2279 homi-

385 2317 569 2374 nibus.
603 2316 817 2373 Revoca
852 2316 949 2371 tibi
997 2317 1051 2372 in
1093 2313 1410 2371 memoriam
1440 2318 1753 2373 societatem
1797 2330 1961 2371 vene-

384 2410 633 2477 randam,
671 2418 732 2467 et
780 2425 996 2466 sacrum
1040 2409 1310 2480 virginum
1358 2409 1607 2475 cltorum,
1645 2423 1709 2462 ac
1757 2417 1960 2462 emtum

383 2502 700 2566 Domini,et
733 2503 1029 2559 Eeelesiam
1071 2509 1409 2558 sanctorum.
1462 2499 1775 2556 Memineris
1821 2513 1960 2568 quo-

382 2610 489 2665 que
515 2593 743 2648 anicula
785 2593 838 2647 in
868 2592 1087 2648 Christo
1117 2593 1274 2658 aviaa,
1314 2605 1436 2661 qua:
1485 2590 1686 2643 virtute
1728 2589 1959 2656 juvene-

376 2686 489 2741 ecit
532 2684 853 2746 etiamnum,
892 2691 953 2739 et
996 2684 1154 2739 ﬂoret
1203 2701 1217 2738 :
1272 2682 1463 2736 matris
1508 2679 1694 2734 itidem
1736 2695 1858 2748 quae
1904 2680 1960 2733 in

380 2776 617 2831 Domino
646 2789 771 2830 cum
804 2775 896 2830 illa
936 2775 1201 2838 decertat,
1238 2781 1292 2829 et
1339 2772 1496 2828 novis
1534 2771 1859 2841 quibusdam
1895 2784 1961 2825 ac

379 2866 615 2923 insuetis
652 2865 933 2921 laboribus
977 2864 1427 2921 consuetudinem
1464 2861 1764 2918 dissolvere
1795 2875 1961 2915 cona-

378 2967 513 3013 tur:
544 2958 794 3013 similiter
828 2965 883 3014 et
932 2958 1139 3014 sororis
1201 2955 1399 3027 partim
1445 2955 1566 3009 illas
1608 2968 1707 3024 pro
1752 2953 1960 3008 viribus

384 3042 677 3102 imitantis.
722 3044 921 3113 partim
970 3046 1133 3100 etiam
1180 3044 1400 3098 vincere
1451 3041 1851 3107 contendentis,
1906 3051 1962 3096 et

384 3133 527 3187 avita
576 3135 835 3205 praeclare
870 3133 1013 3190 facta
1052 3134 1382 3204 virginitatis
1423 3141 1747 3188 ornamento
1796 3148 1958 3202 supe-

2064 1952 2395 2026 ύποσχέσθαι
2436 1953 2567 2008 ποτὲ
2598 1952 2804 2024 βοῶσα,
2845 1953 2880 2025 ἢ
2907 1951 3078 2007 πολλά
3111 1950 3212 2022 μὲν
3239 1949 3438 2017 ἐδέξω,
3469 1947 3642 2003 πολλά

2060 2046 2116 2100 δέ
2159 2044 2419 2111 ἐπεδείξω
2467 2045 2764 2118 παρθενίας
2805 2045 3146 2116 συνθήματα.
3196 2041 3489 2112 Μνήσθητι
3539 2039 3643 2111 τῆς

2061 2134 2232 2207 καλῆς
2276 2136 2563 2209 ὁμολογίας
2584 2176 2598 2200 ,
2623 2135 2690 2208 ἢν
2720 2135 3078 2208 ὡμολόγησας
3116 2131 3348 2188 ἐνώπιον
3379 2130 3521 2186 Θεοῦ
3545 2129 3642 2185 καὶ

2062 2229 2309 2299 ἀγγέλων
2351 2228 2447 2282 καὶ
2478 2227 2803 2300 ἀνθρώπων.
2834 2226 3118 2299 Μνήσθητι
3138 2225 3236 2296 τῆς
3277 2224 3485 2294 σεμνῆς
3516 2240 3641 2277 συν-

2060 2320 2206 2384 οδίας
2249 2322 2345 2375 καὶ
2400 2320 2547 2392 ἱερου
2616 2320 2900 2393 παρθένων
2940 2317 3100 2391 χοροῦ
3127 2357 3143 2383 ,
3189 2317 3285 2371 καὶ
3318 2314 3640 2385 συναγωγῆς

2069 2411 2278 2484 Κυρίου
2302 2451 2319 2475 ,
2360 2412 2457 2465 καὶ
2501 2411 2827 2481 Ἑκκλησίας
2859 2410 3023 2465 ὁσίων
3051 2426 3065 2440 ·
3109 2408 3201 2463 καὶ
3245 2406 3531 2479 γηραλέας
3583 2407 3640 2459 ἐν

2060 2500 2281 2573 Χριστῷ
2315 2503 2547 2575 μάμμης
2576 2501 2872 2574 νεαζούσης
2903 2501 2984 2555 ἐτι
3024 2501 3118 2555 καὶ
3141 2499 3254 2571 (62)
3282 2496 3639 2569 ἀκμαζούσης

2059 2592 2157 2663 τὴν
2180 2591 2403 2663 ἀρετὴν,
2426 2592 2520 2645 καὶ
2550 2588 2755 2662 μητρὸς
2782 2591 2840 2643 ἐν
2868 2587 3058 2659 Κυρίῳ
3079 2586 3214 2659 πρὸς
3238 2584 3457 2656 ἐκείνην
3479 2580 3639 2654 ἁμιλ-

2060 2682 2342 2754 λωμένης,
2374 2682 2468 2737 καὶ
2491 2681 2660 2750 ξένοις
2685 2683 2797 2735 τισ)⁸
2827 2682 2922 2735 καὶ
2960 2680 3153 2752 ἀήθεσι
3190 2676 3299 2749 (65)
3333 2675 3523 2740 πόνοις
3536 2689 3635 2729 καθ
3676 2747 3683 2753 ⁸

2058 2775 2273 2831 ταλύειν
2307 2774 2721 2845 φιλονεικούσης
2762 2773 2829 2828 τά
2872 2773 2970 2843 τῆς
3028 2769 3316 2839 συνηθείας
3346 2766 3461 2838 (64)
3488 2808 3506 2831 ,
3545 2764 3640 2820 καὶ

2059 2864 2294 2935 ἀδελφῆς
2319 2865 2521 2935 ὁμοίως
2546 2864 2615 2918 τὰ
2649 2864 2749 2935 μὲν
2790 2862 3004 2926 ἐκείνας
3047 2858 3428 2932 μιμουμένης,
3465 2855 3537 2910 τὰ
3582 2852 3637 2909 δέ

2058 2958 2153 3011 καὶ
2199 2956 2551 3028 ὑπερϐαίνειν
2600 2953 3093 3027 φιλοτιμουμένης,
3150 2952 3245 3005 καὶ
3282 2953 3395 3014 τοῖς
3437 2947 3632 3021 παρθι-

2062 3049 2242 3111 νικοῖς
2276 3047 2745 3118 πλεονεκτήμασιν
2772 3041 3299 3117 ύπερακοντιζούσης
3332 3040 3405 3093 τά
3438 3057 3637 3111 προγο-

2061 3139 2190 3194 νικά
2224 3138 2655 3211 κατορθώματα,
2694 3138 2788 3191 καὶ
2835 3137 2895 3190 σὲ
2938 3135 3036 3206 τὴν
3064 3134 3320 3203 ἀδελφὴν,
3348 3133 3424 3196 ὡς
3467 3131 3635 3203 ῷετο,

385 3226 577 3289 rantis,
603 3236 658 3282 et
699 3234 753 3282 te
792 3243 1055 3289 sororem,
1085 3227 1160 3282 uti
1191 3228 1437 3297 putabat,
1462 3227 1530 3282 ad
1570 3227 1748 3282 simile
1778 3235 1956 3283 certa-

2069 3231 2197 3301 πρὸς
2224 3233 2324 3301 τὴν
2356 3229 2464 3283 τῶν
2500 3232 2630 3284 ἴσων
2658 3229 2891 3301 ἅμιλλαν
2920 3229 3016 3281 καὶ
3043 3226 3188 3296 λόγῳ
3210 3223 3304 3279 καὶ
3352 3224 3456 3295 βίῳ
3493 3222 3637 3293 φιλο-

384 3332 508 3371 men
543 3325 657 3371 tum
688 3332 957 3378 sermone,
989 3329 1099 3374 tum
1130 3320 1239 3372 vita
1266 3318 1409 3372 haud
1428 3318 1625 3387 ignave
1651 3332 1981 3388 provocam-

381 3409 477 3462 tis.
519 3404 722 3460 Horum
776 3409 1083 3470 recordare,
1125 3416 1181 3462 et
1233 3408 1489 3479 angelicae.
1539 3424 1648 3462 una
1701 3423 1826 3463 cum
1874 3407 1958 3464 eis

376 3496 533 3551 circa
562 3495 728 3552 Deum
769 3498 1003 3561 choreae,
1032 3511 1086 3553 et
1117 3499 1417 3569 spiritualis
1453 3498 1508 3553 in
1542 3514 1705 3555 carne
1726 3499 1871 3563 vitae,
1902 3506 1959 3555 et

380 3587 629 3644 cmlestis
658 3589 712 3643 in
744 3599 885 3645 terra
927 3592 1180 3647 instituti.
1224 3591 1534 3647 Recordare
1570 3592 1779 3646 dierum
1805 3598 1960 3646 tran-

384 3679 700 3750 quillarum,
733 3688 787 3737 et
815 3683 1053 3737 noctium
1091 3683 1538 3745 illuminatarttm,
1564 3693 1623 3738 et
1662 3683 1962 3737 cantilena-

384 3786 508 3826 rum
556 3772 939 3843 spiritualium,
986 3781 1042 3829 et
1089 3774 1406 3844 psalmodiis
1457 3788 1691 3834 sonorre,
1740 3787 1959 3841 precum

378 3870 744 3930 sanctarum,
806 3865 948 3920 thori
1013 3865 1146 3921 casti
1194 3876 1355 3936 atque
1393 3866 1740 3932 iutaminati,
1790 3865 1964 3937 virgi.

382 3954 475 4010 mei
500 3970 850 4025 progressus,
891 3971 1092 4011 mensa:
1118 3955 1331 4019 sobriae,
1368 3971 1431 4009 ac
1454 3955 1710 4025 praeclare
1724 3970 1962 4026 precan-

380 4047 461 4105 ﬁs
482 4055 551 4101 ut
578 4047 899 4118 incorrupta
933 4047 1030 4101 tibi
1059 4047 1341 4119 virginitas
1375 4056 1707 4102 servaretur.
1735 4045 1836 4104 Ubi
1870 4054 1964 4100 tua

380 4138 480 4193 illa
509 4138 690 4208 gravis
720 4140 929 4209 species
961 4147 1015 4194 et
1039 4140 1251 4194 honesti
1278 4154 1476 4203 mores,
1512 4139 1680 4195 vestis
1708 4139 1834 4195 vilis
1861 4139 1968 4193 vir-

388 4228 567 4296 ginem
595 4228 819 4292 decens,
850 4229 1077 4299 pulcher
1101 4247 1165 4285 es
1195 4228 1401 4299 pudore
1438 4229 1624 4288 rubor.
1651 4237 1705 4284 et
1736 4229 1967 4285 decorus

386 4333 458 4373 ex
496 4318 822 4373 abstinentia
854 4336 917 4374 ac
953 4320 1150 4391 vigiliis
1197 4322 1548 4377 elllorescens
1581 4321 1775 4392 pallor,
1804 4331 1971 4393 atque

385 4409 535 4464 omni
561 4410 791 4478 pulchro
816 4412 999 4465 colore
1031 4416 1314 4470 decentius
1347 4415 1709 4469 elucescens?
1741 4413 1968 4480 Quoties

384 4500 445 4559 in
478 4501 729 4570 precibus
759 4516 856 4573 pro
877 4503 1184 4571 virginitate
1215 4505 1352 4557 citra
1385 4504 1654 4557 maculam
1678 4503 1964 4567 servanda,

2056 3323 2235 3385 πόνως
2264 3321 2685 3392 ἐκκαλουμένης.
2719 3319 3002 3392 Μνήσθητι
3025 3316 3258 3379 τούτων,
3291 3316 3386 3371 καὶ
3421 3315 3638 3383 ἀγγελι-

2056 3414 2161 3484 κῆς
2187 3414 2315 3486 περὶ
2342 3414 2432 3467 τὸν
2464 3411 2596 3466 Θεὸν
2633 3412 2749 3483 μετ’
2776 3410 2998 3465 ἐκείνων
3037 3408 3259 3481 χορείας
3289 3447 3304 3472 ,
3339 3408 3435 3462 κα)¹
3476 3424 3636 3461 πνευ-

2062 3508 2295 3578 ματικῆς
2329 3509 2387 3561 ἐν
2418 3507 2580 3578 σαρκὶ
2611 3503 2758 3576 ζωῆς
2778 3544 2794 3568 ,
2823 3505 2919 3557 καὶ
2945 3499 3196 3573 οὐρανίου
3226 3501 3323 3555 ἐπὶ
3355 3500 3462 3571 γῆς
3492 3498 3638 3555 πολι-

2057 3598 2348 3667 τεύματος.
2398 3597 2685 3669 Μνήσθητι
2716 3593 2939 3668 ἡμερῶν
2964 3592 3273 3665 ἀθορύϐων,
3304 3592 3400 3645 καὶ
3430 3591 3637 3646 νυκτῶν

2058 3692 2506 3763 πεφωτισμένων,
2536 3689 2628 3745 καὶ
2662 3688 2812 3760 ᾠδῶν
2842 3685 3227 3758 πνευματικῶν
3245 3725 3261 3749 ,
3286 3685 3384 3738 καὶ
3412 3683 3637 3757 ψαλμῳ-

2057 3783 2177 3846 δίας
2208 3784 2436 3855 εύήχου,
2470 3782 2567 3838 καὶ
2613 3779 2938 3851 προσευχῶν
2983 3778 3177 3848 ἁγίων,
3211 3777 3305 3830 καὶ
3335 3776 3511 3847 ἀγνῆς
3552 3774 3638 3829 καὶ

2058 3876 2322 3947 ἀμιάντου
2346 3874 2551 3947 κοίτης,
2570 3874 2663 3927 καὶ
2688 3871 3028 3946 παρθενικῆς
3056 3870 3305 3943 προόδου,
3323 3868 3421 3922 καὶ
3444 3870 3639 3940 ἐγκρα-

2059 3965 2185 4030 τοῦς
2214 3965 2496 4037 τραπέζης
2517 4004 2536 4031 ,
2566 3967 2659 4021 καί
2687 3965 2866 4027 καλῶς
2892 3962 3191 4035 εὐχομένης
3224 3961 3322 4033 τὴν
3348 3960 3639 4033 παρθενίαν

2065 4076 2147 4114 σοι
2179 4059 2414 4132 ἄφθορον
2465 4058 2772 4131 τηρηθῆναι
2809 4057 2965 4127 (65).’
2994 4055 3103 4110 Ποῦ
3148 4054 3205 4107 δέ
3243 4070 3326 4107 σοι
3349 4051 3412 4106 τὸ
3447 4051 3636 4123 σεμνὸν

2064 4151 2241 4204 ἐκεῖνο
2274 4151 2488 4222 σχῆμα,
2536 4150 2639 4204 ποῦ
2672 4150 2729 4204 δὲ
2767 4149 2829 4203 τὸ
2874 4148 3100 4219 κόσμιον
3126 4140 3257 4218 ἦθος
3282 4182 3302 4210 ,
3333 4144 3428 4198 xci.
3479 4144 3638 4215 ἐσθὴς

2063 4240 2186 4311 λιτὴ
2204 4282 2219 4305 ,
2248 4241 2507 4312 παρθένῳ
2535 4242 2850 4313 πρέπουσα,
2882 4239 2976 4293 καὶ
3004 4237 3168 4292 καλὸν
3223 4236 3325 4307 μὲν
3368 4235 3432 4289 τὸ
3473 4236 3534 4302 ἐξ
3559 4237 3637 4289 αἱ·

2066 4330 2189 4395 δοῦς
2241 4331 2526 4404 ἐρύθημα,
2571 4332 2852 4403 εὐπρεπὴς
2898 4330 2957 4384 δέ
3008 4332 3041 4402 ἡ
3079 4328 3137 4395 ἐξ
3168 4325 3498 4398 ἐγκρατείας
3550 4328 3639 4381 καὶ

2068 4424 2371 4495 ἀγρυπνίας
2397 4424 2704 4480 ἐπανθοῦσα
2729 4422 3004 4495 ὼχρότης,
3046 4420 3141 4474 καὶ
3174 4420 3358 4489 πάσης
3390 4418 3638 4491 εύχροίας

2070 4513 2423 4586 χαριέστερον
2454 4514 2877 4585 ἐπιλάμπουσας
2914 4511 3151 4573 Ποσάκις
3190 4510 3248 4562 ἐν
3282 4511 3635 4580 προσευχαῖς,

390 4592 530 4647 forte
575 4592 842 4664 lacrymas
890 4592 1164 4648 eﬂudisti?
1214 4593 1358 4662 Quot
1403 4594 1610 4648 litteras
1652 4594 1715 4647 ad
1748 4604 1965 4652 sanctos

2071 4576 2211 4675 ύπέρ
2238 4576 2594 4678 τοῦ-τηρῆσαι
2621 4576 2743 4677 ’(66)
2768 4603 2868 4675 τὴν
2903 4602 3199 4675 παρθενίαν
3239 4576 3638 4666 academiam;

382 4683 652 4738 exarasti.
688 4698 786 4753 per
823 4700 960 4753 quas
1009 4684 1106 4739 tibi
1151 4699 1338 4740 eorum
1386 4683 1718 4756 elllagitabas
1754 4701 1961 4756 preces,

460 4770 507 4802 ⁸⁸
530 4770 575 4826 ll
610 4769 751 4826 Tim.
788 4788 849 4833 ll,
879 4771 935 4826 9.

462 4860 585 4995 (6οζ
620 4863 980 4934 Συναφειας.
1015 4860 1270 4918 Nonnulli
1307 4881 1438 4920 mss.
1481 4867 1783 4931 κοινωνίας.

463 4932 552 4995 (61
627 4933 698 4987 Τὸ
720 4932 943 4988 δεινόν.
987 4933 1150 4989 Deest
1189 4934 1346 4988 τοῦτο
1386 4936 1440 4989 in
1482 4947 1606 4989 octo
1640 4952 1772 4991 mss.

463 4932 584 4999 (6i)
627 4933 698 4987 Τὸ
720 4932 943 4988 δεινόν.
987 4933 1150 4989 Deest
1189 4934 1346 4988 τοῦτο
1386 4936 1440 4989 in
1482 4947 1606 4989 octo
1640 4952 1772 4991 mss.
1805 4934 1978 4993 Paulo

436 5009 524 5077 ost
552 5003 744 5077 in_sex
780 5006 933 5077 deest
976 5004 1184 5077 pariter
1220 5004 1492 5077 ἀληθινόνζ
1537 5005 1641 5060 Sed
1687 5013 1979 5077 utrumque

384 5015 524 5129 fast
552 5018 612 5061 ΠΙ
646 5019 744 5059 sex
780 5015 933 5059 deest
976 5015 1184 5074 pariter
1220 5015 1492 5073 ἀληθινόν.
1537 5015 1641 5060 δρα
1687 5015 1977 5077 utrumque

414 5071 598 5139 egitur
630 5072 684 5127 in
714 5075 1110 5129 vetustissimis
1149 5075 1431 5130 codicibus
1453 5074 1623 5132 Coisl.
1649 5086 1707 5133 et
1740 5075 1880 5133 Med.
1918 5078 1977 5135 In

392 5139 691 5197 Harlzeano
716 5160 823 5198 non
855 5152 1033 5198 exstat
1062 5144 1175 5198 hate
1200 5146 1451 5200 epistola.

794 5162 823 5198 η
855 5162 1033 5198 (“Stal
1065 5162 1175 5198 "3‘0
1200 5162 1451 5201 t‘DISIOIa.

464 5161 691 5197 mteano
716 5161 823 5198 non
855 5161 1033 5198 exstat
1065 5161 1175 5198 uate
1200 5161 1451 5215 eptstota.

464 5211 578 5289 (ϐξ)
604 5215 741 5289 ’Ἔτι
756 5216 884 5289 λ’ριαίΣ
913 5215 1004 5289 Sic
1034 5214 1205 5269 Colsl.
1241 5217 1449 5286 primus
1471 5222 1523 5271 et
1542 5213 1682 5271 Med.
1708 5215 1978 5289 Corrupte

390 5281 452 5335 in
486 5284 648 5353 editis
683 5286 831 5353 ἄρτι.
856 5286 889 5353 ἢ
921 5285 1063 5353 τότε.

486 5301 648 5336 cutus
683 5302 715 5337 α
756 5302 831 5341 τι.
856 5301 889 5353 η
921 5301 1063 5339 τοτε.

469 5301 890 5432 ίξδῂἊΑτξθεσι.
924 5352 999 5408 lla
1024 5355 1243 5411 codices
1268 5371 1398 5411 mss.
1425 5364 1569 5419 octo,
1593 5357 1787 5413 melius
1816 5374 1978 5430 quam

388 5417 527 5476 editi
569 5417 814 5485 ἀληθέσι.

471 5490 588 5566 (⁸64)
632 5494 707 5566 1:2:
728 5492 851 5566 τῆς
894 5495 1239 5566 σιονηᾷξίιις.
1303 5494 1391 5550 Sic
1451 5495 1559 5566 duo
1611 5499 1978 5566 antiquissimi

394 5561 621 5617 codices
645 5561 814 5638 Qoisl.
839 5565 1060 5638 ct_Med._
1075 5564 1217 5638 ΕΛῇιί
1240 5567 1351 5638 τῆς
1365 5565 1647 5638 συνηθείας
1672 5568 1733 5622 τὸ
1748 5561 1975 5638 κράτος.

392 5633 1306 5709 ιοηεμειᾳάὸηἱδ-τοὸιιζίᾴὶδρυιυενςζ
1336 5636 1453 5709 Mox
1476 5633 1603 5709 editi
1627 5638 1696 5693 τά
1725 5633 1821 5707 μὲν
1850 5637 1981 5709 κρά-

395 5717 491 5779 τος
507 5702 754 5779 ἐκείνης.
778 5703 942 5779 Deest
968 5704 1121 5779 illud,
1147 5705 1292 5779 ᾐκατά
1312 5706 1533 5779 κράτος,
1569 5708 1622 5762 in
1654 5702 1971 5779 octonts'sq

401 5778 461 5825 at
490 5772 599 5827 duo
637 5772 846 5851 tantum
898 5773 1099 5829 habent
1144 5772 1377 5851 ἐκείνας.
1426 5772 1622 5851 nempe
1660 5776 1828 5834 Coisl.
1861 5772 1973 5850 pri-'-

404 5857 535 5902 mus
566 5852 618 5902 et
647 5844 826 5913 Colb.,
859 5860 997 5918 quos
1024 5845 1195 5901 secuti
1222 5862 1439 5903 sumus.

2069 4696 2294 4767 ἐξέχεας
2335 4697 2594 4767 δά-κρυας
2655 4696 2804 4752 Πόσα
2858 4693 2915 4748 δέ
2970 4692 3275 4765 γράμματα
3326 4690 3466 4762 πρὸς
3521 4694 3640 4754 τοὺς

2154 4874 2265 4946 (65)
2297 4874 2407 4946 καὶ
2459 4872 2725 4946 κατιῶς...
2763 4870 3112 4946 τηρηθῆναι.
3168 4872 3309 4928 Etliti

2078 4944 2255 4999 verba
2290 4944 2498 4998 addunt
2530 4944 2725 4998 iterum
2770 4945 2978 5011 κοίτης,
3009 4958 3179 5012 eaque
3220 4944 3496 4999 collocant
3525 4956 3642 4999 ante

2078 5015 2173 5073 καὶ
2219 5013 2518 5088 ἐγκρατοῦς
2556 5012 2836 5088 τραπέζης
2872 5013 3638 5088 x91-”EPQEY‘Xﬁ€-W€°65°°-

2080 5082 2490 5154 ΑΙὶιρνοὴιίψιί
2516 5082 2825 5154 codices,in
2843 5083 3035 5153 primis
3060 5082 3228 5138 C'oisl.
3257 5082 3313 5137 et
3340 5082 3488 5154 Med:
3506 5099 3639 5151 quos

2080 5157 2252 5209 secuti
2284 5152 2495 5212 sumus.
2531 5152 2923 5224 Meliustamen
2952 5154 3168 5208 videtur
3189 5155 3381 5210 abeSso
3406 5169 3435 5207 a
3468 5152 3637 5224 Bigot.

2082 5233 2315 5294 utroque
2349 5225 2480 5295 illud
2527 5223 2904 5295 acutulae...
2931 5224 3256 5295 τηρηθῆναι.
3309 5223 3639 5279 Crediderim

2085 5296 2185 5350 luas
2213 5292 2375 5352 voces
2398 5293 2712 5349 referendas
2750 5309 2871 5347 esse
2903 5292 2967 5346 ad
2991 5292 3069 5346 ea
3103 5310 3224 5361 qute
3256 5309 3421 5363 supra
3443 5294 3511 5347 de
3539 5295 3642 5347 vir-

2081 5366 2225 5435 ginis
2272 5382 2461 5435 sorore
2497 5366 2778 5426 dicuntur,
2812 5378 2876 5416 ac
2926 5363 3053 5435 inde
3096 5364 3386 5435 excidisse.
3446 5363 3637 5418 Iisdem

2083 5426 2363 5490 Eodicibu's
2401 5436 2523 5489 freti
2575 5435 2805 5500 legimus
2833 5434 2996 5501 paulo
3035 5441 3157 5502 post
3191 5434 3292 5487 ποῦ
3321 5434 3379 5487 δέ
3414 5451 3518 5495 σοι,
3551 5446 3640 5502 pro

2078 5521 2148 5559 eo
2176 5508 2319 5574 quod
2350 5513 2470 5559 erat
2502 5506 2555 5560 in
2582 5497 2744 5561 editis
2772 5497 2875 5558 ποῦ
2903 5503 3003 5575 μέν
3026 5497 3128 5569 σοι,
3150 5512 3205 5559 et
3230 5504 3533 5558 delevimus
3554 5497 3641 5556 καί

2059 5587 2205 5630 ἐιπερ
2237 5576 2509 5646 παρθένῳ.

2156 5647 2269 5717 (66)
2303 5642 2588 5715 τηρῆσαι.
2618 5643 2750 5700 Post
2773 5646 2916 5717 hanc.
2944 5659 3131 5717 vocem
3147 5642 3316 5717 editi
3338 5642 3545 5717 addunt
3586 5656 3637 5693 σε

2083 5712 2229 5787 quod
2253 5712 2421 5773 'dcest
2460 5721 2513 5771 in
2549 5731 2683 5771 mss.
2707 5724 2851 5772 octo.
2878 5714 3228 5787 Statimediti
3258 5712 3634 5787 ἐξεδάκρυσας.

2078 5784 2209 5847 Mss.
2251 5805 2344 5846 se:
2385 5786 2602 5859 ἐξέχεας
2638 5787 2865 5862 δάκρυα,
2905 5788 3014 5842 duo
3043 5785 3260 5857 ἐξέχεας
3285 5784 3541 5856 δάκρυον.

3359 4883 3486 4945 post
3533 4874 3641 4930 haec
