3886 6220
403 317 516 379 .575

1717 324 1771 378 Β.
1813 323 2057 380 BASILII
2095 322 2306 379 MAGNI

2666 260 2709 286 τ,
2734 267 2739 272 .

3554 321 3653 376 376

411 434 553 492 Deus
580 437 644 491 “.
680 435 785 492 Sed
815 445 869 492 et
902 440 1209 509 prazsidium
1244 456 1307 495 ex
1343 442 1595 512 precibus
1637 444 1773 499 meis
1817 444 1982 499 adde-

2108 444 2225 514 πρὸς
2261 443 2466 514 Ἰησοῦν
2491 440 2884 512 άνακουφίζων,
2914 441 3008 497 καὶ
3045 440 3123 514 τῷ
3156 439 3302 513 φόϐῳ
3340 438 3448 494 τοῦ
3486 439 3652 495 δεινοῦ

412 525 560 593 bam,
592 530 767 601 siqua
794 533 1000 587 ratione
1034 535 1300 604 integrum
1333 536 1428 590 tibi
1462 552 1662 608 corpus
1703 546 1757 593 et
1797 539 1975 593 aninta

411 624 469 674 et
503 620 726 689 spiritus
773 631 957 691 posset
1000 624 1137 678 citra
1160 625 1631 695 reprehensionem
1664 628 1717 681 in
1744 628 1977 683 adventu

415 706 629 765 Domini
663 713 836 767 nostri
869 713 997 769 Jesu
1028 715 1228 770 Christi
1258 718 1485 774 servari.
1525 717 1596 773 At
1636 718 1837 774 frustra
1867 720 1979 774 hzec

324 812 340 831 '
414 803 596 856 omnia
629 803 681 858 in
711 812 766 859 te
797 804 1060 870 laboravi,
1096 808 1334 878 mihique
1373 824 1595 865 amarus
1619 812 1828 866 exstitit
1860 811 1980 865 dul-

413 893 561 947 cium
589 894 802 950 illorum
830 896 1076 952 laborum
1117 900 1315 963 exitus,
1346 914 1648 970 rursusque
1674 902 1980 972 ingemendi

414 984 715 1040 necessitas
744 986 814 1040 ob
843 1003 986 1047 eam.
1029 988 1096 1044 de
1145 1005 1249 1059 qua
1281 991 1518 1059 gaudere
1549 1006 1633 1047 me
1675 994 1978 1062 Oportebat.

413 1070 557 1128 Ecce
579 1073 721 1130 enim
755 1075 980 1146 decepta
1006 1093 1067 1134 es
1096 1094 1126 1133 a
1150 1091 1397 1149 serpente
1414 1081 1806 1137 amarulentius
1821 1098 1981 1152 quam

414 1158 547 1217 Eva.
579 1163 846 1235 Corrupta
874 1176 958 1222 est
988 1183 1093 1223 non
1130 1185 1283 1225 mens
1330 1178 1421 1224 tua
1467 1172 1665 1234 solum,
1698 1172 1790 1226 sed
1822 1174 1981 1227 etiam

417 1266 526 1304 una
552 1267 676 1306 cum
712 1263 891 1310 mente
927 1271 1127 1326 corpus
1175 1265 1347 1313 tuum.
1396 1258 1461 1313 Et
1496 1260 1823 1314 horrendum
1854 1262 1982 1315 illud

416 1342 563 1411 quod
606 1350 661 1397 et
704 1342 883 1400 dicere
922 1349 1105 1416 pudet,
1155 1364 1254 1403 nec
1300 1357 1478 1404 tamen
1525 1351 1685 1406 silere
1719 1368 1858 1421 queo
1883 1353 1986 1419 (est

416 1431 563 1484 enim
597 1433 743 1486 velut
776 1435 994 1503 quidam
1029 1437 1165 1506 ignis
1208 1437 1262 1490 in
1288 1438 1506 1507 ossibus
1546 1442 1686 1495 meis
1723 1456 1986 1496 accensus

419 1529 475 1576 et
526 1521 747 1587 ardens,
795 1527 1146 1597 resolvorque
1202 1530 1442 1599 undique
1497 1538 1551 1586 et
1600 1548 1712 1587 non
1766 1547 1987 1601 possum

421 1614 609 1685 ferre),
642 1618 839 1674 tollens
884 1621 1075 1692 utique
1117 1624 1357 1678 membra
1389 1626 1613 1689 Christi,
1639 1628 1880 1682 membra
1912 1626 1991 1681 fc-

419 1705 547 1762 cisti
578 1708 882 1765 meretricis
910 1711 977 1765 ‘7.
1014 1710 1127 1766 Hoc
1170 1730 1337 1768 unum
1377 1731 1446 1771 ex
1482 1717 1735 1777 omnibus
1789 1718 1987 1771 malum

2087 534 2222 602 πρὸς
2245 533 2302 587 τὸ
2333 533 2408 605 μὴ
2442 536 2625 585 πεσεῖν
2646 532 2924 604 ἐϐοήθουν,
2940 532 3114 600 λέγων
3149 530 3280 601 (75)’
3318 530 3405 583 Εἴ
3436 547 3530 593 τις
3558 529 3656 581 τὸν⁹

2084 624 2235 678 ναὸν
2253 622 2359 677 τοῦ
2390 623 2534 677 Θεοῦ
2554 623 2795 691 φθείρει,
2823 620 3028 690 φθερεῖ
3044 622 3256 674 τοῦτον
3277 623 3308 673 ό
3347 619 3526 683 Θεός.
3557 615 3656 671 Καὶ

2085 716 2150 787 δὴ
2172 717 2263 769 καὶ
2291 715 2389 787 τὴν
2421 718 2485 769 ὲκ
2506 714 2610 767 τῶν
2636 715 2948 786 προσευχῶν
2975 731 3073 784 μου
3100 711 3464 783 προσετίθουν
3486 711 3655 777 ἀσφά-

2085 806 2255 868 λειαν,
2283 808 2335 859 εἴ
2354 823 2470 869 πως
2497 803 2787 875 ὁλόκληρόν
2809 820 2902 855 σου
2927 802 3035 871 (76)
3053 801 3113 855 τὸ
3142 800 3299 871 σῶμα
3327 799 3437 851 καὶ
3461 800 3495 867 ἠ
3522 797 3658 870 ψυχὴ

2088 897 2182 948 καὶ
2204 895 2266 947 τὸ
2295 894 2510 965 πνεῦμα
2542 894 2846 965 ἀμέμπτως
2864 896 2919 945 ἐν
2938 895 3003 962 τῇ
3036 890 3305 962 παρουσίᾳ.
3326 889 3432 941 τοῦ
3458 888 3660 958 Κυρίου

2087 986 2246 1059 ήμῶν
2312 985 2488 1058 Ἰησοῦ
2552 983 2789 1056 Χριστοῦ
2836 982 3121 1055 τηρηθείη.
3167 981 3329 1035 Ἀλλὰ
3377 980 3499 1051 γὰρ
3548 979 3663 1054 είκῆ

2090 1076 2260 1129 ταῦτα
2287 1077 2465 1131 πάντα
2487 1076 2789 1129 κεκοπίακα
2817 1077 2896 1138 είς
2917 1075 2973 1127 σέ
2999 1094 3013 1107 ·
3040 1073 3131 1128 καί
3159 1091 3249 1143 μοι
3278 1073 3489 1144 πικρὸν
3512 1072 3665 1144 ἐξέϐη

2088 1171 2197 1224 τῶν
2222 1171 2466 1239 γλυκέων
2513 1170 2735 1225 ἐκείνων
2768 1170 2946 1223 πόνων
2986 1168 3046 1221 τὸ
3087 1169 3261 1241 πέρας
3283 1183 3295 1195 °
3328 1166 3433 1219 καὶ
3468 1166 3667 1218 στένειν

2091 1265 2303 1335 ἀνάγκη
2328 1262 2488 1317 πάλιν
2515 1263 2600 1331 ἐφ’
2699 1260 2804 1315 ἔδει
2837 1278 2904 1331 με
2938 1260 3168 1332 χαίρειν.
3214 1259 3344 1312 Ἰδοὺ
3382 1260 3502 1327 γάρ
3536 1257 3669 1325 ἡπά-

2090 1374 2253 1426 τησαι
2302 1358 2399 1426 μὲν
2464 1354 2569 1408 ὑπὸ
2616 1354 2710 1407 τοῦ
2762 1353 2937 1422 ὄφεως
2979 1353 3080 1423 τῆς
3114 1350 3257 1416 Εὔας
3299 1351 3664 1421 πικρότερον·

2092 1444 2358 1515 ἔφθαρται
2386 1443 2442 1496 δέ
2473 1460 2554 1496 σοι
2588 1442 2646 1495 οὐ
2673 1442 2742 1496 τὰ
2766 1443 3015 1513 νοήματα
3050 1441 3229 1513 μόνον,
3260 1439 3405 1492 ἀλλὰ
3445 1439 3557 1509 γὰρ
3580 1438 3667 1490 σὺν

2094 1535 2322 1600 ἐκείνοις
2359 1534 2451 1588 καὶ
2480 1534 2611 1587 αὐτὸ
2636 1534 2697 1587 τὸ
2730 1533 2888 1605 σῶμα
2915 1552 2926 1563 ·
2955 1532 3048 1587 καὶ
3074 1534 3134 1585 τὸ
3162 1530 3440 1603 φρικῶδες
3471 1531 3667 1593 έκεῖνο,

2093 1626 2122 1679 ὃ
2148 1626 2240 1679 καὶ
2262 1627 2439 1678 είπεῖν
2478 1623 2620 1677 ὀκνῶ
2637 1664 2652 1690 ,
2689 1624 2782 1678 καὶ
2806 1624 3015 1694 σιωπᾷν
3034 1622 3094 1674 οὐ
3120 1619 3353 1691 δύναμαι
3386 1616 3545 1688 (ἔστι
3570 1615 3669 1688 γάρ

2095 1717 2170 1780 ὡς
2222 1714 2333 1786 πῦρ
2395 1714 2683 1785 καιόμενον
2730 1713 2825 1767 καὶ
2886 1711 3215 1782 φλεγόμενον
3275 1708 3394 1781 (77)
3458 1708 3521 1759 ὲν
3568 1708 3670 1768 τοῖς

422 1798 612 1871 nequit
651 1814 776 1855 cum
804 1800 911 1857 alio
937 1806 1242 1874 comparari
1277 1824 1291 1860 :
1320 1806 1424 1862 hoc
1451 1822 1651 1863 novum
1682 1816 1767 1864 est
1798 1808 1851 1862 in
1884 1809 1992 1863 vita

2108 1805 2298 1868 Βστέοις
2329 1821 2451 1876 μου,
2484 1804 2578 1857 καὶ
2612 1805 2880 1874 παρεῖμαι
2910 1799 3199 1866 πάντοθεν,
3227 1798 3322 1854 καὶ
3348 1798 3419 1850 οὐ
3443 1796 3667 1866 δύναμαι

422 1888 660 1947 facinus.
698 1891 1044 1961 Pet-transite,
1072 1897 1270 1967 inquit,
1296 1899 1499 1954 insulas
1547 1899 1814 1967 Cltettit'm,
1842 1911 1891 1955 et
1915 1902 1992 1955 υἱ.

420 1981 556 2045 dcte,
580 1995 627 2038 at
660 1986 717 2037 in
744 1981 916 2039 Cedar
941 1987 1154 2051 mittite,
1189 1999 1239 2042 et
1283 1988 1611 2045 considerate
1656 1991 1993 2056 vehementer,

422 2092 493 2129 an
514 2075 659 2146 facta
684 2077 788 2131 sint
818 2077 973 2141 talia,
1001 2096 1070 2133 an
1095 2082 1448 2148 permularint
1475 2094 1650 2153 gentes
1689 2082 1811 2138 deos
1835 2101 1958 2139 suos
1976 2101 1995 2138 .'

422 2176 471 2221 et
499 2166 588 2221 isti
615 2184 717 2221 non
747 2177 870 2223 sunt
910 2168 987 2222 dii
1009 2168 1084 2236 “;
1116 2171 1268 2242 virgo
1292 2179 1471 2226 autent
1511 2174 1741 2229 mutavit
1770 2174 1997 2244 gloriam

424 2275 605 2323 suam,
631 2259 859 2331 ejusque
888 2262 1057 2331 gloria
1083 2272 1163 2318 est
1194 2268 1247 2316 in
1280 2264 1613 2334 turpitudine
1646 2282 1766 2320 sua.
1797 2265 1998 2323 Obstu-

422 2352 543 2421 puit
573 2352 770 2408 caelum
792 2354 861 2408 ob
891 2354 1014 2419 huc,
1041 2363 1095 2410 et
1123 2355 1393 2411 inhorruit
1422 2366 1567 2413 terra
1600 2359 1994 2414 vehementius.

425 2441 568 2497 Dicit
613 2443 775 2498 etiam
829 2461 973 2500 nunc
1025 2445 1331 2504 Dominus:
1378 2446 1495 2503 Duo
1543 2449 1685 2504 mala
1728 2457 2001 2521 perpetra-

424 2531 503 2586 vit
537 2531 698 2602 138
726 2533 879 2601 virgo
921 2550 935 2585 :
980 2549 1066 2590 me
1119 2535 1409 2607 dereliquit
1452 2553 1640 2593 verum
1693 2539 1998 2593 animarum

423 2630 740 2677 sanctarum
783 2633 1030 2679 sanctum
1077 2641 1361 2695 sponsum,
1415 2638 1471 2683 et
1515 2628 1760 2700 confugit
1796 2630 1863 2685 ad
1899 2632 2002 2684 im-

426 2713 571 2781 pium
604 2719 657 2768 et
689 2712 937 2783 iniquum
982 2717 1176 2771 animae
1221 2718 1385 2773 simul
1425 2727 1479 2774 et
1521 2721 1771 2790 corporis
1809 2735 2001 2775 corru-

427 2813 636 2873 ptorem
659 2803 726 2858 ⁸⁹.
762 2802 969 2860 Defecit
998 2823 1026 2860 a
1061 2804 1170 2863 Deo
1204 2817 1481 2866 servatore
1524 2827 1647 2875 suo,
1678 2819 1734 2866 et
1776 2812 2004 2883 praebuit

426 2894 670 2948 membra
731 2910 832 2950 sua
894 2912 1052 2952 serva
1099 2900 1461 2957 immunditiae
1509 2912 1566 2958 et
1616 2903 1889 2974 iniquitati
1932 2905 1999 2959 ⁷ο.

428 2981 607 3037 Oblita
657 2996 741 3041 est
793 2995 973 3042 autem
1023 2989 1162 3058 mei,
1210 2998 1266 3047 et
1317 3002 1443 3064 post
1486 3002 1785 3050 amatorem
1841 3011 2001 3051 suum

429 3075 544 3131 ibat
580 3077 648 3142 ⁷³,
679 3093 710 3132 a
737 3095 846 3150 quo
875 3095 983 3135 non
1013 3080 1313 3152 iuvabitur.

2099 1895 2361 1968 φέρειν),
2396 1896 2578 1965 ἄρασα
2614 1894 2683 1948 τὰ
2730 1894 2867 1966 μέλη
2917 1893 3011 1948 τοῦ
3043 1890 3279 1964 Χριστοῦ
3360 1888 3669 1958 πεποίηκας

2097 1987 2235 2059 μέλη
2270 1986 2493 2058 πόρνης.
2525 1983 2699 2038 Τοῦτο
2731 1984 2889 2057 μόνον
2936 1985 2992 2037 ὲν
3026 1984 3159 2036 πᾶσι
3197 1981 3368 2036 κακὸν
3408 1977 3670 2047 ἀσύγκριο

2093 2095 2216 2132 τον·
2257 2077 2415 2133 τοῦτο
2461 2077 2647 2131 καινὸν
2686 2079 2743 2132 ὲν
2778 2076 2878 2147 βίῳ
2918 2075 2978 2129 τὸ
3004 2075 3279 2147 τόλμημα.
3314 2073 3481 2137 Ὅτι,
3518 2068 3670 2123 Διέλ-

2095 2176 2259 2234 θετε,
2295 2170 2450 2239 φησὶ,
2479 2168 2708 2235 νήσους
2744 2167 3044 2238 Χεττιείμ,
3076 2167 3173 2220 καί
3215 2165 3372 2219 ἴδετε
3395 2182 3410 2194 ·
3446 2163 3546 2216 καί
3588 2161 3672 2228 εις

2099 2260 2294 2330 Κηδὰρ
2315 2260 2713 2315 ἁποστείλατε
2734 2298 2750 2322 ,
2778 2258 2879 2311 καί
2911 2256 3175 2327 νοήσατε
3202 2254 3437 2324 σφόδρα
3453 2293 3471 2317 ,
3503 2255 3556 2305 εί
3583 2252 3667 2318 τέ-

2096 2370 2233 2423 τονε
2262 2352 2533 2418 τοιαῦτα,
2556 2353 2611 2405 εί
2643 2349 3011 2414 ἀλλάξονται
3055 2350 3196 2416 ἔθνη
3238 2346 3420 2410 θεοὺς
3459 2341 3668 2403 αὐτῶν,

2097 2444 2195 2497 καὶ
2233 2443 2399 2497 αὐτοὶ
2435 2444 2547 2496 οὐκ
2589 2441 2708 2496 είσί
2742 2442 2865 2495 θεοί
2888 2457 2900 2470 ⁸
2933 2443 2966 2511 ἡ
3000 2440 3056 2494 δὲ
3108 2439 3373 2511 παρθένος
3409 2433 3668 2505 ἠλλάξατο

2096 2537 2196 2606 τὴν
2217 2536 2370 2603 δόξαν
2391 2536 2561 2606 αὐτῆς
2590 2534 2700 2606 (78)
2726 2576 2742 2601 ,
2782 2536 2927 2604 καὶὴ
2962 2533 3088 2597 δόξα
3135 2535 3189 2585 ἐν
3224 2534 3288 2600 τῇ
3320 2527 3557 2598 αἰσχύνῃ
3584 2524 3666 2577 αὖ·

2099 2628 2216 2698 τῆς.
2265 2626 2485 2698 Ἐξέστη
2513 2629 2540 2679 ὁ
2573 2626 2800 2698 οὐρανὸς
2825 2626 2918 2678 ἐπὶ
2949 2624 3145 2694 τούτῳ,
3175 2623 3270 2677 καὶ
3291 2620 3518 2692 ἔφριξεν
3543 2618 3575 2685 ἡ
3602 2614 3664 2682 γῆ

2100 2721 2195 2773 ἐπὶ
2227 2719 2407 2772 πλεῖον
2435 2717 2658 2790 σφόδρα.
2695 2717 2854 2784 Λέγει
2877 2717 2987 2788 ('79)
3015 2717 3107 2769 καὶ
3135 2714 3229 2767 νῦν
3261 2716 3289 2766 ὁ
3311 2710 3521 2782 Κύριος
3546 2747 3560 2769 ,
3593 2707 3666 2757 ὃτι

2101 2811 2193 2864 δύο
2223 2811 2318 2863 καὶ
2353 2808 2565 2880 πονηρὰ
2607 2809 2861 2880 ἐποίησεν
2889 2810 2922 2878 ἠ
2962 2806 3263 2878 παρθένος·
3306 2804 3409 2874 ἐμὲ
3452 2796 3664 2868 ἐγκατέ-

2101 2900 2224 2953 λιπε
2268 2898 2360 2952 τὸν
2391 2897 2639 2967 ἀληθινὸν
2670 2897 2762 2951 τὸν
2806 2897 2959 2966 ἅγιον
2986 2895 3174 2967 ψυχῶν
3215 2894 3386 2962 ἁγίων
3425 2889 3664 2978 νυμφίον,

2104 2990 2198 3043 καὶ
2227 2987 2438 3057 ἀπέδρα
2472 2986 2606 3058 πρὸς
2640 2985 2814 3054 ἀσεϐῆ
2844 2985 2937 3037 καὶ
2975 2984 3290 3055 παράνομον
3336 2978 3520 3049 ψυχῆς
3544 2975 3665 3042 ὁμοῦ

2105 3081 2200 3135 καὶ
2234 3079 2485 3150 σώματος
2535 3077 2757 3148 φθορέα.
2809 3075 3045 3145 Ἀπέστη
3096 3074 3204 3127 ἀπὸ
3246 3071 3381 3124 Θεοῦ
3437 3068 3666 3136 σωτῆρος

428 3167 633 3240 αὐτῆς.
686 3171 780 3224 καὶ
839 3174 1152 3247 παρέστησε
1182 3175 1252 3230 τὰ
1276 3176 1412 3249 μέλη
1459 3179 1629 3248 αὐτῆς
1660 3178 1825 3235 δοῦλα
1855 3182 1919 3250 τῇ
1986 3171 2297 3245 ἀκαθαρσίᾳ
2339 3172 2434 3226 καὶ
2485 3173 2550 3241 τῇ
2611 3169 2834 3240 ἀνομίᾳ.
2885 3167 3050 3220 Ἐαοῦ
3090 3166 3145 3220 δὲ
3192 3160 3524 3225 ἐπελάθετο,
3584 3153 3669 3208 καὶ

429 3261 605 3316 ὀπίσω
627 3263 722 3318 τοῦ
760 3265 994 3337 ἐραστοῦ
1026 3268 1195 3341 αὐτῆς
1222 3271 1536 3342 ἐπορεύετο,
1556 3272 1613 3337 ἐξ
1642 3267 1703 3327 οὗ
1735 3274 1834 3326 οὐκ
1866 3269 2307 3342 ὠφεληθήσεται.

500 3374 556 3431 4.
591 3374 885 3446 Expediret
929 3378 980 3433 ei
1030 3385 1091 3432 ut
1140 3378 1283 3435 mola
1332 3381 1571 3437 asinaria
1611 3382 1758 3437 circa
1805 3383 2000 3439 collum

2179 3375 2234 3428 4.
2264 3372 2566 3445 Συνέφερεν
2611 3371 2723 3442 (80)
2759 3370 2907 3441 αὐτῷ
2961 3371 3012 3422 εί
3082 3365 3246 3438 μύλος
3291 3363 3474 3427 ὀνικὸς
3514 3376 3670 3457 -περι-

431 3464 607 3536 ipsius
658 3466 835 3536 posita
867 3463 1080 3533 fuisset,
1128 3475 1184 3523 et
1232 3467 1287 3522 in
1335 3485 1485 3526 mare
1531 3472 1807 3542 proiectus
1836 3484 2004 3539 esset,

432 3558 617 3627 potius
645 3572 808 3626 quam
842 3557 1169 3614 oliendiculo
1221 3560 1414 3617 fuisset
1455 3562 1654 3633 virgini
1690 3565 1902 3620 Domini
1935 3569 2003 3621 ⁷³.

432 3646 571 3714 Quis
617 3664 808 3704 servus
855 3658 1147 3705 contumax
1192 3652 1265 3705 ita
1315 3652 1560 3719 insaniit,
1588 3663 1646 3710 ut
1688 3656 1743 3710 in
1776 3657 2003 3713 herilem

433 3737 651 3793 thorum
682 3756 740 3796 se
773 3741 888 3810 ipse
927 3741 1210 3811 injiceret?
1236 3750 1330 3797 aut
1356 3744 1481 3815 quis
1515 3746 1699 3816 praedo
1725 3763 1790 3802 eo
1819 3762 2007 3804 amen-

436 3829 525 3885 tia:
552 3828 787 3894 devenit,
819 3830 878 3885 ut
922 3831 1040 3901 ipsa
1075 3829 1169 3887 Dei
1213 3832 1442 3887 donaria
1486 3835 1845 3906 contingeret,
1896 3854 2006 3892 non

432 3937 563 3979 vasa
594 3924 912 3987 inanimata,
961 3924 1055 3980 sed
1093 3940 1324 3994 corpora
1376 3926 1636 3992 viventia,
1682 3937 1738 3984 et
1770 3931 2008 3985 animam

432 4011 829 4069 inbabitantem
878 4013 1132 4070 habentia
1181 4016 1378 4071 factam
1421 4017 1490 4073 ad
1543 4018 1834 4089 imaginem
1879 4021 2012 4077 Dei?

433 4102 571 4170 Quis
616 4120 856 4176 unquam
898 4106 1117 4161 auditus
1155 4114 1239 4163 est
1287 4109 1343 4162 in
1385 4109 1564 4165 media
1590 4111 1812 4166 civitate
1838 4118 1892 4166 et
1921 4127 2008 4169 se-

435 4210 571 4252 rena
614 4197 845 4253 meridie
898 4197 1120 4270 imagini
1144 4198 1304 4269 regiae
1348 4199 1555 4257 formas
1602 4201 2008 4259 immundorum

436 4299 729 4356 porcorum
764 4286 1066 4345 inscribere
1098 4304 1267 4344 ausus
1295 4291 1452 4346 esse?
1480 4290 1710 4363 Nuptias
1743 4294 2013 4352 humanas

438 4373 487 4429 si
513 4374 638 4444 quis
668 4374 971 4439 violaverit,
1015 4377 1538 4443 immisericorditer,
1571 4395 1757 4436 coram
1799 4382 2013 4440 duobus

438 4472 536 4519 aut
562 4463 739 4520 tribus
771 4466 1025 4530 testibus,
1052 4468 1301 4520 moritur.
1346 4467 1564 4533 Quanto
1601 4471 1850 4539 graviore
1883 4488 2014 4543 sup-

2112 3470 2290 3520 έκειτο
2325 3465 2454 3536 περὶ
2484 3465 2575 3517 τὸν
2600 3463 2868 3535 τράχηλον
2897 3459 3079 3525 αὑτοῦ,
3103 3458 3194 3511 xa‘t
3224 3457 3456 3527 ἔρριπτο
3480 3455 3557 3516 είς
3579 3451 3665 3518 τὴν

2112 3559 2415 3621 θάλασσαν,
2454 3557 2488 3628 ἢ
2522 3558 2605 3610 ὅτι
2655 3554 3006 3610 ὲσκανδάλισε
3037 3550 3135 3623 τὴν
3165 3549 3432 3620 παρθένον
3478 3542 3664 3615 Κυρίου

2111 3669 2214 3716 τις.
2251 3650 2446 3714 Δοῦλος
2486 3649 2598 3720 (81)
2643 3646 2881 3716 αὐθάδης
2932 3647 3013 3708 είς
3055 3641 3309 3696 τοσοῦτον
3356 3639 3564 3709 ἐμάνη,
3599 3633 3663 3696 ὡς

2110 3744 2400 3814 δεσποτικῇ
2445 3741 2603 3811 κοίτῃ
2649 3738 2840 3793 ἑαυτὸν
2880 3732 3266 3809 ὲπιρῤίψαωῆ
3305 3733 3458 3793 ποῖος
3483 3722 3663 3798 Iusti];

2111 3836 2204 3888 ἐπὶ
2230 3833 2481 3888 τοσοῦτον
2514 3832 2772 3894 ἀπονοίας
2811 3827 3057 3899 προήχθη
3080 3869 3095 3892 ,
3124 3825 3198 3888 ὡς
3242 3821 3420 3877 αὑτῶν
3475 3817 3662 3888 ὲφάτὲία·

2115 3928 2238 3982 σθαι
2253 3927 2361 3980 τῶν
2394 3925 2488 3979 τοῦ
2521 3923 2656 3977 Θεοῦ
2688 3920 3054 3993 ἀναθημάτων
3074 3958 3089 3981 ,
3116 3918 3175 3971 οὺ
3202 3913 3409 3969 σκευῶν
3438 3910 3663 3981 ἀψύχων,

2115 4018 2253 4073 ἀλλὰ
2288 4017 2557 4089 σωμάτων
2600 4014 2818 4080 ζώντων
2862 4012 2957 4065 καὶ
2979 4008 3155 4080 ψυχὴν
3200 4007 3407 4059 ένοικον
3454 4002 3663 4074 ἐχόντων

2114 4111 2234 4164 κατ’
2260 4109 2441 4163 εἰκόνα
2462 4106 2596 4161 Θεοῦ
2629 4104 3034 4176 πεποιημένηνς
3059 4101 3154 4164 Τίς
3183 4099 3276 4152 ἀπ’
3302 4095 3498 4158 αἰῶνος
3523 4093 3667 4163 ἧκον·

2116 4217 2239 4254 σται
2265 4200 2323 4252 ἐν
2369 4198 2512 4273 μέσῃ
2554 4197 2709 4252 πόλει
2754 4196 2848 4249 καὶ
2883 4192 3120 4263 σταθερᾷ
3161 4186 3480 4261 μεσημϐρία
3519 4180 3662 4273 εἰκόνι

2119 4269 2381 4362 βασιλικῇῗ
2407 4269 2606 4361 χοίρων
2635 4286 2848 4359 μορφὰς
2892 4282 3214 4354 ἀκαθάρτων
3238 4277 3539 4348 ἐπιγράψαι
3564 4269 3665 4324 τολ-

2123 4383 2302 4455 μήσας
2327 4400 2342 4449 ;
2396 4380 2693 4451 Ἀθετήσας
2726 4394 2810 4442 τις
2841 4376 3019 4445 γάμον
3050 4370 3368 4443 ἀνθρώπου,
3398 4368 3564 4440 χωρὶς
3602 4363 3665 4417 οξ-

2120 4473 2390 4547 κτιρμῶν,
2427 4472 2522 4526 ἐπὶ
2570 4469 2780 4541 δυσὶνῆ
2818 4468 2966 4538 τρισὶ
3015 4465 3300 4537 μάρτυσιν,
3331 4459 3662 4530 ἀποθνήσκει.

510 4640 560 4676 ⁸⁸
588 4639 770 4719 l__Cor.
804 4656 888 4705 Ill,
926 4642 1056 4719 Π.Δ
1088 4644 1130 4675 ⁸⁷
1171 4642 1188 4696 l
1219 4643 1345 4701 Cor.
1380 4662 1455 4712 vi,
1491 4646 1579 4703 15.
1658 4649 1703 4681 ⁸⁸
1731 4649 1930 4709 Jerem.
1962 4669 1995 4707 ιι

2108 4655 2141 4719 ι,
2178 4653 2262 4707 ii.
2350 4650 2394 4682 "
2454 4649 2585 4706 ibid.
2611 4649 2809 4713 12,15.
2865 4647 2913 4679 ’⁸
2946 4644 3104 4701 Rom.
3131 4658 3215 4708 vt,
3251 4640 3335 4695 19.
3378 4642 3424 4672 ⁷³
3463 4638 3583 4694 Ose.
3614 4648 3663 4696 Il.

439 4713 531 4770 15.
607 4712 654 4746 ’³
684 4710 823 4766 Luc.
861 4727 994 4775 xvn,
1024 4712 1080 4766 3.

2048 4909 2096 4965 D

510 4940 626 5010 (75)
658 4940 879 5010 Λέτων.
901 4938 1033 5010 Huc
1086 4939 1473 5010 transtulimus
1529 4941 1671 4994 hanc
1718 4957 1905 4995 vocem
1953 4956 2017 4994 ex
2052 4937 2096 4965 "
2127 4958 2232 4997 non
2262 4951 2444 4995 tamen
2478 4939 2822 5010 in‘Medicaeo
2863 4949 2915 4993 et
2948 4937 3290 5010 Goisliniano
3312 4937 3508 5010 primo.

442 5010 570 5135 cqu
602 5008 771 5067 Cois].
807 5020 866 5066 et
898 5008 1094 5067 Medic.
1135 5009 1274 5065 Male
1302 5011 1357 5063 in
1402 5009 1563 5065 editis
1599 5011 1876 5080 legebatur
1905 5018 2026 5081 post

445 5099 485 5135 ο
521 5097 547 5133 ε
576 5098 678 5135 aet.

521 5097 678 5136 ειοει.

444 5098 1220 5278 ἒὲἂὲῖι’⁹ολόκληρᾴν.σου.
1257 5148 1365 5232 sex
1402 5164 1537 5205 mss.
1582 5149 1872 5222 ὁλόκληρόν
1918 5167 2022 5232 σοι,

573 5228 756 5276 tamen
794 5230 1162 5278 vetustrssnmt
1202 5219 1375 5276 Consi.
1427 5229 1483 5275 et
1524 5218 1663 5275 Med.
1712 5236 1837 5277 cum
1865 5222 2022 5277 editis

573 5218 756 5276 tamen
794 5218 1162 5278 vetustissimi
1202 5219 1375 5276 Cois].
1427 5229 1483 5275 et
1524 5218 1663 5275 Med.
1712 5218 1837 5277 cum
1865 5222 2028 5277 editis

444 5292 819 5346 musentiunt.

521 5360 1061 5433 (Πλφλεγόμενον.
1090 5361 1253 5417 Deest
1285 5361 1340 5433 in
1377 5374 1472 5415 sex
1506 5375 1663 5433 mss”
1701 5375 1815 5433 non
1844 5365 2025 5433 tamen

447 5429 507 5503 i_n
532 5429 692 5503 nea.
747 5439 805 5485 et
845 5429 1014 5487 (Zoisl.
1050 5433 1251 5503 primo.
1285 5429 1439 5487 Unus
1482 5430 1768 5503 ex_Begiis
1807 5429 2022 5503 φλέγον.

450 5498 624 5555 Paulo
652 5509 776 5571 post
796 5498 1134 5571 (auctoritate
1180 5510 1428 5558 veterum
1478 5498 1729 5571 codicum
1771 5499 2028 5571 emenda-

451 5571 638 5641 vimus
653 5568 809 5641 quod
842 5571 1040 5641 vitiose
1066 5572 1122 5626 in
1152 5572 1317 5627 editis
1352 5571 1632 5641 legebatur
1666 5570 1882 5641 ’Δρασα
1922 5568 2027 5639 γὰρ

452 5639 959 5726 ταιὲἒηννριέητη
985 5643 1078 5726 rei
1098 5639 1426 5726 ξέξοήειέιτεῐ

527 5708 638 5785 (78)
655 5708 875 5778 Αὐτῆς,
907 5710 1003 5765 καὶ
1024 5714 1062 5780 ἠ
1088 5708 1401 5776 δόξαξιίεεο
1422 5711 1620 5769 desunt
1642 5711 1695 5766 in
1718 5717 1839 5764 octo
1869 5723 2027 5763 mss..

2196 5013 2308 5081 (79)
2328 5011 2518 5081 Λέγει.
2547 5007 2690 5064 Editi
2711 5011 2921 5063 addunt
2936 5007 3295 5081 πάντως.εε‹1
3322 5008 3519 5081 melius
3530 5005 3665 5081 deest

2124 5083 2178 5136 in
2204 5072 2350 5137 “Med.
2391 5072 2447 5135 εἰ
2468 5081 2641 5135 Coisl.
2691 5081 2890 5149 primo.
2938 5077 3054 5149 Non
3087 5079 3258 5149 multo
3286 5084 3426 5149 post
3456 5077 3578 5149 editi
3610 5072 3664 5139 τῇ

2123 5152 2322 5222 ἀνομίᾳ
2351 5153 2432 5214 εἰς
2457 5150 2553 5222 τὴν
2576 5145 2823 5219 ἀνομίαν,
2847 5158 2901 5222 et
2939 5146 3248 5222 ἐπελάθετο,
3285 5145 3434 5222 λέγει
3464 5145 3663 5222 Κιξριος.

2126 5209 2367 5275 Primum
2390 5209 2819 5274 addi'tatnei'ituni
2838 5220 2990 5273 abest
3006 5235 3037 5271 a
3058 5209 3424 5287 CoisL—pritiw
3450 5222 3505 5272 et
3523 5209 3662 5273 Med,

2125 5292 2452 5367 alternm_ab
2475 5301 2611 5367 octo
2637 5306 2766 5367 mss.
3240 5356 3276 5367 _

2199 5362 2308 5431 (80)
2334 5363 2702 5430 Συνέφερεν.
2736 5359 2808 5413 Ita
2844 5373 3034 5413 omnes
3065 5373 3196 5412 mss.
3240 5355 3382 5411 Editi
3423 5353 3663 5422 Συνέφερε

2124 5431 2178 5484 δὲ
2213 5432 2323 5485 καί.
3576 5458 3592 5472 .

2198 5501 2309 5571 (81)
2348 5495 2594 5566 Δοῦλος.
2641 5498 2781 5571 Editi
2829 5497 3047 5571 addunt
3079 5496 3279 5571 οὕτωςὲ
3303 5494 3452 5571 quod
3479 5496 3663 5571 abesta

2129 5566 2263 5626 mss.
2288 5566 2455 5627 "Deest
2478 5574 2639 5624 etiam
2670 5570 2867 5624 ibidem
2906 5566 3109 5640 Κυρίου
3154 5568 3211 5621 in
3240 5566 3406 5623 Coisl.
3438 5567 3606 5636 primo
3623 5567 3664 5615 ct

2129 5641 2267 5698 Med.
