3988 6194
222 325 328 380 583

1189 333 1676 391 EPlSTOLARUM
1714 335 2004 392 CLASSIS
2043 336 2106 391 ll.
2149 335 2371 394 EPIST.
2445 337 2536 393 Li.

3409 345 3515 400 ὖίῖο

228 452 408 504 πάντα
440 450 776 522 ὑπομένειν,
807 454 906 526 τὴν
953 456 1093 529 ὑπὲρ
1133 459 1343 512 ἑαυτῶν
1385 459 1663 531 ἐκδίῑιησιν
1704 461 1813 514 ἐπι-

1929 461 2021 511 nia
2066 459 2335 528 perferre,
2383 461 2570 515 omnia
2620 460 2933 524 sustinere,
2969 467 3212 517 nostram
3265 463 3513 532 ipsorum

226 539 539 612 τρέψαντες
573 542 686 615 (ΙἿ)
716 543 804 615 ’τῷ
826 545 1018 617 Κυρίῳ
1037 587 1053 610 ,
1086 547 1146 610 ὃς
1181 548 1242 602 οὐ
1273 550 1594 621 περιόψεται
1623 551 1772 622 ἡμᾶς
1804 567 1818 580 ·

227 634 366 686 διά-ιι
439 635 496 688 ὀ
553 636 956 706 συκοφαντῶν
1027 637 1258 706 πένητα
1326 641 1648 710 παροξύνει
1719 643 1824 696 τόν

229 725 582 794 ποιήσαντα
613 730 820 782 αὐτόν.
853 731 916 783 Oi
947 732 1128 801 μέντοι
1153 732 1214 786 τὸ
1236 733 1424 786 καινὸν
1456 734 1612 788 τοῦτο
1641 735 1825 806 δρᾶμα

229 817 336 887 τῆς
362 818 489 871 καθ’
534 819 693 890 ἡμῶν
736 820 1084 894 βλασφημίας
1117 824 1402 890 συνθέντες
1433 826 1644 880 ἐοίκασι
1683 845 1822 880 παν-

231 911 410 975 τελῶς
445 913 698 964 ἀπιστεῖν
733 912 811 983 τῷ
857 915 1078 985 Κυρίῳ,
1107 915 1166 979 ὃς
1199 917 1293 970 καὶ
1340 919 1465 989 περὶ
1503 918 1612 988 (l8)
1649 918 1822 990 ἀργοῦ

232 1002 488 1072 ῥήματος
527 997 720 1053 δώσειν
759 1003 905 1071 ἡμᾶς
941 1003 1098 1070 λόγον
1129 1005 1187 1056 ἐν
1224 1006 1288 1074 τῇ
1339 1006 1520 1076 ἡμέρᾳ
1559 1005 1660 1073 τῆς
1698 1005 1821 1075 κρί-

232 1107 375 1153 σεως
405 1091 746 1162 ἀπεφήνατο.
797 1092 937 1162 Ἐγὼ
983 1094 1040 1148 δέ
1065 1135 1080 1159 ,
1112 1095 1234 1148 είπὲ
1263 1114 1382 1167 μοι,
1419 1096 1510 1148 τὸν
1545 1095 1824 1167 μακαριώ-

227 1197 394 1234 τατον
453 1182 666 1236 Διάνιον
709 1184 819 1255 (l9)
869 1187 1276 1258 ἀνεθεμάτισα;
1318 1189 1488 1241 Τοῦτο
1517 1188 1626 1260 γὰρ
1665 1188 1821 1260 ημῶν

227 1276 604 1347 κατήγγειλαν
635 1270 770 1348 (90).
817 1279 928 1332 Ποῦ
979 1280 1011 1351 ἢ
1069 1282 1246 1348 xm;
1287 1283 1444 1337 τίνων
1496 1284 1818 1355 παρόντων;

228 1367 325 1420 ἐπὶ
373 1369 509 1440 ποίᾳ
559 1370 872 1441 προφάσεις
919 1371 1095 1441 ψιλοῖς
1131 1376 1368 1446 ῥήμασιν
1410 1377 1441 1448 ἢ
1486 1376 1818 1449 ἐγγράφοις

230 1461 442 1531 ἑτέροις
470 1462 778 1516 ἀκολουθῶν
797 1505 812 1528 ,
841 1465 873 1534 ἢ
914 1465 1078 1528 αὐτὸς
1101 1469 1389 1538 κατάρχων
1415 1469 1511 1521 καὶ
1546 1469 1820 1521 αὐθεντῶν

237 1551 333 1606 τοῦ
360 1553 713 1626 τολμήματος
724 1573 742 1619 ;
774 1557 838 1608 Ὢ
863 1558 964 1627 τῆς
1000 1558 1272 1623 ἀναιδείας
1297 1560 1406 1614 τῶν
1433 1561 1610 1616 πάντα
1651 1561 1820 1631 φθεγ-

228 1644 481 1715 γομένων
523 1647 760 1719 ῥαδίωςί
810 1649 874 1700 Ὢ
923 1651 1022 1720 τῆς
1062 1654 1524 1724 καταφρονήσεως
1571 1655 1679 1708 τῶν
1725 1655 1817 1708 τοῦ

229 1735 366 1790 Θεοῦ
401 1739 730 1810 κριμάτωνί
766 1737 910 1810 Πλὴν
945 1742 993 1792 εἰ
1042 1743 1116 1814 μὴ
1149 1742 1258 1814 ἄρα
1303 1745 1380 1816 τῷ
1411 1745 1689 1817 πλάσματι
1717 1748 1816 1802 αὐ-

1931 551 2195 606 ultionem
2231 552 2613 621 permittentes
2667 550 2934 614 Domino.
2973 553 3065 622 qui
3103 567 3204 608 nos
3257 568 3364 608 non
3413 554 3512 608 de-

1929 642 2146 710 spiciet.
2204 639 2345 695 Nam
2399 644 2488 713 qui
2559 641 2924 696 calumniatur
2967 657 3283 713 pauperem,
3332 646 3512 698 irritat

1926 732 2096 799 ipsius
2142 731 2494 786 Londitorem
2528 732 2594 786 “.
2637 731 2908 786 Caeterum
2962 733 3059 802 qui
3112 748 3309 787 novam
3361 735 3513 788 illam

1926 822 2284 892 blasphemia:
2316 824 2554 878 fabulam
2606 825 2898 879 adversum
2935 841 3038 880 nos
3083 827 3508 886 coneinnarunt.

1925 917 2183 972 videntur
2203 919 2429 972 omnino
2455 935 2562 973 non
2589 919 2814 974 credere
2842 918 3094 985 Domino,
3127 921 3218 992 qui
3244 922 3510 977 rationem

1928 1025 2031 1066 nos
2073 1012 2128 1065 in
2165 1011 2253 1065 die
2304 1011 2496 1080 judicii
2536 1013 2619 1066 vel
2655 1013 2722 1066 de
2753 1013 2933 1067 otioso
2978 1014 3148 1067 verbo
3199 1013 3511 1068 reddituros

1923 1103 2389 1172 pronuntiavit”.
2424 1102 2520 1158 Dic
2550 1114 2752 1168 autem,
2797 1120 3004 1174 quaeso,
3054 1121 3227 1176 egone
3258 1107 3511 1162 beatissi-

1925 1209 2074 1248 mum
2112 1193 2366 1249 Dianium
2401 1195 2898 1251 anathematizavi?
2933 1196 3046 1251 Hoc
3081 1199 3226 1252 enim
3257 1198 3326 1252 de
3351 1198 3510 1252 nobis

1924 1285 2271 1341 dictitarunt.
2306 1285 2451 1341 Ubi?
2486 1288 2568 1341 vel
2612 1287 2873 1356 quando?
2903 1302 3087 1342 coram
3125 1288 3364 1358 quibus?
3396 1304 3509 1359 quo

1927 1375 2237 1444 praetextu?
2291 1375 2456 1430 nudis
2499 1377 2702 1441 verbis,
2753 1391 2822 1431 an
2871 1378 3120 1448 scripto?
3167 1379 3305 1433 alios
3335 1377 3509 1434 duces

1923 1483 2183 1537 sequens,
2233 1482 2300 1521 an
2335 1468 2453 1538 ipse
2494 1469 2768 1538 incoeptur
2796 1477 2850 1524 et
2891 1477 3088 1524 auctor
3119 1469 3430 1526 facinoris?
3462 1471 3510 1528 Ο

1923 1557 2316 1629 impudentiam
2361 1561 2642 1614 hominum
2678 1563 2864 1616 omnia
2911 1562 3072 1616 facile
3120 1563 3502 1633 loquentium!

1923 1648 1968 1705 Ο
2016 1658 2388 1721 contemptum
2438 1653 2773 1720 judicinrum
2805 1651 2937 1708 Dei!
2993 1652 3111 1708 Nisi
3164 1654 3303 1711 forte
3351 1670 3504 1712 com-

1921 1749 2106 1794 mento
2137 1756 2236 1796 suo
2269 1742 2410 1795 hanc
2439 1745 2602 1796 etiam
2637 1745 2960 1813 tragcediam
2993 1745 3273 1814 adjicient,
3301 1746 3506 1802 factum

227 1829 337 1883 τῶν
359 1831 457 1884 καὶ
489 1831 649 1886 τοῦτο
675 1835 1262 1907 προστραγῳδήσουσιν
1281 1837 1413 1906 (21),
1443 1837 1524 1891 ὅτι
1555 1838 1813 1910 ἐγενόμην

1923 1851 2009 1888 me
2055 1850 2179 1890 esse
2231 1836 2529 1906 aliquando
2565 1837 2638 1891 ita
2674 1837 3020 1901 dementem,
3061 1846 3120 1891 ut
3163 1853 3285 1893 mea
3337 1839 3510 1909 ipsius

227 1921 323 1974 καὶ
351 1921 576 1994 ἔκφρων
606 1925 737 1979 ποτέ
762 1966 776 1988 ,
807 1925 946 1981 ὥστε
976 1929 1188 1996 ἀγνοεῖν
1213 1929 1378 1993 αὐτὸς
1405 1929 1473 1983 τά
1499 1930 1694 1984 ἑαυτοῦ
1725 1933 1822 2003 ρή-

232 2031 396 2084 ματα.
452 2016 580 2069 Ἐπὶ
610 2017 718 2088 γὰρ
744 2018 850 2071 τῶν
877 2019 1153 2090 λογισμῶν
1193 2022 1455 2093 ὑπάρχων
1486 2021 1596 2076 τῶν
1643 2025 1817 2094 ἐμαυ-

225 2103 319 2158 τοῦ
339 2147 354 2171 ,
389 2104 548 2160 οὐδὲν
577 2103 697 2162 οἶδα
721 2111 951 2182 ποιήσας
981 2110 1221 2167 τοιοῦτον
1245 2154 1260 2179 ,
1301 2114 1422 2167 οὐδὲ
1456 2103 1817 2186 προελόμενος

226 2197 546 2271 τὴνάρχήν.
592 2201 736 2254 Ἀλλ’
783 2206 959 2257 ἐκεῖνο
1002 2205 1200 2276 μᾶλλον
1239 2205 1463 2277 ἐμαυτῷ
1494 2208 1820 2261 συνεπίστα-

227 2308 326 2359 μαι
353 2331 369 2352 ,
410 2290 494 2345 ὅτι
552 2295 615 2346 ἐκ
670 2293 894 2366 πρώτης
937 2296 1153 2367 ἡλικίας
1187 2297 1530 2369 συνετράφην
1565 2298 1642 2370 τῷ
1690 2301 1819 2370 περὶ

225 2380 386 2434 αὑτὸν
435 2382 680 2455 φῖλτρῳ,
713 2385 805 2437 καὶ
849 2386 1156 2442 ἀπέϐλεπον
1196 2388 1333 2460 πρὸς
1372 2388 1462 2442 τὸν
1497 2389 1663 2461 ἄνδρα
1690 2430 1704 2455 ,
1741 2390 1818 2454 ὡς

229 2471 325 2542 μὲν
357 2473 600 2544 γεραρὸς
659 2473 814 2534 ἰδεῖν,
862 2474 938 2538 ὡς
987 2476 1043 2529 δὲ
1098 2476 1556 2549 μεγαλοπρεπὴς,
1604 2479 1728 2532 ὅσον
1761 2479 1817 2532 δὲ

223 2560 361 2632 ἔχων
389 2563 450 2615 τὸ
488 2563 816 2634 ἱεροπρεπέης
849 2566 905 2616 ἐν
931 2565 1008 2635 τῷ
1036 2565 1190 2620 εἴδει.
1241 2568 1394 2620 Ἐπεὶ
1417 2567 1474 2621 δέ
1506 2586 1596 2639 μοι
1631 2569 1816 2624 λοιπὸν

222 2655 316 2707 καὶ
347 2656 375 2706 ό
403 2654 566 2723 λόγος
613 2659 795 2730 παρῆν
818 2700 833 2724 ,
863 2661 986 2713 τότε
1009 2659 1072 2730 δὴ
1103 2660 1198 2712 καὶ
1243 2659 1350 2712 άπὸ
1377 2660 1488 2715 τῶν
1515 2660 1616 2731 τῆς
1636 2661 1815 2732 ψυχῆς

225 2746 444 2814 ἀγαθῶν
480 2748 648 2802 αὑτὸν
683 2751 1052 2820 ἐπεγίνωσκον
1080 2768 1093 2781 ·
1145 2753 1240 2806 καὶ
1279 2751 1499 2824 ἔχαιρον
1547 2752 1712 2806 αὐτοῦ
1746 2757 1812 2826 τῇ

224 2838 504 2910 συνουσίᾳ,
531 2840 594 2893 τὸ
617 2841 820 2896 ἁπλοῦν
851 2844 945 2896 καὶ
973 2847 1218 2912 γενναῖον
1250 2846 1345 2898 καὶ
1374 2846 1681 2919 ἐλευθέριον
1699 2849 1812 2919 (2'2)

222 2931 328 2984 τῶν
358 2932 583 3003 τρόπων
619 2933 1050 3005 καταμανθάνων
1076 2977 1091 3002 ,
1131 2937 1224 2990 καὶ
1265 2939 1366 2991 ὅσα
1394 2938 1528 2993 ἄλλα
1561 2939 1674 3010 (25)
1717 2941 1810 2996 τοῦ

222 3023 412 3095 ἀνδρὸς
442 3025 587 3090 ἴδια,
621 3028 654 3097 ἡ
684 3027 784 3098 τῆς
817 3027 998 3098 ψυχῆς
1031 3029 1340 3101 ἡμερότης,
1369 3030 1432 3084 τὸ
1470 3033 1813 3103 μεγαλοφυές

217 3131 275 3167 τε
305 3115 446 3185 ὁμοῦ
479 3117 577 3169 καὶ
623 3120 797 3189 πρᾶον
817 3158 833 3182 ,
864 3120 924 3172 τὺ
962 3120 1236 3192 εὐπρεπὲς
1257 3163 1271 3188 ,
1319 3121 1380 3175 τὸ
1413 3123 1713 3194 ἀόργητον,
1750 3127 1812 3180 τὸ

1918 1928 2085 1983 verba
2122 1944 2228 1983 non
2284 1944 2595 1984 noscerem.
2651 1928 2797 1982 Nihil
2832 1929 2978 1984 enim
3031 1929 3341 1999 ejusmodi,
3375 1930 3506 1986 dum

1919 2021 2153 2076 rationis
2194 2036 2421 2091 compos
2459 2020 2558 2084 fui,
2595 2029 2690 2075 aut
2724 2019 2923 2076 fecisse
2953 2035 3041 2076 me
3082 2023 3222 2087 scio,
3255 2031 3348 2077 aut
3382 2037 3505 2078 om-

1917 2111 2050 2165 nino
2100 2109 2283 2167 facere
2335 2111 2595 2166 voluisse.
2634 2109 2740 2166 Sed
2797 2112 2980 2181 potius
3025 2113 3159 2167 mihi
3209 2112 3374 2183 hujus
3425 2114 3506 2169 rei

1918 2203 2181 2257 conscius
2207 2217 2352 2264 sum,
2371 2217 2459 2257 me
2486 2202 2553 2256 ab
2581 2201 2803 2257 ineunte
2825 2211 2986 2258 aztate
3009 2203 3300 2258 educatum
3333 2203 3507 2262 fuisse

1918 2294 1975 2348 in
2021 2295 2169 2350 illius
2220 2309 2440 2360 amore,
2496 2304 2550 2349 et
2606 2294 2872 2348 intuendo
2905 2293 3293 2349 considerasse
3338 2309 3503 2366 quam

1917 2394 2064 2441 esset
2097 2387 2185 2441 ille
2207 2388 2291 2440 vir
2325 2394 2556 2456 aspectu
2589 2386 2943 2448 venerabilis,
2981 2392 3185 2454 quanta
3218 2385 3507 2455 majestate

1917 2480 2202 2550 prmditus,
2229 2491 2496 2549 quantum
2533 2478 2816 2549 dignitatis
2849 2478 3208 2534 sacerdotalis
3236 2493 3331 2533 ore
3361 2493 3502 2550 prae-

1917 2572 2122 2627 ferens.
2173 2571 2471 2641 Postquam
2525 2578 2709 2625 autem
2772 2570 2905 2624 mihi
2945 2569 3207 2640 deinceps
3263 2579 3319 2625 et
3361 2572 3504 2625 ratio

1917 2663 2116 2730 adfuit,
2150 2672 2265 2718 tum
2300 2678 2430 2718 vero
2462 2670 2517 2718 et
2545 2677 2612 2717 ex
2652 2661 2852 2716 anima:
2897 2661 3057 2717 bonis
3086 2678 3211 2716 eum
3241 2677 3501 2718 noveram

1916 2754 2200 2826 ipsiusque
2247 2753 2407 2825 144
2447 2752 2762 2808 delectabar
2808 2752 3241 2817 consuetudine,
3291 2752 3502 2822 simpli-

1916 2845 2137 2901 citatem
2193 2857 2246 2901 et
2297 2846 2692 2915 ingenuitatem
2741 2857 2806 2898 ac
2855 2843 3236 2900 liberalitatem
3290 2859 3506 2899 morum

1917 2939 2277 3010 perspiciens,
2323 2948 2378 2992 et
2407 2950 2753 3007 quacunque
2796 2936 2904 2990 alia
2950 2937 3171 3006 pr0pria
3205 2945 3366 2990 erant
3396 2936 3502 2989 viri

1915 3041 2258 3097 ornamenta,
2307 3031 2475 3085 animi
2523 3030 2911 3094 mansuetudo,
2963 3027 3390 3099 magnanimitas
3422 3030 3502 3082 si-

1916 3124 2029 3177 mul
2059 3131 2112 3178 et
2139 3124 2356 3188 lenitas,
2385 3120 2570 3176 decori
2601 3119 2870 3183 studium,
2904 3120 3129 3174 animus
3161 3120 3256 3173 ira;
3279 3134 3498 3189 expers.

220 3208 448 3279 φαιδρὸν
496 3210 593 3262 καὶ
639 3210 962 3281 εὐπρόσιτον
1006 3215 1072 3284 τῇ
1111 3213 1397 3286 σεμνότητι
1451 3217 1807 3288 κεκραμένον.

1921 3215 2168 3270 hilaritas
2213 3223 2268 3269 et
2315 3213 2608 3268 affabilitas
2659 3213 2932 3281 gravitate
2986 3211 3272 3282 permista.
3319 3187 3502 3277 Quare

219 3299 382 3354 Ὥστε
414 3302 583 3356 αὑτὸν
619 3303 935 3376 ἐναρίθμιον
980 3300 1126 3376 εἶχον
1173 3310 1285 3371 τοῖς
1327 3310 1813 3380 περιφανεστάτοις

217 3396 338 3448 κατ’
378 3396 610 3466 ἀρετήν.

286 3487 342 3541 2.
379 3487 523 3559 Περὶ
549 3487 734 3560 μέντοι
757 3489 826 3544 τά
847 3490 1134 3545 τελευταῖα
1153 3492 1247 3546 τοῦ
1279 3493 1394 3564 βίου
1431 3493 1511 3564 (οὐ
1539 3493 1648 3567 γὰρ
1676 3497 1812 3550 ἀπο-

214 3578 504 3651 κρύψομαι
536 3580 810 3653 τάληθές)
860 3584 1135 3657 ἐλυπήθην
1184 3587 1271 3639 ἐπ’
1314 3585 1464 3657 αὐτῷ
1495 3586 1673 3660 λύπην
1711 3589 1812 3644 οὐκ

213 3673 451 3746 ἀνεκτὴν
483 3673 624 3745 μετὰ
647 3675 856 3730 πολλῶν
888 3677 998 3730 τῶν
1023 3679 1080 3731 ἐν
1111 3679 1176 3750 τῇ
1209 3679 1432 3751 πατρίδι
1462 3679 1811 3752 φοϐουμένων

213 3765 306 3819 τὸν
344 3766 558 3836 Κύριον
578 3806 595 3830 ,
627 3767 722 3819 ἐπὶ
750 3770 816 3838 τῇ
848 3769 1141 3839 ὑπογραφῇ
1175 3769 1273 3839 τῆς
1302 3770 1541 3834 πίστεως
1574 3771 1675 3841 τῆς
1708 3772 1812 3826 ὑπὸ

213 3857 324 3911 τῶν
347 3859 482 3930 περὶ
503 3858 778 3930 Γεὼργιον
803 3859 914 3931 (24)
943 3860 1052 3913 ἀπὸ
1076 3861 1176 3930 τῆς
1188 3862 1812 3928 Κωνσταντινουπόλεως

213 3951 601 4022 κομισθείσης.
639 3948 810 4017 Εἶτα,
863 3949 975 4016 οἷος
1025 3954 1232 4016 ἐκεῖνος
1287 3955 1553 4026 πραότητι
1606 3956 1812 4026 τρόπου

213 4045 310 4097 καὶ
362 4043 642 4116 ἐπιεικείᾳ
689 4044 896 4108 πάντας
952 4044 1321 4116 πληροφορεῖν
1375 4047 1433 4099 ἐν
1483 4046 1813 4120 σπλάγχνοις

215 4139 512 4206 πατρικοῖς
549 4135 880 4206 ἀνεχόμενος
902 4177 917 4201 ,
961 4136 1060 4208 ἢδη
1095 4136 1421 4191 καταπεσὼν
1453 4139 1532 4202 είς
1577 4137 1675 4209 τὴν
1713 4139 1814 4210 ἀρ-

218 4227 482 4298 ρωστίαν,
506 4227 599 4295 ὑφ’
631 4222 700 4299 ἦς
726 4229 818 4280 καὶ
849 4227 1114 4298 μετῆλθεν
1147 4227 1256 4281 ἀπὺ
1280 4227 1374 4281 τοῦ
1405 4227 1544 4297 βίου,
1576 4245 1814 4300 προσκα-

213 4321 518 4391 λεσάμενος
575 4321 723 4390 ἡμᾶς
771 4319 910 4389 ἔφη,
959 4319 1064 4372 ὑπὸ
1111 4320 1349 4392 μάρτυρι
1398 4319 1475 4390 τῷ
1514 4319 1705 4391 Κυρίῳ
1751 4321 1810 4373 ἐν

219 4414 487 4484 ἁπλότητι
542 4411 774 4484 καρδίας
835 4410 1208 4465 συντεθεῖσθαι
1266 4413 1367 4482 μὲν
1415 4410 1494 4482 τῷ
1549 4412 1658 4464 ἀπὸ
1712 4411 1810 4483 τῆς

1915 3304 2094 3375 ipsum
2127 3305 2271 3360 inter
2312 3303 2562 3358 homines
2596 3302 2800 3356 virtute
2842 3301 3281 3371 spectatissimos
3310 3317 3502 3357 nume-

1915 3400 2104 3454 rabam

1983 3491 2036 3546 2.
2076 3491 2182 3546 Sed
2219 3499 2401 3546 tamen
2431 3491 2580 3546 circa
2606 3497 2916 3546 extremum
2949 3489 3076 3544 vita:
3106 3495 3321 3559 tempus
3356 3489 3503 3560 (non

1911 3584 2060 3638 enim
2108 3583 2300 3638 celabo
2357 3581 2684 3651 veritatem)
2717 3580 2871 3636 dolui
2925 3581 2992 3636 de
3047 3581 3143 3635 illo
3190 3580 3504 3635 inconsola-

1911 3677 2095 3731 biliter
2127 3691 2252 3729 cum
2273 3675 2522 3745 pluribus
2546 3676 2600 3729 in
2625 3675 2801 3746 patria
2833 3673 3124 3729 Dominum
3153 3672 3498 3736 timentibus,

1912 3767 2060 3839 quod
2111 3767 2537 3836 subscripsisset
2587 3765 2710 3820 ﬁdei
2763 3779 2792 3819 a
2824 3763 3060 3834 Georgio
3106 3761 3501 3818 Constantino-

1913 3860 2022 3930 poli
2065 3860 2264 3912 allatze.
2299 3857 2525 3921 Deinde,
2555 3865 2616 3912 ut
2640 3858 2729 3912 ille
2761 3871 2861 3928 pro
2886 3871 2986 3912 sua
3022 3869 3238 3909 morum
3273 3854 3500 3908 lenitate

1912 3959 1967 4008 et
1994 3951 2416 4006 mansuetudine
2466 3967 2575 4006 non
2611 3950 2946 4021 gravabatur
2982 3947 3239 4002 omnibus
3268 3956 3497 4016 paterno

1913 4052 2136 4115 pectore
2185 4042 2529 4103 satisfacere.
2560 4057 2684 4096 cum
2713 4041 2826 4111 jam
2874 4041 2928 4095 in
2978 4038 3254 4102 morbum,
3286 4053 3353 4092 ex
3388 4053 3502 4108 quo

1912 4136 2076 4191 etiam
2104 4149 2134 4189 e
2166 4135 2278 4189 vita
2315 4135 2594 4198 discessit,
2630 4133 2949 4199 incidisset;
2999 4130 3162 4186 nobis
3188 4131 3495 4193 accersitis.

1912 4227 2086 4288 dixit,
2147 4223 2380 4280 Domino
2433 4233 2607 4289 teste,
2644 4240 2705 4280 se
2750 4224 2960 4294 scripto
3016 4221 3498 4292 Constantinopoli

1915 4317 2081 4371 allato
2114 4317 2170 4371 in
2218 4317 2576 4386 simplicitate
2605 4315 2792 4370 cordis
2842 4313 3174 4376 assensisse,
3212 4310 3310 4367 sed
3359 4311 3500 4368 nihil

1847 4411 1854 4419 '
1911 4410 1979 4464 ad
2027 4409 2150 4463 lidei
2191 4407 2386 4465 Nicaea:
2420 4425 2450 4463 a
2486 4408 2694 4465 sanctis
2739 4407 2996 4463 Patrihns
3029 4405 3292 4476 exposita:
3334 4419 3499 4460 ever-

218 4505 852 4565 Κωνστιαντινουπόλεως
915 4503 1286 4575 γραμματείῳ
1316 4543 1332 4567 ,
1387 4503 1554 4574 μηδὲν
1610 4503 1667 4556 δὲ
1719 4505 1806 4556 ἐπ’

1921 4504 2125 4560 sionem
2183 4504 2289 4558 sibi
2346 4503 2737 4574 proposuisse,
2780 4517 2959 4572 neque
3023 4498 3174 4554 aliud
3222 4499 3278 4552 in
3329 4497 3500 4554 corde

213 4599 476 4668 ἀθετήσει
503 4599 604 4667 τῆς
634 4595 776 4650 κατά
808 4597 1042 4649 Νικαιαν
1070 4596 1174 4648 ὑπὸ
1203 4595 1310 4648 τῶν
1345 4595 1514 4664 ἁγίων
1546 4596 1804 4668 Πατέρων

214 4687 540 4757 ἐκτεθείσης
575 4685 809 4749 πίστεως
841 4683 1200 4756 προελέσθαιο
1257 4685 1392 4754 μηδέ
1437 4684 1614 4748 ἄλλως
1661 4685 1804 4756 ἔχειν

213 4780 274 4833 ἐν
307 4781 374 4850 τῇ
406 4777 605 4852 καρδίᾳ
629 4817 645 4841 ,
675 4776 709 4848 ἢ
761 4776 835 4841 ὡς
868 4775 1174 4847 παρέλαϐεν
1215 4775 1274 4842 ἐξ
1305 4776 1479 4847 ἀρχῆς
1498 4794 1512 4808 °
1550 4777 1686 4832 ἀλλὰ
1713 4780 1806 4832 καὶ

286 4934 334 4966 ⁸⁸
366 4932 535 4990 Prov.
576 4949 688 5000 xw,
723 4933 814 4988 3i.
909 4933 953 4964 "
989 4930 1180 4986 Matth.
1219 4945 1318 4995 xu,
1356 4931 1448 4986 36.

284 5092 405 5166 (l7)
457 5091 933 5166 Ἐπιτρέψαιςτες.
984 5088 1086 5166 Sic_
1121 5087 1288 5166 Med._,
1338 5086 1492 5142 Harl.
1521 5095 1622 5166 Aet
1659 5086 1794 5166 Reg.

212 5156 451 5235 primus.
489 5156 630 5218 Editi
671 5156 726 5218 et
755 5163 856 5235 alii
889 5156 1022 5235 mss.
1069 5160 1480 5235 ἐπιρράψαντεςἶ
1520 5156 1624 5212 Sed
1653 5156 1797 5235 scri-

214 5229 377 5303 ptura
413 5249 577 5304 quam
612 5233 921 5304 sequimur,
948 5229 1177 5304 basilii‘
1202 5229 1345 5301 stylo
1371 5229 1570 5299 aptior,
1613 5237 1672 5281 ut
1716 5231 1798 5283 vi-

211 5301 343 5360 dere
371 5301 457 5360 est
486 5304 542 5357 in
581 5301 745 5374 epist.
778 5301 1064 5374 126,289.

279 5375 402 5444 (18)
445 5377 542 5442 Ὃς
569 5369 670 5429 καὶ
700 5373 857 5428 πεοί.
884 5371 1220 5427 Coniunctio
1248 5370 1432 5425 addita
1452 5384 1519 5425 ex
1553 5369 1798 5442 quinque

281 5516 397 5584 (19)
435 5515 691 5569 Διὰνιον.
723 5512 800 5567 Ita
828 5527 1020 5584 omnes
1055 5527 1186 5584 mss.
1214 5510 1357 5565 Editi
1395 5509 1656 5584 Διάνοιρν.

281 5516 374 5584 (19
435 5516 691 5569 Διὰνιον.
723 5516 800 5567 Ita
828 5527 1020 5568 omnes
1055 5527 1186 5566 mss.
1216 5516 1357 5565 Editi
1395 5516 1656 5563 Διάνοιον.

281 5516 397 5656 (2:);
427 5587 860 5656 Κατήτγειλαν.
893 5581 1028 5656 Tres
1059 5582 1279 5656 codices
1321 5596 1430 5656 non
1471 5580 1798 5652 antiquissio

216 5652 299 5712 mi'
310 5652 685 5728 διατήνεγκαν,
705 5655 1025 5728 lioccrimen
1049 5653 1198 5728 nobis
1237 5652 1549 5706 intulerunt.

281 5726 396 5802 (2|)
426 5721 1113 5799 Ῐιρὸστραγῳδήσουσιν.
1167 5721 1248 5780 lta
1282 5733 1394 5780 tres
1429 5721 1790 5780 vetustissimi

1913 4597 2136 4662 habere,
2164 4611 2326 4667 quam
2369 4597 2517 4668 quod
2546 4597 2616 4652 ab
2659 4595 2818 4650 initio
2862 4594 3129 4649 traditum
3167 4598 3499 4662 acceperat:

1914 4689 2026 4743 imo
2054 4689 2218 4744 etiam
2249 4690 2465 4760 precari
2497 4705 2577 4754 se,
2610 4698 2673 4744 ut
2707 4703 2778 4744 ne
2811 4695 3098 4758 separetur
3130 4699 3160 4738 a
3187 4692 3335 4739 sorte
3364 4683 3494 4738 bea-

1915 4789 2098 4836 torum
2149 4789 2528 4838 trecentorum
2563 4781 2752 4837 decem
2805 4789 2860 4835 et
2904 4789 3031 4836 octo
3077 4779 3496 4850 episcoporum,

1903 5087 2126 5145 codices
2183 5103 2308 5145 cum
2369 5089 2624 5161 pluribus
2676 5090 2820 5147 aliis.
2875 5087 3017 5144 Editi
3072 5087 3496 5160 προστραγῳδή-

1907 5174 2094 5213 σωσιν.

1977 5229 2088 5299 (22)
2144 5230 2534 5300 Ἐλευθέριον.
2575 5229 2712 5299 Reg.
2759 5227 3037 5286 secundus
3087 5235 3142 5283 et
3185 5226 3492 5300 Coisl.ise«

1905 5298 2121 5373 cundus
2160 5298 2464 5373 ἐλεύθερον.
2500 5298 2822 5373 Paulopost
2845 5314 2910 5354 ex
2938 5299 3179 5368 antiquis
3207 5298 3490 5355 codicibus

1906 5369 2091 5443 addita
2119 5374 2313 5426 vocula
2329 5369 2465 5443 post
2518 5369 2877 5443 μεγαλοφυές.

1982 5440 2094 5511 (23)
2131 5443 2281 5497 Ὅσα
2310 5433 2491 5497 illa.
2518 5433 2667 5496 'Ed'iti
2705 5433 2913 5496 addunt
2949 5433 3018 5512 ἦν
3055 5439 3201 5512 quod
3242 5437 3398 5496 deest
3430 5435 3494 5496 in

1905 5509 2084 5567 tribus
2103 5512 2495 5569 vetustissimis
2521 5511 2825 5567 codicibus.

1975 5582 2088 5652 (24)
2127 5583 2444 5654 Γεώργιον.
2481 5581 2616 5656 Reg.
2671 5582 2949 5640 secundus
2982 5590 3036 5639 et
3084 5579 3258 5639 Coisl.
3309 5578 3495 5654 Γεώρ-

1896 5668 2067 5722 γινον.
