3988 6194
572 418 680 476 895

2703 289 2753 317 ς]

1897 416 1956 472 S.
1998 416 2242 474 BASILII
2275 416 2486 474 MAGNI
3753 421 3849 478 396

573 549 645 590 ne
694 528 1042 602 pro.abamur
1091 509 1164 582 in
1196 527 1510 600 corporales
1547 529 1960 600 pcrpessionum
1989 532 2139 602 cogi-

2246 534 2338 586 ἐπὶ
2391 532 2490 595 τὰς
2543 530 2858 601 σωματικὰς
2905 531 3013 584 τῶν
3075 531 3259 585 παθῶν
3312 531 3560 596 ἐννοίας.
3614 533 3699 585 Οὐ
3748 538 3847 602 γὰρ

572 625 829 680 tationcs.
852 620 970 674 Non
998 621 1142 674 enim
1172 620 1345 675 divisa
1379 629 1463 677 est
1493 622 1801 676 substantia
1832 639 1862 676 a
1895 624 2053 679 Patre
2084 625 2140 680 in

572 711 815 769 Filium:
857 725 1034 780 neque
1079 709 1296 764 ﬂuendo
1345 707 1555 779 dilapsa
1606 712 1909 781 generavit,
1965 727 2142 782 neque

573 803 857 874 proferens
882 841 898 867 ,
949 802 1412 872 quemadmodum
1444 803 1670 857 arbores
1707 801 1917 856 fructus
1956 801 2140 872 profe-

573 901 742 950 runt:
786 894 882 950 sed
933 892 1312 948 inenarrabilis
1368 901 1423 948 et
1466 891 1899 962 indeprehensus
1938 895 2143 963 cogita-

575 987 815 1042 tionibus
846 985 1124 1040 hominum
1147 984 1344 1038 divinaa
1373 983 1740 1054 generationis
1777 983 1990 1038 modus.
2031 982 2142 1036 Hu-

573 1079 719 1133 mi-lis
751 1078 895 1131 enim
923 1089 1110 1129 revera
1154 1081 1208 1129 et
1257 1073 1494 1129 carnalis
1531 1081 1614 1129 est
1647 1075 1844 1128 mentis
1866 1117 1879 1136 ,
1920 1073 2143 1127 caducis

574 1183 637 1222 ac
677 1166 1070 1235 temporalibus
1100 1165 1406 1220 assimilarc
1437 1173 1638 1220 (eterna
1663 1203 1677 1226 ,
1709 1179 1773 1218 ac
1806 1165 2139 1226 existimare,

573 1256 1032 1328 quemadmodum
1066 1255 1408 1324 corporalia,
1437 1256 1511 1308 ita
1542 1264 1595 1310 et
1637 1254 1805 1310 Deum
1841 1255 1958 1326 pari
1983 1254 2143 1309 modo

573 1362 864 1420 generare;
901 1362 1024 1400 cum
1048 1354 1294 1415 oporteat
1315 1346 1548 1416 sumptis
1575 1361 1645 1401 ex
1674 1346 1951 1400 contrario
1981 1361 2144 1416 argu-

572 1437 774 1493 mentis
798 1436 864 1492 ad
898 1437 1157 1506 pietatem
1189 1435 1520 1490 concludere
1547 1475 1562 1499 ,
1603 1435 1733 1505 quia
1763 1436 2012 1490 mortalia
2041 1436 2140 1502 sic,
2172 1448 2182 1455 '

573 1528 934 1584 immortalem
968 1542 1075 1581 non
1107 1528 1209 1584 sic.
1264 1526 1452 1595 Neque
1489 1527 1651 1597 igitur
1693 1529 1934 1598 neganda
1978 1544 2142 1599 gene-

543 1622 714 1699 .ratio
761 1618 982 1682 divina,
1013 1633 1114 1672 nec
1159 1618 1438 1688 corporeis
1493 1618 1914 1688 cogitationibus
1952 1627 2142 1673 conta-

572 1710 832 1766 minanda
882 1725 1060 1764 mens.

643 1801 698 1855 4.
751 1799 986 1855 Sanctus
1042 1805 1225 1853 autem
1277 1796 1519 1868 Spiritus
1570 1811 1694 1851 cum
1736 1795 1896 1852 Patre
1925 1797 2143 1867 quidem

571 1901 628 1950 et
661 1892 802 1948 Filio
844 1899 1210 1955 numeratur,
1260 1892 1388 1960 quia
1421 1897 1476 1944 et
1527 1903 1691 1959 supra
1740 1906 1854 1944 rem
1903 1898 2140 1945 creatam

573 1993 690 2051 est;
724 1982 818 2039 sed
853 1998 918 2038 eo
963 1983 1156 2037 ordine
1211 1989 1564 2048 numeratur,
1604 1997 1763 2052 quem
1798 1981 1854 2035 in
1897 1981 2138 2051 Evange-

571 2076 649 2130 lio
680 2075 973 2130 didicimus
1023 2089 1053 2127 a
1102 2073 1329 2128 Domino
1365 2073 1614 2128 dicente:
1655 2073 1847 2128 Euntes
1880 2073 2140 2142 baptizata

573 2169 631 2220 in
681 2168 888 2221 nomine
940 2166 1120 2220 Patris
1153 2174 1202 2219 et
1232 2163 1360 2217 Filii
1393 2173 1441 2218 et
1478 2164 1707 2232 Spiritus
1733 2166 1922 2218 sancti.
1955 2165 2140 2230 "'Qui

574 2263 757 2312 autem
783 2256 1048 2326 praeponit
1078 2253 1238 2317 Filio.
1271 2260 1366 2306 aut
1392 2252 1553 2307 Patre
1586 2252 1720 2308 dicit
1749 2254 2138 2323 antiquiorem,

573 2348 784 2405 resistit
816 2347 911 2402 Dei
941 2345 1274 2400 ordinationi
1323 2353 1378 2399 et
1410 2360 1441 2397 a
1478 2359 1611 2399 sana
1647 2344 1752 2400 fide
1785 2346 1995 2400 alienus
2018 2354 2136 2400 est:

577 2448 861 2512 acceptum
891 2437 1302 2508 glorificationis
1341 2437 1561 2492 modum
1599 2451 1710 2491 non
1753 2451 2014 2501 servans,
2046 2437 2139 2492 sed

575 2531 784 2601 sibiipsi
839 2545 1036 2586 vocum
1083 2529 1380 2583 novitatem
1409 2568 1425 2594 ,
1474 2534 1534 2582 ut
1565 2527 1775 2597 placeat
1805 2527 2138 2592 hominibus,

575 2622 916 2693 excogitans.
949 2618 1006 2674 Si
1038 2619 1182 2674 enim
1229 2618 1338 2674 Deo
1369 2627 1452 2674 est
1480 2618 1753 2688 superior,
1787 2633 1855 2673 ex
1891 2617 2002 2674 Deo
2030 2634 2138 2673 non

575 2723 682 2770 est.
733 2711 1007 2782 Scriptum
1056 2719 1140 2766 est
1186 2711 1369 2787 enim:
1419 2709 1649 2780 Spiritus
1695 2720 1871 2764 autem
1917 2726 1980 2764 ea:
2032 2710 2141 2766 Deo

574 2815 653 2860 est
683 2805 749 2859 ".
803 2803 862 2858 Si
913 2810 1093 2858 autem
1149 2819 1216 2858 ex
1266 2802 1410 2867 Deo,
1447 2803 1540 2874 qui
1575 2803 1688 2859 ﬁeri
1727 2812 1940 2874 potest,
1970 2813 2030 2858 ut
2076 2820 2141 2860 eo

574 2912 642 2952 ex
670 2909 780 2966 quo
800 2900 914 2958 est,
957 2893 1236 2963 antiquior
1276 2894 1383 2949 sit?
1418 2891 1539 2947 Jam
1581 2909 1711 2949 vero
1741 2911 1862 2965 quae
1905 2896 2138 2959 insania,

573 3001 700 3044 cum
731 3001 873 3040 unus
904 2985 976 3040 sit
1009 2985 1283 3055 ingenitus
1308 3026 1323 3050 ,
1365 2984 1569 3054 aliquid
1597 2985 1746 3040 aliud
1782 2985 1961 3039 dicere
1991 2985 2142 3054 inge-

575 3080 691 3134 nilo
742 3077 1036 3150 superius?
1092 3076 1196 3131 Sed
1240 3091 1416 3147 neque
1474 3077 1624 3146 prior
1674 3086 1758 3132 est
1810 3075 2138 3148 Unigenito;

575 3171 777 3241 quippe
815 3184 938 3225 cum
979 3170 1119 3223 inter
1152 3167 1347 3221 Filium
1385 3174 1438 3222 et
1483 3166 1697 3222 Patrem
1738 3168 1874 3220 nihil
1904 3166 2138 3221 medium

577 3265 673 3318 sit.
706 3261 764 3315 Si
794 3269 974 3315 autem
1003 3274 1112 3313 non
1145 3266 1230 3314 est
1277 3274 1340 3312 ex
1389 3257 1499 3312 Deo
1524 3298 1538 3322 ,
1575 3267 1658 3313 est
1687 3274 1816 3313 vero
1858 3274 1954 3328 per
1981 3257 2140 3311 Chri-

575 3360 755 3417 stum;
807 3349 1028 3406 omnino
1074 3364 1186 3404 non
1218 3356 1322 3404 est.
1373 3348 1553 3414 Quare
1595 3349 1685 3402 illa
1718 3349 1862 3402 circa
1895 3347 2139 3402 ordinem

573 3444 790 3499 novitas
821 3441 993 3512 ipsius
1013 3440 1344 3496 exsistIentiae
1365 3439 1528 3494 habet
1553 3439 1910 3504 eversionem,
1940 3447 1994 3493 et
2018 3438 2141 3494 fidei

572 3535 746 3592 totius
771 3534 984 3605 negatio
1014 3539 1118 3588 est.
1152 3530 1330 3601 {Eque
1360 3532 1524 3602 igitur
1553 3530 1777 3600 impium
1807 3538 1910 3594 est,
1935 3539 1988 3584 et
2017 3544 2139 3584 eum

575 3626 643 3682 ad
677 3641 791 3682 rem
824 3631 1062 3679 creatam
1095 3623 1386 3686 deducere,
1419 3631 1471 3677 et
1495 3630 1590 3675 aut
1621 3636 1787 3692 supra
1817 3620 2014 3675 Filium
2049 3628 2144 3674 aut

575 3731 742 3786 supra
791 3713 1005 3770 Patrem
1063 3728 1301 3784 ponere,
1372 3713 1485 3768 sive
1555 3713 1852 3768 secundum
1901 3719 2136 3782 tempus,

575 3806 690 3863 sive
723 3805 1022 3862 secundum
1054 3803 1322 3858 ordinem.
1361 3802 1538 3873 Atque
1568 3803 1682 3856 haec
1729 3802 1948 3871 quidem
1990 3812 2137 3868 sunt,

573 3913 697 3968 qua:
725 3912 754 3951 a
783 3905 966 3953 vestra
999 3897 1200 3967 pietate
1249 3893 1556 3949 audivimus
1596 3894 1836 3964 requiri:
1891 3893 2034 3964 quod
2093 3896 2141 3948 si

572 3988 836 4045 Dominus
886 3987 1136 4055 dederit,
1173 3994 1233 4042 ut
1269 3988 1324 4041 in
1351 4002 1520 4041 unum
1556 3988 1856 4052 veniamus,
1891 3985 2142 4042 fortassis

571 4080 643 4136 de
673 4081 759 4138 his
791 4079 969 4138 fusius
1011 4077 1438 4150 disceptabimus
1464 4117 1478 4142 ,
1509 4091 1573 4131 ac
1610 4077 1770 4132 nobis
1795 4115 1810 4140 ,
1845 4076 2046 4146 quibus
2073 4077 2139 4132 de

571 4171 740 4228 rebus
777 4171 1036 4228 certiores
1067 4171 1185 4227 ﬁeri
1213 4169 1494 4241 cupimus,
1524 4169 1730 4240 aliquid
1755 4169 1900 4239 quod
1923 4167 2140 4224 satisfa-

574 4261 684 4318 ciat
724 4269 778 4318 et
813 4261 1139 4333 persuadeat
1170 4276 1202 4314 a
1229 4261 1384 4316 vobis
1414 4259 1778 4316 exhibebitur.

995 4369 1152 4442 ιω
1186 4367 1528 4424 EPISTOLA
1563 4367 1714 4424 Llll'.

2243 625 2505 697 ἐμερίσθη
2535 626 2568 694 ἡ
2599 623 2754 676 οὐσία
2791 623 2899 676 ἀπὸ
2934 623 3146 694 Πατρὸς
3182 626 3261 687 είς
3288 625 3432 678 Υίόνο
3483 624 3630 677 οὐδὲ
3661 628 3843 696 ῥυεῖσα

2243 714 2528 784 ἐγέννησεν
2546 753 2560 777 ,
2589 713 2712 766 οὐδὲ
2736 711 3084 783 προϐαλοῦσα
3105 751 3120 776 ,
3155 712 3230 775 ὡς
3263 712 3330 765 τά
3363 711 3520 781 φυτὰ
3543 713 3688 774 τοὺς
3721 732 3842 784 καρ-

2241 806 2398 868 ποὺς,
2443 804 2557 858 ἀλλ’
2592 805 2829 874 ἀρῤητος
2879 803 2974 856 καὶ
3019 803 3370 874 ἁνεπινόητος
3410 805 3724 872 λογισμοῖς
3761 807 3844 856 ἀν-

2243 893 2474 964 θρώπων
2512 895 2610 965 τῆς
2652 893 2802 956 θείας
2852 895 3157 965 γεννήσεως
3203 895 3232 947 ὁ
3279 895 3509 962 τρόπος.
3571 893 3843 965 Ταπεινῆς

2242 987 2349 1058 γὰρ
2373 985 2452 1054 τῷ
2477 986 2590 1039 ὄντι
2617 987 2710 1039 καὶ
2741 986 3000 1057 σαρκίνης
3021 985 3140 1037 ἐστὶ
3167 983 3400 1048 διανοίας
3430 988 3560 1048 τοῖς
3588 984 3842 1054 φθαρτείς

2243 1078 2338 1128 καὶ
2386 1075 2736 1147 προσκαίροις
2776 1073 3072 1145 ἀφομοιοῦν
3115 1074 3185 1126 τὰ
3231 1075 3408 1140 ἀΐδια,
3453 1074 3568 1128 καὶ
3618 1076 3837 1138 οἴεσθαι,

2243 1167 2345 1230 ὃτι,
2374 1167 2448 1230 ὡς
2470 1166 2539 1220 τὰ
2574 1168 2880 1236 σωματικὰ,
2907 1166 3049 1219 οὕτω
3080 1168 3243 1236 γεννᾷ
3272 1167 3367 1219 καὶ
3388 1168 3416 1218 ὀ
3443 1167 3599 1230 Θεὸς
3621 1169 3837 1236 ὁμοίως·

2243 1256 2359 1308 δέον
2395 1258 2459 1310 ἐκ
2492 1255 2598 1308 τῶν
2631 1255 2886 1308 ἐναντίων
2917 1255 3214 1326 λαμϐάνειν
3261 1255 3359 1318 τὰς
3396 1256 3682 1328 ἀφορμὰς
3715 1260 3838 1328 πρὸς

2244 1346 2340 1418 τὴν
2393 1346 2692 1400 εὐσέϐειαν·
2745 1347 2864 1411 ὅτι,
2920 1347 3108 1416 ἐπειδὴ
3170 1346 3239 1399 τὰ
3293 1345 3464 1416 θνητὰ
3541 1349 3764 1412 οὕτως,
3814 1351 3839 1400 ὁ

2244 1439 2510 1503 ἀθάνατος
2549 1439 2646 1508 οὐχ
2696 1437 2887 1502 οὕτως.
2937 1437 3074 1491 Οὔτε
3127 1433 3220 1491 οῦν
3271 1438 3576 1508 ἀρνεῖσθαι
3623 1440 3710 1492 δεῖ
3752 1441 3837 1510 τὴν

2246 1530 2397 1584 θείαν
2425 1529 2696 1600 γέννησιν,
2732 1529 2855 1582 οὔτε
2903 1533 3241 1599 σωματικαῖς
3282 1530 3522 1592 ἐννοίαις
3573 1533 3836 1600 καταρῥνο

2245 1619 2379 1674 ποῦν
2407 1618 2598 1672 ἑαυτοῦ
2623 1619 2718 1690 τὴν
2751 1619 3006 1674 διάνοιαν.

2310 1804 2364 1858 4.
2397 1805 2469 1857 Τὸ
2497 1803 2554 1856 δὲ
2592 1802 2817 1873 Πνεῦμα
2839 1800 2899 1852 τὸ
2929 1799 3080 1867 ἅγιον
3107 1798 3284 1869 Πατρὶ
3320 1798 3420 1867 μὲν
3439 1799 3544 1851 καὶ
3559 1797 3684 1866 Υξῷ
3723 1814 3831 1848 σωιμ

2243 1896 2550 1966 αριθμεῖται
2569 1935 2584 1959 ,
2615 1894 2864 1948 διότικαὶ
2895 1892 3034 1961 ὑπὲρ
3069 1891 3166 1961 τὴν
3191 1891 3369 1942 κτίσιν
3398 1890 3547 1944 ἐστί·
3579 1891 3826 1942 τέτακται

2241 1987 2318 2050 δὲ,
2353 1988 2428 2050 ὡς
2459 1989 2515 2040 ἐν
2547 1985 2862 2054 Εὑαγγελίῳ
2894 1979 3248 2050 δεδιδάγμεθα
3280 1979 3429 2051 παρὰ
3471 1980 3580 2033 τοῦ
3631 1979 3824 2050 Κυρίου

2242 2077 2503 2139 εἰπόντος·
2574 2071 2968 2142 Πορευθέντες
3009 2064 3323 2134 ,ϐαπτίζετε
3376 2070 3465 2132 εἰς
3514 2066 3590 2119 τὸ
3650 2065 3823 2132 ὄνομα

2242 2167 2347 2221 τοῦ
2362 2166 2589 2234 Πατρός
2606 2165 2701 2218 καὶ
2724 2163 2828 2218 τοῦ
2857 2161 2990 2216 Υἱοῦ
3011 2160 3109 2214 καὶ
3131 2159 3236 2213 τοῦ
3257 2160 3429 2228 ἁγίου
3455 2158 3821 2224 Π-νεύμτιτιις.

2254 2261 2311 2313 '0
2351 2260 2408 2314 δὲ
2450 2257 2726 2330 προτιθεὶς
2761 2253 2890 2308 Υίοῦ
2931 2253 3106 2324 (40)’,
3153 2253 3186 2323 ἢ
3236 2249 3621 2325 πρεσϐύτερον
3664 2247 3818 2314 λέγων

2242 2351 2474 2422 Πατρὸς,
2502 2345 2654 2411 οὗτος
2690 2347 3005 2402 ἀνθίσταται
3038 2344 3136 2415 μὲν
3163 2347 3229 2415 τῇ
3260 2343 3354 2396 τοῦ
3383 2341 3526 2394 Θεοῦ
3563 2341 3816 2406 διαταγῇ,

2243 2443 2517 2512 ἀλλότριος
2545 2440 2602 2492 δὲ
2626 2439 2725 2509 τῆς
2755 2436 3102 2506 ὑγιαινούσης
3136 2435 3371 2496 πίστεως
3394 2473 3409 2497 ,
3445 2432 3525 2502 μὴ
3584 2431 3646 2482 ὃν
3689 2445 3813 2496 παρ-

2243 2533 2398 2587 έλαϐε
2414 2533 2610 2604 τρόπον
2637 2528 2941 2596 δοξολογίας
2958 2527 3258 2595 φυλάττων,
3291 2525 3406 2578 ἀλλ’
3443 2522 3637 2592 ἐαυτῷ
3655 2536 3814 2572 καινο-

2243 2627 2444 2697 φωνίαν
2471 2625 2601 2694 (-H),
2638 2624 2716 2685 εἰς
2754 2621 3043 2692 ἀρέσκειαν
3083 2616 3406 2690 ἀνθρώπιον,
3453 2615 3715 2669 ἐπινοῶν.
3757 2611 3812 2664 Ei

2241 2721 2348 2791 γὰρ
2373 2717 2641 2788 ἀνώτερον
2661 2714 2818 2779 Θεοῦ,
2837 2715 2936 2766 οὐκ
2961 2714 3024 2765 ἐκ
3042 2710 3135 2764 τοῦ
3159 2711 3314 2763 Θεοῦ.
3343 2709 3666 2780 Γέγραπται
3693 2706 3806 2775 γὰρ.

2247 2811 2316 2864 Τὸ
2347 2809 2414 2862 δὲ
2445 2808 2686 2876 Πνεῦμα
2714 2807 2780 2858 ἐκ
2804 2805 2910 2858 τοῦ
2945 2802 3112 2856 Θεοῦ.
3145 2803 3210 2854 Ei
3230 2802 3284 2853 δὲ
3314 2802 3378 2852 ἐκ
3399 2799 3494 2852 τοῦ
3522 2796 3685 2859 Θεοῦ,

2242 2899 2606 2972 πρεσϐύτερόν
2636 2901 2750 2951 ἐστι
2781 2895 2874 2949 τοῦ
2907 2895 2966 2960 ἐξ
2991 2888 3050 2948 οὗ
3085 2893 3233 2956 ὲστι;
3279 2891 3374 2953 Τίς
3415 2890 3471 2943 δὲ
3513 2889 3610 2942 καὶ
3655 2888 3687 2956 ἡ
3721 2902 3798 2936 πα-

2245 2993 2428 3064 ράνοια
2460 2989 2594 3060 (42),
2626 2988 2744 3050 ἐνὸς
2776 2986 2928 3049 ὄντος
2948 2985 3041 3038 τοῦ
3068 2984 3384 3052 ἀγεννήτου,
3415 2981 3546 3034 ἄλλο
3573 2997 3626 3031 τι
3651 2978 3803 3043 λέγειν

2241 3080 2332 3134 τοῦ
2363 3080 2652 3149 ἁγεννήτου
2686 3075 2989 3146 ἀνώτερον;
3024 3072 3162 3125 Ἀλλ’
3196 3072 3315 3124 οὐδὲ
3350 3070 3444 3123 τοῦ
3485 3064 3799 3133 Μονογενοῦς

2244 3175 2526 3246 πρότερον·
2563 3171 2712 3224 οὐδὲν
2746 3169 2857 3239 γὰρ
2901 3169 3063 3240 μέσον
3095 3165 3226 3218 Υίοῦ
3264 3165 3357 3218 καὶ
3399 3165 3635 3234 Πατρός.
3669 3161 3728 3212 Εἰ
3755 3159 3800 3209 δὲ

2248 3269 2319 3339 μή
2353 3269 2496 3319 ἐστιν
2518 3267 2581 3318 ἐκ
2604 3261 2761 3326 Θεοῦ,
2792 3261 2881 3313 διὰ
2905 3258 3143 3331 Χριστοῦ
3174 3258 3231 3310 δέ
3263 3258 3431 3319 ἐστιν,
3456 3255 3583 3308 οὐδέ
3611 3255 3720 3304 ἐστι
3749 3248 3794 3298 τί

2244 3356 2522 3426 παράπαν.
2559 3353 2722 3406 Ὥστε
2755 3353 2788 3422 ἡ
2819 3351 2948 3421 περὶ
2982 3349 3078 3419 τὴν
3106 3347 3258 3414 τάξιν
3295 3345 3618 3415 καινοτομία
3654 3339 3797 3405 αὐτῆς

2239 3445 2338 3516 τῆς
2384 3441 2669 3514 ὑπάρξεως
2708 3441 2962 3510 ἀθέτησιν
3001 3438 3113 3508 ἔχει
3133 3479 3148 3502 ,
3178 3436 3272 3490 καὶ
3303 3436 3428 3502 ὅλης
3461 3435 3564 3502 τῆς
3593 3425 3793 3486 πίστεώς

2242 3539 2387 3590 ἐστιν
2412 3537 2656 3606 ἄρνησις.
2688 3531 2922 3603 Ὁμοίως
2943 3528 3036 3584 οὖν
3065 3531 3209 3583 ἐστιν
3240 3527 3453 3588 ἀσεϐὲς,
3485 3527 3582 3578 καὶ
3602 3523 3688 3576 ἐπὶ
3714 3519 3794 3585 τὴν

2242 3627 2418 3679 κτίσιν
2451 3605 2802 3692 ίκαταγαγείν
2863 3621 2996 3691 (45),
3049 3621 3143 3673 καὶ
3193 3616 3544 3689 ὑπερτιθέναι
3597 3611 3715 3666 αὐτὸ
3766 3605 3791 3674 ἦ

2241 3716 2372 3770 Υίοῦ
2419 3715 2453 3788 ἢ
2505 3715 2736 3784 Πατρὸς,
2783 3715 2815 3783 ἢ
2868 3712 3011 3765 κατά
3061 3710 3152 3763 τὸν
3198 3709 3416 3779 χρόνον,
3457 3707 3494 3777 ἢ
3542 3704 3679 3760 κατά
3713 3700 3793 3766 τὴν

2240 3809 2412 3873 τάξιν.
2453 3808 2520 3860 "A
2558 3806 2657 3878 μὲν
2701 3802 2793 3859 οὖν
2843 3805 3053 3875 ἥκουσα
3097 3799 3470 3868 ἐπιζητεῖσθαι
3525 3797 3671 3867 παρὰ
3714 3791 3790 3858 τῆς

2243 3899 2527 3962 εὐλαϐείας
2571 3897 2744 3968 ὑμῶν,
2785 3895 2960 3949 ταῦτά
3007 3897 3173 3946 ἐστιν·
3220 3892 3314 3946 ἐὰν
3351 3891 3408 3944 δὲ
3444 3889 3522 3960 δῷ
3555 3892 3584 3942 ό
3617 3885 3790 3953 Κύριος

2243 3991 2337 4045 καὶ
2369 3992 2447 4054 είς
2479 3989 2672 4044 ταυτὸν
2703 3990 2848 4060 ἡμᾶς
2887 3985 3137 4058 ἀλλήλοις
3179 3983 3451 4052 γενέσθαι,
3489 3983 3631 4050 τάχα
3667 3976 3724 4030 ἄν
3745 3989 3788 4022 τι

2245 4083 2339 4136 καὶ
2361 4081 2488 4153 περὶ
2516 4081 2720 4134 τούτων
2750 4078 2911 4132 πλέον
2936 4079 3204 4148 εἴποιμεν,
3227 4075 3320 4130 καὶ
3343 4074 3496 4128 αὐτοὶ
3532 4073 3576 4125 δ’
3601 4071 3661 4124 ἂν
3681 4060 3786 4132 περὶ

2245 4167 2320 4227 ὧν
2362 4172 2724 4244 ἐπιζητοῦμεν
2767 4170 3020 4243 εὕροιμεν
3071 4186 3192 4223 τινα
3237 4169 3365 4239 παρ’
3411 4164 3569 4237 ὑμῶν
3614 4160 3786 4228 π)-ηΡ⁹’

2247 4265 2460 4335 φορίαν.

2758 4375 3106 4429 ΕΠΙΣΤΟΛΗ
3153 4373 3244 4425 NF
3271 4414 3284 4426 .

575 4459 1120 4530 Demonstratl-iasiiius
1156 4459 1528 4530 chorepiscopis,
1571 4459 1671 4530 sive
1708 4460 1945 4530 episcopis
1975 4463 2317 4530 sibiﬂsubditis,
2343 4479 2549 4526 quorum
2577 4465 2800 4530 nonnulli
2840 4465 2995 4530 pretio
3013 4478 3182 4514 manus
3225 4463 3473 4530 imponere
3522 4459 3778 4530 ferebantur.

636 4531 820 4592 quanta-
836 4522 897 4592 sit
918 4521 1059 4586 hujus
1076 4519 1203 4592 .[acti
1224 4515 1468 4586 tur'pitudo
1488 4515 1591 4583 {ac
1614 4515 1829 4574 declarat
1853 4515 1912 4573 ab
1934 4524 2169 4577 altaribus
2190 4515 2508 4589 recessurum,
2545 4515 2723 4591 siquis
2743 4515 2850 4589 posi
2869 4515 2992 4577 hanc
3013 4533 3256 4589 acceptam
3276 4515 3532 4588 épistolani
3553 4521 3643 4572 tale
3665 4515 3780 4580 quid‘

636 4583 767 4648 piam
787 4583 1120 4648 designdverit.

1096 4665 1545 4734 'Chorepiscopis.

645 4760 695 4814 1.
739 4756 839 4814 Rei
869 4756 1152 4828 turpitudo
1171 4797 1184 4822 ,
1214 4755 1282 4813 de
1315 4772 1421 4829 qua
1451 4757 1633 4812 scribo
1655 4797 1671 4824 ,
1705 4758 1809 4812 hoc
1838 4759 1958 4816 ioso
1983 4777 2130 4818 auou

642 4877 707 4911 "'
741 4872 929 4928 Matth.
959 4884 1154 4936 xxmr,
1185 4870 1272 4925 19.
1332 4871 1377 4904 ³⁸
1411 4871 1430 4924 l
1460 4871 1587 4928 Cor.
1627 4886 1690 4936 II,
1724 4870 1811 4925 12.

643 4995 662 5013 '
689 4987 838 5040 Alias
867 4981 1101 5038 LXXVI.
1136 4981 1353 5053 Scripta
1379 4985 1533 5040 initio
1563 4982 1932 5053 episcopatus.

644 5057 756 5129 (40)
785 5055 1090 5122 Προτιθεὶς
1107 5050 1279 5129 me;
1300 5053 1390 5129 Sic
1410 5050 1871 5129 pleriqtie_aiitiqui
1891 5050 2129 5114 codices,

570 5123 803 5199 quorum
827 5134 1008 5199 tamen
1029 5125 1279 5199 nonnulli
1307 5123 1508 5199 habent
1530 5125 1623 5178 τοῦ
1652 5123 1803 5199 ﬂag,
1827 5138 1970 5199 i_1nu_§
2000 5138 2132 5199 προ-

573 5191 685 5262 θεὶς
728 5194 882 5258 Υίοῦ,
915 5194 1045 5247 editi
1085 5193 1359 5263 προτιθεὶς
1401 5195 1555 5247 τοῦτο
1588 5192 1681 5246 τοῦ
1727 5193 1878 5246 Υίοῦ.
1923 5191 2134 5263 Habent

573 5259 737 5323 iidem
763 5265 891 5320 editi
920 5263 1092 5332 λέγων
1123 5259 1278 5316 εἶναι·
1312 5263 1406 5318 sed
1439 5267 1664 5319 verbum
1694 5263 1827 5317 illud
1857 5262 2132 5332 posterius

573 5341 727 5392 abest
757 5350 785 5388 a
816 5334 1091 5404 plerisque
1130 5349 1262 5404 mss.
1297 5334 1463 5388 Valde
1496 5343 1682 5404 autem
1713 5333 1905 5404 dubito
1935 5346 2003 5384 an
2033 5332 2133 5383 ali-

571 5410 667 5478 qui
699 5402 1034 5478 exstiterint,
1060 5405 1157 5478 qui
1197 5402 1459 5478 Spiritum
1489 5403 1634 5459 Patri
1673 5414 1723 5456 et
1751 5403 1887 5478 Filio
1917 5416 2130 5470 praepo-

573 5472 786 5533 ricrcnt.
820 5473 1184 5528 Verisimilius
1211 5472 1297 5528 est
1322 5474 1848 5529 Pncumatomachos
1870 5472 2017 5524 hunc
2039 5485 2127 5522 er-

573 5562 750 5600 rorem
799 5544 1126 5597 adversariis
1174 5545 1290 5599 suis
1338 5544 1631 5601 afﬁnxisse.
1681 5540 1840 5596 Cer-tc
1889 5540 2124 5595 Basilius

572 5618 691 5687 ipse
717 5623 903 5687 postea
935 5613 1097 5687 hujus
1129 5615 1580 5687 crrorisrnomine
1611 5620 1905 5687 accusatus
1937 5626 1967 5663 a
2000 5625 2134 5663 non-

571 5683 738 5741 nullis
771 5683 893 5740 fuit.
925 5689 983 5733 ut
1013 5684 1194 5736 videre
1225 5693 1307 5737 cst
1344 5686 1396 5738 in
1428 5685 1592 5753 epist.
1615 5684 1742 5737 251.

646 5753 757 5826 (Μ)
792 5752 1222 5826 Καιιζο-φωνίαν.
1260 5755 1359 5826 Sic
1394 5751 1564 5820 mea,
1609 5754 1779 5809 Coisl.
1825 5751 2047 5826 primus_
2086 5757 2140 5803 et

571 5819 814 5883 Clarum.
839 5821 981 5876 Editi
1008 5824 1358 5894 κενοφωνίας,
1382 5819 1587 5894 septem
1619 5838 1752 5879 mss.
1785 5819 2138 5890 κενοφωνίαν.

2696 4672 3178 4740 Χωρεπισκόποις
3223 4669 3353 4739 (44).

2311 4763 2382 4815 Τὸ
2411 4761 2504 4816 τοῦ
2540 4760 2858 4832 πράγματος
2895 4759 3091 4812 ἄτοπον
3141 4756 3305 4826 (45),
3344 4755 3472 4826 περὶ
3500 4770 3563 4807 ου
3595 4762 3778 4822 γραφων

2243 4980 2400 5040 ιιιιιιι,
2433 4977 2683 5041 ἐπινοῶν,
2726 4975 3051 5044 excogitans,
3101 4975 3297 5030 melius
3329 4979 3584 5048 congruit
3616 4983 3774 5030 vocum

2239 5052 2490 5105 novitati.

2312 5120 2424 5188 (42)
2453 5117 2768 5188 Παράνοια.
2804 5115 2895 5170 Sic
2919 5124 3046 5170 octo
3072 5129 3205 5169 mss.
3241 5113 3410 5188 Editi‘
3425 5116 3689 5188 παροινία.

2312 5185 2420 5258 (45)
2464 5185 2593 5242 Ἐπὶ
2618 5186 2732 5258 τὴν
2757 5186 3349 5258 κτίςινῌκαταγαγεῖν.
3380 5185 3473 5242 Sic
3499 5185 3632 5242 mss.
3653 5187 3766 5237 octo.

2240 5255 2383 5314 Editi
2405 5255 2490 5322 si;
2517 5258 2613 5328 τὴν
2640 5255 2816 5309 κτίσιν
2849 5255 3074 5328 Πνεῦμα
3099 5257 3378 5322 κατάγειν.

2307 5330 2418 5400 (44)
2454 5323 3090 5400 Χωρεπισφςᾴποιςᾲ-ξιιςι
3149 5325 3508 5382 vetustissimi
3561 5323 3768 5400 codices.

2234 5389 2412 5463 Ha‘rlq'
2440 5389 2608 5453 Coisl.
2643 5406 2698 5450 et
2737 5395 2876 5450 Med.
2911 5389 3061 5447 ’Editi
3095 5402 3146 5449 et
3183 5403 3292 5450 tres
3331 5412 3463 5451 mss.
3506 5398 3640 5463 πρὸς
3671 5389 3767 5463 rei:

2233 5471 2322 5538 ὑφ’
2346 5459 2538 5524 ἑαυτὸν
2559 5467 2905 5529 ἐπισκόπους,
2937 5464 3076 5517 ὥστε
3104 5466 3177 5534 μὴ
3200 5468 3525 5536 χειροτονεῖν
3553 5459 3641 5519 ἐπὶ
3658 5459 3764 5533 χρή-

3665 5541 3765 5582 αατι

2307 5674 2592 5746 (εδδ-Τό...
2625 5671 3482 5746 atoma-Lﬂac‘voceinterdum
3515 5679 3662 5746 turpe
3683 5663 3761 5746 ξιιῇο

2236 5741 2382 5816 quod
2427 5743 2640 5797 facinus
2675 5744 2826 5816 (apud
2872 5741 3136 5797 Basilium
3176 5742 3514 5814 designatur,
3547 5741 3761 5815 ,νειιιιω

2239 5814 2405 5886 epist.
2440 5814 2686 5884 sequenti
