3988 6194
2569 240 2618 266 -J

437 367 546 426 395
699 443 708 446 _
767 444 773 448 _
815 445 817 448 ι
1763 365 1821 422 s.
1863 366 2107 424 BASlLll
2141 366 2352 422 MAGNI
3582 373 3696 430 396

439 498 510 539 ne
559 477 908 551 pro.abamur
956 477 1012 532 in
1061 477 1375 550 corporales
1412 479 1826 550 perpessionum
1855 483 2005 552 cogi-

2113 483 2204 535 ἐπὶ
2257 482 2355 545 τὰς
2409 479 2724 550 σωματικὰς
2771 481 2878 534 τῶν
2940 480 3124 536 παθῶν
3178 481 3404 547 ἐννοίας.
3452 485 3527 538 Od
3577 488 3694 554 γὰρ

438 573 695 630 taliones.
718 569 835 623 Non
863 570 1007 623 enim
1038 570 1210 625 divisa
1245 579 1329 626 est
1359 571 1667 626 substantia
1698 589 1727 626 a
1761 573 1918 628 Patre
1950 575 2005 629 in

438 661 680 718 Filium:
722 675 900 729 neque
944 658 1161 714 fluendo
1210 657 1420 728 dilapsa
1471 661 1774 730 generavit,
1831 677 2008 732 neque

439 753 722 823 proferens
747 791 763 816 ,
814 751 1278 821 quemadmodum
1310 752 1536 806 arbores
1573 750 1783 806 fructus
1821 751 2006 821 profe-

439 851 606 899 runt:
652 843 747 899 sed
798 842 1178 898 inenarrabilis
1233 850 1288 897 et
1331 841 1764 911 indeprehensus
1803 844 2008 912 cogita-

441 936 680 991 tionibus
711 933 989 988 hominum
1012 933 1209 988 divinae
1239 933 1606 1004 generationis
1642 932 1856 988 modus.
1897 932 2008 985 ilu-

438 1028 585 1082 mi-lis
616 1027 760 1080 enim
789 1039 976 1078 revera
1020 1030 1072 1078 et
1122 1023 1360 1078 carnalis
1397 1031 1479 1078 est
1512 1023 1709 1078 mentis
1731 1065 1744 1086 ,
1786 1022 2008 1077 caducis

439 1132 502 1171 ac
542 1115 936 1184 temporalibus
965 1114 1271 1169 assimilare
1303 1122 1504 1169 :eterna
1528 1152 1542 1176 ,
1575 1128 1638 1168 ac
1672 1114 2004 1176 existimare,

439 1205 897 1277 quemadmodum
931 1205 1272 1274 corporalia,
1302 1206 1377 1258 ita
1407 1213 1460 1260 et
1503 1204 1670 1260 Deum
1706 1205 1823 1275 pari
1848 1204 2008 1258 modo

438 1311 729 1368 generare;
767 1311 890 1350 cum
913 1303 1160 1365 oporteat
1181 1295 1413 1365 sumptis
1441 1311 1510 1350 ex
1539 1295 1816 1350 contrario
1847 1311 2010 1366 argu-

438 1386 640 1442 mentis
663 1385 729 1440 ad
763 1386 1022 1456 pietatem
1055 1384 1385 1439 concludere
1413 1425 1428 1449 ,
1468 1385 1598 1454 quia
1628 1385 1877 1439 mortalia
1905 1385 2005 1451 sic,
2037 1397 2046 1405 '

439 1478 799 1533 immortalem
834 1491 940 1530 non
973 1478 1074 1533 sic.
1129 1476 1317 1545 Neque
1353 1477 1516 1546 igitur
1559 1478 1799 1548 neganda
1843 1493 2007 1548 gene-

409 1571 580 1648 'ratio
626 1567 847 1631 divina,
878 1583 979 1622 nec
1025 1567 1304 1638 corporeis
1357 1567 1779 1638 cogitationibus
1817 1577 2008 1622 conta-

437 1659 697 1715 minanda
748 1674 925 1713 mens.

508 1751 564 1804 4.
616 1748 852 1804 Sanctus
907 1755 1090 1802 autem
1143 1745 1384 1818 Spiritus
1435 1761 1559 1800 cum
1602 1745 1762 1802 Patre
1790 1746 2008 1816 quidem

436 1850 492 1899 et
526 1841 668 1897 Filio
709 1848 1031 1896 numeratur
1058 1879 1074 1905 ,
1125 1841 1254 1910 quia
1286 1847 1340 1894 et
1391 1853 1556 1908 supra
1605 1855 1718 1894 rem
1768 1847 2004 1894 creatam
2036 1829 2078 1885 Β

438 1941 555 2000 cst;
589 1931 684 1988 sed
717 1947 783 1987 eo
829 1931 1022 1986 ordine
1076 1939 1429 1996 numeratur,
1469 1946 1628 2000 quem
1663 1931 1719 1984 in
1761 1930 2003 2000 Evange-

436 2025 514 2079 lio
545 2023 839 2079 didicimus
889 2038 918 2076 a
967 2023 1194 2077 Domino
1230 2022 1479 2076 dicente:
1519 2021 1712 2076 Euntes
1745 2022 2005 2090 baptizata

438 2117 496 2169 in
546 2117 752 2170 nomine
805 2115 985 2168 Patris
1017 2123 1067 2168 et
1096 2112 1225 2167 Filii
1257 2122 1306 2166 et
1343 2113 1572 2181 Spiritus
1598 2115 1787 2167 sancti.
1819 2115 2005 2180 “'Qui

439 2212 622 2261 autem
647 2204 914 2275 praeponit
941 2202 1102 2266 Filio,
1136 2209 1231 2255 aut
1257 2201 1417 2256 Patre
1451 2201 1585 2256 dicit
1615 2203 2002 2272 antiquiorem,

438 2296 649 2353 resistit
682 2295 776 2350 Dei
806 2294 1138 2350 ordinationi
1189 2301 1243 2348 et
1275 2308 1307 2346 a
1343 2308 1476 2348 sana
1511 2292 1617 2348 fide
1650 2294 1860 2349 alienus
1883 2303 2001 2349 est:

441 2397 726 2460 acceptum
756 2386 1167 2457 glorificationis
1207 2386 1426 2440 modum
1463 2400 1575 2440 non
1617 2400 1878 2450 servans,
1911 2387 2004 2442 sed

439 2479 648 2549 sibiipsi
703 2493 900 2535 vocum
947 2477 1246 2532 novitatem
1274 2517 1290 2543 ,
1339 2483 1400 2530 ut
1429 2476 1640 2545 placeat
1670 2476 2003 2542 hominibus,

439 2571 780 2641 excogitans.
814 2567 871 2622 Si
902 2568 1046 2623 enim
1093 2567 1204 2622 Deo
1235 2576 1317 2622 est
1345 2567 1618 2637 superior,
1652 2583 1719 2622 ex
1757 2566 1866 2622 Deo
1895 2584 2003 2622 non

439 2672 547 2718 est.
598 2661 872 2730 Scriptum
920 2668 1005 2714 est
1051 2661 1234 2736 enim:
1284 2659 1513 2729 Spiritus
1560 2669 1736 2713 autem
1781 2675 1845 2713 ea:
1895 2659 2006 2715 Deo

439 2764 518 2808 est
547 2753 614 2808 ³⁸.
668 2751 728 2807 Si
777 2759 957 2807 autem
1014 2768 1081 2806 ex
1131 2751 1275 2817 Deo,
1313 2753 1405 2822 qui
1440 2751 1553 2808 fieri
1591 2761 1804 2823 potest,
1835 2762 1894 2808 ut
1941 2769 2006 2808 eo

439 2860 506 2900 ex
535 2857 646 2914 quo
664 2850 779 2908 est,
821 2842 1100 2912 antiquior
1141 2843 1249 2898 sit?
1283 2841 1403 2896 Jam
1446 2859 1575 2898 vero
1606 2860 1727 2914 qua:
1769 2845 2002 2908 insania,

437 2950 565 2993 cum
596 2949 738 2990 unus
769 2934 841 2990 sit
873 2933 1148 3004 ingenitus
1173 2975 1188 3000 ,
1230 2933 1434 3003 aliquid
1462 2933 1611 2988 aliud
1647 2933 1826 2988 dicere
1856 2934 2007 3003 inge~

439 3029 556 3083 nilo
606 3025 900 3099 superius?
957 3025 1062 3080 Sed
1105 3041 1281 3096 neque
1338 3027 1488 3096 prior
1539 3035 1623 3081 est
1675 3024 2002 3096 Unigenito;

439 3121 642 3190 quippe
680 3133 802 3174 cum
843 3119 984 3172 inter
1017 3116 1211 3170 Filium
1250 3123 1303 3172 et
1347 3116 1562 3171 Patrem
1603 3117 1739 3170 nihil
1768 3115 2003 3170 medium

441 3214 537 3266 sit.
570 3210 628 3264 Si
658 3218 839 3264 autem
868 3223 977 3263 non
1010 3215 1095 3264 est
1141 3223 1206 3262 ex
1253 3206 1364 3261 Deo
1389 3247 1402 3270 ,
1439 3215 1522 3262 est
1552 3223 1680 3262 vero
1722 3223 1818 3277 per
1845 3207 2004 3260 Chri-

439 3310 620 3366 stum;
671 3299 893 3355 omnino
938 3313 1050 3352 non
1082 3306 1187 3352 est.
1237 3297 1418 3362 Quare
1460 3298 1549 3351 illa
1583 3297 1727 3351 circa
1759 3297 2003 3351 ordinem

438 3393 654 3448 novitas
685 3391 858 3461 ipsius
877 3389 1209 3445 exsistentiae
1230 3389 1392 3442 habet
1417 3389 1774 3453 eversionem,
1805 3395 1858 3442 et
1883 3387 2006 3443 ﬁdei

437 3485 611 3540 totius
635 3483 850 3554 negatio
879 3488 983 3537 est.
1016 3480 1194 3550 [Eque
1225 3481 1388 3551 igitur
1418 3479 1641 3549 impium
1671 3486 1774 3542 est,
1799 3488 1852 3532 et
1881 3493 2004 3533 cum

439 3575 507 3630 ad
542 3591 655 3631 rem
688 3581 926 3628 creatam
961 3572 1251 3634 deducere,
1283 3579 1336 3626 et
1361 3579 1454 3624 aut
1485 3585 1652 3641 supra
1681 3569 1879 3624 Filium
1913 3577 2008 3623 aut

439 3680 606 3735 supra
655 3663 870 3719 Patrem
927 3677 1166 3732 ponere,
1237 3662 1350 3717 sive
1419 3661 1716 3716 secundum
1765 3669 2001 3731 tempus,

439 3756 554 3811 sive
587 3754 887 3811 secundum
918 3751 1187 3808 ordinem.
1225 3751 1403 3822 Atque
1433 3751 1546 3805 haec
1594 3751 1811 3820 quidem
1854 3761 2000 3817 sunt,

437 3862 561 3917 quae
590 3861 618 3900 a
647 3853 831 3902 vestra
864 3845 1064 3916 pietate
1113 3843 1421 3898 audivimus
1460 3843 1700 3913 requiri:
1755 3842 1900 3912 quod
1957 3845 2005 3897 si

437 3937 701 3994 Dominus
751 3935 1000 4004 dederit,
1039 3943 1098 3991 ut
1133 3937 1188 3990 in
1216 3951 1384 3990 unum
1420 3937 1720 4001 veniamus,
1754 3935 2005 3992 fortassis

436 4029 506 4084 de
539 4030 624 4086 his
655 4028 834 4086 fusius
876 4027 1302 4098 disceptabimus
1328 4066 1342 4092 ,
1373 4040 1436 4080 ac
1474 4025 1634 4082 nobis
1659 4065 1673 4090 ,
1709 4026 1910 4096 quibus
1937 4026 2003 4082 de

435 4120 605 4176 rebus
641 4120 900 4176 certiores
932 4119 1048 4176 ﬁeri
1077 4119 1357 4189 cupimus,
1387 4118 1593 4189 aliquid
1619 4118 1764 4188 quod
1787 4117 2004 4174 satisfa-

438 4209 548 4266 ciat
588 4218 642 4266 et
679 4210 1003 4281 persuadeat
1034 4225 1066 4263 a
1093 4209 1248 4265 vobis
1278 4209 1642 4265 exhibebitur.

860 4318 1016 4390 147
1050 4316 1391 4373 EPISTOLA
1427 4317 1578 4373 Llll'.

2107 574 2370 646 ἐμερίσθη
2401 575 2433 644 ἡ
2464 573 2620 626 οὐσία
2656 573 2764 626 ἀπὺ
2799 573 3012 644 Πατρὸς
3047 575 3126 638 εἰς
3155 575 3300 628 Υἰόν·
3342 575 3464 629 οὐδὲ
3493 579 3691 648 ῥυεῖσα

2109 664 2393 734 ἐγέννησεν
2411 703 2426 726 ,
2455 663 2577 716 οὐδὲ
2601 661 2948 733 προϐαλοῦσα
2971 701 2985 725 ,
3020 663 3096 725 ὡς
3127 661 3195 714 τὰ
3229 661 3372 732 φυτὰ
3392 664 3517 726 τοὺς
3550 683 3690 736 καρ-

2107 755 2263 818 ποὺς,
2308 753 2422 807 ἀλλ’
2457 754 2694 824 άῤῥητος
2745 753 2840 806 καὶ
2884 753 3235 824 ἀνεπινόητος
3277 754 3552 823 λογισμοῖς
3588 758 3689 809 ἀν-

2108 843 2340 914 θρώπων
2377 845 2474 914 τῆς
2517 843 2666 906 θείας
2717 844 3022 914 γεννήσεως
3069 845 3098 896 ὁ
3145 844 3364 912 τρόπος.
3415 845 3690 916 Ταπεινῆς

2107 937 2214 1007 γάρ
2238 935 2316 1004 τῷ
2342 935 2455 988 ὄντι
2483 936 2576 988 καὶ
2605 936 2865 1007 σαρκίνης
2887 934 3005 987 ἐστὶ
3031 933 3265 998 διανοίας
3296 938 3405 998 τοῖς
3428 935 3689 1006 φθαρτοῖς

2109 1027 2203 1078 καὶ
2251 1025 2602 1096 προσκαίροις
2641 1023 2937 1095 ἀφομοιοῦν
2981 1024 3050 1076 τὰ
3096 1024 3273 1090 ἀΐδια,
3318 1026 3412 1078 καὶ
3455 1027 3686 1090 οἴεσθαι,

2108 1117 2209 1179 ὅτι,
2238 1116 2312 1179 ὼς
2334 1116 2403 1170 τά
2439 1117 2746 1186 σωματικὰ,
2772 1115 2914 1169 οὕτω
2945 1118 3108 1186 γεννᾷ
3138 1117 3232 1170 καὶ
3253 1118 3282 1169 ὁ
3309 1117 3438 1182 Θεὸς
3457 1120 3684 1188 ὁμοίως·

2108 1206 2223 1258 δέον
2260 1207 2324 1259 ἐκ
2357 1205 2463 1258 τῶν
2495 1205 2751 1258 ἐναντίων
2783 1204 3080 1276 λαμϐάνειν
3126 1204 3224 1269 τὰς
3261 1207 3512 1278 ἀφορμὰς
3547 1211 3690 1280 πρὸς

2109 1296 2205 1367 τὴν
2258 1295 2556 1350 εὐσέϐειαν·
2609 1297 2729 1361 ὅτι,
2785 1296 2972 1366 ἐπειδὴ
3035 1296 3104 1349 τά
3159 1295 3328 1365 θνητὰ
3390 1299 3597 1363 οὕτως,
3656 1302 3689 1352 ὁ

2109 1388 2375 1453 ἀθάνατος
2413 1388 2510 1458 οὐχ
2561 1387 2752 1451 οὕτως.
2802 1387 2938 1441 Οῠτε
2992 1383 3085 1441 οῦν
3137 1388 3418 1458 ἀρνεῖσθαι
3460 1390 3541 1442 δεῖ
3587 1391 3689 1462 τὴν

2111 1479 2261 1534 θείαν
2289 1479 2560 1550 γέννησιν,
2596 1479 2720 1532 οὔτε
2768 1482 3105 1549 σωματικαῖς
3146 1479 3375 1542 ἐννοίαις
3417 1483 3689 1552 καταρρυ-

2110 1569 2244 1624 ποῦν
2272 1568 2462 1622 ἐαυτοῦ
2487 1568 2582 1640 τὴν
2615 1568 2870 1624 διάνοιαν.

2175 1754 2228 1807 4.
2262 1754 2332 1806 Τὸ
2361 1753 2418 1806 δὲ
2457 1751 2682 1822 Πνεῦμα
2704 1749 2763 1802 τὸ
2793 1749 2944 1816 ’ἅγιον
2972 1747 3148 1819 Πατρὶ
3185 1747 3284 1818 μὲν
3301 1749 3394 1802 καὶ
3407 1748 3519 1818 Υξῷ
3560 1765 3687 1801 συν-

2107 1845 2414 1916 αριθμεῖται
2433 1885 2448 1908 ,
2480 1845 2612 1898 διότι
2635 1844 2728 1896 καὶ
2759 1842 2899 1912 ὑπὲρ
2935 1841 3030 1910 τὴν
3055 1840 3233 1892 κτίσιν
3262 1839 3396 1894 ἐστί·
3427 1841 3687 1893 τέτακται

2105 1937 2183 2000 δὲ,
2218 1937 2292 2000 ὡς
2324 1939 2379 1990 ἐν
2412 1935 2726 2004 Εὑαγγελίῳ
2758 1929 3113 2000 δεδιδάγμεθα
3145 1931 3293 2002 παρὰ
3332 1929 3426 1983 τοῦ
3472 1931 3684 2002 Κυρίου

2107 2026 2369 2088 εἰπόντος·
2439 2021 2832 2092 Πορευθέντες
2873 2014 3187 2084 ,ϐαπτίζετε
3240 2020 3325 2082 εὶς
3370 2015 3436 2069 τὸ
3493 2016 3687 2084 ὄνομα

2107 2117 2212 2171 τοῦ
2228 2116 2454 2184 Πατρός
2470 2115 2565 2168 καὶ
2588 2113 2693 2168 τοῦ
2721 2111 2854 2166 Υὶοῦ
2875 2110 2974 2164 καὶ
2994 2110 3100 2164 τοῦ
3121 2111 3292 2178 ἁγίου
3316 2109 3683 2176 Uret-patec.

2119 2211 2176 2263 Ὀ
2215 2209 2272 2263 δὲ
2315 2207 2590 2280 προτιθεὶς
2625 2203 2754 2258 Υίοῦ
2795 2203 2970 2274 (40),
3018 2202 3050 2273 ἢ
3101 2199 3466 2274 πρεσϐύτερον
3506 2199 3687 2266 λέγων

2107 2300 2338 2372 Πατρέκ,
2367 2294 2517 2361 οὗτος
2554 2297 2869 2352 ἀνθίσταται
2902 2295 2999 2365 μὲν
3028 2297 3094 2365 τῇ
3124 2293 3217 2346 τοῦ
3246 2291 3381 2344 Θεοῦ
3413 2291 3643 2360 διαταγῇ
3666 2329 3682 2353 ,

2107 2392 2382 2460 ἀλλότριος
2409 2390 2468 2442 δέ
2489 2388 2590 2458 τῆς
2619 2386 2966 2456 ὑγιαινούσης
3000 2385 3234 2446 πίστεως
3258 2423 3272 2446 ,
3308 2382 3382 2452 μὴ
3433 2381 3492 2432 ὃν
3534 2398 3683 2450 παρ-

2107 2483 2263 2536 έλαϐε
2278 2483 2474 2554 τρόπον
2501 2477 2805 2546 δοξολογίας
2823 2477 3122 2545 φυλάττων,
3155 2475 3269 2528 ἀλλ’
3305 2471 3484 2541 ἐαυτῴ
3503 2489 3686 2524 καινο-

2108 2577 2308 2647 φωνίαν
2336 2575 2466 2643 (id),
2502 2573 2580 2635 εἰς
2618 2571 2907 2642 ἀρέσκειαν
2947 2566 3269 2640 ἀνθρὼπων,
3315 2565 3568 2619 ἐπινοῶν.
3616 2565 3684 2617 ΕΞ

2106 2669 2212 2740 γάρ
2237 2666 2506 2737 ἀνώτερον
2525 2663 2682 2728 Θεοῦ,
2701 2665 2800 2716 οὐκ
2825 2664 2888 2715 ἐκ
2906 2660 2998 2714 τοῦ
3023 2660 3178 2714 Θεοῦ.
3208 2659 3517 2729 Γέγραπται
3545 2658 3679 2729 γὰρ,

2112 2761 2180 2813 Τὸ
2211 2758 2279 2812 δὲ
2309 2757 2550 2825 Πνεῦμα
2577 2756 2644 2808 ἐκ
2668 2754 2774 2807 τοῦ
2809 2753 2975 2807 Θεοῦ.
3009 2753 3073 2804 Et
3093 2751 3148 2802 δὲ
3177 2752 3241 2803 ἐκ
3261 2749 3353 2802 τοῦ
3379 2747 3536 2812 Θεοῦ,
3564 2748 3682 2810 πῶς

2107 2848 2470 2922 πρεσϐύτερόν
2500 2850 2614 2900 ἐστι
2645 2845 2738 2898 τοῦ
2771 2844 2829 2910 ἐξ
2854 2839 2913 2898 οῦ
2949 2844 3096 2906 ἐστι;
3142 2841 3238 2904 Τίς
3277 2841 3332 2894 δέ
3372 2840 3464 2892 καὶ
3508 2840 3542 2909 ἡ
3580 2856 3675 2890 πα-

2110 2942 2293 3013 ράνοια
2325 2939 2458 3010 (42),
2491 2939 2609 3000 ἐνὸς
2640 2936 2792 2999 ὄντος
2811 2934 2904 2987 τοῦ
2932 2934 3247 3002 ὰγεννήτου,
3277 2931 3403 2985 ἄλλο
3428 2948 3479 2982 τι
3503 2929 3679 2997 λέγειν

2105 3028 2197 3083 τοῦ
2227 3029 2517 3098 ἁγεννήτου
2550 3025 2853 3095 ἀνώτερον;
2888 3022 3025 3075 Ἀλλ’
3060 3022 3179 3074 οὐδὲ
3214 3020 3306 3073 τοῦ
3346 3019 3680 3085 Μονογενοῦς

2108 3124 2391 3194 πρότερον·
2427 3120 2576 3174 οὐδὲν
2611 3118 2721 3188 γὰρ
2765 3118 2926 3188 μέσον
2959 3116 3089 3168 Υίοῦ
3128 3116 3221 3168 καὶ
3262 3115 3490 3184 Πατρός.
3526 3114 3589 3164 Εἰ
3622 3113 3678 3164 δὲ

2112 3219 2184 3288 μή
2217 3219 2360 3268 ἐστιν
2382 3217 2445 3267 ἐκ
2469 3211 2626 3275 Θεοῦ,
2655 3210 2745 3263 διὰ
2769 3207 3006 3280 Χριστοῦ
3038 3208 3094 3260 δέ
3126 3209 3294 3269 ἐστιν,
3319 3205 3439 3258 οὐδέ
3466 3207 3584 3256 ἐστι
3618 3203 3678 3254 τὶ

2109 3305 2386 3376 παράπαν.
2423 3303 2586 3355 Ὥστε
2619 3303 2652 3372 ἡ
2683 3300 2812 3370 περὶ
2845 3299 2942 3368 τὴν
2969 3297 3122 3363 τάξιν
3159 3294 3474 3364 καινοτομία
3511 3293 3680 3361 αὐτῆς

2103 3395 2202 3465 τῆς
2247 3390 2532 3463 ὑπάρξεως
2571 3389 2826 3460 ἀθέτησιν
2865 3387 3011 3457 ἔχει,
3042 3386 3136 3438 καὶ
3167 3385 3292 3452 ὅλης
3324 3384 3420 3452 τῆς
3449 3380 3680 3443 πίστεώς

2105 3489 2250 3539 ἐστιν
2276 3486 2520 3556 ἄρνησις,
2552 3480 2786 3552 Ὀμοίως
2806 3477 2899 3534 οὖν
2929 3481 3073 3532 ἐστιν
3103 3477 3316 3537 ἀσεϐὲς,
3346 3475 3439 3527 καὶ
3459 3473 3549 3526 ἐπὶ
3579 3473 3681 3542 τὴν

2106 3576 2282 3628 κτίσιν
2335 3575 2666 3642 καταγαγεῖν
2727 3571 2859 3642 (45),
2913 3571 3006 3622 καὶ
3057 3565 3402 3639 ὑπερτιθέναι
3455 3563 3582 3616 αὐτὸ
3643 3560 3680 3632 ἢ

2105 3665 2236 3719 Υἱοῦ
2283 3665 2317 3736 ἢ
2368 3664 2600 3734 Πατρὸς,
2647 3664 2680 3733 ἢ
2732 3661 2874 3714 κατά
2925 3660 3015 3713 τὸν
3062 3659 3280 3729 χρόνον,
3320 3657 3357 3726 ἢ
3401 3655 3542 3709 κατά
3580 3655 3682 3723 τὴν

2105 3757 2276 3822 τάξιν.
2317 3757 2384 3809 Ἀ
2422 3755 2521 3827 μὲν
2565 3752 2656 3808 οὖν
2707 3755 2916 3825 ἥκουσα
2961 3749 3333 3818 ἐπιζητεῖσθαι
3385 3747 3532 3817 παρὰ
3580 3745 3680 3815 τῆς

2107 3849 2390 3911 εὐλαϐείας
2436 3847 2608 3918 ὑμῶν,
2649 3845 2824 3899 ταῦτά
2871 3846 3036 3897 ἐστιν’
3083 3842 3177 3895 ἐὰν
3215 3841 3270 3893 δὲ
3307 3839 3382 3910 δῷ
3414 3841 3442 3891 ὁ
3477 3837 3681 3907 Κύριος

2107 3941 2201 3995 καὶ
2233 3942 2310 4004 εἰς
2343 3939 2536 3994 ταυτὸν
2567 3939 2712 4009 ἡμᾶς
2751 3935 3001 4008 ἀλλήλοις
3043 3933 3314 4002 γενέσθαι,
3351 3931 3491 4000 τάχα
3531 3929 3594 3982 ἄν
3619 3944 3678 3980 τι

2109 4033 2203 4086 καὶ
2225 4031 2351 4103 περὶ
2381 4029 2584 4083 τούτων
2613 4028 2774 4082 πλέον
2800 4029 3068 4098 εἴποιμεν,
3090 4025 3184 4079 καὶ
3206 4023 3359 4078 αὐτοὶ
3392 4022 3435 4075 δ’
3461 4021 3524 4074 ἂν
3547 4017 3680 4088 περὶ

2109 4117 2183 4177 ὧν
2227 4121 2587 4194 ἐπιζητοῦμεν
2631 4120 2884 4193 εῦροιμέν
2935 4135 3055 4172 τινα
3100 4119 3229 4189 παρ’
3275 4113 3427 4188 ὑμῶν
3474 4111 3678 4183 πληρο-

2111 4215 2324 4285 φορίαν.

2621 4325 2970 4378 ΕΠΙΣΤΟΛΗ
3016 4323 3106 4375 NI‘
3135 4365 3147 4376 .

439 4408 984 4479 Demonstratpasilius
1020 4408 1392 4479 cliorcpiscopis,
1434 4409 1534 4479 siue
1571 4410 1809 4479 episcopis
1841 4413 2181 4479 sibiﬂsubditis,
2206 4428 2413 4476 quorum
2440 4415 2664 4479 nonnulli
2704 4415 2858 4479 pretio
2877 4428 3046 4464 manus
3090 4413 3335 4479 imponere
3383 4410 3675 4479 ferebantur,

500 4479 684 4541 quanta.
701 4470 761 4540 sit
782 4469 923 4534 hujus
940 4469 1067 4541 .[acti
1087 4469 1332 4534 turpitudo
1353 4469 1454 4531 {ac
1477 4469 1693 4522 declarat
1717 4469 1776 4523 ab
1798 4473 2032 4526 altaribus
2054 4469 2372 4539 recessurum,
2409 4475 2452 4528 si
2479 4477 2586 4541 quis
2607 4469 2713 4539 post
2733 4478 2856 4526 hanc
2877 4483 3119 4538 acceptam
3139 4469 3393 4538 épistotani
3413 4471 3506 4522 tale
3531 4471 3678 4534 quit:-

500 4531 631 4597 piam
651 4531 984 4596 designdverit.

960 4613 1408 4683 ’Chorepiscopis.

509 4709 558 4763 1.
603 4705 702 4762 Rei
733 4705 1016 4776 turpitudo
1035 4746 1048 4770 ,
1078 4705 1145 4762 de
1178 4721 1285 4778 qua
1315 4705 1496 4761 scribo
1519 4746 1534 4773 ,
1569 4707 1673 4762 hoc
1703 4709 1822 4765 ioso
1847 4727 1994 4766 auoa

506 4826 571 4860 ⁸⁸·
605 4821 792 4877 Matth.
824 4833 1017 4886 xxvm,
1049 4819 1135 4874 l9.
1195 4820 1241 4853 ⁸⁸
1275 4820 1294 4873 ι
1323 4819 1451 4877 Cor.
1491 4835 1554 4886 ιι,
1588 4819 1675 4874 12.

507 4942 527 4961 ⁶
554 4936 702 4990 Alias
731 4929 966 4986 LXXVI.
1000 4930 1217 5003 Scripta
1243 4934 1398 4988 initio
1426 4931 1796 5003 episcopatus.

508 5007 620 5077 (40)
649 5003 954 5072 Προτιθεὶς
970 4999 1142 5077 Non};
1163 5003 1254 5077 _Sic_
1273 4999 1734 5077 pleriqrqurfiqui
1755 4999 1993 5063 codices,

434 5072 667 5148 quorum
691 5083 872 5148 tamen
893 5073 1143 5148 nonnulli
1170 5072 1372 5148 habent
1394 5074 1487 5126 τοῦ
1515 5072 1666 5148 ﬁgi},
1690 5087 1833 5148 unus
1863 5087 1995 5148 προ-

437 5141 548 5210 θεὶς
592 5143 745 5206 Υίοῦ,
779 5142 909 5213 editi
948 5142 1223 5213 πρρτιθεὶς
1255 5143 1419 5213 τοῦτο
1451 5141 1742 5213 1051196.
1786 5141 1998 5213 Habent

437 5209 600 5271 iidem
626 5214 754 5269 editi
784 5211 956 5282 λέγων
987 5209 1142 5265 εἶναι·
1175 5212 1270 5268 sed
1303 5215 1527 5268 verbum
1558 5211 1690 5266 illud
1719 5211 1996 5282 posterius

437 5289 591 5341 abest
621 5299 650 5336 a
681 5282 954 5352 plerisque
993 5298 1126 5352 mss.
1159 5283 1327 5337 Valde
1363 5291 1546 5337 autem
1576 5282 1768 5352 dubito
1799 5295 1866 5333 an
1895 5281 1996 5333 ali-

435 5357 531 5426 qui
563 5351 897 5426 exstiterint,
924 5354 1021 5426 qui
1061 5351 1322 5426 Spiritum
1353 5352 1498 5408 Patri
1536 5362 1587 5405 et
1614 5351 1750 5426 ilio
1780 5365 1993 5419 praepo-

437 5421 650 5482 nerent.
683 5421 1048 5477 Verisimilius
1075 5421 1161 5477 est
1186 5422 1711 5477 Pneumatomachos
1733 5421 1879 5473 hunc
1903 5435 1990 5472 cr-

437 5509 614 5549 rorem
663 5491 990 5546 adversariis
1037 5494 1154 5547 suis
1203 5492 1494 5549 afiinxisse.
1544 5489 1704 5545 Ger-te
1752 5490 1988 5545 Basilius

437 5566 554 5635 ipse
581 5571 766 5635 postea
799 5561 961 5635 hujus
993 5563 1444 5635 crrorisrnomine
1475 5569 1768 5635 accusatus
1799 5576 1830 5612 a
1864 5575 1998 5613 non-

436 5631 602 5690 nullis
634 5631 757 5689 fuit.
788 5637 847 5681 ut
875 5633 1058 5685 videre
1088 5642 1171 5686 est
1207 5634 1260 5686 in
1291 5633 1455 5701 epist.
1478 5633 1605 5686 25L

2560 4623 3041 4690 Χωρεπισκόποις
3087 4619 3216 4688 (44).

2175 4712 2246 4764 Τὸ
2275 4710 2367 4765 τοῦ
2403 4709 2721 4782 πράγματος
2759 4709 2954 4762 ἄτοπον
3003 4707 3168 4777 (45),
3207 4706 3335 4776 περὶ
3362 4720 3423 4757 ου
3455 4719 3676 4773 γράφω,

2106 4929 2264 5010 Illud,
2296 4926 2546 5012 ἐπινοῶν,
2590 4925 2914 4993 excogitans,
2963 4925 3161 4980 melius
3192 4929 3444 4998 congruit
3477 4942 3676 4982 vocum

2103 5008 2632 5138 ΠἭῧῑΠαρά-νοια.
2668 5065 2758 5119 Sic
2783 5074 2910 5121 octo
2935 5080 3069 5120 mss.
3104 5064 3266 5138 E_diti_
3289 5067 3564 5138 παροινία.

2175 5135 2283 5208 (45)
2327 5135 2456 5192 Ἐπὶ
2482 5136 2596 5208 τὴν
2621 5136 3212 5208 κτίςινῌκαταπτιγεῗν.
3243 5135 3336 5192 Sic
3361 5135 3494 5192 mss.
3518 5144 3668 5191 octo.

2104 5204 2246 5264 Editi
2270 5204 2354 5272 ἐἰς
2380 5208 2476 5278 τὴν
2504 5205 2680 5259 κτίσιν
2712 5204 2937 5275 Πνεῦμα
2963 5207 3240 5273 κατάγειν.

2170 5279 2280 5349 (Ui)
2317 5274 2953 5349 premmggﬁzcthJta
3013 5276 3371 5332 vetustissimi
3421 5274 3670 5349 codices,

2097 5344 2274 5412 Harl;
2303 5348 2471 5403 Coisl.
2507 5356 2562 5400 et
2600 5346 2740 5400 Med.
2785 5344 2924 5416 Editi
2958 5352 3011 5399 et
3045 5353 3156 5399 tres
3195 5363 3326 5402 mss.
3369 5347 3503 5416 πρὸς
3541 5347 3670 5406 τοὺς

2096 5421 2185 5489 ὑφ’
2209 5419 2401 5474 ἐαυτὸν
2421 5418 2769 5478 ἐπισκόπους,
2801 5414 2940 5467 ὥστε
2967 5416 3041 5485 μὴ
3064 5419 3387 5486 χειροτονεῖν
3414 5414 3504 5468 ἐπὶ
3526 5417 3668 5487 χρή-

3535 5503 3669 5538 uate

2170 5625 2456 5696 (45)
2489 5620 3344 5696 t’t'tortorLHacuvoceinterdum
3376 5629 3532 5696 turpe
3558 5621 3666 5696 ali-

509 5701 620 5774 (M)
655 5701 1085 5774 Κςξφζορωνίαν.
1124 5703 1222 5774 Sic
1264 5691 1428 5768 Méd.,
1472 5703 1642 5758 Coisl.
1687 5701 1910 5774 primus
1949 5707 2003 5752 et
2099 5691 2246 5774 quod
2289 5693 2504 5748 facinus
2537 5694 2690 5774 apud
2735 5691 3000 5747 Basilium
3039 5692 3376 5764 designatur,
3408 5694 3575 5764 _velut
3607 5692 3666 5746 in

434 5769 845 5855 Claro'm1Editi
871 5773 1222 5842 κενοφωνίας,
1245 5780 1451 5843 septem
1483 5787 1615 5828 mss.
1648 5769 2000 5839 κενοφωνίαν.

2102 5765 2268 5836 epist.
2303 5765 2549 5834 sequenti
