3988 6194
386 300 482 355 401

1331 283 1816 357 EPISTOLARUM
1853 300 2136 357 CLASSlS
2175 302 2236 358 ll.
2277 304 2495 362 EPlST.
2537 304 2648 364 LV.

3502 305 3608 363 ιοε

389 415 484 470 Διὸ
518 412 704 496 πολλοὶ.
738 415 838 487 μὲν
866 415 1133 487 ὑπηρέται
1176 415 1531 488 ἀριθμοῦνται
1570 419 1689 473 καθ’
1718 420 1951 489 ἑκάστην

2069 434 2120 475 te
2149 436 2293 477 unus
2339 422 2579 493 quidem,
2619 428 2678 475 ut
2725 436 2822 477 vos
2856 420 2958 492 ipsi
3003 416 3399 484 tcstiﬁcamini,
3430 417 3609 471 homi-

390 503 603 576 κώμην,
634 504 781 571 ἄξιος
818 505 875 559 δὲ
910 505 1248 576 λειτουργίας
1280 506 1373 560 τοῦ
1417 507 1800 579 θυσιαστηρίου
1832 508 1951 561 οὑδὲ

334 634 335 639 η
390 592 474 659 εἷς
518 595 652 667 (57),
702 596 778 661 ὼς
824 598 979 667 ὑμεῖς
1027 598 1178 651 αὑτοὶ
1234 602 1579 672 μαρτυρεῖτε,
1627 600 1954 674 ἀποροῦντες

316 1908 355 2029 ί

390 687 601 758 ἀνδρῶν
617 688 676 742 ἐν
700 691 817 753 ταῖς
831 690 1213 761 ψηφοφορίαις.
1241 691 1391 745 Ἐπεὶ¹
1406 687 1497 745 οὖν
1513 693 1622 764 ὁρῶ
1635 694 1695 747 τὸ
1722 694 1952 764 πρᾶγμα

390 779 576 832 λοιπὸν
634 782 715 844 είς
771 781 1066 851 ἀνήκεστον
1122 782 1341 852 προϊὸν,
1402 783 1634 854 μάλιστα
1679 783 1795 847 νῦν,
1845 782 1981 836 τῶν·’

392 870 659 924 πλείστων
693 870 842 943 φόϐῳ
873 873 970 944 τῆς
1005 874 1388 945 στρατολογίας
1415 875 1795 929 εἰσποιούντων
1823 877 1952 928 ἐαυ-

390 961 519 1024 τοὺς
541 963 608 1033 τῇ
643 960 932 1034 ὑπηρεσίᾳ,
974 962 1284 1033 ἀναγκαίως
1320 959 1482 1036 ἦλθον
1522 966 1601 1031 είς
1628 965 1694 1018 τὸ
1720 965 1956 1018 ἀνανεώ-

393 1050 591 1104 σασθαι
616 1052 743 1114 τοὺς
789 1053 897 1105 τῶν
927 1054 1186 1125 Πατέρων
1232 1055 1494 1120 κανόνας⁶
1527 1057 1621 1111 καὶ
1659 1057 1955 1112 ἐπιστέλλω

393 1142 523 1212 ὑμῖν
555 1142 866 1196 ἀποστεῖλαί
897 1161 987 1214 μοι
1016 1143 1113 1216 τὴν
1140 1147 1463 1220 ἀναγραφὴν
1493 1148 1727 1219 ἑκάστης
1763 1147 1959 1222 κώμης

392 1234 503 1288 τῶν
529 1234 959 1306 ὑπηρετούντων,
995 1237 1090 1291 καὶ
1120 1238 1224 1291 ὑπὸ
1249 1238 1393 1304 τίνος
1421 1241 1668 1310 εἰσῆκται
1699 1240 1952 1303 ⁹ἕκαστος,

392 1328 491 1379 καὶ
520 1327 577 1379 ὲν
618 1326 756 1398 ποίῳ
784 1327 884 1398 βίῳ
930 1329 1094 1383 ἐστίν.
1152 1330 1343 1400 Ἔχετε
1384 1331 1441 1385 δὲ
1485 1334 1578 1386 καὶ
1627 1333 1779 1387 αὐτοὶ
1826 1334 1955 1405 παρ’

394 1416 609 1482 ἐαυτοῖς
628 1418 725 1490 τὴν
753 1419 1093 1491 ἀναγραφὴν,
1127 1420 1264 1476 ὥστε
1289 1424 1672 1494 συγκρίνεσθαι
1692 1428 1805 1488 τοῖς
1826 1426 1955 1497 παρ’

393 1508 529 1577 ἡμῖν
551 1509 931 1581 ἀποκειμένοις
949 1512 1236 1582 γράμμασι
1266 1511 1333 1566 τὰ
1358 1511 1617 1585 ὑμέτερα,
1643 1515 1740 1567 καὶ
1768 1515 1961 1586 μηδενὶ

393 1597 597 1664 ἐξεῖναι
629 1601 839 1664 ἑαυτὸν,
887 1602 975 1655 ὅτε
1016 1601 1281 1672 βούλεται,
1331 1604 1760 1675 παρεγγράφειν.
1803 1604 1959 1658 Οὖτω

2055 527 2183 565 num
2232 516 2458 583 penuria
2505 515 2815 569 laborantes
2845 514 2899 568 in
2933 511 3314 569 electionibus.
3346 505 3614 573 Quoniam

2055 603 2221 673 igitur
2245 605 2400 662 video
2420 622 2535 661 rem
2560 608 2614 661 in
2647 608 2847 661 malum
2868 605 2981 676 jam
3011 601 3315 659 insanabile
3339 596 3611 670 progredi,

2054 710 2202 750 nunc
2224 700 2540 766 praesertim,
2570 713 2691 753 cum
2724 697 2944 767 plurimi
2975 695 3185 750 militia:
3208 698 3378 754 metu,
3405 688 3616 757 seipsos

2056 786 2111 840 in
2160 787 2521 844 ministerium
2574 790 2901 860 conjiciant,
2946 785 3258 844 necessario
3302 780 3512 837 accessi
3545 778 3616 834 ad

2054 873 2275 931 Patrum
2322 892 2564 933 canones
2602 876 2977 943 renovandos;
3015 890 3080 928 ac
3116 873 3270 928 vobis
3311 869 3514 931 scribo,
3556 872 3618 921 ut

2055 967 2290 1024 mittatis
2344 969 2477 1022 mihi
2538 969 2840 1039 catalogum
2907 966 3280 1020 ministrorum
3349 959 3623 1027 cujusque

2056 1058 2202 1129 pagi,
2230 1068 2284 1114 et
2307 1074 2475 1129 aquo
2498 1060 2729 1130 quisque
2756 1058 2912 1130 149
2940 1056 3283 1112 introductus
3306 1053 3397 1117 sit,
3423 1057 3477 1104 et
3497 1063 3619 1119 qua:

2056 1149 2179 1220 ejus
2227 1151 2301 1207 sit
2338 1150 2554 1205 vivendi
2592 1152 2749 1205 ratio.
2789 1150 2993 1204 Habeto
3042 1157 3221 1201 autem
3255 1150 3308 1199 et
3335 1141 3440 1212 ipsi
3475 1137 3621 1209 apud

2057 1258 2154 1298 vos
2179 1243 2505 1312 catalogum,
2535 1251 2594 1296 ut
2622 1257 2746 1295 cum
2772 1241 2993 1310 scriptis
3026 1238 3166 1308 apud
3222 1250 3321 1290 nos
3362 1231 3622 1302 repositis

2056 1342 2240 1389 vestra
2288 1333 2661 1399 conterantur,
2698 1349 2799 1388 nec
2847 1333 3099 1402 cuiquam
3139 1329 3300 1383 liccat
3352 1325 3621 1395 seipsum,

2058 1440 2185 1480 cum
2215 1425 2472 1490 voluerit,
2505 1424 2825 1481 inscribere.
2851 1421 2930 1477 Ita
2955 1436 3111 1487 sane,
3153 1418 3200 1476 si
3232 1417 3326 1488 qui
3350 1424 3474 1487 post
3506 1414 3623 1486 pri-

2057 1530 2204 1570 mam
2236 1515 2587 1571 indictionem
2620 1530 2651 1569 a
2681 1513 3014 1584 presbyteris
3053 1508 3350 1566 introducti
3393 1506 3631 1572 fuerint,

2058 1605 2198 1660 inter
2241 1606 2407 1661 laicos
2443 1606 2783 1676 rejiciantur.
2828 1604 3027 1659 Eorum
3073 1610 3253 1656 autem
3291 1613 3523 1659 examen
3557 1597 3625 1652 de

398 1689 604 1761 μέντοι,
639 1691 776 1761 μετὰ
817 1692 916 1764 τὴν
961 1691 1185 1764 πρώτην
1232 1694 1552 1765 ἐπινέμησιν
1598 1696 1651 1748 εἴ
1681 1713 1824 1759 τινες
1855 1695 1959 1749 ὑπὸ

2069 1697 2279 1767 integro
2301 1697 2549 1767 repetite,
2579 1705 2632 1752 et
2661 1697 2706 1751 si
2737 1696 2885 1767 digni
2914 1694 3137 1758 fuerint,
3162 1691 3421 1761 suffragio
3441 1695 3631 1748 vestro

394 1780 781 1853 πρεσϐυτέρων
811 1782 1160 1854 είσήχθησαν,
1195 1783 1285 1837 ἐπὶ
1315 1764 1441 1848 τοὺς
1479 1785 1699 1849 λα’ίκοὺς
1725 1788 1953 1858 ἀπορρι-

2069 1764 2453 1858 suscipiantur.
2504 1764 2818 1859 Expurgate
2860 1786 3195 1846 Ecclesiam,
3250 1782 3516 1853 indignos.
3556 1794 3626 1835 ex

370 1871 591 1941 φῶσιν.
631 1872 869 1927 Ἀνωθεν
911 1874 968 1927 δὲ
1013 1874 1235 1946 γένηται
1275 1875 1450 1930 αὑτῶν
1490 1879 1619 1949 παρ’
1682 1876 1833 1948 ὑμῶν
1870 1877 1957 1943 ἐξ-

395 1962 613 2026 έτασιςο
645 1964 747 2018 κᾶν
783 1965 879 2036 μὲν
912 1966 1049 2032 ἄξιοι
1081 1960 1205 2031 ὦσι,
1230 1969 1294 2039 τῇ
1325 1967 1563 2039 ὑμετέρα
1590 1967 1753 2038 ψήφῳ
1782 1985 1958 2040 παρα-

286 2096 301 2115 ,
393 2052 758 2123 δεχθήτωσαν.
822 2055 1274 2126 Ἐπικαθαρίσατε
1318 2056 1430 2129 (58)
1479 2058 1578 2128 τὴν
1610 2057 1954 2128 Ἐκκλησίαν,

393 2145 523 2208 τοὺς
567 2146 818 2213 ἀναξίους
862 2148 1031 2218 αὑτῆς
1074 2148 1473 2213 ἀπελάσαντες,
1503 2146 1721 2202 καὶτοῦ
1777 2147 1963 2201 λοιποῦ

394 2236 678 2303 ἐξετάζετε
713 2237 823 2310 (59)
858 2238 955 2310 μὲν
974 2240 1097 2302 τοὺς
1124 2238 1305 2304 ἀξίους
1329 2240 1421 2294 καὶ
1449 2237 1818 2311 παραδέχεσθε
1837 2256 1850 2269 ·
1889 2239 1962 2310 μὴ

2058 1893 2122 1935 ea
2142 1879 2445 1951 ejicientes.
2469 1879 2643 1950 Atque
2666 1880 2719 1931 in
2751 1887 3026 1950 posterum
3054 1877 3355 1931 examinate
3382 1872 3621 1942 quidem,

2059 1971 2155 2042 qui
2197 1971 2346 2043 digni
2384 1971 2529 2037 sint,
2568 1980 2622 2026 et
2658 1966 2759 2025 eos
2803 1968 3070 2023 admittite
3111 1986 3125 2021 :
3166 1967 3261 2022 sed
3312 1965 3464 2035 prius
3515 1975 3640 2021 non,

2063 2061 2344 2126 ascribite,
2379 2076 2542 2131 quam
2575 2061 2644 2115 ad
2681 2075 2784 2116 nos
2812 2059 3146 2125 retuleritis;
3183 2063 3278 2111 aut
3304 2055 3496 2111 scitote
3523 2053 3645 2107 lai-.

2071 2166 2193 2206 cum
2222 2152 2464 2206 futurum
2491 2166 2634 2215 esse,
2665 2151 2757 2222 qui
2788 2150 2906 2206 sine
2935 2157 3126 2205 nostro
3149 2147 3356 2218 judicio
3378 2148 3435 2201 in
3463 2145 3626 2201 mini-

2068 2243 2292 2299 sterium
2320 2243 2481 2299 fuerit
2508 2243 2799 2299 admissus.

394 2331 680 2403 ἀριθμεῖτε
713 2333 769 2387 δὲ
798 2333 927 2405 πρὶν
970 2336 1049 2398 εἰς
1086 2335 1232 2405 ἡμᾶς
1276 2336 1687 2404 ἐπανενεγκεῖν·
1722 2334 1755 2388 ἢ
1800 2336 2114 2407 γινώσκετε,
2146 2341 2229 2394 ὅτι
2294 2339 2478 2404 λαῖκὸς
2513 2338 2663 2397 ἔσται
2816 2338 2943 2393 ἄνευ
2972 2334 3244 2409 ἡμετέρας
3272 2331 3494 2404 γνώμης
3542 2328 3648 2393 εἱς-τ

394 2428 699 2500 ὑπηρεσίαν
728 2429 1104 2502 παραδεχθείς.

940 2543 1282 2599 ΕΠΙΣΤΟΛΗ
1319 2546 1445 2601 NE’.

2589 2540 2925 2596 EPISTOLA
2962 2539 3095 2594 LV'.

398 2655 651 2724 Decrettm
674 2650 847 2724 Basilii
867 2650 1098 2705 adversus
1116 2658 1368 2724 extraneas
1388 2667 1615 2724 mitteres
1635 2668 1746 2704 cum
1763 2657 2064 2724 Pareqorrus
2080 2655 2326 2724 presbyter
2350 2652 2521 2724 minus
2533 2655 2805 2724 observaret
2817 2667 2836 2715 ,'
2848 2652 3076 2724 [inﬂatur
3097 2640 3205 2703 eum
3231 2650 3443 2724 ῌαδξζὶιιε
3461 2661 3514 2705 ut

460 2716 614 2785 τεηᾴο
635 2714 791 2777 potius
821 2726 961 2783 quam
977 2717 1257 2785 .exri‘tsando
1281 2729 1383 2767 sese
1402 2714 1673 2785 defendat;
1688 2731 1823 2767 secus
1858 2714 2450 2785 depositionemjninatur,
2475 2723 2614 2781 atque
2638 2715 2791 2781 ipsam
2812 2714 2957 2766 etiam
2977 2714 3507 2768 excomnmnicalt'onem
3523 2714 3625 2770 ium

459 2773 577 2838 ipsi,
594 2772 696 2825 tum
709 2788 818 2827 eum
834 2772 1186 2838 recipientibus,
1207 2774 1250 2825 si
1271 2772 1590 2827 sacerdotium
1611 2772 1733 2827 citra
1751 2791 1812 2829 cn

716 2881 1059 2951 Παρηγορίῳ
1098 2880 1209 2951 (60)
1248 2881 1644 2951 πρεσϐυτέρῳ.

485 2992 760 3063 Ένέτυχόν
791 3009 881 3046 σου
919 2993 1030 3053 τοῖς
1055 2990 1345 3062 γράμμασι
1377 2991 1513 3062 μετά
1549 2992 1727 3064 πάσης
1761 3011 1963 3066 μακρο-

406 3087 623 3158 θυμίας,
669 3084 763 3138 καὶ¹
795 3081 1075 3154 ἐθαύμασα
1109 3082 1245 3148 πῶς,
1286 3082 1578 3154 δυνάμενος
1618 3085 1748 3155 ἡμῖν
1783 3086 1967 3140 συντό-

410 3195 524 3249 μως
553 3176 646 3230 καὶ
676 3173 912 3236 εὐκόλως
940 3173 1379 3244 ἀπολογήσασθαι
1428 3173 1518 3228 διά
1564 3173 1671 3227 τῶν
1713 3177 1969 3247 πραγμά-

406 3286 534 3335 των,
568 3269 680 3330 τοῖς
716 3265 814 3337 μὲν
851 3264 1338 3337 κατηγορουμένοις
1367 3264 1643 3335 ἐπιμένειν
1676 3266 1967 3340 καταδέχῃ,

408 3361 587 3429 λόγοις
620 3359 677 3412 δὲ
712 3361 940 3429 μακροῖς
970 3357 1293 3428 θεραπεύειν
1323 3359 1619 3428 ἐπιχειρεῖς
1651 3358 1719 3412 τὰ
1755 3359 1969 3414 ἀνίατα.

409 3449 548 3507 Οὔτε
577 3448 782 3521 πρῶτοι
822 3445 944 3501 οὔτε
993 3447 1163 3517 μόνοι,
1209 3446 1537 3518 Παρηγόριε,
1581 3447 1972 3519 ἐνομοθετήσα-

411 3557 514 3613 μεν
542 3541 807 3609 γυναῖκας
832 3538 1052 3609 ἀνδράσι
1093 3538 1168 3610 μὴ
1197 3541 1484 3593 συνοικεῖν.
1532 3537 1668 3590 Ἀλλ’
1701 3539 1972 3609 ἀνάγνωθι

407 3633 502 3686 τὸν
533 3630 879 3703 ἐξενεχθέντα
932 3629 1131 3684 κανόνα
1176 3629 1328 3702 παρά
1363 3629 1472 3683 τῶν
1516 3631 1685 3699 ἁγίων
1718 3631 1974 3703 Πατέρων

409 3724 569 3796 ἡμῶν
593 3722 701 3776 τῶν
734 3724 792 3776 ἐν
835 3723 901 3793 τῇ
946 3720 1145 3793 συνόδῳ
1184 3721 1437 3785 Νικαίας,
1469 3721 1529 3786 ὃς
1567 3721 1814 3793 φανερῶς
1870 3721 1976 3776 ἀπ-

410 3815 677 3887 ηγόρευσε
730 3813 1111 3876 συνεισακτοὺς
1158 3811 1266 3884 (61)
1296 3813 1371 3884 μὴ
1397 3809 1554 3882 εἶναι.
1591 3811 1700 3884 (62)
1743 3811 1976 3883 Ἀγαμία

411 3908 470 3961 δὲ
501 3890 757 3977 ἐντούτῳ
784 3904 897 3977 ἔχει
931 3905 990 3959 τὸ
1024 3905 1240 3976 σεμνὰν,
1287 3907 1346 3958 ἐν
1385 3903 1462 3975 τῷ
1502 3903 1829 3976 κεχωρίσθαι
1876 3904 1975 3977 τῆς

415 3997 556 4069 μετὰ
579 3996 833 4067 γυναικὸς
866 3994 974 4066 (65)
1005 3993 1295 4065 διαγωγῆς.
1338 3995 1427 4059 Ὠς
1455 3993 1548 4047 ἐὰν
1574 3993 1975 4065 ἐπαγγελλόμε-

412 4090 503 4154 νός
528 4105 614 4152 τις
636 4087 713 4159 τῷ
735 4086 977 4157 ὀνόματι,
1014 4086 1160 4157 ἔργῳ
1195 4084 1265 4139 τὰ
1288 4083 1397 4139 τῶν
1419 4083 1635 4154 γυναιξὶ
1666 4085 1975 4143 συνοικούν-

412 4199 521 4235 των
546 4181 695 4251 ποιῇ,
724 4178 881 4248 δῆλός
923 4178 1040 4231 ἐστι
1081 4178 1143 4231 τὸ
1173 4177 1270 4248 μὲν
1297 4178 1397 4247 τῆς
1442 4175 1737 4247 παρθενίας
1781 4176 1975 4248 σεμνὸν

414 4274 474 4327 ἐν
496 4274 561 4344 τῇ
594 4270 933 4344 προσηγορίᾳ
961 4268 1190 4332 διώκων,
1217 4267 1310 4322 τοῦ
1338 4268 1396 4323 δὲ
1429 4268 1550 4322 καθ’
1575 4268 1768 4341 ἡδονὴν
1799 4269 1975 4341 ἀπρε-

417 4363 554 4426 ποῦς
605 4362 678 4433 μὴ
719 4360 1105 4431 ἀφιστάμενος.
1152 4359 1404 4430 Τοσούτῳ
1439 4352 1531 4412 οὖν
1578 4358 1776 4430 μᾶλλον
1810 4360 1975 4432 ἐχρῆν

1923 2775 2127 2830 titionem
2147 2775 2239 2829 sibi
2254 2783 2467 2841 arroget;

2526 2881 2814 2954 Paregorio
2843 2882 3161 2952 presbytero.

2138 2997 2267 3070 Legi
2301 3006 2424 3053 tuas
2453 2997 2664 3052 litteras
2710 3010 2833 3050 cum
2875 2994 3023 3050 omni
3072 2995 3365 3064 patientia;
3398 3011 3629 3070 sumque

2065 3066 2401 3152 admiratus,
2439 3103 2539 3143 cur
2573 3101 2698 3142 cum
2751 3087 2936 3157 possis
2971 3086 3115 3157 apud
3160 3101 3263 3142 nos
3314 3066 3553 3143 breviter
3576 3098 3632 3144 et

2067 3178 2227 3233 facile
2277 3172 2439 3234 factis
2470 3178 2579 3232 tuis
2628 3190 2848 3232 causam
2884 3191 3079 3246 agere,
3132 3175 3189 3230 in
3240 3177 3406 3232 rebus
3440 3192 3629 3248 repre-

2067 3269 2253 3325 hensis
2279 3269 2570 3339 persistere
2587 3269 2742 3335 velis,
2769 3282 2833 3322 ac
2856 3267 3036 3339 longis
3067 3268 3413 3324 sermonibus
3435 3284 3651 3326 curare»

2066 3366 2244 3417 tentes
2275 3359 2629 3418 insanabilia.
2673 3357 2787 3413 Nec
2820 3358 3017 3429 primi,
3055 3373 3157 3413 nec
3186 3359 3318 3424 soli,
3351 3358 3630 3428 Paregori,

2069 3453 2424 3519 sancivimus,
2455 3461 2517 3508 ut
2549 3468 2617 3508 ne
2638 3467 2749 3507 una
2780 3467 2905 3507 cum
2937 3453 3079 3510 viris
3104 3453 3412 3508 habitarent
3439 3453 3634 3508 mulieé

2068 3560 2183 3600 res.
2232 3543 2340 3600 Sed
2371 3545 2491 3615 lege
2520 3560 2789 3600 canonem
2821 3560 2853 3599 a
2886 3546 3091 3602 sanctis
3126 3546 3334 3600 nostris
3380 3543 3650 3601 Patribus.

2069 3635 2275 3691 editum
2305 3635 2360 3690 in
2390 3635 2599 3707 synodo
2628 3632 2847 3689 Nicaana
2867 3672 2883 3699 ,
2916 3635 3011 3705 qui
3057 3634 3346 3690 manifeste
3399 3634 3647 3689 sancivit~

2071 3735 2360 3783 extraneas
2386 3726 2644 3782 mulieres
2670 3741 2781 3781 non
2806 3740 2950 3781 esse.
2983 3723 3109 3779 Vita
3140 3732 3321 3780 autem
3353 3725 3548 3781 caelebs
3577 3725 3635 3780 in

2070 3836 2136 3876 eo
2158 3821 2496 3877 honestatem
2536 3818 2701 3874 habet
2720 3858 2735 3885 ,
2765 3825 2828 3873 ut
2854 3833 2885 3872 a
2916 3818 3170 3872 convictu
3195 3816 3444 3872 mulieris
3478 3831 3637 3886 sepa—

2071 3917 2243 3967 retur.
2291 3909 2470 3976 Quare
2518 3908 2566 3964 si
2599 3907 2725 3977 quis
2750 3906 2917 3962 verbo
2946 3905 3257 3976 professus,
3304 3905 3484 3974 reipsa
3514 3920 3659 3974 quae

2072 4000 2488 4070 conjugatorum
2518 4004 2647 4053 sunt
2690 3996 2850 4061 facit,
2880 3995 3058 4073 palam
3088 4003 3173 4051 est
3196 4005 3320 4050 eum
3346 3994 3649 4065 virginitas

2072 4092 2143 4147 tis
2171 4089 2389 4160 quidem
2438 4088 2780 4144 honestatem
2824 4087 2881 4142 in
2909 4086 3155 4141 ‘nomine
3200 4087 3489 4157 persequi,
3541 4086 3636 4142 sed

2074 4195 2415 4252 nequaquam
2437 4181 2506 4235 ab
2538 4180 2796 4234 indecora
2828 4178 3110 4248 voluptate
3140 4178 3438 4233 abstinere.
3460 4176 3653 4232 Tanto.

2074 4286 2202 4341 ergo
2241 4270 2414 4342 magis
2459 4269 2743 4341 oportebat
2766 4274 2819 4323 te
2852 4268 3207 4340 postulationi
3248 4277 3450 4324 nostra:
3480 4267 3642 4322 facile

2075 4360 2286 4428 cedere,
2317 4367 2522 4430 quanto
2554 4366 2607 4414 te
2641 4359 2721 4414 ais
2746 4374 2869 4413 esse
2909 4358 3216 4414 liberiorem
3246 4359 3313 4414 ab
3338 4358 3487 4414 omni
3513 4372 3637 4413 cor-

418 4472 479 4507 σε
509 4452 746 4516 εὐκόλως
789 4447 927 4519 εἶξαι
975 4450 1129 4524 ἡμῶν
1168 4451 1234 4523 τῇ
1277 4448 1516 4515 ἀξιώσει,
1544 4450 1760 4521 ὅσῳπερ
1802 4449 1970 4519 λέγεις

2082 4465 2246 4523 porca
2274 4450 2516 4506 libidine.
2548 4448 2735 4521 Neque
2765 4450 2911 4506 enim
2940 4449 3117 4505 virum
3167 4450 3508 4522 septuaginta
3540 4464 3639 4505 au-

492 4609 605 4681 (57)
646 4605 800 4681 ρὺδὲ
828 4601 936 4681 εἷς.
968 4604 1192 4681 [tatros
1225 4605 1581 4681 yetustigsimi
1614 4604 1995 4681 φώρια-Ρη

418 4673 512 4741 eo,
548 4673 695 4747 quod
726 4686 845 4734 erat
893 4679 947 4731 in
980 4675 1143 4731 editis
1189 4674 1382 4738 οὐδείς.
1417 4674 1571 4747 Quod
1617 4676 1692 4729 ait
1745 4673 1991 4747 Basilius

422 4745 850 4826 eborepiscopos
880 4747 1158 4826 nominum
1186 4760 1430 4826 ρειιιιιςιιιΔ
1462 4746 1709 4824 laborare
1865 4745 1979 4826 ele-

421 4813 720 4881 ctionibus,
751 4813 821 4871 'id
867 4816 935 4872 de
956 4813 1308 4871 electionibus
1345 4813 1664 4869 inferiorum
1701 4813 1981 4869 ministro-

422 4903 547 4942 rum
568 4887 742 4956 accipi
771 4902 881 4941 non
909 4885 1089 4956 debet,
1130 4886 1222 4956 sed
1246 4885 1683 4956 presbyterorum
1712 4882 1981 4956 et_diaco-

425 4972 643 5021 norum,
675 4952 1084 5027 quosgepiscopi
1117 4952 1630 5025 chorepiscoporum
1659 4952 1978 5009 testimonio

426 5026 709 5099 probatos
739 5026 1082 5099 ordinabant.

499 5096 613 5165 (58)
664 5096 1174 5167 Ἐπικαθαρίσατε.
1198 5092 1340 5167 Editi
1362 5092 1570 5149 addunt
1590 5091 1705 5159 οὖν,
1726 5110 1848 5167 qua
1870 5097 1991 5166 qui-

426 5164 550 5221 dem
583 5164 772 5221 vocula
801 5164 952 5221 deest
976 5166 1029 5219 in
1074 5165 1278 5219 nostris
1308 5171 1512 5232 septem
1547 5179 1682 5219 mss.

500 5234 613 5306 (59)
654 5234 1161 5306 Ἀστελὰσιιντςς...
1209 5234 1521 5299 ἐξετάζετε.
1557 5234 1699 5306 Editi
1755 5233 1993 5287 ἀπελαύ-

427 5303 687 5368 νοντες...
718 5304 1027 5371 ἐξετάσατε.
1046 5303 1282 5359 Primam
1310 5318 1498 5360 vocem
1536 5305 1699 5359 trium
1733 5306 1995 5359 vetustis-

432 5373 719 5445 simorum,
753 5375 978 5430 alteram
1013 5383 1219 5445 septem
1249 5371 1500 5429 codicum
1526 5374 1850 5430 auctoritate
1870 5389 1992 5428 mu-

432 5444 690 5499 tavimus.
1078 5444 1085 5445 7
1782 5478 1789 5486 -

506 5513 616 5582 (60)
646 5513 1009 5583 Παρητορίῳ.
1057 5513 1136 5568 Ita
1186 5512 1358 5577 Harl.,
1394 5512 1562 5569 Coisl.
1590 5514 1820 5583 primus,
1845 5512 1988 5567 Med.

434 5589 487 5635 et
516 5583 752 5638 Clarom.
780 5599 902 5638 cum
934 5582 1119 5639 Basilii
1160 5583 1511 5639 editionibus.
1552 5582 1620 5636 At
1644 5584 1700 5639 in
1732 5599 1827 5638 sex
1864 5583 1986 5638 aliis

438 5651 719 5711 codicibus
750 5668 884 5711 mss.
918 5661 974 5711 et
1021 5655 1076 5709 in
1131 5652 1417 5711 Pandectis
1456 5653 1654 5727 legitur
1682 5654 1993 5727 Fp-qyopitp,

2082 4604 2174 4660 Sic
2207 4606 2350 4660 enim
2380 4605 2584 4660 habent
2611 4605 2678 4660 ad
2715 4606 3013 4675 marginem
3062 4615 3176 4665 tres
3216 4607 3431 4664 codices
3477 4607 3657 4664 modo.

2077 4675 2253 4737 citati,
2287 4676 2477 4739 Coisl.,
2506 4676 2649 4730 Med.
2677 4682 2732 4728 et
2759 4676 2998 4732 Clarom.

2143 4744 2254 4813 (6|)
2289 4746 2748 4810 Συνεισακτούς.
2783 4744 2874 4800 Sic
2927 4760 3116 4802 omnes
3150 4760 3284 4802 mss.
3350 4745 3490 4799 Editi
3523 4754 3675 4799 συν(

2072 4815 2291 4878 ακτούς.
2322 4815 2744 4884 Interpretamur
2770 4825 3068 4881 extraneas,
3098 4831 3206 4870 non
3243 4829 3370 4870 vero
3388 4815 3643 4869 subindu-

2079 4895 2214 4947 ctas,
2255 4884 2384 4954 quia
2419 4883 2499 4939 sie
2533 4883 2889 4953 Hieronymus
2920 4894 2974 4939 et
3000 4886 3243 4940 Bullinus
3272 4894 3326 4940 et
3355 4885 3511 4939 multi
3548 4885 3641 4939 alii

2088 4963 2296 5009 veteres
2334 4955 2475 5008 hanc
2498 4969 2683 5009 vocem
2710 4954 3082 5013 reddiderunt.
3112 4965 3169 5008 ut
3193 4956 3489 5010 observant
3515 4962 3645 5023 post

2085 5024 2367 5091 Cujacium
2391 5023 2774 5085 Gothofredus,
2810 5025 2899 5077 lib.
2935 5041 3022 5077 xv:
3055 5024 3184 5079 Cod.
3220 5022 3660 5087 Theodl,etLu-.
3718 5080 3721 5085 _

2088 5110 2187 5163 pus
2245 5094 2300 5147 in
2357 5108 2619 5148 canonem
2664 5093 2893 5163 tertium
2936 5095 3235 5163 Nicrenum.
3273 5093 3474 5148 Eadem
3513 5109 3646 5163 voce

2086 5162 2257 5216 utitur
2273 5171 2465 5217 auctor
2486 5164 2612 5218 libri
2644 5162 2721 5217 De
2750 5162 3119 5229 singularitate
3147 5163 3478 5227 clericorum,
3501 5180 3558 5217 n.
3576 5162 3661 5218 30!

2084 5243 2143 5288 et.
2165 5233 2254 5288 52.
2292 5231 2505 5289 Vocates
2556 5240 2735 5288 autem
2774 5241 2901 5284 sunt
2945 5234 3312 5298 συνεισακτοί,
3345 5243 3645 5292 extr-anew.

2094 5312 2153 5357 ut
2185 5315 2584 5371 opponerentur
2616 5303 2685 5358 iis
2719 5315 2857 5370 quas
2912 5313 3103 5357 natura
3143 5304 3321 5371 dedit,
3355 5305 3646 5367 matribus,

2089 5374 2368 5428 sororibus
2397 5380 2451 5426 et
2482 5372 2680 5428 amitis.

2159 5443 2271 5509 (62)
2308 5440 2444 5496 Vide
2470 5441 2747 5496 Addenda.

2166 5513 2274 5583 (63)
2293 5510 2473 5583 Meti;
2497 5513 2802 5583 γυναικός.
2825 5510 2918 5567 Sic
2954 5518 3067 5568 tres
3108 5514 3467 5571 vetustissimi
3497 5511 3653 5570 codL~

2088 5576 2199 5637 ces.
2235 5576 2372 5635 Editi
2390 5576 2540 5707 ειετᾶ
2570 5576 2865 5648 γυναικῶν.

2160 5660 2175 5675 ·
2213 5651 2361 5707 Alias
2436 5650 2665 5707 XCVIII.
2696 5651 2865 5707 Scrinl

2160 5660 2175 5675 '
2213 5651 2361 5707 Alias
2390 5650 2665 5709 CXCVIII.
2696 5651 2913 5724 Scripta
2939 5656 3097 5712 initio
3126 5655 3493 5726 episcopatus.
