3988 6194
317 293 425 345 ωδ

1628 290 1686 350 S.
1727 292 1972 350 BASILII
2004 290 2218 350 MAGNI

3448 297 3557 352 ιοι

323 426 427 465 nos
442 418 625 464 natum
643 410 897 468 existimo
910 410 1201 469 libidinose
1219 412 1467 469 habitare
1481 427 1604 469 cum
1620 414 1850 471 muliere
1868 434 1882 469 :

2001 413 2267 484 ἐλεύθερος
2286 406 2422 465 εῖναι
2454 410 2654 477 παντὸς
2682 412 2994 486 σωματικοῦ
3021 412 3248 478 πάθους.
3282 410 3419 467 Οὔτε
3444 415 3557 488 γὰρ

324 515 427 555 nec
446 492 766 572 quod°turpe
784 503 1002 573 aliquod
1023 503 1235 560 facinus
1254 502 1445 559 fuisset
1461 503 1777 567 admissum,
1803 503 1885 558 id-

324 590 475 644 circo
502 592 760 646 constitui
776 608 898 662 quae
922 594 1212 659 constitui;
1248 592 1341 648 sed
1362 592 1502 663 quod
1534 593 1602 646 ab
1627 591 1885 662 Apostolo

326 679 617 737 didicimus
654 680 1034 738 oﬂendiculum
1065 683 1219 739 fratri
1251 700 1362 739 non
1392 698 1594 754 ponere
1622 683 1689 738 ad
1722 697 1884 738 scan-

323 770 510 825 dalum
541 772 581 827 ¹.
640 769 856 829 Scimus
888 783 1066 828 autem
1122 774 1267 844 quod
1322 788 1354 828 a
1411 772 1689 830 nonnullis
1737 781 1886 829 recte

323 862 568 930 geritur,
624 863 746 919 aliis
803 864 1147 920 occasionem
1201 880 1323 920 esse
1367 864 1647 935 peccandi.
1709 863 1891 930 Quare

327 952 673 1022 prazcipimus
720 961 1031 1009 sanctorum
1078 953 1302 1010 Patrum
1332 955 1611 1010 decretum
1654 970 1887 1025 sequen-

323 1049 431 1106 tes,
462 1050 522 1096 ut
548 1057 578 1096 a
600 1043 1240 1115 muliercula'separeris.
1275 1044 1417 1112 Quid
1450 1045 1614 1116 igitur
1640 1045 1887 1116 chorepi-

325 1145 551 1207 scopum
579 1134 821 1199 incusas,
851 1143 906 1190 et
934 1136 1135 1192 veteris
1163 1136 1460 1192 inimicitia:
1488 1136 1623 1194 facis
1652 1138 1886 1192 mentio-

325 1225 490 1279 nem?
522 1225 664 1291 Quid
694 1227 761 1283 de
793 1228 952 1284 nobis
993 1229 1239 1298 quereris
1286 1229 1431 1299 quod
1463 1229 1651 1285 faciles
1680 1230 1887 1284 calum-

274 1386 286 1402 ι
325 1315 435 1370 niis
468 1331 628 1373 aures
667 1317 1005 1388 praebeamus
1035 1357 1053 1384 ,
1086 1334 1150 1374 ac
1184 1334 1295 1374 non
1322 1319 1506 1391 potius
1536 1320 1603 1376 de
1640 1328 1694 1377 te
1731 1320 1883 1392 ipse,

279 1412 288 1470 ξ
322 1407 418 1476 qui
445 1406 644 1462 adduci
676 1424 786 1464 non
835 1417 1011 1478 potes,
1043 1418 1102 1465 ut
1140 1425 1169 1464 a
1207 1412 1450 1467 mulieris
1494 1413 1887 1467 consuetudine

324 1496 592 1553 recedas?
622 1497 771 1569 Ejice
804 1499 977 1571 igitur.
998 1499 1145 1554 illam
1183 1500 1340 1571 150
1374 1517 1441 1557 ex
1490 1502 1596 1557 tuis
1638 1501 1844 1558 uadibus
1868 1542 1884 1567 ,

323 1597 379 1643 et
409 1589 466 1643 in
499 1591 833 1646 monasterio
854 1591 1145 1648 constitue.
1180 1590 1262 1646 Sit
1294 1593 1382 1647 illa
1411 1607 1536 1647 cum
1560 1593 1882 1664 virginibus,

322 1690 379 1737 et
406 1682 547 1752 apud
596 1689 649 1737 te
679 1683 918 1739 serviant
947 1682 1081 1749 viri,
1116 1690 1176 1738 ut
1206 1699 1274 1738 ne
1303 1683 1398 1739 Dei
1436 1700 1637 1741 nomen
1669 1695 1886 1756 propter

1983 505 2074 558 τδν
2133 504 2597 575 ἑὸδομηκονταετῆ
2661 505 2919 574 γεγονότα
2982 506 3242 577 πείθομαι
3289 506 3555 577 ἐμπαθῶς·

1987 599 2250 650 συνοικεῖν
2275 595 2514 665 γυναικὶ,
2544 594 2666 649 οὔτε
2712 597 2788 660 ὡς
2831 597 3185 668 ἐπιγενομένη
3234 597 3337 650 τινὶ
3365 597 3552 669 ἀτόπῳ

1986 685 2181 757 πράξει
2233 685 2514 755 ὡρίσαμεν
2553 683 2588 738 ἀ
2623 685 2937 757 ὡρίσαμενι
2985 685 3098 740 ἀλλ’
3145 686 3334 756 ἐπειδὴ
3380 685 3553 740 ἐδιδά-

1984 775 2191 848 χθημεν
2225 777 2374 850 παρά
2396 776 2489 832 τοῦ
2535 776 2853 831 ’Δποστόλου
2879 776 2954 848 μὴ
2977 778 3183 832 τιθέναι
3217 775 3551 848 πρόσκομμα

1985 867 2063 938 τῷ
2108 868 2319 940 ἀδελφῷ
2365 871 2443 933 εἰς
2491 868 2783 924 σκάνδαλον
2820 868 2952 940 (64).
2991 868 3225 941 Οἴδαμεν
3273 869 3352 933 δὲ,
3381 869 3463 922 ὅτι
3487 869 3559 921 τὸ

1985 960 2139 1030 παρά
2188 977 2348 1014 τινων
2398 960 2567 1029 ὑγιῶς
2611 960 2890 1032 γινόμενον
2931 960 3109 1029 ἄλλοις
3150 960 3369 1031 ἀφορμὴ
3412 960 3559 1031 πρὸς

1985 1051 2261 1122 ἁμαρτίαν
2286 1052 2519 1125 ὑπάρχει
2569 1052 2702 1124 (65).
2750 1053 2950 1106 Τούτου
2988 1052 3172 1106 ἕνεκεν
3217 1050 3555 1124 προσετάξα-

1988 1160 2109 1215 μεν,
2146 1144 2399 1215 ὲπόμενοι
2426 1148 2491 1216 τῇ
2532 1146 2758 1215 διαταγῇ
2783 1144 2891 1198 τῶν
2930 1144 3097 1213 ἁγίων
3130 1143 3408 1214 Πατέρων,
3442 1158 3560 1213 χω-

1989 1236 2236 1307 ρισθῆναι
2263 1254 2323 1290 σε
2351 1235 2444 1290 τοῦ
2468 1237 2709 1306 γυναίου.
2745 1237 2809 1289 Τί
2838 1231 2929 1289 οὖν
2948 1234 3197 1303 ἐγκαλεῖς
3211 1233 3289 1303 τῷ
3311 1250 3551 1305 χωρεπι-

1988 1329 2194 1400 auo-mp,
2241 1330 2335 1384 καὶ
2367 1327 2599 1392 παλαιᾶς
2630 1327 2827 1400 ἔχθρας
2860 1326 3167 1398 μέμνησαι;
3202 1324 3268 1377 Τί
3307 1324 3365 1377 δὲ
3400 1324 3551 1394 ἡμᾶς

1987 1420 2323 1491 καταμέμφῃ
2374 1419 2451 1482 ὡς
2494 1418 2746 1482 εὐκόλους
2785 1416 2952 1473 ἀκοάς
2984 1416 3203 1486 ἔχοντας
3246 1416 3325 1477 εἰς
3359 1413 3421 1466 τὸ
3447 1413 3549 1477 τὰς

1984 1509 2233 1574 διαϐολὰς
2269 1509 2621 1582 προσίεσθαι.;
2681 1508 2794 1580 ἀλλ’
2840 1508 2959 1578 οὐχὶ
2994 1505 3199 1576 σεαυτῷ
3245 1504 3319 1576 μὴ
3364 1505 3547 1575 ἀνεχο-

1988 1601 2134 1672 μένῳ
2169 1600 2276 1671 (66)
2312 1600 2610 1669 ἀποστῆναι
2655 1600 2752 1671 τῆς
2798 1599 2935 1669 πρὸς
2990 1598 3087 1668 τὴν
3129 1597 3360 1665 γυναῖκα
3425 1611 3562 1647 συν-ρ

1985 1686 2207 1757 ηθείαςς
2244 1687 2509 1742 Ἔκϐαλλε
2542 1689 2717 1743 τοίνυν
2748 1688 2916 1759 αὐτὴν
2956 1686 3063 1740 ἀπὸ
3102 1684 3195 1738 τοῦ
3246 1683 3395 1737 οἴκου
3430 1700 3547 1749 σου,

320 1787 423 1828 vos
451 1773 878 1843 blasphemetur.
918 1773 1044 1831 Haec
1067 1774 1238 1831 donec
1264 1775 1480 1841 feceris,
1514 1777 1885 1833 innumerabi—

2001 1780 2080 1833 ια).
2111 1778 2451 1849 κατάστησον
2492 1778 2659 1851 αὐτὴν
2690 1780 2747 1832 ὲν
2799 1777 3142 1849 μοναστηρίῳ
3181 1774 3315 1846 (67).
3369 1775 3563 1826 Ἔστω

323 1864 398 1919 lia
421 1881 542 1936 qua:
573 1881 668 1935 per
693 1866 950 1936 epistolas
980 1868 1174 1923 scribis
1206 1868 1342 1922 nihil
1373 1876 1428 1924 te
1462 1869 1756 1939 juvabunt;
1788 1871 1887 1926 sed

2001 1870 2170 1940 iusim
2215 1870 2352 1941 μετά
2395 1870 2703 1942 παρθένων,
2743 1870 2837 1924 καὶ
2882 1871 2946 1924 σὺ
3000 1866 3272 1940 ὑπηρετοῦ
3324 1867 3414 1920 ὑπ’
3457 1867 3552 1919 άν-

324 1956 577 2013 morieris
614 1958 847 2024 otiosus,
888 1973 952 2013 ac
984 1958 1180 2017 reddes
1213 1958 1446 2015 Domino
1483 1959 1749 2016 rationem
1786 1961 1890 2015 otii

2001 1959 2163 2032 δρῶν.
2210 1963 2297 2017 ἵνα
2330 1961 2405 2034 μὴ
2435 1963 2496 2017 τὸ
2540 1962 2709 2033 ονομα
2734 1962 2829 2016 τοῦ
2860 1959 2995 2015 Θεοῦ
3034 1960 3099 2014 δι’
3130 1960 3276 2030 ὑμᾶς
3313 1958 3564 2029 placen-

322 2048 426 2102 tui.
481 2045 639 2114 Quod
697 2050 744 2105 si
805 2064 973 2105 ausus
1026 2049 1197 2107 fueris
1250 2052 1386 2105 citra
1452 2052 1881 2107 emendationem

2001 2055 2176 2124 μῆται.
2214 2054 2357 2119 Ἕως
2389 2054 2434 2108 δ’
2480 2054 2547 2109 ἂν
2574 2054 2745 2110 ταῦτα
2782 2056 2960 2126 ποιῇς,
2991 2055 3045 2108 αἱ
3096 2050 3371 2124 μυριάδες,
3406 2050 3563 2118 ἀπερ-

325 2139 691 2195 sacerdotium
733 2140 831 2196 tibi
873 2141 1191 2204 vindicare,
1219 2142 1529 2213 [anathema
1577 2142 1687 2197 eris
1739 2143 1887 2198 omni

2001 2144 2101 2215 [68)
2138 2146 2472 2218 συγγράφεις
2498 2146 2586 2200 διὰ
2632 2146 2741 2200 τῶν
2787 2144 3103 2209 ἐπιστολῶν,
3144 2144 3295 2197 οὐδὲν
3340 2141 3563 2212 ὠφελή--

324 2228 561 2297 populo;
592 2236 646 2284 et
690 2230 783 2301 qui
822 2237 876 2285 te
913 2233 1250 2302 receperint,
1292 2230 1753 2287 excommunicati
1792 2246 1887 2301 per

2001 2235 2146 2288 σουσί
2173 2251 2267 2288 σε’
2315 2234 2452 2291 ἀλλὰ
2479 2236 2818 2308 τελευτήσεις
2860 2234 3067 2306 ἀργῶν,
3108 2234 3204 2288 καὶ
3251 2231 3439 2294 δώσεις
3469 2230 3561 2301 τῷ.

324 2333 542 2375 omnem
571 2319 869 2378 Ecclesiam
890 2334 1070 2378 erunt.

2001 2326 2183 2397 Κυρίῳ
2204 2325 2364 2396 λόγον
2390 2327 2490 2397 τῆς
2516 2326 2738 2383 σεαυτοῦ
2767 2327 2981 2397 ἀργίας.
3027 2325 3152 2381 Ἐὰν
3176 2326 3233 2380 δὲ
3253 2324 3547 2396 τολμήσῃς,

329 2409 405 2480 μὴ
441 2409 870 2483 διορθωσάμενος
901 2414 1147 2481 σεαυτὸν,
1179 2416 1499 2487 ἀντέχεσθαι
1563 2416 1661 2487 τῆς
1691 2417 2009 2490 ἱερωσύνης,
2074 2419 2319 2493 ἀνάθεμα
2348 2421 2444 2494 ἔσῃ
2478 2422 2639 2477 παντὶ
2666 2422 2743 2494 τῷ
2765 2421 2898 2494 λαῷ.
2962 2421 3056 2476 καλ¹
3080 2422 3135 2476 οι
3160 2419 3433 2490 δεχόμενοί
3488 2433 3561 2470 σε

326 2507 654 2579 ὲκκήρυκτοι
685 2511 826 2565 κατὰ
860 2513 1040 2566 πᾶσαν
1080 2512 1406 2583 Ἐκκλησίαν
1429 2513 1768 2585 γενήσονται.

853 2665 1190 2722 EPISTOLA
1212 2667 1371 2723 LVI‘.

2529 2667 2873 2723 ΕΠΙΣΤΟΛΠ
2904 2666 3042 2733 NG.

331 2798 544 2853 Basilius
565 2801 1194 2874 querememfergamium,
1222 2803 1352 2869 quod
1378 2804 1396 2852 ι
1401 2801 1551 2874 iueria
1573 2802 1673 2874 suis
1690 2818 1789 2874 non
1810 2804 2149 2874 respondisset,
2174 2807 2371 2874 placare
2389 2813 2620 2874 conatur,
2639 2819 2782 2871 seque
2803 2819 2910 2874 non
2925 2797 3214 2874 arrogantia
3236 2814 3299 2853 ea;
3327 2806 3564 2867 potestate-

620 2869 745 2924 ortu,
768 2861 857 2913 sed.
874 2861 1216 2925 sollicitudine,
1232 2861 1328 2928 igua
1350 2879 1473 2915 nunc
1494 2864 1818 2930 distringitur,
1844 2861 2109 2919 adductum
2131 2861 2234 2920 esse
2256 2868 2490 2930 declarat,
2511 2875 2562 2920 ut
2581 2861 2836 2934 Perg'amii
2859 2861 3240 2919 oblivisceretur.

965 2992 1258 3064 Pergamio.

2535 2999 2842 3069 Περγαμίφ
2881 2997 3012 3070 (69)-

406 3104 538 3159 Sum
590 3104 839 3175 equidem
889 3112 1083 3159 natura
1129 3105 1383 3175 proclivis
1433 3105 1501 3160 ad
1542 3105 1897 3169 oblivionem,

2064 3112 2195 3183 Εἰμὶ
2245 3112 2347 3183 μὲν
2388 3110 2553 3179 φύσει
2589 3109 2809 3172 εῠκολος
2850 3108 2984 3180 πρὸς
3013 3107 3111 3179 τὴν
3138 3106 3324 3179 λήθην,
3367 3106 3566 3175 ὲπεγέμ

330 3196 428 3251 sed
476 3197 709 3251 accessit
754 3195 886 3251 mihi
931 3205 985 3251 et
1028 3198 1366 3267 negotiorum
1417 3198 1740 3261 multitudo,
1776 3214 1881 3267 qu...

2001 3219 2116 3258 νετο
2152 3202 2209 3255 δέ
2244 3219 2333 3272 μοι
2379 3202 2473 3258 καὶ
2514 3200 2574 3256 τὺ
2601 3200 2709 3254 τῶν
2742 3199 3005 3270 ἀσχολιῶν
3036 3199 3257 3270 πλῆθος,
3294 3200 3570 3252 ἐπιτεῖνον·

329 3290 572 3342 innatam
627 3286 995 3342 inﬁrmitatem
1056 3287 1307 3359 adauget.
1367 3287 1729 3354 Quamobrem
1793 3290 1895 3346 etsi

2001 3292 2094 3364 τὴν
2120 3293 2183 3344 ὲκ
2208 3292 2420 3359 φύσεως
2449 3290 2779 3362 ἀρρωστίαν.
2812 3290 2995 3352 Ὥστε,
3024 3289 3073 3342 εί
3106 3288 3198 3342 καὶ
3244 3288 3319 3359 μή
3345 3287 3557 3358 μέμνη-

328 3395 443 3435 non
487 3378 713 3434 memini
750 3395 837 3434 me
876 3380 1084 3434 litteras
1122 3380 1370 3449 accipere
1411 3379 1715 3435 nobilitatis
1765 3390 1893 3445 tuae,

2001 3401 2099 3455 μαι
2136 3382 2428 3453 δεξάμενος
2471 3382 2771 3453 γράμματα
2795 3381 2893 3451 τῆς
2920 3378 3194 3448 εὐγενείας
3228 3395 3344 3443 σου,
3377 3378 3562 3432 πείθο-

330 3486 517 3528 tamen
543 3481 600 3528 te
636 3471 705 3526 ad
732 3488 818 3529 me
848 3473 1137 3543 scripsisse
1181 3489 1503 3543 persuasum
1545 3474 1749 3537 habeo;
1785 3488 1893 3529 non

2001 3492 2099 3545 μαι
2161 3473 2551 3527 ἐπεσταλκέναι
2602 3489 2661 3525 σε
2713 3473 2883 3542 ἡμῖν’
2929 3471 2990 3525 οὐ
3048 3470 3157 3541 γὰρ
3215 3469 3281 3523 ἂν
3342 3469 3571 3533 πάντως

330 3563 477 3617 enim
521 3561 871 3618 mentiturum
916 3571 971 3619 te
1016 3577 1240 3635 prorsus
1288 3564 1476 3620 fuisse.
1510 3563 1665 3631 Quod
1716 3571 1896 3621 autem

2001 3566 2191 3636 ψεῦδος
2236 3568 2406 3619 εἰπεῖν
2453 3582 2533 3619 σε.
2585 3561 2692 3618 Τοῦ
2737 3563 2794 3616 δὲ
2830 3561 2903 3634 μή
2958 3559 3413 3631 ἀντιφθέγξασθαι
3460 3561 3570 3613 οὐκ
3620 3628 3633 3641 ο

332 3669 445 3709 non
493 3654 790 3725 respondi,
823 3654 981 3725 culpa
1038 3670 1149 3709 non
1181 3655 1284 3709 fuit
1313 3670 1453 3719 mea,
1488 3656 1583 3711 sed
1618 3656 1766 3711 illius
1803 3657 1898 3727 qui

2001 3658 2110 3726 ἐγὼ
2159 3659 2351 3721 αίιτιος,
2395 3656 2508 3711 ἀλλ’
2539 3657 2565 3709 ὁ
2612 3655 2687 3727 μὴ
2725 3655 3030 3726 ἀπαιτήσας
3077 3652 3175 3717 τὰς
3221 3651 3557 3724 ἀποκρίσεις.

333 3759 603 3815 respousa
632 3759 741 3799 non
768 3744 1038 3816 poposcit.
1081 3744 1240 3799 Nunc
1279 3754 1456 3800 autem
1486 3745 1553 3799 ad
1586 3756 1646 3801 te.
1677 3747 1900 3801 veniunt

333 3837 420 3893 ha:
440 3839 670 3903 litterae,
701 3852 822 3908 qua:
849 3845 903 3893 et
930 3839 1203 3908 praeterita
1244 3845 1507 3892 excusent
1529 3844 1583 3893 et
1616 3838 1899 3892 salutatio-

338 3931 428 3985 nis
473 3929 697 3986 alterius
741 3928 955 3984 initium
986 3929 1282 4000 praebeant.
1331 3928 1510 3995 Quare
1563 3944 1686 3984 cum
1715 3929 1783 3984 ad
1814 3943 1901 3984 me

339 4021 572 4087 scribes,
604 4035 675 4077 ne
701 4021 933 4076 alterum
972 4020 1246 4076 scribendi
1285 4020 1531 4075 ordinem
1575 4035 1605 4074 a
1644 4027 1698 4075 te
1732 4019 1899 4090 incipi

336 4112 600 4182 opineris,
630 4111 733 4169 sed
755 4112 909 4170 hisce
932 4112 1133 4167 litteris
1156 4112 1397 4168 debitum
1428 4110 1682 4182 persolvi.
1706 4111 1905 4177 Quam—

410 4269 428 4297 ¹
470 4267 629 4323 Rom.
661 4282 776 4334 xrv,
811 4268 907 4325 13.

416 4427 434 4447 ⁵
466 4422 620 4479 Alias
660 4420 928 4493 CCCLIV.
968 4421 1179 4493 Scripta
1200 4422 1364 4493 initio
1397 4422 1763 4493 episcopatus.

411 4493 530 4563 (64)
556 4495 659 4563 Εἰς
683 4491 1053 4563 σκάνδαλον.
1086 4491 1177 4563 Sic
1196 4490 1349 4563 Harl.
1382 4490 1636 4563 et‘Coisl.
1675 4490 1902 4563 primus,

340 4558 542 4635 quibus
550 4558 712 4635 _favet
726 4578 877 4635 unus
902 4578 968 4635 ex
989 4562 1201 4635 Regiis,
1227 4562 1282 4615 in
1314 4577 1424 4631 quo
1449 4562 1645 4631 legitur
1673 4558 1721 4611 εἰ
1746 4558 1907 4611 σκάν-

339 4632 518 4690 δαλον.
548 4632 690 4688 Editi
704 4632 751 4703 ﬂ
783 4632 1096 4703 σκάνδαλον.

413 4696 866 4776 (65)_fr:5i1_§xsi.
915 4700 1015 4776 Sic
1074 4700 1239 4755 iidem
1286 4708 1400 4756 tres
1450 4699 1669 4756 codices
1720 4704 1773 4753 et
1817 4696 1907 4752 alii

341 4771 611 4830 nonnulli.
649 4772 798 4843 Editi
821 4771 1071 4843 ὑπάρξει.

413 4845 534 4916 (66)
567 4839 805 4916 {leam-(Ii
831 4837 1314 4916 μὴ’ῥνεχοιῴνςρ.
1362 4838 1441 4893 Ita
1491 4849 1604 4916 tres
1649 4837 1910 4916 vetustis-

345 4907 472 4972 simi
498 4907 717 4969 codices
740 4907 865 4966 cum
894 4907 1073 4967 tribus
1084 4907 1248 4967 aliis.
1273 4911 1424 4965 Unus
1444 4926 1510 4964 ex
1532 4907 1715 4979 Regiis
1748 4924 1910 4961 σεαυ-

265 5028 270 5036 .
343 4984 440 5038 τοῦ
481 4986 555 5055 μὴ
596 4981 945 5055 ἀνεχομένου.
986 4981 1132 5037 Editi
1187 4990 1242 5037 el.
1294 4995 1436 5035 unus
1483 4988 1576 5033 aut
1630 4980 1769 5033 alter
1807 4992 1911 5032 ms.

347 5052 570 5108 σεαυτὸν
597 5053 670 5124 μὴ
696 5052 1040 5124 ἀνεχόμενον.
1279 5115 1284 5122 ⁸

421 5124 533 5194 (67)
585 5125 688 5201 Ἑν
722 5123 1128 5201 μοναστηρίῳ.
1166 5119 1478 5201 Βοιεοῃιοη,
1530 5116 1623 5201 qui
1670 5124 1918 5198 vetustos

348 5190 591 5250 canones
630 5190 902 5249 interdum
932 5190 1005 5248 ex,
1046 5190 1439 5247 consuetudine
1481 5190 1657 5242 aetatis
1692 5203 1805 5243 sua:
1834 5190 1919 5240 in-

349 5271 713 5333 terpretatur,
760 5263 945 5318 Basilii
991 5262 1269 5317 decretum
1319 5260 1372 5333 in
1402 5258 1659 5333 consilii,
1709 5272 1817 5333 non
1862 5256 1921 5333 in

351 5327 608 5405 praecepti
648 5335 769 5389 loco
807 5333 1035 5405 accipit,
1068 5333 1194 5405 quia
1220 5329 1548 5405 virginitatis
1580 5329 1749 5405 legem
1776 5327 1919 5405 invi-

351 5397 424 5457 im.
466 5397 745 5471 imponere
791 5397 1034 5458 severius
1065 5397 1213 5472 justo
1241 5397 1546 5472 videretur.
1589 5397 1695 5452 Sed
1739 5397 1922 5472 minus

270 5506 275 5512 -
352 5474 491 5529 vidit
519 5467 805 5527 Balsamon
834 5482 889 5527 et
912 5467 1201 5528 extraneas
1237 5471 1359 5524 illas
1389 5469 1644 5522 mulieres
1672 5476 1725 5523 et
1750 5467 1919 5529 viros,

356 5545 685 5610 quibuscum
706 5542 1076 5608 "habitabant,
1108 5541 1439 5611 virginitatis
1484 5540 1602 5611 lege
1630 5537 1923 5611 obstrictos

356 5606 551 5673 fuisse.
585 5613 950 5667 Consentiunt
991 5606 1149 5667 ea'de
1178 5606 1240 5666 re
1284 5617 1519 5664 veteres.
1546 5606 1764 5661 Auctor
1799 5606 1924 5659 libri

359 5685 438 5743 De
489 5683 859 5755 singularitate
914 5683 1244 5746 clericorum,
1296 5678 1677 5735 continentibus
1723 5675 1922 5732 clericis

2000 3749 2139 3804 Novi.
2174 3750 2232 3803 δὲ
2260 3751 2387 3820 ἥκει
2417 3766 2498 3802 σοι
2524 3747 2593 3801 τά
2619 3746 2924 3818 γράμματα
2955 3743 3145 3810 ταῦτα,
3177 3744 3315 3816 ὑπέρ
3348 3761 3408 3797 τε
3448 3740 3569 3815 (70)

2003 3840 2114 3894 τῶν
2157 3839 2476 3909 φθασάντων
2519 3836 2813 3906 ἀπολογίαν
2864 3834 3193 3908 πληροῦντα,
3245 3835 3340 3889 καὶ
3390 3833 3566 3905 ἀρχὴν

2004 3928 2214 3982 διδόντα
2263 3926 2632 3999 προσηγορίας
2674 3925 2948 3997 δευτέρας.
2994 3925 3177 3988 Ὥστε,
3209 3924 3426 3979 ἐπειδὰν
3452 3927 3565 3978 ἐπι.

2006 4020 2229 4092 στέλλῃς
2292 4021 2442 4090 ήμῖν,
2502 4019 2576 4090 μὴ
2636 4017 2712 4081 ὡς
2762 4016 2930 4087 ἄρξας
2991 4015 3249 4088 δευτέρας
3313 4016 3563 4087 περιόδου

2004 4111 2345 4183 γραμμάτων
2384 4109 2614 4176 διανοοῦ,
2641 4109 2754 4163 ἀλλ’
2790 4108 2866 4172 ὡς
2893 4107 3294 4180 ἀποπληρώσας
3331 4108 3423 4161 ἐπὶ
3451 4109 3576 4173 τοῖς

2007 4425 2057 4471 et
2089 4413 2373 4484 virginibus
2410 4412 2641 4484 hospitia
2674 4408 2990 4480 separanda,
3040 4406 3378 4484 pronuntiat,
3414 4420 3569 4459 num.

2014 4487 2099 4540 16.
2130 4476 2343 4539 Canon.
2402 4482 2469 4536 l9
2509 4476 2837 4552 'Ancyra'nus
2864 4487 3019 4552 vetat
3055 4493 3138 4552 ne_
3157 4476 3397 4552 virgines
3433 4490 3575 4552 cum

2010 4557 2165 4617 viris,
2189 4553 2353 4608 veluti
2386 4567 2510 4605 cum
2558 4544 2819 4605 fratribus
2847 4550 3066 4618 degant.
3099 4544 3395 4618 Gregorius
3433 4544 3569 4598 Νη.

2012 4626 2066 4680 in
2092 4616 2341 4679 carmine
2379 4622 2561 4685 tertio,
2609 4635 2732 4690 pag.
2780 4619 2871 4685 57,
2913 4616 3157 4690 praecipit
3182 4616 3485 4690 virginibus
3509 4621 3572 4668 ut

2011 4694 2316 4749 masculum
2353 4706 2566 4745 omnem
2611 4685 2807 4753 vitent,
2857 4685 3202 4743 συνεισαόιτδν
3229 4686 3284 4739 δὲ
3316 4685 3570 4756 μάλιστα,

2012 4765 2240 4817 maxime
2285 4777 2402 4816 vero
2442 4771 2771 4814 extraneum.
2817 4757 3176 4828 Hieronymus
3227 4757 3285 4828 in
3319 4753 3579 4828 Epistola-

2014 4834 2082 4888 ad
2116 4831 2491 4896 Eustochium,
2522 4829 2786 4893 Calicem,
2825 4826 3035 4898 inquit,
3060 4827 3257 4893 spernit
3285 4826 3432 4898 uirgo
3459 4840 3579 4898 ger-

2017 4920 2253 4963 manum,
2279 4895 2499 4971 fratrem
2529 4899 2716 4971 qua’rit
2736 4895 3060 4959 extraneum,
3086 4905 3135 4950 et
3167 4911 3285 4971 cum
3318 4896 3374 4948 in
3396 4895 3575 4971 eodem

2018 4963 2289 5043 proposito
2316 4987 2429 5043 esse
2461 4986 2516 5024 se
2542 4963 2836 5043 simulent,
2870 4977 3111 5041 quierunt
3132 4966 3385 5043 ⁸ιιίίοιίιιη
3413 4963 3577 5043 spiri-

2019 5035 2163 5097 iuale
2192 5042 2463 5103 solatium,
2480 5048 2537 5092 ut
2559 5039 2700 5093 danti
2717 5035 2939 5093 habeant
2957 5037 3170 5092 carnale
3187 5035 3579 5088 commercium.

2020 5111 2272 5177 Virgines
2306 5119 2359 5165 et
2401 5111 2677 5164 canonica!
2712 5118 2977 5163 vocantur
3013 5104 3284 5177 ejusmodi
3319 5103 3579 5177 mulieres

2020 5183 2077 5236 in
2108 5174 2462 5237 Orationibus
2493 5179 2863 5250 Chrysostomi
2887 5174 3148 5250 adversus
3172 5174 3410 5250 eos,qu
3450 5188 3579 5250 συν-

2022 5251 2307 5315 εισακτούς
2354 5250 2573 5304 habent.
2607 5237 2832 5304 Minime
2866 5264 2996 5318 ergo
3032 5248 3231 5301 mirum
3262 5237 3577 5318 si_'Basilius

2022 5324 2078 5378 in
2119 5311 2450 5376 monasterio
2480 5319 2854 5373 collocandam
2882 5311 3003 5374 es'se
3041 5318 3136 5385 ait,
3169 5329 3294 5386 quae
3312 5314 3425 5385 jam
3469 5311 3583 5368 vir-

2021 5392 2230 5464 ginitati
2248 5406 2382 5464 sese
2412 5396 2845 5464 consecraverat.

2094 5461 2203 5533 (68)
2245 5462 2439 5527 "Axep.
2468 5461 2971 5533 Codices__quatuor
3009 5455 3342 5533 recentiores
3379 5452 3576 5523 ἇσπερ.

2095 5525 2205 5598 {09)
2243 5525 2892 5600 [lapicidajledicaetis
2930 5528 3099 5600 eode);
3142 5525 3437 5600 Περγάμῳ.

2098 5596 2212 5675 (τυ)
2254 5596 2548 5669 Ὑπέρη.
2579 5598 2729 5654 Harl.
2752 5608 2804 5656 et
2837 5598 2977 5656 Med.
3008 5596 3146 5667 ὑπὲρ
3179 5596 3299 5666 μέν.

2472 5766 2532 5777 c—
2622 5772 2627 5777 ι
3462 5757 3513 5767 Α.
