3988 6194
245 289 359 344 493

1171 284 1666 342 EPISTOLARUM
1703 285 1990 343 CLASSIS
2028 287 2092 345 ll.
2136 289 2360 348 LPIST.
2400 290 2554 347 LVII.

3401 278 3508 358 tos

245 401 487 476 παροῦσι
505 400 574 456 τὰ
595 400 940 472 ὀφειλόμενα.
981 400 1092 454 Καὶ
1118 399 1246 472 γάρ,
1284 402 1334 454 εί
1363 402 1457 454 καὶ
1484 401 1596 473 (71)
1622 401 1829 457 ἀντίδο-

1956 403 2016 458 ris
2041 405 2186 460 enim
2215 421 2335 461 mea
2361 405 2596 477 epistola
2623 405 2824 476 prioris
2854 413 2962 464 tuae
2991 409 3066 465 sit
3096 416 3507 486 remuneratio;

248 515 340 561 at;
371 496 718 568 προαγόντων
755 495 873 548 ἐστὶ
911 495 982 548 τὰ
1007 495 1271 567 ἡμέτερα,
1302 494 1439 550 ἀλλὰ
1479 495 1557 567 τῷ
1602 496 1762 549 πλέον
1795 498 1829 568 ἢ

246 588 533 643 διπλάσιον
586 585 947 658 ὑπερϐάλλειν
993 585 1133 639 κατά
1183 586 1245 638 τὸ
1295 587 1511 658 μέτρον,
1571 589 1833 659 ἑκατέραν

247 679 355 749 τὴν
381 677 531 741 τάξιν
552 677 662 748 (72)
687 675 1097 747 άποπληρώσει.
1137 678 1302 748 Ὁρᾷς
1325 679 1485 732 ὁποῖα
1517 678 1834 748 σοφίζεσθαι

251 773 400 840 ἡμᾶς
449 773 482 842 ἡ
541 771 710 841 ἀργία
764 768 1206 838 καταναγκάζει;
1270 771 1342 822 Σὺ
1393 770 1450 824 δὲ
1507 771 1736 836 παῦσαι,
1789 767 1834 825 ὦ

252 861 464 934 ἄριστε,
491 861 714 929 ἐπάγων
739 860 852 930 (75)
887 861 945 914 ὲν
978 863 1196 931 μικροῖς
1229 863 1437 932 ῥήμασι
1469 859 1712 932 μεγάλας
1750 863 1834 914 αἰ-

251 957 397 1020 τίας,
423 953 686 1024 οὐμενοῦν
713 954 942 1024 ἐχούσας
977 951 1278 1024 ὑπερϐολὴν
1304 955 1383 1016 είς
1427 953 1646 1008 κακίαν.
1682 953 1833 1025 Λήθη

251 1047 363 1117 γὰρ
396 1045 589 1114 φίλων,
621 1046 715 1098 καὶ
746 1043 1018 1117 ὑπεροψία
1047 1044 1110 1096 ἐκ
1145 1042 1459 1107 δυναστείας
1485 1043 1838 1114 ἐγγινομένη,

253 1138 438 1191 πάντα
460 1137 574 1208 ἔχει
611 1136 747 1208 ὁμοῦ
777 1136 848 1190 τὰ
886 1136 1054 1189 δεινά.
1086 1133 1212 1188 Εἴτε
1244 1135 1354 1208 γὰρ
1381 1137 1481 1191 οὐκ
1525 1137 1832 1208 ἀγαπῶμεν

251 1229 398 1282 κατὰ
430 1229 526 1301 τὴν
563 1228 779 1299 ἐντολὴν
807 1225 901 1280 τοῦ
945 1225 1177 1296 Κυρίου,
1211 1227 1335 1280 οὐδὲ
1379 1226 1469 1281 τὸν
1517 1228 1837 1299 χαρακτῆρα

251 1320 602 1391 ἐπικείμενον
634 1321 784 1391 ,ἡμῖν
834 1317 1063 1388 ἔχομεν·
1121 1319 1230 1370 είτε
1277 1319 1626 1390 φρονήματος
1678 1318 1836 1372 κενοῦ

251 1411 351 1465 καὶ
401 1409 718 1474 ἀλαζονείας
761 1406 1193 1477 ὐπεπλήσθημεν
1247 1406 1626 1476 τυφωθέντες,
1675 1407 1840 1477 ἐμπί-

251 1491 606 1573 magnai)
639 1503 718 1564 είς
750 1499 991 1569 ἄφυκτον
1020 1501 1192 1570 κρῖμα
1223 1496 1318 1550 τοῦ
1351 1497 1615 1551 διαϐόλου.
1655 1499 1836 1564 Ὥστε,

251 1596 304 1647 εί
341 1593 465 1664 μὲν,
513 1592 684 1654 οὕτως
735 1591 872 1662 ἔχων
932 1590 1170 1654 διανοίας
1231 1591 1359 1663 περὶ
1405 1589 1583 1662 ἡμῶν,
1627 1590 1840 1655 τούτοις

252 1685 481 1757 ἐχρήσω
506 1687 618 1748 τοῖς
653 1685 911 1755 ῥήμασιν,
946 1678 1099 1748 εὖξαι
1133 1685 1327 1751 φυγεῖν
1360 1684 1507 1754 ἡμᾶς
1540 1682 1638 1753 τὴν
1676 1699 1842 1753 πονη-

1935 496 2062 565 quia
2105 505 2290 552 tamen
2325 499 2450 568 plus
2489 497 2656 568 duplo
2687 499 2910 554 modum
2942 502 3188 568 excedit,
3220 513 3513 576 utrumque

1936 587 2182 642 ordinem
2229 589 2488 660 explebit.
2528 588 2698 646 Vides
2750 592 3060 662 qualianios
3087 595 3328 650 cavillari
3356 599 3516 670 cogat

1935 679 2148 734 otium?
2185 677 2265 733 Tu
2301 695 2434 734 vero
2471 680 2694 746 desine,
2729 696 2762 736 ο
2796 683 2881 737 vir
2909 685 3141 754 optime,
3175 689 3366 758 paucis
3393 705 3517 743 ver-

1935 768 2021 823 bis
2055 784 2248 840 magna
2277 770 2510 825 crimina
2533 811 2549 836 ,
2593 788 2823 843 quaeque
2851 777 3094 845 nequitia
3125 780 3370 849 superari
3402 796 3515 836 non

1938 859 2172 928 possint,
2203 859 2442 915 inferre-
2464 860 2598 915 Nam
2624 864 2926 920 amicorum
2959 867 3162 924 oblivio
3185 878 3240 925 et
3270 878 3518 927 contem-

1937 959 2066 1023 ptus
2113 967 2182 1007 ex
2230 960 2500 1022 potestate
2531 963 2721 1020 ortus,
2755 959 2939 1011 omnia
2969 959 3133 1014 simul
3177 962 3320 1016 mala
3366 978 3520 1018 com-

1939 1041 2266 1111 plectuntur.
2311 1042 2436 1098 Sive
2483 1045 2629 1098 enim
2688 1047 2988 1102 secundum
3042 1048 3259 1104 Domini
3309 1067 3516 1122 prince-

1939 1141 2095 1201 ptum
2120 1147 2230 1187 non
2261 1132 2561 1203 diligimus,
2597 1151 2774 1205 neque
2807 1137 2970 1192 etiam
3011 1138 3325 1209 impositam
3358 1143 3518 1198 nobis

1941 1229 2127 1276 notam
2166 1231 2220 1278 et
2251 1223 2627 1278 characterem
2663 1227 2990 1282 retinemus.
3024 1225 3149 1284 Sive
3186 1229 3336 1285 factu
3366 1231 3520 1286 inani

1939 1321 1992 1367 et
2021 1313 2340 1382 arrogantia
2391 1313 2670 1383 replentur
2720 1315 2933 1383 inﬂati,
2975 1318 3276 1376 incidimus
3317 1320 3373 1374 in
3402 1319 3522 1375 dia-

1940 1403 2051 1457 boli
2095 1403 2363 1474 judicium
2401 1403 2770 1463 ineluctabile.
2826 1405 3008 1473 Quare
3051 1409 3099 1464 si
3139 1408 3207 1465 de
3253 1411 3412 1467 nobis
3444 1413 3523 1468 ita

1942 1497 2182 1551 sentiens
2202 1536 2216 1561 ,
2247 1495 2335 1551 bis
2362 1495 2546 1551 verbis
2573 1513 2707 1554 usus
2755 1515 2852 1566 es;
2882 1515 3109 1570 precare
3153 1510 3215 1557 ut
3251 1503 3521 1573 improbi-

1941 1594 2143 1651 tatem,
2197 1602 2361 1658 quam
2409 1587 2466 1642 in
2511 1590 2720 1646 nostris
2774 1592 3022 1650 moribus
3075 1593 3520 1665 deprehendisti,

1942 1677 2254 1748 fugiamus;
2286 1681 2373 1736 sin
2409 1689 2592 1737 autem
2627 1683 3028 1740 consuetudine
3056 1687 3295 1757 quadam
3330 1689 3529 1743 incon‘

255 1777 403 1848 ρίαν,
429 1777 498 1850 ἢν
532 1775 751 1847 ἐξεῦρες
779 1773 935 1846 ἡμῶν
963 1774 1021 1826 ἐν
1063 1773 1139 1845 τῷ
1166 1773 1352 1845 τρόπῳ
1371 1790 1386 1804 ·
1421 1776 1468 1826 εί
1499 1774 1554 1829 δὲ
1583 1773 1840 1844 συνηθείᾳ

1956 1770 2181 1825 siderata
2237 1771 2302 1826 ad
2357 1773 2457 1828 bas
2510 1789 2673 1829 voces
2727 1774 2944 1831 devenit
2997 1775 3220 1848 lingua,
3260 1793 3361 1834 nos
3417 1779 3527 1850 ipsi

251 1868 364 1921 τινὶ
394 1866 736 1936 άνεξετάστῳ
784 1866 876 1918 ἐπὶ
915 1863 1024 1918 τῶν
1052 1863 1312 1935 ῥημάτων
1339 1859 1503 1935 ἦλθεν
1531 1866 1564 1934 ή
1600 1863 1835 1932 γλῶττα,

255 1957 491 2020 ἑαυτοὺς
518 1954 1050 2028 παραμυθησόμεθα,
1095 1955 1189 2007 καὶ
1230 1955 1327 2025 τὴν
1361 1955 1456 2026 σὴν
1496 1954 1840 2027 χρηστότητα

253 2050 361 2112 τὰς
399 2051 466 2102 ἐκ
495 2048 606 2104 τῶν
630 2048 969 2119 πραγμάτων
1002 2046 1306 2118 μαρτυρίας
1324 2046 1635 2116 προσθεῖναι
1663 2063 1841 2117 παρα-

255 2137 557 2206 καλοῦμεν.
623 2137 829 2190 Ἐκεῖνο
883 2134 991 2206 γάρ
1042 2130 1100 2187 εὖ
1158 2133 1300 2200 ίσθι,
1362 2135 1443 2187 ὅτι
1498 2136 1532 2206 ἡ
1592 2135 1843 2206 παροῦσα

256 2229 483 2300 φροντὶς
523 2225 902 2290 ταπεινώσεως
945 2228 1076 2297 ἡμῖν
1114 2226 1337 2295 γέγονεν
1387 2226 1629 2296 ἀφορμή.
1675 2225 1838 2278 Ὥστε

258 2319 356 2373 σοῦ
382 2320 507 2372 τότε
551 2317 942 2389 ἐπιλησόμεθα,
989 2319 1117 2371 ὅταν
1163 2317 1528 2380 καῖ’ὲαυτοὺς
1568 2319 1846 2388 ἀγνοήσω-

261 2428 364 2482 μεν
420 2411 554 2482 (75).
616 2411 714 2479 Μὴ,
759 2410 940 2463 τοίνυν
985 2410 1117 2462 ποτὲ
1176 2410 1273 2476 τὰς
1315 2409 1572 2480 ἀσχολίας
1624 2411 1846 2480 σημεῖον

255 2503 464 2574 τρόπου
499 2502 594 2556 καὶ
623 2502 955 2574 κακοηθείας
991 2503 1214 2575 ποιήσῃ.

797 2658 1141 2711 ΕΠΙΣΤΟΛΗ
1189 2657 1310 2710 ΝΖ¹·.

1945 1862 2375 1928 consolabimur,
2406 1871 2670 1936 tuamque
2698 1866 3111 1937 benignitatem,
3152 1876 3211 1923 ut
3251 1885 3317 1925 ex
3361 1870 3526 1926 faetis

1946 1955 2256 2010 testimonia
2302 1954 2582 2026 proferat,
2637 1972 2920 2029 rogamus.
2973 1958 3110 2014 Illud
3156 1961 3300 2015 enim
3357 1962 3528 2032 probe

1948 2047 2132 2112 scias,
2181 2047 2324 2106 bane
2371 2047 2830 2113 sollicitudinem,
2881 2065 2988 2120 qua
3040 2066 3187 2106 nunc
3235 2052 3528 2122 distringi—

1949 2155 2094 2204 mur,
2149 2140 2491 2196 occasionem
2547 2142 2705 2196 nobis
2756 2141 2956 2197 factam
3007 2159 3131 2200 esse
3177 2144 3522 2204 humilitatis.

1948 2229 2287 2302 Quapropter
2327 2233 2412 2286 tui
2444 2243 2572 2287 tunc
2604 2234 3010 2299 obliviscemur,
3037 2250 3161 2289 cum
3192 2245 3245 2291 et
3283 2245 3529 2291 nosmet-

1946 2323 2096 2394 ipsos
2143 2324 2297 2394 151
2340 2325 2736 2395 ignorabimus.
2790 2326 2934 2382 Cave
2990 2327 3175 2398 igitur,
3234 2327 3548 2398 nequando—

1949 2417 2166 2487 negotia
2199 2417 2404 2473 indolis
2441 2433 2505 2474 ac
2545 2435 2759 2474 morum
2792 2420 3062 2475 malorum
3108 2418 3373 2474 indicium
3402 2436 3528 2476 esse

1950 2503 2142 2559 ducas.

2463 2659 2805 2716 EPISTOLA
2845 2660 3025 2717 LVll'.

262 2766 511 2837 Heletiurn
549 2767 767 2837 hortatur
796 2765 1102 2837 Basiliusut
1136 2768 1316 2837 sapius
1355 2767 1549 2837 scribat,
1579 2773 1630 2837 et
1661 2767 1720 2837 in
1754 2768 1944 2831 magnis
1987 2768 2217 2837 molestiis
2266 2779 2536 2837 versantem
2559 2775 2856 2837 consoletur.
2873 2775 3013 2836 Optat
3033 2777 3087 2837 iit
3127 2770 3218 2822 sibi
3251 2770 3390 2821 illum
3424 2772 3527 2837 _ali—

324 2833 518 2891 quando
538 2829 704 2899 videre
725 2831 964 2894 contingat
976 2829 1332 2897 jamque/mia
1355 2829 1610 2894 cupiditati
1624 2829 1980 2894 obsequeretur,
2004 2830 2099 2884 nisi
2139 2833 2314 2894 fratres
2332 2833 2576 2886 retinuiss.
2593 2843 2641 2886 nt
2661 2834 2805 2886 certis
2825 2835 2886 2884 de
2907 2829 3084 2896 causis,
3105 2846 3225 2899 quas
3251 2833 3531 2899 Theophra-

326 2890 429 2942 stus
446 2890 680 2942 narrabit.

442 3000 705 3062 Μελετίῳ
732 2997 881 3070 (76),
915 2997 1224 3064 ὲπισκόπῳ
1272 2996 1633 3068 Ἀντιοχείας

2295 3001 2509 3058 Meletio
2532 3042 2547 3068 ,
2577 3005 2818 3075 episcopo
2861 3001 3176 3058 Antiochiae.

335 3111 407 3166 Εἴ
449 3129 566 3175 πως
610 3111 826 3180 ἐγένετο
886 3111 1118 3183 φανερὸν
1166 3112 1233 3183 τῇ
1279 3109 1559 3184 θεοσεϐείᾳ
1604 3130 1698 3166 σου
1749 3112 1848 3184 τῆς

2028 3109 2085 3166 Si
2130 3127 2240 3182 quo
2280 3113 2445 3168 modo
2470 3121 2608 3169 nota
2651 3114 2804 3170 ﬁeret
2838 3114 3027 3184 pietati
3059 3122 3167 3169 tuae
3208 3113 3532 3186 magnitudo

265 3205 607 3279 εὐφροσύνης
633 3205 696 3258 τὸ
734 3202 980 3276 μέγεθος,
1014 3205 1083 3273 ἢν
1117 3204 1364 3274 ὲμποιεῖς
1403 3205 1517 3277 (77)
1557 3207 1692 3278 ἡμῖν
1723 3207 1852 3260 ὁσά-

264 3317 356 3362 κις
379 3297 446 3351 ἂν
478 3295 815 3368 ὲπιστέλλῃς,
861 3293 998 3360 οἶδα,
1035 3297 1119 3349 ὅτι
1165 3295 1265 3348 οὐκ
1304 3298 1368 3351 ἄν
1416 3315 1546 3351 ποτε
1597 3314 1851 3368 παραπε-

267 3390 471 3444 σοῦσαν
524 3388 866 3460 γραμμάτων
918 3389 1188 3460 πρόφασιν
1221 3388 1494 3460 ὑπερέϐης
1521 3406 1534 3419 ·
1583 3389 1720 3443 ἀλλά
1758 3392 1854 3445 καὶ

265 3481 571 3551 ἐπενόησας
598 3480 664 3532 ἂν
695 3477 894 3541 πολλὰς
924 3481 1057 3550 ἡμῖν
1096 3480 1271 3531 ποιεῖν
1294 3478 1555 3530 ἑκάστοτε
1595 3478 1694 3542 τὰς
1742 3479 1855 3530 ἐπι-

267 3573 490 3637 στολὰς,
521 3570 802 3642 γνωρίζων
829 3571 920 3624 τὸν
947 3571 1041 3623 ἐπὶ
1067 3574 1135 3643 τῇ
1178 3570 1482 3625 ἀναπαύσει
1529 3572 1638 3624 τῶν
1678 3569 1857 3624 θλιϐοο

270 3665 453 3735 μένων
477 3663 588 3735 (78)
620 3663 772 3733 παρὰ
803 3662 898 3715 τοῦ
932 3662 1314 3735 φιλανθρώπου
1353 3663 1624 3715 Δεσπότου
1665 3661 1854 3732 μισθὸν

267 3755 656 3826 ἀποκείμενον.
688 3754 872 3807 Πάντα
919 3753 1027 3825 γὰρ
1072 3753 1265 3825 ὀδύνης
1294 3752 1361 3806 τὰ
1401 3753 1527 3825 τῇδε
1556 3752 1854 3824 πεπλήρω-

268 3858 386 3908 ται,
421 3843 516 3895 καὶ
543 3842 678 3914 μόνη
723 3843 854 3912 ἡμῖν
898 3845 1045 3898 ἐστιν
1089 3841 1409 3915 ἀποστροφὴ
1446 3843 1557 3898 τῶν
1603 3842 1788 3897 δεινῶν
1823 3845 1856 3915 ἠ

268 3936 375 4006 τῆς
421 3934 520 4005 σῆς
564 3934 839 4004 ὁσιότητος
887 3933 1102 3988 ἔννοια·
1157 3936 1226 4007 ἦν
1275 3935 1673 4008 ἐναργεστέραν
1724 3938 1856 4007 ἡμῖν

271 4028 498 4098 ἐμποιεῖ
515 4029 549 4098 ἡ
567 4026 654 4082 διὰ
675 4027 783 4081 τῶν
817 4027 996 4100 πάσης
1049 4027 1238 4096 σοφίας
1269 4028 1363 4081 καὶ
1390 4029 1611 4098 χάριτος
1656 4027 1858 4099 πεπλη-

277 4119 544 4192 ρωμένων
589 4119 931 4191 γραμμάτων
981 4136 1074 4173 σου
1119 4119 1331 4192 ὁμιλία.
1369 4119 1554 4182 Ὥστε,
1585 4119 1714 4172 ὃταν
1762 4119 1858 4172 λά-

275 4211 465 4281 ϐωμεν
497 4212 578 4274 εἰς
618 4213 808 4282 χεῖρας
845 4210 942 4282 τὴν
994 4210 1285 4283 ἐπιστολήν
1337 4228 1451 4277 σου,
1506 4211 1722 4281 πρῶτον
1762 4212 1858 4282 μὲν

273 4303 340 4356 τὸ
373 4302 570 4373 μέτρον
617 4303 787 4375 αὐτῆς
833 4302 1258 4375 ἐπισκοποῦμεν,
1311 4303 1407 4357 καὶ
1452 4303 1705 4357 τοσοῦτον
1755 4304 1856 4356 αύ-

1955 3205 2186 3270 laztitiae,
2214 3220 2379 3274 quam
2419 3205 2564 3259 .mibi
2594 3205 2757 3260 aﬂ‘ers
2780 3245 2795 3270 ,
2829 3207 3266 3276 quotiescunque
3297 3208 3531 3272 scribis,

1956 3295 2072 3350 scio
2114 3305 2169 3348 te
2217 3310 2500 3363 nunquam
2553 3295 2790 3349 oblatam
2850 3297 3130 3352 scribendi
3183 3299 3534 3354 occasionem

1955 3387 2451 3456 praetermissurum
2511 3385 2729 3455 fuisse;
2779 3387 2875 3443 sed
2913 3395 2972 3443 et
3021 3390 3276 3445 consulto
3329 3391 3535 3448 multas

1956 3478 2113 3532 nobis
2144 3477 2376 3532 subinde
2417 3477 2683 3548 epistolas
2717 3476 2988 3532 facturum
3009 3519 3024 3544 ,
3067 3493 3193 3533 cum
3223 3495 3334 3534 non
3378 3481 3536 3551 igno-

1958 3586 2048 3626 res
2098 3570 2406 3626 mercedem
2461 3571 2828 3626 consolationi
2869 3571 3189 3626 aillictorum
3233 3587 3264 3626 a
3298 3573 3558 3644 benigno,

1957 3661 2067 3717 Deo
2092 3662 2408 3732 repositam.
2450 3661 2643 3716 Omnia
2671 3663 2816 3718 enim
2853 3663 2944 3717 hic
2975 3663 3164 3718 dolore
3193 3664 3350 3734 plena
3378 3672 3534 3732 sunt,

1957 3770 2022 3808 ac
2071 3770 2178 3808 una
2234 3755 2390 3809 nobis
2431 3765 2516 3810 est
2569 3753 2819 3808 avocatio
2871 3756 3177 3818 malorum,
3218 3757 3533 3811 sanctitatis

1957 3851 2065 3898 tuae
2111 3844 2405 3914 cogitatio;
2452 3859 2619 3914 quam
2671 3842 3100 3899 inanil‘estiorem
3157 3844 3317 3899 nobis
3368 3843 3536 3901 eiIicit

1957 3942 2116 3988 tuum
2139 3949 2238 4005 per
2274 3934 2487 3990 litteras
2516 3933 2667 3988 omni
2698 3933 2966 4002 sapientia
2992 3947 3056 3988 ac
3086 3933 3260 4004 gratia
3298 3931 3534 3987 refertas

1958 4027 2316 4098 colloquium.
2356 4025 2540 4093 Quare
2567 4041 2692 4082 cum
2742 4027 3026 4098 epistolam
3058 4033 3209 4080 tuam
3250 4026 3308 4080 in
3337 4039 3536 4081 manus

1961 4119 2265 4183 sumimus,
2299 4118 2539 4188 primum
2598 4116 2820 4189 quidem
2865 4118 3088 4174 modum
3129 4117 3302 4188 ipsius
3350 4116 3534 4172 intue-

1960 4227 2106 4279 mur,
2152 4225 2382 4281 eamque
2440 4219 2652 4268 tantum
2685 4212 2964 4283 diligimus
2992 4251 3008 4277 ,
3060 4219 3275 4282 quanto
3308 4211 3534 4267 uberior
3604 4243 3608 4246 σ

1959 4302 2128 4357 fuerit
2157 4317 2223 4358 ac
2249 4303 2564 4373 copiosior:
2610 4303 2809 4359 deinde
2857 4304 3132 4375 legentes,
3169 4319 3386 4374 semper
3413 4303 3536 4374 qui-

274 4396 380 4464 τὴν
408 4393 733 4465 ἀγαπῶμεν.
765 4397 980 4467 ὅσῳπερ
999 4395 1063 4450 ἂν
1097 4395 1396 4467 περισσεύῃ
1441 4395 1553 4466 (79)
1597 4393 1676 4465 τῷ
1721 4395 1848 4464 πλή-

1962 4395 2086 4449 dem
2125 4401 2450 4449 occurrente
2507 4397 2759 4451 oratione
2813 4396 3190 4452 delectamur:
3249 4396 3345 4450 fini
3402 4411 3537 4455 vero

279 4489 397 4543 05V
425 4487 637 4552 ἔπειτα,
667 4484 970 4552 διεξιόντες,
1008 4485 1087 4558 τῷ
1133 4487 1230 4558 μὲν
1259 4487 1348 4540 ἀεὶ
1392 4485 1853 4557 προστυγχάνοντι

277 4581 378 4636 τοῦ
432 4582 591 4651 λόγου
643 4583 937 4654 χαίρομεν·
993 4581 1072 4652 τῷ
1125 4581 1265 4634 τέλει
1311 4579 1370 4632 δὲ
1421 4579 1524 4649 τῆς
1567 4579 1855 4649 ἐπιστολῆς

281 4672 766 4745 προσεγγίξοντες,
831 4673 1270 4745 δυσχεραίνομεν.
1329 4671 1484 4725 Οὕτω
1539 4672 1645 4724 πᾶν
1705 4672 1733 4723 ὅ
1787 4688 1862 4722 τι·

362 4803 471 4876 (71)
499 4805 610 4860 Καὶ
637 4805 747 4876 γὰρ
781 4809 832 4859 εὶ
863 4807 983 4859 καί.
1022 4806 1169 4862 Harl.
1202 4806 1295 4858 καὶ
1326 4804 1433 4876 γὰρ
1456 4804 1550 4876 καὶ
1578 4804 1632 4874 ἡ.
1660 4802 1782 4876 Vat.
1810 4805 1857 4876 εί

362 4821 471 4876 (η)
499 4821 610 4860 και
637 4821 747 4876 γαρ
781 4821 832 4859 ει
863 4821 983 4859 και.
1022 4821 1169 4862 nari.
1202 4821 1295 4858 και
1326 4821 1433 4926 γαρ
1456 4821 1550 4885 και
1578 4821 1632 4874 η.
1670 4821 1782 4886 vat.
1810 4821 1857 4856 ει

283 4873 398 4948 γᾴρ
425 4877 607 4948 καιᾲή.
638 4877 870 4948 Duo‘alii
899 4877 995 4929 καὶ
1024 4877 1133 4948 γὰρ
1171 4877 1266 4930 καὶ
1298 4875 1366 4928 εί.
1424 4875 1602 4929 bidem
1631 4875 1763 4929 edlll
1797 4875 1858 4927 τὸ

283 4945 472 4997 πλέον.
505 4945 638 5001 MSs.
671 4955 730 4998 ut
757 4945 811 4999 in
839 4955 1010 5000 textu.

361 5013 475 5084 (72)
498 5016 840 5086 _'Exatépar
873 5015 988 5084 τὴν
1016 5015 1207 5080 τάξιν.
1256 5017 1400 5072 Editi
1438 5016 1712 5086 ἑκατέρων
1736 5013 1860 5086 τὴν

283 5083 469 5150 ἀξίαν.
497 5083 732 5156 Legitur
760 5086 826 5156 in
848 5083 1054 5155 septem
1083 5087 1367 5142 codicibus
1394 5103 1527 5143 mss.
1555 5083 1653 5156 τῆν
1685 5083 1858 5156 τάξιν.

288 5156 401 5210 Sed
434 5171 627 5227 vocem,
670 5155 956 5227 ἑκατέραν,
1003 5172 1124 5226 qua:
1160 5155 1748 5227 maximeﬂnecesSaria
1779 5164 1865 5209 est

286 5227 361 5280 ad
393 5226 723 5280 sententiam
751 5225 1224 5296 illustrandam,in
1249 5227 1369 5296 solo
1391 5225 1676 5281 Harlmano
1707 5240 1864 5296 repe-

285 5297 489 5368 rimus.
531 5295 734 5352 Ibidem
781 5295 914 5352 editi
952 5297 1084 5368 ὁρᾷς
1129 5297 1294 5360 ὅπως.
1331 5295 1584 5368 Plerique
1640 5295 1777 5350 mss.
1804 5301 1866 5348 ut

285 5367 348 5422 in
377 5373 553 5419 textu.

362 5435 477 5506 (73)
520 5435 808 5506 Ἑκάβαν.
843 5433 995 5490 Hanc
1024 5450 1210 5491 vocem
1246 5435 1559 5492 addidimus
1586 5451 1653 5490 ex
1684 5433 1865 5500 Harl.,

288 5505 440 5563 Med.
458 5505 516 5560 et
551 5505 814 5588 (paron)...
850 5506 1250 5588 etndelevimus
1291 5507 1517 5588 rerbum
1552 5506 1865 5578 παρεχόμε-

289 5593 403 5639 νος,
436 5577 584 5643 quod
615 5583 736 5630 erat
766 5577 821 5630 in
853 5575 1015 5631 editis
1045 5583 1170 5646 post
1197 5576 1410 5630 κακίαν.
1635 5575 1644 5578 ’
1702 5575 1728 5576 ⁷⁷
1768 5575 1776 5578 ⁷

345 5645 480 5721 ,(78)
529 5647 950 5717 Ἐμπίπτομεν.
981 5647 1057 5704 lta
1110 5662 1244 5704 mss.
1280 5648 1544 5721 quinque.
1589 5645 1733 5704 Editi
1777 5648 1870 5704 ὲκ-

370 5703 383 5718 \

290 5716 614 5792 etiametiam,

1965 4487 2487 4556 appropinquantes,
2508 4485 2772 4541 aﬂicimur
2788 4489 3070 4551 molestia;
3102 4488 3238 4543 adeo
3263 4487 3533 4558 quidquid

1961 4577 2166 4632 dixeris
2189 4577 2244 4632 in
2274 4578 2498 4640 litteris,
2521 4580 2725 4634 bonum
2753 4587 2859 4635 est.
2883 4581 3021 4634 Nam
3052 4580 3254 4635 bonum
3276 4589 3362 4636 est
3387 4579 3536 4650 quod

1961 4683 1990 4721 a
2019 4668 2163 4724 bono
2195 4669 2364 4724 corde
2404 4669 2695 4724 redundat.
2731 4669 2887 4736 Quod
2926 4673 2971 4728 si
3001 4671 3161 4727 nobis
3194 4671 3535 4740 cmitingeret

2033 4800 2162 4871 (75),
2188 4800 2622 4870 Ἀγνοήσωμεν.
2657 4800 2827 4863 Μὴ...
2860 4800 3105 4870 ποιήσῃ.
3161 4802 3239 4855 lta
3290 4799 3536 4870 plerique

1960 4870 2271 4953 mss;nEditi
2285 4872 2660 4953 Δἀγνοήσομεν.
2887 4873 3126 4953 ποίησαι.

2035 4941 2147 5013 (76)
2174 4939 2710 5013 Μελετίῳζ-Ἱίί-ιιιιυε
2751 4939 2914 5010 liujus
2947 4939 3190 5011 epistolae
3221 4949 3276 4994 et
3303 4939 3532 5013 aliarum

1963 5009 2240 5082 deinceps,
2264 5027 2386 5082 quae
2425 5011 2492 5065 ad
2526 5011 2798 5066 Meletium
2826 5009 3029 5082 scripta
3074 5021 3317 5082 sunt,”
3347 5009 3536 5082 codice

1964 5080 2253 5138 Harlaaano
2283 5080 2542 5152 sumptus
2574 5089 2680 5152 est;
2731 5083 2783 5136 in
2815 5080 3194 5152 qno'epislola
3225 5081 3369 5152 2l3,
3398 5080 3537 5135 alias

1963 5152 2091 5219 272,
2150 5153 2230 5206 sic
2268 5151 2715 5212 inscribitur..,ln
2760 5151 2884 5208 aliis
2930 5151 3214 5207 codicibus
3266 5151 3538 5206 omittitur

1965 5237 2068 5294 vox
2108 5223 2457 5294 Ἀντιοχείας.

2036 5293 2149 5415 (7;!)
2190 5285 2616 5366 Ἢντέμέτοιεῖς.
2652 5291 2934 5350 Duomss.
2964 5293 3299 5348 recentiores
3332 5285 3399 5362 ἧς
3435 5291 3538 5361 ἐμ-

2036 5381 2086 5415 ιιε
2115 5380 2158 5415 ς.

1966 5380 2158 5426 ποιεις.

1982 5435 2152 5532 ..(78)
2187 5433 2582 5508 θλιϐομένων·
2626 5429 2764 5487 Tres
2797 5427 3018 5490 codices
3047 5430 3384 5489 recentiores
3425 5429 3539 5489 θλε.

1962 5521 2134 5559 θεων.

1966 5521 2158 5650 Via?)
2179 5575 2555 5650 ﬂepw'asdn.
2596 5570 2673 5627 Ita
2704 5571 2882 5640 Harl.,
2908 5574 3076 5632 Coisl.
3109 5573 3320 5650 primus
3343 5579 3396 5631 et
3426 5581 3555 5635 ιιθαί.¹

1974 5645 2083 5700 alii.
2119 5645 2260 5699 Editi
2288 5642 2623 5700 περισσεύει.

2094 5716 2242 5772 Alias
2259 5713 2391 5771 LVI.
2430 5714 2643 5770 Scrinta
2683 5730 2825 5766 anno
2859 5714 2959 5764 371-
