3988 6194
383 287 491 344 409

1330 288 1818 347 EPISTOLABUM
1854 288 2142 348 CLASSIS
2178 293 2246 363 ΙΙ.
2285 290 2506 348 EPIST.
2543 289 2684 347 LIX.

3509 280 3621 342 ιω

384 405 589 459 θόντων
620 401 949 473 μεμνῆσθαι,
985 403 1120 476 μήτε
1141 403 1250 459 τῶν
1274 405 1555 477 παρόντων
1573 407 1945 473 αἰσθάνεσθαι,

2070 409 2319 465 )eeudum
2344 409 2566 465 ferrem.
2596 405 2704 462 Sed
2742 403 2873 475 quid
2908 400 3103 456 faciam
3150 413 3271 457 meo
3296 400 3472 473 ipsius
3497 403 3619 457 ani-

382 495 527 566 ῠπὲρ
547 494 641 547 τοῦ
671 495 849 548 πᾶσαν
880 497 1090 567 πληγὴν
1117 497 1195 560 εἰς
1224 496 1327 566 γῆν
1363 496 1617 566 κεκυφὼς
1658 499 1844 569 φέρειν
1871 498 1949 561 ὡς

379 587 451 641 τὰ
481 586 819 657 βοσκήματα.
873 586 1034 639 Ἀλλὰ
1056 587 1107 640 τί
1130 586 1285 640 πάθω
1311 588 1445 660 πρὸς
1471 590 1563 642 τδν
1598 589 1834 660 ἐμαυτοῦ
1857 589 1947 642 λο-

378 676 600 745 γισμὸν,
639 677 777 747 μετὰ
810 677 936 747 μίαν
955 678 1049 731 καὶ
1072 678 1328 748 δευτέραν
1369 682 1564 750 πεῖραν
1613 682 1763 735 οὐδὲν
1789 681 1950 734 δυνά-

385 785 546 838 μενον
596 768 966 834 ἀνεξετάστως
1026 771 1377 841 προσίεσθαι;
1444 772 1629 824 Ταῦτα
1695 773 1795 842 τῆς
1850 772 1951 842 σῆς

380 859 682 928 ἁπλότητος
713 859 1120 930 καθαπτόμενος
1149 861 1380 934 ἔγραψα,
1419 862 1484 933 ἢν
1509 863 1614 915 οὐδ’
1642 862 1813 926 ἄλλως
1836 862 1949 931 (90)

381 950 696 1018 πρέπουσαν
724 951 1084 1021 Χριστιανοῖς,
1123 952 1200 1023 τῷ
1244 954 1466 1024 παρόντι
1501 952 1676 1024 καιρῷ
1709 954 1817 1023 (91)
1841 953 1951 1023 ὁρῶ

386 1042 461 1112 μὴ
498 1042 867 1112 ἁρμόζουσανυ
908 1043 994 1096 ἵνα
1030 1044 1165 1115 προς
1197 1044 1323 1112 γοῦν
1365 1046 1425 1098 τὸ
1459 1046 1653 1115 ἐφεξῆς
1682 1046 1870 1098 ἑαυτόν
1890 1061 1951 1097 τε

382 1135 692 1203 φυλὰττοις,
721 1134 899 1203 κάμοῦ
929 1136 1083 1207 φείδῃ
1105 1152 1119 1169 ⁸
1150 1137 1356 1205 ἐπειδὴ,
1388 1137 1469 1189 δεῖ
1499 1137 1608 1208 γάρ
1642 1154 1707 1208 με
1742 1136 1875 1207 πρὸς
1893 1137 1952 1188 σὲ

386 1225 526 1296 μετὰ
562 1224 873 1296 παρρησίας
903 1228 1078 1278 εἰπεῖν
1097 1265 1110 1288 ,
1155 1226 1531 1291 ἁναξιὸπιστος
1559 1223 1610 1279 εἴ
1630 1225 1738 1279 τῶν
1781 1224 1953 1278 τοιού-

380 1333 492 1387 των
521 1316 783 1378 διάκονος.
810 1314 955 1386 Πλὴν
984 1317 1180 1380 οἵτινες
1213 1316 1323 1387 (92)
1355 1316 1419 1370 ἂν
1445 1314 1576 1369 ὦσιν
1609 1318 1657 1368 οἱ
1685 1315 1951 1368 ἐπεσταλ-

381 1405 561 1477 κότες,
593 1404 1006 1475 ἀπεκρινάμεθα
1029 1405 1209 1467 αὐτοῖς
1240 1404 1308 1457 τὰ
1328 1405 1532 1459 εἰκότα.
1566 1405 1693 1458 Εἴτε
1731 1399 1824 1457 οὖν
1858 1403 1956 1455 αὑ-

380 1497 475 1559 τὸς
502 1496 810 1567 ἀπόπειράν
844 1513 933 1567 μοι
976 1495 1204 1561 καθιεὶς,
1241 1495 1350 1549 εἴτε
1382 1496 1459 1567 τῷ
1496 1496 1608 1551 ὄντι
1647 1495 1801 1567 παρὰ
1845 1494 1955 1548 τῶν

383 1586 698 1640 ἐπισκόπων
744 1586 943 1650 λαϐὼν,
999 1588 1099 1657 τὴν
1153 1588 1440 1658 ἐπιστολὴν
1483 1586 1755 1658 ἔπεμψας,
1812 1586 1958 1658 ἔχεις

384 1679 486 1742 τὰς
515 1679 854 1749 ἀποκρίσεις.
901 1680 968 1732 Σὲ
1019 1679 1076 1733 δὲ
1128 1678 1262 1733 ἄλλα
1308 1681 1455 1744 εἰκὸς
1490 1677 1559 1753 ἦν
1607 1680 1685 1751 τῷ
1728 1680 1955 1752 παρόντι

2049 515 2174 565 ιιιο,
2217 502 2308 571 qui
2336 507 2460 572 post
2494 514 2663 555 unum
2704 506 2759 555 et
2789 496 3018 549 alterum
3061 493 3495 563 experimentum
3523 494 3618 547 ni-

2048 590 2130 645 hii
2169 592 2575 662 inexploratum
2629 588 2916 643 admittere
2963 586 3183 655 potest?
3214 583 3340 637 Haec
3380 584 3615 653 scripsi,

2050 682 2450 752 simplicitatem
2512 690 2662 735 tuam
2723 677 3135 753 perstringens,
3186 688 3348 745 quam
3416 674 3619 744 alioqui

2049 773 2397 828 Christianis‘
2417 787 2528 827 non
2561 758 2953 842 congruentem
2978 808 2993 833 ,
3036 768 3165 821 huic
3194 766 3425 836 tempori
3471 764 3620 819 haud

2050 863 2342 917 convenire
2370 862 2561 926 video;
2597 868 2656 914 ut
2681 861 2873 914 saltem
2907 859 3169 927 deinceps
3206 864 3322 909 tum
3370 855 3487 924 ipse
3519 852 3620 907 tibi

2050 968 2277 1016 caveas,
2314 962 2426 1007 tum
2470 953 2602 1007 mihi
2650 967 2883 1023 parcas:
2911 950 3179 1020 siquidem
3207 987 3222 1011 ,
3260 947 3431 1001 libere
3473 944 3621 1000 enim

2051 1057 2139 1099 me
2187 1045 2252 1097 ad
2299 1051 2351 1097 te
2390 1044 2541 1114 loqui
2595 1050 2841 1112 oportet,
2877 1042 3064 1096 talium
3112 1038 3362 1097 minister
3400 1051 3460 1091 es
3514 1035 3622 1089 ﬁde

2052 1135 2197 1190 haud
2232 1134 2453 1205 dignus.
2480 1134 2870 1189 Verumtamen
2899 1132 3214 1202 quicunque
3255 1127 3498 1190 fuerint,
3524 1123 3627 1194 qui

2053 1229 2415 1298 scripserint,
2471 1227 2584 1290 eis,
2622 1235 2683 1280 ut
2739 1240 2836 1296 par
2887 1232 3034 1291 erat,
3066 1224 3175 1293 jam
3211 1218 3617 1291 respondimus.

2056 1316 2180 1373 Sive
2209 1319 2381 1388 igitur
2410 1326 2807 1372 tentamentum
2842 1315 2975 1369 mihi
3012 1313 3297 1382 injiciens,
3334 1308 3622 1379 epistolam

2052 1409 2291 1474 misisti,
2326 1410 2440 1465 sive
2467 1424 2659 1465 revera
2689 1406 2955 1478 accepisti
2998 1405 3067 1474 ab
3111 1401 3414 1474 episcopis,
3450 1399 3622 1454 habes

2053 1513 2338 1569 responsa.
2379 1498 2456 1554 Te
2504 1514 2634 1553 vero
2675 1497 2912 1553 decebat
2947 1495 3055 1549 alia
3096 1493 3153 1547 in
3187 1489 3444 1567 praesenti
3481 1496 3624 1542 tem-

2053 1606 2186 1662 pore
2212 1606 2405 1646 curare
2428 1631 2442 1656 ,
2468 1589 2639 1648 frater
2671 1604 2796 1644 cum
2831 1587 2910 1643 sis
2936 1627 2951 1651 ,
2980 1587 3210 1649 necdum
3242 1590 3455 1637 natura;
3482 1576 3635 1638 obii-5

2055 1690 2146 1738 tus
2166 1723 2181 1748 ,
2210 1698 2388 1753 neque
2409 1697 2498 1737 me
2522 1682 2733 1736 inimici
2764 1682 2884 1737 loco
2912 1680 3110 1734 habeas
3137 1695 3149 1730 :
3182 1668 3623 1746 quandoquidem

386 1771 714 1842 φροντίζειν,
750 1770 977 1842 ἀδελφόν
1011 1789 1070 1826 τε
1098 1771 1245 1836 ὄντα,
1283 1773 1380 1827 καὶ
1404 1775 1570 1844 μήπω
1600 1772 1702 1842 τῆς
1738 1772 1955 1840 φύσεως

2070 1772 2222 1826 vitam
2255 1772 2488 1843 ingressi
2524 1786 2748 1835 sumus,
2773 1785 2895 1841 qua:
2923 1781 3126 1837 corpus
3163 1771 3409 1819 nostrum
3432 1762 3626 1812 conte-

384 1861 831 1932 ἐπιλελησμένον,
866 1861 999 1932 μηδὲ
1030 1863 1089 1916 ὲν
1114 1861 1307 1934 ἐχθροῦ
1340 1864 1503 1935 μοίρᾳ
1527 1863 1675 1932 ἡμᾶς
1703 1861 1913 1933 ὁρῶντα
1932 1876 1948 1893 ο

386 1953 573 2024 ἐπειδὴ
601 1955 681 2016 εἰς
717 1953 830 2023 βίον
864 1953 1213 2025 παρήλθομεν
1275 1952 1625 2025 συντρίϐοντα
1669 1954 1765 2023 μὲν
1796 1951 1952 2023 ἡμῶν

385 2043 448 2097 τὸ
476 2043 650 2114 σῶμα,
683 2044 957 2102 κακοῦντα
987 2045 1045 2099 δὲ
1071 2046 1182 2116 (95)
1223 2046 1316 2099 καὶ
1342 2045 1438 2116 τὴν
1459 2045 1634 2115 ψυχὴν
1658 2044 1736 2114 τῷ
1779 2045 1950 2114 ὑπερ-

388 2134 593 2189 ϐαίνειν
626 2137 726 2207 τὴν
766 2136 1039 2208 ἡμετέραν
1086 2136 1331 2207 δύναμιν.
1392 2135 1530 2188 Ἀλλ’
1568 2136 1716 2205 ὅμως
1766 2134 1952 2204 ἐπειδὴ

390 2224 565 2289 οὕτως
599 2227 1053 2298 ὲκπεπολέμωσαι
1084 2227 1220 2295 (94),
1253 2225 1443 2279 τούτου
1472 2225 1658 2279 ἕνεκεν
1702 2224 1953 2295 παρεῖναί

394 2333 454 2374 σε
479 2316 585 2370 ἔδει
614 2316 729 2382 νῦν,
770 2319 864 2371 καὶ
902 2321 1176 2377 κοινωνεῖν
1216 2317 1326 2371 τῶν
1358 2317 1715 2389 πραγμάτων.
1762 2316 1954 2370 Ἀδελ-

391 2407 495 2477 φοὶ
521 2408 653 2477 γὰρ,
681 2410 865 2480 φησὶν,
897 2410 966 2463 ἐν
1004 2408 1290 2479 ἀνάγκαις
1327 2408 1605 2461 ἔστωσαν
1651 2405 1952 2476 χρήσιμοι.

392 2484 458 2553 Εἰ
483 2499 543 2553 δὲ
585 2500 665 2570 τῷ
702 2501 814 2555 ὄντι
850 2499 1136 2572 συντυχίαν
1173 2499 1446 2569 ἡμετέραν
1482 2498 1869 2567 καταδέχονται
1907 2498 1956 2549 οἱ

391 2590 814 2669 αἰδεσιμώτατοι
838 2592 1147 2656 ἐπίσκοποι,
1177 2590 1272 2645 καὶ
1306 2589 1469 2643 τόπον
1502 2591 1633 2659 ἡμῖν
1657 2588 1959 2660 ὡρισμένον

393 2684 490 2759 καὶ
530 2685 721 2756 καιρὸν
758 2683 1203 2755 γνωρισάτωσαν,
1238 2682 1333 2735 καὶ
1380 2681 1448 2734 δι’
1498 2680 1639 2734 ἰδίων
1689 2680 1837 2751 ἡμᾶς
1868 2681 1961 2747 ᾀν-

394 2774 629 2846 θρὼπων
678 2775 1238 2847 μεταστειλάσθωσαν.
1303 2774 1515 2844 Ὥσπερ
1558 2772 1668 2843 γὰρ
1716 2772 1854 2843 πρὸς
1901 2772 1961 2826 τὺ

2053 1866 2160 1926 rit.
2195 1880 2260 1919 ac
2310 1865 2546 1919 animam
2580 1878 2799 1936 quoque
2844 1862 3067 1918 coniicit
3092 1899 3106 1924 ,
3142 1864 3433 1930 propterea
3476 1849 3637 1922 quod.

2054 1956 2202 2012 vires
2240 1963 2458 2012 nostras
2500 1963 2743 2025 superat.
2775 1955 3047 2009 Caeterum
3084 1949 3341 2022 quoniam
3373 1944 3454 2001 sic
3488 1938 3639 2013 mihi

2056 2047 2259 2103 bellum
2287 2047 2530 2102 indicere
2576 2046 2857 2109 statuisti,
2907 2045 3116 2100 idcirco
3162 2040 3355 2094 adesse
3394 2047 3448 2090 te
3476 2046 3627 2087 nunc

2058 2139 2379 2209 oportebat,
2411 2147 2575 2208 atque
2602 2137 2941 2207 negotiorum
2966 2149 3087 2192 esse
3118 2131 3456 2203 participem.
3487 2122 3644 2185 ιεωπ

2061 2238 2165 2284 tres
2214 2230 2394 2297 enim,
2453 2229 2665 2299 inquit,
2715 2230 2774 2281 in
2820 2223 3220 2281 necessitatibus
3250 2219 3404 2279 utiles
3438 2217 3545 2272 sint
3579 2216 3635 2293 ’.η

2060 2320 2216 2387 Quod
2275 2322 2321 2377 si
2368 2334 2560 2375 revera
2611 2303 2861 2375 nostrum
2922 2327 3283 2386 congressum
3333 2308 3636 2375 admittunt.

2060 2412 2301 2482 episcopi
2328 2412 2475 2465 omni
2512 2411 2820 2466 reverentia
2852 2405 3199 2479 dignissimi,
3230 2410 3285 2458 et
3316 2401 3497 2455 locum
3528 2410 3632 2450 no-

2060 2502 2147 2557 bis
2176 2502 2457 2557 deﬁnitum
2496 2510 2552 2556 et
2576 2509 2792 2571 tempus
2830 2500 3071 2554 indicent
3095 2536 3109 2561 ,
3147 2508 3340 2563 meque
3372 2504 3468 2560 per
3497 2500 3641 2555 suos,

2026 2630 2036 2640 .
2063 2594 2315 2649 homines
2350 2601 2662 2649 accersant.
2691 2592 2762 2648 Ut
2791 2592 2937 2646 enim
2968 2598 3165 2661 patruo
3192 2601 3313 2641 meo
3341 2592 3631 2638 occurrere

2067 2684 2222 2754 153
2260 2700 2369 2740 non
2406 2699 2634 2744 recuso,
2671 2683 2748 2737 ita
2774 2682 2883 2737 nisi
2914 2681 3076 2736 modo
3108 2674 3430 2749 congruenti
3464 2684 3630 2727 voca-

2065 2760 2155 2830 tus
2183 2776 2336 2831 fuero
2362 2816 2377 2840 ,
2405 2792 2516 2830 non
2546 2776 2737 2831 feram.

393 2866 703 2937 ἀπαντῆσαι
740 2867 900 2931 αὐτὸς
932 2866 1069 2939 πρὸς
1108 2866 1200 2920 τὸν
1237 2863 1472 2935 ἐμαυτοῦ
1524 2864 1665 2923 θεῖον
1699 2865 1800 2917 οὐκ
1835 2865 2071 2934 ἀπαξιῶ,
2100 2867 2293 2936 οὕτως,
2359 2870 2453 2923 ἐὰν
2484 2868 2557 2940 μὴ
2589 2867 2727 2940 μετὰ
2768 2865 2862 2921 τοῦ
2922 2864 3222 2927 πρέποντος
3265 2860 3540 2932 σχήματος
3600 2853 3637 2926 ἡ

393 2958 588 3029 κλῆσις
615 2958 723 3031 (95)
757 2959 998 3031 γένηται,
1028 2959 1126 3012 οὐκ
1160 2956 1442 3026 ἀνέξομαι,

924 3075 1267 3130 ΕΠΙΣΤΟΛΗ
1302 3073 1430 3126 NB‘.

2594 3068 2929 3125 EPISTOLA
2967 3066 3123 3121 LlX‘.

396 3186 593 3250 Rumpit
616 3185 857 3250 silentium
879 3187 1105 3248 Basilius,
1134 3201 1192 3237 ac
1215 3180 1527 3250 dissensionis
1547 3183 1704 3234 causis
1727 3183 1886 3250 insita
1904 3191 2104 3250 peccata
2119 3182 2308 3248 rejectis
2330 3181 2915 3250 avunculumpbleslatur,
2941 3185 2992 3248 ιιι
3035 3176 3227 3248 tandem
3262 3175 3525 3250 qiiquqndo
3562 3176 3636 3229 sie

461 3239 705 3312 mirantem
727 3249 948 3312 deponat.
971 3263 1032 3312 ea:
1055 3239 1149 3312 qua
1172 3254 1277 3299 tota:
1298 3246 1508 3298 civitates
1527 3252 1572 3296 et
1590 3244 1758 3310 populi
1775 3239 2035 3298 truduntur.
2062 3239 2326 3303 Faeiurum
2346 3258 2396 3296 se
2421 3241 2657 3308 promittit
2674 3239 2911 3306 quidquid
2932 3239 2978 3291 ei
3000 3239 3133 3304 pacis
3153 3239 3469 3293 concilianda:
3491 3251 3638 3290 causa

458 3310 617 3374 uisum
637 3309 905 3375 [uerit’esse
923 3309 1213 3376 faciendum.

936 3414 1238 3484 Γρηγυρίῳ
1269 3413 1424 3479 θείῳ.

476 3508 529 3562 1.
572 3506 932 3575 Ἐσιώπησα.
981 3507 1078 3575 Μὴ
1131 3507 1227 3560 καὶ
1279 3505 1370 3560 ἀεὶ
1415 3502 1813 3573 σιωπήσομαι,
1874 3504 1969 3557 καὶ

331 3663 335 3665 _
402 3601 667 3670 ἀνέξομαι
711 3602 804 3653 ἐπὶ
832 3599 1011 3652 πλεῖον
1034 3598 1134 3669 τὴν
1168 3597 1586 3667 δυσφορωτάτην
1627 3595 1827 3667 ζημίαν
1870 3595 1970 3664 τῆς

477 3714 499 3745 ³
532 3712 700 3767 Eccli.
732 3727 824 3777 XL,
857 3711 948 3767 ΞΑ.

482 3826 596 3895 (90)
632 3828 745 3880 Ἦν
769 3824 894 3880 οὐδ’
919 3825 1138 3895 ἄλλως).
1157 3823 1359 3895 Contra
1381 3824 1434 3877 in
1457 3840 1552 3879 sex
1598 3838 1743 3895 mss._
1768 3820 1974 3895 codici-

408 3892 538 3956 bus,
569 3892 661 3964 qui
696 3896 895 3949 habent
942 3895 1008 3964 ἢν
1050 3894 1243 3956 ἄλλως,
1279 3893 1522 3964 Gregorii
1569 3892 1971 3964 simplicitatem

410 3959 728 4022 Christiano
769 3959 1005 4033 dignam,
1047 3965 1320 4033 existimat
1353 3959 1608 4033 Basilius.
1654 3959 1875 4033 [Legitur
1916 3959 1972 4033 in

412 4035 696 4093 codicibus
722 4029 859 4089 Med:
888 4040 942 4087 et
962 4032 1111 4088 Harl.
1143 4032 1208 4103 ἥν
1233 4032 1307 4095 ὡς
1339 4033 1532 4096 ἄλλως.
1558 4029 1975 4103 Equidem,_etsi

412 4105 620 4161 nemini
640 4104 881 4159 concedo
902 4104 995 4172 qui
1027 4104 1146 4173 plus
1165 4099 1374 4156 tribuat
1404 4099 1642 4171 antiquis
1669 4099 1971 4173 codicibus,

412 4176 691 4245 vulgatam
747 4181 930 4245 tamen
979 4172 1264 4245 lectionem
1323 4173 1443 4225 loco
1498 4172 1975 4245 movendain__no_u

414 4236 571 4316 puto.
600 4243 734 4316 Nam
766 4244 938 4316 primo
969 4243 1142 4316 elevat
1174 4242 1335 4316 fidem
1370 4257 1502 4316 mss.
1535 4242 1783 4295 codicum
1821 4236 1972 4301 illud,

416 4310 514 4379 ἱὶις,
546 4310 793 4369 codicum
815 4312 961 4369 Harl.
989 4320 1044 4366 et
1072 4310 1234 4372 Med,
1257 4310 1400 4379 quod
1433 4328 1555 4365 cum
1587 4319 1826 4363 erratum
1852 4321 1978 4362 esse

419 4384 688 4449 videatur,
710 4383 803 4437 dat
816 4383 1027 4450 c0piam
1045 4381 1356 4451 suspirandi
1375 4381 1534 4433 aliam
1552 4395 1763 4451 vocem,
1782 4391 1979 4451 nempe

418 4454 553 4516 οὐδ’,
614 4448 843 4507 deletam
889 4448 1085 4513 fuisse,
1137 4448 1192 4504 et
1243 4451 1389 4505 illius
1442 4451 1562 4504 loco
1624 4448 1976 4516 substitutum

419 4525 498 4587 ὡς
534 4514 722 4578 fuisse.
757 4521 959 4576 Deinde
984 4535 1112 4573 vero
1138 4535 1259 4572 cum
1300 4517 1542 4588 Gregorii
1588 4519 1677 4572 illa
1708 4514 1979 4588 (simplici-

421 4605 507 4649 tas
535 4592 803 4647 mendacii
825 4590 1044 4646 oﬂieiosi
1078 4591 1197 4643 labe
1224 4604 1332 4643 non
1363 4587 1620 4655 caruerit,
1654 4587 1846 4641 adduci
1872 4599 1979 4638 non

423 4677 649 4733 possum
674 4668 746 4733 _ut
776 4660 1193 4733 eam_Basilium
1236 4659 1515 4733 probasse,
1559 4668 1614 4733 et
1652 4655 1980 4733 Christianis

423 4724 628 4802 alioqui
659 4730 871 4800 dignam
900 4728 1174 4802 judicasse
1206 4724 1527 4802 existimem.
1562 4726 1632 4802 Ut
1659 4727 1795 4780 nihil
1824 4724 1981 4802 _del_i-

1023 3711 1044 3743 ³
1073 3709 1178 3767 isa.
1212 3726 1351 3781 XLII,
1378 3709 1467 3765 14.

1992 3432 2039 3493 C.

2616 3407 2865 3479 Gregorio
2885 3417 3099 3477 patruo.

2143 3501 2195 3555 i.
2229 3500 2388 3556 Silui.
2433 3500 2575 3555 Num
2604 3509 2652 3554 et
2683 3516 2884 3569 semper
2917 3499 3102 3562 silebo,
3136 3512 3200 3552 ac
3221 3496 3452 3566 amplius
3485 3512 3638 3551 com,

2073 3590 2285 3647 mittam
2316 3594 2337 3624 ³
2367 3599 2426 3647 ιιι
2459 3592 2903 3647 molestissimum
2932 3591 3137 3647 silentii
3165 3591 3423 3645 damnum
3447 3597 3639 3644 contra

2145 3813 2255 3881 (9i)
2312 3811 2854 3879 Ἐκπεπολέμωσαι.
2909 3810 2999 3865 Sic
3057 3810 3293 3881 codices?
3330 3825 3463 3881 mss.
3522 3828 3640 3870 sex.

2077 3878 2706 3951 Εᾱιιιὲκπεπολέμωκα.
2742 3881 2858 3933 Non
2890 3882 3007 3936 sine
3038 3881 3210 3932 ironia
3246 3880 3378 3951 dicit
3407 3878 3642 3939 Basilius

2079 3952 2296 4006 fratrem
2328 3953 2429 4006 sibi
2465 3950 2661 4006 bellum
2697 3952 2955 4015 indicere,
2991 3951 3119 4019 quia
3146 3950 3352 4004 scilicet
3378 3964 3442 4003 eo
3473 3952 3643 4007 invito

2080 4021 2371 4092 Gregorius
2395 4022 2448 4074 in
2481 4021 2908 4092 puriﬁcationem
2937 4018 3057 4092 sese
3086 4018 3482 4092 interponebat.
3518 4022 3642 4078 "me

2079 4090 2222 4145 enim
2253 4102 2358 4154 est,
2413 4090 2687 4156 ni'fallor,
2737 4091 2910 4160 hujus
2950 4091 3052 4143 loci
3098 4090 3388 4160 sententia,
3438 4090 3644 4160 Gregov

2079 4163 2221 4214 rium
2248 4177 2355 4213 non
2387 4161 2639 4215 debuisse
2668 4159 2935 4226 ejusmodi
2962 4159 3295 4228 temporibus
3319 4174 3454 4212 nova
3489 4159 3643 4216 fratri

2080 4230 2297 4299 negatia
2332 4232 2597 4284 lacessere
2622 4247 2636 4294 ;
2661 4230 2753 4283 sed
2787 4238 2964 4283 tamen
2993 4232 3119 4298 quia
3169 4230 3367 4283 bellum
3400 4229 3643 4287 indicere

2081 4302 2130 4354 ei
2166 4307 2452 4357 statuerat.
2482 4301 2671 4354 saltem
2701 4300 3003 4354 Caesaream
3034 4300 3216 4352 venire
3246 4307 3299 4351 et
3327 4314 3489 4354 curas
3517 4317 3642 4355 cum

2081 4368 2252 4423 fratre
2304 4371 2493 4438 partiri
2530 4369 2804 4424 debuisse.
2858 4366 2969 4421 Etsi
3020 4381 3199 4424 autem
3251 4369 3365 4423 haec
3412 4369 3645 4425 Basilius

2124 4440 2314 4492 uadum
2357 4440 2534 4508 potius
2590 4440 2899 4508 urbanitate
2930 4454 3091 4505 quam
3136 4439 3299 4497 animi
3348 4440 3646 4495 oilensione

2124 4456 2314 4492 uauam
2357 4456 2534 4508 pouns
2590 4456 2899 4492 urbanitate
2930 4456 3091 4505 quam
3136 4456 3299 4497 animi
3348 4456 3646 4495 onensmne

2083 4456 2249 4572 dixit,
2284 4508 2499 4561 videtur
2530 4517 2709 4562 tamen
2743 4507 3034 4577 Gregorius
3065 4508 3328 4562 oil'ensum
3363 4510 3507 4569 illius
3537 4511 3647 4562 ani-

2084 4594 2231 4633 mum
2259 4577 2555 4645 judicasse,
2588 4577 2750 4646 idque
2799 4588 2992 4647 patruo
3026 4579 3304 4631 communi
3346 4580 3639 4633 indicasse.

2085 4647 2224 4702 llinc
2254 4649 2488 4703 Basilius
2520 4652 2570 4701 in
2603 4651 2763 4716 epist.
2801 4648 2864 4701 ad
2898 4648 3147 4702 eumdem
3184 4657 3432 4717 patruum
3466 4664 3644 4701 remo-

2086 4725 2174 4772 vet
2200 4733 2228 4771 a
2252 4733 2310 4772 se
2349 4718 2689 4786 suSpicioues
2716 4717 2879 4771 animi
2913 4718 2968 4770 in
3011 4720 3229 4771 fratrem
3274 4718 3419 4781 irati,
3452 4726 3506 4771 et
3533 4719 3645 4771 bel«

422 4785 648 4857 bemjex
678 4785 798 4856 aliis
845 4785 1125 4869 operibus,
1156 4811 1303 4851 certe
1350 4799 1402 4850 in
1427 4798 1555 4869 hac
1596 4800 1711 4865 ipsa
1753 4794 1980 4863 epistola
2012 4785 2057 4840 Ι)
2086 4788 2196 4869 lum
2222 4788 2338 4843 sive
2391 4786 2708 4869 inindeitias
2762 4801 2885 4841 cum
2919 4789 3262 4858 propinquis,
3305 4794 3363 4842 ut
3388 4802 3645 4858 magnum

426 4872 651 4927 fratrem
681 4866 958 4931 admonet,
998 4878 1055 4921 ut
1079 4868 1336 4937 deinceps
1375 4866 1476 4922 sibi
1511 4867 1625 4935 ipse
1652 4871 1858 4937 careat,
1889 4877 1985 4937 ne-

426 4941 557 4995 dum
588 4940 734 4996 illius
765 4938 1164 5008 simplicitatem
1203 4932 1338 4990 alias
1371 4932 1672 5008 congruere.
1711 4932 1981 5008 Christia-

426 5011 516 5066 nis
540 5008 804 5065 crederet.
838 5004 1143 5076 Quinetiam
1175 5014 1392 5075 optasse
1420 5022 1477 5059 se
1490 5004 1593 5067 ait,
1623 5014 1681 5059 ut
1715 5004 1815 5059 sibi
1843 5014 1986 5056 terra

427 5080 751 5147 dehisceret,
768 5094 833 5134 eo
861 5078 1005 5147 quod
1028 5076 1516 5147 mendaciiprobris
1541 5089 1794 5147 aspersus
1816 5078 1984 5147 esset.

429 5151 583 5226 Adeo
601 5144 697 5226 '_il|_i
708 5143 1039 5226 displicebat
1068 5145 1150 5198 vel
1180 5143 1888 5226 ipsajnendaciisuspicis):

428 5229 456 5286 ι
485 5220 617 5288 ι(9ί)
659 5217 741 5285 Τῷ
772 5210 1020 5286 εἰαρόντι
1053 5210 1254 5285 καιρῷ.
1295 5212 1460 5271 Coisl.
1501 5210 1792 5288 primps'et
1835 5210 1986 5265 Harl.

431 5285 549 5361 τοῖς
569 5288 803 5361 παροῦσι
829 5285 1055 5361 διαιροῖς.
1135 5353 1186 5361 __
1597 5285 1678 5361 2'...

506 5312 544 5352 ις
573 5312 803 5358 παρυυσι
829 5312 1055 5361 καιροις.
1598 5312 1641 5336 τεν

506 5358 618 5429 (92)
652 5358 829 5428 Πλὴν
863 5359 1098 5424 οἵτινες.
1131 5353 1224 5411 Sic
1263 5368 1396 5411 mss.
1433 5368 1549 5410 sex.
1596 5350 1740 5408 Editi
1778 5350 1918 5423 πλὴν
1947 5346 2003 5403 ετ

432 5445 620 5568 ﬂigi)
653 5496 965 5552 Κακοῦντα
1013 5496 1101 5552 δέ.
1150 5474 1295 5568 Εάῖιῖ
1326 5492 1704 5568 κσυντρίδοντᾳ-
1747 5490 1825 5556 δέ’
1876 5504 1998 5559 qua

441 5562 735 5638 scriptura,
768 5568 871 5639 etsi
899 5583 998 5639 sua
1021 5573 1215 5637 sponte
1243 5564 1434 5639 vitiosa
1467 5562 1575 5618 non
1617 5562 1855 5639 videtur,
1886 5574 1995 5639 non

438 5634 621 5693 tamen
667 5637 1004 5709 praeferenda
1050 5634 1147 5693 sex
1172 5634 1452 5691 codicibus
1491 5647 1623 5690 mss.
1658 5645 1797 5703 quos
1825 5634 1999 5686 Secuti

442 5723 648 5778 sumus.

2085 4857 2258 4919 nefas,
2301 4874 2328 4910 a
2354 4872 2410 4910 se
2431 4856 2748 4912 detestatur.

2157 4926 2267 4997 (95)
2303 4927 2375 4980 Ἦ
2419 4926 2658 4994 κλῆσις.
2695 4928 2864 4997 Negat
2918 4926 3154 4983 Basilius
3180 4942 3258 4997 se
3297 4924 3645 4997 adfuturum,

2085 4996 2191 5055 nisi
2234 4995 2489 5051 decenter
2516 4995 2827 5058 advocetur,
2856 4998 2910 5051 id
2949 5002 3053 5060 est,
3088 4996 3189 5065 nisi
3238 4995 3524 5049 mittantur
3554 4997 3649 5065 qui

2087 5082 2209 5120 eum
2241 5067 2295 5119 in
2321 5067 2585 5120 indictum
2616 5068 2793 5121 locum
2824 5068 3113 5121 deducant.
3149 5064 3277 5119 Erat
3306 5064 3650 5131 Basilius,’ut

2088 5135 2143 5190 in
2168 5136 2288 5203 ejus
2315 5135 2460 5189 modi
2490 5137 2679 5189 oﬂiciis
2724 5136 3042 5191 exhibendis
3074 5135 3545 5205 diligentissimus,
3575 5138 3650 5189 ita

2087 5207 2249 5260 etiam
2302 5205 2356 5276 i_n
2388 5206 2737 5276 reposcendis
2786 5215 3044 5259 attentus.
3088 5204 3331 5276 Meletius
3363 5205 3652 5276 Antioche:

2094 5289 2198 5329 nus
2216 5281 2273 5345 et
2305 5273 2623 5330 Theodorus
2664 5275 3092 5345 Nicopolitanus,
3123 5290 3244 5328 cum
3275 5273 3651 5345 Basiliunrad

2094 5344 2463 5415 celebritatem
2485 5344 2777 5415 qhamdam
2800 5343 2979 5399 obiter
3014 5346 3375 5399 advocasseut
3403 5360 3499 5415 per
3525 5343 3652 5397 Hel-

2096 5415 2295 5468 lenium
2330 5414 2583 5468 Nazianzi
2615 5414 3070 5481 Peraequatorem,
3108 5431 3209 5469 nec
3245 5414 3439 5469 iterum
3470 5415 3657 5470 misisa

2094 5492 2216 5539 sent
2245 5484 2337 5553 qui
2366 5484 2432 5538 de
2459 5485 2649 5538 iisdem
2684 5485 2998 5539 admoneret
3043 5492 3136 5538 aut
3185 5484 3510 5551 deduceret;
3537 5484 3653 5538 dis-

2096 5556 2285 5624 plicuit
2310 5554 2506 5608 Basilio
2529 5553 2896 5623 perfunctoria
2943 5554 3207 5609 invitandi
3232 5556 3389 5619 ratio,
3424 5569 3487 5611 ac
3517 5554 3655 5611 veri-

2095 5634 2183 5679 tus
2218 5639 2287 5678 ne
2314 5637 2601 5691 suspeetus
2633 5625 2740 5677 illis
2776 5630 2940 5686 esset,
2976 5624 3165 5679 adesse
3192 5626 3384 5680 noluit.
3626 5628 3627 5633 “

2167 5700 2186 5717 '
2217 5694 2365 5753 Alias
2404 5691 2584 5753 XLVI.
2610 5691 2825 5765 Scripta
2854 5709 2995 5749 anno
3023 5694 3147 5748 571.
