3988 6194
327 305 428 359 Ml

1635 299 1695 356 S.
1737 299 1986 355 BASILII
2014 298 2234 355 MAGNI

3449 285 3558 343 412

326 417 592 487 ineipsum
623 416 939 480 ohﬁrmem,
972 430 1072 472 nec
1119 416 1237 487 ipse
1284 414 1558 481 scribens,
1589 429 1692 470 nec
1745 415 1882 469 allo-

1995 415 2201 484 σιωπῆς
2228 412 2470 485 κυρῶσαι
2513 411 2632 463 κατ’
2660 407 2894 480 ἐμαυτοῦ
2930 403 3041 477 (96)
3073 405 3208 476 μήτε
3240 403 3400 469 αὐτὸς
3441 405 3560 459 ἐπι·

326 515 584 578 quentem
615 507 877 562 audiens?
906 506 1016 578 Ego
1051 507 1196 562 enim
1228 521 1350 562 cum
1401 505 1664 560 hactenus
1701 503 1756 557 in
1792 503 1892 558 hac

323 599 470 655 tristi
498 599 766 654 sententia
795 598 1227 668 permanserim,
1253 597 1442 652 videor
1475 596 1609 650 mihi
1644 610 1753 650 non
1785 596 1891 649 im-

322 687 522 742 merito
558 686 836 756 prophetae
857 687 1024 741 verba
1051 697 1105 741 et
1121 686 1236 755 ipse
1260 700 1423 755 posse
1452 684 1698 754 proferre
1728 703 1740 737 :
1779 682 1916 736 To-.

326 777 489 830 leravi
516 778 656 831 sicut
683 777 985 845 parturiens
1015 781 1078 830 δι
1121 789 1338 844 semper
1368 775 1591 844 quidem
1632 774 1893 844 concupi-

323 883 490 925 808118
544 875 639 922 aut
671 882 1067 939 congressum,
1119 874 1215 921 aut
1273 881 1620 930 sermonem,
1676 880 1893 934 semper

324 965 509 1011 autem
542 957 829 1027 proposito
860 955 1122 1012 excidens
1167 955 1240 1011 ob
1293 969 1414 1010 mea
1467 963 1711 1026 peccata.
1768 953 1893 1008 Non

323 1049 471 1105 enim
501 1049 667 1104 ullam
693 1049 860 1102 aliam
903 1062 1096 1104 eorum
1117 1088 1132 1114 ,
1163 1062 1286 1118 quae
1315 1047 1451 1102 ﬁunt
1475 1087 1491 1114 ,
1543 1061 1768 1102 causam
1797 1061 1894 1102 ex-

321 1140 568 1211 cogitare
601 1155 740 1209 queo
767 1188 783 1207 ,
801 1139 928 1209 ',nisi
948 1139 1094 1210 quod
1132 1153 1450 1209 persuasum
1475 1138 1607 1192 mihi
1636 1147 1722 1194 est
1744 1146 1892 1193 vete-

320 1245 446 1284 rum
477 1245 564 1286 me
589 1240 942 1299 peccatorum
974 1230 1033 1284 in
1067 1229 1379 1285 dilectionis
1412 1236 1518 1283 tua:
1546 1230 1892 1299 separatione

319 1335 518 1391 plenas
547 1320 730 1388 luere;
756 1319 805 1376 si
844 1329 1027 1376 tamen
1054 1321 1122 1376 de
1151 1331 1203 1376 te
1231 1322 1638 1392 separationem
1668 1322 1752 1376 vel
1792 1336 1892 1376 no-

322 1410 538 1464 minare
568 1409 653 1465 fas
683 1416 768 1466 est
789 1424 820 1463 a
851 1411 1097 1481 quolibet
1126 1411 1381 1478 homine,
1417 1398 1620 1466 nedum
1653 1426 1684 1465 a
1708 1412 1888 1480 nobis,

319 1500 522 1570 quibus
547 1501 616 1555 ab
664 1500 826 1555 initio
857 1503 1034 1571 patris
1068 1503 1190 1557 loco
1226 1502 1399 1556 fuisti.
1449 1501 1557 1556 Sed
1605 1513 1890 1572 peccatum

319 1606 506 1646 meum
533 1607 681 1646 nunc
706 1633 724 1657 ,
752 1593 901 1648 velut
933 1593 1105 1650 densa
1143 1596 1392 1664 quaedam
1418 1595 1658 1649 obducta
1684 1596 1887 1662 nubes,

1995 505 2262 566 στέλλων,
2294 505 2430 574 μήτε
2456 500 2668 555 ἀκούων
2703 495 3243 570 προσφθεγγομένου;
3277 495 3416 565 Ἐγὼ
3457 496 3560 566 μὲν

1993 595 2120 667 γὰρ,
2165 597 2322 666 μέχρι
2374 593 2470 647 τοῦ
2527 593 2787 661 παρόντος
2837 587 3244 660 ἐγκαρτερήσας
3289 585 3368 658 τῷ
3425 603 3560 640 σκυ-

1994 685 2196 756 θρωπῷ
2222 685 2395 754 τούτῳ
2434 684 2686 752 δόγματι,
2725 679 2961 750 ἡγοῦμαι
3005 677 3237 749 πρέπειν
3281 676 3451 748 κάμοὶ
3485 677 3560 730 τὰ

1991 774 2085 828 τοῦ
2117 775 2393 844 προφήτου
2433 773 2644 840 λέγειν·
2710 772 2790 823 ὅτι
2853 767 3246 838 Ἐκαρτέρησα
3282 769 3361 834 ὡς
3387 768 3426 837 ἡ
3472 769 3560 822 τί-

1991 879 2254 920 κτουσα·
2303 866 2390 918 ἀεὶ
2440 864 2537 935 μὲν
2566 861 2846 932 ἐπιθυμῶν
2875 861 2909 931 ἢ
2950 861 3236 931 συντυχίας
3283 860 3316 930 ἢ
3363 861 3555 930 λόγων,

1993 958 2082 1011 ἀεὶ⁹
2113 957 2169 1010 δέ
2196 956 2588 1024 ἀποτυγχάνων
2614 953 2704 1006 διὰ
2725 954 2825 1016 τὰς
2850 951 3117 1023 ἁμαρτίας
3157 950 3256 1015 τὰς
3294 952 3554 1022 ἐμαυτοῦ.

1993 1052 2068 1104 Οὐ
2118 1050 2226 1121 γὰρ
2276 1048 2340 1120 δὴ
2411 1049 2577 1118 ἀλλην
2621 1047 2742 1099 τινὰ
2785 1045 2960 1098 αἰτίαν
3011 1044 3118 1115 ἐχω
3165 1045 3276 1108 τοῖς
3332 1044 3557 1115 γινομέ-

1991 1161 2103 1208 νοις
2135 1143 2244 1214 (97)
2279 1144 2534 1205 ἐπινοεῖν,
2588 1138 2726 1209 πλήν
2763 1155 2826 1206 γε
2864 1136 2928 1208 δὴ
2968 1135 3062 1189 τοῦ
3118 1134 3404 1189 πεπεῖσθαι
3449 1153 3556 1188 πα-

1990 1234 2156 1289 λαιῶν
2196 1231 2606 1303 ἁμαρτημάτων
2656 1225 2950 1282 ἐκτιννύειν
2998 1226 3171 1291 δίκας,
3214 1227 3272 1278 ἐν
3319 1225 3396 1296 τῷ
3452 1242 3561 1295 χω-

1995 1325 2172 1398 ρισμῷ
2193 1325 2290 1395 τῆς
2318 1323 2536 1393 ἀγάπης
2571 1337 2662 1374 σου
2683 1337 2697 1349 ι
2741 1318 2790 1370 εί
2823 1317 2887 1385 δὴ
2924 1316 3018 1370 καὶ
3054 1315 3338 1386 ὀνομάζειν
3387 1333 3560 1388 χωρι-

1993 1419 2147 1490 σμὸν,
2175 1418 2319 1470 ὅσιον
2359 1416 2452 1467 ἐπὶ
2487 1412 2604 1477 σοῦ,
2646 1409 2740 1464 καὶ
2770 1407 3076 1462 οὑτινοσοῦν
3113 1407 3220 1460 τῶν
3268 1407 3558 1478 τυχόντων,

1993 1509 2070 1582 μὴ
2099 1510 2183 1562 ὅτι
2209 1524 2274 1576 γε
2306 1506 2485 1577 ἡμῶν,
2537 1498 2617 1566 οἷς
2673 1501 2734 1566 ἐξ
2772 1500 2946 1572 ἀρχῆς
2978 1501 3035 1554 ἐν
3087 1499 3292 1571 πατρὸς
3333 1499 3562 1568 γέγονας

1989 1599 2162 1674 χώρᾳ.
2206 1597 2345 1651 Ἀλλ’
2372 1598 2406 1668 ή
2435 1593 2674 1666 ἁμαρτία
2715 1609 2814 1662 μου
2850 1591 2966 1656 νῦν,
3011 1584 3100 1646 οἷα
3136 1590 3333 1662 νεφέλη
3367 1590 3561 1660 βαθεῖά

322 1680 520 1736 horum
548 1683 796 1738 omnium
840 1685 1243 1754 ignorationem
1288 1685 1528 1742 induxit.
1572 1686 1708 1740 Cum
1740 1688 1886 1742 enim

1995 1711 2072 1755 τις
2096 1689 2418 1759 ἐπισχοῦσα,
2451 1687 2668 1740 πάντων
2697 1683 2919 1737 ἐκείνων
2953 1683 3172 1752 ἄγνοιαν
3221 1683 3557 1752 ἐνεποίησεν.

326 1772 616 1828 considero
635 1814 650 1841 ,
677 1783 872 1844 praeter
895 1774 1143 1829 dolorem
1175 1777 1268 1846 qui
1299 1775 1436 1828 mihi
1473 1791 1538 1831 ea
1561 1791 1625 1830 ex
1651 1792 1710 1832 re
1736 1791 1890 1832 crea-

1995 1786 2162 1839 ’Όταν
2185 1756 2294 1853 γάρ
2317 1780 2514 1844 ἀπίδω,
2544 1777 2680 1848 πλὴν
2705 1777 2795 1830 τοῦ
2822 1778 2848 1829 ἐ
2857 1774 2946 1847 μοὶ
2985 1774 3164 1845 λύπην
3184 1773 3245 1827 τὸ
3281 1773 3562 1844 γινόμενον

321 1875 414 1920 tus
445 1873 563 1930 est,
616 1867 768 1922 aliud
823 1868 961 1922 nihil
1014 1869 1140 1924 inde
1189 1877 1545 1924 consecutum
1592 1886 1679 1925 me
1729 1886 1886 1938 esse,

322 1957 598 2024 quomodo
626 1972 738 2011 non
777 1959 973 2013 merito
998 1959 1256 2028 nequitiae
1285 1975 1425 2014 meae
1456 1961 1724 2015 ascribam
1760 1976 1893 2030 prae-

323 2048 545 2103 sentia?
595 2047 866 2103 Caeterum
915 2050 1029 2104 sive
1086 2058 1309 2118 peccata
1369 2058 1501 2104 sunt
1547 2065 1734 2106 eorum
1769 2066 1891 2120 qua:

321 2137 641 2192 acciderunt
677 2153 864 2203 causa,
897 2140 987 2193 hic
1019 2139 1150 2192 mihi
1180 2141 1556 2194 molestiarum
1589 2141 1710 2195 ﬁnis
1736 2149 1888 2196 esto:

320 2229 441 2283 sive
511 2228 719 2299 aliquid
781 2230 998 2284 consilii
1057 2230 1475 2295 intendebatur,
1535 2230 1889 2298 adimpletum

320 2320 549 2374 omnino
577 2327 662 2375 est
687 2321 832 2390 quod
864 2320 1239 2391 expetebatur.
1278 2320 1400 2376 Non
1437 2321 1582 2375 enim
1618 2321 1891 2375 modicum

318 2419 405 2469 est
443 2412 626 2466 damni
667 2422 901 2483 tempus.
959 2415 1305 2484 Quapropter
1346 2415 1632 2470 continere
1666 2430 1752 2468 me
1775 2430 1891 2468 ain-

317 2504 464 2573 plius
493 2518 619 2558 cum
659 2521 768 2558 non
822 2520 1064 2574 possem,
1132 2506 1285 2574 prior
1313 2506 1434 2574 rupi
1473 2521 1689 2568 vocem,
1730 2505 1892 2560 obse-

317 2607 483 2648 etans
511 2601 571 2647 ut
614 2600 668 2648 et
721 2596 901 2648 nostri
937 2608 1147 2648 memor
1173 2595 1285 2659 sis,
1323 2604 1375 2649 et
1427 2595 1505 2648 tui
1543 2595 1752 2664 ipsius,
1796 2595 1891 2665 qui

318 2699 416 2755 per
445 2700 659 2740 omnem
689 2687 856 2738 vitam
884 2726 898 2748 ,
926 2686 1190 2754 majorem
1236 2700 1402 2754 quam
1443 2687 1891 2757 consanguinitas

317 2774 608 2843 exigebat,
652 2775 829 2830 nostri
872 2790 1062 2828 curam
1105 2776 1434 2838 ostendisti,
1471 2793 1725 2847 nuncque
1757 2777 1892 2832 civi-

317 2874 487 2922 tatem
509 2867 705 2938 diligas
735 2874 925 2921 nostra
958 2881 1152 2930 causa,
1182 2883 1291 2922 non
1327 2875 1508 2922 autem
1543 2877 1764 2939 propter
1787 2882 1892 2924 nos

320 2964 375 3012 te
405 2958 523 3027 ipse
551 2957 828 3011 abalienes
854 2972 884 3010 a
923 2956 1164 3011 civitate.

390 3049 446 3104 2.
492 3049 551 3101 Si
589 3063 696 3117 qua
744 3049 910 3118 igitur
952 3049 1254 3103 consolatio
1298 3048 1359 3103 in
1407 3048 1646 3114 Christo,
1691 3050 1738 3105 si
1780 3065 1886 3121 qua
1919 3086 1961 3144 α

321 3138 635 3194 communio
658 3138 914 3208 Spiritus,
943 3140 990 3194 si
1021 3155 1141 3208 quae
1171 3140 1384 3194 viscera
1411 3148 1466 3194 et
1492 3141 1887 3208 miserationes,

320 3232 478 3300 exple
519 3239 704 3284 votum
747 3245 928 3284 meum
956 3248 976 3298 ;
1020 3232 1154 3286 siste
1181 3232 1270 3285 hic
1301 3232 1477 3286 tristia
1509 3251 1521 3286 :
1555 3233 1770 3288 initium
1794 3235 1894 3288 ali-

322 3321 470 3391 quod
515 3321 645 3376 aﬂcr
691 3337 874 3376 rerum
924 3324 1182 3393 deinceps
1228 3324 1573 3391 hilariorum,
1618 3325 1810 3380 ducem
1841 3336 1894 3382 te

322 3413 444 3467 aliis
476 3413 722 3478 praebens
767 3413 835 3467 ad
871 3414 1100 3483 Optima,
1137 3415 1359 3469 minime
1408 3423 1587 3470 autem
1623 3417 1786 3470 alium
1824 3417 1893 3472 ad

323 3503 520 3558 illicita
571 3519 824 3573 sequens.
869 3504 1051 3573 Neque
1093 3505 1236 3558 cnim
1290 3520 1586 3573 corporeus
1615 3507 1894 3561 character

324 3593 400 3647 ita
425 3593 679 3663 proprius
707 3595 1031 3663 cujusquam
1059 3595 1356 3663 deputatus
1386 3604 1490 3659 est,
1533 3605 1590 3649 ut
1623 3596 1785 3649 animi
1817 3597 1892 3650 tui

322 3700 428 3755 pax
470 3695 522 3740 et
571 3688 950 3741 mansnetudo.
1002 3685 1108 3739 Par
1161 3688 1327 3756 igitur
1369 3687 1553 3751 fuerit,
1601 3703 1724 3743 cum
1768 3690 1892 3744 talis

327 3779 428 3842 sis,
459 3778 597 3833 alios
649 3778 718 3831 ad
767 3788 821 3832 te
864 3779 1101 3843 trahere,
1154 3795 1218 3833 ac
1265 3780 1524 3835 omnibus
1554 3781 1619 3834 ad
1650 3789 1702 3836 te
1734 3797 1894 3837 acce-

327 3866 581 3923 dentibus
633 3877 914 3938 przestare,
955 3880 1014 3924 ut
1058 3871 1227 3924 veluti
1277 3871 1563 3940 cujusdam
1626 3873 1892 3943 unguenti

323 3957 664 4029 fragrantia,
710 3975 924 4016 morum
981 3969 1199 4015 tuorum
1259 3962 1478 4018 lenitate
1542 3963 1888 4034 impleantur.

319 4047 457 4102 Nam
506 4049 720 4104 etiamsi
781 4051 914 4120 quid
971 4067 1120 4105 nunc
1175 4051 1445 4118 obsistat,
1504 4063 1682 4108 tamen
1732 4057 1894 4125 paulo

321 4148 447 4214 post
472 4142 648 4211 ipsum
671 4146 834 4198 etiam
865 4144 1019 4212 pacis
1050 4145 1252 4199 bonum
1289 4155 1671 4216 cognoscetur.
1702 4148 1889 4213 Quan-

329 4233 426 4286 diu
453 4239 629 4287 autem
661 4231 730 4287 ob
762 4233 921 4304 154
950 4233 1350 4290 dissensionem
1391 4236 1678 4290 calumnia:
1708 4239 1891 4292 locum

323 4325 624 4389 habebunt,
657 4340 882 4380 necesse
931 4333 1016 4380 est
1057 4326 1398 4395 suspiciones
1452 4344 1664 4398 semper
1711 4329 1761 4381 in
1793 4345 1886 4398 pe-

1991 1876 2199 1946 φέρειν,
2236 1871 2401 1942 μηδὲν
2425 1871 2610 1939 ἕτερον
2663 1867 2723 1931 ἐξ
2763 1853 2929 1920 αὑτοῦ
2961 1863 3392 1935 κατορθούμενον
3420 1863 3558 1935 (98),

1992 1967 2111 2029 πῶς
2145 1964 2265 2034 οὐχὶ
2296 1961 2517 2024 εἰκότως
2545 1962 2663 2022 ταῖς
2714 1956 2954 2030 ἐμαυτοῦ
3001 1958 3220 2020 κακίαις
3268 1955 3560 2028 ἀνατίθημι

1989 2057 2059 2111 τὰ
2093 2055 2370 2126 παρόντας
2432 2050 2568 2104 Ἀλλ’
2609 2049 2720 2103 εἴτε
2775 2050 3036 2120 ἁμαρτίαι
3091 2049 3200 2102 τῶν
3244 2047 3564 2117 συμϐάντων

1992 2148 2182 2210 αἰτίαι,
2231 2143 2390 2198 τοῦτό
2443 2160 2533 2214 μοι
2579 2141 2754 2212 πέρας
2798 2139 2938 2194 ἔστω
2957 2140 3066 2193 τῶν
3111 2140 3413 2211 δυσχερῶν·
3448 2140 3562 2192 εἴτε

1991 2260 2043 2294 τι
2091 2241 2152 2292 τὸ
2213 2234 2666 2306 οἰκονομούμενον
2713 2227 2781 2303 ἦν
2822 2231 2954 2302 (99),
3017 2231 3366 2303 ἐξεπληρώθη
3422 2231 3560 2284 πάν-

1990 2349 2098 2394 τως
2150 2329 2210 2384 τὺ
2258 2326 2713 2396 σπουδαζόμενον.
2767 2323 2842 2375 Οὐ
2883 2321 2991 2394 γὰρ
3035 2322 3210 2390 ὀλίγος
3256 2324 3286 2375 ὁ
3326 2324 3422 2393 τῆς
3461 2321 3574 2392 ζη..

1995 2424 2123 2494 μίας
2169 2419 2379 2491 χρόνος.
2419 2416 2531 2481 Διὸ,
2577 2413 2775 2486 μηκέτι
2831 2413 3059 2482 στέγων,
3112 2414 3326 2484 πρῶτος
3357 2413 3563 2485 ἔρρηξα

1993 2510 2195 2581 φωνὴν,
2240 2504 2574 2576 παρακαλῶν
2619 2504 2774 2575 ἡμῶν
2811 2521 2872 2557 τε
2926 2504 3104 2558 αὐτῶν
3151 2502 3581 2573 ἀναμνησθῆναι.

1991 2605 2085 2658 καὶ
2122 2599 2370 2666 σεαυτοῦ,
2411 2598 2470 2661 ὃς
2504 2595 2663 2654 πλέον
2709 2595 2744 2666 ἢ
2799 2595 2941 2649 κατά
2990 2596 3050 2650 τὺ
3097 2595 3195 2665 τῆς
3242 2594 3562 2663 συγγενείας

1991 2695 2156 2759 εἰκὸς,
2223 2691 2376 2762 παρά
2461 2690 2640 2743 πάντα
2717 2686 2808 2741 τὸν
2878 2686 2990 2756 βίον
3056 2685 3154 2757 τὴν
3239 2685 3576 2755 κηδεμονίαν.

1992 2783 2146 2856 ἡμῶν
2195 2780 2490 2846 ἐπεδείξω,
2538 2778 2633 2832 καὶ
2685 2779 2785 2848 τὴν
2837 2777 2990 2830 πόλιν
3046 2776 3140 2829 νῦν
3191 2775 3348 2847 ἡμῶν
3375 2775 3560 2827 ἕνεκεν

1989 2877 2243 2946 ἀγαπᾷν,
2284 2872 2420 2926 ἀλλά
2472 2872 2547 2942 μὴ
2585 2870 2650 2923 δι’
2696 2871 2844 2940 ἡμᾶς
2884 2869 2960 2940 (1)
3007 2867 3318 2940 ἀλλοτριοῦν
3369 2867 3580 2920 σαυτὸν.

1995 2967 2094 3037 τῆς
2119 2965 2346 3027 πόλεως.

2063 3058 2119 3112 ει.
2155 3057 2222 3110 Εἴ
2253 3073 2337 3118 τις
2372 3049 2464 3107 οῦν
2501 3053 2840 3124 παράκλησις
2874 3051 2933 3104 ἐν
2972 3048 3213 3122 Χριστῷ,
3239 3051 3291 3105 εἴ
3329 3066 3413 3114 τις
3448 3065 3563 3101 κοι-

1994 3150 2159 3206 νωνία
2191 3147 2528 3216 Πνεύματος,
2581 3147 2632 3200 sl’
2673 3162 2793 3197 τινα
2836 3143 3116 3213 σπλάγχνα
3149 3142 3242 3196 καὶ
3270 3140 3578 3212 οἱκτιρμοὶ,

1995 3242 2280 3311 πλήρωσον
2314 3242 2346 3310 ἡ
2358 3237 2473 3308 μῶν
2517 3236 2616 3307 τὴν
2652 3237 2814 3307 εὐχήν
2834 3251 2848 3266 ⁸
2885 3235 3116 3288 ἐνταῦθα
3165 3233 3359 3303 στῆσον
3393 3231 3466 3301 (2)
3496 3232 3566 3284 τὰ

1993 3330 2234 3400 κατηφῆ,
2267 3330 2441 3399 ἀρχήν
2474 3345 2598 3381 τινα
2642 3328 2728 3391 δὸς
2754 3330 2865 3390 τοῖς
2901 3326 3275 3398 φαιδροτέροις
3329 3323 3466 3395 πρὸς
3503 3321 3567 3374 τὸ

1993 3424 2139 3493 ἑξῆς,
2181 3423 2337 3484 αὐτὸς
2381 3423 2492 3483 τοῖς
2530 3420 2707 3482 ἄλλοις
2748 3418 3155 3490 καθηγούμενος
3196 3415 3289 3468 ἐπὶ
3327 3414 3395 3467 τὰ
3447 3414 3566 3483 βέλ-

1992 3529 2170 3575 τιστα,
2198 3510 2310 3563 ἀλλ’
2332 3510 2452 3580 οὐχὶ
2491 3507 2800 3562 ἀκολουθῶν
2833 3507 3004 3578 ἑτέρῳ
3034 3506 3117 3574 ἐφέ
3150 3505 3185 3559 ἃ.
3213 3504 3287 3575 μὴ
3325 3503 3420 3556 δεῖ.
3454 3502 3566 3554 Καὶ

1993 3607 2098 3675 γὰρ
2126 3604 2246 3656 οὐδὲ
2294 3602 2542 3672 σώματος
2574 3599 2862 3670 χαρακτὴρ
2914 3599 3041 3663 ἴδιος
3087 3597 3226 3650 οὕτω
3260 3597 3403 3660 τινὸς
3452 3597 3577 3648 ἐνοη

1999 3696 2183 3767 μίσθη,
2219 3695 2294 3757 ὡς
2326 3693 2426 3761 τῆς
2458 3693 2556 3762 σῆς
2590 3693 2766 3761 ψυχῆς
2794 3691 2856 3743 τὸ
2903 3689 3173 3761 εἰρηνικόν
3213 3705 3274 3740 τε
3305 3689 3398 3741 καὶ
3424 3688 3564 3756 ἤμεε

1997 3803 2108 3858 ρον.
2154 3785 2360 3856 Πρέποι
2403 3785 2477 3854 (5)
2529 3782 2571 3835 δ’
2596 3783 2660 3836 ἂν
2707 3778 2798 3835 οὖν
2831 3781 2907 3852 τῷ
2937 3781 3165 3850 τοιούτῳ
3206 3779 3332 3842 τοὺς
3375 3778 3566 3841 ἄλλους

1994 3878 2172 3930 ἕλκειν
2203 3876 2338 3947 πρὸς
2387 3875 2599 3937 ἐαυτὸν,
2634 3875 2728 3926 καὶ
2772 3873 3031 3944 παρέχειν
3081 3873 3214 3924 πᾶσι
3263 3874 3374 3934 τοῖς
3412 3869 3565 3951 ἐγγί-

1995 3967 2146 4031 ζουσί
2179 3984 2282 4032 σοι,
2316 3965 2504 4036 ὥσπερ
2535 3965 2706 4036 μύρου
2747 3963 2891 4025 τινὸς
2931 3962 3180 4029 εὐωδίας,
3212 3961 3310 4033 τῆς
3343 3960 3437 4015 τοῦ
3470 3961 3564 4013 σοῦ

1995 4059 2200 4130 τρόπου
2234 4057 2601 4128 χρηστότητος
2637 4055 3109 4125 ἀναπίμπλασθαι.
3146 4054 3256 4108 Καὶ
3302 4052 3409 4125 γὰρ
3434 4053 3490 4106 εἰ
3511 4069 3564 4105 τι

1997 4150 2092 4202 καὶ
2125 4147 2416 4202 ἀντιτεῖνόν
2446 4150 2562 4201 ἐστι
2615 4147 2743 4211 νῦν,
2774 4147 2909 4200 ἀλλά
2957 4146 3150 4218 μικρὸν
3198 4145 3422 4216 ὕστερον
3469 4145 3565 4198 καὶ

1999 4241 2130 4294 αὐτὸ
2155 4241 2215 4293 τὸ
2241 4242 2337 4310 τῆς
2365 4242 2589 4312 εἰρήνης
2623 4240 2826 4308 ἀγαθὸν
2862 4238 3243 4307 ἐπιγνώσεται.
3265 4238 3409 4300 Ἕως
3430 4238 3474 4291 δ’
3496 4237 3564 4291 ἂν

1999 4334 2062 4383 ἐκ
2107 4331 2204 4401 τῆς
2251 4331 2582 4392 διαστάσεως
2626 4333 2682 4382 αἱ
2733 4330 2976 4383 διαϐολαὶ
3033 4328 3212 4401 χώραν
3245 4329 3437 4400 ἔχωσιν
3466 4328 3563 4397 (4),

319 4416 413 4486 jus
465 4415 745 4486 adaugeri.
781 4417 924 4472 Sane
971 4433 1038 4472 ne
1090 4419 1199 4474 illis
1243 4419 1459 4488 quidem
1502 4421 1757 4473 decorum
1811 4429 1893 4474 est

2001 4423 2214 4494 ἀνάγκη
2236 4423 2322 4474 ἀεὶ
2358 4423 2455 4485 τὰς
2494 4421 2728 4491 ὑποψίας
2766 4423 2857 4474 ἐπὶ
2885 4422 2945 4473 τὸ
2973 4424 3152 4492 χεῖρον
3187 4419 3561 4485 συναύξεσθαι.

323 4525 428 4563 nos
489 4509 780 4580 negligere,
841 4503 936 4561 Sed
986 4511 1221 4563 maxime
1264 4511 1528 4571 omnium,
1566 4511 1891 4579 piacstantiac

325 4609 453 4655 tuae.
509 4599 565 4654 Si
619 4599 750 4668 quid
805 4599 952 4654 enim
1011 4615 1324 4669 peccamus,
1378 4601 1633 4655 meliores
1690 4602 1892 4655 erimus

323 4692 606 4748 admoniti.
635 4690 748 4744 Hoc
772 4698 953 4745 autem
988 4690 1103 4745 ﬁeri
1131 4706 1240 4746 non
1264 4700 1450 4762 potest
1473 4693 1610 4745 citra
1640 4706 1896 4761 congres-

394 4846 416 4878 ⁸
447 4844 555 4901 lsa.
583 4860 718 4911 xui,
750 4845 838 4902 14.

393 5003 510 5073 (96)
544 5005 680 5073 Κατ’
709 5002 994 5073 ἐμαυτοῦ.
1030 4999 1108 5056 Ita
1143 5002 1384 5073 quinque
1414 5015 1550 5073 mss.
1583 5000 1729 5055 Editi
1773 5001 1891 5055 κατ’

320 5071 576 5146 ἐμαυτόν.
614 5071 784 5146 ξιιιιῐο
808 5083 929 5146 post
951 5071 1358 5146 Harl._':cl_qio'rdi
1389 5071 1468 5141 τῷ
1493 5073 1766 5146 προφήτῃ.

393 5143 523 5215 (97)
544 5143 672 5215 Τοῖς
704 5140 1059 5215 γιῂρμἐῖρις.
1098 5141 1178 5215 Ita
1207 5141 1355 5195 Harl.
1407 5140 1459 5215 et
1483 5140 1896 5215 Ceislapi'imus

322 5211 448 5269 cuin
487 5211 721 5268 'duobus‘
745 5214 888 5266 aliis.
921 5212 1060 5264 Editi
1097 5214 1208 5275 τοῖς
1239 5212 1569 5280 γενομένοις.
1603 5211 1695 5265 Sic
1729 5211 1897 5264 etiam

323 5282 468 5338 infra
493 5283 555 5336 τὸ
581 5282 897 5353 γενόμενον.
923 5281 1124 5336 Ibidem
1153 5282 1260 5336 duo
1299 5282 1516 5353 codices
1543 5296 1642 5353 pro
1663 5282 1898 5353 ἐπινοεῖν

322 5353 529 5407 habent
550 5351 744 5405 εἰπεῖν.
770 5351 940 5406 Paulo
972 5360 1095 5419 post
1131 5353 1260 5406 cditi
1286 5353 1334 5404 εἰ
1365 5351 1445 5404 δεῖ
1470 5351 1586 5416 καί,
1621 5351 1767 5421 quod
1806 5365 1898 5405 er-

329 5431 512 5477 ratum
545 5437 648 5492 ope
681 5431 918 5491 quatuor
951 5421 1206 5492 codicum
1232 5421 1576 5492 sustulimus.

315 5492 511 5564 ’.ᾉ-(98)
559 5489 1066 5564 Κατρρμθούμενοις,
1122 5489 1247 5564 πῶς
1285 5491 1442 5564 ορχί.
1495 5490 1572 5544 lta
1619 5506 1726 5564 sex_
1761 5504 1896 5564 mss.

326 5561 467 5617 Editi
493 5560 949 5631 ’κατορθούμενος,
976 5561 1094 5624 πῶς
1120 5561 1240 5615 οὐκ.
1289 5560 1504 5616 Habent
1534 5561 1901 5630 κατορθοῦμε-

328 5649 417 5688 νον
447 5631 580 5701 ﬂag.
609 5629 662 5685 et
686 5629 919 5685 Froben.

318 5738 326 5757 ι
401 5702 512 5760 ί99)
537 5700 618 5756 Τὸ
638 5701 1160 5764 οὲκονοιιούμενον.
1187 5700 1244 5756 Id
1287 5708 1388 5766 est,
1423 5704 1467 5758 si
1500 5701 1760 5766 puniendi
1795 5701 1900 5760 mei

2001 4515 2156 4566 Ἔστι
2190 4512 2290 4583 μὲν
2328 4508 2419 4566 οὖν
2447 4513 2566 4566 οὐδέ
2601 4513 2831 4574 ἐκείνοις
2874 4511 3082 4580 πρέπον
3122 4510 3342 4580 ἀμελεῖν
3387 4507 3562 4580 ἡμῶν,

2001 4601 2217 4654 πάντων
2249 4601 2310 4653 δὲ
2338 4601 2497 4654 πλέον
2532 4603 2598 4672 τῇ
2632 4599 2902 4670 τιμιότητί
2937 4617 3051 4654 σου.
3080 4599 3190 4652 Καὶ
3223 4597 3330 4668 γὰρ
3375 4597 3563 4668 εἰ-μέν

2002 4691 2386 4763 ἀμαρτάνομέν
2430 4707 2517 4756 τι,
2561 4690 2801 4761 βελτίους
2855 4688 3090 4758 ἐσόμεθα
3139 4686 3560 4757 νουθετούμενοι.

2000 5015 2166 5056 causa
2188 4998 2243 5054 id
2276 4997 2472 5053 fecisti.
2503 4995 2622 5050 Non
2660 4995 2832 5050 multo
2866 5003 2990 5065 post
3017 4993 3161 5050 editi.
3195 4989 3558 5063 ἀναμνῆσθαι,

2005 5070 2109 5124 Sex
2145 5085 2278 5124 mss.
2308 5079 2366 5122 ut
2394 5069 2448 5122 in
2472 5074 2645 5121 textu.
2674 5067 2764 5120 Sic
2794 5075 2847 5120 et
2871 5064 3052 5119 Paris.
3081 5065 3136 5118 2.

2074 5141 2150 5210 (1)
2181 5139 2261 5192 Δι’
2280 5138 2461 5210 ἡμᾶς.
2486 5135 2931 5210 lta_sex_codiccs
2954 5151 3088 5190 mss.
3121 5132 3263 5210 Editi
3290 5133 3355 5187 δι’
3388 5131 3562 5206 ἡμῶν.

2002 5203 2206 5264 Ibidem
2231 5203 2363 5264 editi
2397 5207 2641 5261 σεαυτόν.
2672 5206 2914 5271 Quatuor
2938 5220 3071 5259 mss.
3103 5203 3317 5258 σαυτόν.

2075 5279 2152 5349 (2)
2187 5276 2561 5349 Ezﬁqor._Sic
2583 5290 2714 5330 mss.
2745 5289 2966 5349 stupro
2993 5288 3059 5330 eo
3079 5273 3234 5349 quod
3249 5273 3415 5349 estin
3449 5270 3566 5327 edi-

2001 5343 2304 5404 tisXGoovf
2336 5346 2506 5401 Paulo
2548 5352 2671 5414 post
2697 5345 2824 5400 editi
2853 5345 2996 5415 ἑξῆς,
3032 5343 3562 5415 καὶ-τοῖς-ἄλλοιςη..

2004 5420 2117 5472 ἀλλ’
2148 5419 2266 5472 οὐκ.
2303 5416 2407 5472 Sex
2438 5411 2569 5470 mss.
2600 5423 2660 5469 ut
2698 5415 2751 5468 in
2775 5411 3076 5469 textu.Cod
3101 5411 3568 5467 Harl.alxoloo06iv

2006 5489 2228 5555 ἑτέροις.
2259 5487 2375 5540 Duo
2408 5486 2498 5541 alii
2530 5486 2611 5552 ἐφ’
2637 5485 2666 5537 ὃ
2697 5485 2768 5555 μὴ
2802 5484 2898 5536 δεῖ.

2076 5551 2153 5628 (ὃ)
2187 5551 2539 5628 Πρέποιηιιο
2574 5551 2724 5628 Harl.
2749 5551 2801 5610 et
2830 5553 2998 5608 Coisl.
3037 5553 3244 5623 primus
3275 5565 3397 5607 cum
3431 5551 3566 5608 duo-

2007 5631 2108 5685 bus
2136 5625 2278 5682 aliis.
2313 5626 2457 5680 Editi
2486 5625 2703 5696 πρέπει.

2078 5699 2152 5766 il)
2191 5700 2473 5765 Ἕχωσιν.
2508 5690 2584 5750 lla
2616 5710 2747 5753 mss.
2782 5693 3040 5766 quinque.
3068 5691 3210 5750 Editi
3243 5690 3476 5763 ἔχουσιν.
