3988 6194
265 317 376 372 613

1209 311 1696 372 EPISTOLARUM
1733 318 2015 376 CLASSIS
2051 319 2115 376 Il.
2155 320 2371 379 EPlST.
2439 322 2548 376 LX.

3391 320 3503 374 ιιι»

269 429 442 481 Τοῦτο
493 426 552 482 δὲ
608 425 738 482 ἄνευ
782 426 1072 498 συντυχίας
1115 426 1414 498 ἀμήχανον.
1461 429 1524 481 Et
1578 429 1635 482 δὲ
1683 429 1832 484 οὐδὲν

1933 447 2075 486 sum.
2132 433 2227 488 Sin
2272 441 2452 488 autem
2488 432 2625 486 nihil
2671 431 2906 488 facimus
2935 430 3085 496 mali,
3114 445 3218 488 cur
3241 433 3365 490 odio
3395 437 3498 491 ha-

263 516 580 588 ἁδικοῦμεν,
631 517 755 572 ἀντὶ
803 518 948 582 τίνος
1005 517 1346 588 μισούμεθα;
1395 518 1579 572 Ταῦτα
1625 521 1723 590 μὲν
1767 521 1831 592 δὴ

263 603 362 660 οὖν
418 608 487 662 τὰ
530 607 632 678 τῆς
675 607 809 672 ἰδίας
857 605 1092 678 ἐμαυτοῦ
1151 606 1508 676 δικαιολογίας
1553 608 1630 680 (5)
1701 626 1833 680 προ-

259 699 512 770 ισχομαι.

338 789 393 842 5.
444 790 514 842 Ἀ
557 788 600 842 δ’
639 788 708 843 ἂν
736 787 875 858 ὑπὲρ
907 786 1112 840 ἐαυτῶν
1143 788 1197 839 αί
1247 788 1559 858 Ἐκκλησίαι
1607 788 1828 854 εἴποιεν,

265 881 367 934 οὐκ
397 882 480 944 εἰς
522 880 682 934 καλὸν
722 879 824 949 τῆς
871 878 1204 942 διαστάσεως
1245 879 1400 950 ἡμῶν
1440 881 1828 946 ἀπολαύουσαι,

267 974 476 1045 βέλτιον
503 972 600 1043 μὲν
636 974 864 1041 σιωπᾷν.
887 971 965 1024 Οὐ
999 970 1107 1041 γὰρ
1130 971 1216 1023 ἴνα
1238 971 1484 1042 λυπήσω,
1518 975 1628 1036 τοῖς
1654 973 1831 1042 λόγοις

265 1066 545 1136 κέχρημαι
567 1062 665 1134 (6),
696 1061 810 1115 ἀλλ’
841 1063 928 1115 ἴνα
954 1061 1148 1114 παύσω
1173 1062 1241 1116 τὰ
1261 1061 1497 1133 λυπηρά.
1521 1064 1629 1134 Τὴν
1648 1064 1704 1117 δὲ
1734 1065 1831 1135 σὴν

265 1156 484 1210 σύνεσιν
521 1157 736 1219 πάντως
767 1153 916 1207 οὐδὲν
937 1153 1321 1222 διαπέφευγεν,
1349 1155 1485 1208 ἀλλὰ
1506 1155 1684 1227 πολλῷ
1714 1157 1830 1226 μεί-

263 1248 344 1314 ζω
367 1250 463 1303 καὶ
491 1247 800 1318 τελειότερα
819 1240 892 1299 ὧν
930 1248 1090 1316 ἡμεῖς
1124 1247 1369 1317 νοοῦμεν,
1395 1247 1555 1311 αὐτὸς
1583 1248 1648 1302 ἂν
1677 1249 1829 1314 ἐξεύ-

263 1355 385 1410 ροις
412 1341 479 1409 τῇ
525 1337 753 1407 διανοίᾳ,
796 1337 889 1389 καὶ
928 1336 1106 1398 ἄλλοις
1149 1335 1342 1399 εἴποις,
1367 1337 1424 1400 ὃς
1463 1354 1526 1405 γε
1561 1337 1652 1390 καὶ
1693 1333 1831 1400 εῖδες

261 1431 371 1501 πρὸ
396 1433 429 1500 ἠ
440 1429 554 1500 μῶν
578 1430 678 1492 τὰς
711 1429 912 1498 βλάϐας
928 1428 1004 1499 (7)
1041 1429 1150 1481 τῶν
1183 1429 1536 1500 Ἐκκλησιῶν,
1568 1431 1662 1482 καὶ
1685 1429 1826 1501 λυπῇ

263 1520 467 1593 μᾶλλον
493 1520 672 1591 ἡμῶν,
702 1519 867 1573 πάλαι
906 1519 1276 1589 δεδιδαγμένος
1303 1520 1374 1590 (8)
1409 1519 1558 1591 παρὰ
1594 1520 1687 1573 τοῦ
1717 1522 1829 1574 Κιρ-

261 1610 382 1680 ριου
414 1609 640 1681 μηδενὸς
671 1609 778 1662 τῶν
808 1607 1102 1678 ἐλαχίστων
1129 1613 1503 1680 καταφρονεῖν.
1542 1609 1679 1662 Νυνὶ
1709 1609 1765 1662 δὲ
1794 1611 1831 1680 ή

261 1699 439 1770 βλάϐη
474 1699 575 1752 οὐκ
615 1699 696 1761 είς
738 1698 838 1750 ἐνα
871 1697 904 1768 ἢ
952 1697 1202 1768 δεύτερον
1245 1697 1613 1768 περιορίζεται
1637 1737 1653 1762 ,
1694 1697 1828 1750 ἀλλὰ

260 1769 452 1853 πόλεις
477 1789 596 1842 ὅλαι
620 1789 714 1842 καὶ
745 1787 907 1859 δῆμοι
935 1787 1042 1841 τῶν
1076 1787 1358 1869 ἡμετέρων
1385 1788 1828 1858 παραπολαύουσι
1862 1769 1902 1824 Β

263 1879 583 1950 συμφορῶν.
631 1879 742 1950 Τὴν
789 1879 897 1950 γὰρ
937 1879 1028 1930 ἐπὶ
1078 1879 1175 1948 τῆς
1210 1879 1505 1950 ὑπερορίας
1551 1880 1735 1949 φήμην
1776 1879 1828 1930 τί

262 1970 372 2043 χρὴ
417 1971 511 2023 καὶ
539 1969 716 2037 λέγειν
761 1969 920 2022 ὁποία
968 1986 1052 2032 τις
1104 1968 1254 2022 ἐσται
1307 1971 1435 2041 περὶ
1466 1970 1654 2041 ἡμῶν;
1686 1971 1829 2042 Πρέ-

259 2079 356 2114 πει
381 2061 458 2132 (9)
489 2057 580 2114 οὖν
604 2063 668 2116 ἂν
693 2063 760 2131 τῇ
791 2063 857 2132 σῇ
898 2060 1275 2133 μεγαλοψυχία
1301 2063 1362 2115 τὸ
1407 2064 1503 2134 μὲν
1531 2063 1829 2131 φιλόνεικον

259 2154 473 2223 ἑτέροις
497 2156 844 2225 παραχωρεῖν
867 2170 880 2183 ·
908 2153 1105 2223 μᾶλλον
1141 2154 1198 2206 δὲ
1215 2155 1480 2208 κάκείνων
1501 2155 1700 2220 ἐξελεῖν
1729 2157 1829 2227 τῆς

259 2244 478 2314 ψυχῆς,
536 2246 694 2316 εῐπερ
754 2239 864 2296 οἷόν
912 2260 1001 2296 τε·
1059 2245 1220 2297 αὑτὸν
1263 2245 1319 2299 δὲ
1367 2245 1433 2298 δι’
1481 2245 1843 2322 ἀνεξικακίας⁸

261 2336 484 2404 νικῆσαι
515 2335 586 2388 τὰ
626 2335 864 2406 λυπηρά.
901 2336 973 2388 Τὸ
1011 2336 1108 2407 μὲν
1152 2335 1261 2407 γὰρ
1298 2336 1599 2407 ἀμύνεσθαι
1629 2339 1829 2402 παντός

259 2428 384 2480 ἐστι
431 2425 524 2478 τοῦ
550 2424 900 2496 ὀργιζομένου
926 2443 942 2459 ·
975 2429 1038 2479 τὸ
1067 2428 1124 2480 δὲ
1164 2428 1258 2480 καὶ
1310 2427 1477 2498 αὐτῆς
1513 2427 1612 2497 τῆς
1658 2429 1828 2500 ὀργῆς

260 2517 591 2588 ὑψηλότερον
617 2513 776 2580 εἶναι,
805 2517 962 2573 τοῦτο
993 2518 1056 2590 δὴ
1087 2519 1244 2588 μόνου
1276 2518 1388 2582 σοῦ,
1418 2519 1512 2572 καὶ
1536 2519 1589 2572 εἴ
1625 2521 1708 2583 τίς
1745 2538 1827 2574 σοι

260 2608 362 2679 τὴν
384 2610 582 2680 ἀρετὴν
621 2608 1021 2679 παραπλήσιος.
1062 2611 1266 2662 Ἐκεῖνο
1289 2610 1346 2663 δὲ
1387 2611 1485 2664 οὐκ
1527 2613 1657 2681 ἐρῶ,
1684 2613 1766 2666 ὅτι
1799 2617 1828 2668 ό

262 2702 395 2770 ἡμῖν
435 2700 774 2770 χαλεπαίνων
822 2701 902 2762 εἰς
946 2701 1070 2764 τοὺς
1111 2701 1276 2772 μηδὲν
1323 2702 1684 2775 ἀδικήσαντας
1728 2705 1826 2776 τὴν

265 2791 434 2862 οργὴν
465 2791 780 2861 ἐπαφίησιν.
823 2793 945 2845 Εἴτε
990 2789 1082 2844 οὖν
1139 2794 1447 2866 παρουσίᾳ,
1493 2798 1598 2849 εἴτε
1647 2798 1826 2869 γράμ-

268 2896 430 2949 ματι,
470 2879 580 2932 εἴτε
628 2879 816 2950 κλήσει
857 2883 922 2950 τῇ
977 2881 1112 2951 πρὸς
1144 2882 1354 2946 ἐαυτὸν,
1413 2886 1520 2936 εἴτε
1561 2879 1711 2958 ᾧπερ
1760 2887 1827 2941 ἂν

263 2969 470 3034 ἐθέλοις
508 2971 712 3041 τρόπῳ,
744 2971 1140 3043 παραμύθησαι
1168 2975 1324 3044 ἡμῶν
1361 2976 1457 3046 τὴν
1485 2976 1660 3048 ψυχήν
1690 2978 1822 3050 (10).

272 3061 460 3159 ῘΗμῖνΔ
473 3062 571 3159 μέν
590 3060 698 3132 γὰρ
723 3062 856 3133 εὐχὴ
877 3065 972 3116 ἐπὶ
997 3064 1094 3134 τῆς
1123 3065 1442 3135 Ἐκκλησίας
1466 3069 1698 3139 φανῆναι
1729 3070 1826 3142 τὴν
1853 3098 1898 3159 C

264 3152 580 3208 θεοσέϐειαν
603 3172 718 3219 σου,
737 3155 831 3208 καὶ
857 3157 1004 3227 ἡμᾶς
1025 3172 1083 3208 τε
1110 3156 1266 3226 ὁμοῦ,
1291 3158 1382 3210 καὶ
1410 3159 1500 3211 τὸν
1521 3159 1646 3214 λαὸν
1669 3161 1829 3232 θερα-

259 3245 459 3300 πεῦσαι
493 3247 626 3317 αὐτῇ
658 3263 716 3300 τε
752 3249 818 3318 τῇ
846 3247 964 3316 ὄψει
994 3247 1088 3300 καὶ
1119 3252 1231 3312 τοῖς
1263 3250 1445 3318 λόγοις
1476 3251 1578 3321 τῆς
1604 3253 1827 3324 χάριτός

258 3352 379 3390 σου.
415 3339 539 3392 Ἐὰν
565 3340 661 3409 μὲν
694 3333 786 3393 οὖν
816 3339 970 3393 τοῦτο
1053 3341 1294 3405 δυνατὸν,
1317 3343 1472 3394 τοῦτο
1501 3345 1788 3414 κράτιστον
1808 3363 1822 3377 ο

258 3430 356 3483 ἐὰν
404 3431 462 3484 δέ
496 3449 550 3484 τι
598 3431 783 3500 ἕτερον
829 3432 989 3504 δόξῃ,
1044 3436 1262 3486 κάκεῖνο
1306 3435 1588 3506 δεξόμεθα.
1651 3439 1826 3491 Μόνον

259 3523 474 3590 παγίως
505 3524 765 3593 γνωρίσαι
788 3527 919 3594 ἡμῖν
946 3524 1005 3576 τὸ
1028 3525 1432 3599 παριστάμενον
1471 3530 1537 3600 τῇ
1571 3531 1826 3600 φρονήσει

260 3628 360 3667 σου
402 3613 802 3687 παρακλήθητι.

815 3851 1160 3908 ΕΠΙΣΤΟΛΗ
1194 3853 1264 3908 Ξ’.

1934 525 2176 580 bemur?
2205 527 2383 595 Atque
2422 526 2535 579 haec
2560 526 2780 596 quidem
2817 523 2883 578 ad
2915 537 3088 577 meam
3115 522 3285 592 ipsius
3308 523 3498 578 defen-

1932 612 2140 685 sionem
2182 616 2416 684 profero.

2001 790 2056 844 5.
2083 789 2224 857 Quid
2263 798 2448 846 autem
2487 791 2765 856 Ecclesiae,
2793 807 2915 863 quae
2939 792 3115 846 nostri
3141 790 3354 847 dissidii
3384 805 3495 845 non

1933 880 2000 934 ad
2048 897 2204 937 suam
2258 882 2546 936 utilitatem
2597 883 2891 952 participes
2941 889 3090 944 sunt,
3144 897 3262 950 pro.
3297 881 3495 952 seipsis

1931 972 2189 1037 dixerint,
2258 973 2454 1028 melius
2503 974 2722 1042 quidem
2772 982 2973 1029 tacere.
3048 971 3182 1026 Non.
3235 973 3380 1026 enim
3434 979 3497 1025 ut

1930 1067 2237 1121 molestiam
2263 1066 2568 1132 exhibeam,
2601 1066 2764 1121 verba
2809 1067 2949 1121 facio
2979 1083 2994 1134 ;
3025 1065 3122 1122 sed
3156 1074 3216 1119 ut
3249 1065 3496 1120 molestis

1929 1159 2095 1213 rebus
2136 1157 2298 1212 linem
2352 1158 2649 1226 imponam.
2694 1156 2867 1210 Tuam
2913 1167 3097 1211 autem
3149 1155 3496 1228 prudentiam

1931 1250 2154 1305 omnino
2203 1249 2340 1303 nihil
2383 1249 2520 1320 fugit
2571 1267 2582 1302 :
2631 1247 2726 1303 sed
2754 1249 2926 1303 multo
2955 1247 3162 1316 majora
3212 1263 3276 1302 ac
3320 1245 3498 1316 perfe-

1931 1341 2107 1394 ctiora
2146 1354 2310 1410 quam
2363 1354 2484 1408 quae
2528 1353 2629 1392 nos
2671 1337 2996 1408 cogitamus,
3020 1337 3141 1406 ipsa
3180 1346 3276 1390 tua
3313 1342 3496 1390 mento

1930 1433 2135 1504 poteris
2194 1433 2546 1502 excogitare,
2601 1433 2834 1501 aliisque
2882 1430 3066 1484 dicere
3123 1447 3136 1483 :
3198 1429 3290 1498 qui
3347 1435 3498 1484 certe

1930 1526 2091 1579 etiam
2139 1533 2262 1579 ante
2327 1539 2430 1578 nos
2490 1522 2858 1578 Ecclesiarum
2915 1521 3106 1576 vidisti
3149 1519 3492 1585 detrimenta,

1931 1614 2211 1682 magisque
2260 1628 2423 1682 quam
2472 1628 2573 1668 nos
2623 1612 2800 1675 doles,
2846 1608 3139 1679 jam'olim
3184 1607 3410 1662 edoctus
3462 1621 3496 1660 a

1931 1701 2182 1767 Domino,
2222 1707 2491 1758 neminem
2541 1719 2608 1758 ex
2640 1700 2883 1756 minimis
2925 1706 3295 1753 contemnere.
3339 1695 3505 1750 Nunc.

1930 1800 2108 1849 autem
2155 1795 2412 1849 damnum
2453 1811 2563 1849 non
2609 1809 2718 1848 uno
2760 1801 2853 1846 aut
2893 1793 3062 1844 altero
3103 1788 3498 1845 circumscribi-

1929 1895 2038 1953 tur,
2089 1887 2186 1942 sed
2223 1896 2350 1941 totae
2393 1887 2642 1941 civitates
2673 1900 2735 1938 ac
2766 1884 2950 1954 populi
2993 1881 3366 1937 calamitatum
3395 1885 3496 1934 no-

1933 1983 2170 2029 strarum
2200 1975 2496 2045 participes
2545 1981 2691 2030 sunt.
2731 1971 2953 2025 Famam
3002 1971 3145 2026 enim
3181 1970 3237 2024 in
3269 1966 3506 2023 remotis.

1930 2067 2226 2136 provinciis
2265 2066 2394 2135 quid
2443 2067 2527 2120 vel
2575 2065 2758 2119 dicere
2808 2063 3035 2126 attinet,
3098 2061 3280 2131 qualis
3311 2059 3502 2112 futura

1931 2157 2003 2212 sit
2052 2157 2120 2212 de
2173 2156 2374 2210 nobis?
2423 2153 2585 2209 Decet
2628 2155 2796 2223 igitur
2843 2161 2903 2206 ut
2943 2161 3035 2204 tua
3079 2149 3496 2221 magnanimitas

1930 2247 2298 2303 contentionis
2348 2245 2590 2300 studium
2651 2245 2774 2298 aliis
2829 2243 3120 2312 relinquat,
3166 2241 3275 2293 imo
3322 2253 3388 2293 ex
3428 2238 3497 2292 il-

1929 2339 2103 2393 lorum
2140 2338 2304 2392 etiam
2347 2336 2546 2390 animis
2576 2335 2849 2400 extrahat,
2881 2335 2928 2388 si
2974 2333 3092 2387 ﬁeri
3119 2338 3339 2401 potest:
3376 2329 3496 2398 ipse

1930 2435 2110 2480 autem
2158 2425 2423 2494 patientia
2473 2423 2755 2478 molestias
2810 2438 3054 2494 superes.
3110 2420 3245 2475 Nam
3295 2416 3492 2472 ulcisci

1930 2533 2012 2581 se,
2039 2517 2282 2588 cujusvis
2323 2515 2448 2570 irati
2475 2524 2558 2570 est
2595 2535 2608 2569 :
2651 2515 2747 2570 sed
2779 2515 2896 2584 ipsa
2929 2515 3093 2569 etiam
3137 2513 3220 2566 ira
3247 2509 3498 2580 superio-

1929 2625 2043 2664 rem
2087 2625 2230 2674 esse,
2257 2610 2360 2662 hoc
2389 2617 2538 2663 certe
2573 2617 2726 2662 tuum
2755 2618 2841 2663 est
2864 2608 3056 2670 solius,
3088 2612 3142 2659 et
3171 2604 3220 2660 si
3252 2604 3376 2672 quis
3399 2600 3495 2654 tibi

1929 2701 2127 2755 virtute
2177 2701 2506 2756 consimilis.
2557 2699 2691 2754 Illud
2742 2708 2922 2754 autem
2974 2713 3082 2753 non
3124 2697 3322 2761 dicam,
3371 2707 3506 2748 eum.

1929 2793 2024 2864 qui
2070 2793 2228 2847 nobis
2259 2801 2567 2857 succenset,
2616 2793 2673 2846 in
2709 2791 3138 2846 insontesiram
3183 2788 3495 2842 immittere.

1931 2885 2116 2954 Itaque
2158 2885 2272 2939 sive
2323 2883 2660 2938 adveniendo
2699 2882 2765 2936 ad
2818 2897 2957 2946 nos,
3007 2881 3124 2936 sive
3165 2879 3505 2942 scribendo,

1931 2975 2047 3031 sive
2092 2975 2161 3029 ad
2221 2983 2276 3030 te
2328 2974 2682 3039 accersendo,
2727 2973 2842 3028 sive
2885 2985 3210 3042 quocunque
3261 2968 3498 3025 volueris

1931 3065 2114 3130 modo,
2169 3067 2457 3122 consolare
2508 3065 2750 3119 animum
2807 3071 3079 3118 nostrum.
3137 3059 3306 3116 Nobis
3351 3059 3497 3115 enim

1931 3159 1986 3212 in
2019 3157 2224 3228 optatis
2268 3167 2374 3224 est,
2408 3165 2468 3212 ut
2502 3157 2556 3211 in
2590 3156 2836 3210 Ecclesia
2887 3161 3145 3224 appareat
3173 3152 3493 3224 pietas_tua,

1931 3257 1986 3306 et
2010 3266 2113 3305 nos
2143 3251 2306 3305 simul
2340 3257 2395 3304 et
2433 3248 2694 3320 populum
2729 3259 2841 3301 tum
2879 3246 2998 3316 ipso
3027 3251 3350 3313 conspectu,
3375 3251 3505 3297 tum.

1932 3341 2116 3410 gratiae
2150 3349 2257 3393 tua:
2300 3339 2642 3393 sermonibus
2671 3351 2854 3390 cures.
2905 3334 3060 3399 Quod
3100 3333 3144 3386 si
3190 3333 3336 3388 istud
3378 3329 3496 3384 fleri

1931 3435 2127 3498 potest,
2149 3428 2252 3482 erit
2269 3427 2526 3493 optimum
2554 3442 2567 3478 :
2591 3426 2777 3478 sivero
2805 3421 2950 3474 aliud
2978 3418 3108 3489 quid
3132 3417 3420 3480 videbitur,
3443 3421 3498 3469 et

1932 3519 2065 3572 illud
2101 3520 2510 3588 amplectemur.
2556 3515 2671 3570 Hoc
2714 3523 2921 3568 tantum
2969 3527 3000 3565 a
3044 3520 3096 3566 te
3137 3520 3288 3564 certo
3327 3508 3498 3576 impe-

1930 3621 2091 3674 trem,
2127 3618 2184 3664 ut
2213 3609 2361 3681 quod
2386 3608 2687 3676 prudentiae
2716 3614 2825 3660 tua:
2852 3604 3025 3659 visum
3044 3601 3228 3665 fuerit,
3259 3598 3315 3654 id
3337 3597 3505 3654 nobis.

1930 3701 2220 3774 significes.

2481 3853 2820 3910 EPISTOLA
2857 3853 2989 3907 LX‘.

258 3981 516 4056 Signiﬁcat
540 3982 752 4056 βαξίζίω
774 3997 826 4036 δε
845 3985 1014 4056 {miris
1036 3986 1238 4038 adventu
1259 3994 1303 4038 et
1330 3986 1502 4039 litteris
1523 3990 1747 4041 avunculi
1767 4004 1900 4054 spem
1923 3990 2058 4056 pacis
2077 3991 2380 4056 a/feremibus
2403 3999 2667 4056 recreatum
2687 3989 2851 4054 fuisse.
2877 3992 3201 4056 Probaturum
3220 3981 3496 4056 seipromit-

345 4046 412 4119 ljf
433 4046 670 4119 quidquid
706 4046 939 4098 aemulo
978 4049 1038 4099 de
1078 4063 1360 4113 congressus
1384 4057 1592 4113 tempore
1625 4060 1670 4104 et
1713 4046 1816 4104 tocb
1841 4046 2292 4116 ptabuerit.'Fratri
2318 4068 2370 4105 se
2400 4053 2621 4119 diﬁidere
2659 4046 2874 4112 testatur,
2899 4052 2956 4101 ob
2991 4063 3050 4101 ea
3081 4060 3188 4111 quae
3206 4046 3342 4112 prius
3364 4053 3496 4112 gesta

346 4107 551 4171 fuerant.

796 4215 1098 4284 Γρηγορίφ
1131 4217 1283 4280 θείῳ.

337 4329 448 4381 Καὶ
476 4329 736 4399 πρότερον
763 4325 933 4397 ἡδέως
959 4323 1098 4381 εἶδον
1122 4329 1212 4380 τὸν
1232 4328 1457 4396 ἀδελφόν
1487 4345 1607 4398 μου.
1628 4327 1692 4380 Τί
1714 4340 1828 4398 γαρ

263 4423 366 4474 οὐκ
397 4420 640 4491 ἔμελλον,
670 4418 893 4486 ἀδελφόν
911 4435 971 4470 τε
1001 4419 1129 4472 ὄντα
1159 4419 1412 4490 ἐμαυτοῦ,
1440 4421 1534 4472 καὶ
1558 4418 1823 4485 τοιοῦτον;

263 4511 379 4564 Καὶ
411 4509 505 4562 νῦν
531 4508 587 4561 δὲ
639 4509 705 4577 τῇ
745 4507 879 4577 αὐτῇ
915 4506 1148 4559 διαθέσει
1196 4507 1601 4580 προσεδεξάμην
1644 4507 1828 4578 ἐπιδη-

267 4603 542 4672 μήσαντα,
580 4598 745 4670 μηδέν
779 4615 830 4650 τι
868 4597 967 4667 τῆς
1005 4599 1243 4668 ἐμαυτοῦ
1291 4600 1521 4670 στοργῆς
1560 4599 1832 4670 παρατρέ-

265 4691 562 4762 ψας.Μηδέ
587 4691 696 4761 γὰρ
730 4689 938 4757 γένοιτό
957 4707 1008 4742 τι
1045 4690 1254 4744 τοιοῦτο
1287 4689 1477 4744 παθεῖν
1510 4691 1670 4761 μηδὲν
1694 4690 1830 4761 (Η),

265 4784 297 4836 ὂ
329 4785 428 4852 τῆς
455 4783 669 4852 φύσεως
699 4780 1067 4846 ἐπιλαθέσθαι,
1099 4784 1192 4836 καὶ
1223 4782 1663 4836 ἐκπολεμωθῑψαι
1697 4781 1833 4854 πρὸς

340 4941 419 5011 (5)
454 4945 875 5013 Δικαιολογίας.
900 4943 976 4997 Ita
1002 4960 1134 4998 mss.
1159 4951 1384 5010 septem.
1408 4941 1832 5010 Corruptissime

267 5011 402 5066 editi
429 5011 780 5082 διστολογίας,
820 5015 962 5068 unde
995 5015 1261 5083 interpres
1289 5032 1302 5067 :
1330 5029 1499 5065 meam
1534 5013 1698 5081 ipsius
1719 5013 1836 5082 qui-

265 5083 388 5134 dem
418 5093 670 5150 tanquam
702 5085 962 5138 bicornem
994 5084 1248 5137 rationem
1272 5083 1559 5150 prwtendo.

345 5151 424 5223 (6)
455 5150 771 5223 Κέχρημαι.
804 5153 932 5208 Post
961 5154 1103 5208 hanc
1129 5169 1311 5207 vocem
1337 5152 1501 5206 editio
1530 5151 1701 5205 Paris.
1734 5150 1833 5204 ad-

267 5219 615 5345 ἓέιίτούτιρις,
637 5219 792 5293 quod
815 5225 971 5280 abest
997 5225 1066 5278 ab
1089 5223 1343 5278 omnibus
1362 5237 1494 5277 mss.
1526 5231 1580 5278 et
1606 5223 1833 5277 vetustis

343 5310 353 5342 I
387 5308 494 5345 Iont
541 5309 623 5345 us.

343 5300 623 5347 itionibus.

343 5361 423 5432 (7)
459 5361 572 5427 Τὰς
593 5361 848 5429 βλάϐας.
882 5361 959 5416 lta
990 5377 1125 5419 mss.
1157 5378 1271 5424 sex,
1297 5369 1352 5418 et
1380 5369 1608 5432 vetustae
1639 5361 1834 5418 editio-

269 5429 559 5504 nes.'A|iae
584 5433 691 5504 τῷν
729 5433 1060 5504 Ἐκκλησιῷν
1080 5433 1181 5504 τὴν
1209 5433 1426 5504 ζημίαν.
1452 5429 1648 5488 ibidem
1673 5433 1835 5502 quin-

267 5515 377 5568 que
405 5503 622 5556 codices
646 5502 784 5556 ὥστε
813 5498 1092 5566 καὶέἴδες.

345 5572 421 5643 (84)
458 5572 900 5643 Δεδιδαγμένος.
932 5572 1073 5626 Editi
1102 5582 1155 5627 et
1186 5589 1322 5629 mss.
1363 5589 1470 5628 non
1505 5574 1660 5640 pauci
1698 5589 1830 5643 προ·

266 5635 810 5712 δεδιδαγμένοςξεεό
842 5635 1014 5696 multo
1040 5644 1219 5711 aptius
1249 5644 1465 5702 codices
1492 5635 1664 5708 llarl.,
1691 5635 1828 5699 Med.

267 5721 329 5761 et
355 5712 525 5768 Cois].
561 5728 700 5782 quos
732 5713 905 5769 secuti
927 5727 1175 5786 sumus.)

2465 4215 2714 4285 Gregorio
2755 4223 2963 4282 patruo.

2001 4327 2074 4380 Et»
2095 4336 2248 4382 antea
2291 4327 2520 4382 libenter
2545 4327 2791 4382 videbam
2817 4326 3045 4382 fratrem
3082 4341 3280 4381 meum.
3314 4325 3488 4392 Quid-

1929 4421 1986 4476 ni
2019 4421 2162 4476 enim
2189 4421 2354 4474 icum
2385 4429 2440 4475 et
2474 4418 2641 4474 frater
2667 4434 2818 4472 meus
2849 4421 2939 4481 sit,
2970 4429 3024 4473 et
3063 4420 3187 4473 talis
3219 4437 3232 4474 :
3263 4427 3316 4473 et
3347 4435 3498 4474 nunc-

1929 4513 2120 4568 eodem
2175 4513 2369 4568 allectu
2448 4513 2661 4582 suscepi
2717 4512 3112 4575 advenientem,
3175 4512 3306 4565 nihil
3371 4527 3491 4566 meo

1931 4619 2116 4659 amore
2144 4606 2450 4658 imminuto.
2485 4603 2644 4658 Absit
2681 4605 2826 4658 enim
2862 4605 2940 4657 sic
2969 4603 3172 4657 alliciar
3193 4604 3395 4666 animo,
3430 4610 3490 4655 ut

1931 4704 1986 4750 et
2010 4707 2214 4751 natura:
2239 4697 2549 4762 obliviscar,
2572 4703 2626 4750 et
2659 4711 2780 4749 cum
2817 4695 3134 4765 propinquis
3178 4693 3492 4748 inimicitias

1932 4801 2137 4857 geram.
2177 4786 2281 4842 Sed
2325 4795 2380 4842 et
2419 4787 2667 4857 corporis
2719 4786 3122 4840 infirmitatum.
3157 4793 3212 4840 et
3257 4784 3489 4837 aliorum

2005 4942 2080 5013 (9)
2110 4941 2343 5010 Πρέπει.
2378 4942 2513 4998 Tres
2548 4959 2682 5013 mss.
2715 4957 2822 4997 non
2861 4939 3225 5011 antiquissimi
3270 4937 3494 5008 πρέποι.

1933 5011 2103 5084 Coisl.
2134 5014 2344 5082 primus
2377 5014 2576 5084 πρέπει
2597 5011 2786 5084 οὗνίτῇ
2814 5015 2901 5084 σῇ.

2004 5075 2569 5152 (10)’11αραμύθὴσαι
2596 5075 2899 5151 quasi?»
2922 5078 3150 5149 ψυχήν.
3175 5077 3250 5130 Ita
3278 5075 3492 5152 codices

1933 5145 2188 5236 quatuor,
2215 5145 2457 5234 quorum
2479 5145 3082 5233 unuswantiquissi'mus,
3118 5161 3310 5216 nempe
3332 5145 3490 5230 ‘Cois:

1934 5224 2191 5277 limanus.
2242 5223 2382 5277 Editl
2422 5222 2877 5282 παραμυθησαι...
2928 5217 3283 5282 καταξίωσον.
3313 5214 3420 5270 Sed
3444 5231 3495 5270 st

1957 5235 2191 5277 intanus.
2242 5235 2382 5277 Mill
2422 5235 2877 5277 παραμυθησαι...
2928 5235 3283 5277 καταζιωσον.

1935 5240 2191 5277 Halanus.
2242 5240 2382 5277 Mill
2422 5240 2877 5293 παραμυυησαι...
2928 5240 3283 5282 καταςιωσυν.
3315 5240 3420 5270 om
3444 5240 3492 5270 δι

1934 5300 2268 5364 postremum
2304 5293 2526 5364 verbum
2577 5291 2894 5364 retineatur,
2941 5287 3224 5364 legendum
3267 5289 3390 5364 e_r_it,
3431 5293 3492 5338 ut

1935 5355 2021 5418 est
2050 5364 2321 5433 ingcodice
2363 5361 2513 5416 Harl.
2543 5355 3102 5433 παραμυθήσασθαι...
3132 5355 3494 5420 καταξίωσον,

1937 5431 2203 5486 consolari
2237 5433 2472 5498 dignare.

2008 5502 2120 5570 (ll)
2149 5497 2387 5555 Παθέῐν.
2413 5501 2574 5554 Deest
2601 5514 2664 5570 ea
2689 5499 2874 5570 vox_in
2901 5497 3115 5570 duobus
3142 5508 3492 5570 mss._recen-

1939 5564 2188 5625 tioribus.
2232 5571 2400 5623 Paulo
2448 5577 2568 5639 post
2593 5569 2760 5623 editio
2792 5567 2969 5623 Paris.
3000 5569 3222 5639 ποιήσῃ.
3266 5564 3398 5621 Mss.
3440 5571 3494 5618 et

1935 5649 2159 5697 vetustte
2185 5639 2450 5695 editiones
2477 5639 2710 5706 ποιήσει.

2011 5717 2026 5734 ⁹
2052 5710 2200 5767 Alias
2231 5708 2390 5763 XLV.
2423 5708 2634 5777 Scripta
2665 5723 2806 5763 anno
2829 5706 2925 5762 571
