3988 6194
478 284 580 346 H5
1796 268 1853 322 S.
1895 261 2139 319 BASlLll
2174 259 2386 315 MAGNI
3598 252 3706 308 416

476 402 643 459 animi
670 401 919 457 dolorum
966 395 1393 455 consolationem
1440 390 1572 447 duxi
1610 403 1731 446 esse
1766 386 1865 441 viri
1898 401 2034 457 prae-

2139 379 2259 442 τοὺς
2289 378 2523 439 οἰκείους
2568 377 2802 447 ποιήσει.
2840 373 2999 429 Ἀλλὰ
3040 372 3133 427 καὶ
3179 371 3289 426 τῶν
3313 370 3407 425 τοῦ
3452 386 3706 441 σωματος

475 495 725 559 sentiam,
754 499 806 547 et
837 489 993 561 155
1018 506 1047 543 a
1071 489 1382 559 praestantia
1406 495 1496 541 tua
1526 501 1620 556 per
1646 486 1820 553 ipsum
1855 479 2035 535 allatis

2139 471 2397 541 ἀρῤωστη
2407 468 2610 538 μάτων,
2642 468 2734 519 καὶ
2764 465 2873 517 τῶν
2903 465 3076 519 ἄλλων
3100 462 3360 533 ἀλγεινῶν
3381 462 3481 532 τῆς
3501 460 3702 531 ψυχῆς,

471 584 675 643 litteris
713 583 869 639 valde
901 570 1019 637 sum
1042 582 1340 636 delectatus
1366 596 1381 645 ;
1422 593 1558 648 quas
1583 576 1796 646 quidem
1822 570 2039 642 jamdu-

471 678 604 733 dum
634 677 766 730 mihi
796 675 1078 744 cupiebam
1107 673 1313 735 venire,
1352 686 1463 725 non
1496 670 1656 723 aliam
1687 668 1756 722 ob
1787 680 2033 729 causam,

469 767 583 825 nisi
614 773 673 822 ut
715 782 783 821 ne
810 776 862 821 ct
888 780 989 822 nos
1023 765 1144 818 vita:
1187 764 1439 816 humanm
1476 760 1797 814 adderemus
1822 757 2037 811 tristem

474 856 760 912 historiam
832 863 1033 909 mutua:
1085 855 1225 908 inter
1290 851 1784 924 prnpinquissimos
1826 847 2039 901 dissen-

475 944 668 1008 sionis,
702 945 1031 1014 voluptatem
1061 942 1279 1013 quidem
1321 941 1554 994 inimicis
1577 937 1870 1000 offerentis,
1902 934 2040 989 ami-

477 1035 557 1091 cis
609 1050 739 1090 vero
792 1050 1106 1093 maerorem,
1166 1049 1229 1087 ac
1284 1032 1392 1087 Deo
1434 1030 1795 1099 displicentis,
1839 1026 1931 1098 qui
1983 1026 2038 1081 in

474 1126 717 1196 perfecta
756 1125 1048 1180 dilectione
1090 1125 1457 1179 characterem
1496 1136 1559 1174 ac
1590 1128 1773 1174 notam
1815 1132 2038 1174 suorum

478 1219 869 1288 discipulorum
935 1218 1136 1288 posuit.
1196 1217 1461 1282 Quocirca
1500 1221 1555 1268 et
1604 1210 1912 1268 necessario
1953 1223 2040 1264 re-

482 1311 685 1375 scribo,
726 1325 824 1379 pro
867 1310 1025 1363 nobis
1055 1318 1111 1362 ut
1145 1324 1268 1362 ores
1292 1308 1607 1368 obsecrans,
1638 1311 1692 1359 et
1730 1304 1784 1357 in
1818 1300 2041 1371 reliquis

476 1401 643 1456 rebus
689 1390 876 1454 curam
926 1400 1084 1455 nobis
1121 1407 1179 1452 ut
1222 1397 1539 1469 propinquis
1570 1394 1870 1465 impendas.
1900 1391 2041 1459 Quid

477 1499 659 1545 autem
718 1491 824 1546 sibi
878 1493 1049 1546 velint
1093 1506 1213 1561 qua:
1256 1499 1377 1544 acta
1431 1496 1579 1553 sunt,
1629 1486 1886 1558 quoniam
1932 1499 2043 1555 prae

477 1583 693 1639 inscitia
720 1584 1017 1654 intelligere
1061 1600 1169 1638 non
1197 1598 1511 1654 possumus,
1546 1581 1599 1636 id
1633 1581 1924 1637 statuimus
1948 1594 2043 1633 ve-

2139 559 2492 632 παραμυθίαν
2515 558 2809 629 ἡγησάμην
2829 557 2940 627 (12)
2958 552 3094 611 εἶναι
3120 556 3215 627 τὴν
3236 553 3327 608 τοῦ
3355 553 3545 625 ἀνδρὸς
3565 569 3706 622 παρ-

2135 651 2323 704 ουσίαν
2343 667 2357 680 ·
2381 653 2494 712 τοῖς
2514 666 2572 701 τε
2589 650 2737 718 παρά
2760 649 2860 717 τῆς
2876 647 3184 719 τιμιότητός
3202 646 3312 717 (13)
3337 663 3430 699 σου
3451 645 3516 698 δι’
3536 644 3703 699 αὐτοῦ

2137 742 2441 814 κομισθεῖσι
2477 743 2798 811 γράμμασιν
2824 739 3135 811 ὑπερήσθην
3158 755 3172 768 ·
3205 737 3241 792 ἃ
3286 738 3378 791 καὶ
3404 738 3470 790 ὲκ
3507 736 3705 791 πολλοῦ

2141 850 2230 904 μοι
2264 831 2569 901 ἐπεθύμουν
2596 830 2790 893 ὲλθεῖν,
2822 830 2922 884 οὐκ
2945 829 3104 883 ἄλλου
3130 829 3274 892 τινὸς
3300 827 3508 894 ἕνεκεν,
3539 827 3575 900 ἢ
3608 827 3705 881 τοῦ

2141 927 2215 998 μὴ
2256 927 2349 980 καὶ
2387 926 2533 995 ἡμᾶς
2567 941 2621 978 τι
2655 923 2975 995 σκυθρωπὸν
3013 922 3254 993 διήγημα
3295 920 3373 991 τῷ
3404 917 3504 992 βίῳ
3536 937 3707 992 προσ-

2140 1015 2331 1075 θεῖναι,
2365 1013 2441 1076 ὡς
2467 1014 2576 1085 ἄρα
2610 1029 2694 1076 τις
2723 1014 2808 1084 εἴη
2849 1014 2962 1075 τοῖς
2994 1013 3343 1074 οἰκειοτάτοις
3381 1011 3517 1082 πρὸς
3541 1011 3708 1082 ἀλλή-

2137 1105 2260 1169 λους
2280 1106 2558 1168 διάστασις
2575 1123 2588 1136 ·
2616 1105 2805 1176 ἡδονὴν
2830 1105 2926 1174 μὲν
2951 1101 3161 1174 ἐχθροῖς
3180 1101 3703 1175 παρασκευάζουσα,
3737 1096 3747 1109 ⁸

2139 1197 2313 1268 φίλοις
2341 1196 2398 1249 δὲ
2430 1196 2733 1267 συμφορὰν,
2760 1194 3146 1265 ἀπαρέσκουσα
3169 1193 3226 1247 δὲ
3262 1193 3403 1264 Θεῷ,
3436 1193 3515 1264 τῷ
3545 1193 3605 1247 ὲν
3634 1196 3703 1265 τῇ

2137 1288 2315 1357 τελεία
2361 1286 2552 1359 ἀγάπῃ
2582 1286 2674 1340 τδν
2719 1286 3041 1359 χαρακτῆρα
3075 1284 3184 1338 τῶν
3226 1285 3416 1339 ἑαυτοῦ
3447 1283 3707 1355 μαθητῶν

2140 1379 2370 1450 θεμένῳ,
2397 1378 2487 1430 Διὸ
2521 1378 2616 1431 καὶ
2642 1375 3072 1446 άντιφθέγγομαι
3103 1374 3413 1443 ἀναγκαίως
3448 1371 3705 1444 εὔχεσθαί

2143 1487 2203 1523 σε
2224 1470 2333 1541 (14)
2358 1468 2498 1540 ὑπὲρ
2520 1469 2675 1539 ἡμῶν
2702 1466 3053 1538 παρακαλῶν,
3079 1465 3266 1520 καὶτὰ
3289 1465 3422 1519 ἄλλα
3445 1463 3705 1535 κήδεσθαι

2141 1560 2296 1633 ἡμῶν
2329 1560 2405 1624 ὡς
2435 1560 2669 1613 οἰκείων.
2717 1558 2820 1613 Τὸν
2847 1558 2904 1611 δὲ
2946 1557 3071 1611 νοῦν
3111 1554 3218 1609 τῶν
3261 1556 3560 1626 γινομένων
3591 1554 3702 1626 (15)

476 1689 601 1731 rum
637 1644 921 1744 judicare:
938 1674 1086 1745 quod
1116 1644 1231 1744 ipse
1264 1674 1422 1728 nobis
1467 1644 1738 1742 exponere
1788 1671 2039 1740 dignatus

2141 1652 2329 1723 ἐπειδὴ
2350 1652 2502 1706 αὐτοὶ
2527 1651 2631 1705 ὑπὸ
2652 1649 2922 1722 ἀμαθείας
2953 1649 3188 1702 συνιέναι
3205 1648 3305 1701 οὐκ
3328 1644 3543 1717 ἔχομεν,
3560 1650 3706 1700 ὲκεῖ-

478 1766 669 1822 fueris.
725 1766 959 1823 Necesse
1021 1775 1106 1823 est
1156 1776 1337 1821 autem
1384 1767 1595 1837 reliqua
1645 1765 1809 1821 etiam
1859 1780 1889 1817 a
1943 1772 2035 1816 tua
2069 1744 2197 1837 BV?

475 1859 762 1931 prudentia
796 1859 1029 1925 deliniri,
1064 1868 1313 1914 mutuum
1347 1860 1489 1913 inter
1528 1875 1628 1913 nos
1657 1872 2033 1926 congressum,

475 1958 689 2020 tempus
726 1951 1156 2015 accommodum,
1184 1957 1237 2004 et
1265 1950 1514 2004 idoneum
1550 1950 1747 2004 locum.
1792 1947 1847 2000 Si
1877 1946 2039 2017 igitur

476 2040 697 2093 omnino
748 2041 984 2109 gravitas
1034 2046 1125 2092 tua
1170 2039 1239 2091 ad
1271 2046 1513 2093 nostram
1549 2034 1905 2091 humilitatem
1943 2034 2039 2090 de-

475 2129 735 2184 scendere
777 2146 885 2184 non
933 2139 1169 2193 recusat,
1197 2146 1405 2199 nosque
1447 2130 1629 2198 aliquo
1660 2142 1911 2183 sermone
1943 2128 2040 2180 im-

474 2218 712 2291 pertire;
747 2220 862 2273 sive
888 2235 1012 2274 cum
1044 2220 1188 2283 aliis,
1223 2220 1336 2274 sive
1363 2219 1614 2288 privatim
1646 2217 1756 2270 ﬁeri
1789 2231 2039 2286 congres-

475 2321 595 2361 sum
636 2307 895 2372 volueris,
949 2323 1154 2363 morem
1185 2323 1483 2378 geremus;
1532 2323 1653 2361 cum
1696 2307 1860 2362 semel
1895 2305 2037 2374 apud

474 2412 575 2455 nos
591 2400 944 2456 statuerimus
975 2402 1182 2456 servire
1213 2400 1309 2454 tibi
1344 2401 1396 2453 in
1418 2399 1704 2465 charitate,
1735 2413 1797 2451 ac
1816 2397 2038 2449 omnino

473 2490 699 2559 exsequi
740 2506 861 2560 quze
909 2489 976 2543 ad
1016 2489 1109 2544 Dei
1169 2490 1393 2560 gloriam
1443 2505 1473 2542 a
1517 2497 1607 2541 tua
1652 2489 1850 2557 pietate
1882 2486 2037 2541 nubis

474 2582 875 2659 praecipientur.
918 2584 1186 2637 Umterum
1226 2580 1451 2635 fratrem
1494 2595 1752 2649 perquam
1780 2593 2036 2633 reveren-

472 2676 603 2731 dum
632 2689 740 2729 non
758 2674 1032 2744 coegimus
1048 2673 1341 2743 quidquam
1368 2674 1522 2728 nobis
1548 2673 1666 2726 viva
1681 2686 1811 2726 voce
1833 2672 2034 2735 dicere,

475 2770 602 2838 quia
634 2781 812 2839 neque
861 2774 1020 2832 antea
1065 2766 1239 2837 ipsius
1267 2780 1449 2821 sermo
1477 2779 1700 2835 operum
1727 2763 2039 2821 testimonio

474 2858 920 2915 conﬁrmabatur.

999 3118 1335 3175 EPISTOLA
1374 3117 1489 3173 LX.
1516 3160 1529 3172 .

2198 1760 2226 1796 ν
2256 1742 2548 1813 ἐκρίναμεν
2569 1740 2742 1812 ἀληθῆ
2762 1734 2901 1793 εἶναι
2920 1738 3180 1809 νομίζειν,
3201 1736 3260 1791 ὃν
3294 1736 3358 1790 ἂν
3385 1734 3547 1796 αὐτὸς
3572 1738 3705 1807 ἡμῖν

2137 1833 2503 1907 ἐξηγήσασθαι
2532 1830 2892 1902 καταξιὼσῃς.
2927 1830 3162 1899 Ἀνάγκη
3198 1829 3255 1894 δὲ
3297 1828 3390 1882 καὶ
3417 1829 3486 1883 τὰ
3522 1827 3708 1881 λειπό-

2142 1942 2277 1997 μενα
2306 1923 2457 1995 παρὰ
2480 1925 2580 1994 τῆς
2610 1923 2710 1993 σῆς
2743 1920 3092 1993 μεγαλονοίας
3115 1918 3419 1990 ὁρισθῆναι,
3447 1918 3547 1990 τὴν
3581 1935 3707 1972 συν-

2135 2015 2321 2087 τυχίαν
2370 2014 2525 2085 ἡμῶν
2569 2014 2667 2085 τὴν
2725 2012 2862 2083 πρὸς
2902 2010 3181 2081 ἀλλήλους,
3228 2011 3321 2063 καὶ
3374 2010 3563 2082 καιρὸν
3612 2010 3706 2064 τὸν

2137 2106 2434 2177 πρέποντα,
2466 2105 2561 2157 καὶ
2587 2103 2749 2158 τόπον
2775 2102 3095 2173 ἐπιτήδειον.
3118 2100 3289 2173 Εἴπερ
3312 2096 3404 2154 οὖν
3431 2101 3544 2173 (16)
3566 2099 3705 2165 δλως

2137 2196 2387 2266 ἀνέχεται
2426 2193 2728 2264 καταϐῆναι
2783 2193 2919 2263 πρὸς
2965 2192 3062 2263 τὴν
3091 2191 3416 2245 ταπείνωσιν
3468 2193 3625 2263 ἡμῶν
3667 2195 3702 2263 ἡ

2137 2287 2401 2358 σεμνότης
2459 2301 2575 2349 σου,
2628 2285 2723 2340 καὶ
2770 2283 2929 2351 λόγου
2966 2282 3111 2346 τινὸς
3157 2281 3478 2353 μεταδοῦναι
3524 2286 3661 2353 ἡμῖν
3684 2322 3701 2347 ,

2135 2376 2246 2430 εἴτε
2284 2375 2400 2447 μετ’
2427 2375 2621 2439 ἄλλων,
2654 2374 2764 2427 εἴτε
2808 2372 2948 2428 κατὰ
2978 2373 3205 2427 σεαυτὸν
3252 2372 3427 2444 βούλει
3450 2373 3706 2442 γενέσθαι

2133 2466 2232 2537 τὴν
2263 2465 2551 2535 συντυχίαν
2573 2504 2587 2529 ,
2621 2463 3064 2534 ὑπακουσόμεθα,
3102 2464 3261 2518 τοῦτο
3305 2462 3706 2529 ἅπαξ.ὲαυτοῖς

2138 2556 2654 2627 συμϐουλεύσαντες,
2700 2553 2968 2607 δουλεύειν
2998 2553 3111 2626 (l7)
3144 2570 3226 2606 σοι
3268 2554 3326 2606 ὲν
3364 2555 3574 2625 ἀγάπῃ,
3607 2554 3705 2607 καὶ

2136 2649 2310 2699 ποιεῖν
2336 2648 2399 2699 ὲκ
2428 2645 2630 2709 παντὸς
2654 2644 2853 2714 τρόπου
2877 2642 2945 2695 τὰ
2976 2644 3057 2706 είς
3082 2641 3240 2709 δόξαν
3265 2640 3398 2695 Θεοῦ
3428 2641 3579 2713 παρά
3601 2641 3707 2711 τῆς

2135 2738 2420 2801 εὐλαϐείας
2457 2754 2549 2789 σου
2579 2738 2710 2807 ἡμῖν
2746 2734 3166 2804 ἐπιτασσόμενα.
3203 2733 3306 2787 Τὸν
3334 2733 3390 2786 δὲ
3415 2732 3705 2803 αίδεσιμώ-

2134 2846 2296 2883 τατον
2331 2828 2558 2897 ἀδελφὸν
2587 2828 2737 2880 οὐδὲν
2774 2825 3167 2896 ἠναγκάσαμεν
3198 2825 3305 2879 ἀπὸ
3348 2822 3594 2898 γλώττης
3625 2826 3706 2878 εί-

2135 2924 2257 2983 πεῖν
2286 2923 2415 2991 ἡμῖν
2440 2938 2453 2951 °
2479 2920 2613 2973 διότι
2640 2918 2763 2972 οὔτε
2796 2919 3062 2990 πρότερον
3080 2918 3192 2991 (18)
3215 2919 3705 2990 μεμαρτυρημένον

2140 3011 2251 3085 εἶχε
2280 3014 2370 3070 τόν
2398 3012 2554 3083 λόγον
2584 3012 2688 3066 ὑπὸ
2710 3012 2816 3065 τῶν
2851 3012 3027 3083 ἔργων

2668 3127 3010 3180 ΕΠΙΣΤΟΛΗ
3047 3126 3168 3181 EA’.

478 3235 963 3307 Basifiusrcspouglet
985 3232 1171 3306 ίὶιςςιοζδ,
1195 3233 1371 3307 φάρυξ
1396 3232 1683 3307 Athanasius
1704 3246 2163 3307 excommunicatum
2179 3253 2216 3307 _a
2235 3256 2285 3293 se
2311 3240 2461 3302 fuisse
2488 3242 2647 3307 Libya:
2668 3242 2837 3291 ducem
2859 3239 3174 3290 nuntiaverat.
3207 3238 3619 3307 Declaratducan
3640 3252 3705 3293 es

633 3297 801 3365 ’iueris
826 3297 1072 3348 Athanasii
1092 3297 1162 3347 sic
1188 3297 1414 3347 Ecclesia:
1434 3297 1709 3354 inuoluisse,
1734 3305 1785 3346 ut
1802 3311 1942 3349 nemo
1960 3314 2068 3351 cum
2093 3318 2149 3354 eo
2174 3297 2330 3369 igneni
2352 3312 2435 3354 aut
2455 3297 2630 3369 aqua'in
2647 3309 2729 3353 aut
2763 3309 2933 3352 tectum
2954 3314 3198 3352 commune
3229 3299 3340 3351 velit
3360 3299 3548 3351 habere.

559 3465 567 3474 ,
659 3471 666 3478 _
772 3402 1465 3478 ;Athanasio,Alexandrim
1492 3402 1750 3471 episcopo.

559 3491 687 3563 Legi
725 3493 1034 3548 sanctitatis
1066 3501 1171 3546 tum
1202 3491 1434 3555 litteras,
1467 3493 1521 3545 in
1552 3493 1748 3561 quibus
1783 3493 2040 3551 adversus

481 3583 660 3655 Libya:
693 3584 908 3647 ducem,
948 3584 1222 3639 hominem
1254 3583 1570 3648 nefandum,
1601 3584 1930 3655 ingemuisti.
1964 3586 2041 3641 Ac

480 3678 793 3736 deﬂevimus
821 3676 1038 3746 quidem
1076 3677 1307 3745 patriam
1354 3684 1621 3742 nostram,
1663 3678 1808 3747 quod
1850 3679 2039 3731 talium

479 3770 746 3824 malorum
782 3778 957 3822 mater
1008 3766 1081 3822 sit
1120 3776 1173 3823 et
1213 3768 1418 3821 nutrix.
1458 3765 1780 3822 Deﬂevimus
1825 3784 2041 3838 quoque

479 3860 703 3933 Libyam
746 3860 950 3931 regioni
989 3866 1192 3914 nostra:
1218 3859 1475 3925 vicinam,
1506 3860 1774 3914 malorum
1824 3867 2040 3914 nostro-

478 3967 600 4008 rum
630 3952 971 4022 participem,
1006 3965 1071 4005 ac
1098 3951 1342 4004 moribus
1365 3950 1554 4004 ferinis
1584 3949 1836 4003 traditam
1869 3951 2042 4004 homi-

481 4044 567 4096 nis
600 4041 891 4096 crudeliter
928 4041 1088 4096 simul
1123 4048 1177 4096 et
1208 4039 1479 4111 ﬂagitiose
1504 4041 1755 4096 viventis.
1793 4039 1905 4094 Hoc
1939 4041 2040 4111 igi-

480 4141 571 4187 tur
612 4139 751 4198 erat,
806 4131 951 4202 quod
1004 4133 1280 4203 sapienter
1331 4133 1543 4187 dixerat
1602 4131 1962 4188 Ecclesiastes
2021 4152 2037 4197 ι

553 4261 754 4333 ἶ-ᾼιίοε
779 4261 986 4333 XLVll.
1028 4264 1241 4333 Scripta
1264 4264 1411 4318 circa
1435 4281 1525 4319 an.
1557 4265 1681 4319 571.

552 4322 663 4403 (12)
699 4331 1061 4401 Ἠγησάμην.
1091 4322 1215 4388 νόει
1250 4335 1388 4388 hanc
1427 4351 1613 4389 voccm
1647 4334 1784 4395 Med.
1813 4343 1867 4390 et
1889 4334 2042 4403 Harl.

483 4400 1529 4477 adduntgutatpxzctdgqv,‘uberrimum
1560 4406 1828 4458 solatium.

556 4471 664 4540 (15)
689 4471 1223 4540 Τιμιότητοςλὶοὶδι.
1247 4476 1452 4543 primus
1474 4476 1844 4545 κοσμιότητος.
1872 4474 2041 4545 Paulo

484 4551 607 4612 post
625 4551 877 4612 quatuor
898 4545 1115 4597 codices
1144 4546 1472 4612 recentiores
1496 4545 1576 4598 διὸ
1608 4546 1699 4599 καὶ
1724 4544 1798 4598 ἐκ
1821 4544 2037 4600 πολλοῦ.

554 4610 664 4682 (14)
691 4611 993 4682 Εὔχεσθαί
1022 4629 1135 4684 σε,
1157 4610 1660 4684 Βορειίρτυηοιιιθη
1700 4615 1750 4668 in
1798 4616 2039 4684 quinque

484 4695 643 4755 mss_.,
674 4696 780 4734 non
804 4685 1064 4755 tamenin
1098 4683 1269 4755 Harl.)
1300 4683 1437 4739 Méd.
1468 4683 1706 4755 etCoisl.
1741 4683 2037 4755 primo.’At

484 4751 647 4818 paulo
694 4760 818 4820 post
868 4751 1173 4818 Medicinas,
1211 4752 1357 4807 Harl.
1405 4761 1459 4808 et
1502 4754 1621 4808 Vat.
1666 4751 1789 4808 cuin
1824 4754 2036 4809 duobus

483 4820 608 4900 aliis
633 4820 986 4900 κήδεσθαι-ὡς
1012 4825 1245 4900 οἰκείων.
1282 4824 1412 4900 Qum
1432 4825 1649 4900 quidem
1691 4824 1959 4895 scriptura
1988 4825 2035 4880 si
2060 4838 2113 4900 ι)

483 4892 771 4965 prolicitur1
796 4892 1306 4965 subintelligendum
1337 4892 1644 4965 θτίίὴμῶν.

554 4960 663 5033 (15)
699 4960 1199 5033 Τῶνηγινομένῖων.
1252 4962 1326 5019 Ita
1365 4960 1552 5017 omnes
1603 4966 1777 5021 nostri
1821 4965 2037 5021 codices

482 5044 617 5086 mss.
633 5032 1384 5103 cum‘editioneliaganoensi,
1409 5035 1502 5088 eti
1530 5033 1757 5091 Froben.
1782 5037 1913 5090 Aliae
1926 5035 2034 5089 τῶν

483 5100 897 5178 γεγραμμένων,
913 5100 1542 5178 εεγιειιηζίὶιῑεταῒυηιηυι
1572 5105 2035 5178 interpretandum

483 5174 666 5226 monet
698 5174 1076 5228 Combellsius.
1108 5174 1430 5227 Contextum
1465 5174 1821 5228 immutarunt
1867 5177 2034 5229 libra-

482 5240 574 5321 rii,
608 5258 730 5321 cum
781 5243 960 5321 minus
1008 5246 1388 5321 intelligerent,
1427 5245 1673 5312 quamvis
1723 5260 1831 5299 non
1879 5244 2035 5321 valde

484 5312 556 5366 sit
576 5312 863 5383 obscurus.
895 5313 985 5367 Ait
1009 5315 1151 5369 enim
1183 5314 1414 5368 Basilius
1440 5328 1538 5383 pro
1559 5328 1769 5367 summa
1804 5329 1903 5369 sua
1932 5315 2035 5367 hu—

482 5381 764 5446 mauilate,
799 5396 859 5437 se
904 5398 1112 5448 eorum,
1145 5399 1265 5452 qua:
1294 5381 1557 5447 hactenus
1592 5384 2034 5450 intercesserant,

485 5464 706 5523 sensum
751 5466 860 5523 non
888 5452 1207 5523 intelligere,
1240 5454 1295 5507 id
1340 5463 1444 5517 est,
1484 5468 1645 5523 quam
1694 5454 1766 5508 ob
1813 5468 2033 5508 causam

487 5518 630 5600 facta
658 5521 886 5600 fuerint,
912 5518 1093 5600 minus
1116 5523 1426 5600 perspicere
1444 5518 1588 5600 ;__r_§ed
1612 5530 2038 5600 tamenasseve-

486 5592 628 5661 tanti
660 5592 925 5644 avunculo
948 5592 1303 5647 crediturum.
1341 5592 1600 5648 Similiter
1632 5594 1688 5646 in
1731 5594 1886 5661 epist.
1910 5593 2035 5653 252,

486 5659 678 5719 Mirari
721 5669 895 5715 autem
927 5663 1085 5729 subit,
1133 5663 1329 5732 inquit,
1373 5664 1465 5715 xui
1513 5664 1609 5721 τὴν
1660 5659 1897 5720 διάνοιαν
1931 5662 2038 5719 τῶν

2271 3410 2590 3473 Ἀθανασίῳ
2616 3408 2748 3479 (19),
2784 3407 3090 3470 ἐπισκόπῳ
3120 3405 3580 3474 Ἀλεξανδρείας.

2224 3500 2505 3571 Ἐνέτυχον
2534 3502 2645 3562 τοῖς
2668 3499 2958 3571 γράμμασι
2982 3501 3078 3569 τῆς
3103 3498 3200 3567 σῆς
3221 3497 3516 3569 ὁσιότητος,
3540 3496 3605 3551 δι’
3626 3490 3704 3551 ὧν

2140 3589 2234 3643 τοῦ
2277 3592 2543 3661 ἡγεμόνος
2582 3590 2683 3659 τῆς
2727 3589 2933 3659 Λιϐύης
2960 3588 3095 3659 (20),
3127 3588 3221 3641 τοῦ
3261 3589 3576 3659 δυσωνύμου
3610 3590 3704 3642 ἀν-

2140 3680 2296 3751 δρὸς,
2334 3679 2750 3745 κατεστέναξας.
2786 3680 2897 3732 Καὶ
2938 3678 3264 3750 ὼδυράμεθα
3311 3679 3409 3749 μὲν
3442 3679 3539 3751 τὴν
3566 3681 3704 3751 ἠμε-

2139 3772 2302 3842 τέραν
2330 3772 2440 3841 (21)
2476 3770 2729 3843 πατρίδα,
2754 3772 2836 3824 ὃτι
2868 3770 3121 3824 τοιούτων
3154 3770 3339 3824 κακῶν
3376 3772 3555 3843 μήτηρ
3582 3772 3704 3825 ἐστὶ

2139 3864 2234 3915 καὶ
2289 3863 2521 3933 τροφός·
2575 3861 2899 3933 ὼδυράμεθα
2945 3862 3001 3914 δὲ
3066 3863 3160 3916 καὶ
3193 3861 3293 3933 τὴν
3342 3863 3558 3930 γείτονα
3602 3863 3702 3934 τῆς

2142 3954 2417 4024 ἡμετέρας
2449 3952 2676 4023 Λιϐύην,
2706 3953 2813 4005 τῶν
2855 3951 3140 4023 ἡμετέρων
3188 3951 3372 4005 κακῶν
3403 3953 3703 4008 ἀπολαύου-

2141 4061 2239 4098 σαν
2282 4044 2431 4112 (22),
2480 4044 2573 4096 καὶ
2617 4042 2873 4113 θηριώδει
2912 4042 3031 4113 ἦθει
3074 4042 3465 4112 παραδοθεῖσαν
3509 4044 3702 4116 ἀνδρὸς

2138 4136 2378 4206 ὠμότητί
2406 4153 2464 4189 τε
2508 4136 2642 4206 ὁμοῦ
2673 4136 2767 4189 καὶ
2803 4134 3068 4206 ἀκολασίᾳ
3104 4132 3390 4198 συζῶντος.
3426 4133 3594 4188 Τοῦτο
3631 4131 3700 4207 ἦν

2141 4267 2416 4336 εὑλογιῶν.
2443 4276 2492 4321 et
2514 4268 2795 4321 missarum
2810 4268 3136 4336 eulogiarum
3158 4268 3496 4327 sententiam;
3516 4268 3701 4334 quippe

2137 4339 2260 4427 quia
2269 4356 2319 4427 ρι
2329 4337 2500 4427 ἱΙξξρεν
2510 4340 2790 4427 ωηίρηιαέᾳ
2803 4338 3347 4427 υαίὶιίαηξμιςςςαιῖιιεςε
3363 4345 3695 4427 senectutem.

2210 4409 2320 4479 (16)
2354 4403 2534 4479 Εἴπερ
2565 4403 2709 4479 οὖν.)
2731 4407 2820 4462 Sic
2849 4424 2981 4463 mss.
3012 4407 3155 4479 Εἀὶιί
3186 4410 3233 4479 εί
3254 4403 3366 4469 οὖν,
3402 4405 3456 4479 in
3496 4407 3697 4479 quibus

2137 4475 2299 4548 etiam
2337 4475 2502 4546 paulo
2532 4485 2655 4548 post
2702 4478 2899 4547 legitur
2940 4477 3034 4531 καὶ
3070 4476 3212 4531 κατὰ
3257 4476 3493 4530 σεαυτόν.
3534 4475 3697 4532 Deest

2141 4547 2456 4615 coniunctio
2488 4547 2548 4601 in
2572 4561 2707 4602 mss.

2211 4613 2673 4687 (17)Δουλεύεέν.
2702 4615 2781 4670 lla
2800 4632 2931 4673 mss.
2959 4613 3443 4687 Editi_§ouhedcatv,
3467 4623 3696 4687 excepta

2138 4683 2270 4743 edit.
2296 4683 2472 4758 Paris.
2501 4686 2555 4740 2.
2582 4684 2749 4742 Paulo
2772 4695 2897 4758 post
2916 4687 3084 4741 codex
3111 4683 3262 4740 Harl.
3296 4683 3697 4755 ἐπιτασσόμενα

2139 4771 2249 4829 pro;
2267 4756 2601 4829 γραφόμενα.

2208 4822 2319 4897 (18)
2348 4822 2660 4897 Πρότερον.
2692 4824 2955 4897 lta‘mss.
2983 4840 3099 4897 ses.
3129 4822 3365 4897 Editifco
3410 4822 3691 4897 πρότερον.

2208 4892 2318 4966 (19)
2371 4892 2716 4966 Ἀθανασίῳ,
2761 4903 2868 4966 etc.
2891 4894 3241 4966 _Si_c_legitur
3272 4892 3594 4966 bic_tit’ulus'
3638 4892 3695 4947 in

2138 4961 2421 5021 codicibus
2465 4964 2638 5031 Harl.,
2670 4964 2832 5027 Med.,
2877 4963 3047 5017 Coisl.
3079 4961 3254 5033 primo
3287 4971 3340 5019 et
3374 4961 3507 5033 Reg.
3540 4970 3694 5017 utro-

2135 5053 2259 5107 que.
2284 5034 2435 5107 Editi
2457 5034 2535 5105 τῷ
2576 5034 2795 5107 μεγάλῳ
2836 5033 3150 5107 Ἀθανασίῳ.

2208 5107 2319 5177 (20)
2358 5104 2472 5174 Τῆς
2499 5101 3047 5177 ΛιϐύὴςηἈιλιίειιιυβ
3090 5101 3307 5177 additus
3351 5117 3420 5177 ex
3455 5101 3698 5177 quinque

2138 5170 2272 5230 mss.
2296 5170 2463 5230 Paulo
2487 5183 2613 5228 ante
2633 5170 2764 5229 editi
2789 5172 2890 5243 τῆς
2913 5172 3186 5243 ὁσιότητος
3216 5189 3329 5227 σου.
3351 5170 3525 5238 Harl.,
3551 5170 3691 5228 mea.

2137 5254 2191 5301 et
2221 5245 2386 5300 Coisl.
2422 5254 2480 5299 ut
2508 5246 2562 5298 in
2589 5253 2762 5298 textu.

2204 5315 2313 5386 (21)
2345 5314 2471 5386 Τὴν
2491 5314 2799 5386 ἡμετέραν.
2820 5312 2908 5386 ita
2936 5310 3691 5386 tres_s'etustissimicodices,

2133 5381 2308 5447 Harl.,
2343 5381 2482 5439 Med.
2515 5381 2569 5438 et
2620 5383 2787 5438 Coisl.
2820 5382 2956 5438 Tres
2999 5384 3089 5436 alii
3135 5382 3232 5451 τὴν
3275 5382 3520 5451 ἑαυτῶν,
3559 5381 3691 5451 editi

2132 5457 2230 5525 τὴν
2261 5453 2473 5509 ἑαυτοῦ.
2509 5454 2695 5525 Paulo,
2726 5462 2845 5525 post
2885 5452 3051 5525 editio
3079 5449 3279 5525 _Basil.__
3298 5462 3352 5506 et
3384 5450 3559 5506 Pari's.
3594 5449 3693 5519 τῆς

2132 5520 2424 5595 ἡμετέρας,
2465 5533 2518 5580 et
2545 5520 2973 5595 τῶνλύμετέρων.
3016 5523 3192 5578 Editio
3239 5520 3444 5591 Hagan.
3472 5533 3527 5577 et
3554 5534 3690 5573 mss.

2135 5592 2318 5650 nostri
2340 5610 2530 5649 omnes
2562 5603 2622 5647 ut
2659 5592 2725 5647 in
2748 5592 2919 5647 textu.

2207 5665 2314 5728 (22)
2360 5665 2821 5719 Ἀπαιαύουσαν.
2848 5659 3016 5718 Coisl.
3051 5662 3259 5724 primus
3290 5660 3688 5717 ἀπολαύσασαν.
