3988 6194
233 381 344 437 41⁵1

1161 350 1654 429 Ειιιετοιιιιυιι
1690 350 1976 425 CLASSIS
2029 367 2097 425 ιι.
2137 365 2356 424 msr.
2395 365 2557 422 an.

3380 369 3486 429 ιιε

233 494 344 561 ἄρα
375 487 470 543 τοῦ
507 486 932 560 Ἑκκλησιαστοῦ
976 487 1036 540 τὸ
1066 487 1257 555 σοφόν·
1291 486 1438 540 Οὐαί
1465 500 1584 550 σοι,
1617 484 1814 561 πόλις,

1931 483 2021 539 Va:
2063 485 2178 548 tibi,
2224 485 2429 548 civitas,
2474 482 2626 552 cuius
2676 498 2770 537 rea:
2805 483 2991 554 junior
3010 481 3144 561 est"
3173 481 3274 555 (est
3302 492 3503 541 autem.»

355 584 391 637 ό
429 559 733 646 ,Βασιλεύς
780 593 896 633 σου
945 576 1233 646 νεώτερος
1273 574 1545 645 (ἐνταῦθα
1592 559 1663 628 δέ’
1691 574 1807 628 ὲοτί

234 691 290 728 τι
321 672 435 745 (25)
469 672 564 725 καὶ
592 667 1035 742 χαλεπώτερον),
1069 668 1163 722 καὶ
1196 667 1245 719 οἱ
1286 665 1548 738 ἄρχοντές
1578 682 1677 720 σου
1707 663 1808 717 οὐκ

236 764 343 820 ἀπὸ
374 763 568 825 νυκτὸς
615 760 921 827 ἐσθίουσιν,
967 757 1105 812 άλλά
1154 756 1428 829 μεσούσης
1459 756 1560 826 τῆς
1595 755 1810 827 ἡμέρας

234 851 714 913 ἀκολασταίνωσι,
749 847 1115 919 βοσκημάτων
1144 846 1482 917 ἀλογώτερον
1511 845 1811 916 ἀλλοτρίοις

234 945 439 1015 γάμοις
473 938 918 1013 ὲπιμαινὸμενοιι
959 940 1193 993 Ἐκεῖνον
1220 937 1317 1009 μὲν
1343 934 1434 992 οὖν
1461 938 1518 991 αἱ
1554 938 1811 1008 μάστιγες

239 1039 464 1110 μένουσι
495 1034 645 1106 παρά
673 1034 769 1088 τοῦ
795 1033 1006 1088 δικαίου
1038 1032 1245 1105 κριτοῦ,
1268 1031 1347 1103 τῷ
1376 1033 1475 1103 ἴσῳ
1504 1029 1687 1102 μέτρῳ
1719 1032 1812 1083 άν-

233 1128 798 1204 τιμετρηθησόμεναι,
837 1125 904 1190 ἃς
931 1125 1094 1188 αὐτὸς
1121 1123 1406 1196 προλαϐὼν
1439 1122 1674 1194 ἐπέθηκε
1700 1124 1812 1185 τοῖς

234 1224 418 1292 ἁγίοις
452 1220 640 1276 αὑτοῦ.
678 1217 1012 1289 Ἐγνωρίσθη
1030 1216 1087 1270 δὲ
1112 1217 1206 1270 καὶ
1231 1218 1298 1287 τῇ
1338 1213 1629 1285 Ἐκκλησία
1655 1211 1813 1284 ἡμῶν

234 1314 302 1366 ἐκ
333 1312 446 1365 τῶν
496 1310 841 1382 γραμμάτων
878 1309 978 1380 τῆς
1019 1308 1117 1378 σῆς
1167 1305 1494 1371 θεοσεϐείας,
1545 1306 1638 1359 καὶ
1674 1306 1812 1359 ἀπο-

231 1404 501 1477 τρόπαιον
542 1401 704 1456 αὐτὸν
746 1400 947 1461 πάντες
987 1399 1320 1470 ἡγήσονται,
1359 1397 1434 1467 μὴ
1464 1396 1634 1468 πυρὸς
1675 1393 1809 1465 (24),

238 1491 316 1563 μὴ
349 1490 568 1555 ὓδατος,
607 1490 681 1560 μὴ
709 1489 919 1558 σκέπης
950 1485 1097 1557 αύτῷ
1130 1485 1539 1549 κοινωνοῦντες,
1575 1485 1733 1555 εἴπερ
1760 1500 1814 1537 τι

234 1582 434 1652 ὄφελος
466 1584 579 1645 τοῖς
612 1579 755 1633 οὕτω
789 1577 1220 1649 κεκρατημένοις
1261 1578 1445 1648 κοινῆς
1480 1576 1573 1630 καὶ
1608 1575 1815 1647 ὁμοψή-

236 1690 341 1744 φου
395 1666 810 1739 καταγνώσεως.
867 1668 1134 1741 Ἀρκοῦσα
1177 1669 1233 1722 δὲ
1274 1666 1422 1738 αύτῷ
1469 1666 1670 1739 στήλη,
1720 1666 1814 1719 καὶ

236 1762 382 1818 αύτά
408 1762 479 1816 τά
509 1763 814 1834 γράμματα
854 1759 1332 1829 ἀναγινωσκόμενα
1355 1756 1468 1828 (25)
1513 1754 1809 1827 πανταχοῦ.

239 1856 319 1909 Οὐ
372 1854 482 1927 γὰρ
513 1853 856 1923 διαλείψομεν
913 1852 1079 1904 πᾶσιν
1110 1847 1275 1902 αὑτοῦ
1308 1850 1404 1903 καὶ
1449 1848 1669 1911 οἰκείοις
1719 1846 1813 1900 καὶ

240 1946 420 2017 φίλοις
450 1945 546 1999 καὶ
581 1943 751 2010 ξένοις
776 1940 1195 2005 ἐπιδεικνύντες.
1230 1939 1458 2002 Πάντως
1489 1939 1566 2002 δὲ,
1597 1935 1697 1991 κᾶν
1733 1938 1808 2009 μὴ

238 2036 488 2108 ἅψωνται
513 2034 679 2088 αὐτοῦ
728 2031 1069 2105 παραχρῆμα
1095 2031 1166 2084 τὰ
1204 2030 1474 2100 ἐπιτίμια,
1501 2028 1688 2099 ὥσπερ
1716 2024 1811 2080 τοῦ

237 2127 461 2200 1Ιαριιιῖυ,
513 2126 628 2182 ἀλλ’
657 2127 738 2188 είς
787 2118 1010 2193 ὕστερόν
1058 2139 1189 2176 ποτε
1251 2120 1472 2194 βαρεῖαν
1517 2119 1667 2191 αύτῷ
1716 2119 1814 2174 καὶ

236 2219 496 2293 ἀλγεινὴν
526 2218 625 2291 τὴν
654 2218 904 2272 ἀνάδοσιν
930 2216 1043 2290 (26)
1077 2215 1241 2269 οἴσει.

765 2331 1110 2384 ΕΠΙΣΤΟΛΗ
1146 2328 1263 2384 EB’.

1913 575 2003 630 hic
2041 575 2297 646 quiddam
2340 576 2504 630 etiam
2549 574 2883 646 molestius),
2918 583 2973 630 et
3009 573 3170 646 cujus
3210 575 3487 646 principes

1916 682 2027 722 non
2068 681 2099 720 a
2134 674 2296 721 nocte
2328 665 2645 730 comedunt,
2689 667 2783 722 sed
2818 668 2872 721 in
2910 667 3031 738 ipso
3068 667 3294 723 meridie
3324 668 3487 724 lasci-

1915 755 2094 817 viunt,
2129 755 2422 825 pecoribus
2453 757 2588 826 ipsis
2619 755 2896 815 efferatius
2926 758 2982 813 in
3028 758 3235 814 alienas
3265 759 3488 830 nuptias

1914 846 2182 901 furentes.
2241 845 2396 900 Illum
2457 847 2677 917 quidem
2733 848 2943 919 ﬂagella
2998 857 3221 905 manent
3272 866 3302 905 a
3337 850 3488 921 justo

1912 936 2121 998 Judice,
2154 938 2347 1008 aequali
2375 952 2629 993 mensura
2656 938 2759 1009 ipsi
2785 939 3148 1010 rependenda,
3187 956 3307 1012 quae
3334 943 3485 1012 prior

1913 1030 2032 1099 ipse
2058 1029 2205 1084 illius
2235 1029 2444 1083 sanctis
2473 1028 2687 1082 inﬂixit.
2733 1029 2969 1086 lnnotuit
3012 1040 3193 1086 autem
3222 1038 3275 1087 et
3302 1031 3488 1087 Eccle-

1914 1122 2008 1176 sia:
2038 1130 2239 1176 nostra:
2264 1136 2330 1175 ex
2360 1121 2554 1176 litteris
2576 1122 2790 1191 pietatis
2822 1123 2979 1195 156
3022 1130 3149 1190 tuae,
3192 1130 3246 1179 et
3276 1124 3488 1180 abomi-

1913 1213 2160 1268 nandum
2212 1214 2389 1284 ipsum
2440 1213 2835 1269 existimabunt
2881 1230 3093 1279 omnes,
3143 1218 3224 1271 sic
3267 1224 3327 1270 ut
3372 1229 3488 1269 non

1916 1306 2120 1375 ignem,
2148 1321 2256 1360 non
2281 1321 2500 1376 aquam,
2528 1322 2640 1361 non
2668 1315 2869 1361 tectum
2896 1322 3018 1360 cum
3050 1309 3165 1377 ipso
3188 1322 3487 1363 commune

1913 1396 2174 1463 habeant,
2205 1398 2252 1453 si
2290 1397 2422 1469 quid
2449 1398 2624 1469 prosit
2666 1398 2981 1453 hominibus
3012 1399 3085 1452 ita
3116 1399 3282 1452 animi
3313 1398 3489 1467 impo-

1915 1489 2159 1545 tentibus
2206 1488 2514 1544 communis
2561 1496 2725 1557 atque
2760 1487 3037 1542 unanimis
3078 1486 3480 1541 condemnatio.

1917 1577 2066 1636 Satis
2130 1589 2308 1655 autem
2357 1594 2549 1648 magna
2615 1578 2695 1633 illi
2742 1577 2979 1632 infamia:
3008 1586 3158 1643 nota,
3212 1577 3298 1632 vel
3353 1575 3486 1647 ipsae

1917 1673 2130 1738 litterae,
2162 1670 2293 1725 dum
2339 1671 2540 1741 ubique
2577 1670 2852 1741 leguntur.
2878 1667 2998 1723 Non
3036 1669 3182 1723 enim
3215 1667 3486 1722 intermit-

1915 1772 2095 1817 temus
2125 1776 2218 1817 eas
2257 1762 2516 1816 omnibus
2546 1760 2665 1831 ejus
2703 1769 2757 1815 et
2782 1758 3108 1830 propinquis
3135 1765 3189 1813 et
3215 1757 3404 1812 amicis
3430 1763 3488 1810 et

1845 1829 1888 1884 Β
1916 1853 2227 1923 hospitibus
2258 1829 2585 1907 ostendere.
2612 1829 2847 1905 Omnino
2875 1829 3080 1915 autem,
3113 1848 3329 1904 etiamsi
3372 1864 3485 1903 non

1917 1959 2043 2001 eum
2086 1944 2340 2015 protinus
2381 1950 2607 2014 tangant
2648 1940 2866 1996 inﬂicta:
2897 1954 3093 2012 poenae,
3134 1939 3483 2011 quemadmo‘

1917 2036 2044 2090 dum
2072 2034 2411 2089 Pharaonem
2444 2052 2460 2102 ;
2491 2043 2638 2090 certe
2668 2034 2964 2105 aliquando
2997 2048 3215 2103 gravem
3244 2041 3301 2088 et
3327 2047 3480 2089 acer-

1916 2128 2044 2183 bam
2078 2126 2130 2182 ei
2162 2126 2659 2182 remunerationem
2689 2125 2744 2180 in
2767 2131 3049 2195 posterum
3077 2123 3274 2182 ferent.

2410 2319 2747 2377 EPISTOLA
2784 2320 2968 2379 πων.

234 2428 600 2480 Pamassenam
632 2423 915 2487 Ecdesiam,
937 2424 1078 2491 cujus
1098 2422 1350 2491 episcopus
1376 2420 1576 2482 obierat,
1600 2434 1664 2474 ea:
1683 2419 2032 2491 antiquamore
2045 2418 2327 2491 consolatur
2352 2417 2595 2491 Basilius;
2634 2417 2838 2484 dentque
2858 2431 3056 2484 operam
3092 2418 3329 2480 hortatur,
3366 2425 3417 2469 ut
3454 2424 3489 2470 α

1178 2481 1279 2536 Deo
1300 2490 1542 2548 pastorem
1564 2481 1829 2535 secundum
1853 2483 1957 2547 ejus
1979 2481 2267 2533 voluntatem
2288 2481 2554 2545 impetrent.

383 2574 467 2643 Τῇ
500 2575 828 2642 Ἐκκλησία
857 2572 1218 2643 Παρνασσοῦ
1238 2571 1707 2642 παραμυθητική.

307 2668 418 2720 Καὶ
459 2666 570 2720 ἔθει
616 2665 872 2738 ἑπόμενοι
914 2665 1128 2736 παλαιῷ
1182 2666 1245 2718 ὲκ
1287 2665 1503 2736 μακρᾶς
1544 2664 1643 2734 τῆς
1686 2664 1815 2716 ἀκο-

236 2758 456 2822 λουθίας
494 2757 879 2831 κεκρατηκότι,
922 2757 1013 2810 καὶ
1051 2756 1142 2810 τὸν
1182 2755 1395 2826 καρπὸν
1427 2752 1520 2806 τοῦ
1559 2754 1818 2826 Πνεύμα-

236 2867 350 2913 τος,
378 2849 479 2921 τὴν
506 2849 647 2903 κατὰ
674 2849 806 2903 Θεὸν
834 2847 1072 2918 ἀγάπην,
1100 2847 1228 2917 ὑμῖν
1251 2844 1700 2916 ἐπιδεικνύμενοι,
1724 2844 1815 2899 διὰ

236 2940 331 2995 τοῦ
358 2940 682 3013 γράμματος
715 2941 815 3010 τὴν
848 2939 1130 2993 εὐλάϐειαν
1159 2938 1313 3008 ὑμῶν
1342 2936 1809 3008 ὲπισκεπτόμεθα,

238 3028 620 3094 κοινωνοῦντες
665 3029 791 3100 ὑμῖν
831 3028 930 3099 τῆς
973 3045 1033 3081 τε
1068 3028 1161 3081 ἐπὶ
1200 3027 1276 3097 τῷ
1315 3026 1582 3098 συμϐάντι
1613 3025 1810 3097 λύπης,

2198 2569 2448 2623 Ecclesia:
2491 2566 2751 2621 Parnassi
2790 2568 3165 2622 consolatoria.

1981 2663 2048 2718 Et
2070 2676 2275 2716 morem
2310 2666 2603 2730 sequentes
2642 2660 2926 2729 antiquum
2960 2676 3023 2715 ex
3063 2660 3221 2731 longa
3274 2667 3487 2730 tempo-

1911 2771 2035 2812 rum
2087 2755 2229 2810 scrie
2294 2753 2588 2825 vigentem,
2643 2759 2697 2807 et
2752 2752 2991 2806 fructum
3046 2751 3304 2822 Spiritus,
3353 2754 3490 2809 dilea

1912 2850 2145 2905 ctionem
2205 2844 2504 2900 secundum
2561 2843 2752 2909 Deum,
2806 2844 2964 2899 vobis
3003 2844 3343 2908 exhibentes,
3395 2862 3490 2917 per

1919 2941 2128 2995 litteras
2182 2937 2436 3008 pietatem
2488 2944 2724 2991 vestram
2760 2935 3070 3000 invisimus,
3134 2950 3197 2989 ac
3244 2935 3490 2990 dolorem

1918 3026 2198 3083 vobiscum
2223 3025 2278 3079 in
2309 3025 2410 3079 hoc
2438 3033 2658 3088 eventu,
2689 3030 2743 3079 et
2773 3040 2954 3079 rerum
2988 3040 3108 3094 quae
3134 3024 3187 3078 in
3233 3027 3490 3082 manibus

237 3118 335 3173 καὶ
359 3119 458 3189 τῆς
485 3117 763 3190 φροντίδος
783 3116 892 3170 τῶν
918 3121 977 3171 ὲν
1004 3117 1211 3188 χερσίν.
1255 3116 1424 3186 ’Υπὲρ
1462 3116 1560 3187 μὲν
1591 3111 1684 3170 οὖν
1708 3116 1814 3169 τῶν

1921 3126 2049 3172 sunt
2076 3115 2495 3173 sollicitudinem
2547 3116 2830 3186 partimur.
2870 3114 2947 3169 Ac
2994 3115 3062 3170 de
3104 3115 3347 3172 molestis
3371 3119 3493 3187 qui-

237 3207 498 3280 λυπηρῶν
510 3207 760 3261 τοσοῦτον
782 3207 1033 3278 λέγομεν,
1055 3208 1135 3260 ὅτι
1157 3207 1348 3278 καιρὸς
1368 3208 1496 3277 ἡμῖν
1513 3206 1817 3277 ἀποϐλέψαι

241 3299 380 3372 πρὸς
402 3298 470 3351 τά
497 3295 592 3351 τοῦ
628 3298 946 3351 Ἀποστόλου
991 3298 1443 3369 παραγγέλματα,
1480 3296 1574 3350 καὶ
1606 3297 1680 3369 μὴ
1725 3297 1820 3350 λυ-

242 3391 464 3446 πεῖσθαι
502 3390 600 3456 Ὦς
623 3388 723 3443 καὶ
761 3392 816 3444 οἱ
842 3388 1076 3453 λοιποὶ,
1111 3390 1164 3442 οἱ
1191 3385 1278 3459 μὴ
1305 3387 1548 3458 ἔχοντες
1570 3387 1815 3443 ἐλπίδα·

237 3481 300 3535 δύ
335 3481 444 3552 μὴν
476 3480 584 3532 οὐδ’
613 3478 838 3543 ἀπαθῶς
862 3477 1004 3549 ἔχειν
1039 3478 1175 3549 πρὸς
1199 3478 1261 3530 τὸ
1286 3477 1519 3548 συμϐὰν,
1554 3477 1690 3533 ἀλλά
1720 3480 1821 3550 τῆς

243 3573 344 3643 μὲν
374 3569 579 3643 ζημίας
605 3569 974 3636 αίσθάνεσθαι,
1005 3568 1110 3622 ὑπὸ
1130 3568 1185 3621 δὲ
1217 3568 1315 3640 τῆς
1342 3568 1518 3639 λύπης
1548 3568 1622 3640 μὴ
1649 3587 1820 3623 κατα-

238 3663 482 3728 πίπτειν,
516 3660 607 3714 τὺν
639 3661 738 3732 μὲν
776 3661 1008 3732 ποιμένα
1034 3660 1129 3714 τοῦ
1168 3660 1355 3724 τέλους
1396 3662 1818 3733 μακαρίζοντας,

236 3749 313 3814 ὡς
340 3753 399 3804 ὲν
435 3751 584 3823 γήρᾳ
623 3750 738 3822 (27)
767 3749 911 3803 πίονι
956 3749 1055 3820 τὴν
1096 3748 1241 3818 ζωὴν
1291 3748 1694 3815 καταλύσαντα,
1726 3752 1821 3804 καὶ

236 3843 363 3903 ταῖς
390 3841 678 3912 μεγίσταις
710 3840 860 3913 παρά
890 3839 985 3892 τοῦ
1008 3839 1214 3910 Κυρίου
1238 3843 1424 3911 τιμαῖς
1446 3841 1822 3895 ὲναναπαυσά-

242 3948 426 4003 μενον.
455 3932 593 4004 Περὶ
624 3932 682 3987 δὲ
706 3931 814 3985 τῶν
840 3930 1042 3985 λοιπῶν
1071 3931 1254 3984 ἐκεῖνα
1283 3933 1565 4001 παραινεῖν
1604 3930 1818 4003 ἔχομεν,

238 4024 323 4077 ὅτι
355 4025 643 4095 προσήκει,
679 4025 859 4078 πᾶσαν
902 4021 1271 4094 ἀποθεμένους
1318 4023 1643 4093 κατήφειαν,
1696 4017 1823 4078 ἑαυ-

238 4116 353 4169 τῶν
376 4114 649 4183 γενέσθαι,
674 4116 770 4169 καὶ
803 4116 938 4185 πρὸς
973 4114 1071 4184 τὴν
1111 4112 1413 4181 ἀναγκαίαν
1448 4114 1701 4185 πρόνοιαν
1722 4115 1821 4186 τῆς

254 4205 586 4276 Ἐκκλησίας
608 4205 992 4275 διαναστῆναι·
1033 4204 1180 4267 ὅπως
1209 4201 1274 4256 ἂν
1302 4202 1330 4254 ὁ
1358 4200 1513 4271 ἅγιος
1542 4203 1675 4268 Θεὸς
1700 4205 1822 4257 ἐπι-

245 4295 505 4368 μεληθείη
553 4296 665 4369 (28)
696 4295 791 4350 τοῦ
842 4296 974 4349 ίδίου
1024 4294 1311 4365 ποιμνίου,
1354 4294 1449 4347 καὶ
1492 4295 1822 4368 παράσχοιτο

241 4388 371 4459 ὑμῖν
415 4388 648 4461 ποιμένα
686 4387 827 4443 κατὰ
865 4386 928 4441 τὸ
969 4386 1134 4440 αὐτοῦ
1176 4385 1419 4456 θέλημα,
1461 4388 1818 4458 ποιμαίνοντα

241 4477 390 4551 sua;
418 4480 536 4551 μετ’
566 4480 897 4551 ἐπιστήμης.

314 4591 340 4624 ⁸
367 4592 547 4648 Eccle.
577 4607 635 4658 χ,
667 4591 755 4646 16.
830 4589 891 4643 ει
914 4586 1106 4646 Thess.
1137 4604 1212 4654 ιν,
1244 4587 1334 4644 12.

318 4704 432 4777 (25)
477 4705 648 4777 Ἐστι
684 4720 759 4777 τις
796 4701 1000 4758 Vocula
1053 4701 1236 4757 addita
1283 4716 1352 4757 ex
1383 4709 1624 4772 quatuor
1677 4718 1811 4760 mss.

242 4774 425 4842 iisque
458 4774 866 4828 vetustioribus.

317 4841 431 4917 (24)
465 4844 559 4917 Μὴ
587 4846 793 4912 πυρός.
825 4842 1020 4917 Liquet
1049 4841 1192 4895 hunc
1211 4841 1404 4917 ducet!)
1439 4854 1548 4895 non
1583 4842 1759 4917 s_olu_m
1784 4858 1819 4898 a

241 4909 632 4970 communione
655 4909 708 4968 et
729 4909 980 4981 precibus
1007 4919 1272 4981 remotum
1298 4909 1616 4981 fuisse,_scd
1647 4913 1814 4967 etiam

244 4986 319 5038 ab
347 4984 590 5038 Ecclesia
612 4978 859 5053 prorsus
887 4983 1139 5051 ejectum.
1170 4979 1343 5053 Porro
1392 4980 1447 5034 in
1491 4978 1680 5053 Libya,
1722 4982 1815 5035 ubi

245 5068 373 5109 cum
432 5050 655 5122 imperiti
704 5054 866 5122 etiam
911 5050 1418 5122 excommunicatus
1472 5052 1812 5116 versabatur,

248 5138 411 5178 nemo
441 5121 652 5192 poterat
681 5138 803 5177 eum
847 5121 903 5175 in
941 5121 1055 5192 his,
1081 5135 1202 5190 qua:
1247 5121 1314 5192 ad
1370 5134 1485 5192 rem
1539 5122 1814 5190 publicam

248 5189 546 5263 pertinent,
591 5192 795 5262 fugere,
843 5205 946 5245 nec
971 5190 1184 5263 videtur
1229 5189 1558 5244 Athanasius
1600 5191 1814 5246 edicere

246 5261 516 5331 potuisse,
557 5270 618 5315 ut
662 5261 820 5317 nemo
851 5275 976 5315 cum
1018 5274 1085 5331 eo
1123 5261 1303 5331 ignem
1330 5267 1442 5331 aut
1489 5274 1682 5329 aquam
1708 5267 1815 5331 aut

247 5328 455 5387 tectum
477 5345 767 5387 commune
798 5331 1039 5385 haberet.
1056 5329 1123 5382 At
1153 5328 1225 5395 is,
1255 5330 1301 5384 si
1326 5330 1379 5382 in
1411 5328 1814 5398 Cappadociam

246 5403 515 5472 privatus
540 5400 812 5472 rediisset,
843 5400 1035 5472 merito
1067 5398 1328 5472 subiisset
1373 5398 1816 5472 hAasAignominite

248 5466 429 5525 notas.
462 5470 638 5525 Simili
668 5469 830 5525 modo
862 5468 1099 5525 Basilius
1128 5470 1182 5523 in
1210 5471 1368 5538 epist.
1393 5466 1498 5523 288
1530 5466 1814 5524 hominem

247 5539 307 5595 i'n
337 5541 487 5596 vitiis
525 5541 858 5611 pertinacem
912 5547 1368 5611 excommunicat,
1414 5552 1478 5592 ac
1519 5539 1813 5611 jubettoti

247 5624 386 5682 pago
406 5608 716 5682 denuntiari
739 5625 857 5664 eum
872 5608 1258 5682 admittendum
1284 5624 1387 5661 non
1412 5624 1524 5662 esse
1548 5609 1617 5662 ad
1644 5609 1814 5662 ultam

248 5679 429 5735 rerum
459 5681 530 5736 ad
560 5680 722 5735 vitam
748 5679 1118 5749 pertinentium
1138 5680 1462 5749 societatem.

219 5804 227 5823 ,
318 5749 433 5819 (25)
474 5746 1039 5819 ’Arartraiaxdusra.
1076 5747 1255 5804 Editio
1298 5746 1473 5804 Paris.
1526 5746 1674 5803 addit
1722 5762 1810 5803 ar-

1921 3214 2043 3270 deut
2064 3214 2226 3269 rebus
2280 3212 2412 3268 hoc
2443 3220 2651 3265 tantum
2711 3210 2965 3275 dicimus,
3009 3219 3223 3281 tempus
3270 3226 3392 3265 esse
3434 3219 3494 3264 ut

1920 3306 2278 3376 respiciamus
2314 3304 2379 3358 ad
2410 3311 2679 3373 praecepta
2724 3303 2990 3374 Apostoli,
3034 3319 3134 3357 nec
3162 3317 3491 3357 maneamus

1926 3396 1994 3451 Ut
2034 3406 2082 3451 et
2124 3395 2320 3459 cwteri,
2355 3394 2443 3465 qui
2493 3410 2635 3463 spem
2676 3409 2779 3447 non
2833 3392 3100 3458 habent";
3151 3409 3250 3448 nec
3312 3402 3497 3449 tamen

1921 3488 2066 3543 hunc
2110 3503 2296 3544 casum
2324 3486 2461 3540 citra
2496 3487 2666 3540 ullum
2719 3485 2925 3539 doloris
2956 3500 3179 3539 sensum
3228 3484 3490 3551 feramus,

1921 3580 2013 3637 sed
2046 3580 2307 3636 damnum
2336 3577 2557 3649 quidem
2589 3576 2927 3633 sentiamus:
2953 3584 3008 3629 at
3042 3576 3217 3631 dolori
3265 3576 3495 3632 minimc

1922 3672 2363 3734 succumbamus,
2423 3680 2702 3741 pastorem
2755 3668 2825 3723 ob
2860 3669 3005 3723 illius
3032 3669 3241 3723 obitum
3272 3668 3493 3723 beatum

1919 3763 2312 3825 existimantes,
2355 3772 2413 3815 ut
2446 3761 2538 3830 qui
2574 3760 2628 3813 in
2650 3767 2928 3815 senectute
2949 3759 3132 3828 pingui
3170 3759 3488 3823 decesserit,

1921 3854 2066 3910 etin
2132 3853 2384 3907 maximis
2439 3866 2469 3904 a
2520 3850 2751 3905 Domino
2790 3849 3093 3904 honoribus
3138 3849 3492 3919 requieverit.

1920 3943 1997 3999 De
2028 3943 2237 3999 caeteris
2266 3949 2445 3996 autem
2494 3941 2679 4005 rebus,
2709 3940 2824 3995 haec
2861 3939 3122 3995 habemus
3143 3955 3263 4010 qua:
3294 3939 3493 3995 adhor-

1922 4043 2117 4101 temur,
2143 4049 2376 4091 maerore
2402 4034 2550 4089 omni
2582 4033 2850 4103 deposito,
2887 4032 2956 4087 ad
2988 4048 3110 4088 sese
3151 4030 3491 4087 redeundum

1920 4142 2060 4194 esse,
2087 4137 2139 4183 et
2169 4125 2235 4181 ad
2268 4124 2637 4181 necessariam
2678 4124 2941 4180 Ecclesiae
2974 4139 3161 4179 curam
3198 4139 3492 4195 assurgen-

1920 4220 2071 4285 dum,
2134 4227 2195 4275 ut
2243 4218 2387 4275 Deus
2442 4226 2668 4274 sanctus
2703 4233 2865 4272 suum
2911 4218 3053 4272 ovile
3094 4224 3272 4281 curet,
3307 4217 3491 4274 vobis-

1920 4327 2027 4383 que
2055 4309 2220 4367 donet
2270 4317 2549 4381 pastorem
2586 4309 2887 4364 secundum
2936 4325 3093 4367 suam
3129 4310 3489 4379 voluntatem,

1851 4450 1897 4506 Β
1920 4403 2015 4474 qui
2033 4418 2131 4458 vos
2151 4418 2279 4457 cum
2306 4399 2534 4457 scicntia
2568 4407 2779 4471 pascat.

1918 4706 2171 4779 ticulum,
2198 4706 2449 4779 etpaulo
2474 4712 2599 4779 post
2632 4705 2793 4779 habet
2832 4705 3103 4779 Ot’gﬁéjdt‘p
3133 4712 3187 4762 et
3214 4707 3281 4762 τὰ
3306 4724 3485 4779 παρα-ί

1916 4777 2106 4848 χρῆμα
2135 4775 2384 4848 ἐπιτίμια
2412 4775 2718 4848 οῐίβαρείαν
2739 4776 2926 4831 αὑτοῦ.
2959 4775 3185 4832 Codices
3213 4775 3396 4830 nostri
3424 4786 3482 4831 ut

1916 4845 1970 4901 in
2011 4845 2181 4901 textu.
2227 4845 2436 4910 Quibus
2473 4845 2595 4901 cum
2634 4846 2796 4901 etiam
2833 4849 3184 4901 consentiunt
3214 4848 3489 4902 editiones

1915 4914 2125 4987 Hagan.
2151 4925 2205 4972 et
2231 4916 2621 4987 Froben.,ﬂuisi
2650 4915 2792 4987 quod
2825 4914 3027 4971 habent
3058 4917 3189 4970 οὐδὲ
3217 4918 3390 4987 γάρρι
3416 4917 3489 4970 τὰ

1917 4985 2167 5057 ἐπιτίμια
2198 4988 2387 5058 ὥσπερ
2422 4985 2750 5058 τοῦῌφαραῲ
2774 4987 3132 5058 παραχρῆμα.

1987 5055 2481 5129 (26))Ανάδοσιν.
2520 5055 2666 5129 Editi
2714 5055 3164 5129 ἀντίδοσ“ιν,ἰμιιε
3205 5056 3485 5129 scriptura

1915 5127 2020 5181 etsi
2050 5126 2225 5196 prima
2274 5127 2455 5195 specie
2485 5142 2596 5180 non
2647 5126 2993 5196 incommoda
3035 5127 3269 5192 videtur,
3308 5128 3483 5195 magis

1914 5194 2100 5251 tamen
2130 5194 2334 5251 arridet
2363 5213 2427 5251 ea
2470 5212 2633 5266 quam
2680 5194 2738 5249 in
2776 5203 3036 5249 contextu
3082 5195 3385 5266 posuimus,
3408 5194 3484 5251 ac

1951 5276 2171 5322 raeterea
2206 5282 2300 5322 sex
2327 5283 2460 5320 mss.
2486 5262 2749 5322 "codicum
2780 5272 2833 5319 et
2856 5262 3159 5319 editionum
3188 5262 3396 5335 Hagan.
3427 5271 3484 5321 et

1960 5338 2270 5391 roheniana}
2299 5338 2488 5405 primae
2517 5338 2839 5389 auctoritate
2854 5335 3071 5405 nititur.

1962 5406 2096 5495 '(27)
2143 5407 2244 5460 Ἐν
2265 5402 2434 5476 γήρᾳ.
2468 5403 2560 5460 Sic
2586 5405 2753 5460 Cois].
2782 5404 2991 5474 primus
3016 5414 3071 5459 et
3094 5402 3234 5463 Med.
3258 5404 3401 5460 Editi
3423 5405 3486 5459 ev

2139 5544 2578 5616 Ἐπιμεληᾷείη.
2614 5542 2705 5598 Sic
2729 5543 2889 5616 iidem
2922 5542 3063 5600 Med.
3086 5551 3142 5600 et
3162 5544 3332 5603 Coisl.
3355 5557 3489 5601 cum

1913 5612 2039 5674 aliis
2070 5612 2372 5684 nonnullis.
2397 5612 2569 5684 _I_S_ditii
2589 5613 2917 5684 ἐπιμεληθῇ.

1983 5692 2002 5711 '
2028 5687 2179 5742 Alias
2206 5681 2509 5741 CLXXXV.
2546 5681 2758 5755 Scripta
2787 5681 2934 5740 circa
2975 5699 3067 5741 an.
3109 5684 3239 5742 571.
