3988 6194
519 323 622 382 ιω
806 340 810 345 ’
1848 337 1908 383 δ.
1946 339 2100 383 βΛδι

2183 341 2190 381 l
2229 338 2444 383 ΜΑιιΜ

3633 343 3754 400 5420

1046 465 1378 522 EPISTOLA
1416 465 1617 523 LXIII'.

2343 521 2351 530 ,
2772 472 3115 532 ΕΠΙΣΤΟΛΗ
3149 479 3267 535 ΞΡ.

522 580 734 635 Basilius
763 577 1113 647 perhonoriﬁce
1133 582 1309 633 salutat
1333 579 1653 657 principalem
1674 582 2189 657 ζῇςοεανδᾳνεωηφιειη
2210 597 2272 635 ea:
2294 584 2425 646 fama
2449 590 2630 655 tantum
2665 591 2712 657 et
2743 599 2810 657 ea;
2818 588 3076 657 colloquiis
3114 589 3298 656 Etpidii
3318 591 3586 646 communis
3605 596 3754 650 anniti

1366 650 1591 704 noverat;
1614 645 1820 707 petitque
1841 645 1903 694 ab
1922 658 1979 696 eo
1996 651 2048 695 ut
2063 645 2119 698 σε
2140 645 2342 698 numero
2362 646 2628 698 amicorum
2645 648 2906 699 adscribet.

2110 761 2160 817 Α

941 749 1237 817 Ρνὶησὶραίὶ
1282 748 1665 807 Neocwsarece.

2512 756 2777 826 Ἡγεμόνι
2812 759 2924 830 (29)
2957 762 3415 831 Νεοκαισαρείας

590 866 779 921 Virum
807 866 1130 935 sapientem,
1155 866 1373 920 etiamsi
1420 866 1577 936 longe
1607 873 1872 920 terrarum
1903 867 2081 939 degat,

517 955 733 1011 etiamsi
771 969 1048 1024 nunquam
1097 954 1272 1009 oculis
1298 953 1547 1018 viderim,
1575 956 1807 1009 amicum
1853 956 2081 1026 judico;

521 1047 797 1102 sententia
840 1045 1029 1116 tragici
1092 1044 1368 1115 Euripidis
1420 1054 1525 1101 est.
1591 1045 1932 1117 QuaprOpter
1981 1050 2084 1103 etsi

519 1142 680 1196 nobis
706 1156 774 1195 ex
801 1154 1122 1210 congressu,
1148 1141 1240 1209 qui
1266 1155 1450 1195 coram
1482 1141 1574 1208 sit,
1595 1142 1832 1196 nondum
1865 1158 2085 1214 magna-

518 1232 825 1286 nimitatem
881 1239 1031 1285 tuam
1097 1246 1430 1300 cognoscere
1483 1233 1732 1303 conligit,
1774 1248 1862 1288 me
1902 1241 2083 1289 tamen

517 1323 618 1375 tibi
665 1321 898 1375 amicum
927 1337 1049 1377 esse
1078 1330 1131 1376 et
1168 1321 1490 1376 familiarem
1530 1323 1671 1377 dico.
1702 1322 1779 1377 Ne
1810 1331 1968 1393 putes
1995 1340 2085 1381 as-

520 1412 882 1468 sentationem
941 1428 1064 1467 esse
1119 1413 1264 1467 hunc
1312 1428 1642 1469 sermonem.
1675 1413 1893 1468 Famam
1938 1416 2083 1471 enim

522 1504 779 1558 amicitiae
832 1504 1264 1559 conciliatricem
1319 1505 1515 1569 habeo,
1553 1520 1750 1575 magno
1787 1506 1965 1561 sonitu
1997 1523 2084 1563 res

443 1578 453 1588 ’
523 1604 646 1648 tuas
672 1594 923 1648 omnibus
943 1594 1256 1650 hominibus
1279 1597 1686 1665 praedicantem.
1710 1600 1779 1654 At
1798 1610 2082 1671 postquam

521 1690 577 1736 et
610 1697 733 1736 cum
761 1682 915 1753 157
942 1683 1106 1753 digno
1153 1685 1301 1738 omni
1354 1688 1659 1741 reverentia
1708 1688 1921 1758 Elpidio
1954 1705 2085 1744 con-

524 1776 696 1843 gressi
723 1789 936 1838 sumus,
971 1774 1046 1828 ita
1078 1774 1237 1831 nobis
1281 1776 1569 1833 innotuisti
1602 1785 1656 1833 et
1682 1785 1962 1850 tantopere
1984 1796 2083 1836 nos

524 1865 736 1934 cepisti,
759 1881 824 1921 ac
859 1866 905 1921 si
927 1864 1020 1921 diu
1046 1872 1224 1921 tecum
1262 1865 1798 1935 fuissemusversati,
1827 1886 1892 1927 ac
1922 1872 2084 1943 longa

522 1954 854 2025 experientia
904 1970 1026 2025 quae
1074 1957 1171 2011 tibi
1217 1958 1403 2012 insunt
1438 1959 1579 2013 bona
1614 1961 2081 2031 cognovissemus.

520 2046 640 2103 Non
662 2046 808 2103 enim
833 2047 994 2103 desiit
1016 2049 1128 2103 'ille
1154 2057 1243 2103 tua
1275 2050 1433 2105 nobis
1456 2061 1773 2107 ornamenta
1795 2054 2083 2124 'sigillatim

2254 867 2358 920 Τὸν
2391 867 2550 936 σοφὸν
2587 868 2774 938 ἄνδρα,
2807 871 2908 925 κᾶν
2946 873 3076 936 ἑκὰς
3107 873 3230 946 ναίῃ
3272 874 3475 946 χθονὸς,
3515 877 3619 932 κᾶν
3647 881 3754 950 μή·-

2184 956 2304 1009 ποτ’
2336 957 2494 1010 αὑτὸν
2521 957 2701 1023 ὄσσοις
2748 961 3004 1031 προσίδω,
3041 963 3210 1033 κρίνω
3246 964 3428 1033 φίλον·
3460 968 3753 1038 Εὐριπίδου

2185 1049 2302 1103 ἐστὶ
2326 1049 2418 1102 τοῦ
2445 1050 2706 1121 τραγικοῦ
2736 1051 2912 1123 λόγος.
2943 1056 3125 1120 Ὥστε,
3164 1059 3235 1121 εὶ,
3286 1059 3451 1129 μήπω
3490 1060 3593 1130 τῆς
3634 1063 3755 1116 κατ’

2183 1139 2491 1210 ὀφθαλμοὺς
2525 1143 2654 1212 ἡμῖν
2692 1144 2981 1215 συντυχίας
3012 1146 3108 1217 τὴν
3145 1148 3342 1216 γνῶσιν
3390 1167 3481 1203 σου
3519 1152 3621 1222 τῆς
3655 1171 3751 1223 με-

2184 1229 2481 1300 γαλοφυῖας
2519 1236 2908 1307 χαρισαμένης,
2949 1239 3125 1309 φαμὲν
3170 1236 3308 1294 εἶναι
3357 1243 3499 1310 φίλοι
3532 1261 3627 1298 σου
3657 1246 3753 1301 καὶ

2185 1321 2451 1393 συνήθεις,
2482 1324 2556 1396 μὴ
2584 1325 2868 1380 κολακείαν
2891 1324 3028 1382 εἶναι
3057 1330 3146 1383 τὸν
3167 1330 3321 1400 λόγον
3350 1335 3564 1405 κρίνῃς.
3590 1336 3750 1407 Ἐχο-

2186 1427 2286 1479 μεν
2313 1412 2420 1483 γὰρ
2452 1414 2640 1484 φήμην
2680 1415 2933 1483 πρόξενον
2968 1419 3068 1489 τῆς
3106 1420 3304 1489 φιλίας,
3351 1424 3751 1494 μεγαλοφὼνως

2182 1501 2252 1554 τὰ
2279 1502 2347 1555 σὰ
2381 1504 2543 1557 πᾶσιν
2587 1506 2892 1577 ἀνθρώποις
2938 1510 3276 1580 συμϐοῶσαν.
3315 1515 3428 1582 Ἀφ’
3454 1509 3515 1568 οὗ
3568 1517 3751 1586 μέντοι

2184 1592 2374 1663 καὶτῷ
2399 1594 2807 1666 αίδεσιμωτάτῳ
2848 1598 3096 1671 Ἐλπιδίῳ
3124 1602 3233 1672 (50)
3262 1602 3638 1675 συνετύχομεν,
3666 1623 3752 1658 το-

2186 1684 2373 1739 σοῦτόν
2410 1703 2469 1739 σε
2500 1689 2894 1761 ἐγνωρίσαμεν,
2928 1693 3022 1746 καὶ
3052 1692 3193 1748 οὕτω
3221 1697 3340 1748 κατ’
3369 1696 3544 1769 ἄκρας
3576 1696 3751 1750 ἐαλώ-
3818 1766 3821 1767 ν

2185 1775 2362 1844 καμέν
2395 1793 2509 1841 σου,
2543 1779 2742 1834 ὡσανεὶ
2774 1782 2939 1836 πολὺν
2971 1785 3162 1855 χρόνον
3207 1788 3614 1856 συγγεγονὸτες,
3655 1789 3753 1842 καὶ

2184 1865 2270 1919 διὰ
2304 1871 2521 1938 μακρᾶς
2548 1871 2648 1942 τῆς
2676 1873 2872 1944 πείρας
2890 1875 2998 1928 τῶν
3030 1877 3087 1930 ὲν
3119 1877 3201 1930 σοὶ⁵
3227 1879 3404 1932 καλῶν
3424 1879 3520 1950 τὴν
3548 1880 3734 1949 γνῶσι·

2186 1957 2420 2028 ἔχοντες.
2454 1963 2528 2014 Οὐ
2560 1966 2668 2035 γὰρ
2705 1965 2979 2020 ἐπαύσατο
3008 1971 3037 2022 ὁ
3066 1969 3201 2041 ἀνὴρ
3230 1971 3433 2024 ἕκαστα
3479 1974 3610 2044 ἡμῖν
3641 1975 3752 2028 τῶν

2188 2052 2315 2121 περὶ
2344 2051 2403 2104 σὲ
2437 2052 2788 2125 διηγούμενος
2810 2074 2824 2088 ο
2872 2059 2933 2111 τὸ
2969 2060 3378 2132 μεγαλοπρεπὲς
3409 2064 3508 2135 τῆς
3546 2064 3747 2136 ψυχῆς,

521 2152 743 2194 narrare
779 2155 794 2192 :
826 2137 991 2192 animi
1038 2140 1489 2209 magnitudinem,
1525 2142 1688 2196 altam
1719 2152 1775 2198 et
1808 2144 2083 2199 excelsam

2183 2141 2657 2228 τοῦ-φρονήματος
2681 2146 2742 2199 τὸ
2774 2128 3082 2220 ἀνάστημα,
3108 2128 3581 2226 τῶντρόπων-τὴν

521 2237 783 2295 mentem,
813 2244 1027 2284 morum
1051 2230 1371 2285 facilitatem
1405 2250 1424 2285 τ
1456 2247 1639 2287 rerum
1666 2235 2081 2303 experientiam,

522 2321 720 2376 mentis
744 2319 1111 2390 prudentiam,
1140 2321 1265 2375 vita:
1297 2322 1618 2391 gravitatem
1652 2323 1928 2379 hilaritate
1958 2340 2085 2394 per-

523 2412 742 2467 mistam
768 2430 783 2479 ;
814 2411 922 2466 vim
941 2412 1184 2476 dicendi,
1215 2421 1269 2468 et
1297 2429 1637 2484 quaecunque
1684 2416 1788 2469 alia
1819 2416 1935 2485 ipse
1957 2416 2083 2487 qui-

523 2495 644 2551 dem
690 2497 851 2567 longo
895 2497 1181 2553 nobiseum
1243 2501 1519 2571 colloquio
1568 2504 1867 2569 recensuit,
1924 2505 2083 2560 nobis

523 2594 704 2642 autem
736 2587 979 2644 scribere
1017 2604 1128 2645 non
1163 2597 1247 2645 est
1269 2591 1561 2663 integrum,
1591 2609 1660 2649 ne
1689 2595 1832 2649 ultra
1863 2596 2083 2651 modum

520 2677 806 2747 epistolam
853 2679 1241 2750 producamus.
1315 2684 1600 2748 Quomodo
1662 2685 1828 2756 igitur
1901 2686 2084 2742 virum

519 2768 683 2823 talem
705 2784 815 2823 non
840 2771 1119 2828 amarem?
1139 2775 1409 2844 quomodo
1427 2766 1709 2832 continere
1737 2792 1823 2833 me
1840 2792 2080 2847 possem,

519 2858 811 2927 quominus
841 2861 1154 2917 exclamans
1177 2864 1342 2918 animi
1368 2864 1472 2920 mei
1510 2865 1761 2921 allectum
1790 2866 2085 2922 declarent?

522 2947 914 3004 Salutationem
951 2950 1135 3020 itaque
1173 2953 1414 3023 suscipe,
1468 2954 1555 3009 vir
1586 2954 1804 3023 eximie,
1840 2950 1961 3025 qua:
1986 2954 2083 3009 tibi

520 3052 587 3090 ex
623 3053 753 3091 vera
783 3054 847 3093 ac
872 3039 1085 3096 sincera
1109 3042 1348 3096 amicitia
1388 3042 1674 3098 adhibetur
1700 3062 1714 3098 :
1748 3044 1907 3116 longe
1935 3046 2084 3099 enim

521 3128 723 3183 absunt
746 3144 774 3182 a
799 3131 982 3186 servili
1013 3147 1076 3186 ac
1108 3133 1359 3187 illiberali
1391 3134 1703 3191 adulatione
1736 3151 1919 3191 mores
1939 3137 2081 3192 mei:

518 3236 717 3292 meque
783 3224 966 3278 scribe
1022 3225 1079 3278 in
1116 3224 1415 3280 amicorum
1454 3233 1674 3281 tuorum
1713 3242 1961 3293 numero,
1991 3227 2084 3282 lit-

517 3313 651 3367 teris
703 3320 757 3369 te
806 3314 1185 3386 frequentibus
1215 3318 1512 3373 ostendens
1555 3327 1609 3373 et
1643 3319 1949 3375 absentiam
1988 3319 2083 3375 de-

516 3403 736 3461 liniens.

1003 3558 1343 3616 EPISTULA
1382 3562 1468 3617 LX
1479 3562 1590 3620 IV‘.

2187 2222 2415 2304 ρότὴτα·
2469 2235 2757 2307 ἐμπειρίαν
2813 2242 3171 2311 πραγμάτων,
3223 2222 3433 2298 σῦνεσιν
3486 2222 3748 2317 γνιῦμῆς,

2186 2324 2487 2393 σεμνότητα
2522 2325 2657 2394 βίου,
2693 2329 3004 2402 φαιδρότητι
3036 2334 3146 2403 (Si)
3181 2337 3558 2408 κεκραμένην·
3593 2338 3752 2404 λόγου

2156 2412 2431 2483 κδύναμιν,
2467 2415 2633 2468 τᾶλλα
2666 2418 2764 2471 ὅσα
2796 2414 2956 2484 αὐτὸς
3000 2422 3097 2492 μὲν
3135 2423 3222 2477 διὰ
3262 2426 3460 2497 πολλῆς
3485 2428 3583 2498 τῆς
3616 2428 3754 2498 πρὸς

2183 2506 2330 2574 ἡμᾶς
2358 2506 2569 2575 ὁμιλίας
2594 2508 3032 2582 ἁπηριθμήσατο,
3069 2517 3198 2586 ἡμῖν
3227 2516 3282 2569 δὲ
3305 2519 3534 2589 γράφειν
3559 2520 3661 2573 οὐκ
3684 2517 3753 2592 ἦν

2182 2592 2403 2649 δυνατὸν
2423 2635 2436 2658 ,
2487 2597 2573 2651 ἵνα
2623 2600 2695 2670 μὴ
2751 2599 2855 2665 ἔξω
2910 2603 3002 2657 τοῦ
3062 2606 3256 2679 μέτρου
3302 2610 3399 2680 τὴν
3461 2606 3751 2684 ἐπιστολὴν

2184 2687 2606 2759 προαγάγωμεν.
2660 2691 2784 2754 Πῶς
2830 2688 2922 2747 οὖν
2974 2696 3075 2749 οὐκ
3120 2697 3341 2769 ἔμελλον
3389 2702 3607 2773 ἀγαπᾷν
3658 2702 3754 2756 τὸν

2184 2773 2456 2841 τοιοῦτον;
2503 2777 2617 2840 πῶς
2669 2778 2797 2846 γοῦν
2842 2782 3120 2856 ἠδυνάμην
3169 2788 3404 2856 ἐμαυτοῦ
3456 2790 3750 2860 κρατῆσαι,

2185 2865 2321 2935 πρὸς
2347 2867 2408 2918 τὸ
2446 2866 2518 2938 μὴ
2549 2869 2666 2938 οὐχὶ
2696 2871 2789 2923 καὶ
2828 2873 3032 2929 ἐκϐοῶν
3061 2877 3120 2929 τὸ
3163 2879 3263 2948 τῆς
3299 2880 3752 2952 ψυχῆςιὲμαυτοῦ

2187 2955 2357 3045 πάθος
2385 2956 2791 3030 διασημαίνειν;
2825 2964 2990 3033 Δέχου
3025 2968 3203 3023 τοίνυν
3234 2970 3331 3041 τὴν
3359 2974 3750 3045 προσηγορίαν,

2185 3040 2229 3100 ὦ
2257 3048 2544 3120 θαυμάσιε,
2571 3053 2634 3104 ὲκ
2665 3054 2843 3123 φιλίας
2857 3057 3114 3130 ἀληθινῆς
3140 3062 3230 3116 καὶ
3259 3040 3445 3118 άδόλου
3583 3040 3754 3137 προσ-

2185 3140 2487 3212 αγομένην·
2574 3144 2761 3216 πόρρω
2813 3146 2941 3220 γάρξ
2971 3150 3208 3216 θωπείας
3253 3154 3648 3228 δουλοπρεποῦς
3681 3161 3751 3213 τὰ

2185 3231 2426 3303 ἡμέτερα
2453 3249 2465 3262 ·
2496 3235 2587 3287 καλ¹
2613 3234 2705 3306 ἔχε
2737 3238 2845 3308 (52)
2874 3241 3019 3311 ἡμᾶς
3041 3243 3119 3312 τῷ
3150 3246 3433 3317 καταλόγῳ
3450 3247 3560 3301 τῶν
3589 3265 3749 3302 σεαυ-

2184 3322 2279 3376 τοῦ
2303 3324 2471 3393 φίλων
2498 3327 2863 3398 ὲναριθμίους,
2891 3336 3178 3406 γράμμασι
3206 3339 3449 3409 συνεχέσι
3481 3341 3673 3396 σαυτόν
3688 3357 3751 3395 τι

2186 3413 2398 3479 δεικνὺς
2427 3417 2521 3470 καὶ
2552 3423 3041 3495 παραμυθούμενος
3065 3427 3163 3498 τὴν
3194 3429 3479 3501 ἀπόλειψιν

2720 3576 3062 3634 ΕΠΙΣΤΟΛΗ
3099 3582 3212 3637 EA’.

821 3671 1178 3736 Perhonoriﬁce
1195 3677 1369 3726 salutat
1396 3674 1707 3743 Hesychium,
1734 3690 1877 3742 quem
1899 3684 1944 3730 et
1963 3677 2082 3730 olim
2105 3689 2403 3745 cognoverat,
2425 3687 2470 3732 et
2486 3695 2548 3732 ea:
2570 3696 2789 3737 sermone
2809 3686 2995 3751 Elpidii
3016 3688 3219 3752 plurimi
3240 3691 3455 3755 faciebat.

1162 3798 1422 3869 Ilesycmo

590 3909 752 3967 Multa
782 3907 1001 3980 quidem
1027 3925 1115 3966 me
1143 3912 1305 3966 etiam
1337 3912 1405 3966 ab
1433 3913 1593 3968 initio
1614 3928 1738 3969 cum
1769 3920 1865 3968 tua
1899 3914 2080 3985 digni-
2102 3980 2125 3993 ἢ

516 4011 632 4059 tate
689 4001 1131 4073 conjungebant,
1197 4004 1511 4059 communis
1563 4004 1866 4060 litterarum
1906 4021 2080 4073 amor,

518 4097 726 4166 ubique
752 4094 819 4149 ab
842 4094 930 4149 his
960 4110 1078 4164 quae
1125 4097 1332 4166 experti
1358 4105 1486 4152 sunt
1510 4097 1878 4167 pervulgatus,
1916 4105 2085 4155 etan-

516 4187 669 4257 tiqua
696 4194 885 4242 nostra
910 4201 1033 4240 cum
1064 4187 1183 4241 viro
1203 4187 1511 4242 admirabili
1537 4187 1793 4245 Terentio
1816 4190 2073 4244 amicitia.

515 4280 586 4334 At
647 4286 936 4349 postquam
982 4280 1067 4334 vir
1100 4282 1359 4350 Optimus,
1411 4281 1614 4351 quique
1651 4295 1862 4335 mecum
1901 4282 2079 4338 omnis

515 4368 942 4426 necessitudinis
958 4385 1156 4425 nomen
1183 4370 1461 4441 adimplet,
1485 4373 1631 4428 omni
1651 4373 1860 4428 honore
1880 4373 2077 4443 dignus

517 4457 686 4514 frater
731 4458 979 4529 Elpidius
1024 4476 1239 4516 mecum
1281 4477 1584 4519 sermonem
1628 4464 1838 4530 habuit,
1875 4479 1939 4519 ac
1972 4465 2078 4520 sin-

517 4550 641 4622 gula
691 4550 955 4606 virtutum
1007 4558 1224 4608 tuarum
1299 4563 1615 4611 ornamenta
1672 4556 1917 4612 narravit
1975 4556 2080 4629 (est

586 4706 607 4728 ⁶
633 4704 784 4760 Alias
810 4702 1126 4760 CCCLXXI.
1162 4703 1375 4766 Scripta
1415 4706 1561 4761 circa
1592 4722 1682 4763 an.
1720 4708 1846 4766 571.

583 4773 697 4846 (29)
729 4775 1242 4846 'Hreadrt.,Ducem
1262 4773 1623 4832 Neocaesareae
1644 4779 1893 4846 intelligit
1914 4786 2071 4836 vetus

514 4843 894 4917 interpresQIn
916 4845 1076 4917 titulo
1098 4860 1322 4917 prorsus
1353 4847 1514 4900 simili
1546 4849 1788 4917 epistola:
1820 4843 1924 4905 306
1950 4852 2071 4905 red-

514 4915 613 4978 dit,
653 4912 884 4969 Praesidi
907 4912 1181 4970 Sebastiw.
1210 4915 1314 4970 Sed
1339 4916 1393 4969 in
1419 4912 1653 4987 utroque
1675 4919 1794 4973 loco
1818 4934 1928 4973 non
1959 4921 2071 4974 dux

515 4990 609 5039 aut
641 4999 1140 5055 praeses,_quorum
1184 4993 1426 5055 potestas
1467 4989 1632 5041 unius
1666 4988 1817 5044 urbis
1872 4990 2101 5044 ﬁnibus-

514 5068 627 5127 non
641 5045 1058 5127 continebatur,
1100 5045 1201 5110 sed
1228 5056 1407 5124 potius
1446 5060 1771 5127 praepositus
1803 5060 1955 5113 urbis
1979 5059 2066 5111 in-
2097 5045 2142 5099 Ῑ)

514 5124 750 5195 dicatur,
783 5139 877 5178 seu
892 5125 1096 5195 primus
1116 5127 1296 5189 ουν-ἕω,
1331 5134 1394 5179 ιιι
1418 5124 1684 5195 legiturin
1711 5128 1841 5183 Cod.
1865 5128 2059 5183 Theod.

514 5193 610 5247 lib.
637 5209 732 5256 xu,
756 5195 841 5246 tit.
878 5194 928 5257 1,
961 5195 1063 5264 leg.
1088 5195 1209 5261 127,
1237 5195 1356 5259 171,
1387 5205 1442 5250 et
1473 5193 1593 5251 189.
1626 5197 1795 5252 Erant
1835 5200 1978 5253 enim
2012 5201 2067 5254 in

515 5278 839 5331 unaquaque
879 5265 1031 5317 curia
1078 5266 1427 5335 principales,
1462 5274 1516 5321 et
1568 5267 1708 5322 inter
1739 5268 2067 5338 principales

515 5347 656 5387 unus
686 5333 956 5387 eminebat
997 5332 1278 5390 dignitate.
1311 5350 1374 5389 ac
1417 5337 1666 5390 reaenda:
1697 5339 1862 5390 curia:
1889 5346 1940 5390 et
1970 5355 2064 5390 ur-

514 5347 656 5387 unus
686 5343 956 5387 eminebat
997 5343 1278 5403 dignitate,
1311 5350 1374 5389 ac
1417 5343 1666 5407 regenda:
1697 5343 1862 5392 curiae
1889 5346 1940 5393 et
1970 5355 2064 5393 ur-

514 5402 599 5455 bis
617 5403 979 5477 gubernandae
992 5405 1251 5473 plurimas
1276 5412 1456 5476 partes
1480 5408 1713 5477 tenebat.
1736 5407 2065 5477 Praepositus

514 5472 1308 5546 pagorumjimiliter_yocatur
1335 5474 1556 5546 ἡγεμών
1591 5476 1644 5530 in
1688 5472 1968 5545 epist.'86.

583 5540 1420 5632 L502..1€1a‘6“e-._*!9rl2FW-
1444 5540 1672 5632 ὴτὲεῐιιιεν
1704 5540 1846 5632 Med:
1864 5549 2064 5632 stula-

512 5609 951 5690 roni_._'ED:a8tcp.
988 5612 1273 5690 Medicaeus
1298 5609 1574 5690 pramiittit
1593 5609 1793 5690 vocem
1823 5618 2059 5690 ἀδελφῷ,

512 5680 607 5735 sed
629 5679 770 5737 idem
786 5680 840 5736 in
863 5679 1357 5742 séauenlieoisto'la
1381 5694 1608 5742 vocatur
1626 5686 1886 5748 Eloidius.
1908 5679 2058 5746 milio

2837 3815 3119 3886 Ἦσυχίῳ.

2267 3922 2393 3993 Ἐμὲ
2423 3923 2593 3977 πολλὰ
2627 3925 2723 3995 μὲν
2753 3921 2820 3998 ἦν
2857 3927 2951 3981 καί
2992 3927 3053 3993 ἐξ
3102 3929 3273 4003 ἀρχῆς
3309 3931 3377 3986 τὰ
3413 3934 3751 3995 συνάπτοντά

2185 4030 2277 4067 σου
2297 4017 2362 4085 τῇ
2395 4015 2684 4086 τιμιότητι,
2715 4017 2744 4070 ὃ
2768 4034 2826 4071 τε
2861 4019 2986 4091 περὶ
3017 4021 3205 4090 λόγους
3234 4025 3408 4087 κοινὸς
3436 4026 3597 4098 ἔρως,
3628 4031 3750 4085 πολ.

2183 4105 2346 4176 λαχοῦ
2387 4106 2537 4177 παρὰ
2568 4106 2673 4160 τῶν
2716 4112 3128 4182 πεπειραμένων
3166 4118 3586 4187 περιφερόμενος
3612 4121 3745 4193 (53),

2178 4199 2212 4268 ἥ
2236 4199 2452 4268 τεπρὸς
2493 4200 2582 4252 τὸν
2610 4199 2909 4272 θαυμάσιον
2953 4204 3117 4275 ἄνδρα
3164 4207 3444 4276 Τερέντιον
3472 4211 3581 4280 (54)
3613 4215 3741 4283 ἡμῖν

2179 4289 2243 4341 ὲκ
2264 4289 2493 4343 παλαιοῦ
2524 4289 2673 4360 φιλία
2695 4309 2709 4323 ⁸
2740 4294 2861 4347 ἐπεὶ
2896 4295 2951 4349 δὲ
2981 4297 3075 4349 καὶ
3114 4299 3142 4351 ὁ
3186 4299 3358 4353 πάντα
3386 4302 3622 4373 ἄριστος,
3651 4305 3745 4357 καὶ

2181 4377 2362 4448 πάσης
2389 4380 2519 4450 ἡμῖν
2561 4381 2886 4452 οἰκειότητος
2932 4384 3100 4456 ὄνομα
3141 4387 3446 4460 ἐκπληρῶν,
3481 4391 3510 4443 ὀ
3545 4391 3745 4445 αἰδεσι-

2184 4466 2429 4538 μώτατος
2455 4469 2680 4538 ἀδελφὸς
2724 4471 2987 4536 Ἐλπίδιος
3025 4478 3104 4540 εἰς
3135 4476 3323 4545 λόγους
3371 4478 3616 4548 ἀφίκετο,
3650 4482 3743 4535 καὶ

2178 4558 2385 4613 ἕκαστα
2417 4561 2525 4614 τῶν
2556 4561 2667 4633 (55)
2697 4563 2756 4616 ὲν
2796 4565 2878 4618 σοὶ
2906 4567 3083 4622 καλῶν
3110 4568 3402 4641 διηγήσατο
3418 4570 3741 4641 (δυνατώτα-

2178 4726 2403 4784 prorsus
2427 4713 2785 4774 dissentiente
2813 4737 2919 4776 ms.
2962 4723 3171 4779 codice.

2248 4784 2357 4868 (ξι)
2392 4786 2763 4868 ειῶιιιδρρζητιἒ
2796 4789 2885 4845 Sic
2934 4794 3341 4868 emendavimus
3381 4813 3482 4868 ope
3526 4800 3737 4856 codicis

2176 4848 2598 4939 pedisequae.
2631 4848 2908 4939 legebatur
2955 4860 3011 4916 in
3049 4864 3211 4939 editis
3246 4848 3737 4939 natanata;

2174 4919 2632 4996 detharis'iensis
2681 4919 2937 4988 Ecclesia
2983 4919 3223 4988 secunda
3258 4919 3736 4996 'midlid'leiiet'ii

2510 4994 2714 5053 Ibidem
2734 5000 2866 5054 editi
2882 5001 3055 5071 λόγων
3080 4988 3732 5078 aeviaeui—inem‘iis‘s'l

2469 5082 2521 5118 u.

2172 5074 2231 5114 ιιι
2266 5078 2320 5116 ιη
2352 5074 2521 5119 ιοχῐιι.

2246 5131 2356 5217 (:52)
2390 5133 2656 5217 Καί-ἔχε.
2687 5138 3025 5217 coniunctio
3044 5143 3226 5198 addita
3257 5159 3323 5200 ex
3358 5154 3561 5217 septem
3592 5165 3728 5207 mss.

2171 5200 2382 5281 Ibidem
2410 5200 2946 5281 ε’ᾱίξίςᾲναριθμίους.
2977 5213 3106 5268 Mss.
3147 5223 3207 5267 ut
3239 5217 3292 5270 in
3316 5200 3497 5273 .iéiiu.

2246 5273 2451 5350 :_§lias
2482 5273 2925 5350 CCCL.'Seripta
2955 5284 3103 5338 circa
3127 5299 3217 5337 an.
3245 5287 3371 5342 571.

2240 5342 2349 5431 (ξὸ)
2382 5342 2867 5420 Περιφερόμενοςῖ.
2910 5352 3091 5409 Codex
3131 5353 3419 5415 Medicaeus
3459 5376 3729 5431 συμπερι-

2170 5428 2811 5565 φεῗὲὕῗῖἒῗόίὲξζιονζὸἰο
2825 5491 2995 5557 Clar.,
3011 5492 3143 5565 Reg.
3177 5498 3451 5554 secundus
3476 5506 3530 5552 et
3555 5497 3729 5556 Coisl.

2167 5553 2461 5638 secundus.
2486 5553 3010 5638 _Edi_tiAT5-:p_s'wtvou.
3059 5553 3216 5622 Deest
3258 5569 3372 5624 haec
3402 5553 3635 5638 epistola
3661 5553 3731 5625 in

2166 5623 2338 5701 codd;
2373 5623 2524 5701 [lar].
2555 5635 2608 5679 et
2633 5623 2815 5701 Coislf
2833 5634 3031 5701 primo.

2234 5693 2345 5752 (55)
2378 5694 2646 5751 "Exacta
2667 5698 2803 5755 τῶν.
2830 5693 3109 5757 Aniculae
3139 5707 3356 5755 additu:
3384 5725 3444 5751 mi
3484 5722 3621 5753 meo.

3768 5775 3796 5823 ὃ
