3988 6194
402 384 502 441 ιει

1350 382 1845 444 EPISTOLARUM
1881 385 2187 446 CLASSIS.
2224 388 2274 446 ῐῐ
2312 387 2528 446 EPIST.
2568 386 2730 444 LXV.

3545 391 3653 449 422

399 519 493 569 τος
518 503 598 567 δὲ,
635 503 790 578 εἴπερ
826 520 911 570 τις
956 506 1133 570 ἀλλος,
1174 507 1267 560 καί⁵
1302 505 1502 578 ἀρετὴν
1553 507 1837 580 ἀνθρώπου
1875 524 1966 561 κα·

2079 515 2280 574 autem,
2309 509 2356 565 si
2377 508 2503 580 quis
2532 508 2693 571 alius,
2713 502 2951 575 maxime
2979 502 3231 571 idoneus,
3259 502 3355 575 qui
3384 509 3439 559 et
3472 504 3652 561 virtu-

400 595 687 668 ταμαθεῖν,
718 596 814 651 καὶ
841 598 1186 671 παραστῆσαι
1213 596 1418 669 ταύτην
1445 598 1525 672 τῷ
1554 598 1719 672 λόγῳ)
1742 616 1758 630 ο
1787 599 1974 654 τοσοῦ-

397 704 492 742 τον
520 690 652 760 ἡμῖν
672 690 763 744 τὸν
789 691 881 743 ἐπὶ
910 689 994 743 σοὶ
1021 689 1187 744 πόθον
1213 690 1526 758 ἐξέκαυσεν,
1556 690 1696 745 ὥστε
1722 689 1975 762 εὔχεσθαι

396 781 547 851 ἡμᾶς
580 781 865 847 ἐπιστῆναί
897 781 958 836 σέ
990 798 1120 835 ποτε
1159 785 1224 854 τῇ
1258 783 1466 855 παλαιᾷ
1495 783 1649 856 ἑστίᾳ
1687 781 1864 855 ἡμῶν,
1889 782 1977 835 ἵνα

400 872 478 945 μὴ
504 874 639 944 ἀκοῇ
686 873 866 943 μόνον,
899 873 1037 929 ἀλλά
1083 874 1179 928 καὶ
1227 875 1393 947 πείρᾳ
1429 875 1538 930 τῶν
1578 877 1637 930 ἐν
1688 875 1771 929 σοὶ
1796 872 1976 929 καλῶν

394 964 816 1036 ἀπολαύσωμεν.

926 1120 1280 1175 ΕΠΙΣΤΟΛΗ
1328 1119 1449 1175 ΞΒ.
1545 1132 1551 1139 '

2082 607 2190 655 tem
2236 600 2475 655 hominis
2518 605 2752 672 spectet,
2780 611 3011 669 eamque
3045 610 3296 651 sermone
3321 594 3598 668 pradicet)
3632 614 3649 652 :

2085 691 2144 746 in
2165 707 2251 746 me
2273 700 2485 747 tantum
2510 692 2591 746 tui
2619 690 2869 746 accendit
2896 688 3249 754 desiderium,
3280 695 3341 744 ut
3368 698 3420 745 te
3445 688 3656 745 nostris

2081 782 2378 852 aliquando
2411 782 2655 855 antiquis
2685 781 2892 837 laribus
2918 780 3112 837 adesse
3134 794 3326 850 precer
3358 797 3372 834 :
3406 793 3517 850 quo
3539 794 3653 834 non

2081 872 2359 929 auditione
2416 875 2554 944 sola,
2606 874 2702 931 sed
2741 874 3078 945 experientia
3120 872 3287 929 etiam
3311 871 3657 929 ornamentis

2079 964 2191 1021 tuis
2231 964 2501 1023 fruamur.

2580 1117 2918 1175 EPISTOLA
2968 1117 3151 1173 LXV‘.

395 1233 739 1306 Prioram’bit
762 1236 961 1307 Atarbio
985 1235 1216 1308 peritius,
1241 1236 1379 1303 eique
1400 1234 1526 1307 cedit
1561 1235 1781 1301 quamvis
1802 1243 1918 1287 natu
1947 1228 2127 1345 mgior,
2147 1246 2206 1284 ac
2226 1239 2367 1306 rogat
2386 1239 2437 1284 ut
2468 1240 2513 1286 et
2549 1233 2653 1305 ipse
2674 1233 2899 1305 deinceps
2920 1232 3339 1345 charitatemmfm
3359 1246 3411 1285 re
3431 1234 3571 1297 ferat,
3601 1238 3652 1285 et

458 1304 628 1345 coartet
649 1305 816 1345 quam:
838 1304 1023 1345 intersit
1038 1306 1201 1345 mutua
1220 1300 1479 1345 concordia
1498 1299 1563 1345 ad
1586 1298 1761 1345 bellum
1783 1297 1995 1345 renatum
2034 1310 2132 1345 um.
2154 1297 2283 1345 quod
2308 1310 2359 1345 ιη
2382 1297 2549 1345 orbem
2565 1298 2818 1345 circuibat.
2862 1310 2921 1345 ac
2957 1296 3148 1345 tandem
3279 1307 3361 1345 eos
3396 1302 3649 1345 amentu-

458 1296 628 1360 cogitet
649 1297 816 1362 quanti
838 1297 1023 1350 intersit
1038 1295 1479 1350 mutua'con'cordia
1498 1295 1761 1351 ad'bellum
1783 1295 2132 1362 repellendum,
2154 1295 2359 1363 quodin
2382 1297 2549 1347 orbem
2565 1295 2818 1357 circuibat,
2841 1295 2921 1347 'ac
2957 1296 3148 1347 tandem

457 1372 571 1409 rum
594 1366 716 1410 erat.

973 1443 1243 1511 Ἀταρϐίῳ
1279 1440 1414 1513 (56).

466 1534 578 1587 Καὶ
598 1532 651 1587 τί
679 1533 850 1606 πέρας
881 1531 1032 1587 ἔσται
1055 1533 1155 1604 τῆς
1185 1534 1416 1604 σιωπῆς,
1446 1535 1495 1587 εί
1518 1530 1630 1602 ἐγὼ
1660 1531 1780 1601 μὲν,
1812 1534 1880 1584 τὰ
1910 1530 1975 1582 ἐκ

392 1624 499 1694 τῆς
517 1624 730 1695 ἡλικίας
757 1626 1017 1698 πρεσϐεῖα
1044 1622 1316 1690 ἀπαιτῶν,
1347 1625 1671 1696 ἀναμένοιμι
1702 1621 1853 1694 παρά
1878 1620 1972 1673 σοῦ

393 1715 651 1786 γενέσθαι
684 1718 796 1788 (57)
824 1718 923 1789 τὴν
952 1718 1125 1789 ἀρχὴν
1157 1718 1257 1789 τῆς
1281 1717 1735 1789 προσφωνήσεως,
1770 1716 1804 1786 ἠ
1832 1714 1888 1767 δὲ
1908 1711 1975 1784 σὴ
2005 1748 2049 1803 Β

394 1806 590 1875 ἀγάπη
623 1806 716 1859 ἐπὶ
766 1806 949 1860 πλεῖον
994 1807 1233 1877 βούλοιτο
1269 1810 1334 1878 τῇ
1382 1805 1618 1878 βλαϐερᾷ
1653 1804 1831 1877 κρίσει
1874 1803 1972 1873 τῆς

392 1898 627 1969 ἡσυχίας
665 1897 776 1967 (58)
824 1899 1206 1971 ἐγκαρτερεῖν;
1251 1898 1389 1951 Ἀλλ’
1417 1899 1564 1969 ὅμως
1602 1896 1732 1966 ἐγὼ,
1772 1895 1870 1968 τὴν
1916 1897 1973 1949 ἐν

389 1989 506 2050 τοῖς
526 1986 760 2057 φιλικοῖς
791 1983 958 2059 ἧτταν
982 1989 1141 2061 νίκης
1169 1989 1314 2060 ἔχειν
1346 1988 1574 2060 δύναμιν
1608 1989 1970 2061 ἡγησάμενος,

391 2078 641 2150 ὁμολογῶ
670 2097 754 2132 σοι
790 2081 888 2151 μὲν
920 2084 1269 2153 παραχωρεῖν
1306 2083 1406 2151 τῆς
1436 2081 1531 2134 ἐπὶ
1559 2080 1637 2150 τῷ
1670 2081 1845 2134 δοκεῖν
1875 2096 1973 2132 πε-

392 2170 776 2243 ρνγεγενῆσθαι
803 2175 903 2244 τῆς
932 2172 1137 2236 οἰκείας
1167 2173 1401 2244 κρίσεως
1441 2172 1776 2243 φιλοτιμίας·
1811 2170 1973 2236 αὐτὸς

389 2263 451 2318 δέ
483 2263 699 2334 πρῶτος
731 2265 824 2318 ἐπὶ
847 2264 907 2317 τὸ
938 2266 1169 2337 γράφειν
1194 2260 1379 2337 ἦλθον,
1409 2263 1584 2329 εἰδὼς,
1615 2265 1751 2335 ὃτιῆ
1784 2264 1972 2335 ἀγάπη

391 2355 575 2410 πάντα
620 2355 823 2425 στέγει,
871 2356 1047 2409 πάντα
1098 2356 1394 2428 ὑπομένει,
1440 2354 1676 2426 οὐδαμοῦ
1722 2356 1876 2429 ζητεῖ
1913 2355 1975 2409 τὸ

391 2448 595 2518 ἑαυτῆς
619 2463 633 2477 ·
669 2448 857 2519 διόπερ
902 2444 1025 2499 οὔτε
1077 2447 1332 2501 ἐκπίπτει
1374 2447 1530 2501 ποτέ.
1584 2447 1974 2511 Ἀταπείνωτος

392 2537 504 2608 γὰρ
527 2539 555 2589 ό
570 2537 712 2591 κατὰ
730 2537 951 2609 ἀγάπην
971 2537 1050 2609 τῷ
1066 2537 1291 2609 πλησίον
1309 2538 1764 2611 ὑποτασσόμενος.
1786 2540 1973 2602 Ὅπως

390 2625 487 2683 οὖν
512 2630 606 2682 καὶ
630 2628 794 2693 αὐτὸς
824 2630 957 2702 πρὸς
980 2628 1112 2698 γοῦν
1144 2630 1204 2682 τὸ
1234 2628 1358 2701 ἑξῆς
1383 2630 1473 2685 τὸν
1510 2630 1724 2702 πρῶτον
1754 2629 1850 2684 καὶ
1878 2630 1974 2701 μέ-

390 2737 580 2789 γιστον
622 2720 833 2792 καρπὸν
882 2719 977 2774 τοῦ
1026 2720 1342 2794 Πνεύματος
1382 2722 1841 2794 ἐπιδεικνύμενος,
1874 2723 1973 2792 τὴν

390 2812 637 2884 ἀγάπην,
676 2814 990 2887 deceptam
1025 2815 1128 2887 μὲν
1166 2817 1227 2869 τὸ
1273 2816 1382 2871 τῶν
1433 2817 1800 2889 ὀργιζομένων
1840 2833 1972 2869 σκυ-

393 2902 631 2973 θρωπὸν,
657 2905 792 2977 ὅπερ
821 2908 950 2977 ἡμῖν
980 2907 1069 2961 διὰ
1233 2910 1442 2980 σιωπῆς
1472 2911 1809 2978 ὑποφαίνεις,
1841 2910 1973 2963 ἀνα-

388 2994 561 3066 λάϐῃς
598 2996 656 3049 δὲ
699 2996 872 3069 χαρὰν
913 3001 970 3051 ἐν
1013 3000 1080 3069 τῇ
1134 3000 1353 3072 καρδίᾳ,
1396 3001 1616 3071 εἰρήνην
1659 2999 1798 3072 πρὸς
1847 3001 1972 3063 τοὺς

3279 1307 3361 1347 eos
3395 1302 3649 1359 perventu-

2731 1432 2975 1487 Atarbio.

2147 1523 2350 1595 Ecquis
2376 1525 2482 1581 erit
2512 1523 2720 1581 silentii
2759 1523 2903 1588 linis,
2925 1524 2971 1577 si
3006 1539 3108 1595 ego
3137 1525 3317 1581 aetatis
3345 1540 3647 1596 reposcens

2070 1617 2219 1689 jura,
2250 1626 2562 1689 exspectem
2597 1633 2629 1693 a
2669 1624 2720 1672 te
2765 1616 2882 1672 ﬁeri
2921 1616 3139 1671 initium
3203 1618 3512 1686 salutandi,
3554 1628 3652 1677 tua

2077 1721 2258 1767 autem
2317 1710 2542 1767 dilectio
2603 1711 2813 1767 diutius
2841 1710 2976 1766 velit
3027 1710 3085 1766 in
3130 1712 3274 1768 malo
3328 1715 3651 1783 quiescendi

2076 1804 2305 1858 consilio
2361 1804 2752 1874 perseverare?
2786 1802 2891 1858 Sed
2935 1818 3059 1857 cum
3092 1818 3192 1874 ego
3234 1804 3394 1877 158
3418 1807 3475 1861 in
3508 1810 3651 1863 ami-

2075 1894 2202 1948 citia
2232 1893 2379 1948 vinci
2419 1894 2561 1947 idem
2590 1893 2771 1948 valere
2811 1893 3118 1948 existimem
3154 1908 3219 1948 ac
3247 1896 3486 1962 vincere,
3521 1912 3651 1967 pro-

2073 1986 2230 2040 ﬁteor
2285 2000 2371 2040 me
2434 1984 2535 2038 tibi
2601 1983 2903 2039 concedere
2944 1984 3048 2039 hoc
3077 1984 3257 2042 laudis
3279 1994 3334 2041 et
3369 1988 3554 2058 gloriae
3590 1990 3649 2044 in

2074 2078 2293 2147 propria
2346 2075 2617 2132 sententia
2672 2076 2955 2131 retinenda
2985 2079 3250 2133 studium.
3298 2078 3419 2149 Ipse
3465 2089 3649 2137 autem

2073 2168 2223 2238 prior
2246 2168 2313 2221 ad
2347 2167 2696 2222 scribendum
2725 2169 2953 2233 accessi,
2979 2184 3087 2224 non
3115 2170 3374 2241 ignorans
3403 2171 3651 2226 cbarita-

2075 2268 2180 2315 tem
2206 2259 2389 2314 omnia
2417 2258 2665 2321 suﬂ‘erre,
2690 2260 2878 2314 omnia
2900 2262 3474 2333 sustinere,nusquam
3500 2264 3647 2332 quod

2074 2367 2233 2407 suum
2262 2357 2346 2409 est
2372 2367 2648 2424 quaerere;
2676 2361 3009 2424 quapropter
3053 2370 3331 2426 nunquam
3382 2357 3645 2411 excidit’.

2072 2443 2208 2498 Nam
2227 2445 2390 2513 dejici
2408 2460 2515 2501 non
2535 2453 2734 2516 potest,
2752 2446 2845 2515 qui
2863 2461 2920 2501 se
2937 2461 3033 2517 per
3053 2446 3374 2502 charitatem
3393 2450 3649 2518 proximo

2072 2536 2365 2591 submittit.
2402 2534 2511 2589 Fac
2540 2536 2709 2607 igitur
2735 2544 2790 2592 et
2820 2537 2938 2606 ipse
2994 2537 3187 2592 saltem
3230 2540 3491 2609 deinceps
3536 2541 3651 2609 pri—

2073 2645 2222 2684 mum
2265 2636 2321 2685 et
2377 2629 2676 2686 maximum
2724 2628 2964 2700 Spiritus
2999 2630 3259 2694 fructum,
3320 2633 3647 2687 charitatem

2073 2734 2185 2790 prae
2246 2729 2300 2776 te
2354 2720 2578 2786 ferens,
2622 2720 2884 2792 projicias
2932 2722 3288 2777 irascentium
3343 2725 3646 2788 tristitiam,

2073 2827 2237 2884 quam
2270 2812 2432 2867 nobis
2465 2827 2563 2883 per
2600 2812 2879 2867 silentium
2932 2812 3249 2878 declarasti,
3284 2822 3338 2869 et
3370 2815 3648 2884 concipias

2072 2904 2239 2960 corde
2260 2904 2524 2969 lmtitiam,
2549 2919 2741 2973 pacem
2770 2919 2895 2958 cum
2932 2904 3195 2961 fratribus
3229 2906 3371 2961 idem
3406 2908 3649 2961 sentien-

2072 2996 2241 3063 tibus,
2303 2994 2546 3051 studium
2582 3004 2636 3051 et
2672 2995 3097 3051 sollicitudinem
3132 3012 3232 3067 pro
3277 2996 3650 3053 Ecclesiarum

387 3087 698 3158 όμοψύχους
722 3088 831 3142 τῶν
863 3090 1123 3159 ἀδελφῶν,
1157 3092 1390 3162 σπουδὴν
1410 3094 1502 3145 καὶ
1534 3093 1800 3164 μέριμναν
1829 3092 1966 3163 ὑπὲρ

2076 3086 2286 3143 Domini
2314 3088 2695 3157 perpetuitate.
2731 3085 2962 3142 Noveris
2996 3089 3165 3154 enim,
3197 3089 3305 3144 nisi
3335 3104 3519 3158 parem
3548 3105 3650 3145 nos

386 3178 489 3250 τῆς
519 3179 629 3233 τῶν
665 3180 998 3252 Ἐκκλησιῶν
1046 3180 1156 3252 (59)
1195 3180 1290 3234 τοῦ
1340 3182 1547 3254 Κυρίου
1575 3182 1857 3254 διαμονῆς.
1885 3183 1970 3235 Γί-

386 3286 569 3323 νωσκε
606 3270 739 3338 γάρ,
777 3270 882 3335 ὅτι,
920 3270 968 3322 εί
1013 3270 1088 3341 μὴ
1122 3269 1213 3323 τὸν
1252 3270 1365 3323 ἴσον
1408 3272 1567 3341 ἡμεῖς
1599 3268 1785 3338 ἀγῶνα
1830 3269 1970 3341 ὑπὲρ

383 3360 497 3414 τῶν
532 3360 865 3433 Ἐκκλησιῶν
891 3361 1273 3432 ἀναλάϐοιμεν,
1296 3361 1489 3415 ὁπόσον
1518 3360 1732 3432 ἔχουσιν
1752 3362 1802 3414 οἱ
1823 3361 1971 3414 ἀντι-

386 3451 635 3523 κείμενοι
669 3456 735 3525 τῇ
784 3452 1100 3525 ὑγιαινούσῃ
1149 3453 1469 3525 διδασκαλίᾳ
1520 3455 1603 3518 είς
1653 3453 2003 3535 καθαίρεσιν.

386 3544 571 3599 αὐτῶν
611 3545 705 3598 καὶ
739 3544 974 3616 παντελῆ
1010 3546 1336 3616 ἀφανισμὸν,
1376 3547 1529 3600 οὐδὲν
1566 3546 1627 3599 τὸ
1657 3546 1862 3600 κωλύον
1890 3546 1968 3600 οί-

386 3634 583 3705 χεσθαι
614 3635 713 3706 μὲν
744 3637 1156 3708 παρασυρεῖσαν
1197 3637 1302 3690 ὑπὸ
1347 3636 1457 3691 τῶν
1482 3636 1598 3709 (40)
1632 3635 1841 3708 ἐχθρῶν
1869 3637 1968 3707 τὴν

387 3725 675 3794 ἀλήθειαν,
709 3727 1213 3799 παραπολαῦσαιδέ
1251 3746 1305 3783 τι
1340 3730 1435 3783 καὶ
1464 3732 1614 3801 ἡμᾶς
1642 3728 1737 3783 τοῦ
1765 3730 1968 3801 κρίμα-

385 3833 500 3881 τος,
551 3817 626 3888 μὴ
663 3817 814 3891 πάσῃ
851 3818 1051 3890 σπουδῇ
1098 3820 1192 3873 καὶ
1240 3820 1518 3893 προθυμίᾳ
1549 3823 1608 3873 ἐν
1653 3821 1874 3893 ὁμονοίᾳ
1899 3823 1964 3892 τῇ

387 3908 527 3979 πρὸς
556 3909 818 3980 ἀλλήλους
855 3911 950 3964 καὶ
991 3912 1265 3983 συμπνοίᾳ
1313 3914 1379 3983 τῇ
1416 3910 1558 3965 κατά
1583 3910 1674 3965 τὸν
1707 3911 1838 3967 Θεὸν
1870 3911 1969 3983 τὴν

385 4000 746 4073 ἐνδεχομένην
777 4001 1048 4074 μέριμναν
1074 4003 1214 4075 ὑπὲρ
1226 4003 1326 4073 τῆς
1340 4002 1583 4066 ὲνὼσεως
1597 4003 1706 4056 τῶν
1740 4002 1970 4073 Ἐκκλη-

386 4091 521 4145 σιῶν
548 4093 988 4165 ἐπιδειξαμένους
1013 4095 1145 4166 (41).
1172 4094 1485 4167 Παρακαλῶ
1512 4092 1625 4157 οὖν,
1648 4094 1841 4149 ἔκϐαλε
1871 4096 1969 4167 τῆς

386 4184 617 4239 σεαυτοῦ
645 4186 824 4257 ψυχῆς
846 4187 922 4255 ζτὸ
944 4188 1153 4242 οἴεσθαι
1193 4188 1417 4259 μηδενὸς
1446 4186 1632 4259 ἐτέρου
1667 4190 1747 4252 είς
1777 4205 1967 4241 κοινω-

383 4274 508 4331 νίαν
543 4276 910 4348 προσδεῖσθαι.
939 4278 1014 4331 Ού
1044 4278 1152 4350 γὰρ
1185 4277 1323 4332 κατὰ
1363 4277 1583 4348 ἀγάπην
1608 4276 1970 4349 περιπατοῦν-

384 4382 478 4431 τος
500 4367 621 4421 οὐδέ
648 4367 753 4440 πλη
763 4367 981 4440 ροῦντός
999 4369 1116 4422 ἐστι
1131 4369 1229 4440 τὴν
1249 4368 1465 4439 ἐντολὴν
1478 4367 1690 4439 (42)τοῦ
1709 4366 1965 4438 Χριστοῦ,

382 4458 486 4525 τῆς
507 4461 644 4531 πρὸς
665 4460 791 4526 τοὺς
817 4460 1078 4530 ἀδελφοὺς
1100 4459 1387 4528 συναφείας
1412 4459 1601 4513 ἑαυτὸν
1618 4459 1963 4530 ἀποτέμνειν.

383 4550 543 4621 ’Δμα
561 4552 1162 4622 δὲκάκεῖνολογίζεσθαι
1179 4551 1275 4623 τὴν
1298 4550 1505 4621 ἀγαθήν
1531 4568 1623 4603 σου
1646 4551 1963 4622 προαίρεσιν

382 4641 667 4716 βούλομαι,
690 4644 846 4698 ὅτιτὸ
866 4642 958 4699 τοῦ
981 4644 1108 4697 πολὲ
1118 4660 1216 4697 υ.ου
1234 4642 1402 4697 κακὸν
1414 4640 1597 4713 κύκλῳ
1614 4640 1960 4713 περιιὸνμὸ),

455 4762 479 4796 ¹¹
513 4761 689 4820 lCor.
720 4779 839 4832 xm,
863 4762 895 4816 7
930 4778 1047 4833 sqq.

513 4875 569 4946 6)
614 4876 908 4945 ’Atap6’ltp.
942 4875 1124 4931 Codex
1152 4875 1607 4931 Claromont-anus
1638 4875 1948 4946 Αὑταρκιῳ.

478 4945 570 5017 5⁷)
600 4946 764 5014 Παρὰ
794 4947 910 5000 σοῦ
936 4946 1230 5016 γενέσθαι.
1262 4946 1403 5001 Editi
1431 4945 1583 5017 παρά
1616 4945 1709 4998 σοῦ
1743 4945 1832 5017 μοι
1860 4945 1961 5017 γε-

382 5016 591 5080 νέσθαι,
623 5020 715 5071 sed
736 5017 869 5070 illud
906 5033 997 5085 μοι
1012 5017 1399 5085 expunximus,
1422 5016 1567 5085 quod
1586 5016 1954 5085 etisententite

378 5089 619 5142 nitorem
650 5087 813 5150 laadit,
843 5084 975 5141 etin
991 5084 1376 5156 antiquissimo
1394 5084 1587 5147 caidice
1616 5084 1870 5141 Medicam
1899 5092 1954 5139 et

378 5157 552 5213 Coisl.
587 5157 764 5224 primo
797 5157 970 5223 deest,
1005 5158 1061 5211 in
1094 5158 1217 5211 aliis
1260 5165 1443 5212 autem
1479 5156 1762 5211 codicibus
1801 5170 1954 5210 nunc

376 5236 506 5299 post
536 5227 730 5350 ἀρχὴν,
758 5242 905 5281 nunc
936 5236 1061 5351 East
1083 5227 1334 5296 γενέσθαι
1366 5226 1621 5297 ponitur;
1662 5226 1805 5280 unde
1838 5241 1947 5279 non

380 5298 551 5351 absur
595 5312 626 5349 a
657 5297 899 5351 susnicio
974 5312 1078 5351 anc
1109 5298 1360 5351 voculam
1388 5314 1418 5351 e
1448 5298 1691 5351 margine
1728 5297 1785 5350 in
1814 5310 1947 5350 con-

380 5297 626 5353 absurda
657 5297 899 5365 Suspicio
936 5297 1078 5351 hanc
1109 5298 1360 5352 voculam
1388 5314 1418 5352 e
1448 5298 1691 5365 margine
1728 5297 1785 5350 in
1814 5310 1948 5350 con-

358 5362 588 5423 ‘textum
628 5367 695 5420 ad
728 5362 1078 5422 librariorum
1123 5368 1407 5421 arbitrium
1440 5362 1721 5421 inductam
1756 5366 1946 5422 fuisse.

452 5436 566 5507 (58)
605 5436 914 5508 Ἡσυχίας.
953 5436 1206 5507 Quinque
1250 5438 1471 5492 codices
1515 5452 1649 5508 mss:
1680 5452 1950 5508 συκοφαν-

376 5507 522 5571 τίας,
545 5504 610 5561 ἶη
636 5504 1165 5562 ηιαίόὀαιιιιηηὶαηίίὶ
1190 5508 1446 5571 consilio;
1475 5506 1572 5561 sed
1602 5504 1774 5572 Har|.,
1808 5504 1947 5561 Med.

378 5584 437 5648 et
471 5575 643 5648 Coisl.
669 5579 880 5648 primus
912 5579 1072 5647 longe
1100 5579 1438 5646 antiquiores
1470 5577 1674 5648 habent
1702 5585 1760 5648 ut
1791 5577 1943 5648 editi.

383 5644 476 5700 Sic
512 5644 688 5702 etiam'
727 5644 1186 5704 Claromontanus
1231 5644 1423 5703 codex.
1470 5646 1647 5701 Credo
1691 5647 1948 5702 librarios

382 5714 594 5788 idcirco
630 5717 771 5773 hanc
815 5733 1005 5774 vocem
1045 5717 1407 5788 συκοφαντίας
1441 5717 1497 5771 in
1541 5725 1752 5788 textum
1787 5719 1949 5771 indu-

382 5786 553 5851 xisse,
604 5790 732 5850 quia
776 5788 1035 5846 Atarbius
1063 5786 1296 5861 magnis
1347 5787 1607 5844 Basilium
1660 5787 1949 5845 calumniis

1997 4430 2044 4486 D

2073 3178 2315 3235 laborem
2342 3194 2444 3248 pro
2497 3177 2761 3234 Ecclesiis
2810 3179 3197 3249 suscipiamus,
3236 3194 3301 3233 ac
3339 3194 3485 3234 sanat
3557 3180 3654 3234 do-

2072 3270 2264 3327 ctrinae
2292 3270 2593 3327 adversarii
2623 3271 2692 3325 ad
2721 3287 2906 3325 earum
2940 3272 3279 3327 eversionem
3318 3279 3372 3327 et
3399 3272 3650 3326 cumula-

2074 3371 2182 3418 tam
2234 3364 2483 3431 ruinam;
2519 3363 2655 3417 nihil
2694 3363 2960 3433 impedire
3011 3365 3308 3434 quominus
3343 3366 3549 3421 veritas
3578 3367 3651 3419 ab

2069 3455 2309 3511 inimicis
2355 3470 2548 3511 eversa
2589 3463 2792 3526 pereat,
2830 3471 2895 3509 ac
2941 3456 3417 3513 condemnationis
3448 3466 3502 3513 et
3540 3458 3651 3527 ipsi

2070 3547 2367 3618 participes
2399 3547 2595 3612 simus,
2620 3547 2767 3618 quod
2806 3562 2917 3602 non
2946 3549 3096 3602 omni
3125 3548 3310 3603 studio
3342 3559 3504 3619 atque
3532 3551 3649 3604 ala-

2071 3633 2269 3687 critate
2294 3633 2348 3687 in
2376 3642 2567 3689 mutua
2616 3634 2914 3690 concordia
2939 3651 3003 3691 ac
3037 3636 3093 3690 in
3117 3636 3205 3692 his
3228 3652 3348 3708 quae
3379 3639 3443 3692 ad
3477 3637 3649 3693 Deum

2071 3734 2322 3794 spectant
2349 3726 2779 3796 conspiratione,
2816 3726 3245 3782 sollicitudinem
3272 3743 3371 3796 pro
3399 3729 3546 3783 virili
3578 3730 3645 3787 ad

2070 3814 2443 3872 Ecclesiarum
2492 3818 2938 3886 conjunctionem
2980 3818 3403 3875 ostenderimus.
3446 3819 3649 3876 Hortor

2070 3905 2261 3977 igitur,
2294 3908 2437 3962 hanc
2467 3909 2784 3979 opinionem
2808 3926 2872 3965 ex
2907 3912 3092 3965 animo
3115 3921 3210 3966 tuo
3241 3911 3452 3981 ejicias,
3480 3920 3533 3968 te
3554 3928 3648 3969 ne-

2069 4001 2216 4054 mine
2246 3999 2352 4054 alio
2386 4002 2452 4055 ad
2491 4003 2934 4057 communionem
2994 4004 3262 4075 indigere.
3317 4004 3435 4059 Non
3495 4007 3644 4064 enim

2069 4098 2123 4144 et
2146 4091 2248 4144 viri
2268 4094 2567 4147 secundum
2590 4094 2914 4150 cbaritatem
2939 4096 3295 4161 ambulantis,
3320 4107 3414 4152 aut
3435 4099 3643 4157 Christi

2070 4181 2241 4252 legem
2300 4183 2668 4254 adimplentis,
2729 4200 2852 4240 sese
2872 4174 2920 4239 ἐ
2976 4187 3207 4243 fratrum
3254 4190 3643 4259 conjunctione

2070 4274 2412 4331 abscindere.
2451 4273 2624 4329 Simul
2646 4280 2829 4331 autem
2856 4276 3020 4331 velim
3051 4286 3105 4333 et
3141 4278 3278 4333 illud
3311 4280 3513 4351 cogitet
3544 4282 3645 4336 bo-

2071 4380 2175 4419 nus
2207 4374 2333 4421 tuus
2361 4366 2601 4431 animus,
2637 4368 2765 4423 belli
2797 4367 2998 4422 malum
3026 4368 3174 4439 quod
3209 4370 3265 4425 in
3314 4374 3499 4427 orbem
3533 4374 3643 4429 cir-

2071 4459 2398 4529 cumagitur,
2443 4461 2661 4515 tandem
2706 4460 3002 4532 aliquando
3055 4461 3124 4517 ad
3168 4478 3271 4519 nos
3318 4467 3479 4520 etiam
3515 4481 3641 4537 per-

2069 4558 2396 4618 venturum;
2424 4566 2488 4606 ac
2520 4553 2567 4608 si
2608 4569 2711 4609 nos
2743 4569 2966 4625 quoque
2991 4569 3102 4609 una
3123 4570 3245 4611 cum
3274 4557 3396 4611 aliis
3426 4558 3640 4628 injuriae

2068 4645 2363 4717 participes
2408 4647 2613 4715 simus,
2667 4664 2776 4703 non
2815 4648 3165 4713 inventuros,
3204 4650 3299 4718 qui
3351 4651 3639 4705 commise-

2058 4872 2339 4945 appetivit.
2366 4880 2426 4927 ut
2459 4871 2643 4945 videre
2670 4882 2754 4945 est
2776 4873 2833 4927 in
2862 4872 3023 4945 epist.
3059 4872 3179 4945 ηιξ.

2135 4939 2242 5014 ἷ59)
2284 4942 2682 5014 ΪΕκκληᾳσιῶτ.
2714 4942 2861 4997 Harl.
2895 4939 3049 4998 addit
3077 4943 3169 4996 τοῦ
3194 4939 3352 5014 Θεοῦ.

2151 4963 2242 5014 03)
2303 4963 2682 5008 ιικκλησιων.
2714 4963 2861 4997 nari.
2898 4963 3049 4998 ³0011.
3077 4963 3169 4996 του
3194 4963 3352 4994 σεου.

2128 4963 2238 5086 ξω)
2281 5012 2426 5086 ’Υπρ
2450 5011 2714 5086 ’τῶ-κλείω
2742 5022 2852 5086 tres
2875 5012 3231 5086 vetustissimi
3255 5008 3473 5086 codices
3501 5022 3630 5064 cum

2094 5080 2305 5138 luribus
2332 5084 2475 5154 aliis.
2510 5081 2660 5154 Editi
2703 5082 2853 5154 παρά
2889 5083 3023 5154 τῶν.
3058 5082 3182 5154 Mox
3221 5080 3350 5135 editi
3383 5096 3634 5154 παραπο-

2089 5154 2250 5207 αῦσαι
2278 5153 2378 5207 ἔτι.
2410 5152 2642 5207 Codices
2681 5152 2843 5208 modo
2876 5152 3027 5207 citati
3059 5163 3119 5207 ut
3150 5153 3205 5205 in
3239 5158 3412 5205 textu.

2127 5224 2238 5294 (41)
2278 5221 2820 5292 Ἐπιδειξαμὲνους.
2855 5223 2995 5279 Med.
3029 5220 3465 5292 ὲπιδεξαμένους,
3510 5236 3629 5274 sus-

2426 5364 2708 5431 ἐντολήν.
2743 5362 2833 5419 Sic
2852 5370 2967 5420 tres
2990 5361 3352 5418 vetustissimi
3384 5334 3645 5418 codices.

2055 5434 2199 5491 Editi
2230 5435 2320 5489 τὸν
2352 5434 2534 5504 νόμον.
2564 5502 2576 5504 _
2841 5502 2909 5504 ξ,
3150 5502 3159 5504 _
3262 5501 3299 5504 ι
3326 5503 3331 5504 γ
3359 5501 3373 5504 _
3544 5500 3577 5504 __

2128 5500 2528 5575 (45)]Ieptldr.
2555 5502 2647 5559 Sic
2676 5520 2814 5561 mss.
2839 5502 2981 5575 Editi
3011 5502 3233 5575 περιίοι.
3261 5500 3628 5575 Ibidemediti

2056 5570 2230 5630 neci;
2254 5570 2391 5631 Tres
2417 5575 2775 5631 vetustissimi
2809 5574 3027 5629 codices
3052 5570 3111 5627 ut
3141 5573 3197 5626 in
3229 5582 3400 5628 textu.
3426 5570 3628 5626 Liben-

2049 5657 2133 5703 ter
2164 5648 2401 5716 legerem
2418 5647 2468 5697 εί
2496 5644 2752 5716 καὶ-πρὸς
2774 5646 2920 5716 ἡμᾶς
2946 5644 3197 5716 εἰσέλθοι,
3223 5644 3271 5697 si
3295 5642 3362 5696 ad
3387 5657 3482 5698 nos
3508 5657 3646 5712 ρει-λ

2050 5714 2264 5773 uenerit.
2302 5714 2409 5770 Sed
2441 5730 2549 5768 non
2592 5714 2947 5770 favent—mss.
2982 5714 3223 5768 codices.

2037 5839 2085 5863 ,ιι
2123 5792 2142 5814 "
2170 5787 2324 5842 Alias
2354 5780 2667 5843 CCCLXllI.
2700 5785 2916 5856 Scripta
2943 5785 3094 5841 circa
3123 5800 3215 5839 an.
3249 5781 3376 5862 57g.
