3988 6194
3179 288 3257 295 ...ν-

322 322 425 381 n:
1244 315 1265 321 "
1299 303 1309 307 ”
1630 323 1688 377 s.
1730 315 1972 376 BASILII
2008 321 2226 378 MAGNl
3468 303 3575 388 ω

323 446 566 505 reseant,
613 454 680 497 eo
714 438 878 512 "quod
914 439 1113 497 laetitia
1160 446 1406 511 tempore
1457 439 1529 494 iis
1556 440 1649 510 qui
1692 438 1896 509 injuria

2007 437 2091 491 καὶ
2145 437 2283 509 πρὸς
2316 437 2467 509 ἡμᾶς
2515 437 2747 493 εἰσέλθοι
2796 440 2947 504 ποτὲ,
3001 440 3106 496 κᾶν
3165 440 3302 513 μετὰ
3336 442 3448 496 τῶν
3478 442 3579 497 ἄλ-

323 532 702 589 aiﬁciebantur
761 531 1261 589 commiseratiOnis
1291 532 1593 604 symbolam
1636 546 1747 587 non
1777 546 1901 587 ero-

2007 525 2115 579 λων
2180 526 2276 580 καὶ
2331 528 2495 598 ἡμεῖς
2554 528 2656 599 τῆς
2711 529 2974 600 ἐπηρείας
3041 532 3579 604 παραπολαύσωμεν,

323 623 654 698 gaverimus.

816 951 1159 1009 EPISTULA
1198 951 1411 1011 LXVI'.

2005 618 2126 671 οὐδὲ
2163 620 2290 683 τοὺς
2322 619 2724 701 ,συναλγοῦντας
2751 623 3078 694 εὑρήσομεν,
3112 622 3200 677 διὰ
3228 623 3288 677 τὸ
3315 625 3373 678 ὲν
3401 624 3579 697 καιρῷ

2004 711 2104 780 τῆς
2140 710 2408 783 εὐθυμίας
2446 711 2557 785 (44)
2590 716 2622 785 ὴ
2632 713 2750 785 μῶν
2790 715 2864 785 μὴ
2913 715 3422 788 προκαταϐαλέσθαι
3465 721 3579 783 τοῖς

2006 799 2352 872 ἠδικημένοις
2378 790 2471 857 τὸν
2495 804 2594 875 τῆς
2627 804 2969 874 συμπαθείας
3000 804 3212 877 ἔρανον.

2521 924 2879 1016 ἘΠΙΣΤΟΛΗ
2916 961 3033 1018 zzz

327 1069 477 1135 Rogat
498 1066 809 1120 Athanasium
833 1066 1066 1130 Basilius,
1091 1071 1143 1117 ut
1168 1063 1495 1117 Occidentales
1512 1064 1577 1114 ad
1599 1067 1981 1135 succurrendum
1998 1066 2185 1135 Orienti
2202 1069 2375 1135 exciret
2386 1084 2404 1132 ;
2423 1076 2468 1123 et
2485 1085 2594 1122 cum
2613 1069 2875 1123 dissidiam
2890 1070 3235 1124 Antiochenam
3256 1071 3388 1125 solus
3406 1073 3581 1127 sedare

1495 1131 1662 1192 possit,
1684 1127 1809 1179 hunc
1825 1128 2125 1193 provinciam
2162 1127 2411 1196 suscipiat.

623 1238 931 1301 Athanasio,
955 1237 1199 1306 episcopo
1227 1235 1598 1292 Alexandriaz.

400 1353 452 1406 1.
501 1350 721 1407 Nemini
768 1352 1009 1406 arbitror
1046 1357 1257 1406 tantum
1292 1349 1499 1406 doloris
1540 1348 1731 1407 aﬁ‘erre
1764 1367 1904 1422 prae-

329 1452 539 1500 sentem
562 1442 935 1498 Ecclesiarum
973 1452 1199 1509 statum,
1239 1458 1336 1499 seu
1388 1442 1594 1513 potius,
1624 1450 1684 1497 ut
1718 1447 1903 1501 verius

327 1537 556 1606 loquar,
610 1535 1028 1603 confusionem,
1084 1543 1351 1605 quantum
1383 1535 1713 1605 praestantiae
1759 1544 1902 1601 tuae,

328 1628 425 1697 qui
459 1641 749 1696 comparas
786 1641 911 1679 cum
948 1627 1150 1695 priscis
1183 1626 1492 1696 praesentia,
1529 1636 1904 1698 quantumque

2204 1242 2545 1307 Ἄθανασίῳ,
2572 1242 2883 1306 ἐπισκόπῳ
2918 1241 3382 1311 Ἀλεξανδρείας.

2074 1355 2125 1408 1.
2166 1354 2369 1408 Οὐδένα
2397 1354 2647 1408 τοσοῦτον
2678 1354 2915 1427 ἠγοῦμαι
2943 1355 3134 1410 λυπεῖν
3172 1355 3270 1428 τὴν
3295 1354 3581 1427 παροῦσαν

2001 1447 2110 1501 τῶν
2153 1447 2490 1519 Ἐκκλησιῶν
2522 1448 2874 1511 κατάστασιν,
2927 1447 3128 1519 μᾶλλον
3179 1448 3235 1501 δὲ
3292 1442 3578 1519 σύγχυσιν,

2004 1539 2177 1591 εἰπεῖν
2216 1537 2604 1609 ἀληθέστερον,
2652 1539 2775 1592 ὅσον
2815 1539 2914 1610 τὴν
2959 1539 3054 1611 σὴν
3101 1521 3412 1613 τιμιδτητα’
3458 1555 3562 1607 συγ

2004 1627 2256 1700 κρίνοντα
2295 1630 2392 1702 μὲν
2430 1633 2542 1694 τοῖς
2587 1632 2834 1702 ἀρχαίοις
2868 1631 3053 1696 τανῦν,
3094 1618 3188 1687 καὶ
3226 1632 3377 1705 παρὰ
3415 1633 3582 1687 πόσον

327 1718 445 1773 hanc
473 1719 673 1773 abillis
706 1718 931 1781 distent,
961 1718 1247 1788 intelligis,
1311 1733 1376 1772 ac
1403 1718 1535 1772 illud
1566 1719 1729 1773 etiam
1763 1734 1898 1774 con-

2007 1720 2173 1774 ταῦτα
2220 1721 2446 1775 ἐκείνων
2488 1720 2810 1793 ἐξήλλακται
2853 1721 3219 1793 λογιζόμενον,
3264 1723 3358 1776 καὶ
3406 1723 3487 1776 ὃτι
3531 1723 3581 1775 εί

332 1809 567 1873 sideras,
601 1809 648 1863 si
693 1824 782 1864 res
821 1809 1011 1865 eodem
1044 1811 1251 1879 impetu
1286 1809 1340 1863 in
1373 1810 1532 1880 pejus
1563 1809 1897 1877 dilabantur,

328 1903 468 1957 nihil
520 1902 955 1973 prohibiturum,
1001 1903 1298 1973 quominus
1343 1903 1602 1958 Ecclesia:
1648 1903 1797 1958 brevi
1844 1903 1901 1957 in

329 1996 493 2050 aliam
532 1995 824 2065 quamdam
871 1994 1102 2051 formam
1151 1997 1372 2066 penitus
1430 2002 1897 2053 transmutentur.

330 2085 458 2141 llaec
516 2102 660 2157 saepe
708 2102 922 2143 mecum
978 2088 1113 2157 ipse.
1148 2087 1404 2157 cogitavi,
1458 2089 1505 2144 si
1557 2088 1729 2143 nobis
1767 2088 1901 2143 adeo

328 2180 662 2236 miserabilis
700 2179 1074 2236 Ecclesiarum
1109 2180 1427 2251 depravatio
1470 2180 1710 2242 videtur,
1749 2180 1898 2250 quali

329 2286 453 2325 eum
494 2271 678 2325 animo
712 2272 798 2327 bis
832 2272 885 2325 in
932 2274 1096 2328 rebus
1116 2288 1240 2327 esse
1266 2288 1366 2343 par
1405 2272 1497 2335 sit,
1540 2272 1632 2343 qui
1661 2274 1900 2343 priscam

328 2364 765 2432 tranquilitatem
797 2363 959 2435 159
987 2373 1041 2419 et
1076 2364 1131 2419 in
1184 2364 1290 2419 ﬁde
1322 2365 1677 2419 concordiam
1711 2363 1900 2419 Eccle-

330 2451 541 2506 siarum
588 2451 809 2506 Domini
858 2463 1120 2527 expertus
1153 2454 1275 2509 est?
1323 2455 1394 2508 At
1439 2454 1897 2526 quemadmodum

327 2544 566 2615 plurima
598 2559 726 2613 pars
752 2544 960 2599 doloris
996 2544 1063 2599 ad
1108 2546 1480 2616 praestantiam
1519 2555 1665 2601 tuam
1704 2560 1897 2617 perve-

328 2635 441 2698 nit,
476 2636 549 2688 ita
591 2634 787 2690 decere
819 2636 1177 2702 arbitramur,
1206 2644 1265 2691 ut
1301 2644 1355 2691 et
1385 2637 1775 2692 sollicitudinis
1803 2652 1900 2707 pro

329 2720 592 2779 Ecelesiis
630 2723 867 2793 plurima
912 2725 981 2778 ad
1024 2733 1173 2779 tuam
1216 2725 1562 2796 prudentiam
1607 2728 1896 2798 pertineat.

327 2809 547 2867 Dudum
601 2814 727 2869 novi
782 2822 836 2870 et
887 2813 1025 2885 ipse,
1063 2831 1161 2885 pro
1219 2817 1484 2873 mediocri
1541 2832 1662 2872 mea
1715 2833 1899 2874 rerum

326 2902 549 2964 notitia,
596 2918 761 2957 unam
794 2918 917 2958 esse
955 2903 1216 2959 Ecclesiis
1252 2904 1458 2960 nostris
1503 2904 1694 2967 auxilii
1728 2906 1897 2972 viam,

2008 1812 2147 1866 κατὰ
2187 1811 2283 1883 τὴν
2317 1811 2485 1880 αὐτὴν
2523 1811 2697 1883 ὁρμὴν
2739 1812 2996 1883 ύπορρέοι
3031 1812 3141 1883 (45)
3182 1812 3274 1866 ἐπὶ
3305 1813 3367 1866 τὸ
3400 1816 3563 1884 χεῖρο-

2000 1906 2069 1959 τὰ
2107 1905 2429 1976 πράγματα,
2478 1905 2630 1957 οὐδὲν
2674 1903 2826 1958 ἔσται
2858 1904 2918 1958 τὸ
2949 1904 3189 1971 κωλύον,
3227 1906 3358 1959 εἴσω
3398 1907 3545 1976 ὀλίγο

2002 1995 2194 2067 χρόνου
2220 1996 2355 2066 πρὸς
2383 1993 2510 2048 ἄλλο
2532 2011 2584 2046 τι
2616 1994 2798 2065 σχῆμα
2825 1995 3103 2060 παντελῶς
3131 1997 3582 2068 μεθαρμοσθῆναι

1999 2089 2100 2153 τὰς
2142 2088 2488 2157 Ἐκκλησίας.
2523 2086 2709 2141 Ταῦτα
2735 2086 2991 2150 πολλάκις
3020 2088 3107 2141 ἐπ’
3144 2088 3384 2159 ἐμαυτοῦ
3427 2090 3583 2158 γενό-

2004 2198 2162 2253 μενος
2210 2179 2508 2252 διενοήθην,
2555 2180 2671 2245 ὅτι,
2719 2180 2767 2231 εἰ
2814 2182 2947 2250 ἡμῖν
2998 2179 3171 2243 οὕτως
3220 2181 3424 2252 ἐλεεινὴ
3470 2182 3583 2236 τῶν

2012 2271 2404 2342 Ἐκκλησιῶνὴ
2439 2269 2770 2343 παρατροπὴ
2811 2271 3225 2340 καταφαίνεται,
3262 2272 3419 2325 ποίαν
3460 2274 3582 2327 τινὰ

2000 2346 2146 2424 εἰκὸς
2184 2360 2275 2415 ἐπὶ
2315 2360 2523 2424 τούτοις
2567 2359 2744 2434 ψυχὴν
2782 2360 2928 2431 ἔχειν
2964 2362 3056 2415 τὸν
3090 2360 3192 2432 τῆς
3230 2362 3461 2433 ἀρχαίας
3491 2364 3582 2418 εύ-

2003 2453 2255 2517 σταθείας
2286 2454 2381 2506 καὶ
2415 2451 2667 2523 ὁμονοίας
2704 2453 2831 2523 περὶ
2869 2451 2965 2525 τὴν
2993 2452 3174 2506 πίστιν
3207 2452 3316 2508 τῶν
3361 2455 3581 2526 Ἐκκληο

2003 2547 2134 2601 σιῶν
2158 2546 2252 2600 τοῦ
2283 2546 2488 2618 Κυρίου
2520 2544 2632 2617 (46)
2662 2546 3103 2617 πεπειραμένον;
3132 2545 3274 2599 Ἀλλ’
3306 2545 3493 2619 ὥσπερ
3521 2536 3583 2600 τὸ

2001 2635 2136 2689 πολὺ
2182 2636 2279 2706 τῆς
2322 2634 2499 2706 λύπης
2542 2633 2640 2706 τὴν
2689 2633 2786 2705 σὴν
2837 2633 3152 2706 τελειότητα
3202 2635 3580 2707 περιίσταται,

2000 2728 2172 2790 οὕτως
2205 2724 2484 2797 ἡγούμεθα
2527 2725 2821 2797 προσήκειν
2862 2725 2957 2779 καὶ
2987 2725 3088 2797 τῆς
3136 2725 3276 2799 ὑπὲρ
3310 2726 3418 2782 τῶν
3458 2727 3584 2781 Ἐκο

2000 2819 2238 2891 κλησιῶν
2281 2819 2549 2890 μερίμνης
2590 2817 2651 2871 τὸ
2692 2817 2854 2870 πλέον
2905 2819 2970 2888 τῇ
3014 2820 3081 2890 σῇ
3135 2817 3413 2890 διαφέρειν
3452 2836 3559 2890 φρο

2000 2912 2173 2982 νήσει.
2197 2910 2371 2964 Πάλαι
2397 2906 2512 2964 οἶδα
2533 2910 2626 2963 κα)⁵
2658 2909 2839 2974 αὐτὸς,
2873 2908 3013 2962 κατὰ
3043 2910 3144 2980 τὴν
3172 2910 3585 2981 ἐνυπάρχουσαν

331 2991 379 3047 si
406 2992 691 3047 nobiscum
719 2993 1034 3063 conspirenl
1065 2991 1446 3049 Occidentales
1469 2993 1736 3065 episcopi.
1760 2993 1896 3049 Nam

2007 3019 2099 3073 μοι
2137 3001 2374 3073 μετρίως
2407 2999 2518 3053 τῶν
2557 3000 2898 3071 πραγμάτων
2933 2997 3270 3071 κατάληψιν,
3308 3002 3435 3072 μίαν
3465 3003 3583 3055 ὲπι·

330 3082 381 3140 si
429 3084 736 3150 voluerint,
786 3086 931 3155 quod
986 3086 1355 3140 adhibuerunt
1408 3087 1652 3141 studium
1698 3087 1753 3140 in
1788 3102 1896 3141 uno

2007 3094 2158 3163 γνοὺς
2185 3093 2302 3145 ὁδὸν
2320 3092 2569 3164 βοηθείας
2599 3094 2718 3155 ταῖς
2750 3091 2872 3145 καθ’
2901 3093 3047 3164 ἡμᾶς
3088 3093 3461 3166 Ἐκκλησίαις,
3482 3095 3584 3166 τὴν

332 3182 428 3230 aut
461 3176 663 3239 altero,
708 3191 967 3246 perverse
1018 3177 1072 3230 in
1116 3175 1414 3233 Occidente
1447 3177 1650 3232 sentire
1701 3176 1900 3246 depre-

2007 3184 2155 3257 παρὰ
2199 3183 2308 3238 τῶν
2350 3183 2581 3237 δυτικῶν
2626 3183 2938 3238 ἐπισκόπων
2991 3184 3317 3256 σύμπνοιαν.
3364 3187 3426 3239 Εἰ
3472 3185 3584 3258 γὰρ

328 3266 543 3329 hensis,
575 3267 709 3321 illud
733 3267 898 3321 etiam
929 3283 1028 3336 pro
1057 3277 1369 3323 nostrarum
1398 3270 1634 3338 partium
1660 3269 1902 3338 parmcia

2007 3274 2344 3346 βουληθεῖεν,
2380 3274 2438 3328 ὃν
2478 3274 2736 3329 ἀνέλαϐον
2774 3275 2915 3348 ὑπὲρ
2953 3275 3072 3341 ἐνὸς
3105 3276 3138 3349 ἢ
3177 3275 3270 3331 δύο
3302 3277 3430 3349 (47)
3472 3278 3585 3333 τῶν

328 3354 660 3433 pstendere;
706 3355 942 3411 fortasse
980 3357 1144 3413 rebuS
1190 3358 1575 3413 communibus
1607 3375 1719 3413 non
1764 3358 1903 3413 nihil

332 3449 634 3503 accesserit
677 3449 971 3515 utilitatis,
1007 3451 1335 3520 imperatore
1385 3449 1755 3506 multitudinis
1805 3464 1904 3504 au-

331 3545 638 3600 ctoritatem
674 3552 961 3598 reverente
1003 3551 1058 3598 et
1096 3543 1313 3614 populis
1346 3543 1552 3613 ubique
1597 3543 1749 3615 ipsos
1782 3545 1903 3599 sine

331 3636 501 3692 dubio
528 3636 904 3707 sequentibus.
937 3635 1073 3702 Quis
1105 3645 1286 3690 autem
1316 3636 1384 3689 ad
1410 3635 1525 3690 haec
1571 3635 1903 3707 perﬁcienda

331 3728 613 3803 potentior
661 3736 746 3785 est
796 3729 1086 3799 prudentia
1139 3728 1271 3782 tua?
1315 3729 1441 3798 quis
1496 3729 1564 3783 ad
1610 3728 1902 3783 videndum

332 3820 468 3893 quid
489 3822 682 3877 deceat
711 3822 964 3875 acutior?
1000 3820 1125 3890 quis
1157 3820 1223 3875 ad
1257 3818 1586 3889 perﬁcienda
1628 3835 1749 3890 qua:
1776 3834 1904 3889 pro-

333 3920 469 3970 sunt
494 3912 801 3969 eilicacior?
830 3913 956 3983 quis
987 3912 1053 3967 ad
1079 3912 1377 3966 dolendum
1405 3927 1471 3966 ex
1506 3911 1739 3966 fratrum
1771 3910 1905 3965 allii-

332 4005 518 4062 ctione
546 4004 904 4075 propensior?
928 4003 1054 4074 quis
1081 4018 1343 4074 perquam
1370 4002 1669 4057 reverenda
1698 4002 1905 4058 canitie

334 4103 434 4152 tua
466 4096 751 4165 Occidenti
781 4096 878 4150 toti
920 4096 1330 4150 venerabilior?
1366 4095 1635 4165 lielinque
1683 4094 1905 4164 aliquod

336 4193 758 4241 monumentum
800 4186 1152 4251 mortalibus,
1183 4195 1275 4240 tua
1307 4185 1525 4240 vivendi
1569 4185 1782 4239 ratione
1815 4184 1903 4238 di-

336 4292 528 4350 gnum,
559 4274 721 4331 Pater
751 4277 806 4330 in
848 4277 1042 4347 primis
1075 4276 1399 4332 venerande.
1432 4275 1756 4331 Innumeros
1782 4275 1904 4330 illos

338 4385 441 4443 pro
470 4371 670 4441 pietate
700 4370 1011 4424 exantlatos
1040 4370 1259 4426 labores
1289 4369 1393 4424 hoc
1423 4385 1535 4424 uno
1567 4369 1715 4423 facto
1744 4383 1905 4423 exor-

336 4480 450 4521 na:
483 4463 638 4518 mitte
678 4463 892 4532 aliquos
921 4477 988 4516 ex
1021 4473 1211 4515 saneta
1253 4467 1347 4514 tua
1380 4458 1630 4514 Ecclesia
1661 4459 1815 4513 viros
1844 4461 1903 4512 in

339 4570 476 4613 sana
502 4553 753 4609 doctrina
781 4560 1032 4623 potentes
1066 4553 1132 4606 ad
1165 4550 1552 4606 Occidentales
1572 4549 1904 4621 episcopos:

336 4661 552 4719 expone
576 4647 685 4702 illis
714 4644 1055 4700 calamitates
1078 4643 1281 4714 quibus
1309 4644 1644 4714 premimur:
1675 4654 1913 4712 suggere

412 4805 430 4831 ‘
465 4805 616 4859 Alias
643 4801 877 4857 XLVIII.
907 4800 1121 4872 Scripta
1145 4817 1289 4855 anno
1318 4800 1447 4855 57L

341 4942 371 5001 θ
408 4875 521 4998 (t4)
551 4876 872 4943 Εὑθυμίας.
906 4872 997 4928 Sic
1030 4868 1194 4928 iidem
1223 4880 1337 4930 tres
1368 4870 1606 4926 codices.
1636 4868 1783 4926 Editi
1812 4871 1906 4924 εὐδ

374 4964 440 5001 ην
465 4962 550 5001 ας.

411 4947 550 4999 νίας.

374 4962 885 5087 ηἴὶὲῗ”ἴ⁹ποῤῥέοι.
916 5014 1113 5087 Ita_sex
1143 5026 1277 5067 mss.
1311 5006 1762 5087 Εθίιί-ιῖιττορρέει2

414 5081 674 5155 (46)7T017
712 5085 953 5155 Κυρίου.
998 5082 1080 5155 Ita
1118 5092 1249 5155 trcs_
1271 5081 1631 5155 vetustissimi
1665 5081 1904 5148 codices,

343 5147 520 5216 Harl;
547 5154 683 5206 Med.
719 5162 767 5207 et
792 5147 961 5208 Coisl.
995 5152 1136 5205 Editi
1160 5150 1253 5204 τοῦ
1284 5151 1439 5204 Θεοῦ.

414 5228 525 5296 (47)
546 5224 733 5296 ίὙπὲρ
768 5218 906 5296 ἐνὸς
944 5223 982 5290 ἢ
1032 5223 1158 5277 δύο.
1190 5221 1259 5296 In
1276 5238 1371 5296 ora
1400 5220 1791 5296 cpdicisilegii
1822 5237 1909 5277 se~

344 5291 517 5363 eundi
544 5295 867 5363 legiturhoc
891 5296 1156 5347 scholium
1180 5313 1193 5363 ;
1213 5292 1351 5363 Περὶ
1374 5291 1484 5363 τῶν
1513 5293 1653 5363 κατὰ
1690 5292 1906 5363 Ῥώμην

343 5360 652 5421 ἐπισκόπων
686 5362 989 5429 Αύξεντίου,
1012 5365 1106 5417 καὶ
1130 5362 1237 5415 τῶν
1261 5360 1395 5432 περὶ
1424 5361 1605 5415 αὐτόν.

416 5434 531 5557 (48)
566 5432 686 5486 Τῶν
712 5449 775 5485 τε
806 5436 1199 5502 κρατούντων.
1230 5430 1427 5487 Eadem
1454 5447 1586 5485 voce
1613 5430 1907 5500 imperator

416 5521 462 5557 m
497 5504 745 5557 tesianat
768 5504 820 5556 in
857 5506 1019 5557 epist.
1053 5505 1142 5557 68.
1170 5503 1261 5556 Sic
1288 5510 1468 5556 autem
1499 5503 1907 5557 interpretando

347 5503 462 5560 rem
497 5503 745 5573 designat
768 5504 820 5556 in
857 5506 1019 5573 epist.
1053 5505 1142 5558 68.
1170 5503 1261 5556 Sic
1288 5510 1469 5573 autem
1499 5503 1907 5573 interpretando

345 5571 673 5644 sustulimus
725 5571 983 5644 quidquid
1027 5582 1146 5628 erat
1174 5573 1430 5644 ambigui
1462 5572 1514 5624 in
1549 5571 1738 5625 Graaco
1761 5587 1907 5644 Δ(κιτι-

345 5653 519 5702 textu.
542 5643 675 5698 Illud
698 5639 1567 5705 εὴἱιιι,’ἁκολουθούντωναὐτοῖς,
1603 5656 1710 5696 non
1745 5639 1906 5696 debet

347 5716 540 5773 referri
569 5715 635 5769 ad
672 5713 1094 5784 imperatorem;
1122 5712 1323 5782 alioqui
1346 5710 1581 5770 Basilius
1610 5710 1906 5783 profuisset

1934 4428 1981 4487 D

2003 3367 2145 3421 κατὰ
2181 3367 2277 3439 τὴν
2321 3366 2473 3420 δύσιν
2513 3367 2607 3419 ἐπὶ
2650 3367 2939 3439 κακοδοξίᾳ
2987 3368 3349 3439 φωραθέντων
3389 3369 3583 3441 ζῆλον,

2000 3459 2190 3513 τοῦτον
2212 3461 2304 3513 καὶ
2331 3458 2471 3529 ὑπὲρ
2501 3457 2602 3529 τῆς
2631 3459 2924 3531 παροικίας
2948 3460 3056 3513 τῶν
3085 3461 3205 3515 καθ’
3230 3463 3378 3533 ἡμᾶς
3402 3462 3584 3535 μερῶν

2003 3551 2392 3617 ἐπιδείξασθαι,
2416 3553 2557 3623 τάχα
2594 3551 2658 3606 ἄν
2687 3571 2740 3607 τι
2771 3553 2980 3623 γένοιτο
3006 3557 3117 3618 τοῖς
3141 3558 3340 3619 κοινοῖς
3371 3554 3583 3623 ὄφελος,

2003 3642 2110 3697 τῶν
2142 3660 2200 3697 τε
2245 3643 2589 3715 κρατούντων
2622 3644 2730 3716 (48)
2772 3645 2833 3698 τὸ
2868 3645 3179 3711 ἀξιόπιστον
3216 3647 3308 3701 τοῦ
3344 3646 3584 3718 πλήθους

2003 3735 2457 3810 δυσωπουμένων,
2512 3740 2606 3793 καὶ
2651 3740 2758 3794 τῶν
2807 3740 3109 3813 ἑκασταχοῦ
3161 3740 3306 3796 λαῶν
3358 3742 3585 3797 ἀκολουὀ

2004 3830 2238 3885 θούντων
2262 3831 2443 3895 αὐτοῖς
2469 3832 2895 3904 ἀναντιρῤήτως.
2920 3832 3014 3897 Τίς
3040 3828 3132 3887 οὖν
3156 3833 3331 3887 ταῦτα
3349 3833 3584 3906 διαπρά-

2009 3921 2200 3986 ξασθαι
2236 3922 2337 3992 τῆς
2372 3923 2473 3993 σῆς
2510 3923 2776 3986 συνέσεως
2810 3923 3201 3995 δυνατώτερος;
3235 3926 3319 3989 τίς
3356 3928 3583 3982 συνιδεῖν

2006 4012 2067 4066 τὸ
2096 4012 2212 4066 δέον
2237 4010 2518 4085 ὀξύτερος;
2548 4016 2632 4078 τίς
2661 4014 2948 4085 ἐνεργῆσαι
2974 4013 3045 4068 τὰ
3071 4017 3318 4087 χρήσιμα
3348 4035 3584 4088 πρακτι·

2004 4105 2271 4179 κὼτερος;
2317 4107 2401 4171 τίς
2448 4106 2585 4179 πρὸς
2624 4106 2722 4179 τὴν
2764 4109 3133 4179 καταπόνησιν
3180 4109 3288 4163 τῶν
3338 4110 3583 4181 ἀδελφῶν

2007 4197 2482 4268 συμπαθέστεροςξ
2517 4198 2601 4262 τίς
2631 4198 2732 4267 τῆς
2764 4201 3098 4271 σεμνοτάτης
3128 4217 3221 4253 σου
3252 4200 3442 4265 πολιᾶς
3471 4202 3580 4276 (49)

2008 4290 2156 4363 πάσῃ
2192 4293 2258 4363 τῇ
2295 4291 2444 4345 δύσει
2479 4291 2927 4364 αἰδεσιμώτερος;
2964 4288 3245 4350 Κατάλιπέ
3284 4313 3337 4350 τι
3375 4297 3582 4369 μνημό-

2011 4399 2166 4436 συνον
2197 4381 2275 4453 τῷ
2305 4382 2404 4454 βίῳ
2436 4382 2538 4453 τῆς
2570 4384 2671 4455 σῆς
2704 4384 2925 4449 ἐπάξιον
2959 4386 3253 4455 πολιτείας,
3285 4387 3580 4460 τιμιώτατε

2008 4470 2208 4542 Πάτερ.
2242 4472 2380 4536 Τοὺς
2421 4472 2645 4545 μυρίους
2689 4473 2928 4539 ἐκείνους
2970 4477 3111 4549 ὑπὲρ
3153 4479 3252 4549 τῆς
3300 4478 3582 4546 εὐσεϐείας

2007 4559 2198 4625 ἄλλους
2219 4550 2300 4615 ἐν).
2322 4560 2493 4634 τούτῳ
2519 4564 2933 4636 κατακόσμησον
2951 4565 3241 4639 (ὅθλέργῳ.
3260 4569 3580 4641 Ἐκπεμψόν

2006 4668 2157 4715 τινας
2198 4653 2263 4706 ὲκ
2296 4652 2397 4724 τῆς
2433 4652 2591 4723 ἁγίας
2628 4654 2726 4725 τῆς
2771 4652 2876 4709 ὑπὸ
2913 4656 2972 4710 σὲ
3014 4658 3338 4730 Ἐκκλησίας
3380 4661 3580 4733 ἄνδρας

2007 4803 2176 4876 αὐτῷ.
2205 4814 2267 4861 ιιι
2296 4806 2350 4861 in
2393 4807 2553 4876 epist.
2584 4808 2762 4864 'modo
2790 4808 2976 4865 citata.
3012 4808 3280 4868 Pra’terea
3318 4829 3426 4869 non
3460 4822 3579 4868 tan.

2007 4875 2363 4955 t_untsibi_de
2410 4875 2638 4955 Valente
2686 4880 3069 4950 pollicebatur,
3105 4890 3165 4937 ut
3208 4899 3331 4938 eum
3365 4886 3579 4955 populis

2007 4945 2180 5021 facem
2209 4949 2277 5021 ad
2310 4963 2498 5021 sanam
2551 4945 2723 5021 ﬁdem,
2760 4959 3005 5021 speraret
3049 4945 3452 5021 Ostensurumf
3480 4954 3578 5009 sed

2007 5014 2123 5069 haec
2173 5018 2365 5093 referri
2416 5019 2617 5093 debent
2661 5020 2727 5074 ad
2779 5014 3183 5093 Occidentales.
3232 5014 3577 5093 Atqne'inde

2007 5096 2193 5140 nostra
2230 5088 2478 5160 ﬁrmatur
2502 5088 2901 5160 interpretatio.
2929 5090 3064 5145 Nam
3095 5108 3218 5146 cum
3247 5088 3361 5149 haic
3385 5094 3573 5159 verba,

2005 5166 2055 5233 et
2088 5160 2295 5233 populi:
2326 5158 2514 5233 ubique
2538 5158 2703 5233 ⁸ἱρδξιε
2750 5162 2867 5233 sine
2913 5161 3072 5216 dubio
3105 5165 3454 5233 sequentibus,
3489 5158 3578 5217 re-

2008 5225 2140 5280 ferri
2170 5227 2404 5283 debeant
2430 5225 2499 5283 ad
2529 5225 2942 5297 occidentales;
2987 5233 3034 5287 si
3072 5225 3437 5299 his'voeibus,
3468 5235 3577 5289 τῶν

2005 5313 2066 5349 τε
2102 5299 2464 5369 κρατούντων,
2496 5316 2618 5370 qua:
2655 5302 2902 5424 proxime
2930 5303 3278 5371 antecedunt,
3306 5320 3419 5361 non
3447 5306 3574 5360 uni-

2007 5380 2126 5421 cam
2162 5384 2470 5424 personam.
2498 5371 2592 5424 sed
2623 5387 2657 5424 ιι
2683 5386 2809 5424 ures
2838 5371 3202 5424 desienasset.

2007 5380 2470 5442 campersonam,
2498 5371 2592 5442 sed
2623 5371 2809 5441 plures
2838 5371 3202 5442 designasset.

2080 5437 2191 5509 (49)
2224 5440 2464 5509 noxiae.
2496 5437 2640 5498 Tres
2666 5456 2800 5496 mss.
2833 5450 2889 5497 et
2923 5437 3163 5499 secunda
3203 5459 3370 5500 manu
3401 5442 3572 5500 Medi-

2007 5521 2151 5562 cazus
2178 5508 2470 5574 πολιτείας.

2076 5578 2186 5649 (50)
2219 5582 2717 5658 Kazaxdp'ynaor.
2748 5579 2827 5638 Ita
2857 5598 2991 5642 mss.
3029 5593 3236 5658 septem
3269 5603 3283 5641 :
3315 5582 3448 5641 editi
3474 5599 3573 5639 xa-

2004 5647 2291 5720 τάστησον,
2322 5647 2597 5720 conﬁrma.
