3988 6194
322 250 429 309 125

1232 248 1718 307 EPISTOLARUM
1755 248 2041 305 CLASSIS
2071 248 2136 305 Il.
2177 247 2400 306 EPIST.
2440 246 2648 304 LXVII.

3465 246 3574 310 486

322 359 579 424 δυνατοὺς
599 358 657 413 ὲν
673 361 740 431 τῇ
767 359 1088 431 ὑγιαινούσῃ
1111 359 1430 435 διδασκαλίᾳ
1451 361 1587 436 πρὸς
1610 363 1737 427 τοὺς
1757 361 1898 416 κατά

2000 361 2220 416 modum
2252 361 2372 433 opis
2402 360 2640 418 ferendae
2668 379 2683 427 ;
2718 359 2817 416 fias
2842 357 3065 416 Samuel
3088 337 3574 428 Ecclesiis?aﬁli~

323 450 418 523 τὴν
438 448 594 504 δύσιν
620 448 969 515 επισκόπους’
990 451 1243 522 διήγησαι
1268 452 1450 517 αὐτοῖς
1479 452 1578 517 τὰς
1596 453 1900 525 κατασχού-

321 560 420 607 σας
467 543 617 615 ἡμᾶς
673 544 977 615 συμφοράς·
1030 543 1231 598 ὑπόθου
1285 545 1483 619 τρόπον
1540 546 1895 620 ἀντιλήψεως·

321 634 476 706 γενοῦ
502 636 757 708 Σαμουὴλ
782 639 899 700 ταῖς
929 637 1295 709 Ἐκκλησίαιςο
1334 638 1757 710 πολεμουμένοις
1783 641 1898 703 τοῖς

320 728 467 791 λαοῖς
527 727 1014 799 συγκακοπάθησον
1036 745 1050 760 ·
1110 728 1369 798 ἀνένεγκε
1428 729 1711 802 εἰρηνικὰς
1765 729 1895 800 (51)

320 818 650 889 προσευχάςο
681 819 904 891 αἴτησον
932 820 1091 892 χάριν
1118 821 1268 893 παρὰ
1295 822 1390 877 τοῦ
1421 823 1649 896 Κυρίου,
1676 824 1903 895 εἰρήνης

319 924 369 959 τι
399 908 748 979 μνημόσυνον
795 911 1074 979 ἐναφεῖναι
1096 911 1210 984 (52)
1233 915 1355 976 ταῖς
1381 913 1742 986 Ἐκκλησίαις.
1771 910 1900 968 Οἶδα

320 1000 398 1052 5τι
416 999 663 1064 ἀσθενεῖς
688 1002 744 1054 αί
773 1001 1054 1056 ἐπιστολαὶ
1087 1002 1224 1074 πρὸς
1255 1004 1565 1076 συμϐουλὴν
1592 1005 1686 1058 τοῦ
1715 1004 1902 1059 τοσού-

320 1110 410 1146 .ου
452 1093 799 1164 πράγματος.
844 1094 981 1148 Ἀλλ’
1014 1093 1138 1150 οὔτε
1177 1096 1339 1160 αὐτὸς
1377 1098 1475 1169 τῆς
1523 1099 1653 1169 παρ’
1695 1096 1897 1169 ἑτέρων

2002 467 2130 524 gere
2151 468 2260 507 una
2289 467 2416 508 cum
2442 452 2662 524 populis
2692 452 2834 508 bello
2860 451 3190 523 Oppugnatis
3213 468 3229 518 ;
3255 451 3392 509 oﬂ‘er
3424 453 3548 524 paci
3572 482 3579 492 ι

2002 544 2136 600 licas
2181 559 2415 616 preces;
2460 554 2585 616 pete
2618 544 2850 617 gratiam
2885 559 2919 600 a
2959 543 3215 612 Domino,
3247 552 3307 600 ut
3351 545 3571 616 aliquod

2002 638 2155 709 pacis
2203 646 2618 697 monumentum
2658 637 2924 695 Ecclesiis
2972 637 3250 693 immittat.
3287 638 3417 694 Scio
3454 639 3574 710 epi-

2011 730 2187 786 stolas
2236 730 2484 788 infirmas
2531 746 2676 795 esse,
2725 740 2787 787 ut
2836 746 2927 786 res
2957 730 3096 787 tanti
3139 731 3407 787 momenti
3440 747 3578 787 sua-

2001 822 2214 878 dentur.
2242 821 2350 879 Sed
2378 838 2558 894 neque
2586 832 2646 879 tu
2672 824 2905 879 aliorum
2932 824 3314 880 exhortatione
3338 823 3574 896 indiges,

2000 928 2111 969 non
2145 929 2276 971 sane
2306 916 2482 986 magis
2526 930 2691 985 quam
2722 914 3135 985 generosissimi
3179 913 3393 985 pugiles
3435 928 3574 984 pue-

2001 1021 2189 1062 rorum
2221 1007 2655 1063 acclamatione:
2686 1021 2864 1077 neque
2892 1021 2995 1061 nos
3023 1005 3285 1061 docemus
3314 1017 3574 1076 ignoran-

2003 1103 2132 1163 tem,
2164 1095 2260 1152 sed
2294 1094 2580 1151 festinanti
2613 1094 2877 1164 impetum
2905 1094 3264 1150 intendimus.

320 1185 712 1257 παρακλήσεως
749 1186 998 1257 χρῄζεις,
1038 1188 1100 1241 οὐ
1142 1188 1341 1259 μᾶλλόν
1406 1206 1469 1259 γε
1510 1190 1545 1261 ἢ
1586 1188 1696 1242 τῶν
1744 1187 2058 1259 ἀγωνιστῶν
2122 1188 2170 1242 οἱ
2236 1187 2602 1257 γενναιότατοι
2636 1187 2736 1259 τῆς
2771 1186 2923 1258 παρά
2962 1184 3070 1239 τῶν
3113 1186 3320 1241 παίδων
3360 1186 3572 1256 ὑποφω-

321 1278 542 1349 ιήσεως·
562 1276 686 1332 οὔτε
706 1279 866 1351 ἡμεῖς
884 1281 1178 1350 ἀγνοοῦντα
1193 1283 1534 1355 διδάσκομεν,
1555 1284 1669 1338 ἀλλ’
1693 1283 2051 1338 ἐσπουδακότι
2084 1283 2182 1354 τὴν
2208 1282 2383 1356 ὁρμὴν
2411 1283 2772 1354 ὲπιτείνομεν.

376 1373 436 1429 2.
468 1374 613 1446 Πρὸς
653 1374 753 1446 μὲν
783 1371 876 1431 οῦν
905 1376 977 1431 τὰ
1014 1376 1178 1433 λοιπά
1213 1383 1314 1451 τῆς
1345 1379 1610 1450 ἀνατολῆς
1650 1378 1781 1443 ίσως
1816 1397 1900 1434 σοι

320 1463 411 1517 (αὶ
434 1463 696 1518 πλειόνων
728 1467 1021 1540 συνεργίας
1044 1462 1291 1542 προσδεῖ,
1323 1472 1418 1524 καὶ
1443 1470 1657 1543 ἀνάγκη
1693 1460 1898 1543 ἀναμέ-

321 1569 428 1607 ιειν
459 1556 586 1619 τοὺς
621 1558 686 1610 ἐκ
722 1559 823 1628 τῆς
870 1557 1097 1624 δύσεως.
1140 1561 1205 1614 Ἠ
1246 1561 1428 1632 μέντοι
1467 1562 1569 1633 τῆς
1613 1563 1755 1617 κατά
1798 1564 1896 1635 τὴν

327 1644 652 1717 Αντιόχειαν
692 1647 1018 1722 Ἐκκλησίας
1064 1652 1286 1717 εὐταξία
1330 1653 1606 1726 προδήλως
1648 1656 1747 1727 τῆς
1796 1656 1897 1727 σῆς

320 1735 550 1807 ηρτηται
583 1736 910 1804 θεοσεϐείας·
939 1740 1080 1795 ὥστε
1106 1745 1233 1808 τοὺς
1260 1745 1357 1816 μὲν
1377 1746 1730 1818 οἰκονομῆσαι
1761 1747 1891 1819 (55),

321 1829 443 1892 τοὺς
475 1828 532 1883 δὲ
555 1829 956 1904 καθησυχάσαι,
987 1834 1279 1890 ἀποδοῦναι
1301 1837 1358 1890 δὲ
1377 1837 1475 1910 τὴν
1503 1839 1657 1909 ίσχὺν
1686 1841 1751 1911 τῇ
1777 1840 1896 1893 Ἐκ-

319 1917 517 1991 (λησίᾳ
548 1918 661 1993 (54)
691 1922 780 1976 διά
821 1924 923 1995 τῆς
957 1927 1294 1996 συμφωνίας.
1337 1930 1450 1984 Καὶ
1486 1930 1594 2002 γὰρ
1625 1933 1707 1986 ὅτι
1745 1933 1894 2001 ὀφεί-

320 2022 447 2076 κεις,
477 2014 617 2069 κατά
644 2015 771 2080 τοὺς
807 2019 1154 2087 σοφωτάτους
1179 2021 1285 2076 τῶν
1314 2022 1534 2091 ἰατρῶν,
1568 2024 1667 2095 τῆς
1698 2025 1895 2094 ἐπιμε-

318 2102 466 2168 λείας
507 2106 573 2159 ἐκ
605 2105 715 2160 τῶν
758 2114 1134 2179 καιριωτάτων
1173 2111 1467 2183 ἄρχεσθαι,
1507 2114 1709 2178 παντὸς
1740 2117 1898 2186 ἀκρι-

318 2193 574 2267 Βέστερον
598 2198 758 2262 αὐτὸς
779 2198 1087 2256 ἐπίστασαι.
1116 2200 1181 2256 Τί
1205 2203 1247 2256 δ’
1279 2203 1344 2259 ἂν
1375 2204 1583 2272 γένοιτο
1612 2209 1734 2272 ταῖς
1756 2208 1895 2261 κατά

322 2288 418 2359 τὴν
445 2288 772 2362 οἰκουμένην
801 2291 1152 2365 Ἐκκλησίαις
1186 2295 1287 2366 τῆς
1318 2297 1646 2369 Ἀντιοχείας
1682 2302 1898 2354 ὲπικαι-

317 2377 580 2452 ριώτερον
614 2382 760 2455 (55);
794 2383 862 2456 ἣν
894 2386 943 2438 εί
975 2386 1173 2459 συνέϐη
1219 2387 1357 2460 πρὸς
1396 2390 1647 2460 ὁμόνοιαν
1682 2391 1899 2445 ἐπανελ-

317 2469 461 2537 θεῖν,
507 2471 660 2527 οὐδὲν
710 2474 975 2542 ἐκώλυεν,
1030 2476 1219 2550 ὥσπερ
1269 2479 1511 2554 κεφαλὴν
1556 2482 1894 2555 ἐρρωμένην,

322 2565 481 2618 παντὶ
504 2564 584 2635 τῷ
618 2564 835 2638 σώματι
867 2571 1218 2642 ἐπιχορηγεῖν
1256 2571 1356 2644 τὴν
1397 2572 1626 2641 ὑγίειαν.
1666 2574 1756 2646 Τῷ
1783 2575 1895 2629 δντι

318 2653 377 2707 δὲ
413 2656 513 2726 τῆς
554 2656 655 2727 σῆς
694 2658 863 2712 δεῖται
907 2662 1099 2730 σοφίας
1144 2663 1236 2716 καὶ
1279 2663 1639 2737 εὑαγγελικῆς
1685 2683 1900 2738 συμπα-

319 2745 475 2810 θείας
496 2748 564 2801 τά
590 2749 805 2822 ἐκείνης
827 2751 929 2823 τῆς
957 2753 1165 2816 πόλεως
1192 2755 1620 2827 ἀρῤωστήματω
1651 2757 1686 2828 ἥ
1719 2775 1781 2827 γε
1800 2759 1897 2831 οὐχ

319 2836 427 2891 ὕπὸ
446 2838 554 2891 τῶν
586 2840 875 2910 αἰρετικῶν
904 2842 1258 2915 διατέτμηται
1291 2847 1471 2916 μόνον,
1501 2847 1638 2901 ἀλλά
1671 2850 1764 2902 καὶ
1793 2850 1899 2903 ὑπὸ

322 2927 429 2980 τῶν
463 2928 532 2982 τὰ
570 2929 710 2984 αὐτὰ
750 2936 966 3004 φρονεῖν
1003 2932 1254 3007 ἀλλήλοις
1280 2936 1545 3004 λεγόντων
1581 2939 1894 2995 διασπᾶται.

319 3020 509 3076 Ταῦτα
538 3023 597 3076 δὲ
624 3025 822 3078 ἑνῶσαι
855 3027 950 3080 καὶ
980 3029 1060 3091 είς
1091 3028 1210 3092 ἑνὸς
1233 3028 1481 3101 σώματος
1511 3031 1622 3101 (56)
1664 3049 1899 3103 συναγα-
1925 3060 1971 3123 c

320 3117 439 3179 γεῖν
472 3116 738 3187 ἁρμονίαν
762 3117 971 3172 ἐκείνου
996 3119 1157 3190 μόνου
1177 3121 1314 3186 ἐστὶ,
1340 3122 1434 3175 τοῦ
1456 3123 1547 3176 καὶ
1572 3126 1685 3188 τοῖς
1712 3124 1895 3197 ξηροῖς

318 3205 530 3271 ὀστέοις
555 3207 655 3279 τὴν
691 3210 772 3273 είς
808 3209 975 3281 νεῦρα
1005 3211 1101 3265 καὶ
1135 3212 1312 3283 σάρκα
1349 3213 1511 3267 πάλιν
1540 3215 1796 3275 ἐπάνοδον
1824 3219 1892 3288 τῇ

318 3298 517 3370 άφάτῳ
552 3299 718 3354 αὑτοῦ
757 3302 983 3374 δυνάμει
1031 3302 1411 3376 χαριζομένου.
1458 3306 1682 3371 Πάντως
1729 3307 1786 3361 δὲ
1827 3308 1898 3362 τὰ

321 3391 538 3460 μεγάλα
562 3393 594 3445 ὁ
622 3392 826 3465 Κύριος
843 3394 929 3448 διὰ
951 3395 1057 3448 τῶν
1085 3395 1249 3460 ἀξίων
1275 3396 1437 3450 αὐτοῦ
1468 3400 1697 3469 ἐνεργεῖ.
1727 3400 1896 3455 Πάλιν

318 3477 413 3535 οὖν
447 3483 540 3536 καὶ
569 3484 802 3539 ἐνταῦθα
829 3488 894 3557 τῇ
932 3489 999 3558 σῇ
1032 3487 1370 3559 μεγαλοφυῖᾳ
1395 3487 1623 3560 πρέπειν
1656 3489 1756 3562 τὴν
1786 3491 1895 3545 τῶν

318 3574 654 3645 τηλικούτων
696 3577 971 3633 διακονίαν
1014 3579 1335 3652 ἐλπίζομεν,
1374 3579 1515 3634 ὥστε
1565 3585 1898 3656 καταστορέ-

320 3682 413 3719 σαι
439 3667 537 3737 μὲν
569 3667 664 3721 τοῦ
689 3667 818 3722 λαοῦ
844 3669 936 3722 τὸν
956 3669 1212 3741 τάραχον,
1241 3669 1444 3725 παῦσαι
1466 3670 1520 3725 δὲ
1543 3671 1643 3736 τὰς
1665 3674 1896 3745 μερικάς

318 3758 683 3829 προστασίας,
706 3759 969 3826 ὑποτάξαι
993 3760 1050 3814 δὲ
1080 3762 1286 3824 πάντας
1317 3760 1563 3832 ἀλλήλοις
1594 3763 1652 3816 ὲν
1684 3764 1894 3838 ἀγάπῃ,

318 3848 419 3901 καὶ
448 3848 550 3920 τὴν
582 3850 814 3916 ἀρχαίαν
844 3852 998 3921 ἰσχζιι
1022 3850 1315 3905 ἀποδοῦναι
1347 3854 1412 3924 τῇ
1437 3852 1751 3926 Ἐκκλησία.

846 4091 1197 4147 ΕΠΙΣΤΟΛΗ
1240 4091 1360 4151 ΞΖ’.

2074 1379 2129 1434 2.
2160 1377 2245 1433 Ad
2278 1379 2521 1449 reliquas
2557 1377 2778 1448 quidem
2819 1393 2909 1434 res
2938 1376 3180 1434 Orientis
3209 1375 3442 1436 fortasse
3468 1366 3570 1432 t'ilzi

2003 1471 2243 1544 plurium
2282 1470 2450 1525 etiam
2499 1469 2818 1541 adjumento
2848 1484 2988 1540 opus
3040 1476 3146 1532 est,
3197 1475 3367 1539 atque
3411 1466 3573 1524 Occi-

2001 1563 2251 1620 dentales
2298 1578 2527 1619 necesse
2577 1570 2663 1619 est
2722 1573 3062 1631 exspectare.
3114 1560 3222 1617 Sed
3275 1560 3571 1631 praeclarus

1999 1655 2357 1711 Antiochenae
2402 1654 2663 1712 Ecclesia:
2703 1662 2884 1711 status
2918 1661 3107 1723 aperte
3134 1670 3203 1709 ex
3248 1663 3341 1709 tua
3370 1652 3572 1724 pietate

1998 1745 2234 1816 pendet,
2268 1746 2343 1800 ita
2371 1753 2425 1800 ut
2473 1746 2529 1799 in
2562 1746 2701 1802 alios
2733 1744 2957 1815 quidem
2988 1751 3421 1815 temperamento
3450 1754 3570 1799 uta-

1995 1838 2093 1901 ris,
2126 1838 2264 1892 alios
2312 1851 2444 1892 vero
2495 1851 2838 1907 compescas,
2894 1845 3060 1906 atque
3105 1836 3365 1894 Ecclesiae
3401 1839 3570 1895 robur

1995 1943 2092 2000 per
2113 1928 2467 1984 concordiam
2496 1928 2777 1984 restituas.
2794 1927 2915 1984 Tibi
2936 1930 3105 1995 enim,
3129 1930 3567 2001 sapientissimo.

1994 2035 2117 2076 rum
2146 2021 2480 2076 medicorum
2503 2035 2679 2083 more,
2707 2020 2941 2075 curandi
2974 2020 3192 2076 initium
3223 2037 3255 2077 a
3277 2023 3568 2092 praecipuis

1994 2109 2241 2180 partibus
2256 2125 2377 2166 esse
2391 2108 2721 2175 faciendum,
2737 2109 2934 2165 melius
2959 2109 3075 2180 ipse
3090 2125 3254 2181 quam
3271 2113 3564 2191 quisquam

1997 2202 2138 2257 alius
2159 2201 2449 2272 perspicis.
2471 2199 2612 2268 Quid
2644 2208 2824 2257 autem
2858 2201 3096 2257 habeant
3123 2204 3277 2272 orbis
3296 2211 3568 2259 terrarum

2003 2293 2284 2357 Ecclesiae,
2317 2293 2466 2363 quod
2498 2292 2900 2363 praeferendum
2922 2292 2995 2349 sit
3027 2293 3372 2350 Antiochiae?
3400 2308 3567 2365 quam

1995 2384 2045 2439 si
2089 2385 2249 2455 160
2289 2386 2630 2455 contingeret
2667 2385 2736 2439 ad
2782 2385 3141 2441 concordiam
3192 2386 3394 2452 redire,
3428 2386 3567 2442 nihil

1995 2475 2314 2545 impediret,
2360 2476 2658 2546 quominus
2709 2478 2880 2533 velut'
2926 2486 3093 2547 caput
3153 2479 3567 2534 corroboratum

1996 2568 2253 2622 universo
2304 2569 2524 2638 corpori
2599 2569 2897 2626 sanitatem
2966 2570 3297 2642 suppeditet.
3354 2568 3567 2626 Revera

1997 2665 2180 2714 autem
2212 2668 2305 2713 tua
2354 2644 2608 2731 indigent
2658 2661 2929 2731 sapientia
2963 2668 3017 2717 et
3054 2662 3369 2733 evangelica
3414 2678 3561 2716 com-

1995 2751 2353 2807 miseratione
2398 2753 2553 2809 urbis
2600 2753 2750 2809 illius
2782 2753 3156 2825 aegritudines.
3185 2769 3307 2824 qua:
3343 2769 3453 2808 non
3497 2752 3567 2807 ab

1997 2842 2271 2899 haereticis
2297 2843 2461 2899 modo
2508 2844 2681 2901 scissa
2726 2854 2832 2910 est,
2892 2846 2988 2902 sed
3018 2846 3087 2899 ab
3131 2845 3201 2901 iis
3230 2844 3418 2909 etiam,
3469 2843 3566 2913 qui

1998 2935 2142 2991 idem
2179 2936 2324 2991 inter
2363 2951 2423 2992 se
2459 2936 2668 2993 sentire
2702 2953 2761 2993 se
2809 2937 3029 3016 dicunt,
3055 2936 3406 3008 discerpitur.
3439 2935 3567 2992 Haec
3616 2920 3625 2935 ’

2001 3040 2132 3080 vero
2162 3025 2484 3091 conciliare,
2519 3035 2575 3083 et
2607 3026 2676 3082 ad
2722 3026 2891 3082 unius
2921 3027 3173 3098 corporis
3222 3026 3565 3081 harmoniam

1998 3116 2268 3188 redigere,
2320 3117 2471 3177 illius
2508 3126 2596 3174 est
2634 3119 2841 3183 solius,
2875 3121 2971 3190 qui
3020 3127 3076 3173 et
3127 3118 3296 3174 siccis
3324 3116 3565 3184 ossibus,

2001 3214 2061 3262 ut
2095 3208 2162 3263 ad
2192 3224 2392 3265 nervos
2431 3217 2487 3266 et
2513 3225 2734 3265 carnem
2764 3211 2945 3266 denuo
2977 3210 3221 3275 redeant,
3257 3224 3366 3265 non
3407 3224 3570 3265 enar-

2000 3298 2161 3355 rabili
2209 3315 2308 3354 sua
2357 3308 2631 3370 potestate
2658 3301 2912 3373 largitur.
2946 3300 3211 3357 Dominus
3238 3308 3419 3356 autem
3451 3316 3570 3356 om-

1999 3391 2133 3446 nino
2174 3406 2373 3463 magna
2435 3408 2531 3463 per
2575 3408 2694 3457 eos,
2735 3394 2829 3463 qui
2870 3408 2930 3449 se
2978 3392 3131 3465 digni
3184 3400 3334 3457 sunt,
3384 3391 3566 3447 ellicit.

2000 3480 2217 3538 Rursus
2256 3483 2424 3554 igitur
2453 3491 2508 3539 et
2537 3484 2628 3539 hic
2660 3484 3166 3555 magnanimitatem
3200 3492 3350 3538 tuam
3372 3483 3569 3538 decere

2000 3583 2275 3632 tantarum
2316 3594 2499 3634 rerum
2527 3579 3060 3634 administrationem
3090 3593 3399 3649 speramus,
3431 3578 3569 3632 adeo

1993 3679 2056 3723 ut
2080 3670 2267 3740 populi
2291 3672 2510 3743 quidem
2536 3672 2828 3727 tumultum
2853 3686 3194 3742 compescas,
3214 3669 3569 3741 praefecturas

1996 3769 2176 3816 autem
2208 3763 2570 3832 particulares
2612 3756 2862 3833 abroges,
2889 3771 2942 3818 et
2979 3778 3168 3819 omnes
3202 3763 3309 3818 sibi
3335 3761 3566 3816 invicem

1996 3853 2258 3922 subjicias
2290 3854 2346 3909 in
2374 3855 2691 3919 dilectione,
2725 3870 2790 3909 ac
2827 3855 2997 3910 robur
3034 3855 3276 3919 priscum
3308 3852 3568 3907 Ecclesiae

1997 3944 2278 4000 restituas.

2478 4098 2819 4155 EPISTOLA
2856 4099 2946 4154 LX
2955 4099 3087 4157 Vll'.

322 4203 761 4277 Βορωκ-υοῖοψεε
779 4205 992 4277 apertius
1014 4204 1227 4277 ωρμὶῳι
1251 4206 1482 4277 Basilius,
1505 4209 1635 4274 quod
1655 4210 2226 4277 prioribusjndicaverat
2249 4212 2441 4277 litteris,
2466 4212 2537 4277 sic
2563 4212 2830 4277 ᾼηιίοειιὶω
2853 4214 3321 4277 respomponeadas,
3345 4222 3396 4266 ut
3421 4216 3572 4269 Hele-

406 4268 482 4317 ius
500 4268 940 4340 Ecclesiqcorpori
955 4268 1139 4340 prgsit,
1162 4268 1210 4340 in
1231 4268 1356 4340 alios
1379 4268 1537 4323 autem
1554 4268 1819 4325 mcohomia
1835 4272 2119 4327 adhibeatur
2142 4288 2159 4325 :
2193 4275 2259 4326 ita
2280 4275 2409 4326 enim
2432 4268 2483 4326 et
2505 4274 2627 4339 ipsis
2651 4273 3032 4327 Occidentalibus
3051 4268 3381 4340 placuisse,'ut
3400 4277 3572 4330 littera

385 4341 475 4393 per
496 4328 679 4380 beatum
711 4327 974 4392 Sylvanun't
991 4328 1154 4380 allata:
1172 4335 1420 4381 testantur.

522 4435 874 4501 Ἀθανασίῳ,
902 4435 1213 4501 ἐπισκόπῳ
1245 4422 1701 4506 Ἀλεξανδρείας.

406 4545 565 4616 Ἐμοὶ
612 4546 711 4617 μὲν
765 4546 1027 4622 ἐξαρκοῦν
1090 4547 1262 4619 ἐφάνη
1319 4550 1377 4601 ὲν
1437 4549 1547 4612 τοῖς
1613 4547 1900 4618 προτέροις

320 4639 616 4710 γράμμασι
656 4638 793 4709 πρὸς
831 4639 929 4711 τὴν
969 4639 1066 4711 σὴν
1102 4640 1392 4712 τιμιότητα
1435 4639 1688 4693 τοσοῦτον
1729 4637 1896 4695 ἐνδεί-

398 4802 515 4871 (51)
546 4799 888 4871 Εἰρηνικάς.
913 4798 997 4854 Ad
1019 4814 1178 4871 oram,
1192 4798 1397 4871 codicis
1416 4795 1582 4871 _Reg_ii
1608 4795 1682 4850 25
1709 4794 1898 4871 obser'

323 4864 420 4924 vat
460 4864 967 4927 Combelisius'hoc
1008 4869 1280 4925 scholium
1327 4867 1431 4931 legi
1467 4886 1482 4923 ;
1516 4864 1650 4919 "01c
1690 4864 1898 4919 τούτων

326 4940 435 5023 τῶν
474 4939 765 5023 είρηνιικνῶν
800 4938 1071 5023 μέμνηται
1112 4939 1208 5023 καὶ
1236 4939 1295 5023 έν
1326 4936 1898 5023 ταῖςπμυστικαῖςλεῦῗ

326 5012 451 5086 χαῖς
469 5004 596 5086 ’τῆς
615 5010 766 5074 θείας
801 5004 1147 5086 λείτουργίας.
1168 5011 1196 5062 ὁ
1228 5006 1400 5086 μέγας
1438 5004 1648 5086 Πατήρ.
1667 5004 1895 5086 ,Ηανιιιῃ

324 5078 910 5161 ραςίῆςάιάηηρνεοιιιη
937 5078 1168 5133 meminit
1185 5078 1355 5161 etiam
1382 5078 1436 5130 in
1469 5078 1707 5148 mysticis
1730 5078 1899 5143 preci-

330 5148 427 5202 bus
451 5147 642 5205 divina:
669 5149 895 5228 litugiaz
924 5165 1146 5218 magnus
1177 5147 1360 5202 Pater.
1453 5216 1463 5227 .
1496 5217 1506 5228 ι
1530 5147 1533 5148 ⁷
1749 5214 1773 5227 ,

330 5288 368 5295 _
405 5219 515 5295 (52)
562 5220 916 5295 Ἐνιιφεςιγαι.
940 5221 1040 5295 _lta
1080 5234 1188 5295 εειΔ
1205 5232 1334 5295 mss.
1369 5214 1510 5295 Edax
1544 5213 1896 5295 ὲναφεθηναι.

329 5286 505 5344 Paulo
530 5299 655 5358 post
687 5286 817 5344 editi
861 5288 997 5359 πρὸς
1043 5286 1335 5359 συμϐολήν.
1393 5286 1499 5341 Sex
1553 5302 1687 5341 mss.
1734 5294 1793 5339 ut
1840 5286 1897 5339 in

329 5368 520 5495 ιω55)
556 5424 973 5497 οἰκονομῆσαι.
1007 5425 1270 5497 Spectant
1312 5426 1442 5497 haec!
1472 5410 1540 5497 ad
1583 5422 1897 5497 Paulinum.

331 5494 510 5566 quem
529 5512 656 5569 cum
689 5494 1000 5569 provideret
1027 5494 1260 5569 Basilius
1289 5495 1664 5569 non__l_ibenter
1696 5494 1898 5569 de‘suo

332 5563 556 5648 opinatp
582 5563 708 5646 ξιιτὲ
729 5564 1121 5648 decessurum,_
1142 5566 1346 5648 aliquid
1363 5564 1453 5648 illi
1478 5564 1707 5634 ejusque
1732 5563 1900 5618 cleri—

333 5638 418 5694 cis
438 5637 641 5692 deferri
672 5636 910 5702 volebat,
932 5637 1076 5706 quod
1109 5636 1248 5690 hanc
1271 5636 1541 5706 iacturam
1574 5648 1897 5703 compensa-

490 5733 763 5798 Pnnon.
794 5732 911 5795 Gn.
944 5731 1213 5797 XXXII.

1926 4439 1978 4501 ι)

2297 4406 2616 4502 Athanasio,
2645 4402 2886 4507 episcopo
2906 4438 3270 4495 Alexandria.

2071 4543 2202 4598 Mihi
2254 4543 2477 4615 quidem
2522 4545 2659 4600 satis
2689 4560 2816 4602 esse
2863 4545 3152 4603 videbatur
3190 4548 3247 4602 in
3287 4548 3565 4618 prioribus

1998 4628 2220 4695 litteris,
2252 4634 2584 4701 praestantiae
2622 4641 2729 4688 tua:
2756 4642 2972 4689 tantum
3003 4635 3267 4701 indicare,
3297 4636 3565 4707 quidquid

1998 4797 2082 4845 ret
2105 4804 2168 4844 ac
2188 4790 2493 4845 molestiam
2528 4792 2743 4848 leniret.
2775 4791 2990 4851 Clarius
3024 4794 3141 4849 hac
3172 4794 3487 4849 indicantur
3508 4798 3563 4849 in

1999 4861 2228 4929 epistola
2258 4861 2525 4929 sequenti.

2069 4930 2182 5004 (5‘4)
2226 4928 2691 5004 Τῇ-ᾚκκλῃσίᾳ,
2744 4932 2819 5004 Ita
2869 4948 3003 5004 mss.
3035 4948 3153 5004 sex,
3180 4941 3235 5004 et
3257 4934 3564 5004 pauloipost

1996 4999 2447 5074 ocpsiitetc._lt"iditi
2492 5001 2592 5071 τῆς
2639 5001 2962 5074 Ἐκκλησίας
3009 5010 3064 5058 et
3105 4999 3345 5074 ὸφείλῖης.
3387 4999 3562 5059 Habet

1997 5069 2232 5138 ὀφείλεις
2264 5069 2299 5122 2
2325 5070 2498 5124 Paris.

2070 5139 2182 5211 (55)
2223 5139 2749 5211 ’meaipia'itspor.
2777 5139 2855 5194 Ita
2886 5140 3027 5196 Med.
3061 5149 3117 5197 et
3154 5140 3323 5197 Coisl.
3353 5142 3565 5211 primus

1999 5223 2064 5264 ac
2095 5210 2271 5277 prima
2296 5224 2461 5263 manu
2494 5208 2667 5271 Harl.,
2693 5225 2856 5279 quam
2900 5212 3189 5266 lectionem
3238 5208 3565 5266 confirmant

1999 5279 2361 5352 quatuogalii
2395 5280 2614 5352 codices
2648 5280 2702 5332 in
2745 5280 2948 5349 quibus
2987 5281 3188 5352 legitur
3214 5280 3294 5335 ἐτι
3343 5281 3566 5351 καιριώ-

2001 5365 2178 5420 τερον.
2216 5348 2358 5403 Editi
2379 5347 2758 5420 ,καιριιὶημεροω

2073 5418 2186 5489 (56)
2214 5422 2319 5484 Εἰς
2340 5417 2514 5491 ,ἐνὸρΔ
2543 5417 2833 5486 σώματος.
2885 5419 3051 5475 Cois].
3106 5427 3336 5491 uterque
3372 5427 3427 5476 et
3454 5420 3566 5476 duo

2005 5486 2155 5551 Regii
2170 5486 2264 5551 ei;
2290 5488 2417 5557 μίαν
2449 5486 2723 5557 σώματος.
2954 5506 2965 5513 ’

2076 5564 2090 5581 ’
2120 5560 2271 5614 Alias
2302 5558 2362 5613 L.
2393 5556 2612 5627 Scripta
2642 5572 2787 5613 anno
2816 5558 2941 5613 571.

3221 5724 3297 5784 14
