3988 6194
454 217 561 280 427

1765 232 1819 287 S.
1862 230 2100 289 BASILII
2137 227 2353 285 MAGNI

3606 240 3715 298 £28

453 373 519 410 cl
574 360 776 410 sancta
829 350 1087 407 Ecclesia
1153 351 1504 408 Antiochena
1559 354 1758 425 popqu
1813 354 1867 408 in
1922 353 2018 409 fide

2132 350 2354 416 ξασθαι,
2378 352 2472 414 ,ὅτι
2509 353 2615 406 πᾶν
2648 354 2708 408 τὸ
2742 354 2855 426 (57)
2890 356 3032 411 κατὰ
3062 357 3161 431 τὴν
3189 360 3372 414 πίστιν
3403 361 3719 434 ἔρρωμενσν

456 447 674 500 firmum
713 453 818 511 est,
857 443 912 498 in
950 459 1115 498 unam
1159 445 1508 499 concordiam
1533 454 1590 500 et
1637 446 1898 500 unitatem
1931 447 2027 500 ad-

453 534 769 589 ducendum
793 548 950 599 esse;
989 532 1067 596 id,
1100 533 1350 603 inquam,
1388 534 1525 590 satis
1560 550 1683 589 esse
1718 535 2024 600 videbatur,

454 632 513 677 ut
545 625 989 680 demonstrarem
1037 624 1458 694 religiosissime
1504 627 1767 697 episcopo
1810 625 2027 682 Meletio

451 726 744 785 oportere,
772 731 896 787 qua
943 717 997 770 in
1023 718 1207 786 plures
1252 725 1435 787 partes
1477 732 1627 773 nunc
1666 718 1843 774 divisa
1874 726 2024 784 sunt,

452 808 772 878 adjungere.
795 807 901 863 Sed
935 810 1065 879 quia
1095 809 1237 864 idem
1270 808 1359 863 ille
1386 808 1622 865 dilectus
1652 808 2027 867 condiaconus

454 906 644 953 noster
670 897 975 954 Dorotheus
1014 889 1303 954 clariorem
1333 899 1401 954 de
1437 899 1523 954 bis
1565 900 1894 955 mentionem
1927 915 2028 970 po-

458 990 682 1044 stulavit
706 1029 721 1054 ,
757 991 1077 1045 necessario
1110 999 1384 1046 testamur
1416 1000 1471 1047 et.
1514 993 1772 1048 universo
1815 993 2026 1049 Orienti

457 1081 512 1133 in
539 1081 684 1135 votis
712 1096 869 1147 esse,
897 1089 952 1136 et
994 1097 1024 1136 a
1071 1081 1233 1137 nobis
1263 1080 1482 1137 Meletio
1528 1083 1845 1138 omnimodo
1890 1099 2025 1139 con-

450 1171 659 1240 junctis
685 1172 886 1242 expeti,
917 1180 978 1226 ut
1002 1187 1127 1227 eum
1167 1172 1454 1230 videamus
1487 1171 1785 1228 Ecclesiam
1810 1174 2025 1230 Domini

429 1264 880 1332 gubernantem;
935 1265 1116 1319 virum
1156 1272 1212 1320 et
1258 1264 1365 1320 [ide
1414 1266 1776 1334 inculpatum,
1807 1274 1864 1323 et
1909 1276 2023 1322 tum

453 1355 566 1427 vita
600 1356 810 1410 nullum
855 1370 982 1409 cum
1030 1356 1153 1411 aliis
1182 1357 1578 1427 comparationi
1632 1357 1811 1412 locum
1857 1360 2025 1414 relin-

455 1423 754 1516 quentem;
788 1457 900 1501 tum
930 1447 1076 1517 quod
1130 1447 1247 1517 ipse
1295 1423 1574 1511 universo,
1610 1456 1671 1504 ut
1710 1450 1783 1503 ita
1817 1450 2018 1517 dicam,

455 1537 671 1607 corpori
705 1536 966 1593 Ecclesia
1008 1539 1216 1609 praesit,
1271 1539 1485 1613 reliqua
1528 1556 1657 1596 vero
1706 1541 1818 1597 sint
1874 1543 2022 1597 velut

2132 441 2225 496 τοῦ
2264 444 2402 497 κατὰ
2428 443 2526 515 τὴν
2555 444 2714 513 ἁγίαν
2751 447 3075 520 Ἐκκλησίαν
3116 451 3443 523 Ἀντιοχείας
3471 452 3603 509 λαοῦ
3634 459 3719 521 είς

2135 533 2263 602 μίαν
2297 535 2614 606 συμφωνίαν
2643 535 2737 590 καὶ
2765 536 2960 593 ἕνωσιν
2996 539 3101 612 χρὴ
3132 542 3451 615 ὲναχθῆναι,
3484 545 3625 618 πρὸς
3653 548 3717 603 τὸ

2128 625 2388 698 δηλῶσαι,
2433 627 2514 680 ὅτι
2561 624 2641 695 τῷ
2687 627 3085 703 θεοφιλεστάτῳ
3137 635 3421 707 ὲπισκόπῳ
3467 635 3716 711 Μελετίῳ

2128 717 2236 770 δέοι
2274 716 2343 771 τὰ
2385 720 2467 782 είς
2511 718 2651 790 μέρη
2701 720 2920 775 πλείονα
2962 724 3057 778 νῦν
3097 724 3403 799 διῃρημένα
3456 730 3713 801 συνάψαι.

2129 807 2283 859 Ἐπεὶ
2307 806 2363 860 δὲ
2389 808 2417 860 ό
2438 807 2601 871 αὐτὸς
2632 804 2786 873 οὗτος
2810 813 2839 864 ό
2869 812 3152 883 ἀγαπητὸς
3186 815 3528 883 συνδιάκονος
3554 820 3716 891 ήμῶν

2128 895 2405 968 Δωρόθεος
2444 899 2843 971 ἐναργεστέραν
2873 901 2971 973 τὴν
3006 905 3132 976 περὶ
3169 906 3371 962 τούτων
3409 909 3716 983 ἐπεζήτησα

2133 989 2373 1059 μνήμην,
2424 989 2739 1059 ἀναγκαίως
2778 993 3282 1068 ὲπισημαινόμεθα,
3318 1001 3401 1054 ὅτι
3435 1002 3532 1055 καὶ
3562 1005 3716 1076 πάσῃ

2127 1085 2194 1154 τῇ
2237 1085 2468 1175 ἀνατολῇ
2505 1087 2574 1139 δι’
2595 1087 2782 1158 εὐχῆς,
2816 1091 2911 1143 καὶ
2945 1094 3074 1162 ἡμῖν
3108 1097 3222 1159 τοῖς
3255 1100 3528 1166 παντοίως
3565 1100 3721 1175 αὐτῷ

2130 1174 2497 1265 συ-νημμένοις
2524 1177 2888 1250 ἐπιθυμητὸν,
2917 1183 3078 1238 αὑτὸν
3107 1186 3235 1241 ίδεῖν
3263 1189 3361 1260 τὴν
3385 1192 3717 1265 Ἐκκλησίαν

2124 1261 2379 1317 διέποντα
2400 1262 2494 1317 τοῦ
2523 1266 2748 1337 Κυρίου·
2772 1272 2836 1340 τῇ
2862 1287 2922 1323 τε
2954 1272 3134 1327 πίστει
3161 1278 3529 1350 ἀνεπίληπτον
3558 1261 3713 1352 δντα,

2126 1353 2220 1446 καὶ
2249 1353 2328 1425 τῷ
2354 1354 2455 1426 βίῳ
2480 1356 2736 1428 οὐδεμίαν
2769 1361 2906 1433 πρὸς
2939 1364 3064 1429 τοὺς
3096 1366 3289 1434 ἄλλους
3329 1372 3716 1446 ἐπιδεχόμενον

2125 1443 2434 1536 σόγκρισιν,
2452 1447 2634 1536 καὶτῷ
2661 1449 2770 1521 (58)
2789 1451 2882 1506 τοῦ
2906 1455 3125 1522 παντὸς,
3142 1457 3217 1522 ὡς
3241 1462 3436 1527 εἰπεῖν,
3459 1443 3715 1536 σώματος

2120 1530 2222 1600 τῆς
2253 1532 2581 1604 Ἐκκλησίας
2612 1537 2773 1591 αὐτὸν
2813 1542 3165 1613 προεστάναι,
3202 1545 3271 1600 τά
3305 1548 3363 1602 δὲ
3405 1530 3568 1605 λοιπά
3599 1530 3714 1608 οἷον

436 1627 692 1695 partium
755 1636 1060 1698 segmenta.
1121 1628 1304 1694 Quare
1336 1630 1593 1701 undique
1645 1631 2017 1687 necessarium

2126 1637 2190 1691 με
2200 1621 2305 1692 ρῶν
2326 1623 2699 1697 ἀποτμήματα
2722 1624 2857 1684 εἶναι
2867 1671 2881 1684 .
2891 1633 3052 1687 Ὥστε
3068 1637 3402 1709 πανταχόθεν
3415 1642 3714 1712 ἀναγκαῖόν

427 1716 622 1771 .simul
652 1726 722 1772 et
770 1718 938 1783 utile,
979 1717 1110 1773 huic
1164 1720 1282 1774 viro
1327 1719 1592 1790 conjungi
1635 1719 1821 1785 alios,
1877 1719 2018 1775 velut

2126 1728 2201 1807 ’τε⁸
2409 1717 2503 1769 καὶ
2536 1720 2822 1807 συμφέρον
2856 1723 2934 1796 τῷ
2974 1726 3129 1798 ἀνδρὶ
3162 1729 3339 1803 τούτῳ
3375 1709 3711 1807 πναιρθῆναι

336 1848 344 1855 .
453 1809 776 1867 ﬂuminibus
834 1812 1053 1883 magnis
1113 1812 1392 1868 minora:
1450 1812 1601 1867 circa
1648 1811 1785 1867 alios
1841 1818 2018 1866 autem

2126 1801 2250 1895 τους
2282 1803 2494 1871 ἄλλους,
2520 1806 2707 1880 ὥσπερ
2736 1813 2847 1876 τοῖς
2877 1814 3133 1883 μεγάλοις
3156 1818 3264 1873 τῶν
3296 1801 3555 1895 ποταμῶν
3583 1801 3713 1890 τοὺς

438 1904 673 1975 aliquod
727 1912 1217 1975 temperamentum
1268 1904 1552 1970 adhiberi,
1606 1903 1753 1974 quod
1798 1911 1853 1959 et
1900 1903 2018 1957 illis

2126 1893 2395 1960 ἐλάττους·
2431 1901 2558 1970 περὶ
2588 1901 2645 1954 δὲ
2677 1902 2804 1967 τοὺς
2841 1904 3033 1972 ἄλλους
3060 1911 3314 1978 γενέσθαι
3351 1893 3471 1971 τινά
3499 1919 3711 1974 οἰκονο-

454 1992 851 2064 conveniat,-et
879 1998 1131 2070 pacificet
1165 1999 1449 2069 populum,
1483 2005 1539 2053 et
1584 1996 1887 2067 prudentia
1917 2003 2018 2050 tua

2127 1986 2276 2085 μίαν,
2317 1988 2417 2060 τὴν
2444 1993 2728 2060 κάκείνοις
2762 1998 3098 2069 πρέπουσαν,
3130 2006 3228 2060 καὶ
3259 2006 3351 2062 τὸν
3387 2008 3514 2064 λαὸν
3550 2005 3711 2085 etpu-

453 2103 520 2144 ac
545 2102 806 2160 perquam
850 2089 1053 2145 celebri
1099 2089 1335 2144 solertia
1385 2087 1679 2158 studioque
1724 2092 2016 2157 competat.

452 2176 720 2234 Caterum
765 2178 1024 2235 eximiam
1071 2186 1224 2233 tuam
1280 2176 1628 2247 prudentiam
1661 2176 1812 2231 nullo
1859 2174 2023 2229 modo

452 2269 602 2335 latet,
640 2268 829 2324 eadem
881 2269 992 2340 jam
1046 2276 1102 2323 et
1149 2266 1503 2322 unanimibus
1550 2265 1663 2321 tuis
1703 2264 2023 2320 Occidenta-

452 2361 599 2418 libus
643 2362 954 2432 placuisse,
989 2367 1048 2415 ut
1090 2361 1391 2416 ostendunt
1435 2359 1759 2426 litteraper
1799 2357 2018 2411 beatum

453 2453 750 2526 Sylvanum
787 2453 949 2509 nobis
972 2453 1171 2507 allatae.

821 2655 975 2726 161
1015 2652 1356 2709 EPISTOLA
1394 2650 1642 2707 LXVIII“.

2124 2077 2417 2179 νεόουσαν,
2430 2084 2539 2179 καὶ
2558 2088 2624 2179 τῇ
2651 2091 2715 2159 σῇ
2740 2090 2963 2147 συνέσει
2986 2095 3078 2148 καὶ
3102 2098 3412 2173 περιϐοήτῳ
3430 2077 3715 2179 ὲντρεέείᾳ

2129 2170 2224 2223 καὶ
2255 2172 2455 2245 σπουδῇ
2489 2177 2901 2240 ἐπιϐάλλουσαν.
2946 2187 3169 2254 Πάντως
3198 2191 3255 2245 δὲ
3287 2170 3391 2248 οὖκν
3421 2170 3709 2253 ἔλαθέ-σου

2126 2260 2225 2331 τὴν
2252 2261 2659 2339 ἀνυπέρϐλητον
2686 2268 2976 2347 φρόνησιν,
3008 2278 3092 2333 ὄτι
3118 2281 3217 2353 ἤδη
3251 2285 3480 2351 καὶτοῖς
3499 2288 3710 2359 ὁμοψὺ-

2126 2368 2241 2423 χοις
2281 2370 2374 2409 σου
2419 2361 2531 2422 τοῖς
2569 2362 2710 2416 κατὰ
2744 2364 2843 2437 τὴν
2893 2368 3045 2424 δύσιν
3081 2372 3150 2428 τά
3190 2375 3330 2430 αὐτὰ
3371 2377 3543 2433 ταῦτα
3585 2397 3713 2435 συν-

2125 2444 2474 2541 ήρεσενςξθν
2508 2449 2583 2515 ὡς
2623 2451 2773 2525 δηλοῖ
2802 2458 2871 2512 τὰ
2901 2461 3206 2534 γράμματα
3241 2468 3310 2521 τὰ
3345 2469 3434 2524 διὰ
3469 2470 3566 2526 τοῦ
3598 2490 3713 2541 μα·-

2124 2533 2316 2605 καρίου
2350 2537 2642 2596 Σιλουανοῦ
2667 2544 2997 2617 κομισθέντα
3017 2533 3171 2624 ἡμῖν.

2664 2661 3014 2722 ΕΠΙΣΤΟΛΗ
3050 2667 3177 2724 ΞΗ’.

454 2777 572 2826 Cum
605 2770 793 2823 Meletio
817 2769 918 2837 agit
947 2768 1159 2821 Basilius
1185 2770 1246 2822 de
1269 2766 1504 2820 Dorotlieo
1526 2769 1722 2816 Romam
1753 2760 2018 2875 ιηὶιιεηιιιέὶι

2126 2765 2244 2879 gtiat
2284 2771 2346 2823 de
2382 2768 2579 2842 Euippii
2614 2780 2839 2846 adventu,
2873 2790 2921 2836 et
2947 2774 3177 2838 aliorum
3213 2790 3511 2843 Arianorum
3534 2806 3684 2859 sup.

721 2926 729 2935 ’
800 2941 1046 3006 Meletio,
1078 2943 1316 3012 episcopo
1349 2940 1660 2995 Antiochia.

2392 2947 2678 3015 Μελετίῳ,
2709 2952 3021 3021 ἐπισκόπῳ
3048 2957 3433 3028 Ἀντιοχείας.

524 3032 800 3089 Hactenus
851 3034 1070 3104 quidem
1116 3033 1390 3087 voluimus
1439 3032 1675 3086 retinere
1726 3028 1869 3100 apud
1917 3042 2018 3083 nos

2156 3032 2342 3125 ’Τέως
2398 3039 2499 3109 μὲν
2545 3009 2921 3119 ἠϐουλήθημεν
2973 3009 3443 3125 vita}
3493 3055 3709 3121 ἑαυτοῖς

444 3125 922 3196 religiosissimum
968 3123 1190 3180 fratrem
1233 3124 1564 3179 Dorotheum
1598 3121 2019 3186 condiaconum,

453 3225 514 3272 ut
534 3232 659 3273 eum
689 3217 793 3272 sub
820 3215 980 3272 linem
1014 3217 1357 3287 negotiorum
1385 3216 1744 3281 dimittentes,
1775 3214 2022 3285 singulas

452 3322 547 3362 res
581 3312 766 3378 gestas
812 3307 1148 3377 praestantia
1177 3314 1282 3361 tua
1330 3322 1426 3377 per
1458 3307 1637 3375 ipsum
1685 3302 2022 3376 signiﬁcare-

452 3410 597 3451 mus.
627 3394 737 3451 Sed
766 3406 942 3451 tamen
969 3397 1250 3466 quoniam,
1290 3393 1418 3449 dum
1457 3395 1599 3450 diem
1629 3409 1697 3449 ex
1737 3392 1824 3448 die
1868 3392 2022 3448 dill‘e-

454 3487 655 3551 rimus,
687 3488 741 3542 in
778 3487 998 3558 longum
1042 3495 1259 3557 tempus
1292 3485 1551 3556 protracli
1583 3500 1803 3546 sumus,
1831 3484 2019 3538 statim

452 3586 619 3648 atque
664 3578 862 3642 nobis,
899 3586 960 3632 ut
1008 3579 1064 3632 in
1123 3578 1288 3632 rebus
1317 3575 1683 3643 dillicillimis,
1728 3576 2020 3631 consilium

452 3669 676 3741 aliquod
721 3669 988 3725 de'rebus
1018 3669 1244 3740 agendis
1284 3671 1340 3723 in
1389 3678 1627 3723 mentem
1660 3669 1833 3732 venit,
1866 3667 2022 3723 misi-

450 3777 576 3817 mus
618 3762 940 3833 praedictum
981 3762 1183 3825 virum,
1237 3761 1332 3832 qui
1387 3761 1733 3815 sanctitatem
1781 3767 2018 3815 vestram

450 3856 766 3917 conveniat,
799 3853 1113 3924 referatque
1151 3868 1250 3923 per
1293 3867 1353 3908 se
1382 3852 1497 3922 ipse
1530 3851 1763 3922 singula,
1786 3858 1841 3904 et
1870 3866 2022 3905 com-

452 3949 782 4004 mentarium
819 3955 1069 4004 nostrum
1101 3945 1377 4010 ostendat,
1398 3954 1457 4001 ut
1482 3945 1528 4001 si
1558 3945 1713 3999 utilia
1735 3943 2021 3999 videantur

450 4054 574 4109 qua
604 4055 635 4093 a
664 4038 828 4094 nobis
864 4040 1171 4110 excogitata
1213 4045 1364 4101 sunt,
1403 4052 1467 4093 ea
1509 4037 1566 4092 in
1611 4051 1728 4092 rem
1779 4034 2019 4090 conferri

450 4139 607 4186 curet
634 4140 819 4186 vestra
856 4131 1198 4200 praestantia.
1230 4129 1355 4185 IIac
1385 4138 1589 4196 autem,
1623 4136 1681 4183 ut
1715 4128 1772 4183 in
1801 4142 2016 4183 summa

449 4221 653 4285 dicam,
684 4222 817 4276 vicit
847 4223 1148 4290 sententia,
1179 4229 1241 4276 ut
1286 4220 1430 4277 idem
1479 4222 1569 4276 ille
1619 4220 1785 4275 frater
1830 4227 2017 4273 noster

2121 3121 2211 3175 τὸν
2236 3125 2630 3186 εὐλαϐέστατον
2659 3135 2886 3206 ἀδελφὸν
2908 3121 3183 3211 Δωρόθεον
3211 3142 3304 3195 τὸν
3335 3121 3705 3210 συνδιάκονον,

2120 3216 2283 3280 ὥστε,
2319 3221 2411 3273 ἐπὶ
2435 3222 2513 3294 τῷ
2536 3224 2681 3279 τέλει
2711 3227 2818 3282 τῶν
2846 3233 3186 3302 πραγμάτων
3218 3234 3704 3307 άποπεμψάμενοι,

2120 3310 2388 3404 γνωρίσαι
2440 3313 2509 3367 δι’
2558 3318 2724 3372 αὑτοῦ
2770 3319 2975 3377 ἕκαστα
3020 3323 3130 3377 τῶν
3176 3329 3580 3399 πεπραγμένων
3634 3333 3704 3404 τῇ

2119 3403 2391 3475 τιμιότητί
2424 3423 2535 3460 σου.
2556 3404 2712 3462 Ἐπεὶ
2729 3409 2786 3463 δὲ
2810 3412 3023 3484 ἡμέραν
3036 3416 3094 3482 ἐξ
3109 3416 3321 3488 ἡμέρας
3342 3403 3708 3493 ὑπερτιθέμεέ

2120 3509 2202 3546 νοι
2224 3495 2302 3558 είς
2330 3496 2464 3552 πολὺ
2493 3497 2586 3552 τοῦ
2614 3499 2804 3573 χρόνου
2835 3506 3113 3578 παρετάθη
3122 3525 3244 3577 μεν,
3268 3510 3363 3563 καὶ
3384 3510 3521 3582 ἃμα,
3544 3512 3623 3576 ὡς
3644 3514 3706 3569 ὲν

2121 3585 2373 3657 ἀπόροις,
2420 3588 2582 3662 βουλή
2608 3609 2712 3657 -τις
2754 3595 2888 3665 ἡμῖν
2944 3596 3166 3651 ἐνέπεσε
3224 3600 3355 3671 περὶ
3408 3600 3519 3656 τῶν
3560 3619 3705 3675 πρα-

2122 3679 2294 3732 κτέων
2307 3679 2439 3752 (60),
2460 3683 2862 3756 ἀπεστείλαμεν
2876 3687 2968 3741 τὸν
2991 3692 3388 3762 προειρημένον
3409 3693 3577 3766 ἄνδρα
3600 3714 3703 3750 κα-

2121 3771 2372 3826 ταλαϐεῖν
2404 3773 2559 3844 ὑμῶν
2598 3776 2695 3847 τὴν
2725 3777 3011 3850 ὁσιότητα,
3044 3781 3138 3834 καὶ
3168 3779 3235 3833 δι’
3275 3782 3468 3837 ἑαυτοῦ
3501 3801 3563 3838 τε
3608 3785 3705 3840 άν-

2121 3868 2363 3932 ενεγκεῖν
2384 3865 2610 3931 ἕκαστα,
2629 3868 2799 3922 καὶτὸ
2821 3870 3222 3942 ὑπομνηστικδν
3236 3876 3268 3945 ἡ
3279 3875 3392 3945 μῶν
3417 3877 3700 3943 ἐπιδεῖξαι,

2123 3955 2208 4009 ῐνα
2227 3995 2243 4017 ,
2277 3958 2325 4010 εί
2356 3956 2545 4029 φανείη
2579 3960 2865 4031 χρησίμως
2893 3961 3037 4033 ἔχειν
3064 3963 3133 4018 τὰ
3165 3969 3294 4038 παρ’
3324 3968 3480 4040 ἡμῶν
3510 3972 3702 4043 ἐννοη-

2121 4047 2301 4115 θέντα,
2343 4051 2424 4113 είς
2446 4049 2606 4121 ἔργον
2633 4051 2805 4107 ἐλθεῖν
2834 4054 2986 4125 παρὰ
3009 4055 3110 4126 τῆς
3137 4057 3409 4130 ὑμετέρας
3427 4061 3704 4136 τελειότη-

2120 4156 2212 4203 τος
2255 4140 2637 4212 σπουδασθειη.
2682 4142 2773 4207 Ὠς
2817 4143 2877 4197 δὲ
2922 4146 3202 4218 συντόμως
3247 4152 3448 4219 εἰπεῖν,
3502 4151 3698 4226 γνώμη

2121 4231 2426 4303 ἐκράτησεν
2461 4232 2554 4285 ἐπὶ
2571 4233 2669 4305 τὴν
2689 4234 2909 4308 Ῥώμην
2931 4236 3181 4309 διαϐῆναι
3201 4240 3293 4294 τὸν
3319 4242 3483 4297 αὐτὸν
3507 4243 3699 4299 τοῦτον

448 4312 755 4369 Dorotheus
774 4314 1001 4369 Romam
1029 4315 1436 4386 proﬁciscatur,
1458 4314 1766 4382 excitetque
1796 4311 2015 4382 aliquos

2126 4321 2345 4390 ἀδελφὺν
2367 4321 2525 4394 ἡμῶν
2550 4325 2852 4397 Δωρόθεον,
2884 4327 3236 4401 διαναστῆσαί
3263 4350 3415 4399 τινας
3446 4336 3557 4390 τῶν
3588 4338 3699 4391 ἀπὺ

448 4419 515 4457 ex
542 4402 698 4460 Italia
727 4406 821 4476 qui
854 4422 957 4461 nos
997 4407 1258 4472 invisam,
1287 4406 1426 4461 mari
1471 4412 1708 4468 utentes,
1751 4411 1811 4459 ut
1841 4405 2012 4458 inter-

446 4498 741 4567 pellatores
769 4496 1032 4552 devitent.
1051 4497 1429 4553 Animadverti
1451 4496 1597 4552 enim
1631 4512 1727 4553 eos
1747 4497 1839 4567 qui
1868 4496 2012 4567 apud

445 4586 834 4658 Imperatorem
901 4596 1153 4658 potentes
1203 4596 1356 4654 sunt,
1404 4605 1581 4660 neque
1626 4590 1785 4653 velle,
1837 4603 2014 4658 neque

444 4697 608 4752 posse
654 4681 809 4735 illum
859 4680 927 4736 de
970 4682 1255 4737 exsulibus
1293 4682 1668 4738 submonere:
1726 4682 1822 4738 sed
1865 4683 2012 4753 quod

442 4774 580 4828 nihil
626 4774 785 4844 pejus
816 4774 873 4828 in
904 4773 1158 4831 ecclesiis
1192 4774 1308 4830 ﬁeri
1341 4773 1585 4842 videant,
1638 4774 1693 4830 id
1728 4790 1829 4846 pro
1854 4775 2012 4831 lucro

509 4904 713 4977 {tilias
751 4904 911 4977 LVII.
941 4905 1158 4977 Scripta
1185 4923 1330 4963 anno
1356 4908 1483 4963 571.

510 4975 623 5050 (5])
659 4976 778 5050 ’ζοτι
809 4975 1173 5050 mira-ofﬂa
1217 4993 1348 5050 mss.
1383 4986 1612 5050 septem.
1653 4976 1796 5033 Editi
1819 4980 2011 5050 ὅτιπερ

433 5046 517 5099 τό.
546 5045 717 5100 Paulo
748 5055 870 5123 post
898 5045 1408 5123 editiowaxeﬁvat.
1440 5048 1591 5104 Harl.
1614 5055 1670 5103 et
1701 5051 1872 5105 Coisl.
1898 5045 2011 5123 pri-

436 5131 558 5170 mus
592 5129 716 5169 cum
749 5117 926 5170 tribus
965 5117 1088 5173 aliis
1122 5117 1260 5172 utin
1287 5117 1465 5173 textu.

506 5185 620 5260 (58)
644 5186 767 5260 _Kai_
788 5186 888 5252 τῷ.
915 5185 1056 5241 Editi
1081 5188 1175 5241 καὶ
1192 5188 1278 5260 τό.
1315 5187 1422 5260 Sed
1450 5189 1555 5243 hoc
1577 5198 1839 5252 erratum,
1863 5190 2009 5260 quod

434 5256 831 5331 toti_epist_ola_
861 5261 1116 5331 tenebras
1146 5257 1500 5331 “fundebat,
1535 5261 1859 5331 sustulimus
1879 5256 2011 5331 fop‘e

433 5324 685 5400 codicum
707 5326 923 5400 llarl‘._et
948 5329 1118 5400 (ξοῇειἶ
1141 5329 1580 5400 ιιιιεῑιιείιυεΝιιι.
1599 5340 1653 5384 et
1669 5327 1801 5399 Reg.
1823 5324 2006 5400 primi.

432 5390 756 5473 I’aulopost
783 5397 916 5452 editi
943 5399 993 5451 οί
1022 5398 1079 5452 δὲ
1107 5390 1354 5453 λοιπο“ι..ῖ
1386 5399 1496 5471 εἴη.
1539 5390 1914 5469 Septem-mss.
1949 5411 2010 5457 ut

432 5472 490 5517 In
522 5472 694 5518 textu.

504 5532 615 5603 (59)
647 5533 1013 5602 Συνήρεσεν.
1049 5536 1127 5591 Ita
1160 5552 1256 5594 sex
1287 5539 1509 5597 codices
1546 5546 1600 5598 et
1627 5545 1855 5599 vetusta
1882 5540 2002 5599 edi-

428 5601 629 5677 tiones.
661 5601 987 5665 PariSiensis
1019 5609 1353 5679 συνήρεσκεν

2121 4416 2219 4485 τῆς
2247 4415 2503 4481 Ἰταλίας,
2562 4418 2699 4491 πρὸς
2748 4420 2845 4492 τὴν
2902 4422 3190 4493 ἐπίσκεψιν
3240 4424 3396 4495 ἡμῶν
3452 4424 3697 4500 θαλάσσῃ

2118 4507 2496 4579 χρησαμένους
2527 4509 2659 4580 (6i),
2693 4512 2778 4565 ἵνα
2805 4514 2931 4577 τοὺς
2961 4513 3348 4585 ἐμποδίζοντας
3366 4515 3691 4586 διαφύγωσι.

2118 4600 2256 4663 Τοὺς
2293 4600 2400 4672 γὰρ
2454 4601 3026 4674 παραδυναστεύοντας
3067 4608 3182 4670 τοῖς
3221 4607 3515 4677 κρατοῦσιν
3552 4605 3695 4663 εἶδον

2119 4687 2286 4758 μηδὲν
2321 4688 2694 4761 βουλομένους,
2727 4694 2866 4764 μήτε
2895 4692 3227 4765 δυναμένους
3254 4697 3693 4768 ὑπομιμνήσκειν

2115 4778 2278 4832 αὐτὸν
2320 4778 2432 4850 (62)
2474 4781 2605 4854 περὶ
2642 4781 2751 4837 τῶν
2785 4783 3221 4856 έκὸεὸλημένων,
3260 4786 3395 4841 ἀλλὰ
3424 4787 3487 4840 τὸ
3526 4790 3602 4860 μή
3636 4805 3691 4842 τι

2186 4912 2301 4995 (60)
2327 4914 2468 4995 Iit-2p!
2499 4915 2626 4995 τῶς
2661 4918 2987 4995 πρακτέων.
3029 4918 3165 4995 Tres
3206 4935 3341 4995 mss.
3394 4935 3503 4975 non
3546 4922 3692 4995 anti-

2112 4984 2365 5059 quissimi
2392 4988 2521 5059 περὶ
2547 4984 2658 5059 τῷν
2682 4984 3081 5059 προκειμένων,
3111 4993 3175 5045 de
3198 4990 3352 5059 rebus
3380 4992 3685 5059 propositis.

2112 5051 2237 5131 μοχ
2271 5053 2407 5109 editi
2435 5051 2799 5131 κάταλαλεῑνκ
2813 5051 3042 5131 excepta
3066 5051 3310 5116 editione
3331 5058 3368 5114 2
3383 5051 3570 5116 ‘Pai'is.
3594 5059 3689 5116 Li-

2112 5122 2197 5177 bri
2233 5131 2445 5181 veteres
2472 5134 2531 5180 ιιι
2560 5127 2615 5180 in
2646 5122 2817 5182 textu.

2183 5193 2784 5283 l‘?‘l§€"?¢“£‘é"£?€-
2833 5196 3016 5283 coscs
3040 5198 3356 5283 .Medﬁcm
3400 5199 3684 5283 χρησομέ·

2183 5217 2298 5265 ψι)
2331 5217 2784 5266 Λρησαμενους.
2833 5217 3016 5285 ιιορθξ
3066 5217 3356 5281 medicatus
3400 5217 3684 5325 1916015-

2110 5263 2458 5387 Yf::i‘:’:ulo
2481 5274 2608 5321 ante
2647 5265 2788 5322 Med.
2820 5278 2874 5324 ct
2903 5269 3078 5325 bonsl.
3106 5284 3320 5341 primus
3356 5286 3467 5324 των
3522 5288 3560 5325 κ
3580 5286 3686 5342 της

2194 5351 2369 5389 αΑιας.

2181 5371 2546 5479 '(é'é'ﬂiawr.
2587 5404 2673 5479 Ita
2703 5406 2872 5479 editio
2912 5405 3123 5479 Hagan.
3159 5418 3216 5465 et
3246 5411 3269 5466 Ι
3303 5408 3471 5467 Basn.
3501 5418 3682 5479 etco-

2109 5471 2445 5547 die'es'Med:
2478 5484 2534 5530 et
2575 5476 2742 5532 Coisl.
2782 5471 3148 5547 primus'cum
3180 5481 3359 5536 tribus
3387 5480 3534 5536 aliis.
3558 5477 3679 5535 Non

2107 5552 2289 5599 exstat
2313 5546 2365 5598 in
2397 5544 2681 5600 IIarlaano
2711 5544 2903 5605 codice
2929 5549 3044 5607 hac
3066 5552 3317 5608 eoistola.
3342 5548 3488 5608 Edit.
3512 5548 3552 5606 2
3577 5548 3682 5604 Ba-

2107 5614 2196 5670 sil.
2225 5622 2279 5669 et
2306 5612 2481 5672 Paris.
2509 5615 2723 5681 αὐτούς.
