3988 6194
340 400 448 460 €29

1272 406 1758 465 EPISTOLABUM
1795 407 2078 465 CLASSIS
2117 410 2182 463 ll.
2222 409 2442 467 EPIST.
2486 407 2677 465 LXIX.

3479 413 3583 471 ιω

339 528 521 596 χεῖρον
543 525 669 578 ίδείν
690 525 747 578 ὲν
765 527 885 590 ταῖς
911 525 1224 598 ἐκκλησίαις
1251 529 1530 601 γινόμενον
1561 529 1750 602 κέρδος
1777 529 1904 584 τιθε-

2015 535 2231 590 ducere.
2262 533 2452 604 igitur,
2485 535 2529 590 si
2574 542 2626 589 et
2661 533 2962 604 prudentia
2990 543 3095 590 tua!
3121 533 3252 590 utile
3295 536 3584 591 consilium

344 614 560 685 μένους.
583 616 648 670 El
675 611 768 670 οὖν
805 617 898 670 καὶ
919 620 985 689 τῇ
1011 619 1075 689 σῇ
1111 619 1370 690 φρονήσει
1397 621 1667 692 χρήσιμον
1695 615 1835 674 εἶναι
1857 620 1918 674 τὺ

343 704 616 777 βούλευμα
663 707 1012 780 παρασταίη,
1066 707 1424 774 καταξιώσεις
1483 712 1578 764 καὶ
1631 712 1918 778 ἐπιστολὰς

337 797 612 861 τυπῶσαι,
642 800 738 852 καὶ
761 800 1139 871 ὑπομνηστικὰ
1165 801 1536 873 ὑπαγορεῦσαι
1561 804 1684 876 περὶ
1707 797 1782 858 ὧν
1812 805 1916 876 χρὴ

331 887 682 962 διαλεχθῆναι
721 891 913 956 αὐτὸν,
958 893 1051 946 καὶ
1091 893 1228 964 πρὸς
1267 895 1418 958 τίνας
1458 895 1614 965 (65).
1658 896 1821 949 Ὥστε
1847 896 1916 949 δὲ

333 979 484 1051 ἔχειν
515 979 856 1046 ἀξιοπιστίαν
883 981 1006 1035 τινὰ
1035 982 1102 1035 τὰ
1139 984 1474 1054 γράμματα,
1508 985 1917 1058 συμπαραλήψῃ

333 1072 556 1134 πάντως
593 1071 719 1135 τοὺς
757 1071 1175 1143 ὁμογνώμονας,
1215 1074 1318 1128 κᾶν
1357 1075 1430 1146 μὴ
1467 1077 1702 1148 παρῶσι.
1749 1076 1832 1129 Τὰ
1868 1076 1914 1129 δ’

330 1161 568 1215 ινταῦθα
594 1161 674 1215 ἔτι
705 1162 851 1214 ἐστὶν
881 1164 938 1215 ὲν
968 1163 1168 1235 ἀδήλῳ,
1200 1165 1294 1218 τοῦ
1330 1165 1595 1219 Εὑῖππίου
1619 1182 1916 1234 παραγενο-

332 1249 499 1321 μένου
551 1252 670 1322 μὲν,
715 1251 879 1322 μηδὲν
919 1253 976 1305 δὲ
1019 1254 1155 1318 τέως
1207 1256 1558 1326 ἐκφήναντος.
1607 1256 1914 1309 Ἀπειλοῦσι

333 1341 522 1410 μέντοι
544 1342 636 1395 καὶ
656 1342 957 1413 συνδρομήν
978 1361 1098 1398 τινα
1130 1347 1528 1417 όμογνωμόνων
1556 1347 1742 1410 αὐτοῖς
1765 1346 1828 1398 ἐκ
1854 1363 1912 1398 τε

327 1431 432 1502 σῆς
457 1429 745 1503 ’Δρμενίας
771 1434 869 1504 τῆς
890 1433 1275 1506 Τετραπόλεως
1300 1439 1394 1492 καὶ¹
1429 1441 1494 1492 ἐκ
1521 1439 1617 1509 τῆς
1640 1439 1908 1502 Κιλικίας.

859 1571 1205 1643 amarem
1242 1592 1362 1646 Ξθο.

2016 641 2143 680 esse
2173 625 2354 680 visum
2391 625 2576 687 fuerit,
2611 625 2907 696 dignabere
2944 631 2999 681 et
3027 625 3290 695 epistolas
3330 641 3583 692 exarare,

2015 724 2070 770 et
2099 716 2552 770 commentarium
2590 715 2824 783 dictare,
2875 714 2944 772 de
2989 717 3214 786 quibus,
3242 727 3298 772 et
3340 716 3408 772 ad
3445 733 3586 788 quos

2021 803 2202 874 ipsu‘m
2235 805 2399 860 verba
2444 804 2625 860 facere
2669 813 2939 875 oporteat.
2969 807 3149 876 Atque
3192 814 3254 860 ut
3283 807 3587 865 auctorita~

2017 901 2122 947 tem
2180 893 2418 963 aliquam
2465 893 2704 948 habeant
2757 894 2992 958 litteraz,
3039 895 3306 966 adjunges
3357 897 3587 951 omnino

2014 997 2108 1036 eos
2155 982 2250 1052 qui
2297 983 2439 1038 idem
2489 985 2753 1050 sentiunt,
2799 985 3013 1041 etiamsi
3062 1002 3173 1040 non
3229 987 3432 1042 adsint.
3483 986 3586 1042 Hic

2014 1078 2199 1126 autem
2238 1087 2327 1126 res
2357 1072 2577 1126 incerta:
2606 1072 2784 1127 adhuc
2811 1081 2863 1128 et
2896 1074 3110 1142 dubiae;
3142 1091 3268 1130 cum
3311 1075 3584 1148 Euippius

2011 1163 2295 1218 advenerit
2340 1162 2598 1234 quidem,
2633 1165 2727 1219 sed
2772 1165 3015 1220 nondum
3057 1167 3356 1238 quidquam
3399 1168 3582 1224 decla—

2010 1255 2236 1310 raverit.
2270 1253 2552 1309 Minantur
2583 1256 2802 1325 quidem
2835 1266 2890 1311 et
2920 1273 3254 1313 concursum
3287 1259 3584 1329 quemdam

2009 1361 2222 1407 eorum,
2249 1345 2342 1415 qui
2388 1345 2528 1399 idem
2573 1361 2636 1400 ac
2671 1347 2748 1400 illi
2787 1347 3052 1412 sentiunt,
3080 1364 3144 1403 ex
3185 1349 3443 1406 Armenia
3473 1349 3580 1406 Te-

2008 1437 2206 1507 trapoli
2231 1447 2285 1491 et
2311 1453 2379 1491 ex
2409 1436 2622 1492 Cilicia.

2490 1587 2829 1644 EPISTOLA
2865 1589 3072 1646 LXIX‘.

329 1702 519 1771 Lagdat
543 1699 755 1771 Basilius
795 1701 1042 1771 Athanasii
1065 1702 1276 1771 studium
1305 1711 1349 1754 et
1386 1718 1555 1771 curam
1579 1703 1794 1771 omnium
1820 1704 2143 1771 Ecclesjarum
2167 1717 2185 1754 :
2206 1704 2387 1771 gratias
2409 1702 2509 1767 agit
2529 1703 2909 1771 ob__missum.ad
2934 1719 2986 1756 se
3009 1708 3213 1771 Petram
3233 1707 3580 1771 presbyterum.

392 1766 581 1831 Iterum
599 1763 663 1831 (ιᾴ
683 1762 957 1831 transmittit
979 1765 1284 1831 Daret/tcum,
1309 1765 1482 1831 ut_ejus
1502 1765 1719 1831 consiliis
1731 1765 1946 1831 inanitas
1970 1768 2171 1831 Romani
2193 1762 2546 1831 proﬁciscatur.
2584 1765 2965 1831 Narrqtvisum
2985 1762 3324 1831 essetfoqiam
3348 1762 3581 1831 scribere,

388 1832 443 1877 ul
465 1825 577 1876 inde
581 1823 759 1891 jdonei
795 1823 1224 1891 legatimittanmr.
1243 1823 1512 1891 ac_pla}'ere
1544 1827 1802 1891 nonnullis,
1829 1834 1879 1876 ut
1893 1827 2098 1891 Romani
2124 1823 2408 1891 Marce'ltum
2431 1826 2673 1891 damnent,
2703 1825 2887 1891 sibique
2914 1825 3042 1876 idem
3066 1827 3240 1879 videri.
3269 1831 3420 1891 Rogat
3443 1823 3582 1881 deni:

389 1883 864 1998 Μυρνοιὴρωῆ
885 1886 1187 1956 adprimant
1200 1883 1550 1957 navigationem
1571 1883 1799 1948 dimittat,
1819 1894 1864 1938 et
1886 1887 2064 1952 legatos
2082 1901 2144 1939 ex
2168 1887 2423 1938 Occidente
2453 1883 2756 1939 advenientes
2781 1883 2985 1946 moneat,
3012 1891 3254 1950 quomodo
3292 1883 3391 1954 pax
3425 1891 3582 1944 conci-

581 1954 644 1997 stt
664 1960 722 1996 ac
745 1961 795 1998 tn
815 1961 988 1998 prmus
1005 1949 1219 1998 Ecclesia
1242 1951 1531 1998 Annae/aena
1552 1949 1787 1998 curanda.

581 1946 644 1997 sit
664 1960 722 1996 ac
745 1945 795 1998 in
815 1945 988 2012 primis
1005 1947 1219 1999 Ecclesia
1242 1945 1531 2001 An‘tiocltena
1552 1945 1787 2000 curanda.

518 2057 860 2122 Ἄθανασίφ,
901 2058 1210 2126 ἐπισκόπῳ
1259 2059 1710 2128 Ἀλεξανδρείας.

400 2169 455 2223 1.
496 2169 599 2222 Ἦν
631 2171 697 2222 ὲκ
748 2169 977 2224 παλαιοῦ
1011 2170 1118 2242 (64)
1154 2172 1281 2244 περὶ
1323 2172 1424 2243 τῆς
1459 2191 1558 2244 σης
1592 2173 1900 2244 τιμιότητος

327 2259 600 2330 ὑπόληψιν
638 2259 866 2332 ἔσχομεν
888 2301 902 2325 ,
938 2262 1140 2334 ταύτην
1171 2265 1200 2316 ό
1232 2264 1419 2335 χρόνος
1452 2263 1658 2335 προῖὼν
1695 2264 1779 2318 ἀεὶ
1812 2265 1902 2335 βε-

328 2349 506 2404 ϐαιοῖο
561 2351 760 2421 μᾶλλον
791 2353 848 2406 δὲ
877 2353 973 2406 καὶ
1005 2354 1254 2418 συναύξει
1282 2357 1402 2418 ταῖς
1434 2356 1770 2426 προσθήκαις
1796 2356 1904 2408 τῶν

327 2440 476 2494 κατὰ
517 2442 681 2514 μέρος
716 2445 1127 2515 ἐπιγινομένων.
1166 2442 1286 2499 Ὅτι
1316 2445 1424 2499 τῶν
1452 2447 1550 2517 μὲν
1593 2446 1766 2500 ἄλλων
1793 2450 1905 2509 τοῖς

330 2534 609 2600 πλείστοις
642 2534 860 2608 ἐξαρκεί
889 2537 950 2590 τὸ
999 2537 1120 2592 καθ’
1154 2539 1348 2592 ἑαυτὸν
1389 2538 1620 2593 ἕκαστον
1648 2556 1904 2611 περισκοο

330 2627 459 2678 πεῖν
481 2641 494 2656 ⁸
529 2626 613 2678 σοὶ
649 2626 707 2679 δὲ
746 2628 844 2698 οὐχ
880 2627 1060 2682 ἱκανὸν
1091 2627 1265 2693 τοῦτο,
1307 2628 1421 2682 ἀλλ’
1463 2630 1496 2700 ἡ
1540 2629 1779 2700 μέριμνά
1822 2647 1902 2682 σοι

333 2717 525 2772 πασῶν
557 2718 664 2772 τῶν
711 2719 1046 2792 Ἐκκλησιῶν
1078 2720 1310 2792 τοσαύτη
1333 2763 1348 2786 ,
1375 2721 1475 2792 ὅση
1507 2723 1600 2776 καὶ
1631 2724 1727 2794 τῆς
1759 2722 1904 2784 ἰδίως

329 2809 489 2880 παρὰ
535 2809 630 2862 τοῦ
682 2809 864 2864 κοινοῦ
922 2812 1188 2864 Δεσπότου
1248 2811 1404 2882 ήμῶν
1450 2812 1904 2882 ὲμπιστευθείσης

326 2899 600 2955 ἐπίκειται
629 2917 643 2929 ⁸
675 2901 734 2964 ὃς
765 2918 828 2969 γε
861 2901 1050 2954 οὐδένα
1098 2904 1290 2972 χρόνον
1330 2902 1621 2966 διαλείπεις
1665 2905 1905 2973 διαλεγό-

333 3005 515 3059 μενος,
544 2989 812 3044 νουθετῶν
829 3030 844 3054 ,
873 2990 1196 3044 ἐπιστέλλων
1221 3029 1236 3054 ,
1277 2991 1576 3062 ἐκπέμπων
1604 2993 1754 3056 τινας
1778 2993 1905 3046 ὲκά-

332 3098 488 3136 στοτε
535 3085 662 3146 τοὺς
696 3081 1117 3152 ὑποτιθεμένους
1149 3080 1217 3134 τὰ
1261 3081 1530 3151 βέλτιστα.
1576 3083 1686 3135 Καὶ
1726 3082 1820 3136 νῦν
1847 3084 1904 3136 δὲ

325 3174 440 3228 ἀπὸ
482 3174 578 3228 τοῦ
609 3174 757 3246 ἱεροῦ
792 3172 1158 3245 πληρώματος
1190 3173 1283 3226 τοῦ
1321 3174 1427 3228 ὑπὸ
1475 3175 1533 3228 σὲ
1581 3175 1782 3246 κλήρου
1814 3175 1904 3228 τὸν

327 3264 761 3336 αίδεσιμὼτατον
813 3263 1038 3332 ἀδελφὸν
1085 3265 1290 3336 Πέτρον
1333 3265 1720 3336 ἐκπεμφθέντα
1769 3266 1906 3337 μετὰ

328 3355 532 3424 πολλῆς
560 3355 734 3425 χαρᾶς
769 3352 1066 3422 ἐδεξάμεθα
1089 3395 1104 3418 ,
1139 3354 1235 3408 καὶ
1259 3355 1349 3409 τὸν
1388 3354 1590 3424 ἀγαθὸν
1615 3353 1778 3407 αὐτοῦ
1806 3355 1904 3424 τῆς

2323 2054 2637 2121 Athanasio,
2665 2055 2908 2123 episcopo
2935 2055 3295 2110 Alexandriw.

2075 2171 2126 2222 1.
2167 2167 2340 2233 Quam
2388 2166 2593 2222 dudmn
2650 2166 2718 2222 de
2762 2176 2853 2220 tua
2899 2168 3215 2237 praestantia
3267 2169 3580 2238 opinionem

2003 2260 2266 2315 habemus
2295 2301 2310 2325 ,
2369 2274 2488 2314 eam
2523 2266 2738 2330 tempus
2789 2257 3144 2329 progrediens
3194 2274 3408 2330 semper
3447 2275 3583 2314 con-

2007 2349 2224 2403 ﬁrmat:
2283 2351 2368 2404 vel
2427 2348 2612 2418 potius
2664 2349 2827 2403 simul
2879 2349 3082 2403 crescit
3125 2363 3193 2402 ex
3238 2365 3426 2404 eorum
3459 2367 3581 2421 quae

2006 2442 2318 2512 singulatim
2403 2440 2539 2494 ﬁunt
2605 2441 3037 2498 accessionibus.
3113 2440 3246 2494 Nam
3306 2442 3580 2512 plerisque

2005 2533 2126 2587 aliis
2160 2531 2294 2586 satis
2323 2537 2407 2586 est
2428 2545 2528 2586 sua
2555 2530 2825 2601 cujusque
2855 2531 3077 2602 prepria
3107 2532 3532 2602 circumspicere
3561 2553 3575 2586 :

2004 2622 2102 2677 tibi
2139 2638 2266 2678 vero
2305 2621 2360 2676 id
2409 2623 2545 2677 satis
2593 2637 2705 2676 non
2755 2629 2880 2687 est,
2927 2622 3023 2677 sed
3067 2630 3218 2676 tanta
3271 2624 3415 2678 inest
3475 2623 3578 2678 tibi

2006 2713 2248 2767 omnium
2300 2713 2669 2768 Ecclesiarum
2729 2727 2904 2776 cura,
2948 2723 3152 2783 quanta
3208 2714 3398 2778 illius,
3458 2731 3582 2784 quas

2007 2803 2258 2873 privatim
2287 2803 2386 2856 tibi
2416 2818 2446 2857 a
2487 2802 2765 2857 communi
2823 2812 3014 2859 nostro
3062 2803 3295 2859 Domino
3353 2820 3582 2862 concre-

2007 2894 2118 2948 dita
2154 2903 2238 2949 est
2267 2909 2279 2944 :
2311 2895 2515 2964 quippe
2557 2895 2652 2964 qui
2707 2895 2919 2948 nullum
2974 2906 3190 2965 tempus
3245 2897 3582 2953 intermittas

2007 2984 2333 3048 disserendi,
2363 2986 2711 3051 admonendi,
2760 2987 3038 3042 scribendi
3093 3003 3158 3042 ac
3189 2989 3421 3044 subinde
3454 2990 3582 3044 mit-

2009 3077 2176 3142 tendi,
2209 3077 2302 3146 qui
2334 3077 2537 3148 optima
2567 3086 2972 3134 commoneant.
3009 3080 3167 3152 162
3225 3081 3403 3152 Atque
3431 3097 3581 3136 nunc

2007 3170 2168 3224 etiam
2216 3169 2440 3239 dignum
2497 3169 2647 3223 omni
2709 3169 2919 3226 honore
2975 3171 3200 3227 fratrem
3267 3172 3486 3229 Petrum
3549 3192 3582 3229 e

2009 3277 2166 3316 sacro
2194 3262 2326 3316 cleri
2381 3261 2458 3316 tui
2507 3269 2655 3316 cortu
2701 3263 2930 3319 missum
2987 3265 3159 3338 multo
3209 3281 3333 3319 cum
3381 3268 3583 3338 gaudio

2007 3353 2345 3421 excepimus,
2372 3359 2426 3404 et
2481 3351 2686 3406 bonum
2731 3335 3188 3423 peregrinationis
3232 3335 3405 3422 ipsius
3451 3371 3585 3412 cou-

324 3445 637 3518 ἁποδημίας
669 3445 870 3498 σκοπὸν
914 3443 1022 3516 (65)
1057 3444 1435 3515 ἀπεδεξάμεθα
1459 3484 1473 3509 ,
1508 3445 1566 3498 ὃν
1602 3447 1904 3498 ἐπιδείκνυ-

2011 3443 2188 3496 silium
2245 3441 2634 3506 laudavimus,
2703 3444 2850 3514 quod
2909 3445 3128 3515 quidem
3190 3461 3303 3515 prae
3373 3463 3434 3503 se
3479 3447 3588 3504 fert

325 3554 419 3591 ται
466 3536 586 3590 κατ’
630 3535 848 3599 ἐντολὰς
877 3535 976 3606 τῆς
1033 3535 1133 3605 σῆς
1179 3533 1524 3606 τιμιότητος,
1553 3535 1624 3589 τὰ
1675 3536 1904 3590 ἀντιτεί-

323 3645 489 3684 νοντα
514 3627 919 3698 προσαγόμενος
939 3667 954 3690 ,
982 3627 1074 3679 καὶ
1100 3625 1170 3680 τὰ
1193 3627 1562 3697 διεσπασμένα
1599 3627 1902 3680 συνάπτων.

327 3717 496 3772 Ὅθεν
521 3735 573 3771 τι
596 3716 688 3768 καὶ
723 3717 882 3786 ἡμεῖς
911 3714 1284 3786 συμϐαλέσθαι
1310 3717 1377 3785 τῇ
1407 3714 1534 3785 περὶ
1557 3714 1713 3767 τοῦτο
1739 3731 1902 3766 σπου-

323 3809 393 3882 δῇ
427 3807 811 3879 βουληθέντες,
865 3806 1195 3877 ἐνομίσαμεν
1244 3805 1684 3875 ἐπιτηδειοτάτην
1734 3806 1905 3875 ἀρχὴν

324 3905 442 3964 τοῖς
475 3900 760 3971 πράγμασι
789 3897 1015 3961 δώσειν,
1051 3898 1099 3950 εί
1119 3937 1134 3962 ,
1170 3895 1359 3967 ὥσπερ
1396 3896 1490 3949 ἐπὶ
1525 3896 1769 3965 κορυφὴν
1797 3895 1902 3948 τῶν

324 3993 468 4046 ὅλων
493 4034 508 4058 ,
557 3993 656 4061 τὴν
709 3990 804 4062 σὴν
836 3989 1241 4059 ἀναδράμοιμεν
1285 3988 1630 4059 τελειότητα,
1683 3989 1776 4041 καὶ
1823 3988 1902 4040 σοὶ

330 4083 622 4156 συμϐούλῳ
651 4099 712 4135 τε
748 4079 1094 4153 χρησαίμεθα
1122 4081 1215 4134 καὶ
1244 4079 1473 4150 ἡγεμόνι
1496 4078 1605 4131 τῶν
1632 4079 1899 4150 πράξεων.

329 4177 497 4230 Ὅθεν
534 4176 626 4228 καὶ
673 4174 764 4228 τὸν
801 4172 1026 4242 ἀδελφὸν
1065 4171 1339 4244 Δωρόθεον
1371 4170 1480 4241 (66)
1528 4169 1619 4223 τὸν
1663 4169 1904 4222 διάκονον

327 4266 428 4337 τῆς
459 4264 564 4319 ὑπὸ
590 4264 682 4318 τὸν
705 4261 1029 4334 τιμιώτατον
1061 4259 1358 4313 ἐπίσκοπον
1382 4259 1640 4313 Μελέτιον
1679 4258 1900 4332 Ἐκκλη-

332 4359 457 4420 cla;
481 4396 496 4421 ,
527 4356 716 4427 ἀγαθῷ
745 4355 1083 4427 κεχρημένον
1130 4352 1256 4425 περὶ
1283 4353 1384 4422 τὴν
1414 4351 1514 4420 τῆς
1551 4351 1784 4416 πίστεως
1815 4354 1892 4422 ὀρ-

331 4449 536 4518 θότητα
564 4448 740 4518 ζήλῳ,
781 4449 873 4500 καὶ
903 4447 1268 4516 ἐπιθυμοῦντα
1307 4443 1402 4498 καὶ
1435 4443 1596 4497 αὐτὸν
1625 4442 1721 4514 τὴν
1752 4445 1903 4516 εἰρή-

329 4559 429 4612 νην
461 4541 570 4594 τῶν
593 4539 924 4610 Ἐκκλησιῶν
943 4539 1160 4600 ὲπιδείν,
1190 4537 1326 4607 πρὸς
1346 4536 1446 4608 τὴν
1473 4534 1570 4606 σὴν
1601 4534 1904 4588 θεοσέϐειαν

327 4630 650 4702 ἀναπέμψαι
671 4671 684 4694 ,
719 4629 856 4682 ὥστε
877 4669 892 4694 ,
921 4632 1040 4691 ταῖς
1071 4630 1192 4690 σαῖς
1218 4627 1520 4696 ὑποθήκαις
1553 4624 1906 4679 ἀκολουθοῦν-

327 4739 401 4776 τα
433 4722 519 4791 (ἃς
545 4723 641 4776 καὶ
675 4721 755 4792 τῷ
788 4721 966 4791 χρόνῳ
993 4719 1088 4773 καὶ
1118 4720 1184 4789 τῇ
1208 4717 1318 4770 τῶν
1344 4717 1684 4788 πραγμάτων
1717 4715 1899 4785 πείρᾳ,

331 4816 429 4869 καί
454 4814 530 4884 τῷ
563 4815 702 4886 ὑπὲρ
731 4817 856 4878 τοὺς
883 4812 1072 4876 ἄλλους
1115 4810 1258 4882 ἔχειν
1290 4809 1387 4878 τὴν
1420 4811 1484 4863 ὲκ
1527 4809 1620 4863 τοῦ
1651 4808 1902 4878 Πνεύμα-

330 4922 424 4968 1νος
465 4903 793 4974 συμϐουλίαν
817 4944 833 4969 ,
867 4893 1274 4973 ἀσφαλεστέρας
1309 4899 1579 4953 ποιεῖσθαι
1621 4899 1901 4966 δύνασαι),

429 5061 521 5131 63)
548 5060 703 5128 Πρός
728 5059 914 5125 τίνας.
939 5057 1094 5131 Editi
1110 5055 1317 5131 addunt
1344 5055 1438 5108 καὶ
1459 5055 1569 5117 ὅτε,
1598 5061 1646 5131 et
1668 5054 1900 5131 quando,

429 5080 521 5131 υο)
548 5080 703 5128 ιιρος
728 5080 914 5125 τινας.
940 5080 1079 5112 nutu
1110 5080 1317 5110 auuunt
1344 5080 1438 5108 και
1459 5080 1569 5117 υτε,
1598 5080 1646 5106 σι
1668 5080 1900 5132 quaquo,

330 5080 430 5187 sed
467 5132 569 5184 hoc
608 5131 1033 5183 additamentum
1063 5126 1216 5180 dce~t
1244 5127 1299 5178 in
1333 5140 1426 5179 sex
1464 5127 1663 5178 nOstris
1697 5125 1903 5177 eodm-

332 5201 460 5255 bus.
492 5199 697 5254 Ibidem
737 5199 823 5260 Ὠς
843 5198 922 5250 δέ.
952 5197 1081 5252 Mss.
1121 5197 1280 5247 Ὥστε
1311 5194 1387 5246 δέ.
1425 5193 1592 5247 Paulo
1624 5203 1747 5262 post
1767 5192 1900 5247 editi

336 5268 746 5339 συμπαραλήψῃ
775 5267 1080 5339 καὶοῦτως.
1111 5265 1363 5334 Quinque
1394 5278 1524 5339 mss.
1557 5271 1616 5316 ut
1641 5263 1703 5339 in
1728 5271 1896 5339 testu.

408 5332 1010 5409 (64)”Εκ’ἑτᾶλαιρῦ,’1“
1017 5353 1103 5390 res
1126 5332 1618 5409 mssﬁrecentiores
1641 5332 1896 5409 ἔκπαλαι.

334 5401 632 5478 Aliquanto
671 5415 793 5478 post
821 5407 1088 5462 editiones
1119 5406 1155 5458 2
1189 5404 1350 5457 Basil.
1381 5411 1436 5456 et
1461 5402 1637 5478 Paris.
1668 5402 1756 5478 ὅτε
1791 5401 1900 5478 τῷν

337 5472 460 5551 μέν.
500 5476 649 5551 Harl.
672 5472 733 5551 "et
761 5478 1208 5551 (ΣοὶεικυιεπιιιιοΔ
1231 5482 1284 5551 et
1319 5481 1547 5551 uterque
1580 5473 1781 5542 Regius
1815 5472 1898 5524 ὅτι

335 5542 446 5604 τῶν
479 5548 600 5614 μέν.
634 5549 727 5602 Sic
756 5549 920 5602 etiam
951 5546 1082 5614 llag.
1107 5542 1162 5600 et
1191 5545 1212 5597 ι
1246 5542 1414 5614 Basil.

407 5607 521 5690 (63)
550 5618 804 5673 Σκοπόν.
838 5607 1098 5690 Quamvis
1137 5616 1250 5668 lucc
1289 5613 1559 5690 scriptura
1590 5611 1652 5690 in
1687 5607 1901 5690 duobus

336 5681 552 5742 tantum
589 5697 844 5742 occurrat
865 5681 1190 5744 codicibus.
1239 5697 1432 5751 nempe
1457 5681 1626 5736 Coisl.
1657 5681 1900 5751 secundo

336 5767 392 5814 et
427 5759 561 5826 Reg.
595 5756 854 5819 secundo,
891 5757 1288 5826 meliortaineu
1318 5750 1531 5826 videtur
1563 5764 1725 5826 qualn
1752 5750 1899 5826 quod

339 5818 540 5884 habeu't
576 5828 666 5882 alii
705 5818 926 5895 mssaet
967 5825 1100 5881 editi
1132 5823 1320 5890 κόπον,
1349 5818 1613 5895 βαὸονεηὶ.
1653 5818 1901 5877 Proclive

2009 3531 2307 3586 secundum
2379 3532 2712 3602 praestantia:
2765 3544 2870 3588 tua:
2919 3536 3216 3603 mandata,
3282 3539 3585 3594 concilians

2007 3623 2290 3676 contraria
2367 3638 2432 3676 ac
2482 3622 2694 3677 divulsa
2741 3625 3103 3694 coniungens.
3165 3625 3320 3683 Unde
3379 3637 3434 3684 et
3481 3645 3586 3688 nos

2008 3729 2133 3769 cum
2189 3713 2396 3783 aliquid
2451 3714 2506 3768 in
2556 3713 2722 3782 hujus
2775 3716 2857 3769 rei
2888 3717 3130 3771 studium
3181 3718 3436 3775 conferre
3467 3721 3583 3776 vel-

2009 3806 2206 3868 lemus,
2260 3807 2838 3863 convenientissimum
2884 3808 3101 3863 initium
3153 3811 3317 3866 rebus
3356 3810 3584 3869 daturos

2007 3895 2285 3959 duximus,
2350 3898 2420 3960 si,
2471 3899 2622 3952 velut
2660 3901 2728 3954 ad
2774 3902 3152 3970 universorum
3209 3902 3458 3970 apicem,
3513 3903 3583 3958 ad

2007 3998 2153 4043 tuam
2189 3988 2608 4061 coniugercmus
2663 3969 3074 4061 perfectionem,
3123 4005 3188 4044 ac
3248 3999 3302 4046 te
3347 4000 3402 4048 et
3448 4009 3584 4048 con-

2005 4079 2235 4144 siliario,
2288 4091 2342 4135 et
2399 4081 2539 4136 duce
2582 4097 2773 4136 eorum
2824 4097 2946 4152 quze
2989 4080 3196 4150 agenda
3231 4089 3361 4136 sunt
3403 4089 3584 4139 utere-

2006 4184 2149 4224 mur.
2193 4169 2307 4225 Hac
2350 4171 2418 4226 de
2456 4186 2623 4226 causa
2655 4182 2711 4227 et
2758 4172 2981 4228 fratrem
3028 4172 3359 4227 Dorotbeum
3395 4174 3582 4229 diacoo

2006 4276 2138 4315 num
2193 4261 2494 4326 Ecclesiae,
2549 4263 2638 4317 cui
2723 4265 3217 4322 reverendissimus
3292 4266 3582 4336 episcopus

2008 4353 2256 4410 Meletius
2312 4361 2546 4425 prmest,
2590 4354 2736 4409 bono
2781 4363 2942 4409 rectae
2995 4355 3116 4409 ﬁdei
3183 4355 3364 4411 studio
3426 4365 3583 4412 uten-

2007 4454 2137 4508 tem,
2197 4456 2250 4500 et
2305 4447 2455 4516 pacis
2495 4445 2864 4500 Ecclesiarum
2919 4447 3166 4501 videnda:
3191 4449 3472 4518 cupidum,
3511 4449 3580 4503 ad

2008 4539 2262 4608 pietatem
2289 4548 2436 4592 tuam
2483 4537 2708 4605 remisi,
2746 4547 2806 4593 ut
2854 4540 3100 4597 consiliis
3133 4542 3243 4596 tuis
3270 4541 3581 4610 obsequens

2009 4630 2154 4698 (quae
2185 4635 2240 4682 et
2301 4637 2548 4700 tempore
2588 4636 2643 4684 et
2702 4643 2888 4684 rerum
2929 4631 3297 4700 experientia,
3337 4639 3392 4687 et
3434 4633 3578 4701 quod

2008 4733 2119 4788 prae
2177 4719 2389 4775 caeteris
2446 4719 2648 4776 habeas
2693 4736 2724 4775 a
2755 4719 2963 4792 Spiritu
3020 4724 3344 4788 consilium,
3379 4723 3578 4776 tutiora

2011 4821 2074 4860 ac
2107 4808 2382 4862 securiora
2415 4807 2625 4864 eiiiccre
2679 4810 2857 4879 potes)
2891 4849 2907 4875 ,
2945 4810 3019 4862 ita
3077 4811 3291 4863 demum
3343 4810 3580 4879 expetita

2012 4912 2076 4951 ac
2111 4897 2426 4954 desiderata
2475 4900 2845 4977 aggrediatur.
2891 4901 3047 4954 Hunc
3091 4910 3146 4954 et
3195 4901 3460 4970 suscipies
3497 4901 3583 4954 vi-

2011 5049 2116 5104 l‘uit
2139 5051 2380 5106 librariis
2406 5052 2460 5104 iu
2487 5052 2589 5106 hac
2615 5066 2750 5107 voce
2775 5068 2982 5108 errare.
3014 5050 3148 5106 Nam
3182 5051 3236 5106 in
3268 5052 3429 5120 epist.
3450 5053 3578 5115 2H.

2010 5122 2115 5192 ubi
2150 5123 2464 5192 necessario
2512 5123 2797 5192 legendum
2841 5121 3123 5184 εὐσεϐείας
3171 5122 3391 5182 σκοπόν.
3417 5123 3581 5178 habet

2009 5191 2429 5259 antiquissimus
2462 5191 2630 5245 codex
2668 5191 2834 5261 Coisl.
2877 5191 3064 5261 κόπον.
3097 5192 3264 5244 Paulo
3296 5205 3418 5261 post
3445 5193 3578 5247 editi

2009 5261 2231 5330 'tﬁjtspi.
2261 5261 2449 5314 τούτου
2481 5261 2710 5330 σπουδῇ.
2748 5259 2926 5324 Harl.,
2967 5260 3138 5315 Coisl.
3172 5259 3403 5328 primus,
3436 5261 3574 5316 Med.

2006 5328 2218 5401 et'Beg.
2259 5331 2534 5401 secundus
2577 5328 2706 5400 περὶ
2748 5329 2926 5394 τοῦτο,
2964 5345 3085 5400 qua:
3129 5332 3389 5401 loquendi
3435 5335 3579 5386 ratio

2009 5399 2258 5454 usitatior
2290 5399 2514 5454 Basilio.

2078 5468 2188 5538 (66)
2228 5470 2397 5538 Ὅθεν
2432 5470 2530 5522 καὶ
2577 5469 2685 5522 τὸν
2727 5468 2992 5538 ἀδελφὸν
3032 5471 3393 5538 Δωρόθεον...
3433 5471 3578 5524 ἀνα-

2007 5537 2256 5608 πέμψαι.
2297 5537 2505 5609 Habent
2549 5540 2658 5609 duo
2695 5540 2820 5592 libri
2849 5537 3062 5594 veteres
3093 5540 3387 5609 Θεόδωρον.
3425 5539 3578 5594 Edili

2006 5607 2541 5681 ουιοιῃᾉάνέπεμψα.
2578 5607 2685 5681 Sed
2715 5609 2770 5662 in
2805 5625 2908 5681 seat
2933 5625 3068 5664 mss.
3103 5607 3302 5681 legitur
3329 5611 3579 5681 ἀναπέμτ

2004 5677 2124 5751 qaut.
2151 5676 2370 5751 Similis
2399 5676 2658 5751 occurrit_
2675 5679 2932 5751 loquendi
2959 5683 3106 5751 ratio
3139 5676 3193 5734 in
3228 5682 3388 5751 epist.
3423 5681 3456 5735 9
3497 5676 3568 5737 ad

2006 5749 2326 5812 Maximum,
2348 5755 2402 5800 et
2427 5748 2497 5802 28
2521 5749 2586 5803 ad
2619 5747 2918 5804 Ecclesium
2951 5747 3467 5809 Neocaesaricnscm.

2077 5822 2096 5844 '
2127 5819 2277 5875 Alias
2299 5815 2408 5873 ιιι.
2447 5817 2661 5890 Scripta
2693 5833 2836 5876 anno
2863 5818 2988 5874 571.
