3988 6194
403 263 505 319 431

1705 246 1762 302 S.
1807 239 2050 298 BASlLlI
2089 240 2305 297 MAG.“

3558 218 3677 299 κε’

405 380 638 441 delicet,
696 384 751 431 et
810 371 1112 429 intueberis
1169 368 1414 441 paciﬁcis
1474 366 1691 428 oculis,
1743 374 1979 430 eumque

2091 359 2255 424 οὕτως
2284 361 2556 432 ἐγχειρεῖν
2593 361 2707 425 τοῖς
2735 357 3212 429 σπουδαζομένοις.
3251 358 3350 411 Ὃν
3389 357 3485 410 καὶ
3528 358 3663 410 ὑπο-

406 485 633 543 precum
695 466 945 525 subsidio
1017 465 1291 519 ﬁrmatum
1325 502 1341 525 ,
1388 474 1453 514 ac
1495 459 1804 515 litterarum
1865 454 1985 506 via-

406 565 519 619 tico
569 561 881 623 munitum,
918 558 1028 611 imo
1065 556 1228 610 etiam
1280 553 1547 609 bonorum
1597 550 1691 620 qui
1732 548 1875 619 apud
1931 554 1986 601 te

409 668 539 715 sunt
611 654 885 709 nonnullis
948 650 1265 719 adjunctum
1299 686 1313 710 ,
1364 644 1432 699 ad
1479 642 1757 714 proposita
1808 639 1983 696 dedu-

409 766 523 806 ces.
579 746 748 801 Nobis
806 751 985 798 autem
1018 754 1197 810 Operae
1222 738 1456 809 pretium
1490 750 1614 791 esse
1661 733 1842 788 visum
1901 738 1987 785 est

410 840 479 895 ad
509 838 825 909 episcopum
849 833 1033 888 Romae
1062 832 1303 887 scribere
1328 869 1343 892 ,
1396 835 1456 881 ut
1508 841 1598 881 res
1644 833 1862 879 nostras
1895 821 1984 875 iu-

410 932 552 986 visat
582 970 595 993 ,
627 937 684 984 et
719 927 1006 983 consilium
1060 924 1193 978 dare
1219 964 1233 986 .
1273 928 1332 976 ut
1362 935 1485 974 cum
1517 918 1669 972 illinc
1707 912 1984 970 communi

410 1040 475 1078 ac
527 1020 791 1093 synodico
840 1019 1058 1073 decreto
1113 1016 1328 1085 aliquos
1382 1010 1527 1067 milli
1592 1008 1811 1065 diiIicile
1866 1007 1985 1074 sit,

410 1117 526 1185 ipse
561 1115 664 1167 hoc
689 1111 965 1182 negotiqu
1008 1124 1109 1162 suo
1153 1114 1329 1160 marte
1361 1102 1706 1175 aggrediatur
1728 1141 1743 1165 ,
1778 1099 1986 1170 eligens

408 1207 662 1263 homines
711 1204 940 1258 idoneos
990 1200 1057 1254 ad
1090 1197 1443 1269 perferendos
1493 1194 1706 1249 itineris
1727 1192 1983 1253 labores;

410 1299 639 1354 idoneos
692 1295 761 1351 ad
792 1311 909 1358 eos,
945 1292 1038 1367 qui
1099 1290 1243 1360 apud
1292 1304 1395 1344 nos
1430 1286 1672 1358 perversi
1702 1292 1874 1347 sunt,
1909 1283 1987 1337 le-

412 1392 584 1446 nitate
628 1406 693 1445 ac
749 1389 918 1443 animi
967 1385 1275 1442 constantia
1324 1380 1720 1452 corrigendos;
1777 1388 1899 1448 apte
1931 1385 1988 1432 et

412 1491 768 1553 attemperate
821 1488 1035 1535 utentes
1096 1492 1389 1543 sermone,
1432 1487 1728 1542 secumque
1783 1470 1988 1525 haben-

411 1585 495 1632 tes
526 1588 864 1645 quaecunque
911 1580 1034 1642 post
1084 1567 1432 1623 Ariminense
1483 1564 1779 1620 concilium
1829 1568 1985 1632 gesta

2084 451 2209 524 δέξῃ
2234 451 2497 524 δηλονότι,
2520 453 2614 505 καὶ
2638 450 3001 525 προσϐλέψεις
3026 450 3322 521 εἰρηνικοῖς
3343 446 3664 517 ὀφθαλμοῖς,

2088 541 2348 613 στηρίξας
2385 559 2446 595 τε
2494 542 2656 596 αὑτὸν
2696 544 2762 612 τῇ
2794 541 2883 594 διὰ
2929 541 3037 594 τῶν
3071 537 3391 612 προσευχῶν
3424 537 3665 611 βοηθείᾳ,

2086 632 2182 685 καὶ
2210 632 2499 701 ἐφοδιάσας
2530 633 2859 705 γράμμασι,
2890 631 3089 703 μᾶλλον
3113 630 3173 683 δὲ
3193 631 3291 685 καὶ
3317 628 3668 701 παραζεύξας

2085 725 2239 790 τινὰς
2266 725 2376 796 (67)
2415 725 2522 779 τῶν
2566 726 2790 787 αὐτόθεν
2825 724 3162 789 σπουδαίων,
3196 723 3291 777 ἐπὶ
3332 724 3402 777 τά
3440 724 3668 795 προκεί-

2091 835 2225 888 μενα
2248 819 2556 889 ὁδηγήσεις.
2603 817 2805 889 Ἐφάνη
2835 816 2892 871 δὲ
2929 818 3062 888 ἡμῖν
3099 810 3388 870 ἀκόλουθον
3421 816 3670 869 ἐπιστεῖ-

2087 907 2173 961 λαι
2199 907 2279 979 τῷ
2311 909 2594 979 ἐπισκόπῳ
2636 908 2874 980 Ῥώμης,
2896 908 3295 978 ἐπισκέψασθαι
3319 908 3390 962 τά
3409 907 3668 974 ἐνταῦθα,

2088 1001 2183 1056 καὶ
2218 1001 2400 1056 δοῦναι
2441 1001 2665 1074 γνώμην
2688 1043 2705 1068 ,
2740 1002 2805 1055 ἵν’
2830 1001 3016 1073 ἐπειδὴ
3057 1001 3165 1055 ἀπὸ
3198 1000 3377 1055 κοινοῦ
3413 1001 3511 1054 καὶ
3541 1017 3671 1053 συν-

2087 1093 2265 1147 οδικοῦ
2307 1093 2575 1164 δόγματος
2628 1093 3000 1164 ἀποσταλῆναι
3051 1110 3205 1156 τινας
3255 1090 3513 1145 δύσκολον
3559 1090 3672 1144 τῶν

2087 1185 2336 1247 ἐκεῖθεν,
2378 1186 2538 1241 αὑτὸν
2571 1186 2900 1257 αὑθεντῆσαι
2931 1188 3060 1257 περὶ
3099 1184 3160 1238 τὸ
3191 1186 3427 1256 πρᾶγμα
3450 1223 3467 1249 ,
3510 1183 3670 1236 ἐκλε-

2089 1272 2318 1342 ξάμενον
2357 1273 2558 1346 άνδρας
2583 1277 2800 1338 ἰκανοὺς
2831 1275 2930 1346 μέν
2971 1275 3276 1348 ὁδοιπορίας
3320 1276 3520 1337 πόνους
3560 1273 3673 1326 ὑπ-

2087 1369 2330 1435 ενεγκεῖν
2355 1367 2487 1438 (68),
2526 1370 2744 1432 ἱκανοὺς
2764 1368 2819 1421 δὲ
2851 1367 3117 1440 πραότητι
3144 1367 3239 1422 καὶ
3260 1367 3475 1437 εὐτονία
3505 1365 3671 1437 ἤθους

2084 1458 2214 1521 τοὺς
2242 1457 2663 1535 λὲνδιαστρόφους
2690 1458 2798 1512 τῶν
2825 1458 2955 1528 παρ’
2986 1460 3117 1529 ἡμῖν
3155 1457 3513 1525 νουθετῆσαι·
3546 1457 3671 1509 ἐπι-

2087 1548 2315 1619 τηδείως
2359 1549 2417 1603 δέ
2458 1550 2553 1603 καὶ
2589 1548 2948 1620 οἰκονομικῶς
2980 1548 3353 1620 κεχρημένους
3397 1546 3474 1618 τῷ
3500 1545 3669 1614 λόγῳ,

410 1638 578 1728 ευῐιί,
647 1664 714 1718 ad
768 1638 957 1718 eorum
1007 1675 1126 1731 quae
1181 1674 1277 1729 per
1322 1657 1429 1712 vim
1462 1655 1573 1711 illic
1618 1661 1741 1708 acta
1771 1650 1984 1706 fuerant

2091 1643 2184 1695 καὶ
2238 1642 2416 1695 πάντα
2471 1641 2694 1713 ἔχοντας
2738 1641 2856 1713 μεθ’
2892 1640 3100 1694 ἑαυτῶν
3152 1639 3221 1693 τὰ
3269 1638 3407 1710 μετά
3451 1639 3669 1711 Ἀριμί-

411 1703 578 1728 mu...
647 1703 714 1718 ..η
769 1703 957 1718 νυ......
1007 1703 1126 1731 ,νην
1182 1703 1266 1729 ν-.
1462 1703 1572 1711 .--η
1620 1703 1740 1708 ---η

411 1755 864 1820 dissolutionem;
901 1751 1081 1821 iique,
1118 1749 1336 1804 nemine
1368 1747 1610 1812 sciente,
1665 1744 1802 1801 citra
1845 1750 1984 1797 stre-

2091 1751 2177 1789 vov
2209 1733 2319 1806 (69)
2356 1703 2751 1807 πεπραγμένα,
2794 1734 2887 1790 ἐπὶ
2930 1734 3082 1788 λύσει
3114 1733 3223 1786 τῶν
3263 1703 3382 1786 κατ’
3421 1703 3677 1802 ἀνάγκην

412 1849 584 1919 pitum
633 1861 729 1917 per
762 1860 912 1899 mare
963 1844 1072 1898 huc
1130 1841 1476 1907 adveniant,
1529 1847 1592 1894 ut
1666 1838 1989 1910 opinionem

412 1941 765 1996 inimicorum
813 1937 964 2007 pacis
998 1942 1346 2007 praevertam.

481 2135 537 2190 2.
579 2133 900 2205 Requiritur
949 2142 1128 2188 autem
1186 2140 1240 2188 et
1296 2130 1427 2186 illud
1485 2144 1515 2183 a
1557 2128 1839 2184 nonnullis
1891 2126 1986 2197 qui

416 2228 505 2283 hic
557 2235 685 2283 sunt
714 2266 730 2287 .
779 2241 843 2280 ac
882 2223 1198 2279 necessario
1241 2223 1462 2292 quidem
1490 2261 1505 2285 ,
1538 2228 1599 2275 ut
1634 2220 1798 2275 etiam
1827 2218 1989 2273 nobis

411 2314 549 2385 ipsis
581 2311 814 2377 videtur,
869 2321 928 2364 ut
960 2310 1066 2381 ipsi
1101 2308 1342 2363 Marcelli
1367 2308 1615 2362 haeresim
1656 2306 1806 2361 velut
1859 2321 1992 2376 pera

412 2407 699 2469 niciosam,
755 2413 809 2459 et
840 2405 1077 2469 noxiam,
1115 2409 1169 2457 et
1219 2418 1248 2456 a
1298 2416 1432 2456 sana
1466 2400 1570 2455 (ide
1597 2400 1830 2454 alienam
1888 2410 1985 2453 ex-

412 2499 728 2554 terminent.
770 2495 905 2549 Nam
961 2494 1225 2549 hactenus
1262 2493 1317 2547 in
1371 2492 1629 2548 omnibus
1675 2506 1814 2562 quas
1844 2490 1986 2546 scri-

411 2591 550 2645 bunt
603 2587 799 2641 litteris
833 2625 848 2651 ,
903 2585 1091 2638 Arium
1160 2583 1382 2653 quidem
1443 2582 1669 2636 infausti
1748 2580 1988 2636 nominis

411 2683 588 2735 virum
624 2694 826 2749 susque
864 2677 1039 2746 deque
1086 2676 1432 2729 anathemate
1472 2673 1655 2738 ferire,
1702 2681 1756 2729 et
1790 2672 1858 2727 ab
1884 2671 1987 2727 Ec-

412 2773 597 2829 clesiis
644 2771 886 2839 relegare
919 2783 1028 2823 non
1068 2774 1286 2824 cessant
1322 2783 1335 2819 :
1385 2765 1649 2821 Marcello
1702 2779 1853 2829 vero,
1891 2765 1986 2836 qui

412 2865 745 2934 impietatem
786 2862 835 2915 ei
878 2876 944 2915 ex
1015 2859 1288 2913 diametro
1357 2858 1665 2928 Oppositum
1714 2857 1982 2928 protulit,

413 2962 467 3009 et
508 2954 563 3008 in
593 2953 766 3023 ipsam
810 2950 1114 3006 divinitatis
1158 2948 1435 3020 Unigeniti
1469 2950 1847 3006 exsistentiam
1881 2950 1985 3005 im-

2087 1827 2205 1879 ἐκεί
2235 1827 2545 1898 γενομένων
2569 1844 2582 1858 ⁸
2616 1828 2712 1881 καὶ
2736 1827 2895 1881 τοῦτο
2923 1826 3149 1898 μηδενὸς
3178 1824 3397 1889 εἰδότος,
3425 1822 3671 1895 ἀψοφητὶ

2086 1918 2175 1973 διὰ
2202 1919 2476 1991 θαλάσσης
2498 1919 2789 1990 ἐπιστῆναι
2815 1921 2926 1982 τοῖς
2964 1911 3068 1972 ὧδε
3094 1958 3107 1981 ,
3147 1916 3289 1988 ὑπὲρ
3327 1915 3421 1969 τοῦ
3463 1915 3673 1986 φθάσαι

2086 2009 2185 2081 τὴν
2211 2011 2463 2082 αἴσθησιν
2502 2010 2612 2064 τῶν
2647 2009 2856 2082 ἐχθρῶν
2889 2011 2989 2081 τῆς
3020 2008 3264 2080 εἰρήνης.

2158 2122 2211 2176 2.
2254 2120 2621 2192 Ἐπιζητεῖται
2646 2121 2703 2175 δέ
2735 2122 2956 2174 κάκεῖνο
2977 2119 3131 2193 παρά
3159 2134 3321 2173 τινων
3349 2117 3457 2171 τῶν
3484 2115 3670 2171 ἐντεῦ-

2088 2213 2210 2276 θεν,
2244 2214 2557 2283 ἀναγκαίως
2583 2254 2600 2278 ,
2631 2214 2707 2278 ὡς
2736 2214 2830 2268 καὶ
2862 2214 3047 2277 αὐτοῖς
3089 2215 3222 2284 ἡμῖν
3251 2209 3669 2280 καταφαίνεται,

2086 2306 2148 2359 τὸ
2181 2306 2278 2377 τὴν
2306 2306 2626 2379 Μαρκέλλου
2680 2307 2893 2377 αἵρεσιν
2937 2307 3134 2371 αὐτοὺς
3166 2306 3242 2369 ὠς
3282 2303 3523 2376 χαλεπὴν
3572 2303 3674 2357 καὶ

2090 2397 2391 2470 βλαϐεράν,
2439 2400 2532 2453 καὶ
2572 2398 2675 2469 τῆς
2712 2398 3060 2471 ὑγιαινούσης
3106 2399 3343 2463 πίστεως
3374 2397 3672 2468 ἀλλοτρίως

2088 2489 2347 2561 έχουσαν,
2378 2490 2619 2563 ἐξορίσαι
2651 2491 2784 2563 (70).
2823 2491 2975 2544 Ἐπεὶ
3011 2491 3174 2563 μέχρι
3201 2490 3292 2545 τοῦ
3328 2490 3422 2545 νῦν
3466 2492 3525 2544 ἐν
3561 2492 3673 2544 πᾶ-

2089 2599 2172 2637 σιν
2205 2577 2286 2646 οἷς
2316 2581 2687 2636 ἐπιστέλλουσι
2733 2582 3060 2653 γράμμασι,
3098 2582 3190 2636 τὸν
3231 2582 3329 2654 μὲν
3355 2581 3671 2653 δυσώνυμον

2092 2674 2309 2746 Ἀρειον
2337 2674 2448 2729 ἅνω
2478 2675 2572 2728 κα)¹
2597 2674 2748 2728 κάτω
2780 2672 3264 2745 ὰναθεματίζοντες
3286 2675 3380 2729 καὶ
3405 2673 3515 2727 τῶν
3545 2675 3673 2728 Ἐκ-

2087 2764 2325 2835 κλησιῶν
2368 2765 2701 2837 ἐξορίζοντες
2732 2765 2792 2818 ού
2823 2764 3187 2820 διαλείπουσι·
3235 2766 3542 2838 Μαρκέλλῳ
3586 2765 3669 2829 δὲ,

2086 2854 2164 2925 τῷ
2198 2856 2340 2910 κατὰ
2390 2857 2681 2928 διάμετρον
2721 2855 2915 2927 ἐκείνῳ
2958 2857 3058 2929 τὴν
3096 2858 3348 2912 ἀσέϐειαν
3394 2856 3681 2922 ἐπιδειξαο

2093 2949 2269 3020 μένῳ,
2301 2950 2395 3004 καὶ
2435 2952 2515 3015 είς
2548 2951 2717 3024 αὐτὴν
2760 2952 2859 3024 τὴν
2901 2949 3134 3021 ὕπαρξιν
3178 2952 3277 3023 τῆς
3303 2948 3398 3004 τοῦ
3425 2951 3671 3018 Μονογε-

414 3048 538 3116 pius
595 3044 718 3106 fuit,
774 3051 829 3097 et
859 3041 1021 3098 Verbi
1073 3042 1495 3113 appellationem
1526 3057 1691 3111 prave
1730 3042 1984 3112 accepit,

2092 3042 2216 3107 νοῦς
2245 3042 2497 3114 θεότητος
2528 3044 2859 3116 ἀσεϐήσαντι
2877 3083 2890 3109 ,
2921 3046 3016 3099 καὶ
3041 3043 3229 3107 κακῶς
3253 3043 3351 3115 τὴν
3373 3041 3467 3095 τοῦ
3491 3042 3679 3111 Λόγου

413 3139 629 3194 nullum
685 3136 939 3191 videnlur
978 3136 1231 3190 intulisse
1285 3134 1638 3204 vituperium.
1702 3133 1806 3200 Qui
1851 3132 1989 3188 Ver-

413 3233 540 3287 bum
570 3230 788 3301 quidem
839 3229 1045 3295 dictum
1080 3227 1250 3282 fuisse
1301 3224 1652 3297 Unigenitum
1681 3225 1937 3280 concedit
1969 3266 1984 3292 ,

413 3323 481 3378 ad
532 3337 691 3378 usum
733 3329 786 3377 et
840 3321 906 3375 ad
952 3327 1168 3388 tempus
1205 3319 1596 3389 progrediens,
1650 3319 1744 3373 sed
1793 3334 1987 3375 rursus

412 3415 481 3469 ad
528 3429 651 3469 eum
685 3412 828 3467 unde
874 3412 1077 3482 prodiit
1125 3417 1428 3474 revertens,
1481 3424 1661 3480 neque
1700 3420 1826 3465 ante
1864 3410 1983 3466 exi-

410 3509 525 3558 tum
581 3516 724 3565 esse,
767 3501 943 3571 neque
995 3507 1118 3570 post
1167 3499 1402 3571 reditum
1439 3500 1760 3556 subsistere.
1806 3501 1987 3572 Atque

412 3595 577 3665 hujus
621 3594 700 3649 rei
739 3600 1060 3664 argumenta
1089 3600 1218 3645 sunt
1258 3592 1459 3646 servati
1517 3593 1659 3662 apud
1696 3608 1799 3648 nos
1829 3594 1986 3649 nefa-

410 3690 505 3744 rize
539 3688 686 3742 illius
722 3685 1034 3756 scriptionis
1069 3685 1224 3755 163
1277 3684 1424 3739 libri.
1466 3683 1570 3739 Sed
1617 3697 1798 3740 tamen
1856 3702 1988 3744 nus-

411 3795 577 3851 quam
609 3795 734 3835 eum
768 3778 1065 3848 reprobare
1100 3778 1200 3832 visi
1241 3782 1409 3842 sunt;
1459 3775 1623 3846 idque
1665 3792 1731 3832 eo
1766 3780 1988 3834 nomine

414 3874 702 3943 vituperati
730 3914 748 3939 ,
789 3869 937 3941 quod
969 3885 1093 3925 eum
1127 3869 1198 3924 ab
1257 3869 1415 3923 initio
1452 3886 1520 3924 ex.
1558 3868 1801 3925 veritatis
1831 3870 1988 3941 igno-

412 3965 702 4019 rationein
747 3963 1182 4018 ecclesiasticam
1226 3963 1392 4018 etiam
1424 3960 1865 4017 communionem
1902 3978 1987 4018 re-

411 4057 674 4126 ceperint.
705 4055 869 4127 lgitur
901 4065 955 4112 et
989 4056 1169 4123 illius,
1223 4063 1283 4109 ut
1315 4070 1414 4126 par
1440 4065 1523 4112 est
1544 4094 1558 4119 ,
1606 4057 1722 4112 ﬁeri
1751 4058 1985 4112 mentio-

412 4158 535 4198 nem
569 4158 656 4198 res
714 4153 1010 4214 praesentes
1042 4144 1341 4214 postulant,
1395 4146 1576 4216 utqui
1636 4148 1983 4202 occasionem

412 4245 702 4310 quaerunt,
761 4235 1103 4289 occasionem
1184 4251 1295 4289 non
1356 4236 1632 4301 habeant,
1682 4236 1813 4293 dum
1865 4238 1984 4294 sani

2090 3134 2461 3206 προσηγορίαν
2492 3133 2833 3206 ἐκδεξαμένῳ
2858 3174 2873 3201 ,
2920 3135 3177 3205 οὐδεμίαν
3209 3134 3414 3207 μέμψιν
3442 3136 3673 3203 ἐπενεγ-

2088 3227 2275 3290 κόντες
2303 3228 2605 3297 φαίνονται.
2644 3228 2739 3292 ’⁸ος
2766 3228 2939 3297 Λόγον
2975 3229 3071 3298 μὲν
3097 3226 3348 3299 εἰρῆσθαι
3371 3228 3463 3280 τὸν
3491 3228 3672 3281 Μονο-

2087 3321 2217 3392 γενῆ
2246 3321 2446 3386 δίδωσι,
2472 3321 2613 3375 κατά
2641 3320 2829 3392 χρείαν
2860 3323 2953 3375 κα)⁵
2977 3321 3069 3375 ἐπὶ
3093 3319 3289 3394 καιροῦ
3314 3318 3678 3391 προελθόντα,

2088 3412 2253 3465 πάλιν
2282 3412 2341 3465 δὲ
2369 3414 2449 3476 εἰς
2478 3411 2569 3465 τὸν
2593 3411 2715 3465 ὅθεν
2743 3411 2967 3483 ἐξῆλθεν
2995 3411 3484 3482 ἐπαναστρέψαντα
3504 3449 3519 3474 ,
3543 3409 3671 3464 οὔτε

2089 3505 2194 3578 πρὸ
2220 3505 2317 3577 τῆς
2360 3504 2538 3572 ἐξόδου
2569 3500 2706 3559 εἶναι
2730 3545 2745 3572 ,
2777 3505 2901 3559 οὔτε
2945 3505 3084 3577 μετά
3129 3504 3226 3577 τὴν
3268 3503 3526 3557 ἐπάνοδον
3568 3504 3674 3573 ὑφ’

2087 3599 2325 3654 εστάναι.
2353 3600 2465 3652 Καὶ
2493 3597 2682 3653 τούτου
2723 3597 2997 3663 ἀπόδειξις
3034 3599 3090 3651 αί
3128 3597 3259 3669 παρ’
3282 3598 3412 3668 ἡμῖν
3438 3596 3672 3652 ἀποκεί-

2091 3707 2248 3761 μεναι
2281 3688 2451 3761 βίϐλοι
2482 3690 2582 3762 τῆς
2632 3691 2819 3745 ἀδίκου
2863 3691 3079 3761 ἐκείνης
3130 3690 3452 3761 συγγραφῆς
3490 3689 3673 3762 ὑπάρ-

2087 3799 2293 3853 χουσιν.
2339 3780 2477 3835 Ἀλλ’
2507 3782 2659 3853 ὅμως
2684 3782 2874 3836 τοῦτον
2913 3781 3148 3852 οὐδαμοῦ
3176 3781 3520 3845 διαϐαλόντες
3550 3781 3672 3851 (71)

2087 3874 2396 3943 ἐφάνησαν,
2445 3873 2540 3927 καὶ
2568 3873 2739 3926 ταῦτα
2772 3873 2951 3927 αἰτίαν
3000 3873 3246 3943 ἔχοντες,
3279 3871 3352 3935 ὡς
3381 3872 3439 3925 τὸ
3468 3870 3529 3936 ἐξ
3566 3872 3672 3943 ἁρ-

2087 3968 2189 4037 χῆς
2239 3962 2358 4019 κατ’
2391 3964 2613 4033 ἄγνοιαν
2655 3965 2759 4036 τῆς
2792 3964 3078 4038 ἀληθείας,
3132 3965 3226 4018 καὶ
3260 3965 3339 4028 εἰς
3380 3964 3671 4018 κοινωνίαν

2087 4059 2247 4111 αὐτὸν
2264 4057 2716 4130 ἐκκλησιαστικὴν
2734 4056 3186 4130 παραδεξάμενοι.
3216 4056 3326 4129 (72)
3345 4057 3583 4111 Ἐκείνου
3603 4074 3670 4111 τε

2086 4144 2178 4203 οὖν
2203 4150 2506 4222 μνησθῆναι
2541 4149 2861 4220 πρεπόντως
2885 4151 3106 4206 ἀπαιτεί
3121 4150 3191 4205 τά
3223 4152 3487 4225 παρόντα,
3521 4152 3668 4208 ὥστε

2091 4243 2165 4315 μὴ
2199 4242 2343 4315 ἔχειν
2367 4242 2619 4315 ἀφορμὴν
2640 4281 2655 4307 ,
2685 4243 2812 4306 τοὺς
2843 4240 3097 4305 θέλοντας
3131 4241 3384 4315 ἀφορμὴν
3404 4282 3419 4307 ,
3457 4246 3521 4298 ἐκ
3565 4244 3669 4298 τοῦ

411 4327 478 4382 ad
514 4334 661 4381 tuam
715 4341 773 4381 se
816 4327 1159 4382 sanctitatem
1205 4327 1511 4399 adiungunt
1540 4368 1556 4393 ,
1608 4337 1662 4384 et
1695 4331 1788 4400 qui
1838 4330 1983 4385 circa

2091 4339 2152 4407 τῇ
2174 4339 2238 4407 σῇ
2269 4336 2508 4406 ὁσιότητι
2540 4335 2831 4390 συνάπτειν
2856 4335 2983 4397 τοὺς
3011 4333 3351 4404 ὑγιαίνοντας
3370 4376 3385 4400 ,
3416 4337 3510 4390 καὶ
3533 4339 3669 4402 τοὺς

410 4433 594 4474 veram
630 4416 789 4471 ﬁdem
819 4418 1164 4484 claudicant,
1214 4421 1488 4476 manifesti
1521 4422 1774 4477 omnibus
1806 4422 1939 4477 fiunt
1966 4443 1982 4490 ;

2267 4395 2570 4499 τὴνὰληθῆ
2624 4427 2804 4481 πίστιν
2836 4395 3160 4492 όκλάήζοντας
3206 4395 3471 4500 φανεροὺς
3525 4395 3667 4483 πᾶσι

411 4513 486 4569 ita
546 4520 605 4567 ut
658 4511 915 4581 deinceps
976 4526 1071 4567 eos
1114 4513 1208 4582 qui
1256 4513 1397 4567 idem
1446 4529 1510 4568 ac
1545 4530 1648 4570 nos
1703 4516 1982 4583 sentiunt,

411 4620 776 4678 agnoscamus
804 4644 819 4670 ,
866 4619 968 4658 nec
1025 4603 1139 4673 jam
1195 4605 1345 4659 velut
1389 4606 1444 4660 in
1493 4615 1762 4661 nocturna
1801 4624 1984 4679 pugna

413 4698 623 4751 nullum
673 4698 745 4751 sit
799 4697 1100 4751 amicorum
1148 4704 1202 4751 et
1257 4696 1606 4753 inimicorum
1662 4699 1981 4754 discrimen.

413 4790 704 4845 Hortamur
736 4788 950 4853 solum,
992 4795 1052 4843 ut
1093 4786 1279 4843 statim
1341 4789 1407 4843 ad
1471 4791 1703 4860 primam
1760 4793 1987 4863 naviga-

413 4883 612 4936 tionem
661 4879 955 4950 praedictus
1019 4879 1283 4935 diaconus
1339 4880 1632 4947 mittatur,
1677 4888 1739 4936 ut
1807 4882 1985 4952 possit

409 4975 601 5030 saltem
632 4988 777 5028 anno
817 4971 1068 5043 sequenti
1119 4971 1325 5027 aliquid
1376 4988 1588 5038 eorum,
1634 4990 1756 5045 quae
1788 4991 1981 5046 preca-

483 5172 595 5245 (67)
623 5171 822 5245 Tragic;
862 5173 946 5245 lta
979 5172 1133 5245 Harl.
1180 5181 1235 5229 et
1275 5171 1448 5230 Coisl.
1479 5174 1691 5245 primus
1726 5192 1849 5231 cum
1881 5180 1983 5234 tri-

409 5242 514 5299 bus
546 5242 688 5297 aliis.
726 5242 871 5299 Editi
901 5243 1034 5297 τισί.

482 5313 594 5385 (68)
608 5314 1028 5388 -ᾟπενεγκεῖπ
1042 5387 1060 5388 η
1075 5313 1154 5367 Ita
1169 5312 1349 5388 _Med.,
1391 5311 1546 5369 Harl.
1578 5323 1632 5368 et
1661 5316 1830 5372 Coisl.
1862 5319 1979 5388 pri-

410 5381 1111 5457 mus.'Editi_8tsveyxstv.
1169 5381 1341 5437 Paulo
1376 5392 1513 5457 Apost
1555 5381 1979 5457 corruptissime

412 5453 573 5509 iidem
603 5452 731 5533 editi
761 5455 990 5525 ἀπονοίᾳ
1020 5454 1208 5526 ῆθους,
1244 5452 1401 5524 quod
1422 5454 1619 5510 vulnus
1654 5452 1974 5515 sanavimus

411 5538 513 5592 ope
540 5539 782 5593 qumque
818 5540 949 5579 mss.

2087 4521 2310 4591 ποιῆσαι
2334 4537 2348 4550 °
2378 4520 2517 4575 ὥστε
2555 4517 2649 4572 τοῦ
2675 4517 2864 4573 λοιποῦ
2889 4520 3174 4590 γνωρίζειν
3203 4522 3349 4592 ἡμᾶς
3375 4521 3500 4585 τοὺς
3525 4521 3664 4591 ὁμό-

2086 4630 2288 4683 φρονας
2313 4629 2326 4643 ·
2359 4615 2453 4666 καὶ
2486 4612 2560 4684 μὴ
2588 4651 2604 4675 ,
2649 4610 2724 4675 ὡς
2770 4612 2828 4664 ἐν
2874 4613 3241 4685 νυκτομαχίᾳ,
3273 4614 3544 4685 μηδεμίαν
3574 4615 3668 4685 φί-

2084 4703 2191 4757 λων
2226 4702 2321 4757 καὶ
2372 4702 2646 4773 πολεμίων
2692 4701 2835 4772 ἔχειν
2890 4702 3181 4774 διάκρισιν,
3214 4705 3388 4758 Μόνον
3416 4722 3667 4776 παρακα-

2084 4794 2282 4866 λοῦμεν
2323 4794 2485 4856 εὐθὺς
2519 4793 2624 4847 ὑπὸ
2665 4793 2755 4846 τὸν
2804 4794 3018 4865 πρῶτον
3069 4794 3236 4849 πλοῦν
3277 4788 3665 4869 ἐκπεμφθῆναι

2082 4886 2173 4940 τὸν
2211 4885 2610 4958 προειρημένον
2654 4885 2899 4940 διάκονον
2921 4926 2935 4949 ,
2968 4886 3055 4939 ἵνα
3086 4886 3285 4959 δυνηθῇ
3334 4886 3477 4941 κατά
3528 4887 3664 4956 γοῦν

2082 4980 2143 5034 τδ
2165 4978 2364 5050 ἐφεξῆς
2394 4979 2514 5042 ἔτος
2540 4978 2793 5048 γενέσθαι
2817 4997 2889 5045 τι,
2912 4973 2987 5034 ὧν
3013 4981 3445 5053 προσευχόμεθα.
3493 4981 3666 5036 Ἐκεί-

2085 5180 2244 5304 μίνὲμ,
2275 5179 2426 5234 velut
2455 5187 2539 5235 est
2569 5181 2623 5233 in
2653 5180 2893 5235 editione
2922 5179 3132 5251 Hagan.
3156 5181 3228 5235 τὰ
3255 5183 3314 5235 ὲν
3351 5185 3656 5255 Ἀριμῖνον.

2154 5253 2168 5304 ί
2211 5250 2267 5304 Ol
2306 5249 2623 5304 ’EEoolaat.
2646 5248 2725 5304 Ita
2753 5249 2921 5304 Med..
2948 5250 3123 5304 Harl..
3154 5251 3325 5304 Coisl.
3348 5263 3579 5304 ulemue
3601 5267 3656 5304 et

2154 5248 2267 5322 (70)
2306 5248 2725 5322 ’Efoglaat._lta
2753 5249 2921 5322 Med.
2948 5248 3123 5313 Harl.,
3154 5251 3325 5322 Gojsl.
3348 5248 3579 5322 uterque
3601 5267 3659 5310 et

2083 5318 2220 5390 Reg.
2250 5318 2571 5390 secundus.
2616 5318 2759 5374 Editi
2804 5320 3166 5390 ἐξορίζεσθαι.
3201 5320 3419 5380 Habent
3447 5318 3653 5380 ibidem

2081 5388 2222 5446 Med.
2249 5398 2304 5444 et
2331 5388 2482 5444 Harl.
2514 5391 2864 5458 ὑγιαινούσης
2891 5388 3259 5456 διδασκαλίαις⁴

2152 5460 2261 5533 (71)
2280 5458 3078 5533 Οὐρᾳμρῦῂδιαόᾳλᾷντεςιιια
3093 5462 3266 5533 Πανί.)
3292 5462 3455 5531 Med.,
3480 5464 3655 5522 Coisl.

2077 5529 2310 5605 primus:
2343 5529 2492 5605 _Ed_iti
2521 5530 2771 5601 οὐδαμῶς
2783 5529 3192 5605 διαϐάλλοντες.
3239 5529 3463 5605 Legitur
3490 5538 3661 5593 etiam

482 5592 594 5665 (δη)
635 5592 709 5646 Τὰ
747 5594 898 5669 ⁸μετὰ
935 5592 1244 5669 Ἁριμῖνρν,
1290 5592 1366 5669 ita
1407 5609 1501 5669 sex
1539 5595 1729 5669 nostri
1752 5597 1975 5656 codices

2091 5592 2312 5669 ὀύδαμοῦ
2332 5599 2395 5669 in
2428 5597 2561 5669 Reg.
2595 5592 2838 5657 secundo
2866 5612 2921 5660 et
2949 5603 3117 5659 Coisl.
3149 5592 3412 5660 secundo.

414 5679 513 5733 pro
542 5664 607 5719 eo
638 5665 782 5733 quod
819 5678 986 5733 prave
1018 5664 1074 5717 in
1107 5664 1270 5722 editis
1292 5664 1570 5735 legebatur
1608 5667 1675 5723 τὰ
1717 5668 1775 5723 ἐν
1824 5669 1975 5741 Ἀρι-

2084 5682 2091 5687 '
2150 5668 2263 5742 (72)
2304 5668 2438 5727 Vide
2485 5668 2764 5727 Addenda.
