3988 6194
289 435 401 491 453

1243 438 1729 496 EPISTOLARUM
1770 441 2059 499 CLASSIS
2094 441 2158 497 Il.
2199 444 2417 500 EPIST.
2459 444 2623 500 LXX.

3445 442 3550 498 ιδι

290 570 356 608 νο
388 550 449 607 δὲ
478 550 573 605 καὶ
599 550 708 625 πρὸ
734 552 846 607 τῶν
891 553 1175 626 ἡμετέρων
1203 555 1315 626 (7'5)
1360 556 1534 627 λόγων
1566 561 1771 623 συνιεῖς
1811 576 1868 612 τε

1976 576 2121 625 mur,
2161 562 2370 632 perlici.
2424 562 2561 616 Illud
2595 567 2776 615 autem
2827 568 2953 615 ante
2991 559 3155 615 etiam
3204 573 3366 629 quam
3396 559 3549 615 dica-

289 642 461 705 αὐτδς
488 643 584 696 καὶ
606 636 876 714 φροντιεῖς
904 643 1173 714 δηλονότι,
1212 645 1360 710 ὅπως
1390 646 1708 712 ἐπιστάντες
1727 688 1742 714 ,
1771 647 1867 702 ἐὰν

285 739 318 792 ὁ
344 735 481 800 Θεὸς
512 732 668 806 θέλῃ,
704 734 778 806 μὴ
827 734 1066 804 ὲναφῶσι
1098 738 1217 800 ταῖς
1258 737 1607 808 Ἐκκλησίαις
1635 738 1704 791 τὰ
1752 739 1868 810 σχί-

288 845 477 899 σματα
494 867 509 893 ,
535 827 671 881 ἀλλὰ
708 827 837 891 τοὺς
866 829 935 881 τὰ
963 827 1103 881 αύτά
1129 827 1458 899 φρονοῦντας
1489 830 1653 883 παντὶ
1680 830 1867 900 τρόπῳ

285 924 375 985 είς
418 921 614 974 ἕνωσιν
664 920 1031 986 συνελάσωσι,
1083 921 1186 975 κάν
1231 938 1385 985 τινας
1435 922 1573 986 ίδίας
1597 921 1706 976 τῶν
1733 922 1869 993 πρὸς

283 1012 554 1084 ἀλλήλους
587 1011 858 1084 διαφορῶν
895 1013 1149 1084 ἀφορμὰς
1194 1013 1428 1086 εὕρωσιν
1466 1014 1689 1086 ἔχοντας
1721 1014 1862 1086 (74)’

285 1106 433 1177 ὑπὲρ
466 1105 561 1159 τοῦ
608 1106 683 1177 μὴ
713 1105 806 1159 τὸν
843 1105 1225 1177 ὀρθοδοξοῦντα
1272 1106 1401 1161 λαὸν
1444 1109 1525 1171 είς
1566 1105 1737 1160 πολλὰ
1767 1123 1869 1160 κα-

283 1199 654 1269 τατέμνεσθαι
697 1198 836 1271 μέρη
877 1201 992 1262 τοῖς
1036 1199 1340 1269 προεστῶσι
1380 1199 1873 1269 συναφιστάμενον.

284 1287 478 1341 Πάντα
516 1288 626 1360 γὰρ
672 1287 755 1341 δεῖ
808 1289 1107 1342 σπουδάσαι
1156 1288 1382 1360 δεύτερα
1430 1288 1741 1361 ἡγήσασθαι
1771 1288 1869 1359 τῆς

284 1380 517 1450 είρήνης
535 1418 550 1441 ,
580 1379 674 1432 καὶ
698 1379 805 1451 πρὸ
835 1380 1050 1433 πάντων
1073 1379 1176 1449 τῆς
1199 1379 1338 1433 κατά
1383 1379 1713 1450 Ἀντιόχειαν
1755 1378 1871 1433 Ἐκ-

284 1470 519 1543 κλησίας
545 1470 942 1543 ἐπιμεληθῆναι
965 1511 980 1536 ,
1005 1471 1081 1535 ὡς
1116 1472 1189 1543 μὴ
1219 1471 1468 1525 ἀσθενεῖν
1517 1473 1575 1524 έν
1601 1471 1737 1539 αὐτῇ
1768 1471 1869 1542 τὴν

284 1560 459 1632 ὀρθὴν
505 1560 696 1634 μερίδα
727 1563 859 1633 περ).
905 1560 975 1614 τὰ
1018 1561 1285 1632 πρόσωπα
1331 1560 1675 1632 σχιζομένην.
1719 1560 1869 1615 Μᾶλ-

285 1652 381 1705 λον
402 1652 461 1705 δὲ
485 1692 501 1717 ,
530 1652 736 1706 τούτων
766 1653 1020 1707 ἁπάντων
1054 1653 1149 1707 καὶ
1177 1653 1338 1717 αὐτὸς
1369 1656 1447 1717 είς
1494 1652 1619 1706 ὕστε
1629 1670 1720 1724 ρον
1749 1657 1866 1708 ὲπι-

288 1741 539 1813 μελήσῃ,
574 1742 793 1795 ἐπειδὰν
814 1782 828 1806 ,
858 1742 996 1813 ὅπερ
1034 1740 1337 1813 εὐχόμεθα,
1381 1741 1515 1795 Θεοῦ
1549 1742 1870 1813 συνεργοῦν-

281 1835 379 1897 τός
401 1843 485 1887 σοι
509 1874 524 1899 ,
552 1834 765 1898 πάντας
784 1835 957 1907 λάϐῃς
982 1834 1096 1907 (75)
1129 1835 1198 1889 τὰ
1221 1838 1319 1907 τῆς
1351 1834 1737 1899 καταστάσεως
1760 1835 1868 1891 τῶν

299 1923 643 1995 Ἐκκλησιῶν
676 1924 1092 1997 ἐπιτρέποντας.

818 2082 1165 2138 ΕΠΙΣΤΟΛΗ
1201 2083 1277 2138 Ο’.

1969 663 2115 715 mus,
2163 650 2281 719 ipse
2321 658 2376 705 et
2416 651 2717 721 intelligis,
2759 658 2814 706 et
2882 650 3104 706 curabis
3139 648 3437 715 videlicet,
3490 660 3552 706 ut

1969 738 2110 805 ubi,
2169 738 2281 794 Deo
2326 740 2582 803 volente,
2652 739 3005 803 advenerim,
3070 753 3180 793 non
3252 739 3552 794 immittant

1970 829 2240 887 Ecclesiis
2288 831 2585 887 schismata
2617 847 2630 882 :
2670 830 2764 886 sed
2799 846 2895 886 eos
2925 830 3017 900 qui
3049 830 3234 885 cadem
3282 831 3548 895 sentiunt,

1968 923 2117 977 omni
2144 924 2350 977 ratione
2380 923 2446 977 ad
2490 923 2929 992 coniunctionem
2974 920 3303 990 compellant
3325 961 3340 986 ,
3364 922 3553 977 etiam-

1970 1013 2018 1067 si
2073 1013 2368 1068 nonnullos
2434 1013 2757 1083 reperiant,
2806 1012 2898 1082 qui
2972 1012 3214 1082 privatas
3282 1011 3548 1082 quasdam

1968 1103 2364 1160 discordiarum
2416 1104 2556 1158 inter
2586 1120 2646 1159 se
2705 1118 2903 1159 causas
2944 1103 3222 1170 habeam;
3270 1119 3338 1158 ne
3376 1119 3552 1174 popu—

1970 1195 2056 1251 lus
2108 1195 2450 1250 orthodoxus
2496 1196 2695 1251 multas
2756 1196 2813 1250 in
2852 1207 3043 1267 partes
3096 1197 3402 1263 scindatur,
3437 1212 3549 1253 una

1968 1302 2092 1341 cum
2130 1286 2441 1357 praepositis
2492 1286 2814 1342 abscedens.
2856 1285 3109 1342 Studium
3168 1289 3312 1342 enim
3368 1289 3427 1343 in
3481 1304 3549 1344 eo

1969 1378 2278 1448 ponendum
2313 1385 2429 1445 est,
2488 1385 2548 1432 ut
2606 1378 2727 1449 paci
2751 1377 3179 1448 posthaheantur
3231 1378 3438 1444 omnia,
3481 1394 3547 1434 ac

1968 1485 2081 1540 prae
2128 1469 2387 1525 omnibus
2448 1468 2707 1523 Ecclesia:
2763 1468 3118 1523 Antiochenaz
3186 1484 3321 1524 cura
3369 1470 3549 1525 susci-

1969 1562 2169 1631 piatur,
2202 1578 2272 1617 ne
2336 1578 2471 1618 sana
2526 1562 2675 1617 illius
2719 1577 2847 1633 pars
2882 1562 3031 1616 circa
3063 1578 3328 1632 personas
3372 1564 3548 1619 scissa

1970 1653 2304 1709 dcbilitetur.
2342 1651 2447 1707 Sed
2488 1653 2665 1733 magis
2702 1652 2818 1707 haec
2847 1652 3030 1707 omnia
3062 1660 3116 1708 et
3150 1653 3266 1722 ipse
3288 1644 3549 1723 deinceps

1970 1739 2231 1810 curabis,
2287 1752 2670 1814 posteaquam,
2714 1742 2862 1814 quod
2918 1753 3213 1814 Optamus,
3257 1744 3549 1815 adiuvante

1970 1841 2024 1889 te
2064 1834 2195 1898 Deo,
2230 1851 2423 1892 omnes
2467 1836 2724 1892 habueris
2752 1837 2875 1901 tibi,
2916 1854 3037 1909 quae
3064 1836 3132 1892 ad
3174 1836 3546 1893 Ecclesiarum

1895 1926 1939 1980 B
1968 1933 2167 1982 statum
2193 1928 2491 1998 pertinent,
2527 1929 2952 1985 committentes.

2456 2080 2794 2140 EPISTOLA
2835 2083 3023 2138 LXX'.

284 2195 502 2250 Orientis
521 2197 653 2248 mala
674 2193 1378 2268 eqimiiscoloribusdepingit
1403 2194 1633 2268 quilius,
1656 2202 1708 2268 e_t_
1733 2196 1990 2268 quqsum
2016 2203 2171 2268 rpgqt,
2198 2205 2248 2268 tu
2280 2210 2343 2268 ea:
2378 2210 2511 2268 more
2534 2205 2579 2266 e_t
2615 2202 2825 2268 instituto
2849 2195 3152 2268 decessorum
3174 2207 3374 2247 suorum
3399 2193 3544 2249 ausi-

705 2258 831 2310 lz'um
859 2258 1002 2323 ferat,
1025 2254 1248 2324 inprimis
1268 2254 1508 2323 Dionysii,
1534 2254 1757 2322 qui’otim
1777 2257 1868 2310 int

1976 2254 2446 2319 mdociaminiserat,
2474 2256 2557 2321 qui
2576 2257 2788 2322 captivos
2813 2257 3121 2310 redimerem.

547 2371 967 2440 Ἇνεπίτραφος
997 2368 1106 2441 (76)
1151 2369 1285 2439 περὶ
1322 2368 1608 2425 συνόδου.

368 2482 631 2553 ’Δρχαίας
656 2482 876 2554 ἀγάπης
920 2482 1155 2554 θεσμοὺς
1191 2482 1546 2538 ἀνανεοῦσθαι
1573 2524 1589 2549 ,
1628 2482 1722 2537 καὶ
1749 2485 1863 2537 Πα-

292 2573 461 2645 εέρων
499 2575 753 2651 εἰρήνην,
776 2574 837 2629 τὸ
868 2575 1118 2647 οὐράνιον
1157 2575 1329 2646 δῶρον
1369 2573 1603 2647 Χριστοῦ
1642 2574 1736 2627 καὶ
1768 2590 1867 2626 σω-

290 2666 477 2737 τήριον
500 2707 516 2731 ,
550 2666 940 2739 ἀπομαρανθὲν
973 2667 1051 2738 τῷ
1100 2667 1279 2739 χρόνῳ
1302 2705 1316 2731 ,
1367 2667 1529 2719 πάλιν
1580 2669 1717 2734 πρδς
1764 2664 1865 2734 τὴν

288 2756 474 2828 ἀκμὴν
519 2758 885 2826 ἐπαναγαγεῖν
903 2797 918 2821 ,
951 2758 1245 2826 ἀναγκαῖον
1298 2757 1394 2827 μὲν
1426 2757 1557 2827 ἡμῖν
1599 2754 1695 2809 καὶ
1720 2753 1866 2823 ὠφέ-

290 2858 449 2918 Λιμον
469 2888 483 2910 ,
507 2847 738 2919 τερπνὸν
760 2847 816 2901 δὲ
844 2844 904 2901 εὖ
930 2845 1064 2912 οἴδα,
1100 2850 1182 2902 ὅτι
1213 2849 1308 2901 καὶ
1333 2851 1400 2919 τῇ
1439 2850 1503 2919 σῇ
1536 2844 1864 2917 φιλοχρίστῳ

288 2938 527 2992 διαθέσει
575 2941 1041 3012 καταφανήσεται.
1095 2940 1160 2993 Τί
1207 2939 1317 3012 γὰρ
1363 2939 1427 2993 ἂν
1457 2939 1666 3008 γένοιτο
1702 2952 1865 3008 χαριυο

290 3030 530 3101 ἐστερον,
568 3030 601 3101 ἢ
638 3030 765 3094 τοὺς
788 3030 1026 3101 τοσούτῳ
1064 3029 1141 3101 τῷ
1183 3029 1377 3101 πλήθει
1410 3028 1520 3082 τῶν
1547 3028 1727 3081 τόπων
1754 3025 1869 3096 διῃ-

290 3120 563 3193 ρημένους
588 3120 701 3191 (77)
731 3123 795 3192 τῇ
829 3121 917 3175 διὰ
941 3123 1041 3191 τῆς
1063 3121 1282 3192 ἀγάπης
1303 3118 1492 3173 ένώσει
1513 3117 1755 3188 καθορᾷν
1789 3117 1870 3179 εἰς

2323 2370 2447 2425 Sine
2475 2366 2809 2438 inscriptione
2838 2367 2901 2423 de
2932 2367 3148 2440 synodo.

2033 2481 2354 2540 Dilectionis
2399 2484 2634 2554 antiqua:
2683 2483 2830 2553 leges
2866 2496 3172 2547 renovare,
3207 2487 3263 2535 et
3314 2479 3545 2534 Patrum

1963 2594 2185 2650 parem,
2251 2580 2475 2636 cmleste
2528 2580 2658 2634 illud
2699 2578 2901 2634 Christi
2941 2576 3145 2630 donum
3198 2590 3262 2630 ac
3308 2575 3549 2630 salutare

1966 2671 2113 2742 quod
2158 2678 2404 2741 tempore
2458 2672 2712 2735 exaruit,
2752 2671 2819 2723 ad
2861 2671 3104 2739 vigorem
3160 2664 3357 2722 iterum
3388 2681 3547 2721 revo—

1960 2779 2107 2828 care,
2150 2763 2518 2819 necessarium
2549 2763 2770 2833 quidem
2820 2762 2981 2816 nobis
3031 2774 3094 2821 ac
3124 2760 3298 2825 utile;
3344 2758 3546 2829 jucun-

1964 2854 2092 2909 dum
2123 2861 2325 2920 autem,
2365 2861 2452 2907 sat
2479 2854 2617 2917 scio,
2644 2861 2699 2908 et
2751 2862 2848 2907 tuo
2880 2850 3086 2907 Christi
3110 2850 3316 2904 amanti
3353 2850 3539 2904 animo

1964 2944 2256 3001 videbitur.
2316 2944 2456 3011 Quid
2504 2944 2650 3001 enim
2711 2945 2805 2999 ﬁat
2851 2941 3178 3013 jucundius,
3230 2956 3395 3010 quam
3449 2939 3551 2994 ho-

1966 3036 2145 3090 mines
2171 3042 2322 3090 tanto
2377 3035 2625 3090 locorum
2666 3034 2954 3089 intervallo
2995 3032 3277 3101 sejunctos
3313 3029 3552 3085 charita-

1968 3126 2042 3183 tis
2072 3126 2291 3181 vinculo
2333 3126 2517 3185 videre
2556 3127 2613 3181 in
2665 3143 2828 3182 unam
2899 3127 3270 3183 membrorum
3325 3124 3548 3180 harmc-

291 3212 425 3283 μίαν
450 3210 628 3282 μελῶν
665 3211 930 3282 ἁρμονίαν
973 3213 1029 3264 ὲν
1067 3211 1278 3281 σώματι
1319 3209 1556 3282 Χριστοῦ
1591 3207 1868 3272 δεδέσθαι;

1976 3218 2118 3272 niam
2169 3217 2225 3271 in
2258 3233 2488 3288 corpore
2523 3218 2728 3274 Christi
2780 3216 3077 3288 colligari?
3132 3214 3323 3271 Omnis
3352 3227 3551 3285 prope-

294 3303 367 3355 Ἦ
406 3301 846 3373 ’Δνατολὴ-πᾶσα
894 3301 1114 3371 σχεδὸν,
1156 3299 1453 3370 τιμιώτατε
1488 3299 1671 3369 Πάτερ
1699 3296 1862 3369 (λέγω

287 3391 348 3445 δὲ
381 3393 669 3464 Ἀνατολὴν
715 3391 784 3445 τὰ
819 3390 928 3445 ἀπὸ
974 3390 1070 3445 τοῦ
1122 3390 1416 3464 Ἰλλυρικοῦ
1472 3391 1664 3463 μέχρις
1706 3388 1864 3459 Αίγύ-

290 3484 492 3556 πτου),
549 3484 771 3555 μεγάλῳ
805 3482 1035 3555 χειμῶνι
1077 3484 1174 3538 καὶ
1222 3482 1451 3536 κλύδωνι
1491 3482 1860 3546 κατασείεται,

288 3579 392 3647 τῆς
426 3577 592 3631 πάλαι
632 3578 731 3648 μὲν
776 3577 1078 3649 σπαρείσης
1106 3579 1370 3649 αἱρέσεως
1398 3575 1503 3630 ὑπὸ
1543 3574 1636 3628 τοῦ
1668 3572 1861 3645 ἐχθροῦ

288 3672 392 3740 τῆς
434 3668 690 3738 ἀληθείας
733 3669 942 3740 ’Λρείου
964 3709 979 3734 ,
1012 3669 1110 3722 νῦν
1150 3668 1208 3722 δὲ
1252 3669 1390 3740 πρὸς
1423 3667 1482 3721 τὺ
1514 3668 1864 3737 ἀναίσχυντον

289 3760 661 3831 ἀναφανείσης
680 3800 695 3824 ,
726 3762 819 3814 καὶ
850 3761 1014 3814 οίονεὶ
1058 3761 1214 3833 ῥίζης
1242 3760 1448 3831 πικρᾶς
1496 3757 1707 3829 καρπὸν
1749 3756 1865 3809 ὀλέ-

289 3851 447 3923 θριον
496 3853 883 3923 ἀναδιδούσης,
938 3851 1389 3924 κατακρατούσης
1435 3850 1621 3904 λοιπὸν
1674 3849 1762 3902 διὰ
1806 3848 1867 3902 τὸ

289 3944 565 4014 τοὺς“μὲν
611 3944 734 3998 καθ’
776 3944 1013 4016 ἑκάστην
1057 3944 1350 4017 παροικίαν
1395 3941 1742 4015 προεστῶτας
1771 3940 1866 3993 τοῦ

290 4034 462 4109 ὀρθοῦ
498 4037 659 4106 λόγου
686 4039 751 4090 ὲκ
784 4037 1145 4104 συκοφαντίας
1184 4036 1279 4089 καὶ
1307 4034 1570 4106 ἐπηρείας
1593 4033 1703 4086 τῶν
1744 4033 1868 4086 Ἐκ-

292 4131 536 4203 κλησιῶν
567 4131 848 4195 ὲκπεσεῐν,
890 4129 1259 4201 παραδοθῆναι
1308 4128 1365 4180 δὲ
1395 4131 1509 4191 τοῖς
1537 4125 1869 4197 αἰχμαλωτί-

292 4224 449 4288 ζευσι
498 4220 597 4285 τὰς
640 4220 819 4291 ψυχὰς
848 4219 955 4274 τῶν
999 4218 1399 4290 ἀκεραιοτέρων
1446 4218 1544 4289 τὴν
1586 4217 1694 4270 τῶν
1732 4233 1870 4287 πρα-

290 4313 521 4383 γμάτων
556 4311 706 4382 ἰσχύν
733 4329 746 4342 ·
794 4312 1000 4364 τούτων
1047 4310 1174 4381 μίαν
1209 4311 1686 4384 προσεδοκήσαμεν
1717 4309 1870 4364 λύσιν

289 4404 394 4475 τὴν
421 4403 519 4474 τῆς
546 4403 815 4473 ὑμετέρας
843 4401 1240 4473 εὐσπλαγχνίας
1265 4401 1551 4471 ἐπίσκεψιν
1572 4419 1586 4433 ο
1623 4402 1716 4455 καὶ
1744 4401 1872 4470 ἐψυ-

222 4526 227 4535 -
290 4494 621 4566 χαγώγησεν
672 4493 819 4563 ἡμᾶς
864 4492 1044 4545 ἀεὶτὸ
1092 4491 1393 4562 παράδοξον
1440 4492 1540 4562 τῆς
1597 4490 1869 4562 ὑμετέρας

290 4587 516 4658 ἀγάπης
544 4587 604 4638 ὲν
625 4584 704 4656 τῷ
736 4582 1058 4656 παρελθόντι
1088 4583 1264 4656 χρόνῳ
1286 4624 1300 4649 ,
1339 4582 1432 4636 καὶ
1464 4585 1619 4655 φήμῃ
1649 4582 1869 4654 φαιδρο-

290 4680 431 4751 τέρᾳ
482 4677 620 4750 πρὸς
666 4677 838 4751 βραχὺ
886 4677 984 4740 τὰς
1038 4676 1215 4747 ψυχὰς
1267 4675 1691 4748 ἀνεῤῥώσθημεν
1726 4715 1741 4740 ,
1792 4676 1867 4739 ὼς

293 4771 563 4843 ἐσομένης
589 4772 721 4841 ἡμῖν
758 4786 898 4833 τινος
926 4768 1269 4841 ἐπισκέψεως
1310 4768 1439 4838 παρ’
1474 4768 1652 4840 ὑμῶν.
1691 4767 1778 4831 Ὦς
1811 4767 1869 4821 δὲ

291 4862 669 4934 διημάρτομεν
701 4860 803 4931 τῆς
836 4860 1077 4925 ἐλπίδος,
1109 4861 1303 4932 μηκέτι
1328 4860 1608 4927 στέγοντες
1636 4859 1869 4930 ἤλθομεν

292 4956 387 5008 ἐπὶ
414 4953 515 5024 τὴν
552 4952 641 5007 διά
673 4952 766 5006 τοῦ
792 4953 1119 5025 γράμματος
1165 4951 1275 5023 (78)
1309 4950 1464 5021 ήμῶν
1501 4950 1867 5021 παράκλησιν,

291 5043 650 5114 διαναστῆναι
700 5044 843 5115 ὑμᾶς
890 5044 1028 5115 πρὸς
1080 5043 1179 5116 τὴν
1216 5042 1497 5114 ἀντίληψιν
1536 5041 1692 5114 ἡμῶν
1717 5083 1731 5108 ,
1777 5043 1871 5096 καὶ

291 5134 615 5189 ἀποστεῖλαί
659 5152 812 5200 τινας
862 5135 972 5189 τῶν
1002 5134 1324 5207 ὀμοψύχων,
1364 5134 1554 5205 ἢτοὺς
1603 5133 1871 5206 συμϐιϐά-

364 5334 494 5405 (75)
522 5333 642 5402 Πρὸ
674 5332 794 5405 τῶν
821 5332 1140 5405 ἡμετέρων.
1169 5333 1246 5387 lta
1282 5348 1378 5389 sex
1415 5347 1549 5388 mss.
1567 5330 1731 5405 ‘Editi
1766 5332 1873 5387 τῶν

293 5401 628 5475 εἰρημένων.
679 5401 882 5475 ibidem
910 5401 1055 5475 (editi
1097 5404 1406 5475 συννοήσεις
1433 5420 1515 5457 τε.
1567 5401 1707 5475 Duo_
1737 5418 1869 5459 mss.

296 5422 381 5475 ειρ
428 5422 628 5474 μενων.
679 5422 882 5459 ωιαεω
923 5422 1055 5459 eam
1097 5422 1406 5473 συννοησεις
1433 5422 1515 5457 τε.
1568 5422 1684 5457 υυο
1737 5422 1869 5459 mss.

296 5422 555 5545 συνῗίισεις
587 5490 669 5529 τε.
697 5472 862 5545 Med,
885 5474 1053 5545 Coisl.
1086 5475 1317 5543 primus,
1345 5472 1476 5543 Reg.
1506 5473 1782 5529 secundus
1819 5481 1874 5530 et

295 5543 475 5615 prima
513 5558 677 5615 manu
712 5543 864 5615 Harl.
893 5554 954 5599 ut
985 5544 1041 5597 in
1070 5553 1240 5615 textu.

367 5612 483 5685 (ζμ)
506 5612 808 5685 Eupalami:
832 5613 1104 5685 ἐχοντξις.
1146 5612 1250 5667 Ριό
1287 5613 1388 5685 his
1420 5613 1645 5670 vocibus
1674 5613 1875 5685 legitur

298 5683 358 5739 in
380 5682 663 5759 Vaticano
689 5682 879 5759 codice
914 5700 979 5739 ac
1009 5683 1140 5756 Reg.
1189 5683 1428 5741 secundo
1468 5691 1522 5740 et
1566 5682 1875 5759 Coisl.',se-

295 5753 484 5824 eundo
509 5754 745 5824 τύχωσιν
775 5754 1016 5823 ἔχοντας.

373 5822 486 5895 (75)
519 5822 649 5880 Vide
678 5822 958 5880 Addenda.

1964 3308 2186 3362 modum
2235 3307 2455 3372 Oriens,
2515 3307 2677 3364 Pater
2721 3308 3114 3364 colendissime
3164 3306 3310 3378 (dico
3363 3311 3546 3359 autem

1963 3395 2237 3453 Orientem
2291 3398 2557 3470 quidquid
2595 3398 2938 3471 ab'lllyrico
2996 3399 3063 3453 ad
3100 3397 3394 3469 Egyptum
3445 3410 3544 3451 us-

1962 3503 2070 3559 que
2109 3488 2500 3558 protenditur),
2541 3488 2748 3560 ingenti
2794 3496 3118 3562 tempestate
3169 3503 3233 3543 ac
3284 3495 3419 3541 aestu
3455 3496 3551 3540 ex‘

1963 3580 2202 3649 agitatur
2236 3595 2249 3631 :
2280 3596 2405 3635 cum
2452 3581 2658 3636 dudum
2710 3582 2930 3652 quidem
2977 3597 3166 3653 sparsa
3215 3580 3437 3635 haeresis
3478 3579 3548 3631 ab

1967 3672 2189 3729 inimico
2257 3671 2504 3728 veritatis
2557 3670 2693 3728 Ario
2729 3714 2745 3737 ,
2810 3690 2959 3728 nunc
3015 3689 3148 3728 vero
3204 3672 3550 3740 impudenter

1967 3779 2271 3835 emergens,
2301 3778 2365 3818 ac
2415 3762 2585 3818 veluti
2640 3762 2799 3817 radix
2848 3778 3034 3817 amara
3086 3762 3325 3816 fructum
3353 3760 3550 3815 exitio-

1968 3871 2090 3912 sum
2142 3855 2428 3925 proferens
2463 3894 2478 3921 ,
2503 3856 2615 3926 jam
2681 3855 3031 3923 dominetur;
3083 3863 3369 3925 propterea
3403 3853 3548 3923 quod

1971 3962 2117 4002 sanae
2167 3947 2430 4002 doctrinae.
2478 3947 2535 4002 iu
2602 3962 2932 4017 unaquaque
3008 3946 3247 4016 parmcia
3302 3942 3550 4016 signiferi

1972 4056 2067 4111 per
2118 4041 2449 4095 calumniam
2494 4056 2559 4096 ac
2592 4041 2853 4111 iniuriam
2888 4039 3215 4095 exciderunt
3259 4037 3546 4101 Ecclesiis,

1970 4129 2171 4185 tradita
2233 4140 2413 4186 autem
2464 4131 2594 4198 his,
2624 4131 2717 4201 qui
2769 4131 3164 4201 simpliciorum
3211 4130 3424 4184 animas
3458 4144 3550 4181 ra-

1970 4225 2147 4294 ptivas
2176 4222 2382 4277 ducunt
2415 4262 2430 4288 ,
2474 4237 2660 4278 rerum
2704 4229 2965 4293 potestas.
3000 4221 3205 4279 [lorum
3242 4220 3402 4293 164
3430 4221 3553 4275 uni~

1971 4328 2090 4369 cam
2132 4314 2454 4369 solutionem
2493 4313 2931 4384 exspectavimus
2959 4354 2976 4379 ,
3034 4313 3404 4368 miserationis
3455 4328 3550 4369 ve-

1972 4410 2102 4458 strae
2150 4403 2516 4459 visitationem
2560 4423 2573 4459 :
2619 4419 2683 4459 ac
2734 4420 2836 4458 nos
2889 4419 3105 4473 semper
3150 4406 3430 4459 consolata
3465 4411 3551 4461 est

1973 4494 2241 4553 mirabilis
2294 4504 2475 4552 vestra
2534 4496 2775 4552 charitas
2812 4496 3092 4566 praeterito
3147 4504 3430 4565 tempore,
3494 4504 3548 4549 et

1976 4587 2098 4641 lmto
2152 4602 2373 4642 rumore
2405 4589 2591 4655 allato,
2634 4586 2749 4642 fore
2792 4594 2852 4641 ut
2901 4601 2932 4640 a
2978 4586 3135 4641 vobis
3166 4586 3545 4648 inviseremur,

1978 4679 2178 4734 animis
2207 4678 2275 4733 ad
2305 4679 2469 4735 breve
2506 4688 2726 4750 tempus
2775 4678 3113 4734 corroborati
3144 4691 3356 4732 sumus.
3385 4673 3546 4730 Post-

1978 4784 2140 4839 quam
2180 4777 2359 4824 autem
2417 4784 2514 4840 spe
2544 4770 2868 4833 excidimus,
2916 4784 3026 4822 non
3060 4768 3170 4838 jam
3207 4765 3441 4836 amplius
3470 4763 3548 4820 fe-

1978 4871 2182 4924 rentes,
2229 4874 2295 4915 eo
2350 4859 2705 4927 devenimus,
2755 4867 2816 4913 ut
2863 4874 2963 4914 vos
2992 4875 3087 4929 per
3132 4859 3344 4913 litteras
3395 4856 3548 4911 obse-

1977 4966 2218 5016 cremus,
2253 4958 2315 5005 ut
2345 4950 2412 5004 ad
2463 4966 2623 5022 opem
2674 4951 2833 5006 nobis
2876 4949 3154 5004 ferendam
3187 4946 3498 5003 excitemini
3531 4985 3549 5011 ,

1977 5050 2031 5097 et
2058 5058 2124 5097 ex
2165 5042 2249 5099 his
2286 5042 2380 5112 qui
2424 5041 2568 5098 idem
2627 5057 2690 5096 ac
2721 5057 2821 5097 nos
2871 5040 3117 5096 sentiunt
3161 5038 3391 5093 mittatis
3451 5037 3553 5091 ali-

1979 5148 2137 5203 quos,
2174 5134 2266 5204 qui
2321 5135 2405 5190 vel
2432 5134 2762 5190 dissidentes
2813 5131 3143 5196 concilient,
3202 5129 3287 5183 vel
3320 5127 3414 5184 Dei
3445 5125 3551 5184 Ec-

2051 5333 2658 5404 (76L’Arsazlrpasaoc.
2689 5330 2840 5387 Hanc
2878 5330 3164 5401 epistolam
3198 5327 3547 5398 perspicuum

1979 5401 2151 5461 estad
2170 5401 2460 5459 Damasum
2495 5401 2689 5471 papam
2725 5404 2983 5471 scriptam
3016 5414 3157 5456 esse.

2051 5473 2163 5596 (:7)
2203 5468 2739 5554 Ampmtérbvbdta
2776 5468 2945 5525 Cdisl.
3001 5478 3261 5539 uterque,
3310 5468 3549 5523 Clarom.

2105 5558 2190 5596 eu.
2222 5542 2519 5596 secundus.
2548 5542 2687 5596 Edttt
2715 5541 3106 5596 διειογιιένους.

1981 5553 2034 5602 ει
2056 5541 2190 5612 Reg.
2222 5542 2519 5598 secundus.
2548 5542 2687 5596 Editi
2715 5541 3106 5612 διειργμένους.

2053 5607 2165 5686 (78)
2204 5614 2307 5666 Διὰ
2323 5611 2436 5691 ’τοᾷ
2461 5607 2928 5691 ψάμμριτοςξιιὲι
2956 5611 3198 5691 quinque
3212 5623 3386 5691 .mss.;
3412 5607 3551 5691 plu-.-

1983 5677 2073 5740 ι·εέ
2111 5677 2292 5737 autem
2322 5685 2377 5736 in
2401 5677 2543 5737 hanc
2569 5677 2873 5752 epistolam
2914 5677 3024 5737 non
3067 5677 3374 5735 habuimus.
3410 5677 3552 5733 Editi

1982 5754 2069 5809 διὰ
2095 5752 2456 5822 γραμμάτῳῖτ

2058 5829 2075 5845 '
2108 5820 2257 5880 Alias
2285 5820 2487 5879 CCXX.
2523 5820 2737 5893 Scripta
2766 5836 2908 5877 anno
2943 5821 3067 5876 571.
