3988 6194
280 331 386 388 εδδ
461 366 470 374 .

1606 336 1664 393 S.
1700 335 1944 392 BASILII
1982 335 2196 390 MAGNI

3422 327 3527 386 ιδο

281 451 484 508 clesias
511 451 578 506 ad
606 451 900 508 amicitiam
932 453 1218 517 reducant,
1272 453 1354 508 vel
1387 454 1578 508 saltem
1636 461 1854 522 pertur-

1979 454 2148 515 ζοντας
2189 451 2311 512 τοὺς
2351 447 2721 520 διεστῶτας,ἢ
2755 449 2833 510 εἰς
2865 445 3044 516 φιλίαν
3069 445 3165 508 τὰς
3202 441 3530 514 Ἐκκλησιας

284 542 522 598 bationis
575 553 828 600 auctores
877 545 1032 600 vobis
1086 546 1288 600 clarius
1325 545 1564 600 indicent
1621 548 1744 612 ;ita
1799 553 1857 599 ut

283 635 542 704 deinceps
584 635 738 690 vobis
801 635 1149 690 manifestum
1185 638 1287 697 sit.
1323 637 1650 706 quibuscum
1701 653 1856 693 com-

284 727 596 780 munionem
661 725 849 782 deceat
889 727 1105 782 habere.
1186 726 1420 782 Omnino
1491 738 1669 784 autem
1722 728 1857 782 nihil

286 817 630 885 exposcimus
669 818 817 880 novi,
848 818 944 872 sed
969 817 1116 889 quod
1155 824 1209 872 et
1258 818 1469 873 caeteris
1503 818 1632 871 olim
1683 818 1858 872 beatis

283 924 345 961 ac
391 907 502 964 Deo
545 909 760 965 dilectis
793 910 924 966 viris
959 911 1244 977 usitatum,
1281 918 1335 966 et
1381 910 1652 980 prmcipue
1677 910 1854 964 vobis.

283 998 545 1056 Novimus
593 1001 735 1055 enim
806 1017 872 1056 ex
925 1003 1066 1056 serie
1136 1001 1455 1064 memoriae,
1512 1017 1542 1055 a
1611 1001 1858 1069 patribus

285 1090 492 1145 nostris
526 1091 874 1161 interrogatis
925 1101 979 1147 et
1015 1095 1210 1148 litteris
1251 1095 1548 1148 etiamnum
1581 1094 1722 1164 apud
1759 1110 1858 1150 nos

287 1179 582 1234 asservatis
625 1181 805 1237 edocti
868 1180 1190 1255 Dionysium
1258 1184 1635 1240 beatissimum
1707 1185 1856 1239 illum

284 1271 624 1341 episcopum,
675 1274 766 1344 qui
824 1275 964 1343 apud
996 1291 1092 1330 vos
1133 1283 1186 1330 et
1223 1285 1370 1329 recta
1413 1277 1516 1332 ﬁde
1549 1285 1600 1332 et
1634 1277 1859 1348 reliquis

284 1361 580 1416 virtutibus
634 1367 870 1426 enituit,
929 1365 1183 1420 invisisse
1239 1365 1536 1421 Ecclesiam
1614 1377 1856 1423 nostram

285 1450 678 1507 Caesariensem
709 1491 723 1514 ,
755 1461 808 1507 et
841 1461 1022 1522 patres
1068 1463 1286 1509 nostros
1322 1470 1418 1525 per
1469 1456 1682 1510 litteras
1725 1471 1859 1512 con-

285 1543 520 1598 solatum
548 1558 691 1603 esse.
738 1557 801 1596 ac
835 1544 1070 1608 misisse,
1108 1546 1200 1614 qui
1238 1544 1436 1600 fratres
1476 1547 1723 1616 captivos
1769 1563 1858 1602 re-

285 1633 572 1689 dimerem.
635 1633 790 1689 Nunc
843 1643 1025 1691 autem
1085 1636 1354 1693 dillieilior
1425 1652 1489 1693 ac
1527 1638 1741 1694 tristior
1775 1648 1858 1694 est

286 1739 466 1779 rerum
501 1736 811 1782 nostrarum
846 1736 1018 1782 status
1047 1769 1062 1793 ,
1096 1736 1150 1783 et
1183 1742 1315 1781 cura
1371 1728 1578 1796 majore
1632 1728 1856 1798 indiget.

1960 541 2054 596 τοῦ
2104 541 2240 594 Θεοῦ
2287 541 2697 609 ἐπανάγοντας,
2755 539 2787 610 ἢ
2839 539 2963 602 τοὺς
3009 535 3139 606 γοῦν
3187 531 3391 599 αίτὶους
3427 535 3526 606 τῆς

1959 630 2368 694 ἀκαταστασίας
2397 630 2673 702 φανερωτέ
2683 646 2806 701 ρους
2834 628 2946 700 (79)
2973 629 3101 698 ὑμῖν
3124 624 3490 689 καθιστῶντας
3507 641 3522 656 ·

1959 723 2099 776 ὥστε
2128 723 2377 796 καὶῆὑμῖν
2401 721 2632 793 φανερὸν
2659 716 2796 774 εἶναι
2825 719 2917 772 τοῦ
2955 717 3142 772 λοιποῦ
3167 759 3182 782 ,
3219 716 3355 788 πρὸς
3375 717 3526 779 τίνας

1960 817 2101 886 ἔχειν
2137 816 2236 886 τὴν
2264 815 2546 868 κοινωνίαν
2572 815 2831 885 προσῆκε.
2865 811 3086 874 Πάντως
3115 810 3172 864 δὲ
3208 809 3360 862 οὐδὲν
3401 825 3525 861 καιο

1959 909 2048 960 νὺν
2072 907 2186 978 (80)
2228 905 2590 978 ἐπιζητοῦμεν
2611 943 2625 967 ,
2653 902 2790 956 ἀλλὰ
2815 905 2928 966 τοῖς
2963 918 3022 954 τε
3050 901 3255 963 λοιποῖς
3280 899 3386 952 τῶν
3415 898 3525 952 πά-

1959 999 2047 1053 λαι
2081 1000 2364 1070 μακαρίων
2413 997 2506 1050 καὶ
2553 993 2815 1064 θεοφιλῶν
2862 993 3070 1063 ἀνδρῶν
3122 991 3386 1061 σύνηθες,
3434 992 3528 1046 καὶ

1959 1091 2319 1162 διαφερόντως
2348 1091 2495 1159 ὑμῖν.
2529 1087 2760 1158 Οἴδαμεν
2789 1087 2899 1156 γὰρ
2923 1128 2936 1150 ,
2972 1085 3188 1156 μνήμης
3217 1081 3525 1154 ἀκολουθίᾳ,

1961 1181 2112 1252 παρὰ
2165 1179 2272 1232 τῶν
2322 1177 2574 1250 πατέρων
2611 1175 2766 1248 ἡμῶν
2821 1176 3151 1247 αἱτηθέντων
3187 1212 3202 1238 ,
3262 1175 3357 1228 καὶ
3421 1175 3530 1228 om

1959 1269 2301 1342 γραμμάτων
2342 1267 2449 1321 τῶν
2505 1266 2583 1320 ἐτι
2629 1267 2722 1320 καὶ
2775 1265 2869 1320 νῦν
2923 1264 3353 1336 πεφυλαγμένων
3397 1266 3526 1335 παρ’

1959 1364 2090 1432 ἡμῖν
2116 1403 2128 1427 ,
2165 1359 2573 1430 διδασκόμενοι,
2617 1357 2892 1410 Διονύσιον
2944 1357 3147 1408 ἐκεῖνον
3167 1395 3182 1420 ,
3228 1355 3319 1407 τὸν
3352 1368 3531 1424 μακα-

1963 1451 2224 1522 ριώτατον
2268 1451 2565 1503 ἐπίσκοπον
2599 1487 2614 1513 ,
2662 1448 2792 1519 παρ’
2847 1448 2974 1518 ὑμῖν
3032 1446 3124 1500 ἐπί
3173 1462 3233 1499 τε
3281 1443 3530 1514 ὀρθότητι

1959 1543 2193 1605 πίστεως
2217 1543 2310 1594 καὶ
2323 1543 2388 1612 τῇ
2418 1541 2576 1612 λοιπῇ
2601 1540 2769 1612 ἀρετῇ
2795 1537 3186 1610 διαπρέψαντα,
3208 1535 3531 1590 ἐπισκεπτό-

1962 1653 2121 1706 μενον
2145 1634 2232 1688 διὰ
2260 1633 2604 1704 γραμμάτων
2628 1632 2727 1702 τὴν
2751 1631 3025 1702 ἡμετέραν
3075 1628 3395 1698 Ἐκκλησίαν
3420 1625 3530 1680 τῶν

1959 1727 2283 1803 Καισαρέων
2303 1767 2318 1791 ,
2350 1727 2445 1779 καὶ
2475 1723 2894 1797 παρακαλοῦντα
2939 1725 3064 1786 τοὺς
3096 1722 3336 1792 πατέρας
3374 1719 3530 1791 ήμῶν

285 1814 474 1885 Neque
499 1817 642 1870 enim
686 1825 1029 1871 terrenarum
1086 1817 1282 1871 mdium
1336 1818 1582 1888 lugemus
1629 1817 1859 1872 demoli-

1979 1820 2049 1873 ῑιὰ
2085 1820 2460 1890 γραμμάτων,
2495 1819 2590 1872 καὶ
2621 1817 2859 1888 πέμπειν
2877 1817 3002 1879 τοὺς
3032 1811 3533 1885 ἁπολυτρουμένους

287 1908 526 1968 tionem,
575 1908 670 1961 sed
729 1907 1001 1962 excidium
1057 1906 1465 1972 Ecclesiarum;
1527 1923 1702 1978 neque
1735 1923 1858 1964 cor-

287 2014 480 2068 porum
531 1997 892 2063 servitutem,
949 1999 1044 2054 sed
1115 1998 1420 2053 animarum
1487 1999 1856 2068 captivitatem

288 2089 532 2159 quotidie
587 2091 654 2143 ab
713 2089 937 2146 haeresis
991 2089 1487 2160 propugnatoribus
1535 2090 1724 2160 perlici
1779 2091 1862 2146 vi-

288 2181 498 2235 demus.
547 2178 728 2245 Quare
759 2180 998 2249 nisijam
1058 2181 1124 2235 ad
1167 2180 1444 2250 suppetias
1487 2179 1734 2236 ferendas
1766 2196 1860 2235 ex-

289 2270 570 2333 citemini,
628 2271 793 2340 paulo
845 2279 968 2341 post
1007 2287 1108 2326 nec
1158 2272 1358 2342 quibus
1408 2287 1627 2326 manum
1681 2273 1860 2342 parri-

291 2361 432 2432 gatis
463 2361 736 2415 inventuri
757 2362 916 2426 estis,
945 2363 1201 2418 omnibus
1235 2364 1336 2420 sub
1361 2363 1586 2419 haeresis
1625 2371 1862 2432 potesta-

292 2462 398 2507 tem
432 2451 687 2508 redactis.

1963 1912 2028 1963 ἐκ
2059 1913 2158 1982 τῆς
2178 1909 2552 1980 αἰχμαλωσίας
2575 1907 2674 1980 τὴν
2712 1905 3067 1977 ἀδελφότητα.
3103 1903 3191 1958 Ἐν
3223 1902 3532 1974 χαλεπωτέ-

1967 2019 2044 2072 ρῳ
2093 1999 2151 2052 δὲ
2202 1999 2297 2052 νῦν
2349 2000 2441 2052 καὶ
2473 1997 2909 2070 σκυθρωποτέρῳ
2949 1995 3020 2049 τὰ
3056 1994 3178 2049 καθ’
3224 1995 3408 2065 ἡμᾶς,
3437 1993 3534 2048 καὶ

1967 2093 2209 2156 πλείονος
2251 2091 2478 2162 δεόμενα
2524 2092 2625 2162 τῆς
2677 2087 3014 2161 ἐπιμελείας.
3055 2087 3129 2140 Οὐ
3179 2087 3288 2155 γὰρ
3332 2085 3535 2138 οἰκοδο-

1971 2185 2236 2256 μημάτων
2261 2186 2462 2254 γηΐνων
2486 2183 2884 2254 καταστροφὴν,
2909 2180 3021 2234 ἀλλ’
3050 2178 3380 2250 Ἐκκλησιῶν
3401 2177 3538 2232 ἄλω-

1970 2295 2053 2330 σιν
2121 2275 2425 2348 ὀδυρόμεθα
2461 2293 2476 2309 ο
2545 2275 2663 2328 οὐδὲ
2692 2273 2934 2328 δουλείαν
2993 2269 3348 2342 σωματικὴν,
3419 2268 3533 2322 ἀλλ’

1970 2367 2346 2438 αἰχμαλωσίαν
2372 2366 2560 2438 ψυχῶν
2603 2367 2724 2420 καθ’
2749 2365 2984 2435 ἑκάστην
3027 2363 3242 2434 ἡμέραν
3280 2363 3536 2434 ἐνεργου-

1975 2457 2141 2528 μένην
2168 2457 2317 2528 παρὰ
2350 2457 2456 2510 τῶν
2487 2455 2943 2527 ὑπερμαχούντων
2969 2458 3068 2526 τῆς
3098 2455 3361 2526 αἱρέσεως
3400 2450 3534 2507 καθ-

291 2543 528 2614 ορῶμεν.
595 2543 754 2596 Ὥστε
815 2544 864 2596 ei
923 2543 996 2613 μὴ
1060 2544 1162 2614 ἥδη
1214 2544 1595 2615 διανασταίητε
1648 2546 1784 2615 πρὸς
1821 2545 1918 2615 τὴν
1957 2547 2276 2616 ἀντίληψιν,
2346 2546 2552 2616 μικρὸν,
2594 2547 2819 2618 ὕστερον
2863 2544 2982 2598 οὐδέ
3032 2539 3113 2608 οἷς
3178 2541 3391 2614 ὁρέξετε
3436 2540 3535 2610 τὴν

293 2636 450 2704 χεῖρα
480 2633 760 2705 εὑρήσετε,
800 2635 1014 2688 πάντων
1043 2635 1146 2687 ὑπὸ
1173 2635 1272 2706 τὴν
1302 2634 1652 2706 ἐπικράτειαν
1689 2639 1788 2706 τῆς
1826 2637 2085 2706 αἱρέσεως
2127 2636 2449 2707 γενομένων.

786 2787 1125 2874 EPISTOLA
1163 2785 1372 2842 LXXI'.

2497 2787 2840 2841 ΕΠΙΣΤΟΛΗ
2881 2783 3002 2840 OA'.

295 2919 543 2990 Gregorio.
567 2920 785 2971 dolorem
819 2934 961 2970 suum
1002 2919 1496 2990 signiﬁcat_B_as_iliu_s,
1537 2925 1666 2990 quod
1701 2925 1982 2978 amicissimi
2006 2927 2098 2980 sibi
2127 2926 2342 2978 homines
2367 2923 2560 2990 cuidam
2583 2923 2922 2976 calumniatori
2939 2937 3080 2990 aures
3099 2923 3356 2986 prabeant.
3381 2924 3538 2985 Negat

358 2983 630 3054 defensione
651 2995 770 3051 Opus
788 2995 890 3054 esse
910 2996 926 3031 :
949 2983 1144 3054 culpam
1167 2983 1325 3054 rejicit
1353 2985 1400 3033 in
1423 2983 1727 3054 Gregorium,
1765 2990 1892 3051 quod
1921 3003 2082 3054 secum
2119 3003 2342 3054 magnam
2383 2987 2496 3054 anni
2529 2995 2725 3054 partem
2745 2999 2838 3054 non
2856 2983 3127 3054 traducat;
3150 2993 3286 3047 rogat
3309 2990 3358 3035 ut
3378 2983 3538 3034 secum

357 3048 589 3094 adversus
613 3044 935 3095 imminentem
955 3044 1134 3096 hostem
1155 3044 1422 3096 certaturus
1444 3044 1614 3098 veniat.
1645 3044 1746 3107 Quo
1765 3044 1827 3101 ἐπ
1847 3050 2103 3104 certamine
2119 3044 2281 3113 sperat
2303 3064 2354 3101 se
2373 3044 2541 3100 saltem
2563 3047 2725 3100 exsilii
2750 3046 2942 3098 laudem
2964 3044 3322 3112 reportaturum

823 3167 1070 3238 Gregorio
1092 3169 1347 3224 Basilius.

371 3283 425 3337 l.
459 3283 658 3352 Accepi
704 3285 920 3354 pietatis
952 3291 1058 3338 tuae
1102 3286 1314 3340 litteras
1345 3299 1441 3354 per
1473 3283 1694 3338 fratrem
1736 3299 1868 3340 sane

301 3385 464 3439 quam
492 3371 846 3426 reverendum
876 3371 1178 3428 IIellenium
1205 3389 1218 3425 :
1253 3382 1308 3429 et
1340 3389 1678 3444 quaecunque
1706 3373 1868 3428 nobis

307 3459 738 3532 signiﬁcaveras,
763 3462 880 3532 ipse
915 3476 1100 3534 aperte
1140 3464 1404 3518 narravit.
1435 3463 1732 3518 Audientes
1768 3477 1867 3518 au-

303 3559 413 3606 tem
435 3552 706 3622 quomodo
736 3551 915 3608 allecti
969 3553 1255 3619 fuerimus,
1290 3553 1426 3608 nihil
1458 3553 1683 3607 omnino
1712 3553 1870 3608 dubi-

306 3654 414 3700 tas.
477 3643 581 3700 Sed
633 3647 761 3714 quia
811 3647 1157 3703 decrevimus
1196 3647 1385 3704 dolore
1414 3650 1566 3702 onmi
1598 3650 1868 3718 potiorem

307 3735 488 3790 facere
506 3743 754 3791 nostrum
779 3735 832 3789 in
852 3743 904 3792 te
929 3752 1192 3802 amorem,
1211 3737 1525 3809 accepimus
1553 3741 1714 3794 etiam
1731 3738 1870 3798 haec.

307 3835 370 3880 ut
396 3840 495 3896 par
515 3833 668 3890 erat,
701 3841 765 3880 ac
801 3841 1088 3896 precamur
1116 3827 1284 3883 Deum
1313 3837 1588 3892 sanctum,
1625 3835 1686 3881 ut
1717 3827 1873 3898 165

307 3919 547 3988 reliquos
573 3918 690 3973 dies
721 3918 807 3972 vel
865 3918 1051 3983 horas,
1077 3921 1158 3972 sic
1208 3920 1261 3973 in
1293 3919 1458 3974 animi
1499 3934 1628 3989 erga
1655 3926 1710 3973 te
1745 3919 1877 3972 alle-

309 4011 492 4064 ctione
539 4023 952 4073 conserventur,
1004 4008 1463 4080 quemadmodum
1513 4019 1567 4066 et
1601 4011 1877 4080 praeterito

311 4101 580 4155 hactenus
610 4109 879 4169 tempore,
907 4100 964 4154 in
993 4117 1102 4169 quo
1121 4100 1326 4154 nullius
1350 4101 1510 4156 nobis
1542 4101 1674 4170 ipsis
1701 4115 1879 4167 neque

311 4191 464 4259 parvi
526 4207 702 4262 neque
737 4191 961 4260 majoris
1005 4191 1187 4246 delicti
1231 4208 1424 4248 sumus
1469 4193 1699 4247 conscii.
1724 4191 1879 4258 Quod

386 4375 404 4393 ‘
441 4371 590 4423 Alias
608 4368 844 4423 XXXIII.
880 4369 1092 4439 Scripta
1126 4386 1270 4425 anno
1300 4372 1424 4427 37L

385 4440 518 4512 (79)_
545 4438 1019 4508 Φανερωτέρους.
1054 4440 1132 4494 Ita
1166 4442 1409 4512 quinque
1456 4438 1694 4497 codices.
1741 4439 1882 4494 Editi

315 4510 708 4584 φανερώτερργ-

388 4578 499 4651 (80)
525 4578 717 4651 Οὖδέιζ
755 4578 981 4651 καινόν.
1014 4581 1090 4633 Ita
1128 4579 1260 4650 Reg.
1309 4579 1582 4651 secundus
1620 4586 1672 4634 et
1715 4579 1884 4635 Coisl.

313 4648 614 4707 seettn'dus.
646 4649 806 4705 Editi.
838 4648 1005 4704 Coisl.
1041 4648 1247 4719 primus
1269 4659 1322 4705 et
1350 4649 1524 4702 Paris.
1551 4651 1699 4703 οὐδὲν
1724 4651 1886 4705 ἄκαι-

316 4739 432 4794 ρον,
461 4721 594 4794 nihil
628 4720 1060 4794 in_te_mpes_tirnm.
1082 4721 1318 4794 (_1_Iarom.
1343 4719 1492 4772 οὐδὲν
1526 4719 1722 4794 δεινόν,
1754 4721 1887 4774 nihil

313 4789 494 4861 grai-e.
534 4791 697 4861 Qhodr
723 4789 959 4844 Basilius
991 4791 1063 4861 de"
1095 4789 1462 4843 Romanorum
1500 4791 1882 4860 episc0porum

317 4859 373 4914 in
413 4863 550 4916 alias
581 4859 850 4915 Ecclesias
897 4860 1254 4914 beneficentia
1292 4869 1498 4923 narrat,
1559 4859 1886 4914 testimoniis

315 4932 674 4984 conﬁrmatur
700 4937 754 4984 et
777 4929 1013 5000 Dionysii
1037 4928 1442 5000 Corinthiorum
1467 4928 1708 4998 episcopi
1746 4930 1886 4999 apud

316 5000 814 5064 Eusebimn,llist.,
846 4999 942 5052 lib.
990 5015 1063 5062 ιν,
1091 5014 1142 5054 (·.
1178 4999 1267 5061 25,
1305 5008 1359 5053 et
1386 4999 1623 5068 Dionysii
1663 5001 1893 5053 Alexan-

318 5069 462 5124 drini
516 5071 612 5124 lib.
643 5085 742 5130 vn,
785 5085 833 5122 c.
882 5069 937 5132 5,
980 5078 1034 5124 et
1091 5069 1464 5139 ipsiusetiam
1515 5068 1762 5133 Eusebii,
1793 5070 1884 5138 qui

323 5143 466 5193 hunc
490 5154 692 5193 morem
741 5141 796 5193 in
829 5148 1104 5208 postrema
1140 5139 1516 5206 persecutione
1555 5147 1825 5208 servatum
1857 5154 1886 5191 a

322 5209 582 5264 Romanis
638 5208 804 5264 fuisse
831 5207 1091 5263 idcclarat
1122 5210 1215 5262 lib.
1247 5225 1317 5271 Iv,
1358 5225 1406 5261 c.
1449 5208 1538 5260 25.
1594 5207 1886 5261 Memorata

321 5287 503 5334 autem
555 5295 584 5332 a
643 5279 837 5334 Basilio
874 5280 1158 5334 calamitas
1210 5280 1312 5332 sub
1348 5277 1592 5332 Gallieno
1636 5279 1883 5346 contigit,

321 5365 448 5402 cum
480 5347 695 5418 Scythae
715 5349 1111 5419 Cappadociam
1145 5355 1199 5402 et
1230 5349 1488 5401 ﬁnitimas
1517 5347 1765 5419 regiones
1799 5363 1886 5400 va-

322 5417 565 5481 starent,
596 5427 654 5471 ut
681 5417 1279 5480 testaturSozomenus,
1310 5419 1401 5470 lib.
1439 5432 1497 5482 ιι,
1532 5432 1579 5470 c.
1615 5417 1667 5486 6.
1705 5417 1880 5486 Atque

322 5505 390 5541 ex
430 5496 598 5542 tantis
623 5489 780 5543 malis
809 5504 1061 5556 magnum
1094 5489 1194 5542 hoc
1225 5488 1426 5541 bonum
1457 5488 1601 5542 eruit
1627 5485 1881 5552 Deus,’ut

323 5558 620 5612 Christiani
656 5573 686 5610 a
715 5558 959 5614 barbaris
982 5557 1199 5612 abducti
1217 5557 1457 5625 victores
1481 5571 1610 5611 suos
1630 5564 1885 5625 caperent

323 5638 378 5681 et
407 5628 474 5682 ad
504 5627 782 5681 Christum
824 5629 1176 5682 adducerent.
1211 5624 1366 5680 Unde
1390 5624 1884 5696 Basiliusinepist.

325 5699 429 5754 tot
458 5699 628 5765 prima
663 5699 879 5763 pietatis
903 5696 1109 5752 semina
1145 5698 1287 5755 apud
1317 5696 1520 5753 Gothos
1549 5713 1578 5752 e
1609 5693 1891 5758 Cappado-

2341 3175 2644 3244 Γρηγορίῳ
2679 3174 2998 3239 Βασίλειος
3031 3172 3164 3245 (8|).

2040 3289 2092 3341 1.
2129 3286 2424 3358 Ἐδεξάμην
2445 3285 2511 3339 τὰ
2533 3285 2835 3356 γράμματα
2862 3285 2960 3355 τῆς
2991 3284 3086 3354 σῆς
3115 3280 3398 3343 εὐλαϐείας
3430 3279 3541 3351 (82)

1969 3380 2057 3433 διὰ
2095 3379 2187 3432 τοῦ
2225 3378 2650 3448 αἰδεσιμωτάτου
2691 3375 2920 3445 ἀδελφοῦ
2963 3373 3270 3444 Ἑλληνίου·
3314 3370 3410 3425 καὶ
3441 3369 3544 3424 ὃσα

1971 3470 2233 3541 ἐνέφηνας
2265 3472 2414 3540 ἡμῖν,
2441 3469 2602 3531 αὐτὸς
2631 3467 2802 3522 ταῦτα
2839 3465 3061 3537 γυμνῶς
3085 3464 3380 3536 διηγήσατο
3405 3461 3540 3531 (83).

1983 3560 2337 3639 Ἀκούσαντες
2373 3560 2430 3614 δὲ
2476 3561 2624 3623 ὅπως
2642 3558 2988 3628 διετέθημεν,
3037 3557 3138 3610 οὐκ
3184 3553 3546 3626 ἀμφιϐάλλεις

1973 3653 2208 3716 πάντως.
2258 3652 2405 3722 Πλὴν
2449 3650 2561 3704 ἀλλ’
2588 3651 2774 3720 ἐπειδὴ
2811 3649 3106 3719 ἐκρίναμεν
3149 3647 3329 3716 πάσης
3369 3643 3548 3714 λύπης

1973 3740 2249 3811 άνωτέραν
2279 3739 2545 3792 ποιεῖσθαι
2576 3740 2674 3809 τὴν
2704 3738 2839 3811 πρὸς
2883 3738 2942 3791 σὲ
2973 3738 3212 3808 ἀγάπην,
3249 3733 3547 3805 ἐδεξάμεθα

1975 3832 2265 3885 καὶταῦτα
2292 3831 2368 3894 ὡς
2403 3827 2470 3902 ἦν
2505 3832 2802 3903 προσῆκον,
2855 3832 2948 3883 καὶ
2995 3828 3264 3900 εὐχόμεθα
3293 3826 3370 3898 τῷ
3409 3825 3550 3896 ἁγίῳ

1977 3922 2116 3992 Θεῷ,
2143 3923 2242 3986 τὰς
2278 3922 2605 3993 λειπομένας
2645 3921 2912 3993 ἡμέροιςῆ
2945 3920 3094 3992 ὥρας
3125 3919 3234 3988 (84)
3267 3918 3408 3972 οὕτω
3433 3917 3549 3970 δια-

1979 4013 2313 4086 φυλαχθῆναι
2362 4015 2420 4066 ἐν
2453 4016 2518 4084 τῇ
2563 4015 2690 4084 περὶ
2730 4013 2789 4065 σὲ
2840 4011 3094 4076 διαθέσει,
3135 4009 3210 4073 ὡς
3254 4008 3348 4062 καὶ
3383 4010 3440 4060 ἐν
3475 4007 3551 4076 τῷ

1980 4107 2207 4161 κατόπιν
2238 4105 2432 4177 χρόνῳ,
2472 4106 2530 4156 ἐν
2559 4098 2603 4172 ᾧ
2639 4105 2791 4158 οὐδὲν
2823 4105 2953 4174 ἡμῖν
2985 4105 3164 4165 αὐτοῖς
3194 4101 3318 4156 οὔτε
3359 4100 3552 4172 μικρὸν

1981 4198 2102 4251 οὔτε
2140 4196 2321 4268 μεῖζον
2369 4194 2698 4248 ὲλλελοιπὸσι
2730 4194 3092 4262 συνέγνωμεν.
3134 4192 3197 4244 El
3243 4191 3299 4243 δέ
3341 4192 3370 4243 ὁ
3410 4189 3555 4242 δεῖνα

1986 4375 2069 4430 cia
2103 4373 2396 4442 pullulasse
2425 4373 2684 4439 aitopera
2712 4371 2854 4426 beati
2885 4370 3160 4442 Eutychis.

2059 4437 2168 4512 (81)
2201 4443 2503 4512 Γρηγορζῳ
2538 4437 2875 4512 Βασίλειος.
2919 4437 3173 4512 δίὀγεόιιί
3201 4447 3254 4512 et
3301 4437 3557 4512 vet_ustis-

1991 4506 2113 4567 simi
2137 4506 2372 4566 codices.
2394 4506 2622 4565 Habent
2667 4511 2757 4564 alii
2794 4511 3075 4581 Γρηγορίῳ
3108 4508 3326 4581 ἑταίρῳ,
3348 4506 3557 4581 Grego—

1991 4585 2070 4638 rio
2100 4582 2292 4636 sodali.
2330 4583 2528 4636 Nullus
2551 4581 2778 4635 ascribit
2811 4579 3028 4634 titulum
3057 4579 3358 4649 presbyteri
3392 4591 3555 4646 quem

1991 4664 2171 4707 tamen
2204 4652 2437 4706 Basilius
2471 4651 2720 4706 omittere
2744 4665 2850 4704 non
2875 4651 3070 4718 potuit.

2062 4722 2170 4790 (82)
2205 4720 2317 4789 Τῆς
2341 4721 2460 4788 σῆς
2483 4721 2816 4784 εὐλαϐείας.
2854 4717 2930 4772 Ita
2949 4718 3122 4790 ἢθη-1.,
3153 4717 3557 4790 Coisl.__primu_s

1993 4785 2213 4846 et'Me'd.
2269 4785 2535 4858 Editi—ti};
2568 4790 2852 4853 εὐλαϐείας
2887 4807 2999 4842 σου.
3057 4788 3132 4843 De
3183 4788 3269 4842 his
3309 4785 3557 4858 Gregorii

1994 4864 2208 4934 litteris,
2244 4862 2430 4934 Basilii
2471 4855 2846 4934 responsione,
2880 4859 3091 4934 etquid
3121 4857 3453 4934 athanasius
3491 4855 3558 4934 de

1993 4932 2177 4986 Basilii
2220 4933 2412 4997 agendi
2457 4931 2667 4984 ratione
2705 4931 2970 4994 senserit,
3003 4929 3249 4999 pluribus
3293 4928 3558 4982 disserui-

1994 5019 2115 5055 mus
2145 5003 2198 5054 in
2244 5002 2364 5054 Vita
2399 4999 2455 5053 S.
2483 4999 2695 5052 Basilii.

2066 5071 2176 5153 (85)
2205 5067 2891 5153 Διηγήςζᾳτο.“βεειιιιιιιιιι·
2917 5069 3040 5153 ‘hoc
3074 5068 3200 5153 loco
3219 5064 3387 5153 Iduos
3401 5065 3558 5153 Διιιιιξῖ

1993 5134 2301 5209 quissimos
2318 5134 2543 5194 codices
2569 5134 2706 5193 Med:
2721 5150 2773 5193 et
2786 5138 2978 5203 Coisl.,
2995 5139 3196 5209 quibus
3219 5134 3561 5209 IIarlaeauum

1996 5203 2204 5264 idcirco
2247 5225 2355 5264 non
2385 5211 2694 5264 consentire
2723 5210 2980 5268 arbitror,
3016 5203 3150 5277 'quia
3186 5208 3300 5260 haec
3333 5203 3562 5277 epistola

1993 5281 2287 5334 recentiori
2327 5295 2489 5332 manu
2525 5279 2577 5331 in
2610 5279 2713 5346 hoc
2741 5279 2929 5332 codice
2973 5274 3174 5346 scripta
3216 5283 3320 5330 est.
3352 5274 3564 5346 Habent

1991 5359 2172 5434 autem
2217 5351 2346 5405 editi
2385 5349 2521 5402 ικαὶ
2553 5344 2724 5401 ταῦτα
2773 5343 3172 5420 διηγησαμένου
3235 5343 3565 5402 ἀκούσαντες

1987 5436 2153 5481 οπως.

2066 5489 2281 5562 (84)"H
2327 5487 2500 5562 ὥρας.
2551 5485 2912 5562 Harl.___addit
2947 5486 3132 5562 ημῶν.
3181 5485 3382 5562 Ibidem
3424 5481 3569 5562 οῑξτω

1995 5560 2148 5613 deest
2178 5559 2232 5613 in
2274 5553 2673 5627 antiquissimis
2696 5557 2810 5611 illis
2834 5553 3048 5611 duobus
3083 5555 3420 5627 quosmodo
3452 5553 3565 5627 dixi

1998 5629 2317 5690 codicibus,
2363 5622 2464 5681 nec
2518 5628 2884 5683 necessarium
2932 5622 3163 5682 videtur.
3225 5624 3340 5677 Non
3394 5622 3568 5677 multo

2000 5707 2127 5757 post
2145 5698 2273 5756 editi
2312 5697 2664 5753 ἐκλελοιπόσι.
2702 5696 2869 5752 Coisl.
2896 5696 3104 5765 primus
3142 5693 3490 5748 ὲλλελοιπόσι.
