3988 6194
370 330 470 379 σου

1686 341 1745 392 5.
1788 342 2036 393 ΒΑδιιΛι
2076 339 2291 395 MAGNI

3538 353 3642 412 ιιι

367 441 660 512 exposcis,
715 452 941 512 paratus
988 461 1135 512 sum,
1188 464 1522 522 quocunque
1569 453 1947 523 advocaveris,

2057 460 2334 533 πατρίδων
2389 462 2850 537 ἀπελαθήσεσθαι.
2896 464 3018 518 Ἐὰν
3068 465 3126 518 δὲ
3158 465 3268 520 ’καὶ
3320 467 3485 538 μηδὲν
3533 468 3667 525 τῶν»

367 548 697 604 accurrere;
729 537 813 592 sin
846 547 1054 603 autem,
1086 549 1148 597 ut
1178 544 1484 601 calumnias
1510 546 1737 616 diluam,
1770 549 1836 604 de
1870 551 1955 606 his

367 627 709 697 respondere
733 644 882 686 nunc
910 630 1042 687 mibi
1078 647 1189 688 non
1218 642 1399 692 vacat.

2062 552 2433 626 ἐλπιζομένων
2467 557 2714 627 γένηται,
2748 556 2809 611 οὐ
2859 557 3077 631 μακράν
3120 560 3236 612 ἐστι
3285 558 3347 613 τδ
3385 559 3476 614 τοῦ
3506 562 3643 633 Χρι-

2063 646 2190 700 στοῦ
2218 646 2590 721 δικαστήριον.
2628 648 2813 716 Ὥστε,
2851 650 2901 703 εἰ
2953 649 3051 722 μὲν
3088 649 3187 721 τὴν
3237 652 3524 725 συντυχίαν
3557 651 3645 707 διὰ

365 720 470 816 τὰς
505 721 821 816 ,ἐκκλησίας
862 725 1160 798 ἐπιζητεῖς,
1209 727 1429 801 ἕτοιμος
1478 733 1804 805 συνδραμεῖν
1866 737 2113 811 ὅπουπερ
2138 741 2205 795 ἂν
2272 742 2521 814 προκαλῇ
2577 741 2722 813 (90)·
2768 745 2818 796 εί
2862 720 3072 809 δὲ,ν”ίνα
3126 720 3227 810 τάς
3289 720 3644 816 συκοφαντίας

364 809 624 882 διαλύσω,
648 816 711 869 οὐ
746 816 910 889 σχολή
960 836 1051 889 μοι
1097 819 1195 873 νῦν
1244 823 1642 896 ἀποκρίνασθαι
1682 828 1813 899 περὶ
1849 830 2072 884 τούτων.

854 974 1199 1033 EPISTOLA
1237 978 1469 1036 LXXII'.

2596 988 2944 1046 ΕΠΙΣΤΟΛΗ
2982 992 3102 1046 OB'.

1024 1094 1323 1160 Hesychium
1349 1103 1489 1163 rogat
1510 1098 1746 1160 Basilius,
1767 1105 1816 1150 ut
1837 1098 1931 1151 sibi
1955 1080 2007 1151 iu
2028 1101 2274 1163 placando
2296 1101 2586 1157 Callisthene
2607 1118 2804 1169 operam
2832 1112 2984 1157 navet.

1018 1202 1280 1270 Hesychia

434 1305 571 1363 Novi
602 1317 656 1365 et
671 1306 912 1367 amorem
931 1313 985 1367 in
1012 1330 1096 1369 me
1125 1323 1298 1379 tuum,
1319 1325 1371 1371 et
1407 1334 1589 1373 rerum
1619 1323 1950 1392 optimarum

368 1397 637 1452 studium.
658 1398 842 1464 Quare
865 1417 990 1456 cum
1024 1404 1159 1458 mihi
1205 1406 1509 1474 placandus
1566 1409 1639 1463 sit
1666 1410 1951 1466 desidera-

366 1490 614 1547 tissimus
645 1491 790 1551 ﬁlius
817 1494 1200 1563 Callisthenes,
1234 1501 1567 1567 existimavi,
1600 1504 1646 1558 si
1666 1510 1720 1560 te
1740 1506 1948 1560 socium

365 1597 623 1653 caperem
681 1585 1094 1655 sollicitudinis,
1161 1590 1379 1649 facilius
1420 1610 1509 1650 me
1572 1595 1944 1667 perlecturum

367 1674 512 1743 quod
540 1675 726 1747 Cupio.
775 1668 1077 1735 Succenset
1110 1680 1203 1736 ille
1234 1682 1319 1737 vir
1357 1683 1727 1743 disertissimo
1749 1689 1946 1743 Eusto-

2715 1216 3001 1286 Ἦσυχίῳ.“

2131 1325 2264 1385 Οἶδά
2293 1347 2383 1384 σου
2416 1330 2511 1384 καὶ
2540 1335 2637 1402 τὴν
2662 1330 2798 1403 πρὸς
2817 1332 2967 1404 ἡμᾶς
2999 1332 3110 1404 (91)
3143 1334 3388 1405 ἀγάπην,
3417 1336 3513 1389 καὶ
3546 1335 3650 1410 τὴν

2060 1422 2189 1495 περὶ
2237 1420 2306 1475 τά
2355 1420 2499 1476 καλὰ
2543 1422 2799 1494 σπουδήν.
2853 1423 3054 1494 Διόπερ
3084 1423 3300 1496 χρῄζων
3324 1425 3648 1497 δυσωπῆσαι

2056 1513 2147 1566 τὸν
2190 1512 2566 1567 ποθεινότατον
2617 1514 2730 1569 υἱὸν
2777 1512 3185 1586 Καλλισθένην,
3237 1517 3563 1589 ἡγησάμην,
3594 1520 3648 1574 εί

2058 1604 2312 1659 κοινωνόν
2353 1622 2411 1659 σε
2438 1604 2659 1677 λάϐοιμι
2706 1606 2807 1678 τῆς
2863 1606 3164 1679 φροντίδος,
3200 1610 3330 1680 ῥᾷον
3364 1609 3647 1681 κατορθώ-

2055 1713 2170 1748 σειν
2202 1696 2263 1748 τὸ
2306 1697 2761 1769 σπουδαζόμενον.
2804 1697 3119 1770 Λελύπηται
3146 1701 3175 1752 ό
3205 1699 3345 1772 ἀνὴρ
3375 1700 3517 1755 κατά
3546 1701 3643 1756 τοῦ

366 1767 512 1833 chio,
553 1783 656 1824 nec
688 1769 965 1826 immerito
996 1781 1307 1830 succenset.
1343 1775 1641 1833 Servorum
1676 1780 1851 1851 ipsius
1891 1781 1947 1837 in

2057 1787 2383 1855 λογιωτάτου
2428 1767 2755 1859 Εὐστοχίου’
2810 1790 2905 1843 καὶ
2952 1767 3250 1862 λελύπηται
3289 1767 3505 1848 δικαίαν
3546 1794 3646 1853 λύ-

368 1875 428 1915 se
483 1860 769 1917 audaciam
824 1878 890 1919 ac
923 1862 1163 1922 furorem
1213 1867 1451 1926 incusat.
1502 1870 1659 1927 Hunc
1695 1888 1952 1944 rogamus

367 1951 589 2006 exorari
623 1967 683 2008 se
728 1954 894 2018 sinat,
927 1962 986 2009 ut
1017 1970 1080 2012 eo
1110 1959 1306 2015 timore
1346 1969 1663 2031 contentus,
1702 1981 1863 2035 quem
1897 1973 1953 2023 et

370 2044 680 2102 temerariis
709 2045 817 2102 illis
846 2054 900 2103 et
928 2062 1119 2110 eorum
1160 2050 1311 2108 heris
1349 2054 1607 2121 incussit,
1643 2058 1953 2113 contentio-

369 2150 517 2202 nem,
542 2137 703 2194 venia
727 2139 874 2207 data,
906 2141 1194 2215 dissolvat.
1237 2143 1376 2201 Nam
1417 2147 1523 2204 hoc
1546 2158 1709 2220 pacto
1739 2158 1952 2205 utrum-

367 2242 474 2297 que
494 2237 886 2301 consequetur,
936 2241 990 2289 et
1023 2235 1309 2291 honestam
1337 2237 1578 2310 speciem
1604 2239 1751 2310 apud
1780 2239 1953 2295 homi-

367 2335 489 2385 nes,
522 2328 576 2376 et
612 2322 827 2380 laudem
860 2325 1007 2397 apud
1040 2325 1241 2393 Deum,
1275 2329 1324 2384 si
1373 2331 1536 2386 modo
1579 2331 1780 2386 terrori
1817 2332 1950 2387 velit

367 2413 687 2484 patientiam
744 2417 1067 2474 admiscere.
1123 2418 1206 2475 Tu
1246 2421 1433 2493 igitur,
1465 2422 1513 2477 si
1554 2438 1664 2494 qua
1686 2424 1787 2480 tibi
1823 2440 1949 2480 cum

365 2496 616 2562 illo'viro
646 2507 937 2563 intercedit
985 2510 1230 2567 amicitia
1265 2528 1330 2567 ac
1377 2512 1750 2582 familiaritas,
1789 2517 1953 2573 abeo

366 2597 423 2652 id
454 2598 701 2654 beneﬁcii
740 2602 957 2670 postula
998 2623 1011 2657 :
1045 2612 1100 2658 et
1131 2619 1272 2674 quos
1307 2607 1460 2662 noris
1500 2606 1557 2661 in
1586 2607 1808 2663 civitate
1834 2608 1953 2664 ido-

367 2704 502 2745 neos
528 2691 596 2746 ad
622 2707 748 2746 eum
799 2691 1148 2761 ﬂectendum,
1183 2696 1367 2753 socios
1391 2697 1590 2755 adhibe
1632 2700 1955 2756 sollicitudi-

367 2781 478 2850 nis,
511 2783 704 2840 dicens
727 2784 809 2840 eis
848 2800 963 2845 rem
995 2787 1129 2842 mihi
1167 2788 1532 2860 gratissimam
1563 2789 1701 2847 fore.
1730 2791 1873 2859 Quin
1894 2802 1951 2848 et

365 2874 659 2931 diaconum
713 2877 796 2934 sic
852 2879 1101 2948 dimitte,
1157 2890 1215 2936 ut
1264 2897 1500 2952 quarum
1549 2899 1734 2941 rerum
1782 2902 1948 2944 causa

367 2968 572 3022 missus
621 2975 727 3036 est,
774 2969 863 3027 his
907 2971 1169 3041 perlectis
1235 2973 1446 3029 redeat.
1496 2973 1632 3030 Nam
1664 2979 1832 3047 pudet
1864 2996 1950 3035 me

366 3057 659 3126 homines,
706 3059 801 3126 qui
859 3060 928 3115 ad
981 3077 1069 3117 me
1124 3062 1490 3133 confugiunt,
1557 3067 1693 3121 nihil
1751 3069 1945 3138 juvare

363 3165 549 3220 posse.

825 3486 1163 3545 EPISTOLA
1201 3487 1479 3545 LXXIII“.

2056 1899 2186 1953 πην.
2232 1882 2487 1951 Ἐγκαλεῖ
2524 1882 2690 1936 αὑτοῦ
2725 1884 2844 1947 τοῖς
2875 1883 3112 1949 οἰκέταις
3162 1883 3362 1953 θράσος
3406 1886 3524 1939 κατ’
3547 1885 3651 1941 αὑ-

2053 1972 2148 2028 τοῦ
2178 1974 2274 2029 καὶ
2320 1973 2599 2028 ἀπόνοιαν.
2644 1973 2844 2030 Τοῦτον
2892 1975 3151 2047 ἀξιοῦμεν
3198 1976 3648 2047 παρακληθῆναι,

2053 2065 2391 2139 ἀρκεσθέντα
2421 2066 2532 2136 (92)
2576 2064 2657 2136 τῷ
2700 2066 2886 2139 φόϐῳ,
2929 2066 2988 2120 ὃν
3028 2066 3298 2138 ἐφόϐησεν
3346 2066 3546 2132 αὐτούς
3582 2084 3647 2123 τε

2051 2157 2178 2220 τοὺς
2201 2155 2634 2229 θρασυνομένους
2659 2157 2754 2210 καὶ
2781 2158 2907 2221 τοὺς
2928 2156 3135 2211 τούτων
3165 2156 3453 2222 δεσπότας,
3481 2175 3649 2212 κατα-

2053 2248 2212 2302 λῦσαι
2243 2247 2343 2320 τὴν
2382 2247 2740 2317 φιλονεικίαν,
2774 2248 2933 2304 δόντα
2968 2249 3068 2321 τὴν
3107 2248 3290 2320 χάριν.
3332 2247 3487 2302 Οὕτω
3531 2248 3643 2322 γὰρ

2052 2341 2339 2414 ἀμφότερα
2381 2339 2613 2413 ὑπάρξει
2640 2341 2785 2412 (95)·
2830 2342 2922 2395 καὶ
2951 2340 3010 2395 τὺ
3046 2339 3197 2413 παρά
3220 2338 3528 2412 ἀνθρώποις
3555 2357 3649 2393 σεο

2056 2432 2206 2504 μνδν,
2234 2433 2330 2487 καὶ
2361 2431 2423 2485 τὸ
2459 2430 2611 2503 παρὰ
2646 2430 2767 2501 Θεῷ
2798 2430 3106 2502 εὐδόκιμον,
3140 2430 3235 2485 ἐὰν
3266 2429 3346 2502 τῷ
3375 2428 3525 2501 φόϐῳ
3556 2428 3647 2482 θε-

2052 2517 2191 2592 λήσῃ
2236 2517 2297 2572 τὸ
2349 2517 2703 2590 μακρόθυμον
2755 2518 3036 2590 ἁναμίξαι.
3087 2519 3263 2583 Αὐτός
3317 2536 3379 2572 τε
3418 2514 3535 2583 οὖν,
3595 2520 3652 2573 εί

2051 2609 2137 2673 τίς
2170 2627 2253 2663 σοι
2294 2610 2406 2681 (94)
2456 2610 2798 2683 προῦπάρχει
2830 2610 2981 2681 φιλία
3014 2610 3151 2682 πρὸς
3190 2611 3280 2665 τὸν
3329 2610 3501 2684 ἄνδρα
3548 2610 3647 2666 καὶ

2055 2699 2331 2774 συνήθεια,
2388 2699 2611 2772 αἴτησον
2658 2704 2790 2773 παρ’
2830 2700 2996 2757 αὑτοῦ
3046 2701 3148 2774 τὴν
3191 2701 3349 2774 χάριν
3398 2700 3643 2774 ταύτηνο

2053 2791 2148 2848 καὶ
2168 2791 2264 2857 οὒς
2290 2792 2385 2846 ἐὰν
2412 2791 2556 2864 γνῷς
2586 2793 2644 2848 ὲν
2670 2795 2736 2863 τῇ
2768 2792 2920 2847 πόλει
2950 2791 3287 2865 δυναμένους
3329 2791 3490 2847 αὐτὸν
3518 2793 3648 2847 δυσ-

2052 2883 2296 2955 ωπῆσαι,
2330 2885 2620 2948 κοινωνοὺς
2665 2882 2798 2937 λάϐε
2842 2883 2944 2955 τῆς
2982 2882 3285 2955 φροντίδος,
3325 2882 3493 2937 εἰπὼν
3528 2881 3646 2937 αύ-

2052 2976 2184 3040 τοίς,
2232 2974 2314 3028 ὅτι
2366 2975 2428 3029 τὸ
2471 2974 2757 3047 γινόμενον
2790 2974 2915 3045 ἐμοὶ
2966 2974 3204 3045 μάλιστα
3246 2973 3644 3047 κεχαρισμένον

2052 3063 2224 3118 ἔσται.
2248 3065 2360 3119 Καὶ
2384 3065 2708 3137 ἀπόπεμψαι
2732 3064 2826 3119 τὸν
2851 3065 3195 3119 συνδιάκονον
3218 3064 3498 3136 πράξαντα
3526 3064 3641 3136 (95)

1975 3161 2017 3219 α
2050 3148 2126 3211 ὧν
2164 3156 2349 3211 ἕνεκεν
2388 3157 2692 3230 ἀπεστάλη.
2741 3156 3080 3228 Αἰσχύνομαι
3124 3154 3257 3227 γάρ,
3291 3157 3642 3226 καταφυγόν-

2054 3262 2163 3299 των
2201 3247 2340 3319 πρός
2392 3265 2461 3318 με
2511 3246 2620 3301 τῶν
2653 3245 2980 3319 ἀνθρώπων,
3014 3245 3088 3318 μὴ
3118 3244 3416 3318 δυνηθῆναι
3456 3247 3640 3309 αὐτοῖς

2059 3337 2309 3406 γενέσθαι
2337 3355 2390 3391 τι
2413 3338 2682 3412 χρήσιμον
2713 3337 2847 3409 (96).

2592 3494 2941 3548 ΕΠΙΣΤΟΛΗ
2992 3489 3108 3549 ΟΓ.

564 3601 1149 3683 gellistltenemgasilius
1162 3605 1569 3683 Διιιιοιίιιῐιιδροερἰί
1579 3608 1740 3683 servis
1764 3607 1919 3681 iratus
1945 3608 2018 3660 rei
2038 3606 2297 3683 arbitrium
2315 3607 2724 3683 sibipermiserjt.
2756 3607 2949 3661 Petenti
2966 3609 3090 3683 utin
3105 3609 3389 3683 _tocum,_ubi
3402 3611 3643 3683 injuriam

426 3665 1309 3739 fecer-qut,.alggtucaruur,.demoristrat
1328 3669 1481 3739 multa
1506 3668 1628 3739 inde
1639 3670 1864 3739 consequi
1886 3669 2209 3739 incommoda.
2237 3665 2462 3723 Concedit
2485 3679 2536 3722 ut
2545 3672 2752 3739 _Sasima
2773 3685 2923 3736 usque
2944 3671 3209 3739 sistentur;
3230 3665 3305 3726 vel
3324 3665 3484 3734 potqu
3504 3682 3643 3739 rogat

427 3725 481 3778 'ut
497 3725 591 3779 sibi
617 3726 833 3801 vindicta
852 3725 1190 3801 perniittatur;
1215 3743 1274 3779 ac
1295 3729 1339 3781 si
1370 3725 1908 3801 jurquit__(_2allisth'enes
1950 3731 2245 3801 traditurum
2284 3746 2337 3784 se
2373 3746 2455 3801 eos
2487 3732 2555 3783 ad
2594 3746 2789 3798 pwnam
2812 3725 3080 3785 secundum
3116 3725 3274 3800 leg'es,
3297 3725 3539 3788 contentus
3561 3725 3644 3788 "sit

426 3802 570 3852 paena
591 3802 736 3855 quam
767 3789 993 3843 Ecclesiae
1012 3791 1140 3855 leges
1158 3789 1425 3856 imponunt,
1443 3798 1490 3844 et
1509 3791 1730 3856 militem,
1754 3807 1897 3859 quem
1915 3791 2135 3856 miserat,
2156 3790 2250 3844 cito
2265 3800 2466 3851 revocet.

986 3900 1322 3957 Callistheni.

440 4010 494 4064 1.
523 4010 742 4065 Gratias
764 4009 851 4079 egi
886 4008 997 4065 Deo
1028 4009 1188 4066 lectis
1224 4017 1337 4066 tua:
1377 4012 1662 4083 gravitatis
1710 4013 1947 4071 litteris.

370 4103 630 4173 primum,
670 4103 817 4173 quod
858 4102 1100 4159 hominis
1132 4102 1395 4159 honorem
1428 4103 1661 4159 libenter
1682 4103 1818 4158 mihi
1850 4103 1951 4158 ba-

368 4195 552 4251 bentis
571 4195 784 4251 veniret
833 4195 899 4249 ad
928 4211 1017 4250 me
1068 4196 1329 4251 salutatio
1357 4212 1378 4253 :-
1399 4196 1672 4266 siquidem
1700 4197 1946 4251 virorum

366 4286 946 4359 praestantissimorum
988 4287 1323 4357 colloquium
1346 4287 1568 4358 plurimi
1601 4286 1746 4342 facio
1772 4304 1787 4353 ;
1813 4287 1949 4342 alte-

366 4395 492 4434 rum
511 4378 775 4450 voluptati
803 4378 930 4443 fuit,
961 4378 1400 4435 recordationem
1429 4379 1628 4435 bonam
1660 4377 1945 4449 consequi.

2636 3904 3060 3960 Καλλισθένει.

2216 4016 2607 4090 Ηύχαρίστησα
2648 4015 2726 4088 τῷ
2752 4016 2872 4090 Θεῷ
2901 4018 3013 4090 (97)
3053 4022 3169 4084 τοῖς
3207 4020 3532 4092 γράμμασιν
3555 4021 3644 4077 ἐν·

2053 4107 2231 4180 τυχὼν
2279 4109 2380 4180 τῆς
2420 4109 2702 4178 εὐγενείας
2748 4126 2876 4163 σουο
2915 4110 3130 4182 πρῶτον
3178 4111 3297 4182 μὲν,
3326 4112 3407 4166 ὅτι
3448 4111 3643 4185 ἀνδρὸς

2053 4203 2219 4273 τιμᾷν
2239 4202 2388 4272 ἡμᾶς
2419 4202 2853 4273 προαιρουμένου
2885 4203 3113 4271 ἀφίκετό
3145 4220 3235 4273 μοι
3260 4203 3640 4277 προσηγορίασ

2053 4292 2149 4344 καὶ
2172 4291 2281 4361 γὰρ
2308 4289 2507 4345 πολλοῦ
2536 4290 2636 4362 μὲν
2663 4290 2820 4356 ἀξίαν
2846 4291 3108 4362 τιθέμεθα
3134 4290 3244 4344 τῶν
3282 4290 3521 4362 ἀρίστων
3548 4290 3641 4344 ἀν-

2054 4383 2197 4456 δρῶν
2243 4383 2343 4456 τὴν
2394 4382 2719 4455 συντυχίαν·
2769 4382 3019 4454 δεύτερον
3055 4383 3114 4437 δὲ
3144 4385 3225 4447 είς
3267 4381 3639 4454 εὐφροσύνην,

368 4469 598 4543 Signum
640 4479 825 4529 autem
887 4471 1288 4527 recordationis
1327 4472 1544 4537 litterae,
1577 4485 1717 4543 quas
1740 4472 1829 4527 ubi
1854 4486 1947 4525 ac-

2057 4493 2111 4530 το
2146 4477 2368 4549 μνήμης
2405 4475 2616 4548 ἀγαθῆς
2650 4475 2960 4547 τυγχάνειν.
3012 4474 3288 4547 Σύμϐολον
3324 4475 3381 4529 δὲ
3415 4475 3640 4546 μνήμης

366 4564 511 4635 cepi,
558 4577 625 4618 ac
677 4577 868 4619 earum
928 4576 1154 4618 sensum
1198 4562 1482 4629 intellexi,
1539 4563 1773 4617 miratus
1825 4577 1947 4619 sum

440 4702 457 4720 ⁶
485 4697 637 4752 Alias
665 4694 889 4752 CCCLI.
932 4696 1152 4764 Scripta
1184 4694 1333 4750 circa
1360 4710 1449 4750 an.
1484 4694 1611 4751 ⁸571.
1639 4684 1650 4700 ’

435 4771 476 4790 “
514 4769 669 4823 Alias
695 4760 1164 4824 CCCLXXXVIII.
1192 4766 1407 4835 Scripta
1434 4766 1581 4820 circa
1608 4780 1697 4818 an.
1717 4760 1841 4819 57!.

436 4839 548 4911 (90)
580 4838 1181 4911 HpoxavtﬁiltaiCoisl.
1205 4836 1418 4911 pljmus
1431 4845 1487 4891 et
1508 4835 1647 4911 Med.
1668 4851 1792 4911 cum
1819 4835 1947 4911 alio.

365 4911 509 5036 Edisti
532 4906 1045 4983 πρόσκαλῇζΡουιο
1082 4906 1416 4982 post’Coisl.
1467 4906 1679 4979 primus
1713 4907 1950 4979 ἀποκρί-

365 4999 458 5036 νεσ
492 4999 570 5036 αι.
820 4996 831 5029 ι

359 4996 570 5039 νεσυαι.
820 4996 831 5029 ⁸

573 5049 703 5137 ιτὴν
734 5052 886 5137 πρός
913 5048 1091 5137 apag.
1130 5048 1211 5105 Ita
1243 5047 1411 5123 coisl.
1456 5048 1668 5118 primus
1705 5054 1756 5102 et
1806 5045 1948 5104 Med.

366 5121 634 5199 Εάἰὲἱῗτὴχ
671 5121 1003 5199 περὶ,ὴμέιξο
1118 5192 1130 5199 .
1524 5186 1571 5199 ..
1621 5187 1638 5199 .
1729 5186 1871 5199 -,..

274 5208 281 5214 ‘
436 5192 550 5262 (92)
579 5186 1068 5263 Παραόιλήθῆναι,
1098 5189 1500 5263 dpxee'dérta.
1522 5186 1662 5263 Med.
1693 5195 1749 5243 et
1777 5186 1946 5263 Coisl.

365 5258 577 5335 primus
608 5258 943 5335 ἀρκεσθῆναι
986 5258 1427 5335 παρακληθέντα.
1467 5258 1668 5314 Statim
1701 5273 1835 5314 mss.
1860 5260 1953 5312 αὐ-

364 5332 492 5397 τούς
518 5350 599 5398 τε,
630 5332 1164 5389 νοευιιιόῡρτοιόἱ)
1195 5334 1378 5389 editis.

437 5402 554 5476 (95)
578 5403 903 5476 ξΥπάρξει.
934 5404 1256 5460 llarlaeanus
1280 5401 1460 5476 _cod_ex
1491 5414 1616 5455 eum
1668 5399 1951 5476 recentio-

368 5470 670 5547 ribus'aliis
700 5470 936 5547 quatuor
969 5476 1226 5547 ὑπάρχει.
1276 5473 1447 5528 Paulo
1483 5479 1610 5542 post
1653 5470 1763 5527 duo
1813 5484 1948 5526 mss.

365 5545 427 5599 τὸ
459 5543 702 5616 μακρόθυ
710 5543 809 5615 μον
842 5543 1145 5616 ἀναδεῖξαι.

402 5610 551 5740 ἀὲξρῗ)
575 5610 666 5669 Ἐῑ
689 5610 782 5681 έις
810 5631 930 5672 σοι.
975 5615 1174 5671 Ultima
1211 5614 1408 5670 vocula
1436 5629 1503 5671 ex
1541 5629 1678 5670 mss.
1706 5610 1951 5685 quinque

475 5704 491 5740 ι
519 5702 569 5740 a.

367 5687 569 5741 addita.

438 5757 551 5830 (95)
590 5757 926 5828 Πρὰξαντα.
969 5753 1115 5811 Editi
1146 5756 1354 5811 addunt
1394 5773 1469 5822 τι,
1501 5754 1649 5828 quod
1692 5753 1850 5814 deest
1892 5753 1949 5809 in

2051 4567 2383 4639 γράμματα,
2425 4566 2568 4639 άπερ
2614 4566 2802 4639 ἐπειδὴ
2845 4565 3142 4639 ἐδεξάμην,
3191 4566 3286 4620 καὶ
3332 4563 3638 4636 κατέμαθον

2054 4698 2201 4754 Harl.
2224 4740 2240 4765 ,
2276 4701 2540 4767 Clarom.,
2583 4698 2786 4767 Paris.,
2821 4698 2956 4770 Reg.
2992 4699 3236 4757 secundo
3263 4708 3317 4755 et
3348 4698 3516 4754 Cois].
3556 4714 3640 4754 se-

2051 4770 2250 4910 ww;
2276 4840 2607 4911 Χρήσιμον.
2662 4840 2818 4907 Quod
2871 4857 2975 4895 non
3030 4839 3227 4911 possim
3252 4837 3637 4911 _esse_aliquid

2051 4907 2572 4975 utileisi'verb'um
2610 4913 2781 4967 verbo
2838 4907 3121 4967 reddatur.
3178 4907 3365 4964 Utitur
3398 4907 3637 4963 Basilius

2050 4982 2175 5062 hac_
2208 4982 2724 5062 loquegdlraliope
2777 4982 2833 5036 in
2876 4982 3052 5062 epist...
3075 4981 3161 5062 ’(4,
3212 4995 3270 5062 ῃ.
3304 4979 3339 5034 5
3376 4997 3392 5062 ξ
3426 4977 3637 5062 Ἥμγάρ

2052 5049 2337 5124 γενήσῃοτι
2375 5051 2565 5120 ὄφελος
2588 5054 2701 5116 τοῖς
2739 5049 2957 5116 κοινοῖς.
3009 5050 3101 5105 Vel
3148 5050 3285 5105 enim
3314 5050 3419 5103 eris
3452 5049 3638 5116 aliqua

2053 5122 2260 5177 utilitas
2299 5121 2661 5177 communibus
2695 5127 2870 5176 rebus.
2899 5121 2965 5175 Et
2998 5137 3054 5175 n.
3092 5122 3119 5176 1
3156 5140 3169 5175 :
3199 5121 3298 5190 οὐχ
3321 5119 3398 5183 ὦς
3422 5136 3473 5172 τι
3503 5117 3634 5190 δφε-

2053 5133 2260 5177 utimas
2299 5133 2661 5177 communibus
2695 5133 2870 5176 rebus.
2900 5133 2965 5175 lat
2998 5137 3054 5175 n.
3092 5133 3119 5176 1
3156 5140 3169 5175 :
3199 5133 3298 5190 ουχ
3321 5133 3398 5183 ως
3422 5136 3473 5172 τι
3503 5133 3631 5185 οφε-

2052 5193 2143 5256 λος
2178 5193 2470 5273 ἐσομένους
2498 5195 2612 5273 τ-οῖς
2635 5192 2984 5273 πράγμασινἱ
3010 5190 3266 5273 Librarii,
3291 5205 3415 5273 cum
3446 5189 3631 5243 minus

2053 5271 2241 5340 essent
2272 5265 2327 5317 in
2354 5264 2494 5340 style
2523 5262 2715 5340 Basilii
2745 5262 3133 5340 perspiciendo
3161 5262 3389 5323 versati,
3425 5272 3628 5340 posue-

2051 5341 2183 5387 runt
2220 5333 2326 5389 hoc
2361 5332 2483 5389 loco
2509 5332 2765 5404 γενέσθαι
2812 5332 3180 5404 τιχρῄσιμος,
3210 5345 3331 5402 qua:
3358 5332 3632 5399 scriptura

2053 5404 2331 5473 reperitur
2354 5404 2407 5457 in
2451 5403 2628 5473 tribus
2672 5403 3075 5473 recentioribus
3103 5416 3237 5473 mss.

2270 5472 2355 5539 Τῷ
2384 5472 2525 5556 Θεῷ.
2558 5473 2703 5528 Editi
2738 5473 2944 5528 addunt
2968 5471 3055 5556 alii
3075 5468 3364 5556 équt,_sed
3390 5466 3633 5556 (ιε-ει)ςῖ

2055 5537 2183 5600 sunt
2213 5537 2271 5599 in
2306 5537 2564 5599 omnibus
2597 5558 2733 5599 mss.
2759 5559 2898 5606 quos
2927 5537 3149 5613 quidem
3176 5537 3435 5613 vidimus.
3459 5537 3636 5613 lfaqu

2053 5621 2177 5686 post
2202 5616 2575 5686 plures-mss1
2589 5613 2795 5686 aranea
2834 5632 2921 5685 μοι
2945 5607 3123 5678 ’ἀξίαν
3166 5611 3406 5679 τίθεμαι.
3438 5607 3631 5668 'Coisl.

2052 5683 2260 5758 primus
2295 5683 2491 5739 πολλοῦ
2512 5683 2687 5749 ἀξίαν.
