3988 6194
353 388 460 447 ιιι

1266 389 1755 447 EPISTOLARUM
1792 391 2078 450 CLASSlS
2114 393 2175 450 ΙΙ.
2216 393 2435 450 EPIST.
2474 392 2733 449 LXXIII.

3486 391 3615 449 (M2

358 504 452 557 τδν
487 492 547 559 ἐν
586 503 764 569 αὑτοῖς
794 505 933 561 ἵιόῧν
954 544 973 572 ,
1018 505 1305 577 ἐθαύμασα
1348 508 1498 572 ὅπως
1537 507 1616 580 τῷ
1656 510 1770 563 δντι
1802 508 1930 564 κατὰ

2046 510 2321 580 quomodo
2375 526 2524 576 vere,
2576 517 2636 565 ut
2660 506 2904 564 omnium
2946 512 3065 563 erat
3090 505 3298 578 Opinio,
3331 513 3616 577 paternam

352 595 459 665 τὴν
505 594 724 648 πάντων
762 594 1025 666 υποληψιν
1045 636 1060 661 ,
1104 596 1376 668 πατρικὴν
1411 597 1673 669 ἀπένειμε
1706 599 1817 669 (98)
1842 599 1939 670 τὴν

353 683 513 738 αἰδῶ.
559 685 633 738 Τὸ
678 685 787 758 γὰρ
832 686 1229 759 φλεγμαίνοντα
1276 690 1373 742 καὶ
1430 689 1791 761 ὠργισμένον,
1845 691 1941 744 καὶ

352 774 675 848 ὁρμήσαντα
716 778 854 850 πρὸς
886 778 987 850 τὴν
1016 778 1125 831 τῶν
1163 778 1544 850 λελυπηκότων
1570 780 1801 852 ἄμυναν,
1833 798 1940 834 πα-

358 865 591 936 ραλῦσαι
626 867 723 938 μὲν
759 868 820 921 τὸ
843 867 975 922 πολὺ
1021 869 1121 940 τῆς
1173 869 1551 942 σφοδρότητος,
1580 873 1729 944 ἡμᾶς
1761 873 1818 927 δὲ
1844 871 1938 924 τοῦ

354 956 685 1027 πράγματος
735 959 957 1030 κυρίους
1006 960 1364 1032 ποιήσασθαι,
1419 960 1617 1017 ἔδωκεν
1666 965 1798 1035 ἡμῖν
1847 964 1938 1016 εὑ-

353 1045 661 1117 φρανθῆναι
692 1046 767 1111 ὡς
797 1048 890 1102 ἐπὶ
920 1048 1093 1120 τέκνῳ
1124 1050 1495 1121 πνευματικῷ.
1532 1051 1677 1106 ’Δντὶ
1700 1047 1793 1106 οὖν
1820 1053 1940 1107 τού-

350 1154 467 1192 των
513 1137 565 1192 τί
618 1137 746 1192 ἄλλο
797 1140 1114 1211 λειπόμενόν
1164 1142 1312 1195 ἐστιν
1354 1142 1388 1214 ἡ
1430 1141 1683 1215 εὔχεσθαί
1736 1162 1819 1200 σοι
1868 1146 1940 1201 τὰ

351 1228 573 1298 ἀγαθά;
603 1230 776 1299 φίλοις
824 1232 921 1302 μέν
948 1248 1007 1285 σε
1048 1232 1261 1304 ἥδιστον
1302 1229 1463 1298 εἶναι,
1510 1234 1724 1307 ἐχθροῖς
1751 1235 1808 1290 δὲ
1840 1255 1937 1307 φο-

348 1316 538 1392 ϐερὸν,
573 1322 709 1373 πᾶσι
750 1320 808 1373 δὲ
849 1320 1050 1391 ὁμοίως
1102 1322 1411 1393 αἰδέσιμον,
1459 1323 1546 1377 ἴνα
1593 1327 1689 1378 καὶ
1735 1327 1786 1378 οἱ
1828 1327 1937 1380 τῶν

351 1411 741 1481 προσηκόντων
802 1429 854 1464 τι
914 1411 1282 1476 ἐλλελοιπότες
1303 1453 1318 1478 ,
1381 1413 1631 1484 αἴσθησιν
1682 1415 1937 1480 λαϐόντες

349 1499 456 1569 τῆς
495 1500 551 1552 ἐν
588 1499 669 1552 σοὶ
719 1500 1046 1572 πραότητος,
1090 1503 1298 1556 ἑαυτῶν
1334 1504 1706 1574 καθάψωνται,
1735 1507 1816 1561 ὅτι
1855 1510 1933 1572 είς

350 1590 598 1643 τοιοῦτόν
630 1589 737 1662 (99)
764 1608 824 1643 σε
852 1590 981 1645 ὄντα
1019 1591 1347 1668 ἐξήμαρτον.

421 1680 480 1735 2.
518 1679 733 1753 Ἐπειδὴ
749 1677 843 1735 οὖν
875 1682 951 1754 (1)
970 1685 1308 1755 προσέταξας
1331 1687 1456 1751 τοὺς
1476 1687 1691 1753 οἰκέτας
1708 1684 1805 1743 ἐπι
1844 1692 1935 1744 τὸν

352 1773 518 1824 τὶπον
544 1774 603 1825 ἐν
634 1763 678 1841 ᾧ
708 1770 806 1843 τὴν
838 1773 1063 1838 ἀταξίαν
1107 1776 1446 1842 ἐπεδείξαντο
1465 1779 1765 1852 διαχθῆναι,
1798 1782 1935 1849 ἀξιῶ

2042 599 2174 653 mihi
2205 599 2569 654 reverentiam
2599 595 2976 652 exbibuerint.
3008 593 3163 661 Quod
3193 594 3340 647 enim
3376 603 3616 650 aestuans

2046 689 2201 760 167
2239 697 2295 743 et
2325 690 2499 743 iratus
2524 695 2578 743 et
2604 686 2672 742 ad
2695 685 3045 742 ulciscendos
3075 685 3335 741 molestia:
3362 691 3617 742 ουσιαι-εδ

2040 788 2284 849 paratus,
2318 781 2548 835 multum
2597 778 2857 834 remisisti
2889 776 2957 833 de
2998 778 3228 847 impetu,
3262 789 3477 844 nosque
3526 775 3609 830 rei

2040 870 2294 925 dominos
2318 869 2524 937 fecisti;
2554 869 2608 924 id
2631 867 2762 923 mihi
2799 866 2978 922 locum
2995 866 3144 921 dedit
3174 865 3231 920 in
3265 872 3319 920 te
3350 873 3614 932 tanquam

2040 962 2096 1015 in
2132 962 2243 1017 lilio
2281 961 2554 1032 spirituali
2587 960 2827 1015 laetandi.
2858 958 2966 1013 Pro
2997 959 3083 1012 his
3110 957 3275 1028 igitur
3309 955 3438 1026 quid
3467 953 3614 1010 aliud

2040 1061 2313 1124 superest,
2352 1052 2460 1108 nisi
2492 1059 2553 1106 ut
2591 1052 2690 1107 tibi
2741 1052 2885 1106 bona
2953 1046 3274 1120 precemur?
3316 1056 3377 1102 ut
3420 1046 3615 1103 amicis

2038 1145 2258 1216 quidem
2293 1145 2371 1201 sis
2396 1143 2767 1215 gratissimus,
2786 1142 3025 1198 inimicis
3053 1156 3180 1197 vero
3212 1138 3610 1199 formidandus,

2037 1245 2090 1294 et
2123 1237 2381 1292 omnibus
2415 1237 2620 1307 pariter
2647 1234 3000 1298 reverendus,
3033 1242 3094 1288 ut
3120 1239 3175 1288 et
3204 1232 3297 1303 qui
3342 1232 3522 1301 aliqua
3556 1229 3611 1283 in

2037 1345 2097 1383 re
2136 1328 2313 1384 officio
2344 1342 2447 1384 suo
2474 1326 2773 1389 defuerint,
2798 1325 3016 1394 cognita
3042 1324 3369 1379 tualenitate
3390 1322 3611 1392 culpent

2038 1436 2096 1476 se
2128 1420 2257 1491 ipsi,
2285 1418 2507 1491 quodin
2542 1426 2596 1474 te
2631 1419 2809 1472 virum
2841 1416 3006 1469 talem
3045 1412 3399 1485 deliquerint.

2104 1683 2159 1738 2.
2196 1682 2302 1738 Sed
2346 1682 2474 1752 quia
2528 1681 2746 1751 jussisti
2784 1679 3016 1734 famulos
3047 1679 3101 1732 in
3135 1678 3337 1740 locum,
3373 1675 3465 1730 ubi
3492 1681 3611 1730 tur-

2036 1776 2158 1831 bam
2188 1791 2252 1830 ac
2283 1776 2578 1845 tumultum
2613 1773 2945 1835 excitarunt,
2984 1770 3215 1834 abduci,
3273 1768 3416 1824 scire
3448 1767 3611 1821 velim

359 1863 443 1914 τὸν
472 1863 672 1916 σκοπὸν
697 1862 909 1934 μαθεῖν,
940 1865 1065 1919 καθ’
1094 1866 1152 1920 ὃν
1178 1867 1424 1939 ἐπιζητεῖ
1450 1870 1605 1924 τοῦτο
1632 1874 1664 1942 ἡ
1701 1873 1930 1944 χρηστό-

2037 1868 2166 1937 quid
2201 1875 2307 1922 tua:
2339 1867 2573 1922 bonitati
2622 1865 2675 1921 id
2717 1865 3019 1936 requirenti
3055 1862 3391 1935 propositum
3421 1859 3511 1915 sit.
3550 1858 3610 1913 Si

356 1970 452 2024 της
479 1970 594 2006 σου.
629 1954 694 2008 Εἰ
728 1955 823 2025 μὲν
859 1956 966 2029 γὰρ
999 1957 1161 2021 αὐτὸς
1203 1959 1437 2032 παρέσῃ,
1487 1962 1583 2015 καὶ
1627 1963 1787 2026 αὐτὸς
1817 1964 1932 2017 είσ-

352 2041 539 2113 πράξῃ
563 2041 638 2112 (2)
668 2042 777 2096 τῶν
803 2043 1223 2116 τετολμημένων
1261 2044 1360 2118 τὴν
1397 2046 1573 2119 δίκην,
1609 2049 1934 2120 παρέσονται

351 2132 455 2204 μὲν
480 2136 528 2186 oi
562 2133 749 2197 παῖδες
766 2150 780 2164 ·
811 2134 865 2187 τί
889 2134 997 2206 γὰρ
1029 2135 1158 2189 ἄλλο
1182 2137 1262 2190 δεῖ
1287 2136 1561 2207 γενέσθαι,
1587 2141 1635 2192 εί
1661 2139 1817 2192 τοῦτό
1853 2157 1933 2193 σοι

353 2225 635 2296 κέκριταη
683 2225 821 2297 πλὴν
861 2227 975 2282 ἀλλ’
1017 2231 1181 2300 ἡμεῖς
1222 2230 1321 2283 οὐκ
1371 2230 1595 2303 οἴδαμεν
1644 2232 1804 2286 ποίαν
1853 2232 1933 2286 ἐτι

353 2315 511 2385 χάριν
561 2314 841 2386 εἰληφότες
887 2318 1146 2389 ἐσόμεθα,
1198 2320 1293 2374 ἐάν
1342 2337 1448 2391 περ
1493 2322 1567 2394 μὴ
1626 2322 1936 2394 ἐξαρκέσαι-

353 2419 454 2472 μεν
484 2403 563 2475 (ὅ)
596 2403 870 2470 ἐξελέσθαι
913 2409 1040 2472 τοὺς
1089 2410 1286 2473 παῖδας
1322 2413 1420 2482 τῆς
1463 2413 1752 2484 τιμωρίας.
1787 2416 1847 2468 El
1878 2414 1935 2468 δὲ

354 2496 514 2550 αὐτόν
548 2514 604 2550 σε
638 2498 672 2569 ἡ
714 2498 807 2553 ἐπὶ
836 2499 935 2572 τῆς
964 2500 1238 2573 λεωφόρου
1258 2503 1494 2574 ,ἀσχολία
1527 2505 1765 2572 καθέξει,
1792 2507 1876 2571 τίς
1905 2511 1934 2561 ό

328 2585 744 2665 ¹ὑποδεχόμενος
770 2592 889 2643 ἐκεῖ
913 2592 1041 2655 τοὺς
1079 2592 1437 2664 ἀνθρώπους;
1470 2596 1555 2659 τίς
1581 2596 1638 2650 δὲ
1669 2600 1695 2651 ὁ
1728 2598 1933 2668 μέλλων

356 2677 548 2742 αὐτοὺς
574 2679 695 2732 ἀντὶ
731 2680 826 2733 σοῦ
854 2681 1194 2753 ἀμόνεσθαι;
1232 2683 1371 2737 Ἀλλ’
1394 2687 1443 2738 εί
1474 2686 1622 2740 δοκεῖ
1653 2705 1731 2741 σοι
1760 2688 1934 2744 ἐλθεῖν

355 2769 544 2834 ιὺτοὺς
576 2773 656 2836 είς
695 2771 837 2842 ὄψιν,
877 2774 1147 2828 καὶτοῦτο
1188 2776 1407 2842 πάντως
1445 2778 1697 2851 κέκριται
1721 2798 1733 2812 -
1771 2782 1932 2853 μέχρι

348 2860 603 2930 Σισίμων
641 2863 897 2918 κέλευσον
928 2865 1179 2945 γενέσθαι
1213 2868 1393 2923 αὑτῶν
1434 2869 1532 2941 τὴν
1567 2871 1929 2942 παράστασιν,

347 2953 442 3004 καὶ
473 2953 637 3005 αὐτοῦ
665 2953 835 3017 δεῖξον
863 2952 1091 3009 σεαυτοῦ
1118 2957 1180 3011 τὸ
1208 2958 1381 3030 πρᾶον
1403 2958 1497 3012 τοῦ
1521 2959 1683 3031 ἤθους
1710 2963 1804 3015 καὶ
1837 2981 1932 3034 με-

344 3042 670 3113 γαλόθυμον.
700 3043 893 3098 Λαϐὼν
924 3045 1033 3117 γὰρ
1066 3048 1410 3120 ὑποχειρίους
1449 3052 1577 3114 τοὺς
1600 3052 1932 3123 παροξύναν-

344 3146 466 3197 τας,
515 3137 609 3188 καὶ
659 3137 718 3188 ἐν
763 3136 937 3207 τούτῳ
976 3138 1039 3190 τὸ
1089 3139 1564 3212 εὐκαταφρόνητον
1606 3141 1709 3212 τῆς
1768 3161 1929 3197 σεαυ-

2036 1960 2180 2013 enim
2202 1958 2384 2013 aderis
2407 1959 2546 2028 ipse,
2578 1964 2634 2012 et
2692 1955 2955 2011 facinoris
2996 1968 3187 2025 pcenas
3221 1953 3338 2023 ipse
3370 1959 3607 2021 repetes,

2037 2049 2270 2102 aderunt
2327 2049 2482 2119 pueri
2520 2065 2534 2102 :
2566 2045 2699 2116 quid
2752 2045 2899 2101 enim
2936 2045 3085 2099 aliud
3119 2040 3450 2104 faciendum,
3476 2038 3523 2094 si
3555 2037 3612 2093 id
3664 2050 3667 2053 '

2036 2142 2130 2195 tibi
2174 2150 2442 2196 statutum
2491 2139 2614 2195 est?
2647 2138 2752 2195 Sed
2783 2139 2969 2194 nescio
3006 2152 3105 2207 ego
3133 2134 3263 2206 quid
3296 2133 3409 2202 jam
3444 2131 3613 2186 bene-

2035 2230 2142 2284 ﬁcii
2200 2244 2483 2299 accepero,
2543 2227 2588 2285 si
2618 2244 2818 2298 pueros
2846 2244 2913 2282 ex
2958 2225 3230 2296 supplicio
3269 2236 3462 2278 eruere
3501 2234 3611 2274 non

2036 2321 2262 2376 valeam.
2291 2319 2448 2387 Quod
2482 2320 2528 2376 si
2570 2328 2624 2375 te
2661 2321 2878 2390 negotia
2924 2333 3023 2389 per
3065 2318 3205 2371 viam
3253 2311 3609 2375 detinuerint,

2033 2414 2157 2482 quis
2206 2413 2455 2469 homines
2488 2414 2599 2468 illic
2652 2411 2953 2482 suscipiet?
2985 2411 3110 2480 quis
3144 2424 3240 2479 pro
3273 2415 3327 2462 te
3368 2406 3493 2460 illos
3528 2404 3614 2458 ul-

2033 2507 2312 2561 ciscctur?
2344 2506 2500 2573 Quod
2556 2506 2603 2561 si
2646 2504 2865 2560 videtur
2909 2511 2970 2559 ut
3030 2502 3125 2557 tibi
3170 2502 3226 2555 in
3254 2501 3609 2568 conspectum

2033 2597 2320 2668 prodeant,
2386 2599 2549 2669 idque
2597 2600 2823 2654 omnino
2871 2604 3169 2661 statutum,
3202 2593 3336 2662 jube
3364 2589 3611 2645 Sasimos

2031 2706 2207 2760 usque
2256 2691 2542 2754 sistantur,
2577 2706 2641 2745 ac
2687 2690 2763 2745 ibi
2792 2687 3019 2744 ostende
3066 2686 3344 2739 leuitatem
3395 2693 3609 2734 morum

2033 2790 2251 2836 tuorum
2278 2789 2332 2838 et
2362 2783 2887 2853 magnanimitatem.
2919 2778 3217 2848 Postquam
3256 2774 3400 2830 enim
3433 2772 3489 2826 in
3513 2784 3612 2841 po-

2032 2882 2286 2930 testatem
2350 2874 2630 2944 acceperis
2680 2887 2777 2928 eos
2827 2872 2922 2941 qui
2972 2868 3346 2931 offenderunt,
3399 2872 3454 2918 et
3505 2861 3611 2915 hoc

2029 2976 2190 3038 pacto
2238 2966 2704 3022 demonstraveris
2750 2980 2858 3020 non
2915 2959 3248 3029 contemptui
3303 2955 3610 3011 habendam

2030 3076 2152 3115 esse
2186 3070 2333 3114 tuam
2365 3059 2683 3128 dignitatem
2708 3097 2723 3121 ,
2764 3058 2964 3112 illaesos
2991 3054 3221 3115 dimitte,
3257 3046 3613 3120 quemadmo-

2031 3152 2159 3205 dum
2196 3150 2473 3222 prioribus
2506 3150 2709 3205 litteris
2739 3149 3075 3219 rogavimus.
3114 3144 3342 3215 gratiam
3378 3154 3408 3192 a
3446 3134 3610 3192 nobis

344 3225 439 3279 τοῦ
470 3225 547 3296 (ό)
580 3226 736 3291 ἀξίας
765 3228 1201 3300 ἐπιδειξάμενος,
1241 3231 1377 3300 ἄφες
1414 3234 1610 3296 αὐτοὺς
1649 3233 1926 3301 ἀϐλαϐεῖς,

2037 3245 2230 3308 iniens,
2256 3252 2311 3299 et
2337 3260 2369 3298 a
2403 3241 2514 3298 Deo
2542 3242 2671 3297 I'acti
2702 3240 3010 3296 mercedem
3042 3241 3386 3305 exspectans.
3596 3292 3612 3314 θ

343 3315 421 3408 (of
469 3319 530 3371 ἐν
577 3322 691 3383 τοῖς
734 3320 1024 3392 προτέροις
1077 3322 1373 3394 γράμμασι
1435 3325 1918 3398 παρεκαλέσαμεν,
1979 3335 2110 3407 ἡμῖν
2151 3336 2247 3408 μὲν
2284 3335 2461 3400 διδοὺς
2510 3335 2611 3405 τὴν
2654 3333 2837 3406 χάριν,
2886 3329 3034 3400 παρὰ
3080 3327 3137 3382 δὲ
3208 3322 3343 3379 Θεοῦ
3380 3319 3481 3391 τὴν
3525 3317 3595 3385 ὲφ

343 3400 428 3470 οἷς
452 3410 624 3472 ποιεῖς
647 3408 914 3463 ἀντίδοσιν
945 3411 1318 3483 ἐκδεχόμενος.

414 3496 469 3550 5.
500 3499 613 3551 Καὶ
643 3497 817 3553 ταῦτα
840 3500 1004 3569 λέγω,
1034 3504 1132 3574 οὑχ
1149 3503 1224 3567 ὼς
1239 3503 1413 3569 οὕτως
1437 3507 1740 3576 ὀφείλοντος
1771 3509 1922 3564 τελε-

347 3587 541 3660 σθῆναι
580 3589 675 3644 τοῦ
728 3592 1076 3664 πράγματος,
1132 3594 1266 3649 ἀλλὰ
1309 3597 1641 3662 συνενδιδοὺς
1673 3602 1741 3670 τῇ
1775 3602 1920 3672 ὁρμῇ

346 3696 466 3743 σου,
496 3681 592 3734 καὶ
619 3681 951 3754 φοϐούμενος
976 3676 1049 3756 μή
1084 3703 1136 3739 τι
1163 3687 1525 3758 ὑπολείπηται
1556 3690 1799 3744 ἄπεπτον
1828 3692 1922 3745 τοῦ

347 3771 544 3842 θυμοῦ,
569 3775 662 3826 καὶ
693 3773 881 3846 ὥσπερ
907 3776 998 3829 ἐπὶ
1024 3776 1134 3830 τῶν
1152 3778 1594 3849 φλεγμαινόντων
1624 3781 1922 3852 ὀφθαλμῶν

345 3865 443 3917 καὶ
473 3864 542 3917 τὰ
568 3865 899 3921 ἁπαλώτατα
926 3867 1033 3921 τῶν
1076 3869 1436 3941 βοηθημάτων
1464 3871 1620 3943 όδυνη
1631 3872 1698 3943 ρὰ
1741 3873 1926 3941 φαίνει

342 3973 457 4020 ται,
503 3956 648 4011 οὕτω
702 3958 796 4011 καὶ
839 3958 936 4014 νῦν
967 3963 996 4014 ὁ
1025 3962 1292 4033 ἡμέτερος
1321 3963 1478 4032 λόγος
1517 3964 1814 4038 ἐξαγριάνῃ
1866 3983 1925 4019 σε

342 4046 552 4117 μᾶλλον
574 4046 609 4117 ἢ
637 4048 984 4121 καταστείλῃ.
1013 4051 1165 4104 Ἐπεὶ
1186 4052 1246 4105 τὸ
1266 4053 1704 4125 εὐπρεπέστατον
1722 4052 1810 4126 ἦν,
1832 4057 1927 4110 καὶ

347 4139 432 4191 σοὶ
465 4138 722 4208 μέγιστον
754 4139 959 4211 κόσμον
1011 4143 1255 4211 ἐνεγκεῖν
1304 4144 1623 4214 δυνάμενον,
1677 4147 1771 4200 καὶ
1803 4148 1927 4218 ἐμοὶ

344 4231 550 4300 ἀρκοῦν
580 4235 717 4305 πρὸς
738 4235 867 4297 τοὺς
906 4237 1148 4306 ἐμαυτοῦ
1186 4238 1373 4308 φίλους
1403 4240 1495 4293 καὶ
1528 4240 1823 4310 ἡλικιώτας
1848 4244 1929 4306 εἰς

348 4324 757 4395 σεμνολόγημα,
796 4326 857 4379 τὸ
885 4328 1016 4398 ἡμῖν
1077 4329 1452 4400 ἐπιτραπῆναι
1497 4330 1595 4401 τὴν
1629 4332 1926 4403 ἐκδίκησιν.

346 4414 574 4479 Πάντως
626 4415 685 4469 δὲ
733 4417 781 4469 εί
820 4418 916 4471 καὶ
944 4418 1262 4490 όμώμοσταί
1299 4438 1381 4473 σοι
1413 4421 1599 4474 δοῦναι
1623 4423 1822 4485 αὐτοὺς
1847 4424 1929 4486 εἰς

2097 3515 2151 3568 5.
2207 3513 2332 3568 Haec
2386 3520 2568 3568 autem
2629 3510 2789 3571 dico,
2833 3523 2942 3563 non
2981 3505 3129 3578 quod
3169 3518 3259 3560 res
3305 3502 3380 3557 ita
3424 3497 3614 3572 perlici

2030 3605 2244 3670 debeat,
2271 3605 2365 3659 sed
2390 3605 2590 3660 cedens
2637 3599 2989 3657 commotioni
3047 3604 3175 3660 tuae,
3232 3609 3295 3650 ac
3338 3603 3609 3660 metuens,

2032 3712 2099 3751 ne
2148 3695 2279 3766 quid
2336 3694 2632 3750 iracundia:
2696 3693 2882 3747 minus
2940 3698 3156 3745 coctum
3211 3686 3484 3749 resideat,
3555 3693 3613 3741 et

2032 3784 2492 3857 quemadmodum
2535 3782 2712 3838 oculis
2758 3778 3115 3834 inﬂammatis
3151 3777 3236 3832 vel
3286 3774 3609 3830 mollissima

2032 3877 2426 3932 medicamenta
2478 3873 2722 3928 dolorem
2778 3872 2983 3933 ferunt,
3027 3871 3101 3923 ita
3148 3873 3202 3922 et
3246 3880 3393 3920 nunc
3433 3864 3611 3919 oratio

2032 3984 2150 4024 mea
2194 3967 2457 4023 accendat
2499 3975 2552 4021 te
2615 3964 2788 4035 magis
2832 3977 2994 4033 quam
3063 3967 3394 4029 compescat.
3471 3954 3608 4011 Illud

2034 4061 2177 4117 enim
2235 4060 2470 4114 maxime
2521 4057 2782 4113 decorum
2838 4054 2997 4116 foret,
3057 4065 3122 4107 ac
3160 4049 3259 4104 tibi
3310 4048 3610 4104 maximum

2034 4158 2420 4206 ornamentum
2469 4148 2665 4202 aﬂ‘erre
2705 4151 2914 4217 posset,
2964 4142 3208 4213 mihique
3250 4156 3358 4196 non
3387 4155 3610 4211 parvam

2036 4242 2177 4310 apud
2230 4242 2437 4295 amicos
2477 4247 2531 4293 et
2574 4238 2813 4308 aequales
2867 4250 3019 4290 meos
3068 4234 3252 4305 gloriae
3298 4232 3608 4294 materiam,

2036 4334 2083 4386 si
2137 4332 2380 4386 vindicta
2433 4329 2570 4383 mihi
2626 4329 3052 4399 permitteretur.
3129 4324 3366 4381 Omnino
3426 4329 3608 4377 autem

2033 4426 2196 4479 etiam
2230 4423 2277 4477 si
2305 4421 2578 4491 iuraveris
2611 4419 2937 4475 traditurum
2970 4425 3024 4473 te
3057 4434 3154 4473 eos
3185 4416 3253 4471 ad
3276 4417 3607 4488 supplicium

343 4505 615 4575 τιμωρίαν
643 4507 785 4560 κατὰ
822 4510 948 4572 τοὺς
966 4509 1190 4579 νόμους,
1224 4509 1346 4564 οὔτε
1372 4513 1406 4581 ἡ
1439 4513 1568 4584 παρ’
1598 4512 1756 4583 ἡμῶν
1805 4516 1930 4566 ἐπι-

2037 4513 2340 4567 secundum
2389 4513 2571 4582 leges;
2634 4525 2815 4580 neque
2853 4507 3257 4564 animadversio
3288 4516 3477 4563 nostra
3506 4507 3607 4561 mi-

341 4597 571 4668 τίμησις
623 4598 862 4654 ἐλάττων
924 4602 1072 4654 ἐστὶν
1105 4603 1186 4665 είς
1219 4602 1520 4673 ἐκδίκησιν,
1548 4603 1675 4657 οὔτε
1724 4606 1753 4657 ό
1783 4604 1925 4670 θεῖος

343 4687 511 4758 νόμος
567 4690 891 4760 ἀτιμότερος
922 4690 1030 4744 τῶν
1084 4692 1589 4765 ἐμπολιτευομένων
1615 4696 1691 4766 τῷ
1715 4696 1815 4767 βίῳ
1837 4715 1925 4750 νο-

346 4779 552 4849 μίμων.
619 4780 759 4834 Ἀλλ’
785 4777 854 4852 ἦν
892 4782 1117 4837 δυνατὸν
1152 4784 1371 4848 αὐτοὺς,
1402 4785 1637 4840 ἐνταῦθα
1666 4790 1928 4859 ἐπιστρα-

342 4871 544 4939 φέντας
572 4874 685 4934 τοῖς
715 4873 1007 4945 ἡμετέροις
1031 4876 1306 4947 νομίμοις,
1330 4878 1387 4930 ἐν
1408 4874 1489 4941 οἷς
1515 4879 1610 4931 xui.
1637 4880 1800 4943 αὐτὸς
1824 4880 1925 4951 τὴν

342 4960 536 5017 ἐλπίδα
586 4963 730 5034 ἔχεις
775 4964 852 5035 (5)
900 4967 1000 5038 τῆς
1034 4968 1331 5040 σωτηρίας,
1375 4970 1468 5023 καὶ
1509 4971 1569 5023 σὲ
1597 4972 1697 5043 τῆς
1724 4971 1818 5025 ἐπὶ
1846 4971 1924 5042 τῷ

417 5225 888 5306 (98)]Απέηειμε.
919 5226 1234 5306 Εὰἰιξ-ἡμῐν
1260 5245 1574 5306 απενειμες.
1617 5229 1752 5285 Tres
1783 5246 1920 5306 mss.

345 5298 684 5377 recentiores
710 5298 1029 5377 ἀπένειμεςἶ
1049 5298 1226 5377 ιιπι..
1261 5299 1439 5377 (_I_oisl._
1459 5298 1754 5377 primusct

344 5373 405 5421 ut
443 5368 499 5420 in
526 5376 710 5429 textu,
740 5368 846 5423 nisi
886 5368 1034 5436 quod
1082 5370 1137 5422 in
1182 5371 1350 5424 variis
1391 5368 1629 5425 Mellicaai
1672 5372 1920 5424 lectioni-

346 5436 453 5490 bus
476 5450 589 5490 non
624 5436 914 5491 observata
952 5438 1056 5493 fuit
1081 5441 1336 5494 secundae
1365 5440 1519 5494 vocis
1547 5444 1804 5495 varietas.

416 5504 529 5572 (99)
573 5506 867 5561 Τοιοῦτον.
908 5505 999 5562 Sic
1023 5523 1160 5563 mss.
1183 5524 1299 5563 sex.
1334 5509 1475 5564 Editi
1509 5509 1780 5563 τοσοῦτον.

417 5574 495 5643 (1)
524 5575 781 5651 ζΕξξεειδέὴ
968 5579 1061 5651 Alta
1093 5580 1269 5645 Harl.,
1310 5576 1454 5635 Med.
1497 5587 1553 5634 et
1602 5579 1773 5636 Cois}.
1805 5581 1921 5651 prio

344 5642 492 5715 mus.
524 5642 669 5698 Editi
708 5642 926 5715 Ἐπειδὴ
962 5647 1041 5702 δέ.

419 5714 497 5790 (ἓ)
530 5714 866 5790 Ερπράξῃ.
896 5714 972 5769 Ita
1006 5732 1137 5790 m_ss.
1178 5734 1291 5772 sex.
1328 5717 1469 5772 Editi
1494 5719 1826 5790 εἰσπράξεις.

418 5785 496 5853 (3)
548 5785 1019 5856 Ἐξαρκέσωμεν.
1045 5785 1122 5841 Ita
1170 5804 1303 5845 mss.
1329 5797 1552 5860 septem.
1589 5785 1733 5847 Ε’όὶιί
1766 5790 1920 5860 ἐξαρ-

2029 4619 2132 4659 ιιοι·
2150 4611 2236 4658 est
2267 4603 2336 4657 ad
2358 4602 2681 4666 vindictam,
2732 4616 2910 4670 neque
2946 4600 3132 4654 divina
3183 4600 3272 4654 lex
3314 4596 3609 4670 ignobilior

2027 4694 2329 4750 observatis
2356 4693 2413 4748 in
2458 4692 2659 4749 saeculo
2684 4692 2918 4763 legibus.
2973 4688 3080 4745 Sed
3110 4689 3227 4744 fieri
3262 4693 3495 4759 poterat,
3546 4692 3607 4739 ut

2030 4783 2119 4837 hic
2161 4798 2228 4836 ex
2277 4781 2494 4851 legibus
2514 4762 2757 4845 nostris,
2787 4781 2842 4833 in
2875 4779 3076 4849 quibus
3098 4786 3152 4834 et
3181 4778 3297 4847 ipse
3326 4762 3477 4846 spem
3514 4790 3606 4830 sa-

2027 4875 2160 4930 lutis
2193 4876 2426 4944 positam
2466 4873 2660 4937 babes,
2711 4873 2912 4943 puniti,
2951 4879 3005 4926 et
3031 4880 3082 4926 te
3107 4868 3471 4940 jurisjurandi
3503 4881 3607 4922 ne-

2027 4968 2286 5023 cessitate
2316 4967 2622 5029 solverent,
2665 4972 2720 5020 et
2763 4965 2867 5035 ipsi
2904 4978 3085 5034 parem
3118 4960 3356 5032 peccatis
3385 4973 3603 5030 pmnam

2028 5227 2286 5298 κέσομεν.
2334 5224 2451 5279 Νοη
2511 5226 2683 5280 multo
2729 5229 2851 5294 post.
2892 5221 3026 5277 editi
3083 5219 3413 5293 ἀμύνασθαι.
3466 5217 3603 5275 Octo

2028 5297 2169 5351 mss.
2187 5307 2245 5349 ut
2279 5297 2332 5349 in
2363 5306 2531 5349 textu.

2100 5368 2173 5437 (4)
2217 5365 2333 5433 Τῆς
2359 5366 2639 5437 σεαυτοῦ,
2674 5365 2784 5437 lta_
2805 5376 2939 5437 mss.
2972 5368 3117 5437 octo.
3159 5358 3304 5414 Editi
3338 5359 3440 5437 τῆς
3477 5359 3598 5427 σῆς.

2024 5430 2321 5507 Aliquanto
2341 5434 2485 5507 infra
2505 5435 2636 5489 editi
2668 5430 3105 5507 cyy5t§06;._h_15§.
3134 5445 3231 5486 sex
3262 5430 3405 5507 ut_i_n’
3424 5437 3596 5507 textu.

2028 5499 2147 5561 Moi
2164 5507 2298 5560 edit.
2329 5505 2675 5575 ὑπολίπηται.
2706 5504 2854 5558 Harl.
2884 5509 2939 5557 et
2962 5499 3101 5556 Med.
3126 5516 3252 5556 cum
3279 5500 3455 5555 tribus
3476 5499 3600 5554 aliis

2028 5577 2405 5628 ὑπολείπηται.

2027 5577 2405 5645 ὑπολείπηται.

2095 5647 2172 5714 (5)
2214 5641 2429 5714 Ἔχεις.
2487 5643 2566 5698 Ita
2603 5653 2815 5712 veteres
2844 5641 2986 5714 libri
3031 5655 3247 5714 summo
3299 5653 3569 5714 consensu

2025 5709 2165 5771 Male
2215 5709 2478 5785 inteditis
2507 5709 2676 5785 Exmg.
2728 5712 2896 5769 Paulo
2928 5720 3050 5783 post
3078 5712 3209 5785 editi
3252 5710 3348 5785 κα).
3390 5709 3592 5770 αὐτοῖς.

2027 5786 2176 5841 ιιπι.
2204 5793 2256 5841 et
2286 5783 2453 5840 Coisl.
2482 5782 2692 5855 primus
2728 5795 2779 5841 et
2819 5785 2908 5839 alii
2930 5782 3194 5839 inonnulli
3233 5791 3293 5839 ut
3326 5782 3383 5836 in
3417 5785 3593 5835 textu.
