3988 6194
254 328 364 386 445

1172 325 1669 385 EPISTOLARUM
1708 324 1991 384 CLASSIS
2027 329 2095 387 ll.
2120 329 2339 388 EPIST.
2380 324 2616 386 LXXlV.

3432 320 3543 379 ιω

254 441 555 514 ισομένους
572 444 688 509 τοῖς
711 443 1056 516 πράγμασιν,
1088 442 1225 499 ἀλλὰ
1272 442 1370 517 τὴν
1401 445 1466 499 ἐκ
1501 445 1602 516 τῆς
1633 444 1853 500 ἀπολεί-

1965 447 2219 503 accedere
2265 461 2493 503 necesse
2541 449 2648 507 est,
2692 455 2801 497 non
2840 438 2990 512 quod
3018 437 3186 495 rebus
3211 438 3418 510 aliquid
3452 440 3537 495 sl-

253 534 406 605 ψεως
457 533 668 606 μέμψιν
722 535 1091 599 ὲκκλίνοντας.
1134 530 1305 590 Οἶσθα
1344 536 1474 607 γὰρ,
1514 535 1591 600 ὡς
1639 536 1851 591 εὔκολοι

261 622 377 695 μὲν,
416 622 639 678 ἐλπίσαι
689 625 740 679 οἱ
788 624 1219 697 ἀμηχανοῦντες,
1268 623 1481 678 εὔκολοι
1514 625 1573 679 δέ
1620 643 1722 680 που
1757 626 1853 680 καὶ

258 714 751 859 κῗηαμέμψασθαι,
795 716 888 771 ἐπὶ
923 715 986 770 τὸ
1022 715 1259 788 παρεθὲν
1299 717 1387 771 ἀεὶ
1418 717 1710 789 τρέποντες
1750 718 1852 781 τὰς

258 822 295 858 α
322 822 354 859 τ
380 822 464 859 ας.

258 822 464 870 αιτιας.

330 983 389 1038 2.
426 984 622 1038 Καίτοι
655 983 832 1055 ἔγωγε
866 986 962 1040 καὶ
995 985 1163 1040 αὑτοῦ
1194 986 1389 1041 τούτου
1421 1001 1606 1042 ενεκεν
1623 986 1855 1061 ὲδεόμην

154 1136 165 1153 ι
262 1093 349 1130 σοι
374 1076 669 1143 συνελθεῖν,
697 1079 793 1132 καὶ
835 1077 1021 1134 δοῦναι
1055 1078 1311 1152 γνώμην·
1356 1079 1559 1152 μᾶλλον
1581 1080 1641 1134 δὲ
1670 1097 1856 1154 παρα-

260 1167 494 1223 καλέσαι
542 1168 917 1242 ἐνθυμηθῆναί
969 1188 1023 1226 τι
1074 1173 1324 1227 νεανικὸν
1387 1174 1484 1227 καὶ
1530 1174 1740 1246 πρέπον
1773 1175 1852 1247 τῷ

262 1257 494 1312 σεαυτοῦ
522 1261 852 1331 φρονήματι,
882 1261 980 1315 καὶ
1024 1263 1105 1326 είς
1137 1261 1271 1329 γόνυ
1306 1261 1584 1317 κλιθεϊσαν
1615 1263 1716 1335 τὴν
1750 1280 1855 1318 πα-

258 1349 424 1422 τρίδα
454 1350 610 1422 ἡμῶν
625 1351 700 1422 μὴ
729 1352 1012 1423 περιιδεῖν,
1032 1352 1171 1407 ἀλλά
1199 1353 1576 1409 καταλαϐόντα
1604 1354 1667 1409 τὸ
1689 1372 1842 1427 στρα-

257 1441 512 1507 τόπεδον,
555 1444 729 1496 εἰπεῖν
770 1442 910 1514 μετά
952 1445 1269 1518 παρρησίας
1308 1446 1411 1516 τῆς
1441 1447 1543 1518 σῆς
1579 1448 1740 1519 μήτοι
1767 1464 1857 1501 vo-

263 1532 449 1603 μίξειν
478 1534 679 1597 αὐτοὺς
707 1533 802 1588 δύο
827 1536 1127 1608 κεκτῆσθαι
1163 1537 1286 1591 ἀντὶ
1317 1539 1448 1610 μιᾶς
1468 1539 1757 1611 ἐπαρχίας.
1776 1539 1851 1593 Οὐ

259 1626 377 1698 γὰρ
441 1625 504 1692 ἐξ
554 1625 723 1698 ἄλλης
755 1627 902 1691 τινὸς
959 1628 1292 1702 οἰκουμένης
1332 1630 1701 1701 ἐπεισήγαγον
1754 1629 1854 1702 τὴν

260 1716 489 1788 ἑτέρανο
523 1715 661 1771 ἀλλά
717 1718 1103 1791 παραπλήσιόν
1139 1737 1195 1774 τι
1225 1724 1618 1793 πεποιήκασιν,
1662 1721 1854 1794 ὥσπερ

1960 539 2131 595 laturi
2186 539 2360 596 simus
2408 536 2624 601 auxilii,
2671 534 2767 592 sed
2824 541 2907 589 ut.
2934 529 3311 589 derelictionis
3346 545 3540 601 expro-

1957 631 2271 687 brationem
2318 628 2663 701 eﬂugiamus.
2730 625 2887 682 Nosti
2936 622 3082 679 enim
3113 621 3387 694 proclives
3412 634 3538 676 esse

1958 725 2027 781 ad
2078 724 2411 796 sperandum
2466 722 2562 793 qui
2607 721 2661 775 in
2687 718 2956 790 angustiis
2991 721 3141 780 sunt,
3187 712 3456 785 proclives
3481 720 3537 767 et

1956 817 2025 873 ad
2056 815 2527 888 conquerendum,
2573 826 2790 882 semper
2827 811 2880 865 in
2925 809 2979 865 id
3018 806 3165 873 quod
3202 801 3538 877 praetermis-

1956 923 2080 966 sum
2105 916 2210 970 est,
2242 905 2456 976 culpam
2480 902 2842 959 conferentes.

2025 1000 2082 1055 2.
2121 998 2388 1070 Equidem
2451 1004 2506 1051 et
2538 994 2660 1065 ejus
2700 992 2781 1049 rei
2827 991 3003 1064 gratia
3051 980 3539 1043 conveniretede-

1955 1093 2176 1154 bebam,
2221 1104 2286 1145 ac
2330 1087 2628 1145 consilium
2672 1084 2848 1152 dare;
2899 1083 2985 1143 vel
3031 1080 3214 1152 potius
3245 1078 3539 1133 obsecrare

1955 1193 2016 1240 ut
2060 1191 2346 1239 strenuum
2394 1178 2655 1251 quiddam
2710 1191 2776 1231 ac
2822 1174 3111 1245 prudentia
3167 1183 3260 1226 tua
3311 1164 3537 1239 dignum

1955 1276 2267 1345 excogites,
2328 1286 2432 1327 nec
2484 1269 2720 1341 patriam
2779 1272 3029 1321 nostram
3089 1263 3143 1316 in
3183 1275 3361 1332 genua
3407 1272 3537 1330 pro-

1955 1368 2164 1437 lapsam
2208 1363 2483 1434 despicias
2523 1379 2539 1416 :
2594 1360 2689 1416 sed
2746 1358 2803 1412 in
2850 1357 3032 1411 aulam
3074 1353 3432 1425 proﬁciscens
3471 1364 3538 1413 aq
3576 1396 3579 1399 .

1955 1460 2209 1514 libertate
2255 1464 2348 1510 tua
2380 1461 2544 1508 utens
2586 1449 2882 1505 denunties
2924 1448 3028 1511 eis,
3079 1461 3147 1500 ne
3175 1443 3279 1499 sibi
3307 1441 3535 1496 videan-

1958 1560 2047 1605 tur
2068 1550 2205 1604 duas
2234 1564 2300 1603 ex
2329 1562 2438 1602 una
2465 1543 2749 1616 possidere
2808 1539 3150 1612 provincias:
3188 1549 3363 1604 neque
3390 1529 3551 1587 enim:

1957 1660 2021 1698 ex
2045 1643 2150 1696 alia
2175 1639 2408 1713 quadam
2433 1646 2581 1693 terra
2595 1636 2821 1691 alteram
2841 1633 3036 1686 barum
3062 1625 3534 1700 169induxere:

1957 1736 2053 1792 sed
2092 1734 2233 1790 idem
2276 1732 2389 1786 fere
2420 1737 2671 1801 egerunt,
2720 1741 2784 1781 ac
2834 1724 2882 1780 si
2920 1723 3045 1793 quis
3088 1733 3287 1790 equum
3313 1722 3409 1771 aut
3433 1715 3537 1771 bo—

264 1807 334 1863 ἃν
351 1808 407 1863 εῐ
433 1825 529 1897 τις
549 1809 661 1881 (12)
687 1809 854 1865 τππον
882 1812 916 1883 ἢ
952 1810 1082 1883 βοῦν
1100 1814 1457 1885 κεκτημένος,
1481 1809 1598 1868 εἶτα
1623 1813 1746 1884 διχῆ
1778 1813 1856 1867 δι-

1965 1842 2080 1882 vein
2118 1824 2446 1897 possidens,
2491 1820 2690 1877 deinde
2736 1818 2875 1873 duas
2943 1816 3001 1869 in
3042 1820 3224 1886 partes
3262 1807 3536 1897 dividens,
3572 1860 3584 1867 ,

263 1897 430 1966 ιλὼν,
475 1896 570 1952 δύο
612 1898 822 1972 νομίζοι
872 1901 1017 1973 ἔχειν
1062 1903 1182 1969 ἑνὸς
1232 1904 1391 1959 ἀντι·
1443 1904 1567 1959 οὔτε
1609 1904 1719 1978 γὰρ
1759 1904 1852 1959 δύο

265 1990 515 2065 εποίησε,
562 1992 656 2050 καὶ
685 1992 778 2048 τὸν
806 1994 904 2050 ἕνα
938 1995 1240 2070 διέφθειρεν
1259 2013 1273 2027 ·
1316 1999 1490 2052 εἰπεῖν
1528 1998 1586 2052 δὲ
1616 1999 1710 2052 καὶ
1739 2000 1853 2062 τοῖς

267 2082 830 2155 παραδυναστεύουσι,
859 2087 935 2158 μὴ
975 2087 1166 2142 τοῦτον
1192 2087 1379 2154 αὔξειν
1411 2090 1502 2144 τὸν
1521 2090 1722 2162 τρόπον
1751 2090 1851 2160 τὴν

266 2172 569 2243 βασιλείαν,
600 2175 664 2228 οὐ
695 2174 806 2248 γὰρ
834 2178 892 2232 ὲν
930 2177 1152 2252 ἀριθμῷ
1184 2175 1432 2252 εἶναιτὴν
1459 2180 1713 2253 δύναμιν,
1735 2180 1851 2235 ἀλλ’

263 2267 325 2319 ιν
348 2267 462 2331 τοῖς
487 2267 804 2340 πράγμασιν
823 2284 837 2298 ⁸
868 2271 990 2323 ἐπεὶ
1042 2270 1138 2326 νῦν
1182 2289 1247 2342 γε
1286 2272 1567 2346 ἡγούμεθα
1591 2273 1720 2338 τοὺς
1752 2274 1851 2345 μὲν

264 2357 462 2431 ἀγνοίᾳ
487 2358 590 2429 τῆς
624 2359 881 2431 ἀληθείας
915 2360 1065 2429 ἴσως,
1100 2364 1227 2428 τοὺς
1261 2363 1319 2417 δὲ
1353 2363 1430 2436 τῷ
1462 2365 1537 2436 μὴ
1569 2363 1850 2434 βούλεσθαι

264 2449 459 2506 λυπεῖν
505 2455 618 2517 τοῖς
672 2454 921 2525 ῥήμασι,
966 2455 1094 2527 τοὺς
1127 2454 1185 2508 δὲ
1227 2456 1323 2509 καὶ
1350 2455 1412 2509 ού
1450 2455 1609 2525 μέλον
1642 2457 1847 2521 αὐτοῖς,

267 2543 533 2614 περιορᾷν
586 2542 657 2597 τὰ
687 2544 965 2616 γινόμενα.
994 2547 1057 2599 Ei
1085 2546 1185 2616 μὲν
1214 2542 1307 2601 οὖν
1338 2543 1408 2618 ἦν
1438 2547 1662 2601 δυνατὸν
1689 2547 1851 2601 αὑτὸν

266 2632 444 2686 ὶλθεῖν
466 2633 604 2705 πρὸς
631 2633 880 2705 βασιλέα,
923 2635 1083 2690 τοῦτο
1122 2637 1418 2709 κράτιστον
1448 2637 1547 2709 μὲν
1569 2641 1681 2711 τοῖς
1711 2638 1853 2709 πρά-

266 2742 467 2796 γμασι,
498 2727 710 2799 πρέπον
733 2728 793 2782 δέ
830 2745 922 2783 σου
957 2731 1023 2802 τῇ
1059 2728 1197 2801 καλῇ
1234 2730 1345 2802 (l5)
1384 2731 1478 2785 τοῦ
1514 2730 1629 2802 βίου
1660 2747 1854 2803 προαι-

271 2818 443 2891 ρέσει.
473 2819 539 2873 El
567 2820 624 2875 δὲ
647 2820 785 2894 βαρὺ
802 2821 979 2886 ἄλλως
1006 2823 1101 2876 καὶ
1122 2822 1212 2878 διὰ
1243 2823 1342 2895 τὴν
1362 2823 1513 2896 ὤραν
1550 2823 1644 2877 τοῦ
1675 2823 1851 2887 ἔτους,

268 2910 368 2964 καὶ
389 2909 480 2965 διὰ
507 2910 607 2983 τὴν
624 2911 865 2983 ἡλικίαν,
886 2912 963 2977 ὡς
990 2913 1155 2978 αὐτὸς
1185 2912 1343 2985 ἔφης,
1368 2914 1667 2986 σύντροφον
1698 2912 1853 2984 έχου-

271 3017 371 3055 σαν
403 3001 463 3055 ὲν
491 3002 660 3076 ἑαυτῇ
686 3003 775 3057 τὸν
806 3002 962 3058 ὄκνον
987 3021 1002 3035 ⁸
1050 3004 1187 3060 ἀλλά
1230 3006 1294 3060 τό
1320 3023 1385 3076 γε
1406 3006 1517 3077 (Η)
1552 3005 1854 3060 ἐπιστεῖλαι

1952 1919 2092 1974 duos
2126 1896 2240 1987 pro
2283 1930 2392 1971 uno
2425 1913 2627 1969 habere
2661 1911 2767 1968 sibi
2810 1908 3099 1973 videatur;
3149 1920 3257 1959 non
3278 1902 3425 1959 enim
3454 1896 3560 1993 οτι-1

1954 2009 2082 2065 fecit
2113 2010 2274 2071 duos.
2322 2005 2420 2062 sed
2457 2020 2626 2059 unum
2652 2020 2683 2059 c
2714 2001 2893 2057 medio
2922 1998 3186 2063 sustulit;
3214 2010 3279 2051 ac
3309 1994 3559 2082 demet!"3

1953 2111 2095 2157 stres
2134 2101 2300 2157 etiam
2340 2100 2410 2155 iis
2455 2099 2552 2168 qui
2596 2096 2895 2167 plurimum
2950 2096 3205 2163 possunt,
3245 2086 3538 2158 imperium

1951 2210 2064 2249 non
2124 2194 2234 2249 hoc
2296 2199 2460 2263 pacto
2510 2187 2790 2260 adaugeri,
2846 2199 3024 2255 neque
3071 2182 3217 2239 enim
3263 2179 3431 2236 robur
3478 2177 3540 2233 in

1954 2299 2201 2349 munero,
2234 2283 2331 2339 sed
2362 2284 2417 2338 in
2454 2282 2591 2352 ipsis
2620 2280 2788 2335 rebus
2813 2277 3051 2348 positum
3084 2287 3237 2329 esse:
3264 2267 3538 2341 siquidem

1951 2394 2099 2434 nunc
2143 2377 2478 2432 arbitramur
2522 2374 2660 2429 alios
2709 2370 2930 2442 quidem
3006 2367 3241 2422 fortasse
3291 2357 3540 2416 veritatis

1957 2471 2321 2542 ignoratione,
2371 2469 2514 2523 alios
2560 2480 2691 2521 vero
2719 2479 2787 2519 eo
2820 2460 2966 2533 quod
2999 2458 3178 2513 nolint
3204 2452 3386 2510 verbis
3418 2462 3539 2504 mo-

1954 2563 2076 2618 lesti
2123 2577 2269 2625 esse,
2322 2560 2460 2615 alios
2491 2554 2969 2629 parvipendentes,
3014 2560 3225 2619 eaquae
3282 2543 3420 2599 ﬁunt
3449 2553 3561 2629 ne:

1953 2656 2175 2726 gligere.
2245 2622 2304 2708 Si
2360 2622 2529 2722 igitur
2558 2622 2941 2719 imperatorem
2991 2642 3172 2713 ipsum
3215 2637 3365 2693 adire
3411 2622 3562 2721 ρος-ξ

1954 2760 2065 2809 ses,
2098 2743 2154 2799 id
2185 2753 2239 2800 et
2266 2743 2433 2798 rebus
2462 2738 2969 2797 commodissimum
3007 2733 3148 2787 foret
3188 2735 3244 2786 et
3273 2727 3542 2799 praeclaro

1953 2838 2081 2893 vitae
2119 2844 2227 2892 tuae
2263 2836 2516 2891 instituto
2567 2833 2854 2888 decorum.
2920 2825 3017 2881 Sin
3044 2832 3226 2879 autem
3266 2822 3369 2877 hoc
3404 2810 3563 2874 alio!

1956 2926 2049 2999 qui
2084 2941 2250 2998 grave
2292 2932 2378 2981 est
2421 2933 2538 2977 tum
2571 2922 2643 2977 ob
2682 2919 2809 2975 anni
2852 2923 3228 2986 tempestatem
3251 2949 3270 2977 ,
3314 2918 3431 2964 tum
3470 2905 3545 2961 ob

1957 3026 2172 3075 aetatem
2202 3033 2361 3088 quae,
2399 3016 2478 3071 uti
2518 3023 2577 3070 tu
2619 3014 2737 3085 ipse
2765 3011 2926 3077 dicis,
2968 3007 3225 3063 comitem
3262 3002 3429 3059 habet
3453 3000 3542 3071 pi-

269 3094 435 3158 πόνος
457 3094 651 3159 οὐδείς.
700 3097 886 3164 Ὦστε,
929 3098 1029 3170 τὴν
1056 3098 1164 3152 ἀπὸ
1201 3097 1310 3152 τῶν
1347 3098 1690 3170 γραμμάτων
1730 3096 1854 3168 βοή-

269 3184 425 3238 θειαν
471 3184 830 3238 γαοιζόμενος
882 3188 947 3238 τῆ
990 3186 1230 3238 πατρίδι.
1295 3187 1510 3238 πρῶτον
1543 3187 1641 3238 μὲν
1672 3183 1855 3238 σαυτῶ

1965 3111 2212 3182 gritiam;
2250 3116 2307 3164 at
2342 3109 2535 3163 saltem
2582 3103 2860 3162 scribendi
2889 3101 3074 3157 nullus
3102 3098 3280 3153 labor.
3340 3088 3562 3160 Quam;

1965 3204 2145 3238 nhs-nm
2215 3201 2258 3238 εἰ
2308 3201 2613 3238 lium-arum
2659 3194 2971 3238 nrmeidinm
3007 3189 3197 3238 natrim
3238 3186 3544 3238 impertias.

306 3200 425 3239 ειαν
471 3184 830 3256 χαριζόμενος
882 3188 949 3258 τῇ
990 3186 1230 3260 πατρίδι,
1295 3187 1510 3258 πρῶτον
1542 3187 1641 3257 μὲν
1672 3184 1855 3256 σαυτῷ

1965 3204 2171 3266 obrem,
2214 3201 2259 3258 si
2308 3201 2614 3255 litterarum
2659 3194 2972 3267 praesidium
3007 3189 3197 3263 patria:
3238 3186 3544 3256 impertias,

272 3276 631 3349 συνειδήσεις,
668 3277 832 3349 μηδὲν
863 3279 972 3332 τῶν
999 3280 1079 3344 εἰς
1097 3279 1327 3351 δύναμιν
1356 3278 1602 3350 ἡκόντων
1627 3277 1858 3332 ἐλλελοι-

271 3368 432 3424 πότιο
465 3368 655 3423 ἔπειτα
690 3370 872 3442 μέντοι
922 3372 1013 3425 καὶ
1067 3374 1181 3436 τοῖς
1237 3372 1562 3443 κάμνουσιν,
1597 3370 1748 3441 αὐτῷ
1778 3370 1859 3441 τῷ

273 3463 562 3532 φαίνεσθαι
595 3463 899 3534 συναλγῶν,
941 3463 1217 3536 ἀρκοῦσαν
1246 3463 1439 3528 δώσεις
1476 3463 1855 3535 παραμυθίαν.

286 3554 429 3608 Ἀλλ’
474 3553 587 3609 εῐθε
640 3554 750 3628 γάρ
789 3552 859 3628 ἦν
904 3550 1017 3610 οἷόν
1052 3573 1137 3624 τε,
1191 3556 1355 3611 αὐτὸν
1408 3558 1708 3611 ἐπιστάντα
1744 3559 1858 3622 τοῖς

275 3646 619 3717 πράγμασιν,
671 3644 1012 3717 ὅψειλλαὸεἷν
1041 3647 1181 3702 αὐτὰ
1230 3647 1301 3702 τὰ
1342 3648 1663 3721 σκυθρωπά.
1701 3646 1858 3703 Οῦτω

272 3737 386 3809 γὰρ
414 3737 482 3792 ἂν
505 3737 657 3804 ἴσως,
693 3740 787 3793 ἀπ’
827 3740 996 3810 αὐτῆς
1040 3740 1142 3811 τῆς
1180 3740 1470 3812 ἐναργείας
1502 3740 1613 3794 τῶν
1644 3740 1858 3813 ὁρωμέ-

272 3846 385 3883 νων
418 3831 786 3902 συγκινηθεὶς,
816 3830 1034 3903 ἀφῆκας
1060 3849 1184 3886 τινα
1207 3833 1390 3902 φωνὴν
1418 3832 1737 3903 πρέπουσαν
1765 3833 1861 3885 καὶ

272 3924 343 3993 τῇ
371 3924 439 3994 σῇ
465 3922 816 3996 μεγαλονοίᾳ,
846 3926 944 3978 καὶ
984 3927 1050 3996 τῇ
1096 3924 1369 3995 κατηφείᾳ
1396 3925 1495 3996 τῆς
1525 3923 1754 3988 πόλεως.
1787 3925 1861 3978 Σὺ

272 4015 335 4068 δὲ
357 4013 475 4069 ἀλλ’
506 4014 638 4086 ἡμῖν
686 4014 1062 4089 διηγουμένοις
1104 4014 1180 4087 μὴ
1221 4016 1561 4088 ἀπιστήσηςο
1590 4017 1624 4086 ἢ
1656 4017 1739 4068 ὅτι
1772 4016 1864 4069 Σι-

280 4105 515 4178 μωνίδου
539 4107 727 4174 ὅντως,
752 4108 787 4179 ἦ
809 4124 953 4172 τινος
976 4106 1220 4161 τοιούτου
1251 4105 1542 4177 μελοποιοῦ
1578 4106 1860 4178 ἐδεόμεθα,

276 4197 528 4270 ἐναργῶς
580 4197 782 4263 εἰδότος
838 4197 1213 4263 έπιστενάζειν
1255 4200 1369 4262 τοῖς
1408 4197 1629 4252 πάθεσι.
1670 4196 1863 4250 Καίτοι

273 4289 333 4343 τί
354 4288 501 4359 λέγω
524 4289 863 4361 Σιμωνίδην;
891 4290 1010 4345 δέον
1045 4289 1311 4363 Αἰσχύλον
1338 4291 1532 4353 εἰπεῖν,
1554 4288 1589 4361 ἢ
1627 4291 1676 4343 εί
1698 4289 1761 4360 δή
1781 4307 1864 4354 τις

275 4381 487 4455 ἔτερος,
505 4381 905 4454 παραπλησίως
926 4383 1120 4454 ἐκείνῳ
1157 4384 1443 4455 συμφορᾶς
1463 4382 1690 4454 μέγεθος
1707 4384 1868 4454 ἐναρ-

278 4474 395 4543 γῶς
424 4472 764 4543 διαθέμενος,
792 4473 1192 4546 μεγαλοφώνως
1220 4474 1484 4547 ὠδύρατο.
1718 4462 1721 4463 ⁷

352 4696 405 4717 ι.
460 4658 720 4729 Σύλλογοι
770 4659 869 4730 μὲν
900 4656 1012 4729 γὰρ
1047 4657 1265 4715 ἐκεῖνοι.
1301 4655 1397 4708 καὶ⁵
1428 4654 1611 4724 λόγοι,
1644 4655 1703 4708 αἱ
1748 4654 1868 4707 κατ’

280 4751 487 4822 ἀγορὰν
541 4750 824 4822 συντυχίαι
874 4749 982 4803 τῶν
1027 4747 1329 4819 ἐλλογίμων
1366 4746 1598 4820 ἀνδρῶν,
1639 4745 1736 4800 καὶ
1770 4746 1870 4799 ὅσα

281 4844 549 4915 πρότερον
578 4842 749 4896 ἐποίει
783 4840 897 4913 τὴν’
929 4840 1202 4913 ἡμετέραν
1231 4839 1539 4911 ὀνομαστὴν
1566 4837 1720 4892 πόλιν
1756 4837 1869 4908 (15)

281 4937 431 5007 ἡμᾶς
486 4933 892 4991 ἐπιλελοὲπασιν
915 4951 930 4965 ·
987 4932 1129 4987 ὥστε
1180 4932 1290 4985 τῶν
1320 4931 1451 5004 περὶ
1483 4930 1729 4985 παιδείαν
1775 4930 1873 4984 καὶ

282 5028 475 5098 λόγους
509 5021 674 5098 ἦττον
724 5025 794 5083 ἂν
820 5025 1015 5097 φανείη
1069 5025 1166 5079 νῦν
1208 5040 1295 5089 τις
1324 5022 1578 5096 ἐμϐαλὼν
1600 5024 1667 5094 τῇ
1696 5023 1874 5094 ἀγορᾷ

283 5122 320 5194 ἢ
384 5120 643 5194 Ἀθήνησι
689 5120 955 5193 πρότερον
986 5121 1036 5174 oi
1082 5119 1307 5191 ἀτιμίαν
1337 5117 1801 5188 κατεγνωσμένοι,
1836 5115 1871 5188 ἢ

286 5217 387 5282 τὰς
405 5220 597 5289 χεῖρας
625 5214 776 5280 ὅντες
792 5214 868 5286 μὴ
887 5214 1119 5288 καθαροί
1124 5254 1139 5269 .
1181 5211 1564 5283 ’Δντεισῆκται
1585 5210 1643 5264 δὲ
1656 5207 1875 5285 ,τούτοις

359 5412 480 5483 (12)
557 5417 648 5468 Ar
677 5411 737 5467 ει
765 5430 874 5480 τις.
909 5410 1071 5467 Deest
1095 5408 1331 5483 secunda
1366 5407 1557 5483 vocula
1595 5406 1649 5483 i_n
1687 5404 1874 5483 multis

288 5475 601 5547 codicibus,
633 5483 690 5537 in
710 5475 911 5550 quibus
950 5485 1114 5538 etiam
1157 5480 1321 5550 paqu
1357 5489 1481 5550 post
1513 5478 1709 5550 legitur
1731 5475 1871 5550 δίχα.

362 5556 411 5627 (1
423 5545 595 5627 3L1}?
822 5554 897 5606 lta
912 5552 1082 5627 geist.
1108 5545 1506 5627 primus,_'_M_ed.
1517 5591 1543 5627 ,_
1558 5545 1735 5627 ψει.)
1752 5545 1877 5627 Cia:

293 5616 620 5706 roui._'Editi
657 5616 883 5706 ςδλῃ.
917 5616 1260 5694 Paulo—post
1291 5619 1424 5677 editi
1462 5619 1556 5673 καὶ
1588 5616 1751 5689 βαρύ,
1779 5632 1838 5673 se

291 5698 450 5751 deest
469 5694 789 5762 coniunctio
816 5694 872 5747 in
904 5708 1040 5762 mss.

367 5764 481 5837 (ll)
531 5757 603 5819 ΤΒ
631 5779 765 5834 τε...
816 5760 1216 5834 χαριζόμενος.
1260 5760 1335 5817 lta
1371 5757 1732 5820 vetustissimi
1764 5763 1876 5815 tres

1961 3299 2198 3370 primum
2242 3294 2459 3367 quidem
2512 3291 2770 3347 conscius
2836 3283 3156 3355 tibimetipsi
3200 3281 3343 3343 eris,
3409 3276 3549 3332 nihil

1964 3369 2111 3462 quod
2142 3389 2196 3442 in
2226 3396 2318 3440 tua
2346 3390 2617 3456 potestate
2649 3382 2815 3437 situm
2845 3389 3011 3441 esset,
3052 3391 3081 3432 a
3109 3383 3161 3430 te
3183 3373 3355 3428 fuisse
3377 3369 3548 3426 omis—

1958 3497 2116 3547 sum;
2162 3477 2360 3534 deinde
2393 3475 2610 3531 afﬂictis
2652 3473 2851 3533 etiam,
2901 3470 3020 3541 ipsa
3046 3461 3547 3523 commiserationis

1961 3575 2176 3645 Specie,
2223 3574 2358 3628 satis
2400 3582 2658 3640 magnum
2699 3563 2895 3621 afferes
2935 3559 3217 3618 solatium.
3280 3556 3389 3613 Sed
3439 3554 3551 3610 uti-

1961 3680 2088 3721 nam
2122 3662 2238 3719 iieri
2270 3668 2473 3732 posset,
2503 3668 2563 3714 ut
2588 3660 2884 3713 interesses
2909 3652 3046 3724 ipsis
3068 3654 3254 3714 rebus,
3284 3663 3351 3703 ac
3371 3647 3549 3702 oculis

1961 3760 2074 3813 tuis
2106 3756 2424 3812 maestitiam
2466 3751 2707 3807 videres.
2764 3747 2856 3804 Sic
2901 3746 3047 3801 enim
3097 3741 3238 3797 forte
3271 3754 3342 3795 ex
3364 3751 3549 3794 rerum

1962 3852 2382 3916 conspectam-ti
2440 3840 2712 3897 evidentia
2781 3842 3136 3901 commotus,
3202 3844 3391 3887 vocem
3452 3816 3551 3881 ali-

1963 3952 2128 4010 quam
2171 3942 2228 3991 et
2263 3935 2431 3989 animi
2478 3933 2559 3986 tui
2608 3928 2988 4000 magnitudine
3035 3932 3091 3981 et
3140 3921 3381 3978 civitatis
3407 3917 3552 3974 amio

1964 4028 2147 4083 ctione
2184 4025 2407 4097 dignam
2465 4023 2767 4079 emitteres.
2830 4017 2939 4073 Sed
2975 4025 3158 4072 tamen
3194 4011 3552 4069 narrantibus

1963 4117 2127 4173 nobis
2180 4115 2341 4169 ﬁdem
2389 4128 2459 4168 ne
2523 4112 2778 4182 deroges.
2844 4106 3056 4163 Revera
3095 4103 3412 4168 Simonide,
3457 4111 3553 4157 aut

1965 4211 2149 4281 aliquo
2195 4207 2362 4264 simili
2386 4213 2544 4278 poeta
2587 4204 2992 4275 indigeremus,
3035 4198 3318 4255 evidenter
3356 4193 3551 4250 scienti

1965 4303 2308 4360 calamitates
2367 4300 2570 4371 lugere.
2655 4297 2765 4352 Sed
2821 4294 2954 4365 quid
3003 4291 3128 4349 dico
3173 4286 3557 4345 Simonidem?

1969 4396 2289 4468 Eschylum
2332 4392 2515 4448 dicere
2565 4391 2831 4461 oportuit,
2890 4393 2986 4441 aut
3039 4386 3085 4443 si
3145 4383 3271 4456 quis
3316 4381 3458 4437 alius
3501 4380 3554 4436 ei

1894 4488 1941 4545 D
1970 4490 2186 4553 similis,
2227 4486 2556 4543 calamitatis
2603 4481 3036 4553 magnitudinem
3073 4477 3221 4534 clare
3251 4487 3552 4548 exponens,

1970 4594 2105 4634 voce
2135 4579 2240 4633 alta
2272 4577 2602 4631 lamentatus
2630 4582 2734 4629 est.

2044 4671 2097 4724 3.
2134 4667 2272 4724 Nam
2318 4674 2496 4722 cretus
2547 4664 2646 4728 illi,
2689 4675 3081 4732 sermonesque
3124 4665 3177 4715 et
3216 4655 3555 4714 eruditorum

1969 4762 2212 4818 virorum
2256 4760 2311 4814 in
2347 4758 2466 4814 foro
2494 4756 2791 4827 colloquia.
2842 4770 2905 4810 ac
2945 4766 3285 4825 quascunque
3344 4745 3556 4805 civitati

1972 4862 2176 4910 nostrae
2227 4861 2389 4907 antea
2439 4865 2639 4905 nomen
2685 4856 2740 4904 et
2766 4847 2967 4902 famam
3029 4848 3390 4916 pepererant,
3450 4853 3557 4895 nos

1972 4947 2286 5002 deseruere.
2348 4942 2530 5011 Quare
2573 4941 2919 4999 eruditorum
2965 4945 3022 4994 et
3050 4933 3420 5006 eloquentium
3451 4931 3558 4988 ho-

1972 5036 2184 5090 minum
2229 5034 2411 5090 rarius
2454 5048 2602 5087 nunc
2655 5033 2945 5102 quisquam
2968 5028 3034 5082 ad
3077 5025 3253 5081 forum
3296 5020 3562 5077 accedere

1972 5127 2452 5198 deprehendatur,
2504 5141 2667 5196 quam
2716 5124 2848 5178 olim
2881 5118 3112 5175 Athenis
3140 5114 3380 5171 infamiae
3414 5113 3563 5168 notis
3672 5107 3701 5129 ί

1974 5218 2168 5283 inusti,
2212 5225 2307 5271 aut
2344 5216 2601 5272 manibus
2634 5228 2743 5269 nou
2792 5212 2940 5282 puri.
3001 5205 3322 5264 lntroducta
3353 5212 3437 5260 est
3464 5218 3564 5257 aue

1977 5408 2190 5459 mss.'et
2221 5401 2393 5473 paulo
2425 5407 2550 5471 post
2580 5394 2989 5473 iide‘m‘h‘abent
3023 5388 3377 5473 ἐλλελοιπότξ.
3408 5385 3563 5473 βᾱῖι.

1978 5455 2568 5545 χαρισάμενος
2596 5476 2651 5523 et
2690 5464 3048 5545 ὲκλελοιπότι.
3088 5459 3290 5516 Ibidem

1977 5543 2133 5600 deest
2158 5529 2423 5611 innB'igot.‘
2450 5549 2504 5611 et
2538 5529 2668 5608 Reg.
2690 5538 2866 5611 primo
2882 5574 2907 5611 ,Α
2923 5548 3037 5611 nec
3048 5529 3428 5611 necessarium
3455 5532 3561 5611 est.

2049 5593 2425 5684 (Ibin-1133;}.
2461 5593 2540 5664 ita
2575 5593 2912 5684 ⁸ιιῗςὶιιῇηἱεῖἁὶιὶ
2970 5603 3158 5684 πάλαι.
3204 5599 3374 5684 li_d_em
3412 5593 3564 5684 editi

1976 5665 2542 5758 pauile'po—s'lrhabent
2571 5675 2859 5749 ιμϐάλλων
2884 5686 2937 5733 et
2966 5674 3212 5746 ἀτιμίας.
3245 5669 3379 5727 Mss.
3410 5674 3473 5723 ut
3505 5665 3564 5724 ill

1980 5764 2150 5811 ιειιιι.
