3988 6194
270 386 382 447 μ’]
1589 383 1649 439 s.
1690 379 1932 438 BASILll
1968 382 2182 441 MAGNI
3417 393 3524 450 ne

276 516 387 563 tem
422 505 620 560 borum
647 504 769 561 loco
806 503 1132 576 Scytharum
1169 500 1531 575 quorumdam
1576 510 1669 555 aut
1705 500 1843 555 Mas-

1973 503 2172 563 Ξκυθῶν
2216 526 2375 566 τινων
2405 509 2437 582 ἦ
2465 509 2844 579 Μασσαγετῶν
2871 510 3109 583 ἀμουσία
3126 526 3141 543 ο
3175 509 3273 582 μία
3297 509 3354 564 δὲ
3373 511 3525 581 φωνὴ

279 603 586 667 sagetarum
612 594 845 649 inscitia.
883 592 1003 649 Una
1033 600 1211 649 autem
1254 608 1357 648 vox
1384 599 1469 647 est
1506 598 1850 655 exactorum,

281 695 336 744 et
381 702 570 742 eorum
617 701 647 740 a
682 687 882 755 quibus
921 687 1178 756 exigitur,
1222 686 1426 756 quique
1480 681 1709 752 ﬂagellis
1751 695 1855 735 cas-

283 779 511 835 duntur.
556 776 806 834 Porticus
852 779 1110 848 utrinque
1152 776 1383 847 lugubre
1436 774 1691 847 quiddam
1733 790 1858 844 per-

284 884 568 940 sonantes,
619 874 767 929 velut
813 872 1086 943 prapriam
1142 870 1395 925 videntur
1443 883 1631 923 vocem
1674 867 1853 926 edere.

282 968 352 1023 de
393 967 478 1023 his
514 982 636 1037 quae
676 966 812 1020 fiunt
843 965 1204 1034 ingemcntes.
1260 960 1498 1017 Occlusa
1540 967 1721 1014 autem
1760 976 1858 1031 gy-

285 1060 494 1113 mnasia
526 1067 579 1113 et
614 1066 804 1115 noctes
865 1072 977 1111 non
1029 1056 1333 1112 illustratus
1372 1070 1481 1108 non
1515 1054 1646 1110 sinit
1678 1055 1860 1123 aliquo

285 1166 388 1207 nos
436 1151 491 1205 in
531 1166 762 1205 numero
808 1150 1011 1204 habere
1075 1149 1196 1218 ipsa
1240 1147 1309 1202 de
1365 1147 1479 1202 vita
1524 1146 1855 1201 sollicitudo.

286 1237 408 1294 Non
439 1239 582 1295 enim
617 1240 735 1294 leve
768 1238 1070 1308 periculum
1106 1244 1193 1292 est
1220 1275 1236 1301 ,
1270 1251 1339 1291 ne
1386 1236 1584 1290 amotis
1630 1235 1861 1305 optima-

289 1331 475 1397 tibus,
516 1331 662 1386 velut
700 1329 889 1385 fulcris
918 1328 1346 1393 con-ruentibus,
1403 1327 1567 1382 simul
1608 1333 1861 1381 evertan-

290 1431 381 1478 tur
412 1423 619 1476 omnia.
664 1422 865 1492 Ecquis
903 1431 1084 1475 autem
1127 1436 1307 1476 sermo
1353 1419 1721 1490 exprimendis
1760 1433 1861 1472 no-

288 1516 423 1571 stris
462 1514 621 1568 malis
677 1529 776 1584 par
819 1510 1035 1567 fuerit?
1082 1511 1188 1565 Alii
1243 1511 1495 1566 abierunt
1558 1510 1859 1582 fugientes,

1956 602 2351 667 ἀπαιτούντων,
2402 604 2496 657 καὶ
2544 602 2959 674 ἀπαιτουμένων
2978 641 2994 666 ,
3044 603 3138 657 καὶ
3198 601 3527 672 ξαινομένων

1956 695 2077 757 ταῖς
2111 693 2353 765 μάστιξι.
2402 693 2564 748 Στοαὶ
2601 693 2645 747 δ’
2685 692 3023 766 ἑκατέρωθεν
3066 690 3386 764 σκυθρωπὸν
3430 693 3532 744 έπ-

1956 785 2187 857 ηχοῢσαι
2214 786 2362 855 (16),
2390 780 2502 838 οἷον
2534 784 2739 838 οἰκείαν
2784 784 3032 838 δοκοῦσιν
3077 783 3295 852 ἀφιέναι
3342 783 3532 853 φωνὴν

1956 879 2069 938 τοῖς
2118 876 2424 948 γινομένοις
2476 874 2946 939 ἐπιστενάζουσαι.
3003 876 3285 947 Γυμνάσια
3342 874 3402 927 δὲ
3445 891 3535 927 κε·-

1959 967 2254 1038 κλεισμένα
2306 969 2411 1022 καὶ]
2450 971 2650 1031 νύκτας
2677 967 2950 1038 ἀλαμπεῖς
2983 967 3083 1021 οὐκ
3111 968 3344 1039 ὲᾷήμᾶς
3375 965 3531 1019 οὐδὲν

1959 1058 2267 1129 λογίζεσθαι
2315 1063 2347 1131 ἡ
2402 1060 2530 1131 περὶ
2586 1059 2680 1112 τοῦ
2717 1059 2814 1129 ζῇν
2848 1057 2957 1129 (l7)
2995 1057 3220 1127 ἀγωνία.
3268 1056 3532 1120 Κίνδυνος

1959 1151 2068 1222 γὰρ
2112 1151 2211 1220 οὐχ
2257 1153 2286 1205 ό
2333 1149 2530 1222 τυχὼν,
2581 1149 2691 1204 τῶν
2723 1148 3065 1222 κρατούντων
3104 1148 3530 1220 ὑφαιρεθέντων,

1960 1242 2147 1314 ὥσπερ
2167 1242 2453 1314 ὲρείσμασι
2472 1242 2716 1306 πεσοῦσι,
2737 1241 3227 1312 συγκατενεχθῆναι
3248 1240 3317 1294 τά
3333 1240 3530 1294 πάντα.

1961 1334 2072 1388 Καὶ
2092 1333 2174 1398 τίς
2200 1333 2267 1387 ἂν
2295 1333 2452 1401 λόγος
2475 1332 2584 1388 τῶν
2611 1333 2796 1388 κακῶν
2819 1333 3223 1405 τῶνὴμετέρων
3254 1331 3531 1401 ὲφίκοιτοξ

1964 1428 2030 1480 Oi
2069 1426 2167 1497 μὲν
2212 1426 2449 1497 οἴχονται
2474 1425 2784 1497 φεύγοντες,
2815 1425 2976 1497 μέρος
2995 1425 3096 1494 τῆς
3127 1422 3319 1493 βουλῆς
3348 1421 3532 1491 ἡμῶν,

1963 1519 2023 1571 οὐ
2052 1517 2112 1570 τὸ
2140 1517 2490 1588 φαυλότατον,
2520 1516 2618 1588 τὴν
2638 1515 2924 1586 ἀειφυγίαν
2956 1512 3219 1569 Ποδανδοῦ
3260 1513 3534 1585 προτιμή-

290 1621 420 1677 pars
483 1613 708 1660 senatus
773 1604 986 1668 nostri,
1035 1619 1145 1658 non
1177 1603 1489 1673 ignobilior,
1542 1609 1860 1673 perpetuum

1973 1628 2178 1675 σαντες.
2235 1612 2404 1665 Ὅταν
2460 1610 2519 1664 δὲ
2579 1608 2843 1663 Ποδανδὸν
2890 1608 3049 1674 εἴπω,
3086 1606 3177 1660 τὸν
3216 1604 3427 1659 Κεάδαν
3464 1619 3536 1674 με

289 1698 544 1754 exsilium
581 1695 842 1751 Podando
901 1695 1272 1767 praeferentes.
1318 1695 1453 1751 Cum
1515 1702 1697 1749 autem
1758 1691 1865 1747 Po.

1973 1702 2077 1755 οἴου
2099 1700 2275 1769 λέγειν
2306 1701 2399 1755 τὸν
2427 1699 2739 1755 Λακωνικὸν
2766 1697 2900 1771 (18),
2934 1699 2968 1770 ἢ
3024 1699 3078 1750 εί
3107 1713 3209 1749 που
3237 1694 3337 1764 τῆς
3362 1696 3540 1747 οίκου-

293 1789 533 1846 dandum
566 1789 710 1855 dico,
741 1787 972 1843 Ceadem
1005 1803 1091 1842 me
1128 1785 1455 1841 Laconicum
1487 1786 1669 1841 dicere
1711 1795 1860 1856 puta;

1973 1793 2135 1865 μένης
2160 1789 2301 1857 εἶδες
2349 1793 2620 1866 βάραθρον
2653 1792 2937 1862 αὐτοφυὲς,
2976 1790 3013 1845 ἃ
3039 1789 3103 1860 δὴ
3132 1789 3227 1844 καὶ
3246 1785 3538 1859 Χαρώνειά

291 1891 390 1936 aut
446 1882 621 1938 sicubi
659 1880 909 1936 naturale
943 1879 1260 1935 barathrum
1318 1878 1543 1945 vidisti;
1590 1892 1712 1949 quae
1746 1878 1865 1931 loca

297 1974 546 2028 nonnulli
578 1972 874 2036 Charonia,
906 1972 1128 2026 nomine
1170 1986 1268 2025 sua
1304 1978 1500 2041 sponte
1528 1968 1863 2033 occurrenli,

298 2067 683 2136 appellarunt,
739 2065 897 2135 1'70
954 2063 1240 2118 exitiosam
1301 2078 1492 2115 auram
1533 2061 1866 2119 exhalantia.

295 2154 576 2224 Ejusmodi
611 2156 734 2210 loco
778 2154 1051 2226 persimile
1087 2154 1340 2209 existima
1369 2152 1612 2207 Podandi
1641 2153 1864 2207 malum.

300 2246 378 2301 Ex
407 2248 581 2303 tribus
603 2248 766 2320 igitur
793 2248 1065 2316 partibus,
1091 2246 1186 2300 alii
1220 2261 1344 2301 cum
1379 2245 1641 2302 uxoribus
1679 2260 1745 2299 ac
1782 2243 1868 2299 fo-

298 2339 381 2395 cis
429 2337 674 2410 fugiunt,
739 2341 831 2403 alii
885 2340 1233 2394 abducuntur
1264 2347 1323 2394 ut
1360 2339 1601 2409 captivi,
1633 2339 1871 2393 maxima

198 2500 203 2507 .
301 2446 428 2499 pars
460 2432 783 2501 Optimatum
822 2432 1087 2496 civitatis,
1119 2432 1487 2487 miserandum
1519 2431 1710 2486 amicis
1747 2446 1874 2501 spe-

299 2522 595 2588 ctaculum,
622 2523 967 2607 inimicorum
1016 2530 1135 2578 vota
1168 2524 1447 2594 explentes
1479 2541 1494 2590 ;
1525 2524 1571 2578 si
1627 2523 1750 2592 quis
1793 2532 1874 2576 ta-

302 2629 425 2668 men
455 2616 679 2669 omnino
721 2615 951 2678 exstilit,
982 2615 1074 2685 qui
1121 2616 1281 2670 nobis
1330 2624 1540 2669 tantum
1592 2616 1719 2668 mali
1771 2615 1874 2668 im-

301 2714 638 2777 precaretur.
671 2705 854 2761 Tertia
881 2710 995 2775 jam
1042 2707 1235 2762 relicta
1276 2722 1404 2777 pars
1431 2714 1534 2763 est.
1587 2705 1653 2762 Hi
1691 2712 1870 2761 autem

302 2797 604 2852 amicorum
634 2812 699 2851 ac
753 2796 1103 2852 familiarium
1148 2811 1257 2850 non
1299 2795 1532 2851 ferentes
1570 2811 1870 2859 secessum,

299 2886 577 2957 simulque
630 2886 960 2942 infirmiores
1011 2901 1173 2955 quam
1224 2893 1285 2938 ut
1337 2884 1503 2939 rebus
1546 2882 1873 2939 necessariis

306 2967 649 3048 provideant,
713 2978 879 3031 vitam
926 2970 1101 3047 ipsam
1154 2976 1408 3032 oderunt.
1441 2974 1565 3030 Haec
1595 2975 1875 3029 hortamur

307 3078 370 3123 ut
422 3078 552 3123 nota
611 3069 869 3124 omnibus
914 3068 1104 3129 facias.
1161 3076 1253 3122 tua
1284 3069 1459 3138 ipsius
1487 3084 1616 3123 voce
1641 3083 1703 3121 ac
1727 3067 1873 3137 justa

1964 1902 2075 1940 τισι
2103 1884 2530 1957 προσαγορεύειν
2574 1882 2895 1954 αὐτομάτως
2934 1880 3186 1953 ἐπῆλθεν,
3216 1878 3354 1950 ἀέρα
3380 1894 3538 1931 νοσο-

1965 1977 2116 2030 ποιὸν
2147 1976 2257 2047 (19)
2293 1976 2645 2030 ἀναπνέοντα.
2691 1974 2931 2045 Τοιούτῳ
2963 1972 3070 2027 τινὶ
3112 1971 3287 2035 ἐοικὸς
3316 1970 3539 2039 νόμισον

1964 2070 2060 2123 καὶ
2088 2068 2148 2122 τὸ
2180 2066 2447 2122 Ποδανδοῦ
2478 2067 2665 2121 κακόν.
2695 2067 2874 2140 Τριῶν
2897 2065 3076 2120 τοίνυν
3108 2065 3331 2137 μοιρῶν,
3361 2065 3411 2116 οἱ
3436 2062 3538 2133 μὲν

1965 2160 2254 2231 φεύγουσιν
2285 2161 2472 2224 αὐταῖς
2496 2158 2706 2230 γυναιξὶ
2736 2158 2830 2212 καὶ
2869 2157 3072 2221 ἑστίαις
3099 2154 3536 2217 ἀπαναστάντες·

1965 2257 2015 2309 οἱ
2047 2255 2104 2307 δὲ
2127 2255 2429 2324 ἀπάγονται
2472 2253 2663 2325 ὥσπερ
2698 2251 3054 2324 αἰχμάλωτοι,
3087 2249 3402 2304 οἱπλεῖστοι
3427 2247 3540 2303 τῶν

1967 2347 2025 2399 ὲν
2045 2349 2110 2417 τῇ
2152 2346 2304 2402 πόλει
2355 2345 2587 2417 ἄριστοι,
2632 2344 2862 2399 ἐλεεινὸν
2897 2343 3069 2413 φίλοις
3101 2341 3301 2413 θέαμα,
3327 2340 3541 2412 ἐχθροῖς

1966 2436 2024 2490 δὲ
2043 2437 2205 2508 εὐχὴν
2226 2435 2626 2508 ἐκπληροῦντες
2644 2452 2658 2466 ·
2688 2436 2737 2487 εί
2762 2434 2823 2506 δή
2849 2451 2933 2498 τις
2958 2433 3179 2501 γέγονεν
3200 2432 3337 2494 ὅλως
3351 2428 3542 2484 τοσοῦ-

1967 2546 2057 2582 τον
2104 2531 2236 2599 ἡμῖν
2276 2528 2712 2599 ἐπαρασάμενος.
2750 2526 2988 2597 Τριτάτη
3020 2524 3076 2577 δέ
3117 2542 3218 2577 που
3256 2526 3417 2595 μοῖρα
3447 2521 3540 2575 λέ-

1968 2618 2204 2672 λειπται.
2240 2610 2398 2675 Οὗτοι
2427 2617 2504 2683 δὲ,
2532 2619 2630 2689 τήν
2647 2634 2706 2670 τε
2732 2615 3014 2685 ἀπόλειψιν
3035 2614 3141 2669 τῶν
3165 2614 3406 2687 συνήθων
3428 2612 3540 2684 (Ξο)

1969 2712 2031 2764 οὐ
2060 2712 2336 2783 φέροντες,
2370 2710 2465 2765 καὶ
2492 2710 2607 2782 ἀμα
2631 2710 2729 2781 τῆς
2761 2708 2948 2780 χρείας
2974 2708 3292 2779 ἀτονώτεροι
3312 2700 3545 2774 ἀπελεγ-

1972 2802 2212 2874 χόμενοι,
2269 2801 2407 2874 πρὸς
2456 2802 2587 2855 αὐτὸ
2624 2800 2684 2854 τὸ
2715 2801 2813 2870 ζῇν
2862 2799 3215 2870 ἀπειρήκασιέ
3261 2796 3447 2852 Ταῦτά
3481 2813 3544 2851 σε

1972 2890 2183 2962 φανερά
2213 2890 2436 2961 ποιῆσαι
2458 2892 2591 2945 πᾶσι
2609 2887 3029 2962 παρακαλοῦμεν
3050 2890 3118 2958 τῇ
3145 2886 3368 2947 σεαυτοῦ
3392 2888 3543 2959 φωνῇ

1975 2984 2068 3038 καὶ
2095 2985 2162 3054 τῇ
2205 2981 2430 3035 σεαυτοῦ
2481 2980 2764 3053 παρρησίᾳ
2809 2982 2876 3051 τῇ
2927 2976 3131 3048 δικαία,
3159 2975 3399 3047 ἡνέχεις
3436 2975 3546 3030 ἀπὸ

1972 3073 2066 3128 τοῦ
2112 3073 2261 3144 βίου·
2313 3075 2490 3127 έκεῖνο
2544 3071 2729 3141 σαφῶς
2787 3069 3138 3142 προειπόντα,
3196 3068 3298 3133 ὅτι,
3330 3067 3425 3121 ὲάν
3468 3066 3546 3139 μὴ

304 3161 520 3218 dicendi
571 3161 844 3225 libertate,
893 3177 1054 3232 quam
1085 3161 1182 3214 tibi
1232 3161 1342 3213 vita
1392 3161 1688 3224 conciliat;
1728 3160 1874 3215 clare

1977 3166 2113 3235 ταχὺ
2142 3163 2697 3236 μεταϐουλεύσωνται,
2719 3161 2825 3215 οὐδ’
2847 3160 3057 3226 ἕξουσιν
3081 3162 3160 3223 εἰς
3189 3158 3281 3222 οὒς
3302 3159 3399 3229 τὴν
3422 3159 3547 3228 φιλ-

306 3253 438 3309 illud
483 3255 808 3324 praedicens,
838 3254 946 3309 nisi
996 3255 1106 3308 cito
1141 3253 1429 3309 consilium
1455 3259 1663 3306 mutent
1694 3291 1710 3316 ,
1765 3268 1871 3305 non

303 3341 593 3399 habituros
622 3344 676 3398 in
720 3344 920 3415 quibus
982 3345 1374 3399 humanitatem
1422 3343 1732 3399 ostendant.
1779 3341 1875 3398 Vel

305 3436 452 3491 enim
503 3437 709 3507 aliquid
762 3438 950 3492 auxilii
1000 3439 1213 3493 laturus
1262 3453 1323 3493 es
1359 3437 1746 3492 communibus
1785 3451 1873 3490 rc-

308 3532 431 3595 bus,
488 3532 575 3586 vel
630 3532 820 3607 saltem
856 3531 995 3587 idem
1036 3532 1303 3595 facturus,
1339 3531 1483 3601 quod
1519 3529 1705 3594 Solon,
1759 3530 1875 3601 qui,

307 3638 431 3677 cum
490 3622 638 3678 cives
687 3623 977 3677 derelictos
1013 3622 1305 3679 defendere
1340 3638 1448 3677 non
1492 3630 1717 3686 posset,
1751 3638 1878 3678 arce

304 3712 417 3780 jam
479 3721 782 3782 occupata,
840 3722 1085 3767 armatus
1125 3719 1252 3768 ante
1297 3712 1440 3767 fores
1478 3712 1722 3776 sedebat,
1772 3712 1880 3768 hoc

309 3803 431 3872 ipso
455 3804 642 3859 habitu
681 3803 990 3868 declarans,
1033 3821 1093 3861 se
1125 3805 1212 3859 liis
1262 3821 1384 3875 quae
1418 3805 1618 3861 fiebant
1646 3820 1752 3860 non
1791 3821 1880 3860 as-

309 3896 524 3951 sentiri.
588 3894 707 3967 Hoc
735 3904 914 3952 autem
959 3912 1059 3967 pro
1096 3908 1246 3951 certo
1315 3899 1450 3962 scio,
1487 3899 1650 3951 etiam
1680 3896 1725 3953 si
1753 3899 1881 3967 quis

310 3999 459 4041 nunc
511 3987 839 4042 sententiam
885 3994 1035 4041 tuam
1113 4003 1223 4042 non
1270 3988 1480 4059 probet,
1542 3988 1704 4059 paulo
1760 3993 1881 4058 post

386 4226 496 4302 (f6)
521 4227 937 4302 "Ennxpﬁoat.
970 4228 1127 4302 Mcd._
1172 4230 1499 4302 ἀπηχοῦσαι.
1549 4229 1718 4285 Paulo
1757 4239 1882 4300 post

312 4296 443 4369 editi
475 4296 669 4369 vigit-cs;
696 4296 989 4367 ἀλαμπεῖς.
1029 4296 1456 4369 ριιίιιᾳιιιέ”ιιιεε.
1492 4309 1552 4355 ut
1608 4302 1661 4353 in
1708 4296 1877 4356 textu.

316 4368 487 4422 Erant
523 4367 605 4421 hae
647 4376 928 4422 nocturna:
957 4367 1207 4425 lucernae
1225 4372 1364 4425 inter
1395 4380 1715 4426 ornamenta
1747 4373 1881 4425 civi—

317 4446 523 4507 latum,
565 4438 659 4493 sed
710 4439 766 4492 in
825 4439 973 4492 luctu
1016 4440 1234 4507 publico
1285 4441 1564 4496 intermitti
1611 4442 1877 4498 solebant.

1978 3256 2295 3327 ανθρωπίαν
2323 3254 2644 3320 ὲνδείξονται
2676 3253 2809 3323 (21).
2852 3253 2922 3305 Ἣ
2948 3251 3057 3323 γὰρ
3086 3251 3292 3323 γενήσῃ
3321 3266 3374 3305 τι
3413 3250 3546 3318 ὄφε-

1974 3349 2064 3411 λος
2095 3350 2206 3411 τοῖς
2223 3347 2503 3418 κοινοῖςωῆ
2534 3346 2594 3399 τό
2622 3361 2685 3414 γε
2701 3343 2793 3398 τοῦ
2822 3343 3060 3406 Σόλωνος
3082 3338 3397 3411 πεποιηκὼς
3422 3336 3543 3408 ἔσῃ,

1975 3440 2036 3504 ὃς
2058 3442 2169 3502 τοῖς
2201 3437 2572 3506 ἀπολειφθεῖσι
2609 3436 2717 3489 τῶν
2750 3435 2981 3489 πολιτῶν
3026 3432 3254 3504 ἀμύνειν
3298 3429 3410 3503 (22)
3443 3428 3546 3481 οὐκ

1978 3532 2137 3604 ἔχων,
2184 3531 2287 3600 τῆς
2331 3529 2676 3602 ἀκροπόλεως
2719 3528 2817 3599 ἤδη
2863 3524 3254 3596 κατεχομένης,
3293 3521 3361 3575 τὰ
3405 3520 3544 3574 ὅπλα

1978 3625 2130 3683 ἐνδὺς
2152 3622 2256 3695 πρὸ
2284 3622 2390 3676 τῶν
2421 3621 2597 3694 θυρῶν
2642 3619 2752 3691 (25)
2780 3618 3086 3682 ἐκαθέζετο,
3113 3615 3331 3687 εὔδηλος
3367 3614 3441 3666 ὣν
3465 3611 3546 3683 τῷ

1980 3717 2237 3786 σχήματι,
2291 3717 2405 3777 τοῖς
2456 3712 2760 3783 γινομένοις
2789 3710 2850 3762 οὐ
2892 3707 3288 3777 συντιθέμενος,
3342 3706 3549 3758 Ἐκεῖνο

1977 3805 2022 3859 δ’
2057 3804 2299 3876 ἀκριϐῶς
2329 3800 2463 3867 οῖδα,
2492 3803 2594 3864 ὅτι,
2640 3801 2736 3855 καὶ
2761 3800 2815 3852 εἴ
2841 3798 2925 3862 τίς
2951 3815 3044 3852 σου
3070 3797 3165 3854 νῦν
3206 3798 3303 3869 τὴν
3323 3795 3549 3866 γνώμην

1984 3896 2059 3967 μὴ
2107 3896 2439 3967 ἀποδέχοιτο,
2477 3891 2672 3964 μικρὸν
2711 3888 2933 3964 ὕστερόν
2968 3908 3050 3944 σοι
3085 3889 3194 3960 (24)
3234 3887 3443 3950 εὐνοίας
3486 3902 3548 3938 τε

1983 3988 2119 4059 ὁμοῦ
2156 3990 2249 4042 καὶ
2292 3986 2561 4050 συνέσεως
2601 3986 2699 4057 τὴν
2729 3985 2991 4056 μεγίστην
3031 3980 3186 4046 δόξαν
3227 3980 3547 4052 προσθήσει,

2056 4229 2177 4301 (21)Δ
2202 4226 2640 4301 ίῈνδείξονιι-αι.
2666 4225 2757 4301 _l_ta
2789 4236 2903 4301 tres
2923 4223 3291 4301 vetustissimi
3328 4221 3546 4301 codices

1989 4292 2113 4355 cum
2149 4292 2365 4354 dﬁobus
2407 4297 2571 4351 aliis:
2616 4297 2744 4351 editi
2793 4294 3155 4359 ὲνδείξωνται.
3213 4292 3379 4346 Paulo
3421 4299 3547 4362 post

1989 4374 2231 4441 quinque
2250 4368 2490 4431 codices,
2520 4368 2615 4423 sed
2643 4382 2752 4420 non
2781 4364 3171 4436 antiquissimi,
3199 4363 3270 4416 Ἦ
3294 4363 3402 4435 γὰρ
3425 4362 3546 4431 exs.

1980 4457 2094 4499 νου.
2838 4458 2841 4463 ’

319 4506 765 4580 UndeLibanius
795 4508 848 4562 in
871 4500 1037 4580 pOrat'.
1070 4509 1137 4563 ad
1158 4509 1528 4566 Antiochenos
1557 4511 1624 4566 de
1654 4513 1874 4580 Impera-

2030 4510 2034 4513 Α
2058 4509 2171 4580 (22)
2221 4509 2504 4580 Ἀμύνων,
2536 4505 2757 4580 Addunt
2781 4504 2912 4580 editi
3077 4502 3405 4580 ἐλευθερίας.
3429 4500 3547 4558 Duo

320 4577 458 4632 toris
487 4578 586 4640 ira,
610 4578 800 4651 suadet
836 4579 1068 4641 civibus,
1103 4589 1164 4634 ut
1195 4581 1292 4651 lias
1326 4581 1574 4651 lucernas
1618 4577 1884 4651 tantisper

322 4657 614 4717 seponam,
646 4648 728 4703 vel
750 4652 988 4703 rariores
1017 4649 1338 4707 accendant.
1366 4649 1499 4707 Vide
1521 4648 1888 4717 Ammianum,

324 4719 424 4800 lib.
459 4734 570 4783 xiv,
592 4733 644 4772 c.
673 4720 721 4783 l,
741 4726 797 4773 et
825 4728 1011 4773 notam
1044 4717 1268 4786 Valesii,
1298 4736 1366 4775 ex
1398 4736 1506 4791 qua
1541 4722 1653 4776 haec
1685 4724 1892 4779 deliba-

320 4803 518 4844 γιιηιιε.

391 4856 670 4928 (17)’Περὶ
697 4855 803 4928 τοῦ
830 4856 956 4926 ζῇν.
987 4858 1065 4913 Ita
1096 4856 1260 4925 Med.,
1299 4858 1602 4926 Harl.,Vat.
1636 4869 1691 4915 et
1720 4862 1887 4918 Coisl.

320 4927 629 5001 seCundus;
684 4927 834 5001 editi
869 4929 1006 5001 περ)Δ
1044 4930 1106 4983 τὸ
1131 4930 1257 5001 ζῇν,
1293 4929 1496 4987 Ibidem
1545 4931 1697 4986 οὐδέν
1739 4933 1894 4990 deest

321 4995 786 5069 ειιιιελογίζεσθαι
821 4997 877 5053 in
909 4995 1096 5053 eodem
1126 4995 1300 5069 Bigot.

395 5067 506 5144 (18)
544 5066 847 5144 Κεάδανί..
890 5066 1393 5144 Λακ-ωνικόὶιηβίο
1431 5072 1730 5144 vocabatur
1749 5074 1893 5144 apud

323 5136 763 5212 Lacedaemonios
785 5137 1120 5212 horrendum
1149 5141 1278 5212 illud
1300 5143 1637 5204 barathrum,
1663 5145 1715 5196 in
1747 5136 1889 5212 quod

325 5207 693 5281 maximorum
718 5208 1019 5281 criminum
1038 5226 1167 5281 reos
1196 5210 1435 5281 dejicere
1460 5213 1727 5279 solebant,
1758 5207 1893 5270 teste

323 5277 617 5350 Pausania,
641 5278 735 5332 lib.
759 5294 850 5350 iv,
867 5295 924 5350 p.
952 5279 1079 5350 $50.

393 5346 504 5427 (f9)
550 5346 909 5427 yoaozqtdé:
948 5348 1041 5427 ita
1083 5358 1199 5427 tEes
1211 5351 1591 5427 vetustissimi
1627 5353 1844 5427 codices
1876 5373 1889 5408 :

325 5416 457 5489 editi
506 5416 846 5489 φθοροποιόν.
876 5417 1054 5474 Julius
1108 5420 1298 5477 Pollux
1357 5430 1411 5478 et
1462 5422 1658 5479 Suidas
1697 5425 1895 5479 docent

326 5486 659 5567 tJharoniain
694 5497 939 5543 vocatam
976 5488 1147 5567 fuisse
1197 5492 1617 5567 Atbenis_unam
1655 5495 1895 5551 carceris

322 5561 547 5626 ⁸(ιιιιιιιιιιι
565 5595 583 5619 ,
608 5571 720 5626 iper
740 5573 904 5626 quam
929 5561 1006 5615 rei
1050 5564 1117 5615 ad
1148 5570 1376 5618 mortem
1409 5563 1771 5619 ducebantur.

303 5624 331 5664 Ι
401 5624 531 5705 (20).
553 5624 677 5705 Τῶλν
705 5624 1006 5705 qur-Mair.
1035 5628 1174 5705 Med.
1199 5632 1306 5685 τῶν
1336 5633 1620 5705 συνοίκων,
1643 5643 1702 5688 et-
1734 5635 1896 5705 paulo

304 5703 464 5775 :post
498 5695 1039 5775 ἀποῆουλεύσωνται.
1097 5699 1396 5773 Utrumque
1444 5695 1761 5762 Harlzcanus
1815 5707 1893 5761 sic

303 5768 309 5785 ’
329 5766 540 5827 videtur
563 5765 837 5823 habuisse.

1994 4573 2128 4636 mss.
2154 4573 2224 4650 τῇ
2258 4573 2554 4650 ἐλευθερίᾳ,
2593 4577 2688 4650 sed
2724 4576 2838 4650 ιιξο
2867 4576 2922 4629 in
2953 4573 3076 4650 aliis
3097 4573 3310 4650 desunt.

2065 4651 2176 4721 (‘25)
2199 4642 2325 4721 ’Πρρ
2363 4642 2482 4721 τῷὺ
2513 4642 2729 4721 Ὁυρῷν.
2765 4645 2901 4721 Tres
2932 4644 3304 4721 antiquissimi
3326 4642 3546 4721 codices

1993 4713 2193 4775 habent
2232 4713 2339 4790 πρὸ
2372 4719 2479 4772 τῶν
2521 4713 2897 4790 πυλῶνηιιιιοιί
2928 4713 3151 4790 ουιηίιίθ
3188 4713 3547 4790 urbisportis

1994 4781 2563 4861 intelligatur,_minus
2592 4788 2718 4861 linic
2741 4781 2861 4840 loco
2879 4785 3155 4861 convenit.
3190 4782 3246 4861 Id
3279 4781 3423 4861 enim
3444 4781 3549 4836 So-

1996 4853 2200 4915 lonem'
2216 4875 2314 4929 pro
2350 4859 2563 4914 foribus
2593 4857 2792 4929 domus
2819 4870 2932 4929 suae
2969 4854 3168 4909 fecisse
3191 4853 3458 4929 discimus
3478 4867 3549 4906 ex

1992 4917 2285 4986 Plutarciio
2304 4968 2318 4991 ,
2351 4929 2444 4999 qui
2475 4942 2587 4983 rem
2618 4927 2780 4999 paulo
2804 4927 2963 4980 aliter
2986 4930 3176 4999 narrat
3203 4917 3548 4999 ac_l_3asi|i_us.

1919 5005 1930 5019 '
1992 5003 2047 5056 in
2083 5002 2243 5064 libro,
2290 4992 2510 5054 An'sem'
2541 4992 2769 5069 gerendo
2805 4999 2876 5069 sit
2904 4995 3218 5063 respublica.
3238 4992 3342 5069 _Ait
3380 4994 3549 5052 enim,

1993 5073 2087 5127 ubi
2125 5072 2525 5141 deprehensum
2541 5064 2670 5123 'fnit
2709 5066 3080 5141 Pisistratum,
3111 5064 3341 5141 gratiam
3378 5075 3551 5140 pepu-

1992 5143 2159 5197 larein
2197 5133 2492 5211 captandq,
2530 5136 2870 5211 tyrannidem
2904 5135 3082 5190 moliri
3111 5133 3132 5188 ε’
3159 5133 3378 5211 nemine
3412 5133 3553 5211 resi-

1995 5222 2140 5268 stere
2168 5204 2422 5275 audente,
2448 5204 2701 5264 Solonem
2728 5223 2825 5263 sua
2856 5221 3009 5259 arma
3034 5204 3318 5275 extulisse,
3339 5208 3549 5275 etante

1992 5285 2214 5338 domum
2247 5270 2618 5351 proposuisse,
2663 5278 2821 5340 αὐτὸς
2846 5274 3273 5351 ἐξενεγκάμενος
3297 5270 3548 5351 τά-ὂπλα,

1993 5355 2086 5425 καὶ
2108 5353 2214 5425 πρὸ
2232 5343 2331 5421 τῆς
2351 5343 2529 5416 οἰκίας
2552 5343 2892 5425 θέμενοςκιιο
2914 5343 3061 5400 cives
3075 5343 3151 5425 ad
3177 5343 3550 5425 defensionem

1993 5411 2272 5478 hortatum
2290 5411 2426 5478 'esse
2452 5441 2465 5477 :
2490 5411 2725 5489 euntque
2755 5417 2823 5470 ad
2853 5430 2978 5489 eum
3015 5414 3260 5489 misisset
3295 5411 3549 5489 Pisistra-

1994 5506 2103 5557 tus,
2135 5494 2227 5564 qui
2254 5501 2514 5564 rogarent
2561 5482 2796 5559 quanam
2847 5502 2905 5564 re
2951 5485 3124 5564 fretus
3167 5484 3283 5538 haec
3327 5482 3548 5543 faceret,

1994 5555 2116 5620 eum
2151 5555 2520 5633 respondisse,
2553 5555 2833 5633 scnectute
2861 5555 3061 5633 fretum
3091 5569 3151 5608 se
3173 5568 3317 5633 esse.

2066 5633 2178 5704 (‘24)
2211 5620 2516 5704 Ὕστερόῇ
2539 5646 2662 5704 σοι.
2690 5626 2900 5704 _[_)ee_ra‘t
2929 5638 3230 5704 p_r_on_omcn
3275 5623 3331 5677 in
3363 5620 3546 5683 editis.

1997 5693 2241 5759 additum
2282 5719 2345 5758 ex
2380 5693 2658 5758 Iodicibus
2690 5696 2838 5751 Harl.
2872 5693 3099 5750 etMed.
