3988 6194
331 355 428 416 εει
1673 351 1730 406 S.
1771 347 2019 404 BASlLll
2058 345 2279 402 MAGNI
3484 338 3593 392 ιοει

330 491 439 548 que
467 475 761 546 plurimum
793 475 847 530 in
878 475 1046 531 rebus
1072 477 1320 546 potestis.
1348 475 1456 530 Sed
1481 475 1609 545 qula
1642 481 1697 530 et
1723 488 1918 543 corpo-

2035 472 2223 532 ιοιποίς
2268 469 2383 521 ὅσοι
2418 465 2512 518 ἐπὶ
2545 462 2810 534 μεγίστης
2841 459 2963 513 test
2998 457 3279 548 δυνάμεως
3305 454 3416 548 τῶν
3447 471 3600 548 πραῗ

331 568 412 622 ris
442 566 656 621 infirma
683 565 954 628 valetudo,
980 574 1035 621 et
1083 565 1453 622 Ecclesiarum
1489 580 1576 621 me
1617 580 1750 619 cura
1779 565 1919 618 deti-

341 666 457 720 net,
505 659 724 713 interim
782 675 877 728 per
920 660 1204 729 epistolam
1259 659 1545 713 lamentari
1585 658 1727 729 apud
1771 666 1919 710 tuam

334 750 763 820 magnitudinem
806 751 1096 818 lestinavi;
1129 751 1419 805 declarans
1465 765 1569 804 nec
1610 748 1920 803 naviculam

336 840 394 894 in
430 841 568 894 mari
603 842 1016 897 vehementibus
1057 843 1234 896 ventis
1268 843 1581 896 immersam
1617 841 1693 894 ita
1721 840 1920 894 veloci-

338 942 425 988 ter
452 948 515 986 εχ
551 934 726 987 oculis
765 948 1006 1002 unquam
1041 935 1365 998 evanuisse,
1411 947 1587 1001 neque
1617 931 1805 985 urbem
1839 931 1924 984 ul-

336 1024 446 1077 lam
483 1032 643 1078 terra:
676 1024 914 1080 motibus
940 1039 1226 1079 excussam
1257 1031 1351 1077 aut
1381 1024 1536 1093 aquis
1583 1023 1922 1078 submersam

339 1115 414 1168 ita
444 1115 624 1169 subito
647 1116 896 1184 periisse,
925 1128 982 1170 ut
1007 1117 1200 1171 civitas
1225 1126 1414 1171 nostra
1448 1117 1550 1170 hac
1573 1132 1712 1170 nova
1741 1131 1922 1172 rerum

291 1203 302 1214 ’
338 1206 815 1262 administratione
847 1207 1103 1276 absorpta
1147 1209 1202 1261 in
1240 1208 1468 1263 exitium
1509 1207 1756 1263 funditus
1791 1208 1925 1262 inci-

338 1295 438 1350 dit.
473 1296 654 1366 Atque
684 1298 818 1352 adeo
862 1305 1049 1352 nostra
1080 1298 1134 1351 in
1172 1297 1410 1352 fabulam
1452 1314 1689 1354 cessere.
1729 1299 1923 1353 Actum

339 1393 424 1440 est
452 1386 595 1439 enim
644 1387 712 1440 de
756 1387 997 1442 civitatis
1035 1387 1269 1454 ordine;
1313 1389 1492 1444 omnis
1539 1398 1717 1443 autem
1749 1389 1925 1444 civilis

341 1485 520 1531 coetus
549 1476 619 1530 ob
648 1492 732 1543 ea,
761 1494 883 1546 qua:
913 1479 1324 1548 magistratibus
1359 1479 1675 1534 acciderunt
1698 1519 1712 1539 .
1745 1480 1926 1533 animo

342 1570 660 1632 concidens.
690 1571 918 1624 urbanis
950 1571 1162 1625 aedibus
1207 1571 1463 1634 desertis,
1515 1585 1610 1638 per
1665 1584 1824 1640 agros
1872 1576 1926 1624 et

345 1675 475 1713 rura
505 1661 812 1731 d'ivagatur.
861 1658 978 1713 Jam
1023 1659 1220 1714 defecit
1261 1675 1442 1714 rerum
1492 1660 1926 1714 necessariarum

346 1753 642 1807 tractatio:
677 1767 740 1808 ac
773 1753 999 1806 omnino
1040 1753 1413 1822 spectaculum
1449 1750 1810 1805 fmdissimnm
1844 1748 1927 1803 fa-

2021 559 2246 629 γμὰτων
2268 575 2281 588 ·
2316 554 2504 624 ἐπειδὴ
2527 553 2582 605 δὲ
2615 553 2648 622 ἦ
2675 567 2737 604 τε
2761 549 2856 603 τοῦ
2887 548 3138 619 σώματος
3166 545 3471 617 ἀρρωστία,
3501 544 3602 598 καὶ

2022 652 2055 722 ή
2087 651 2196 704 τῶν
2229 646 2564 715 Ἐκκλησιῶν
2613 643 2896 714 ἐπιμέλεια
2926 641 3148 710 κατέχει
3181 657 3246 712 με
3273 679 3286 702 ,
3335 639 3476 702 τέως
3507 637 3602 693 διὰ

2021 742 2348 812 γράμματος
2377 733 2752 804 ἀποδύρασθαι
2791 733 2928 805 πρὸς
2961 731 3058 803 τὴν
3091 731 3190 802 σὴν
3242 729 3604 800 μεγαλόνοιαν

2021 832 2314 903 ὲπείχθηνο
2359 829 2668 901 γνωρίζων,
2717 827 2799 880 ὅτι
2855 823 2979 877 οὔτε
3023 824 3230 892 σκάφος
3284 825 3341 877 ὲν
3371 822 3606 890 πελάγει

2023 924 2296 994 πνεύμασι
2325 921 2519 992 βιαίοις
2545 916 2981 974 καταϐαπτισθὲν
3009 914 3184 978 οὕτως
3214 913 3426 986 ἀθρόως
3455 915 3605 983 ἠφα-

2023 1014 2180 1085 νίσθη
2213 1013 2364 1078 ποτὲ,
2393 1012 2460 1088 οὐ¹
2482 1012 2726 1081 σεισμοῖς
2761 1007 3076 1078 ἐκτριϐεῖσα
3095 1007 3270 1070 πόλις,
3294 1008 3391 1078 οὐχ
3413 1005 3606 1059 ὕδασιν

2025 1106 2412 1159 ἐπικλυσθεῖσα
2455 1107 2535 1167 εἰς
2576 1101 2768 1175 ἁθρόον
2800 1099 2934 1171 (52)
2979 1099 3285 1170 ἀφανισμὸν
3323 1098 3608 1170 ἐχώρησεν

2024 1197 2216 1262 οὕτως,
2248 1196 2322 1260 ὼς
2353 1197 2384 1267 ἡ
2418 1193 2663 1266 ἡμετέρα
2701 1195 2765 1264 τῇ
2801 1194 2960 1263 καινῇ
2999 1191 3173 1262 ταύτῃ
3204 1190 3312 1242 τῶν
3338 1189 3602 1261 πραγμά-

2024 1305 2131 1341 των
2175 1287 2457 1357 οἰκονομίᾳ.
2493 1283 2863 1338 καταποθεῖσα
2917 1284 2996 1346 είς
3031 1281 3305 1336 ἀπώλειαν
3352 1281 3607 1352 ἐχώρησε

2026 1377 2282 1449 παντελῆ.
2310 1378 2420 1431 Καὶ
2456 1375 2622 1446 μῦθος
2656 1375 2848 1444 γέγονε
2881 1373 2950 1426 τὰ
2972 1373 3235 1445 ἡμέτερα.
3257 1374 3477 1442 Οῖχεται
3501 1372 3608 1441 μὲν

2026 1469 2135 1542 γὰρ
2183 1470 2244 1522 τὸ
2303 1468 2623 1538 πολίτευμα·
2668 1467 2778 1537 ('55)
2827 1468 2936 1521 πᾶν
2965 1463 3022 1520 δὲ
3071 1465 3132 1519 τὸ
3175 1465 3448 1519 πολιτικὸν
3489 1463 3605 1534 (3d)

2030 1563 2337 1632 σύνταγμα,
2377 1563 2441 1632 τῇ
2487 1560 2614 1631 περὶ
2651 1560 2779 1622 τοὺς
2811 1555 3146 1628 κρατοῦντας
3190 1557 3400 1627 ἀθυμίᾳ
3435 1572 3608 1610 κατα-

2026 1655 2181 1709 λιπὸν
2209 1657 2307 1727 τὴν
2364 1656 2421 1707 ἐν
2473 1657 2539 1726 τῇ
2576 1654 2729 1706 πόλει
2772 1653 3006 1724 οἴκησιν,
3034 1651 3122 1704 διὰ
3172 1651 3274 1722 τῆς
3315 1649 3608 1721 ἀγροικίας

2029 1748 2316 1802 πλανᾶται.
2381 1747 2490 1816 (55)
2555 1745 2891 1799 Ἐπιλέλοιπε
2935 1743 2992 1797 δὲ
3041 1742 3225 1796 λοιπὸν
3263 1742 3358 1795 καὶ
3407 1744 3440 1813 ή
3493 1739 3608 1793 τῶν

344 1850 433 1896 cta
463 1851 565 1904 est.
598 1860 717 1914 qua:
749 1844 900 1912 prius
944 1821 1078 1897 tum,
1101 1843 1167 1897 de
1218 1834 1472 1914 liIteratis
1521 1839 1674 1906 viris,
1705 1852 1818 1894 tum
1857 1841 1925 1895 de

2035 1839 2340 1907 ἀναγκαίων
2378 1839 2635 1901 διάθεσις,
2666 1841 2760 1890 καὶ
2785 1836 2924 1901 ὅλως
2953 1836 3263 1908 ἀωρότατον
3294 1835 3472 1905 θέαμα
3506 1849 3608 1902 γε·

346 1935 573 2003 reliquis
628 1935 810 1996 bonis,
861 1933 1060 2003 quibus
1110 1933 1381 2002 opulentae
1409 1931 1572 1986 urbes
1621 1931 1922 1995 abundant,

345 2025 703 2096 gloriabatur.
753 2025 932 2081 Unum
984 2032 1166 2078 autem
1225 2023 1503 2089 duximus,
1545 2032 1603 2078 ut
1645 2026 1702 2078 in
1751 2026 1928 2089 malis,

348 2116 625 2176 solatium.
659 2118 1000 2172 calamitates
1050 2123 1270 2171 nostras
1325 2115 1466 2186 apud
1501 2123 1648 2170 tuam
1694 2117 1932 2171 clemen-

346 2207 478 2262 tiam
512 2208 732 2276 deﬂere,
764 2224 828 2263 ac
870 2209 1190 2272 obsecrare,
1245 2209 1290 2262 si
1326 2207 1457 2278 quid
1491 2218 1665 2278 potes,
1703 2217 1761 2262 ut
1794 2209 1931 2262 civi-

346 2298 445 2353 tati
479 2299 532 2354 in
561 2314 735 2371 genua
776 2301 1077 2370 provoluta:
1116 2301 1365 2370 porrigas
1417 2315 1656 2353 manum.
1715 2300 1930 2354 Modum

347 2405 483 2447 vero.
509 2407 616 2461 quo
646 2392 810 2446 rebus
851 2400 1156 2462 Opportune
1183 2391 1500 2454 subvenias,
1533 2391 1783 2462 equidem
1817 2393 1933 2462 ipse

348 2480 594 2537 indicare
619 2499 727 2538 non
766 2498 1013 2552 possum.
1051 2480 1158 2536 Sed
1198 2482 1296 2536 tibi
1331 2483 1556 2535 omnino
1595 2490 1648 2536 et
1689 2483 1932 2539 invenire

348 2574 421 2628 ob
445 2575 786 2643 prudentiam
820 2573 1015 2637 facile,
1043 2581 1098 2628 et
1136 2575 1216 2628 uti
1248 2574 1482 2630 inventis
1521 2574 1592 2630 ob
1622 2574 1803 2629 datam
1835 2575 1931 2628 tibl

350 2679 381 2718 ι
411 2664 523 2722 Deo
550 2674 875 2736 potestatem
909 2681 1022 2722 non
1052 2665 1290 2722 diﬁicile.

701 2993 858 3064 172
894 2991 1236 3048 EPISTOLA
1273 2991 1550 3048 LXXVII'.

2030 1929 2254 2001 γένηται
2297 1931 2328 1999 ἡ
2381 1929 2646 2000 πρότερον
2681 1926 2908 1998 ἀνδράσι
2953 1944 3012 1980 τε
3050 1926 3254 1995 λογίοις
3302 1924 3610 1993 ὲπαγαλλο-

2036 2021 2169 2092 μένη
2205 2021 2298 2074 καὶ
2331 2024 2441 2083 τοῖς
2484 2019 2708 2085 λοιποῖς,
2746 2013 2826 2083 οἷς
2855 2018 3204 2088 εὐθηνοῦνται
3237 2016 3418 2080 πόλεις
3445 2018 3608 2070 ἀνεν-

2031 2111 2164 2175 δεῶς
2206 2111 2512 2180 διάγουσαι.
2549 2113 2694 2164 Μίαν
2723 2111 2779 2163 δὲ
2829 2110 3158 2180 ἐνομίσαμεν
3198 2110 3275 2173 ὡς
3325 2110 3383 2162 ὲν
3413 2107 3610 2171 δεινοῖς

2033 2203 2386 2274 παραμυθίαν
2413 2197 2573 2268 εἶναι,
2603 2202 2663 2255 τὸ
2685 2201 3033 2268 ἐπιστενάξαι
3061 2203 3174 2264 τοῖς
3201 2199 3428 2255 πάθεσιν
3449 2199 3610 2271 ἡμῶν

2033 2293 2168 2363 πρὸς
2200 2293 2298 2363 τὴν
2347 2291 2445 2363 σὴν
2475 2292 2814 2362 ἡμερότητα,
2857 2293 2952 2345 καὶ
3003 2290 3398 2362 παρακαλέσαι,
3435 2290 3486 2343 εἰ
3523 2306 3614 2352 τις

2031 2385 2282 2455 δύναμις,
2314 2387 2472 2455 χεῖρα
2500 2383 2684 2455 ὀρέξαι
2712 2386 2777 2455 τῇ
2824 2383 2977 2436 πόλει
3006 2383 3161 2454 ἡμῶν
3203 2384 3284 2446 είς
3319 2382 3448 2451 γόνυ
3487 2381 3614 2436 κλι-

2033 2475 2208 2547 θείσῃ.
2245 2475 2348 2528 Τὸν
2377 2475 2432 2528 δὲ
2459 2475 2658 2546 τρόπον
2686 2475 2752 2528 δι’
2779 2467 2839 2528 οὗ
2877 2474 2943 2530 ἂν
2985 2475 3162 2544 γένοιο
3195 2477 3251 2528 ὲν
3283 2473 3457 2544 καιρῷ
3493 2473 3612 2543 (56)

2032 2569 2146 2630 τοῖς
2195 2568 2541 2637 πράγμασιν,
2592 2567 2754 2631 αὐτὸς
2787 2567 2885 2637 μὲν
2925 2566 3262 2638 είσηγεῖσθαι
3314 2568 3415 2620 οὐκ
3461 2565 3608 2637 ἔχω’

2035 2658 2118 2710 σοι
2143 2658 2200 2711 δὲ
2223 2660 2441 2722 πάντως
2469 2658 2560 2712 καὶ
2593 2659 2775 2731 εὑρεῖν
2796 2658 2886 2712 διὰ
2911 2659 3012 2731 τὴν
3046 2659 3262 2713 σύνεσιν
3287 2659 3485 2732 ῥᾴδιον,
3516 2660 3617 2712 καὶ

2033 2750 2344 2821 χρήσασθαι
2375 2750 2488 2821 (57)
2534 2753 2648 2813 τοῖς
2682 2751 2973 2823 εὑρεθεῖσι,
3017 2751 3106 2805 διὰ
3136 2751 3236 2823 τὴν
3276 2749 3438 2823 ’παρὰ
3473 2749 3613 2804 Θεοῦ

2035 2856 2116 2894 σοι
2145 2840 2434 2913 δεδομένην
2462 2841 2712 2914 δύναμιν,
2737 2842 2797 2895 οὐ
2829 2843 3082 2912 χαλεπόν.

2570 2985 2917 3051 ΕΠΙΣΤΟΛΗ
2954 2999 3072 3052 ΟΖ’.

354 3101 562 3153 Videtur
593 3101 716 3152 Itane
734 3100 988 3170 eoistolam
1015 3101 1227 3170 Basilius
1248 3103 1310 3150 ad
1341 3102 1586 3167 Elpidium
1610 3099 1840 3170 praesidia
1867 3101 2104 3170 Tlterasii
2117 3117 2405 3170 assessorem
2436 3104 2708 3168 scripsisse.
2737 3107 3042 3170 Hortamr_ut
3064 3118 3096 3154 a
3114 3104 3325 3169 praeside
3339 3119 3433 3156 non
3452 3105 3615 3160 disce-

843 3164 944 3220 dat,
967 3165 1050 3214 sed
1071 3171 1223 3212 tantus
1247 3163 1410 3224 curas,
1435 3177 1544 3228 qua:
1563 3163 1625 3215 ea:
1645 3163 1882 3216 divisione
1907 3165 2227 3230 Cappadocia:
2245 3163 2633 3229 supervenerant,
2657 3179 2763 3216 cum
2782 3180 2839 3217 eo
2860 3163 3117 3231 partiatur.

689 3269 816 3325 Sine
850 3271 1194 3339 inscriptione
1220 3270 1284 3325 de
1322 3271 1596 3327 leerasio.

418 3381 558 3437 Illud
597 3383 761 3438 etiam
808 3399 878 3439 ex
934 3385 1074 3438 bona
1109 3384 1435 3453 praefectura
1482 3387 1662 3456 magni
1693 3386 1934 3456 percepi-

351 3493 478 3532 mus
509 3477 780 3541 Therasii,
812 3477 959 3546 quod
1006 3476 1259 3531 facundia
1303 3487 1394 3532 tua
1439 3479 1632 3533 crebro
1664 3481 1805 3549 apud
1836 3495 1934 3535 nos

351 3571 575 3625 venerit.
607 3567 808 3624 Verum
856 3569 961 3623 ltoc
1009 3569 1188 3639 ipsum
1240 3570 1524 3623 amisimus
1562 3571 1790 3639 praeside
1823 3571 1934 3640 pri-

351 3660 483 3716 vati.
538 3659 644 3715 Sed
695 3661 821 3730 quia
865 3674 985 3730 qua:
1034 3660 1194 3715 nobis
1232 3661 1398 3715 semel
1443 3675 1472 3714 a
1523 3659 1634 3715 Deo
1671 3676 1935 3717 concessa

350 3759 501 3817 sunt,
535 3754 688 3805 lirma
721 3758 964 3813 manent,
998 3760 1161 3820 atque
1204 3751 1256 3804 in
1299 3751 1504 3806 nostris
1539 3752 1768 3806 invicem
1811 3754 1934 3807 ani-

350 3839 458 3896 mis
493 3856 589 3912 per
623 3840 940 3895 memoriam
988 3839 1246 3905 insident,
1297 3841 1514 3895 etiamsi
1562 3856 1792 3912 corpore
1820 3841 1934 3897 dis-

345 3929 672 4002 iungamur.
717 3930 909 3985 saltem
963 3927 1274 3999 frequenter
1325 3931 1653 3996 scribamus,
1699 3938 1752 3985 et
1794 3931 1937 3986 inter

351 4035 454 4077 nos
477 4021 545 4076 de
579 4020 907 4076 necessariis
936 4021 1102 4075 rebus
1137 4021 1460 4090 loquamur:
1495 4023 1726 4076 maxime
1751 4031 1933 4078 autem

351 4113 607 4183 praesenti
653 4119 916 4180 tempore,
948 4124 1058 4180 quo
1102 4110 1276 4166 hiems
1315 4112 1480 4167 hasce
1528 4113 1778 4167 inducias
1811 4113 1928 4168 bre-

354 4201 608 4256 vissimas
639 4201 924 4254 nobiscum
981 4199 1128 4254 fecit.
1167 4199 1338 4269 Spero
1385 4210 1565 4277 autem
1605 4210 1656 4256 te
1687 4219 1794 4256 non
1821 4203 1935 4258 dis-

351 4307 637 4346 cessurum
667 4307 696 4344 a
727 4292 845 4343 viro
877 4290 930 4343 in
964 4290 1156 4358 primis
1183 4291 1502 4345 admirando
1524 4279 1810 4355 Therasio,
1837 4292 1935 4347 de-

351 4399 477 4438 cere
498 4382 898 4438 existimantem
928 4396 1050 4435 cum
1084 4395 1149 4435 eo
1180 4390 1363 4437 tantas
1397 4397 1560 4438 curas
1590 4385 1804 4454 partiri,
1837 4399 1932 4439 ne-

428 4545 447 4564 ⁶
483 4541 637 4595 Alias
669 4537 946 4594 CCXXV].
983 4538 1198 4608 Scripta
1231 4556 1374 4593 anno
1404 4530 1529 4595 57L

2364 3273 2788 3343 Ἀνεπίγραφος
2810 3273 2943 3341 περὶ
2972 3273 3296 3341 Θηρασίου.

2113 3387 2208 3438 Ἓν
2238 3386 2332 3440 καὶ
2363 3386 2521 3439 τοῦτο
2545 3386 2656 3456 (58)
2679 3387 2778 3457 τῆς
2805 3385 3018 3456 ἀγαθῆς
3041 3386 3218 3457 ἀρχῆς
3246 3383 3343 3439 τοῦ
3369 3385 3610 3456 μεγάλου

2035 3477 2430 3549 ἀπηλαύσαμεν
2461 3478 2756 3549 Θηρασίου,
2775 3477 2874 3546 τῆς
2904 3480 3002 3548 σῆς
3035 3477 3348 3546 λογιότητος
3373 3477 3472 3548 τὴν
3491 3477 3597 3531 tm

2035 3568 2236 3640 δημίαν
2281 3569 2518 3639 συνεχῶς
2560 3571 2691 3640 ἡμῖν
2727 3569 3040 3639 γινομένην.
3077 3569 3150 3622 Τὸ
3195 3569 3326 3622 αὐτὸ
3358 3569 3414 3622 δὲ
3455 3569 3610 3624 τοῦτο

2035 3659 2130 3730 ὲζη
2142 3658 2314 3730 μιώθη
2325 3677 2424 3730 μεν
2453 3659 2806 3730 στερηθέντες
2829 3658 2921 3712 τοῦ
2949 3660 3228 3730 ἄρχοντος.
3253 3658 3394 3712 Ἀλλ’
3419 3659 3610 3714 ἐπειδὺ

2034 3752 2102 3803 τὰ
2130 3751 2275 3816 ἅπαξ
2307 3753 2437 3822 ἡμῖν
2469 3749 2619 3822 παρὰ
2660 3750 2754 3803 τοῦ
2789 3750 2925 3804 Θεοῦ
2952 3749 3280 3822 χαρισθέντα
3332 3751 3484 3821 μὲνει
3519 3750 3610 3822 βέ-

2035 3842 2184 3905 ϐαια,
2219 3844 2312 3896 καὶ
2339 3846 2468 3906 ταῖς·
2490 3842 2687 3914 ψυχαῖς
2716 3843 2961 3914 ἀλλήλων
3001 3844 3355 3914 ὲνοικούμενα
3393 3841 3482 3896 διὰ
3512 3845 3612 3913 τῆς

2037 3937 2276 4006 μνήμης,
2325 3937 2372 3988 εἰ
2421 3936 2515 3989 καὶ
2559 3939 2672 4000 τοῖς
2721 3933 2937 4005 σώμασι
2983 3935 3337 4006 διωρίσμεθα,
3383 3936 3612 4006 γράφω-

2038 4039 2134 4092 μεν
2166 4024 2276 4093 (59)
2313 4024 2443 4092 γοῦν
2479 4025 2739 4096 συνεχῶς,
2773 4026 2866 4078 καὶ
2897 4023 3264 4095 φθεγγώμεθα
3289 4025 3424 4095 πρὸς
3450 4023 3612 4095 ἀλλή-

2033 4113 2157 4177 λους
2186 4112 2253 4166 τὰ
2305 4114 2608 4182 ἀναγκαῖα³
2642 4115 2735 4167 καὶ
2776 4114 3011 4185 μάλιστα
3043 4113 3158 4181 νῦν,
3194 4114 3284 4167 ὅτε
3329 4115 3360 4166 ὁ
3402 4111 3610 4184 χειμὼν

2032 4207 2130 4277 τὴν
2161 4207 2520 4276 ὀλιγοχρόνιον
2550 4207 2754 4278 ταύτην
2789 4207 3096 4277 ἐκεχειρίαν
3134 4205 3447 4262 ἐσπείσατο.
3493 4205 3612 4259 Ἐλ-

2035 4297 2265 4368 πίζομεν
2294 4299 2349 4352 δὲ
2383 4299 2457 4369 μὴ
2491 4299 2882 4368 ἀπολείψεσθαί
2920 4317 2977 4352 σε
3012 4299 3108 4354 τοῦ
3151 4299 3609 4370 θαυμασιωτάτου

2033 4390 2226 4463 ἀνδρὸς
2266 4392 2539 4463 Θηρασίου
2561 4431 2575 4456 ,
2614 4392 2824 4463 πρέπον
2869 4389 3008 4445 εἶναι
3043 4391 3302 4463 κρίναντα
3331 4395 3609 4446 κοινωνεῖν

2107 4545 2218 4611 (‘55)
2251 4544 2386 4601 Vide
2414 4545 2701 4600 Addenda.

430 4612 678 4691 (52)_I_3_l¢
701 4610 953 4691 ρθρόον,
990 4622 1097 4691 etc:
1139 4608 1281 4663 Editi
1326 4611 1406 4665 sic
1433 4612 1642 4691 h_a_bent_
1672 4612 1816 4691 hunc
1850 4613 1927 4691 |o_-

2105 4608 2238 4691 (3_6j_
2269 4617 2370 4669 Ἐν
2409 4615 2626 4691 καιρῷ.
2679 4615 2907 4691 Frustra
2963 4616 3091 4670 editi
3144 4615 3369 4691 add_nnt_
3399 4618 3606 4691 σωτήρ,

353 4678 480 4739 curn
513 4678 536 4756 ξ’
562 4683 655 4746 Et;
688 4679 964 4756 ἀπώλειαν
998 4678 1558 4756 ὲχέξρησεΑπαντελῴς
1589 4681 1758 4756 ciem;
1788 4683 1862 4744 ὡς
1893 4685 1926 4755 ἡ

2035 4687 2173 4754 quod
2199 4678 2362 4740 'decst
2409 4689 2460 4739 in
2501 4678 2732 4756 utroque
2767 4685 2923 4756 lteg.,
2963 4695 3196 4756 utroque
3223 4687 3417 4748 Coisl.,
3454 4678 3598 4742 Me'd.

354 4752 670 4827 ⁴ἡμετέρα...
704 4753 784 4827 εἰς
825 4749 1017 4827 ἀθρόον
1051 4747 1214 4820 ἦλθεν
1250 4751 1577 4827 άφανισμρν.
1612 4747 1929 4827 Tresvetu;

355 4820 587 4882 {tissimi
618 4821 841 4875 codices
871 4827 931 4873 ut
956 4820 1008 4871 in
1042 4827 1192 4874 textu
1217 4838 1228 4872 :
1256 4835 1396 4889 quos
1421 4820 1636 4888 quidem
1665 4837 1729 4876 eo
1755 4822 1928 4877 liben-

356 4896 468 4954 tius
494 4903 719 4947 secutus
746 4905 892 4960 sum,
922 4890 1067 4958 quod
1101 4892 1211 4943 tunc
1241 4890 1496 4960 loquendi
1532 4893 1694 4954 ratio,
1731 4910 1927 4946 παντε-

357 4963 467 5028 λῶς
497 4961 692 5032 οὓτως,
725 4959 820 5024 ὡς,
865 4963 1045 5032 minus
1081 4960 1196 5032 visa
1247 4959 1330 5014 est
1377 4960 1564 5032 Basilii
1612 4963 1754 5032 stylo
1789 4978 1925 5017 con-

355 5048 574 5102 gruere.
605 5029 828 5104 Legitur
867 5030 948 5094 είς
989 5028 1267 5084 ἀπώλειαν
1312 5030 1557 5103 ἐχώρησε
1597 5028 1836 5104 παντελῆ
1868 5035 1923 5089 in

355 5101 481 5158 aliis
502 5118 595 5158 sex
628 5101 912 5155 codicibus
943 5116 1076 5156 mss.
1265 5147 1270 5152 .

433 5174 544 5241 (55)
584 5170 662 5225 Τὸ
708 5170 1058 5241 πολίτευμα.
1112 5168 1192 5226 De
1235 5170 1703 5241 civitatisiordine.
1735 5172 1788 5226 id
1843 5182 1929 5229 est

356 5240 631 5304 decuria,
666 5256 787 5310 quae
830 5240 966 5294 ordo
1011 5243 1197 5295 vocari
1237 5244 1394 5297 solet.
1442 5240 1594 5295 Unde
1635 5243 1767 5296 illud
1796 5242 1926 5297 Am-

354 5314 524 5366 ntiani
560 5311 629 5365 de
653 5309 810 5366 Catio
835 5311 1073 5376 Cmsare,
1129 5312 1225 5364 lib.
1255 5327 1328 5375 tv,
1368 5327 1416 5366 c.
1451 5312 1481 5364 7
1511 5332 1523 5365 :
1558 5312 1927 5368 Antiochensis

353 5382 966 5452 ofrdinisiverticesfub
1009 5398 1121 5452 uno
1155 5384 1324 5452 elogio
1360 5383 1526 5451 jussit
1572 5384 1760 5436 occidi.
1793 5382 1928 5439 Vide

353 5451 488 5507 Cod.
524 5451 716 5505 Tlteod.
751 5449 902 5516 LIV,
936 5467 992 5520 ι),
1024 5451 1149 5506 556.

427 5522 540 5590 (54)
573 5521 909 5593 Πολιτικόν.
938 5519 1073 5578 Vat.
1117 5520 1588 5593 no}.n€bv._Paulo
1630 5530 1753 5593 post
1793 5521 1924 5577 editi

354 5591 674 5661 καταλιπόν.
707 5591 877 5661 Coisl.
913 5593 1146 5659 primus,
1182 5590 1356 5653 Harl.,
1390 5591 1524 5661 Reg.
1563 5590 1838 5648 secundus
1871 5602 1925 5648 et

352 5659 597 5786 0:13:12.
638 5659 1056 5743 καταλιπόντες,
1107 5677 1231 5732 quae
1275 5659 1551 5732 scriptura
1585 5677 1695 5719 non
1729 5678 1922 5734 parum

354 5745 465 5786 arri
504 5747 534 5786 e

354 5736 575 5788 arridet.
716 5736 725 5743 '

2037 4764 2091 4809 et
2148 4764 2380 4827 utroque
2427 4757 2628 4827 Bigot.,
2684 4771 2785 4827 nec
2831 4758 2886 4809 in
2931 4756 3082 4810 Harl.
3123 4757 3320 4826 legitur
3346 4759 3450 4810 nisi
3496 4757 3606 4827 alia

2033 4840 2221 4880 manu.
2257 4826 2456 4896 Eadem
2501 4825 2759 4896 loquendi
2803 4828 3014 4881 ratione
3055 4825 3234 4896 utitur,
3268 4827 3508 4881 Basilius
3546 4826 3604 4882 in

2031 4897 2262 4969 epistola
2285 4895 2395 4969 216
2426 4915 2440 4969 ς
2465 4895 2766 4969 Γένοιτο-δὲ
2788 4898 2964 4969 πάντα
2986 4898 3043 4950 ἐν
3071 4895 3247 4968 καιρῷ
3279 4897 3601 4969 περὶ

2044 4965 2364 5037 Ἐκκλησίαν
2392 4967 2491 5036 τὴν
2539 4967 2781 5020 Ἰκονίου.
2831 4966 3026 5022 Omnia
3063 4965 3310 5036 prospere
3345 4965 3602 5021 cedant...

2033 5033 2284 5089 Ecclesim
2317 5033 2598 5089 Icunienst‘.

2103 5106 2216 5176 (37)
2244 5108 2612 5173 Χρήσασθαι.
2642 5107 2720 5160 lta
2745 5104 2918 5177 Harl.,
2936 5114 3170 5176 uterque
3194 5106 3362 5162 Coisi.
3387 5116 3440 5161 et
3461 5103 3598 5177 Reg.

2031 5177 2311 5248 secundus
2337 5185 2389 5248 et
2419 5178 2593 5248 Bigot.
2630 5178 2793 5248 alter.
2826 5175 2968 5230 Editi
2997 5175 3253 5248 χρῆσθαι.

2102 5246 2214 5314 (58)
2250 5247 2360 5298 Καὶ
2401 5247 2595 5299 τοῦτο.
2638 5245 2966 5315 Conjunctio
2999 5245 3188 5302 addita
3233 5264 3298 5302 ex
3334 5262 3430 5302 sex
3459 5261 3598 5301 mss.

2029 5313 2233 5388 Ibidem
2265 5316 2434 5388 (Inisl.
2472 5313 2766 5388 secundus
2787 5324 2840 5369 et
2874 5317 3003 5386 Reg.
3041 5319 3319 5373 secundus
3361 5318 3599 5388 μεγάλου

2031 5385 2390 5459 ἁπωνάμεθα,
2437 5385 2638 5459 Ibidem
2679 5386 2919 5459 Clarom.
2949 5385 3049 5458 τῆς
3095 5389 3195 5459 σῆς
3238 5385 3598 5455 τελειότητος.

2031 5467 2086 5510 et
2119 5457 2185 5509 ad
2222 5458 2521 5524 marginem
2553 5457 2770 5525 vulgata
2802 5457 2984 5510 lectio.

2103 5527 2216 5594 (39)
2252 5526 2599 5595 Γράρωμεν.
2637 5529 2752 5593 Upe
2787 5525 2918 5595 lieg.
2959 5528 3182 5582 secundi
3221 5534 3276 5582 et
3303 5525 3469 5581 Coisl.
3507 5540 3600 5581 se-

2032 5595 2197 5675 cundi
2251 5597 2355 5649 hoc
2397 5599 2720 5676 verbum-et
2767 5612 3003 5676 sequens
3042 5597 3599 5676 φθεγγώμεθαξερᾳ-

2034 5666 2268 5726 suimus,
2301 5681 2425 5719 ettm
2460 5676 2616 5719 antea
2643 5664 2948 5733 legerentur
2976 5668 3028 5720 in
3055 5664 3377 5723 indicativo.
3418 5664 3599 5720 Editiu

2033 5733 2360 5791 Parisieusis
2387 5735 2625 5790 secunda
2655 5736 2816 5790 habet
2841 5737 3186 5809 φθεγξόμεθα
