3988 6194
338 270 449 328 453
1255 273 1748 332 EPISTOLARUM
1781 275 2075 335 CLASSIS
2115 278 2179 335 ll.
2223 279 2441 338 EPIST.
2482 282 2738 343 LXXIX“
3509 293 3620 350 ιω

337 389 420 459 τῷ
457 389 612 462 ἀνδρὶ
645 387 904 443 τοιούτων
959 389 1286 460 φροντίδων,
1330 391 1635 464 ἡγούμενον
1673 393 1784 466 (ιο)
1833 394 1928 448 καὶ

2034 413 2138 467 que
2183 399 2347 454 etiam
2398 399 2607 456 frustra
2662 402 3007 458 occasionem
3060 406 3501 476 amplectentem,
3553 425 3623 466 ex

345 481 526 553 μάτην
567 480 844 553 πρόφασιν
887 481 1250 552 ἀσμενίζοντα
1297 485 1646 555 παρέχουσάν
1699 503 1782 540 σοι
1813 485 1925 558 (41)

2034 501 2138 554 qua
2168 486 2266 540 tibi
2297 496 2353 542 et
2381 489 2588 544 amicos
2619 489 2803 546 videre
2843 499 2899 546 et
2951 493 3020 548 ab
3053 493 3189 564 ipsis
3232 496 3403 551 videri
3439 498 3618 554 liceat.

344 573 474 628 ἰδεῖν
499 591 559 628 τε
589 575 716 638 τοῦς
742 565 950 643 φίλους,
972 577 1221 646 κώπα-ρ’
1247 575 1428 630 αὐτῶν
1451 577 1731 650 θεαθῆναι.
1749 576 1928 631 Πολλὰ

341 663 399 716 δὲ
437 663 576 735 ἔχων
602 665 776 718 εἰπεῖν
806 665 901 718 καὶ
950 665 1079 736 περὶ
1123 665 1353 731 πολλῶν,
1382 668 1461 730 εἰς
1488 667 1586 740 τὴν
1638 667 1929 738 συντυχίαν

345 758 720 832 ὑπερεθέμην,
752 759 854 812 οὑκ
890 758 1130 828 ἀσφαλὲς
1177 755 1316 813 εἶναι
1363 761 1666 834 ἡγούμενος
1709 763 1928 816 ἐπιστο-

344 848 463 913 λαῖς
488 849 560 904 τὰ
587 848 816 904 τοιαῦτα
845 848 1291 905 καταπιστεύειν.

879 1004 1227 1058 ΕΠΙΣΤΟΛΗ
1269 1006 1397 1058 οΗ’.

2030 575 2199 632 Multa
2234 586 2414 634 autem
2438 595 2563 634 cum
2601 580 2830 637 habeam
2864 583 3095 640 dicenda
3133 595 3189 642 et
3225 587 3292 642 de
3331 589 3541 655 multis,
3565 590 3624 647 in

2031 683 2391 740 congressum
2447 671 2682 738 distuli,
2743 691 2852 730 non
2902 685 3082 732 tutum
3131 694 3254 735 esse
3302 681 3624 741 existimans

2031 763 2280 832 epistolis
2310 779 2400 819 res
2426 764 2698 836 ejusmodi
2724 769 3092 825 committere.

2459 993 2571 1060 ΕΡΙ
2581 1002 2804 1061 STOLA
2844 1004 3152 1066 LXXVIII‘.

341 1119 496 1188 Rogat
527 1112 751 1172 'Basilius
789 1126 840 1170 ut
883 1118 1109 1184 Elpidius
1171 1119 1248 1172 vir
1269 1095 1482 1172 maxime
1515 1120 1717 1172 idoneus
1752 1119 1837 1184 qui
1861 1117 2184 1190 pappadocia:
2203 1115 2393 1185 amicti:
2434 1118 2579 1170 rebus
2600 1128 2873 1184 succurrat,
2897 1135 3151 1174 remanere
3182 1122 3234 1174 in
3248 1123 3350 1175 -Ιιαε
3371 1124 3622 1190 provincia

1845 1181 2107 1248 Mallum;

641 1274 1081 1354 “Arelat'rpagcoc
1113 1286 1266 1354 ῠζττὲρ
1289 1275 1631 1340 Ἓλπιδίου.

415 1390 532 1452 Οὐκ
566 1397 756 1451 ἔλαθεν
800 1397 1010 1468 ἡμᾶςὴ
1059 1397 1237 1468 ἀγαθή
1274 1414 1366 1452 σου
1407 1397 1611 1472 σπουδὴ
1660 1398 1789 1470 περὶ
1840 1397 1931 1452 τὸν

343 1482 778 1562 αἰκδεσιμὼτατον
838 1492 1054 1561 ἑταῖρον
1100 1482 1262 1562 ἡμῶν
1317 1491 1581 1546 Ἐλπίδιον
1601 1508 1618 1524 ·
1666 1492 1815 1554 ὅπως
1861 1493 1926 1563 τῇ

345 1573 568 1655 συνήθει
609 1581 842 1636 σεαυτοῦ
877 1584 1090 1636 συνέσει
1145 1583 1354 1647 ἔδωκας
1387 1583 1580 1655 καιρὸν
1626 1583 1932 1656 φιλανθρω-

2370 1281 2508 1339 ~Sine
2536 1285 2879 1355 inscriptione
2904 1303 2998 1356 pro
3034 1277 3270 1357 Elpidio.

2104 1395 2223 1451 Non
2250 1411 2337 1452 me
2364 1396 2494 1451 latet
2525 1397 2730 1452 bonum
2775 1399 2908 1453 illud
2937 1400 3202 1465 studium,
3228 1417 3336 1472 quo
3372 1418 3504 1473 ergo
3529 1420 3624 1459 eoo

2032 1490 2411 1544 lendissimum
2459 1490 2703 1546 sodalem
2755 1500 3005 1546 nostrum
3046 1491 3317 1562 Elpidium
3354 1493 3619 1562 allii-eris;

2030 1582 2306 1651 quomodo
2345 1597 2445 1653 pro
2495 1593 2587 1636 tua
2629 1593 2890 1637 consueta
2923 1581 3213 1651 prudentia
3263 1584 3621 1641 humanitatis

345 1663 481 1739 πίας
512 1665 868 1747 τῷἄρχοντι.
895 1674 1111 1745 Ταύτην
1137 1671 1229 1729 οὖν
1253 1675 1351 1746 τὴν
1393 1675 1552 1746 χάριν
1595 1674 1692 1729 νῦν
1733 1692 1792 1728 σε
1840 1692 1929 1728 τε-

2034 1674 2380 1729 ostendendae
2411 1675 2755 1730 occasionem
2797 1674 3054 1744 pmfecto
3088 1677 3617 1733 subministraveris.

342 1767 567 1822 λειῶσαι
606 1767 1033 1840 παρακαλοῦμεν
1061 1768 1172 1842 (49.)
1206 1768 1292 1823 διὰ
1319 1768 1414 1822 τοῦ
1449 1770 1798 1841 γράμματος,
1832 1770 1928 1822 καὶ

346 1859 663 1931 ὑπομνῆσαι
689 1859 780 1914 τὸν
805 1860 1042 1932 ἄρχοντα
1069 1861 1256 1932 οἰκείῳ
1284 1862 1670 1932 προστάγματι
1707 1863 1802 1915 ἐπὶ
1825 1864 1926 1932 τῆς

343 1949 608 2021 πατρίδος
634 1949 792 2022 ἡμῶν
825 1951 1162 2021 καταστῆναι
1194 1951 1286 2004 τὸν
1322 1949 1492 2021 ἄνδρα
1523 1951 1702 2005 πᾶσαν
1739 1947 1926 2020 σχεδὸν

342 2039 446 2113 τὴν
505 2041 766 2114 φροντίδα
820 2041 927 2095 τῶν
989 2040 1262 2112 δημοσίων
1323 2041 1711 2114 ἐξηρτημένον,
1765 2041 1926 2094 ’Ὥστε

345 2134 552 2198 πολλὰς
574 2133 715 2201 ἕξεις
737 2135 834 2188 καὶ
856 2133 1245 2204 εὐπροσώπους
1267 2134 1591 2188 ὑποϐάλλειν
1626 2133 1929 2207 προφάσεις

344 2220 425 2291 τῷ
464 2221 723 2292 ἄρχοντι,
768 2221 827 2290 ἐξ
859 2216 933 2275 ὧν
966 2223 1282 2291 ἀναγκαίως
1328 2223 1610 2294 ἐπιμένειν
1651 2223 1812 2276 αὑτὸν
1857 2225 1924 2293 τῇ

345 2311 571 2384 πατρίδι
619 2311 778 2383 ἡμῶν
821 2311 1134 2384 προστάξει.
1167 2307 1270 2366 Οἷα
1326 2313 1384 2366 δὲ
1413 2314 1482 2366 τὰ
1534 2307 1788 2378 ἐνταῦθα,
1833 2313 1926 2366 καὶ

345 2406 475 2458 ὅσου
507 2404 657 2470 ἄξιος
705 2406 817 2468 τοῖς
868 2405 1188 2476 πράγμασιν
1235 2407 1264 2460 ὁ
1296 2405 1470 2478 ἀνὴρ,
1515 2407 1733 2471 πάντως
1772 2405 1925 2459 οὐδὲν

344 2496 514 2569 δεήσῃ
546 2499 675 2569 παρ’
721 2497 880 2569 ἡμῶν
907 2497 1246 2570 διδαχθῆναι,
1278 2499 1442 2564 αὐτὸς
1473 2502 1540 2572 τῇ
1578 2498 1774 2554 ἑαυτοῦ
1803 2516 1926 2552 συν-

343 2587 461 2642 έσει
494 2589 742 2662 ἀκριϐῶς
770 2591 1152 2668 ἐπιστάμενος.

911 2835 1260 2892 ΕΠΙΣΤΟΛΗ
1299 2839 1422 2894 ΟΘ’.

2031 1764 2186 1820 Nunc
2217 1766 2379 1836 igitur
2409 1772 2469 1820 ut
2498 1765 2601 1820 hoc.
2628 1757 2956 1821 beneﬁcium
2986 1765 3261 1832 absolvas,
3293 1783 3388 1836 per
3417 1767 3624 1838 episto-

2034 1857 2141 1911 lam
2199 1865 2252 1912 te
2298 1873 2449 1928 rogo,
2490 1872 2553 1911 ac
2601 1856 2917 1928 praefectum
2957 1873 3200 1922 moneas,
3249 1866 3307 1912 ut
3359 1859 3622 1930 peculiari

2031 1949 2289 2003 mandato
2334 1949 2524 2019 patriae
2575 1958 2778 2004 nostra:
2818 1951 2996 2005 virum
3044 1951 3190 2006 hunc
3224 1951 3521 2021 praeﬁciat,
3550 1964 3623 2010 ex

2031 2056 2143 2112 quo
2174 2050 2289 2095 tota
2329 2057 2467 2112 pene
2501 2041 2842 2112 publicorum
2873 2043 3216 2114 negotiorum
3244 2059 3380 2097 cura
3417 2043 3621 2113 depen-

2030 2134 2138 2189 det.
2167 2134 2535 2200 Quamobrem
2570 2134 2772 2189 multas
2808 2136 3016 2205 poteris
3059 2150 3122 2189 ac
3170 2135 3450 2204 speciosas
3487 2149 3619 2205 sugo

2033 2238 2220 2294 gerere
2255 2237 2454 2277 causas
2485 2221 2760 2292 praelecto.
2792 2225 2993 2294 quibus
3028 2225 3343 2278 necessario
3375 2221 3619 2278 adduce-

2032 2319 2142 2374 tur,
2197 2319 2255 2366 ut
2305 2311 2458 2365 illum
2509 2313 2564 2364 in
2610 2318 2798 2365 nostra
2844 2312 3020 2381 patria
3072 2326 3357 2366 remanere
3405 2310 3617 2381 iubeat.

2029 2403 2297 2461 Caeterum
2327 2421 2438 2476 quo
2482 2405 2536 2459 in
2562 2414 2707 2461 sta-tu
2741 2421 2830 2460 res
2862 2413 3066 2460 nostra!
3094 2404 3226 2469 sint,
3265 2411 3319 2460 et
3347 2420 3510 2476 quam
3535 2405 3620 2459 vir

2029 2497 2099 2552 sit
2130 2498 2294 2552 rebus
2329 2497 2584 2570 gerendis
2619 2497 2869 2558 idoneus.
2899 2497 3146 2568 profecto
3186 2496 3323 2551 nihil
3355 2513 3496 2568 opus
3532 2504 3620 2554 est

2030 2598 2082 2644 te
2123 2605 2152 2644 a
2177 2591 2338 2645 nobis
2375 2590 2593 2646 edoceri
2621 2609 2634 2645 :
2662 2606 2787 2645 cum
2821 2589 2927 2644 boc
2963 2589 3080 2659 ipse
3111 2603 3211 2661 pro
3249 2596 3343 2644 tua
3377 2587 3618 2660 pruden-

2030 2687 2104 2736 tia
2141 2687 2301 2752 plane
2331 2683 2623 2754 intelligas.

2496 2838 2837 2894 EPISTOLA
2872 2829 3155 2894 LXXIX“.

342 2952 540 3005 Gratias
557 2951 658 3018 agit
675 2952 924 3004 Eustathio
948 2951 1337 3022 Basilius,_quod
1361 2955 1429 3004 ad
1448 2969 1499 3007 se
1521 2955 1775 3022 certamini
1797 2956 2070 3022 expositum
2087 2955 2360 3022 scripserit.
2377 2963 2427 3022 et
2444 2954 2744 3007 Eleusinium
2763 2952 2998 3020 optimum
3018 2951 3390 3005 commilitonem
3409 2948 3612 3003 miserit.

1161 3018 1352 3067 Narrat
1373 3030 1426 3068 se
1448 3031 1558 3068 cum
1580 3019 1806 3082 praefecto
1827 3018 1872 3070 et
1890 3018 2097 3070 cubiculi
2118 3018 2379 3083 prazposilo
2400 3021 2510 3084 jam
2533 3031 2789 3082 pugnasse.

515 3127 827 3192 Εὐσταθίῳ
859 3128 991 3197 (43),
1029 3129 1342 3196 ὲπισκόπῳ
1374 3132 1754 3200 Σεϐαστείας.

416 3218 531 3271 Καὶ
563 3219 668 3289 πρὸ
699 3219 792 3274 τοῦ
821 3220 1069 3292 δέχεσθαι
1133 3221 1203 3275 τὰ
1254 3223 1582 3295 γράμματα,
1641 3226 1787 3297 ᾔδειν
1833 3230 1924 3284 τὸν

347 3313 510 3368 πόνον
543 3313 602 3368 ὃν
640 3314 784 3384 ἔχεις
837 3315 978 3387 ὑπὲρ
1035 3315 1217 3386 πάσης
1261 3318 1477 3388 ψυχῆς,
1526 3318 1820 3391 ἐξαιρέτως
1867 3321 1924 3375 δὲ

350 3408 495 3481 ὑπὲρ
521 3408 622 3479 τῆς
654 3407 929 3480 ἡμετέρας
961 3408 1360 3473 ταπεινώσεως,
1398 3410 1487 3465 διὰ
1526 3412 1586 3464 τὸ
1619 3412 1924 3484 προϐεϐλῆ-

350 3499 476 3553 σθαι
507 3501 565 3552 ὲν
585 3498 665 3570 τῷ
691 3499 862 3568 ἀγῶνι
905 3499 1112 3570 τούτῳ⁹
1157 3502 1252 3554 καὶ
1295 3499 1586 3572 δεξάμενος
1615 3503 1726 3574 (44)
1775 3504 1927 3576 παρὰ

346 3591 444 3646 τοῦ
484 3592 910 3663 αίδεσιμωτάτου
975 3595 1302 3648 Ἐλευσινίου
1342 3595 1412 3648 τὰ
1467 3596 1794 3667 γράμματα,
1833 3598 1927 3650 καὶ

349 3684 522 3756 αὑτὴν
548 3683 712 3737 αὑτοῦ
744 3685 843 3756 τὴν
870 3688 1172 3758 παρουσίαν
1195 3686 1548 3758 θεασάμενος,
1575 3687 1802 3753 ἐδόξασα
1834 3687 1925 3741 τὸν

349 3775 505 3838 Θεὸν,
556 3775 648 3828 τὸν
694 3775 933 3830 τοιοῦτον
979 3777 1335 3848 παραστάτην
1393 3779 1486 3830 καὶ
1534 3777 1924 3849 συνασπιστὴν,

347 3867 438 3922 διὰ
461 3867 562 3938 τῆς
583 3869 958 3939 πνευματικῆς
985 3868 1232 3940 βοηθείας
1261 3871 1321 3922 ὲν
1341 3872 1452 3932 τοῖς
1484 3869 1624 3940 ὑπὲρ
1647 3868 1928 3933 εὐσεϐείας

347 3960 526 4030 ἀγῶσι
560 3959 926 4031 χαρισάμενον
963 3963 1116 4031 ἡμῖν.
1167 3960 1489 4014 Γινωσκέτω
1526 3961 1582 4014 δὲ
1619 3961 1653 4034 ἡ
1690 3961 1928 4033 ἀνυπέρ-

349 4052 548 4124 ϐλητὸς
574 4068 668 4104 σου
692 4051 970 4105 θεοσέϐεια
998 4051 1159 4122 μέχρι
1185 4050 1281 4104 νῦν
1304 4050 1607 4122 προσϐολὰς
1645 4051 1743 4121 μέν
1775 4068 1928 4116 τινας

349 4144 500 4215 παρά
525 4143 634 4197 τῶν
669 4143 916 4214 μεγάλων
943 4142 1218 4213 ἀρχόντων
1255 4145 1388 4214 ἡμῖν
1430 4142 1783 4213 γεγενῆσθαι,
1834 4142 1929 4196 καλ⁷

346 4236 552 4299 ταύτας
583 4234 838 4306 σφοδρὰς,
873 4234 966 4288 τοῦ
1002 4252 1063 4288 τε
1103 4234 1345 4307 ἐπάρχου
1376 4235 1487 4304 (45)
1515 4236 1610 4288 καὶ
1660 4233 1754 4288 τοῦ
1801 4234 1928 4304 περὶ

347 4327 441 4379 τὸν
463 4323 696 4380 κοιτῶνα
743 4323 1129 4394 διαλεχθέντων
1171 4323 1458 4388 ίδιοπαθῶς
1491 4323 1633 4395 ὑπὲρ
1667 4323 1777 4376 τῶν
1816 4323 1927 4394 (46)

352 4415 612 4469 ἐναντίων
637 4429 650 4441 °
674 4413 810 4476 τέως
838 4414 896 4466 δὲ
917 4413 1202 4484 ἀτρέπτως
1235 4414 1384 4484 ἡμᾶς
1412 4415 1593 4467 πᾶσαν
1621 4411 1926 4484 προσϐολὴν

1950 3134 1998 3196 C

2376 3129 2682 3195 Eustathio,
2710 3129 2950 3196 episcopo
2982 3124 3261 3181 Sebastice.

2101 3227 2166 3282 Et
2188 3233 2482 3296 antequam
2513 3224 2722 3277 litteras
2749 3231 2873 3277 tuas
2914 3219 3244 3288 acciperem,
3279 3210 3425 3269 haud
3457 3211 3613 3281 igno-

2026 3318 2216 3374 rabam
2241 3324 2508 3388 quantum
2543 3329 2644 3385 pro
2674 3311 2868 3384 quavis
2901 3309 3082 3364 anima
3108 3307 3346 3370 labores,
3378 3302 3616 3356 maxime

2025 3426 2158 3466 vero
2207 3424 2306 3480 pro
2353 3415 2544 3462 nostra
2593 3404 2925 3466 humilitate,
2962 3415 3028 3456 eo
3073 3398 3219 3470 quod
3271 3397 3400 3450 huic
3443 3400 3618 3448 certa-

2029 3500 2164 3554 mini
2210 3499 2496 3570 expositus
2541 3496 2645 3552 sim
2699 3515 2712 3549 :
2755 3503 2809 3549 et
2869 3499 3158 3563 postquam
3188 3487 3344 3558 173
3375 3483 3614 3540 reddidit

2026 3593 2244 3647 litteras
2296 3604 2562 3661 perquam
2615 3587 2884 3642 colendus
2939 3583 3276 3645 Eleusinius,
3322 3581 3612 3650 ipsumque

2027 3689 2353 3754 praesentem
2395 3678 2691 3747 conspexi;
2753 3675 2924 3730 Deum
2978 3671 3233 3736 laudavi,
3293 3669 3388 3740 qui
3451 3669 3612 3724 nobis

2028 3776 2333 3844 adiutorem
2379 3775 2546 3827 talem
2593 3786 2658 3824 ac
2703 3768 3134 3823 commilitonem
3184 3780 3280 3835 per
3327 3761 3610 3833 spirituale

2014 3869 2296 3937 auxilium
2352 3867 2406 3920 in
2461 3861 2856 3920 certaminibus
2907 3874 3008 3930 pro
3061 3858 3265 3928 pietate
3306 3853 3613 3911 subeundis

2026 3960 2324 4016 concessit.
2371 3957 2578 4012 Noscat
2622 3967 2787 4025 porro
2834 3964 3047 4006 summa
3083 3957 3176 4002 tua
3203 3948 3400 4022 pietas
3445 3945 3611 4000 nobis

2023 4053 2137 4123 jam
2162 4065 2374 4122 pugnas
2397 4049 2612 4118 aliquas
2633 4063 2758 4102 cum
2782 4043 2996 4114 magnis
3024 4027 3386 4111 potestatibus
3411 4037 3608 4104 fuisse,

2027 4161 2232 4215 easque
2262 4144 2652 4206 vehementes;
2686 4155 2810 4193 cum
2843 4145 2897 4192 et
2927 4133 3220 4206 prml'ectus
3255 4140 3308 4188 et
3363 4129 3607 4186 cubiculi

2027 4237 2358 4308 prapositus
2387 4251 2452 4288 ex
2489 4231 2710 4302 propria
2753 4228 2920 4283 animi
2956 4225 3246 4280 affectione
3284 4237 3381 4293 pro
3413 4221 3611 4276 adver-

2029 4330 2192 4386 sariis
2214 4327 2421 4381 nostris
2454 4325 2799 4392 disputarem
2823 4339 2836 4385 ;
2864 4320 2957 4375 sed
2995 4333 3093 4372 nos
3127 4317 3394 4370 hactenus
3423 4313 3608 4367 animo

2027 4422 2360 4476 inconcusso
2409 4416 2678 4472 assultnm
2728 4427 2946 4466 omnem
3004 4408 3334 4464 sustinuisse
3378 4407 3607 4461 misera-

349 4508 642 4580 ὑπομεῖναι
672 4505 749 4578 τῷ
784 4506 923 4559 ἐλέει
968 4505 1063 4559 τοῦ
1103 4504 1262 4569 θεοῦ,
1310 4505 1389 4576 τῷ
1426 4505 1768 4577 χαριζομένῳ
1811 4505 1921 4576 (47)

2034 4515 2176 4567 tione
2207 4510 2322 4572 Dei,
2364 4524 2486 4579 quae
2521 4507 2679 4561 nobis
2721 4502 3094 4574 suppeditavit
3135 4515 3292 4571 opem
3343 4495 3604 4567 Spiritus.

346 4599 480 4670 ἡμῖν
518 4597 616 4670 τὴν
662 4597 951 4667 συνεργίαν
980 4596 1076 4650 τοῦ
1105 4597 1421 4668 Πνεύματος
1471 4597 1568 4650 καὶ
1618 4595 1925 4665 ἐνδυναμὼ-

351 4706 507 4745 σαντι
529 4689 686 4762 ήμῶν
721 4691 788 4744 δι’
808 4688 974 4745 αὑτοῦ
1004 4691 1102 4760 τὴν
1125 4687 1407 4742 ἀσθένειαν

421 4803 536 4875 (40)
582 4805 954 4874 Emperor.
979 4803 1118 4875 Cum
1151 4803 1239 4857 hic
1279 4803 1435 4875 locus
1467 4801 1922 4875 corruptissimus

350 4871 445 4939 sit,
482 4889 584 4930 nec
625 4871 872 4930 sanando
899 4874 1116 4928 vulneri
1162 4873 1468 4927 conducant
1512 4871 1648 4930 mss.
1677 4871 1918 4934 codices,

347 4945 444 5016 qui
483 4959 613 5016 cum
653 4944 813 5016 editis
840 4945 1245 5016 consentiunt.
1297 4943 1584 5016 legendum
1630 4951 1764 5012 puto
1809 4957 1918 4995 non

348 5013 695 5085 iinl‘irohabili
727 5014 1068 5085 conjectura,
1097 5015 1158 5067 οὑ
1195 5015 1292 5085 μὲν
1320 5013 1413 5070 οὖν
1443 5015 1539 5069 καὶ
1585 5016 1782 5084 μάτην,
1819 5027 1921 5081 pro

345 5084 485 5155 ἠγού
494 5100 651 5155 μενον
683 5084 776 5155 καὶ
811 5085 1010 5155 μάτην.

396 5102 485 5152 γου
532 5102 651 5136 ενον
683 5102 776 5136 και
811 5102 1010 5153 ματην.

396 5102 534 5223 (iri
570 5153 965 5223 Παρέχουσὰν
1001 5169 1119 5208 σοι.
1158 5152 1235 5207 Ita
1262 5153 1530 5216 Clarom..
1555 5153 1689 5222 Reg.
1718 5165 1917 5206 secun-

343 5224 454 5294 dus
496 5232 551 5278 et
591 5223 760 5277 Coisl.
801 5225 1100 5288 secundus,
1135 5225 1330 5280 melius
1371 5240 1534 5294 quam
1573 5224 1707 5280 editi
1738 5232 1791 5277 et
1827 5224 1920 5277 alii

342 5293 571 5363 codices
599 5294 834 5363 παρέχοι)
843 5296 941 5347 σάν
972 5310 1054 5347 σε.

401 5362 534 5433 ,(42)
568 5362 1057 5434 Παρακαλοῦμεχ.
1097 5363 1188 5417 Sic
1226 5362 1366 5418 Med.
1401 5372 1455 5434 et
1484 5371 1716 5434 uterque
1743 5362 1913 5420 Coisl.

340 5448 471 5505 cum
505 5435 626 5489 aliis
655 5435 950 5487 nonnullis.
983 5432 1124 5505 Editi
1155 5433 1460 5504 παρακαλῶ
1497 5435 1618 5505 μέν.

419 5503 528 5573 (45)
570 5505 899 5570 Εὐσταθίῳ.
928 5512 1034 5574 εις.
1071 5503 1508 5574 Ηυηοριίιιιιιιιῆ
1538 5504 1914 5574 excerpsimus

341 5588 413 5630 ex
439 5575 723 5644 codicibus
757 5574 895 5628 Med.
913 5573 1153 5629 etCoisl.
1179 5573 1376 5644 primo.
1403 5573 1722 5631 Harlwanus
1749 5576 1913 5630 habet

332 5654 559 5714 tantum
593 5643 898 5714 Εὑσταθίῳ.

418 5712 528 5790 με)
561 5711 914 5783 Δεξάμενος.
945 5713 1100 5787 _Post
1153 5716 1289 5770 hanc
1321 5729 1504 5772 vocem
1547 5715 1676 5772 editi
1709 5717 1916 5772 addunt

2031 4619 2095 4658 ac
2125 4619 2220 4673 per
2253 4603 2434 4671 ipsum
2467 4597 2900 4654 imbecillitatem
2930 4601 3178 4649 nostram
3206 4587 3600 4647 corroboravit.

2021 4800 2098 4859 δέ.
2135 4816 2255 4870 quae
2286 4799 2483 4855 vocula
2512 4797 2719 4854 rectius
2750 4796 2905 4852 deest
2933 4795 2990 4849 in
3024 4791 3241 4846 duobus
3280 4802 3415 4842 mss.
3447 4785 3598 4840 Harl.

2023 4871 2586 5012 ειἘπάρχου.
2636 4937 2950 5012 Legendnm
3002 4923 3602 5012 oudpxoo.nl.oquitur

2021 4995 2261 5082 eniui’de
2295 4995 2846 5082 prmfe'ctopraat‘orii,
2884 5013 2944 5058 ut
2987 5014 3072 5060 est
3105 4995 3250 5070 apud
3275 4995 3600 5066 Gregorium

2021 5089 2163 5135 orat.
2197 5080 2304 5140 20,
2324 5099 2443 5151 pag.
2475 5080 2602 5136 520.
2647 5147 2740 5151 ___
2776 5147 2787 5151 Α
2914 5145 2926 5151 _
2990 5145 3003 5151 _
3060 5141 3072 5151 ,
3204 5138 3231 5151 ..

2095 5152 2206 5222 (l6)
2247 5134 2597 5219 ’Ῠὲτὲῖέῶη
2647 5147 2813 5222 Ερῑιῑ,
2843 5145 2939 5222 καὶ
2981 5141 3124 5213 ὑπὲρ
3148 5138 3291 5222 τῶν.
3327 5134 3600 5222 sedith

2020 5206 2336 5291 coniunctio
2383 5206 2536 5276 deest
2579 5222 2633 5274 in
2670 5215 2861 5291 _llarl.,
2907 5206 3115 5291 inquo
3145 5219 3326 5291 tamen
3356 5206 3600 5262 secunda

2019 5286 2184 5346 manu
2213 5293 2396 5344 addita
2429 5292 2550 5350 fuit.
2589 5289 2683 5344 sed
2720 5300 2948 5357 prorsus
2977 5286 3275 5357 immerito.
3317 5343 3352 5357 Α
3395 5344 3406 5356 _

2090 5343 2323 5432 (λ’ἵγτῷ
2350 5343 2880 5432 gap—tramissis“.
2917 5351 3194 5432 secundus
3225 5343 3600 5432 ειρρὶεμερ-

2017 5415 2233 5486 eubda;
2269 5415 2781 5502 έοξχᾌιριξομένου,
2813 5415 3074 5502 ε”μροιιιο
3125 5427 3259 5502 post
3291 5415 3600 5502 ἐνδυναμὲμ

2018 5483 2229 5565 ciae-.5}:
2259 5483 2364 5556 sed
2399 5483 2781 5555 veiustfssimi'
2800 5483 3020 5550 codices
3050 5483 3155 5546 hoc
3184 5491 3306 5544 loco
3341 5499 3452 5542 non
3481 5483 3598 5541 dis-

2019 5581 2244 5642 crepant
2277 5574 2345 5625 ab
2367 5574 2549 5625 editis.

2095 5647 2110 5664 '
2149 5643 2302 5696 Alias
2336 5639 2538 5696 CCXV.
2575 5638 2791 5707 Scripta
2829 5649 2973 5690 anno
3005 5630 3129 5707 5'71:

2095 5719 2135 5737 "
2170 5713 2318 5767 Alias
2353 5708 2621 5767 CCCVI“.
2663 5699 2880 5778 Scripta
2920 5718 3063 5759 anno
3101 5699 3228 5758 371.
