3988 6194
367 254 483 316 «(55

864 386 1206 443 EPISTOLA
1241 383 1471 441 LXXX'.

1702 250 1762 305 S.
1803 246 2048 305 BASILII
2087 247 2302 304 MAGNI
2326 299 2331 302 .

3510 252 3619 310 156

2630 385 2972 439 ΕΠΙΣΤΟΛΗ
3008 386 3090 439 Π’.

373 507 552 572 Sperat
576 505 787 557 Basilius
809 506 1046 557 Ecclesias
1069 502 1320 574 Athanasii
1351 499 1573 566 precious
1596 516 1643 572 et
1667 501 1886 573 consiliis
1923 516 1986 573 ea:
2007 508 2282 566 tempestate
2319 501 2564 551 horrenda
2586 501 2775 570 servari
2796 514 2952 571 posse.
2975 503 3212 551 Hortatur
3235 507 3287 572 ut
3312 497 3620 613 Wecari

435 574 603 613 cesset.
628 582 713 613 nec
729 567 950 613 scribere.
977 570 1366 613 Prmtermtssam
1388 564 1448 613 ab
1467 577 1525 613 eo
1544 564 1787 613 scribendi
1809 576 2107 613 occasionem
2129 563 2294 613 dolet:
2316 574 2543 613 maanum
2567 563 2659 613 stln
2678 563 2899 612 solatium
2921 576 2952 612 a
2974 564 3072 613 Deo
3094 574 3333 613 accentsse
3495 568 3618 613 etut.

435 574 603 627 cesset,
628 582 713 619 nec
729 567 950 629 scribere.
977 563 1366 629 Prwtermissam
1388 564 1448 614 ab
1467 577 1525 615 eo
1544 563 1787 615 scribendi
1809 563 2113 615 occasionem
2129 563 2258 615 dolet
2278 576 2294 614 :
2316 574 2543 629 magnum
2567 563 2659 613 sibi
2678 563 2899 612 solatium
2921 576 2952 612 a
2974 564 3072 614 Deo
3094 563 3333 628 accepisse
3357 563 3618 621 uideretur,

434 632 479 681 si
497 629 810 681 Athanasium
833 628 998 681 videre
1028 627 1328 692 contingeret.

655 737 970 802 Athanasio,
1022 733 1363 789 Alexandria
1399 733 1662 802 episcopo.

447 851 567 918 Quo
592 848 766 920 magis
794 848 1162 903 Ecclesiarum
1209 846 1386 900 morbi
1432 846 1838 915 ingravescunt,
1880 860 1947 900 eo

373 943 550 1012 magis
585 955 776 995 omnes
822 939 890 993 ad
930 947 1079 992 tuam
1125 937 1498 993 convertimur
1551 937 1945 1006 praestantiam,

375 1049 540 1087 unum
575 1032 734 1087 nobis
767 1031 1035 1086 malorum
1083 1028 1339 1083 solatium
1383 1043 1675 1098 superesse
1719 1027 1943 1082 creden-

374 1129 472 1182 tes,
510 1120 734 1174 tutelam
791 1125 973 1184 tuam;
1007 1117 1102 1187 qui
1143 1126 1197 1170 et
1241 1117 1444 1171 virtute
1477 1131 1722 1186 precum,
1762 1124 1817 1171 et
1861 1130 1948 1171 re-

372 1225 493 1263 rum
529 1211 858 1280 optimarum
895 1209 952 1263 in
984 1208 1224 1278 negotiis
1265 1207 1732 1279 suggerendarutn
1766 1208 1945 1264 scien-

369 1302 468 1367 tia,
504 1316 725 1357 servare
756 1317 860 1356 nos
882 1316 1045 1371 posse
1071 1317 1137 1356 ex
1176 1301 1281 1355 hac
1310 1301 1584 1356 horrenda
1619 1310 1946 1371 tempestate

371 1395 512 1464 apud
550 1409 739 1451 omnes
772 1395 998 1466 pariter,
1045 1396 1139 1465 qui
1186 1396 1271 1450 vel
1306 1395 1576 1449 tantillum
1611 1403 1705 1449 aut
1753 1396 1945 1451 auditu

371 1491 466 1537 aut
501 1485 838 1554 experientia
877 1485 1248 1555 praestantiam
1299 1492 1449 1540 tuam
1498 1493 1791 1550 noverunt,
1834 1485 1947 1541 exi-

371 1576 635 1632 stimaris.
669 1574 849 1641 Quare
878 1592 950 1631 ne
981 1591 1167 1632 cesses
1203 1586 1258 1632 et
1284 1577 1496 1648 precari
1527 1592 1624 1648 pro
1655 1578 1944 1633 animabus

371 1667 601 1729 nostris,
633 1673 689 1721 et
738 1680 840 1721 nos
874 1681 970 1737 per
1016 1666 1227 1721 litteras
1283 1668 1529 1723 excitare
1561 1686 1574 1723 :
1607 1684 1843 1738 quarum
1894 1669 1942 1724 si

369 1757 545 1813 scires
579 1764 780 1827 quanta
819 1758 892 1812 sit
931 1758 1163 1822 utilitas,
1204 1773 1485 1829 nunquam
1526 1775 1657 1815 sane
1698 1761 1941 1816 oblatam

369 1846 472 1900 tibi
503 1844 569 1899 ad
602 1861 703 1901 nos
746 1846 1025 1902 scribendi
1069 1848 1418 1904 occasionem
1468 1851 1938 1920 praetermisisses.

370 1939 527 2006 Quod
564 1940 610 1994 si
656 1954 882 2008 precum
924 1947 1142 1993 tuarum
1183 1954 1286 2010 ope
1317 1940 1546 1995 baberer
1588 1941 1808 2013 dignus,
1845 1944 1941 2014 qui

367 2031 611 2085 viderem
642 2039 714 2095 te,
746 2046 810 2086 ac
832 2031 900 2085 iis
930 2046 1053 2100 quas
1088 2031 1144 2086 in
1181 2039 1234 2087 te
1257 2039 1385 2086 sunt
1412 2032 1572 2089 bonis
1601 2033 1935 2104 perfruerer,

2246 730 2582 794 Αθανασίῳ,
2624 728 2936 795 ἐπισκόπῳ
2976 727 3442 798 Ἀλεξανδρείας.

2118 844 2282 897 Ὅσον
2325 842 2432 897 τῶν
2493 840 2827 911 Ἐκκλησιῶν
2868 840 2938 895 τὰ
2977 841 3384 912 ἀρρωστήματα
3427 839 3522 893 ἐπὶ
3561 840 3620 893 τὸ

2049 934 2233 1008 μεῖζον
2266 936 2498 1007 πρόεισι,
2545 932 2797 987 τοσοῦτον
2839 933 3041 996 πάντες
3096 933 3189 987 ἐπὶ
3212 933 3310 1004 τὴν
3351 934 3448 1004 σὴν
3494 935 3619 986 ἐπι-

2046 1025 2392 1097 στρεφόμεθα
2437 1024 2769 1094 τελειότητα,
2806 1023 2935 1094 μίαν
2973 1024 3184 1087 ἑαυτοῖς
3231 1022 3619 1081 ὑπολείπεσθαι

2043 1115 2151 1169 τῶν
2182 1115 2369 1169 δεινῶν
2402 1114 2757 1186 παραμυθίαν
2795 1115 2894 1186 τὴν
2938 1116 3038 1185 σὴν
3074 1114 3408 1185 προστασίαν
3451 1132 3617 1169 πεπι-

2045 1207 2332 1271 στευκότες
2355 1221 2368 1237 ο
2409 1207 2468 1271 ὃς
2501 1208 2595 1260 καὶ
2625 1205 2733 1277 (48)
2764 1208 2831 1277 τῇ
2877 1206 3103 1278 δυνάμει
3137 1206 3243 1259 τῶν
3279 1207 3618 1278 προσευχῶν,

2043 1297 2233 1369 καὶτῷ
2260 1297 2456 1351 εἰδέναι
2483 1300 2551 1352 τὰ
2585 1296 2835 1368 βέλτιστα
2889 1300 3000 1361 τοῖς
3058 1298 3380 1368 πράγμασιν
3432 1298 3623 1352 ὑποτίο

2043 1389 2255 1455 θεσθαι,
2294 1389 2665 1443 διασώσασθαι
2706 1390 2855 1460 ἡμᾶς
2902 1389 2966 1442 ἐκ
3015 1389 3109 1443 τοῦ
3156 1389 3387 1460 φοϐεροῦ
3425 1390 3620 1444 τούτου

2041 1481 2309 1552 χειμῶνος
2344 1482 2494 1552 παρὰ
2518 1480 2737 1534 πάντων
2772 1480 2973 1551 ὁμοίως
3001 1479 3108 1533 τῶν
3132 1480 3226 1533 καὶ
3259 1479 3401 1533 κατὰ
3423 1479 3619 1551 μικρὸν

2041 1572 2076 1644 ἢ
2113 1574 2248 1645 ἀκοῇ
2288 1572 2322 1646 ἦ
2369 1572 2535 1645 πείρᾳ.
2580 1572 2955 1645 γνωριζόντων
3010 1571 3109 1643 τὴν
3161 1570 3474 1643 τελειότητά
3524 1587 3619 1625 σου

2042 1666 2294 1740 πιστεύῃ.
2328 1667 2419 1720 Διὸ
2444 1666 2519 1738 μὴ
2545 1668 2677 1738 ἀνῇς
2709 1666 2818 1740 (49)
2864 1668 2961 1721 καὶ
3005 1666 3438 1738 προσευχόμενος
3479 1668 3620 1738 ὑπὲρ

2041 1759 2148 1813 τῶν
2171 1759 2357 1830 ψυχῶν
2386 1759 2566 1830 ἡμῶν,
2595 1760 2690 1814 καὶ
2718 1759 2997 1832 διεγείρων
3034 1762 3182 1831 ἡμᾶς
3221 1762 3334 1823 τοῖς
3356 1758 3623 1831 γράμμα-

2042 1866 2159 1904 σιν·
2194 1844 2267 1903 ῶν
2293 1852 2340 1904 εί
2373 1851 2519 1921 ᾔδεις
2562 1851 2757 1905 ὁπόσον
2804 1851 2922 1903 ἐστὶ
2965 1850 3027 1903 τὸ
3064 1849 3358 1920 ὠφέλιμον,
3409 1850 3509 1903 οὐκ
3556 1848 3623 1902 ἂν

2041 1957 2172 1995 ποτε
2204 1942 2628 2013 παραπεσοῦσάν
2678 1959 2761 1995 σοι
2810 1942 3152 2014 γραμμάτων
3183 1941 3435 2013 ἀφορμὴν
3483 1941 3623 2012 πρὸς

2041 2032 2190 2103 ἡμᾶς
2222 2034 2515 2106 ὑπερέϐης.
2554 2036 2617 2088 Ei
2647 2034 2704 2088 δὲ
2730 2034 3198 2106 καταξιωθείημεν
3243 2036 3309 2105 τῇ
3364 2033 3623 2104 συνεργία

368 2130 534 2193 atque
561 2122 630 2178 ad
664 2137 797 2178 mete
824 2123 950 2177 vita:
977 2123 1260 2178 historiam
1298 2139 1657 2195 congressum
1693 2142 1817 2181 cum
1847 2136 1941 2182 tuo

2051 2123 2150 2177 τῶν
2178 2125 2497 2197 προσευχῶν
2533 2141 2626 2179 σου
2660 2126 2785 2180 ἰδεῖν
2824 2143 2884 2180 σε
2929 2126 3024 2180 καὶ
3069 2124 3375 2180 ἀπολαῦσαι
3416 2125 3523 2178 τῶν
3563 2126 3622 2176 ἐν

367 2229 496 2271 vere
539 2228 737 2285 magno
778 2222 831 2270 et
861 2215 1165 2286 apostolico
1205 2215 1393 2270 animo
1439 2216 1770 2287 adjicerem;
1817 2234 1943 2290 pro-

369 2304 515 2360 fecto
561 2305 695 2359 mihi
747 2304 965 2360 viderer
993 2305 1278 2370 arumnis,
1326 2321 1467 2377 quas
1522 2308 1579 2362 in
1629 2309 1779 2363 omni
1818 2326 1939 2367 mea

367 2397 479 2452 vita
510 2411 802 2468 perpessus
837 2411 982 2461 sum,
1014 2411 1203 2467 parem
1235 2412 1268 2451 a
1297 2396 1394 2453 Dei
1427 2398 1770 2471 benignitate
1802 2416 1938 2457 con-

366 2490 695 2546 solationem
728 2488 1029 2560 accepisse.

827 2764 1166 2827 EPISTOLA
1202 2765 1420 2823 LXXXI

371 2888 579 2952 Rogatus
596 2884 950 2952 abjnnocentio
978 2883 1193 2938 Basilius
1212 2893 1280 2949 ut,
1303 2901 1364 2952 eo
1384 2895 1592 2952 mortuo,

2047 2213 2129 2267 σοί
2187 2215 2428 2284 ἀγαθῶν,
2477 2216 2571 2269 καὶ
2609 2215 2923 2286 προσθεῖναι
2965 2217 3032 2286 τῇ
3096 2214 3306 2286 ἱστορίᾳ
3350 2211 3444 2266 τοῦ
3487 2214 3625 2283 ἠμε-

2044 2304 2202 2377 τέρου
2239 2304 2355 2376 βίου
2404 2305 2502 2378 τὴν
2543 2305 2831 2376 συντυχίαν
2871 2305 2973 2375 τῆς
3023 2303 3264 2375 μεγάλης
3313 2318 3407 2356 σου
3453 2301 3625 2363 ὅντως

2044 2394 2139 2448 καὶ
2187 2394 2550 2466 άποστολικῆς
2603 2393 2779 2465 ψυχῆς
2802 2411 2818 2425 ’
2885 2393 3103 2457 πάντως
3155 2392 3221 2447 ἂν
3268 2393 3478 2454 ἑαυτοῖς
3494 2382 3622 2458 ’(50)

2044 2486 2428 2558 ἐλογισάμεθα,
2469 2481 2544 2541 ὧν
2572 2486 2864 2558 ἐθλίὸημεν
2902 2488 2960 2540 ἐν
2997 2487 3147 2558 πάσῃ
3186 2487 3253 2555 τῇ
3287 2482 3399 2554 ζωῇ
3443 2482 3621 2552 ἡμῶν,

2044 2578 2368 2650 ἀντίρροπον
2398 2578 2548 2647 παρὰ
2580 2579 2678 2649 τῆς
2707 2579 2815 2632 τοῦ·
2836 2575 2974 2633 Θεοῦ
3016 2574 3437 2649 φιλανθρωπίαιιέ
3463 2575 3623 2649 ἐσχη-

2042 2669 2195 2723 κέναι
2225 2669 2598 2741 παραμυθίαν.

2588 2782 2939 2838 ΕΠΙΣΤΟΛΗ
2964 2781 3092 2836 IIA'.

1672 2890 2030 2973 genesta:
2050 2912 2219 2973 curam
2238 2900 2488 2967 suscipiat,
2516 2909 2699 2973 tantum
2726 2915 2849 2973 onus
2866 2915 2898 2951 a
2926 2915 2978 2952 se
3000 2901 3309 2965 deprecatur.
3347 2900 3448 2952 Sed
3479 2901 3626 2973 altera

428 2905 579 2956 ιβιζιιιδ
596 2905 950 2957 αυ,ιῑιηιζσοξηιιο
978 2905 1193 2938 nasutus
1212 2905 1280 2949 ιιι»
1303 2905 1362 2939 eo
1384 2905 1592 2959 motum.
1618 2905 1775 3002 πίστιες
1797 2905 2030 2967 taceam:
2050 2912 2219 2968 curam
2238 2905 2488 2967 suscipiat,
2516 2909 2699 2953 tantum
2726 2915 2849 2952 onus
2866 2915 2898 2951 a
2926 2915 2978 2952 se
3000 2905 3309 2965 deprecatur.
3347 2905 3448 2952 Sed
3479 2905 3626 2973 altera

428 2948 565 3026 stltus
582 2954 796 3026 petitioni
816 2947 1267 3026 ίξρεῃῃαιιῃυερξ,
1281 2949 1425 3026 ὀιῖενι
1444 2964 1488 3001 et
1512 2965 1626 3026 pres
1656 2961 1847 3026 yterunt
1867 2969 2250 3026 omntmrtutum
2285 2977 2458 3026 genere
2480 2971 2722 3026 ornatum,
2749 2971 2800 3013 ut
2823 2977 2935 3014 eum
2961 2976 3285 3015 successorem
3317 2977 3456 3026 suum
3492 2966 3629 3018 dest-

434 3015 557 3074 gnet.
582 3008 749 3060 ’Alium
768 3009 967 3073 petierat
995 3008 1681 3079 Innocentius,"ltonum'illuni'
1692 3015 1907 3080 quidem,
1927 3021 2013 3070 sed
2028 3008 2267 3087 pridie};
2284 3008 2862 3094 ZiIH'tJnyéiiiféiierﬁ.‘

843 3113 1152 3170 Innocentio
1192 3118 1461 3188 episcopo.

442 3226 721 3297 Quantum
763 3231 986 3301 gavisus
1032 3247 1155 3286 sum
1204 3233 1449 3304 acceptis
1489 3234 1804 3293 dilectionis
1841 3245 1947 3295 tuae

2393 3131 2753 3197 Ἰννοκεντίῳ
2779 3128 3090 3197 ἐπισκόπῳ
3116 3128 3228 3200 (51)
3239 3170 3252 3186 .

2126 3247 2286 3299 Ὅσον
2326 3245 2612 3317 εὐθύμησα
2649 3245 2941 3317 δεξάμενος
2988 3245 3294 3317 γράμματα
3344 3243 3440 3314 τῆς
3487 3241 3631 3313 ἀγάο

369 3319 595 3385 litteris,
624 3326 835 3374 tantum
869 3320 1019 3376 dolui
1043 3323 1190 3392 quod
1224 3324 1360 3377 mihi
1387 3325 1800 3393 sollicitudinis,
1824 3344 1943 3399 quae

2051 3353 2156 3407 πης
2197 3353 2314 3403 σου,
2360 3335 2615 3390 τοσοῦτον
2654 3335 2950 3407 ἐλυπήθην,
2998 3335 3082 3390 ὃτι
3131 3334 3298 3407 βάρος
3352 3332 3629 3405 ἐπέθηκας

371 3426 524 3467 meas
567 3412 715 3468 vires
768 3421 1020 3482 superat,
1074 3430 1217 3471 onus
1267 3416 1618 3486 imposueris.
1660 3418 1947 3486 Quomodo

371 3505 520 3559 enim
568 3503 777 3573 possim
820 3520 888 3559 ex
944 3515 1099 3562 tanto
1148 3507 1439 3563 intervallo
1491 3519 1704 3565 tantum
1747 3528 1947 3570 munus

372 3594 684 3650 sustinere?
710 3594 964 3662 Quandiu
1006 3598 1153 3652 enim
1184 3615 1284 3655 vos
1315 3600 1536 3670 quidem
1566 3602 1812 3672 possidet
1840 3603 1945 3660 Ec-

373 3687 565 3752 clesia,
616 3694 878 3758 tanquam
932 3689 988 3743 in
1038 3689 1281 3760 prepriis
1332 3690 1525 3747 fulcris
1575 3694 1814 3763 quiescit
1851 3714 1865 3750 :
1899 3699 1945 3752 si

371 3795 504 3836 uero
546 3779 614 3834 de
642 3788 826 3835 vestra
869 3780 980 3834 vita
1028 3779 1294 3837 Dominus
1341 3781 1621 3854 quidpiam
1670 3787 1943 3852 statuerit,

370 3887 647 3946 quosnam
683 3872 813 3927 hinc
848 3873 1006 3928 vobis
1032 3888 1197 3944 pares
1233 3872 1395 3945 174
1423 3874 1490 3929 ad
1522 3874 1725 3930 fratres
1754 3891 1947 3930 curau-

372 3967 475 4023 dos
513 3966 730 4021 mittere
769 3965 1018 4020 valeam?
1048 3964 1205 4031 Quod
1261 3973 1470 4035 spectat
1519 3965 1587 4019 ad
1623 3966 1943 4035 petitionem

373 4066 545 4121 tuam,
577 4072 740 4127 quam
774 4073 870 4128 per
898 4058 1109 4113 litteras
1154 4056 1479 4128 signiﬁcasti
1517 4056 1688 4128 (recte
1721 4058 1944 4128 quidem

373 4157 429 4205 et
463 4150 757 4221 prudenter
797 4150 1029 4215 faciens,
1086 4157 1147 4204 ut
1190 4147 1368 4204 vivus
1396 4150 1581 4205 videre
1633 4151 1765 4206 velis
1798 4166 1944 4213 eum,

374 4242 470 4313 qui
502 4242 739 4296 electum
773 4240 990 4297 Domini
1035 4257 1253 4314 gregem
1285 4249 1407 4313 post
1456 4251 1508 4297 te
1540 4242 1945 4313 gubernaturus

374 4339 482 4399 est,
518 4333 573 4388 id
609 4332 756 4402 quod
803 4341 856 4388 et
901 4333 1095 4388 beatus
1142 4331 1326 4387 Moses
1359 4339 1413 4386 et
1445 4334 1725 4402 exoptavit
1765 4341 1820 4387 et
1858 4334 1945 4388 vi-

373 4424 477 4496 dit)
507 4443 522 4494 ;
557 4435 683 4479 cum
714 4425 880 4496 igitur
912 4432 967 4480 et
999 4424 1153 4479 locus
1181 4424 1395 4494 amplus
1441 4424 1534 4489 sit,
1577 4433 1633 4480 et
1670 4425 1942 4493 celebris;

375 4523 640 4587 tuumque
680 4531 820 4588 opus
866 4518 1010 4586 apud
1061 4516 1266 4571 multos
1310 4516 1541 4583 clarum,
1598 4532 1662 4572 ac
1697 4524 1942 4588 tempora

374 4605 635 4676 difﬁcilia,
671 4622 870 4678 magno
905 4605 1206 4677 indigentia
1250 4608 1613 4676 gubernatore
1658 4610 1730 4663 ob
1759 4608 1943 4663 conti-

2048 3428 2179 3498 ἡμῖν
2225 3426 2503 3498 φροντίδος
2546 3431 2645 3498 τῆς
2696 3426 3130 3499 ὑπερϐαινούσης
3160 3428 3328 3498 ἡμᾶς.
3365 3426 3491 3490 Πῶς
3514 3427 3627 3498 γὰρ

2044 3515 2365 3589 δυνηθῶμεν
2418 3517 2529 3569 ἀπὸ
2574 3516 2828 3570 τοσούτου
2885 3517 3249 3590 διαστήματος
3276 3556 3292 3583 ,
3360 3517 3626 3587 τοσαύτης

2044 3610 2209 3680 ἡμεῖς
2272 3608 2582 3679 οἰκονομίας
2646 3609 3064 3681 περιγενέσθαι;
3139 3608 3289 3672 Ἕως
3352 3608 3451 3679 μὲν
3512 3607 3625 3679 γὰρ

2047 3700 2190 3770 ὑμᾶς
2209 3699 2321 3771 ἔχει
2355 3701 2389 3770 ἡ
2429 3699 2754 3770 Ἐκκλησία,
2808 3700 2884 3763 ὡς
2927 3701 3079 3764 ἰδίοις
3121 3699 3485 3771 στηρίγμασιν
3533 3701 3627 3753 ἐπ-
3710 3718 3715 3721 ·

2046 3790 2403 3845 ἀναπαύεται·
2429 3790 2523 3845 ἐὰν
2554 3790 2612 3844 δέ
2635 3808 2687 3843 τι
2711 3791 2840 3861 περὶ
2872 3790 2969 3862 τῆς
2999 3791 3268 3862 ὑμετέρας
3294 3791 3436 3862 ζωῆς
3456 3793 3485 3844 6
3509 3791 3626 3843 Κύ-

2050 3900 2163 3956 ριος
2188 3883 2540 3955 οίκονομήσῃ,
2586 3882 2739 3945 τίνας
2778 3881 3010 3951 δύναμαι
3053 3880 3164 3952 (52)
3211 3881 3504 3953 ὁμοτίμους
3538 3882 3628 3934 ἐν-

2043 3973 2235 4029 τεῦθεν
2267 3973 2397 4045 ὑμῖν
2426 3975 2505 4037 εἰς
2536 3972 2637 4043 τὴν
2670 3971 2986 4043 ἐπιμέλειαν
3012 3971 3119 4025 τῶν
3141 3971 3386 4042 ἀδελφῶν
3417 3973 3629 4045 ἐκπέμ-

2047 4082 2204 4131 πειν;
2237 4066 2410 4137 Ὅπερ
2445 4066 2508 4118 σὺ
2543 4064 2655 4135 (55)
2698 4064 3042 4136 ἐπεζήτησας
3085 4061 3176 4116 διὰ
3217 4061 3325 4116 τῶν
3367 4063 3626 4136 γραμμά-

2045 4173 2175 4219 των,
2221 4156 2401 4219 καλῶς
2444 4156 2613 4209 ποιῶν
2654 4155 2749 4209 καὶ
2784 4155 3093 4227 ἐμφρόνως,
3143 4154 3465 4227 βουλόμενος
3513 4155 3626 4220 ζῶν

2050 4247 2176 4301 ἰδεῖν
2210 4248 2299 4300 τὸν
2331 4247 2469 4319 μετά
2518 4249 2578 4301 σὲ
2625 4246 2886 4318 μέλλοντα
2934 4247 3206 4320 κυϐερνᾷν
3256 4247 3317 4301 τὸ
3368 4248 3625 4303 ἐκλεκτὸν

2046 4337 2293 4408 ποίμνιον
2318 4337 2411 4391 τοῦ
2439 4338 2645 4411 Κυρίου
2665 4356 2679 4369 ·
2718 4338 2747 4392 ὃ
2770 4340 2863 4393 καὶ
2892 4341 2921 4392 6
2956 4338 3225 4411 μακάριος
3258 4338 3499 4410 Μωῦσῆς
3526 4342 3625 4394 καὶ

2046 4426 2359 4500 ἐπεθύμησε
2379 4429 2474 4483 καὶ
2501 4427 2642 4483 εἶδεν
2662 4444 2677 4460 ·
2709 4430 2832 4482 ἐπεὶ
2853 4424 2944 4484 οὖν
2973 4429 3067 4484 καὶ
3092 4431 3120 4482 6
3138 4429 3301 4495 τόπος
3330 4430 3503 4501 μέγας
3528 4432 3626 4485 καὶ

2046 4518 2387 4592 περιϐόητος,
2421 4521 2516 4575 καί⁸
2551 4521 2613 4574 τὸ
2638 4521 2730 4574 σὸν
2779 4521 2938 4593 ἔργον
2978 4523 3131 4593 παρὰ
3173 4521 3388 4586 πολλοῖς
3423 4524 3625 4592 ὀνομα-

2049 4610 2192 4694 στόν,
2222 4612 2316 4666 καὶ
2349 4613 2399 4666 οἱ
2426 4613 2609 4684 καιροί¹
2641 4613 2906 4684 χαλεποὶ,
2945 4612 3181 4684 μεγάλου
3203 4614 3392 4686 χρείαν
3412 4612 3629 4685 ἔχοντες
3672 4670 3677 4674 ,

447 4738 640 4821 :Alias
665 4737 1095 4821 XEI§;'$_c_ripta
1117 4755 1260 4821 anno
1289 4740 1413 4803 571,
1434 4748 1536 4821 aut
1562 4740 1668 4796 572
1698 4743 1940 4799 ineunte.

2051 4745 2216 4821 Paulo
2247 4759 2371 4820 post
2399 4750 2534 4806 editi
2575 4749 2684 4805 τῶν
2710 4750 2875 4804 αὐτοῦ
2916 4750 3177 4821 ἀδελφῶν.
3209 4750 3315 4807 Sed
3341 4751 3498 4808 deest
3525 4753 3628 4807 αύ-

429 4795 492 4836 ’“
527 4810 678 4864 Alias
706 4809 981 4866 CCCXIX.
1008 4795 1230 4879 'Scripta
1265 4795 1412 4863 anno
1434 4809 1556 4865 372.

445 4879 558 4952 (48)
596 4881 701 4945 ⁸ος
732 4881 897 4952 καὶ...
929 4882 1208 4949 πιστεύῃ.
1236 4879 1405 4936 Coisl.
1455 4880 1668 4952 primus
1700 4888 1757 4937 et
1798 4880 1940 4939 Med.

374 4949 634 5014 ὡςήκαὶ...
671 4949 967 5003 πιστεύειν.

456 5019 561 5091 (i9)
588 5019 683 5089 Μὴ
712 5019 886 5091 ἀνῇς.
927 5019 1018 5074 Sic
1055 5034 1255 5091 magno
1281 5034 1557 5074 consensu
1587 5036 1719 5091 mss.
1744 5029 1799 5076 et
1827 5022 1945 5077 edi-

375 5090 692 5161 tio'Hagan.
725 5091 793 5144 At
837 5090 1168 5161 Parisiensis
1202 5090 1276 5160 μὴ
1314 5091 1577 5161 ἁποκνῇς.
1614 5090 1786 5146 Paulo
1819 5104 1945 5161 post

373 5161 588 5233 editifei
610 5160 784 5233 εἴδης.
815 5161 984 5233 ςοίει.
1020 5160 1232 5233 primus
1254 5168 1308 5214 et
1331 5168 1444 5233 tres
1470 5160 1567 5233 alii
1597 5171 1657 5215 ut
1689 5163 1743 5216 in
1766 5160 1940 5233 testu.

929 5229 1194 5304 ltaiidcm
1234 5245 1370 5286 mss.
1404 5229 1550 5284 Editi
1591 5233 1802 5304 αὐτοῖς.
1836 5231 1947 5287 lbi-

370 5299 497 5357 dem
526 5299 989 5375 editifltiwopsv.
1024 5299 1158 5357 Mss.
1204 5309 1413 5370 septem
1442 5308 1497 5356 et
1545 5302 1714 5357 editio
1761 5302 1944 5375 llaga-

372 5373 605 5443 noensis
624 5370 808 5443 ὲθλίὸη
818 5370 936 5440 μεν.

467 5441 556 5512 51)
597 5441 964 5510 Ἰννοκεντιῳ
1003 5441 1330 5509 ἐπισκόπῳ.
1375 5441 1666 5512 Postrema
1690 5457 1793 5496 vox
1846 5442 1943 5497 ad-

371 5511 484 5567 dita
525 5511 587 5567 es
635 5512 879 5584 quinque
911 5528 1046 5568 mss.
1090 5512 1254 5565 Addit
1291 5512 1531 5566 Clarom.
1576 5511 1815 5584 Ῥώμης,
1845 5516 1938 5568 sed

371 5596 599 5655 prorsus
631 5582 887 5655 absurde.

442 5651 551 5724 (52)
584 5653 863 5723 Δύναμαι.
913 5650 991 5707 lta
1042 5667 1174 5710 mss.
1226 5667 1435 5709 omnes.
1486 5650 1631 5707 Editi
1690 5651 1932 5708 δύναται.

2048 4818 2142 4872 τοῦ
2173 4820 2228 4874 in
2247 4818 2523 4875 _omnibus
2559 4835 2693 4874 mss.

2124 4889 2235 4961 (53)
2272 4890 2458 4960 Ὅπερ
2497 4892 2601 4961 σύ.
2630 4889 2873 4945 Dillicilis
2893 4898 2949 4961 et
2981 4890 3321 4947 subobscura
3352 4892 3468 4947 haec
3495 4907 3625 4947 ver-

2050 4958 2245 5031 borum
2277 4958 2605 5031 complexio,
2641 4968 2754 5014 tum
2784 4960 3157 5031 quia_longior
3197 4969 3312 5024 est,
3345 4971 3461 5016 tum
3491 4963 3624 5031 quia

2049 5026 2652 5102 superﬂuum—videtur
2700 5026 2832 5085 illud
2885 5026 2997 5093 οὖν,
3040 5026 3198 5102 'quod
3243 5033 3444 5102 legitur
3496 5026 3624 5102 post

2050 5100 2191 5154 ἐπεί.
2225 5100 2425 5155 Lucem
2466 5100 2662 5156 afferre
2705 5107 2936 5171 conatus
2979 5116 3099 5155 sum
3138 5100 3379 5156 adhibita
3423 5100 3626 5171 paren-

2052 5172 2200 5225 thesi
2238 5172 2293 5225 in
2326 5171 2795 5241 interpretatione.
2826 5170 3085 5236 Quamvis
3119 5182 3297 5227 autem
3330 5170 3437 5227 hoc
3461 5173 3628 5227 Inuo-

2050 5241 2218 5295 centii
2247 5242 2536 5296 consilium
2576 5257 2703 5295 cum
2731 5242 3036 5295 canonibus
3063 5242 3243 5297 minus
3286 5244 3622 5304 consentiat,

2050 5311 2186 5383 illud
2234 5320 2416 5383 tamen
2450 5312 2684 5367 Basilius
2727 5311 3299 5383 etiam‘atque‘etiam
3345 5316 3538 5383 probat
3568 5321 3624 5368 et

2049 5379 2256 5436 laudat.
2288 5380 2476 5451 Neque
2514 5383 2565 5437 id
2600 5383 2804 5452 mirum
2832 5379 3018 5436 videri
3037 5380 3218 5452 debet.
3242 5379 3376 5438 Nam
3405 5391 3622 5452 tempo-

2047 5465 2171 5505 rum
2203 5450 2465 5508 molestiae
2497 5460 2554 5507 et
2592 5451 2962 5522 impendentia
3003 5450 3071 5504 ab
3112 5452 3329 5509 Arianis
3378 5450 3624 5522 pericula

2046 5523 2428 5646 necessitatem
2470 5522 2764 5580 aﬂ'erebant
2801 5521 2867 5578 de
2899 5534 3167 5597 canonum
3211 5521 3500 5581 severitate
3532 5536 3625 5578 re-

2046 5607 2118 5646 ml
2152 5603 2238 5646 ten
2285 5609 2319 5645 Ι.

2046 5592 2319 5647 mittendi.
