3988 6194
382 318 493 378 45Ἱ

1261 320 1752 379 EPISTOLABUM
1790 320 2082 378 CLASSIS
2120 319 2186 378 Il.
2221 320 2442 380 EPIST.
2484 320 2746 379 LXXXII.

3522 316 3632 375 458

384 435 742 508 κυϐερνήτου,
772 436 861 491 διὰ
882 436 982 502 τάς
1014 420 1255 508 συνεχεῖς
1302 434 1469 503 ζάλας
1493 439 1586 493 καὶ
1625 440 1752 503 τοὺς
1802 441 1953 493 ἐπαν-

2063 453 2204 494 nuas
2228 440 2519 510 procellas,
2546 447 2599 494 et
2622 439 2969 508 insurgentes
2994 437 3049 491 in
3073 435 3376 492 Ecclesiam
3400 432 3630 504 ﬂuctus;

389 526 716 596 ισταμένους
772 526 1048 591 κλύδωνας
1098 530 1163 599 τῇ
1213 527 1537 599 Ἐκκλησίᾳ’
1581 527 1681 580 οὐκ
1736 528 1962 598 ὲνόμισα

384 617 629 686 ἀσφαλὲς
645 614 785 671 εἶναι
796 621 861 690 τῇ
888 620 993 691 ἐμῇ
1012 621 1155 691 ψυχῇ
1174 620 1576 691 ἀφωσιωμένως
1589 619 1668 691 τῷ
1681 619 1962 692 πράγματι

383 710 727 781 χρήσασθαι·
766 711 1000 783 μάλιστα
1044 711 1387 783 μεμνημένος
1432 705 1507 765 ὧν
1559 711 1825 783 ἔγραψας,
1880 715 1962 768 ὅτι

387 800 606 870 μέλλεις
640 802 733 855 ἐπὶ
766 800 861 855 τοῦ
903 802 1109 872 Κυρίου
1148 801 1629 857 ἀντικαθίστασθαι
1663 820 1771 874 μοι,
1809 804 1962 857 δικα-

385 891 610 964 ζόμενος
640 894 776 965 πρός
812 911 878 965 με
904 894 1042 965 ὑπὲρ
1064 896 1162 965 τῆς
1188 892 1443 965 ἀμελείας
1462 895 1570 948 τῶν
1606 895 1959 967 Ἐκκλησιῶν.

386 983 504 1039 Ἵνα
526 981 620 1038 οὖν
653 986 726 1057 μὴ
755 985 978 1040 εἰσέλθω
1008 988 1089 1050 εἰς
1116 980 1297 1057 κρίσιν
1326 987 1463 1057 μετά
1495 986 1611 1052 σοῦ,
1659 986 1793 1041 ἀλλά
1827 989 1962 1059 μᾶλα-

383 1076 478 1132 λον
508 1082 766 1134 κοινωνόν
802 1099 862 1135 σε
882 1081 942 1134 εὖ
952 1099 1026 1152 ρω
1042 1082 1154 1153 (54)
1169 1082 1268 1153 τῆς
1297 1083 1593 1151 ἀπολογίας
1612 1102 1732 1153 μου,
1754 1087 1852 1156 τῆς
1870 1087 1962 1139 ἐπὶ

381 1168 479 1222 τοῦ
511 1171 774 1242 Χριστοῦ,
802 1156 1267 1243 περιϐλεψάμενος
1322 1175 1380 1226 ὲν
1424 1173 1502 1243 τῷ
1561 1173 1817 1246 συνεδρίῳ
1865 1175 1958 1228 τοῦ

383 1263 778 1335 πρεσϐυτερίου
806 1262 899 1316 τοῦ
921 1264 1061 1317 κατὰ
1083 1266 1182 1335 τὴν
1215 1265 1387 1332 πόλιν,
1418 1265 1751 1338 ἐξελεξάμην
1778 1268 1838 1321 τὸ
1880 1287 1961 1322 τι-

386 1353 657 1425 μιώτατον
688 1355 800 1427 (55)
826 1354 1037 1421 σκεῦος,
1068 1357 1157 1409 τὸν
1184 1356 1402 1428 ἔκγονον
1423 1358 1514 1411 τοῦ
1544 1359 1812 1429 μακαρίου
1837 1360 1960 1430 Ἐρ-

386 1441 668 1510 μογένους,
699 1442 791 1495 τοῦ
823 1443 921 1513 τὴν
957 1445 1199 1514 μεγάλην
1233 1446 1325 1498 καὶ
1346 1445 1620 1517 ἄρρηκτον
1648 1446 1959 1517 (56)πίστιν

380 1529 694 1600 γράψαντος
718 1532 776 1584 ἐν
800 1534 863 1603 τῇ
909 1532 1117 1604 μεγάλῃ
1155 1533 1390 1605 συνόδῳ·
1451 1533 1820 1607 πρεσϐύτερον
1857 1537 1959 1607 τῆς

396 1618 723 1690 Ἑκκλησίας
786 1622 850 1674 ὲκ
911 1621 1122 1675 πολλῶν
1193 1623 1296 1694 ἤδη
1355 1623 1510 1689 ἐτῶν,
1571 1624 1807 1695 εὐσταθῆ
1866 1625 1957 1679 τὸν

381 1714 603 1785 τρόπον,
650 1713 912 1784 ἔμπειρον
962 1715 1234 1779 κανόνων,
1278 1716 1480 1787 ἀκριϐῆ
1524 1716 1621 1788 τὴν
1672 1717 1871 1783 πίστιν,
1899 1720 1956 1774 ὲν

382 1803 679 1874 ἐγκρατείᾳ
712 1804 806 1857 καὶ
843 1806 1072 1876 ἀσκήσει
1117 1806 1276 1878 μέχρι
1301 1808 1410 1878 (57)
1443 1808 1536 1862 νῦν
1586 1809 1839 1878 διάγοντα
1861 1827 1874 1838 ·
1907 1814 1955 1865 εἰ

380 1894 475 1946 καὶ
506 1895 589 1949 ὅτι
622 1894 683 1948 τὸ
724 1895 938 1950 εὔτονον
969 1897 1133 1951 αὐτοῦ
1172 1900 1271 1970 τῆς
1317 1899 1736 1972 σκληραγωγίας
1773 1900 1955 1956 λοιπὸν

380 1987 794 2059 κατεδαπάνησε
825 1989 935 2059 (58)
969 1990 1069 2062 τὴν
1105 1991 1283 2061 σάρκα
1303 2007 1317 2021 ·
1349 1993 1581 2062 πτωχὸν.
1617 1994 1713 2047 καὶ
1753 1992 1956 2065 μηδένα

379 2079 650 2150 πορισμὸν
674 2079 784 2150 (59)
810 2078 1001 2150 ἔχοντα
1036 2082 1093 2133 ὲν
1131 2080 1210 2151 τῷ
1250 2082 1438 2153 κόσμῳ
1465 2081 1660 2152 τούτῳ.
1695 2082 1771 2145 ὡς
1823 2082 1957 2153 μηδὲ

379 2168 548 2240 ἄρτου
585 2170 747 2224 αὐτὸν
779 2170 1050 2243 εὐπορεῖν,
1085 2171 1221 2226 ἀλλά
1260 2172 1349 2226 διὰ
1378 2172 1484 2226 τῶν
1516 2173 1714 2245 χειρῶν
1763 2174 1957 2227 ἐκπλέ-

380 2277 496 2315 κειν
520 2260 613 2316 τὸν
647 2261 760 2330 βίον
788 2263 925 2334 μετά
945 2263 1055 2317 τῶν
1084 2263 1329 2333 ἀδελφῶν
1361 2265 1469 2319 τῶν
1494 2266 1759 2320 συνόντων
1785 2266 1953 2338 αὐτῷ.

377 2353 582 2408 Τοῦτον
613 2355 736 2424 ἐμοὶ
768 2354 1025 2427 βουλητόν
1068 2358 1214 2410 ἐστιν
1249 2358 1584 2415 ἀποστεῖλαι.
1629 2359 1692 2411 Εἰ
1738 2355 1830 2413 οὖν
1862 2361 1957 2415 καὶ

378 2444 541 2507 αὐτὸς
562 2443 803 2499 τοιούτου
840 2444 1062 2517 χρῄζεις
1084 2447 1293 2517 ἀνδρὸς,
1339 2447 1474 2501 ἀλλά
1517 2447 1592 2519 μὴ
1622 2448 1752 2502 αὐτὸ
1797 2449 1956 2505 τοῦτο

380 2536 646 2607 νεωτέρου
678 2536 787 2606 (60)
819 2538 962 2601 τινὸς
997 2538 1302 2609 ἐπιτηδείου
1337 2539 1496 2609 μόνον
1539 2540 1674 2610 πρὸς
1716 2541 1776 2594 τὸ
1823 2541 1956 2613 πέμ-

383 2627 577 2682 πεσθαι
611 2627 832 2693 καὶτὰς
866 2628 1125 2698 βιωτικάς
1159 2629 1402 2694 ὲξανύειν
1444 2631 1652 2702 χρείας,
1702 2632 1838 2703 ταχύ
1865 2650 1954 2704 μοι

378 2717 462 2773 διά
516 2717 743 2791 πρώτης
797 2722 1051 2792 ἀφορμῆς
1100 2721 1399 2775 ἐπιστεῖλαι
1454 2722 1810 2791 καταξίωσον,
1866 2725 1954 2779 ἵνα

381 2808 578 2880 πέμψω
627 2828 709 2865 σοι
751 2811 940 2865 τοῦτον
983 2812 1075 2864 τὸν
1126 2811 1316 2884 ἄνδρα,
1371 2812 1625 2867 ἐκλεκτὸν
1671 2813 1801 2868 ὄντα
1856 2814 1952 2868 τοῦ

377 2899 535 2967 Θεοῦ,
575 2903 672 2956 καὶ
719 2902 796 2971 τῷ
824 2905 1107 2976 πράγματι
1153 2904 1478 2975 ἐπιτήδειον,
1532 2905 1809 2976 αἰδέσιμον
1841 2910 1953 2971 τοῖς

378 2989 780 3059 ἐντυγχάνουσι,
806 2991 899 3043 καὶ
920 2991 978 3043 ὲν
1009 2991 1275 3065 πραότητι
1304 2993 1628 3048 παιδεύοντα
1647 2997 1774 3060 τοὺς
1806 2996 1954 3050 ἀντι-

2067 537 2242 585 tutum
2273 531 2469 586 animae
2499 546 2633 586 mea:
2660 546 2781 586 esse
2810 546 2918 584 non
2955 530 3139 601 putavi
3170 544 3282 586 rem
3309 527 3631 599 perfuncto-

2063 622 2144 676 rie
2193 630 2463 690 tractare;
2516 624 2752 678 maxime
2793 638 2918 677 cum
2979 622 3208 676 habeam
3265 620 3321 675 in
3371 621 3632 675 memoria

2062 714 2210 783 quod
2241 716 2533 786 scripsisti,
2568 724 2623 772 te
2667 716 2801 770 mihi
2836 730 3020 770 coram
3053 714 3284 768 Domino
3318 713 3633 768 adversatu-

2063 820 2206 870 rum,
2245 808 2366 863 lites
2412 808 2484 862 ob
2512 807 2883 863 Ecclesiarum
2923 808 3193 862 incuriam
3233 806 3628 860 intendentem.

2061 893 2139 950 Ne
2174 897 2340 967 igitur
2371 907 2549 953 tecum
2603 899 2657 952 in
2687 898 2954 968 judicium
2999 899 3241 963 veniam,
3292 898 3389 952 sed
3443 897 3630 967 potius

2060 989 2271 1043 socium
2300 996 2353 1043 te
2383 990 2653 1059 reperiam
2700 1005 2829 1046 meae
2867 989 3011 1060 apud
3045 991 3326 1046 Christum
3357 988 3633 1043 defensio-

2060 1080 2182 1146 nis;
2219 1080 2672 1150 circumSpiciens
2705 1081 2759 1134 in
2790 1081 3115 1151 presbyterii
3155 1081 3310 1135 urbis
3339 1095 3628 1143 consessu,

2059 1170 2193 1239 elegi
2225 1170 2683 1239 pretiosissimum
2732 1185 2849 1234 vas,
2895 1172 3174 1225 alumnum
3224 1170 3367 1224 beati
3401 1169 3632 1223 Hermo-

2059 1262 2237 1332 genis,
2278 1261 2371 1330 qui
2414 1276 2662 1332 magnam
2711 1262 2858 1316 illam
2910 1269 3073 1329 atque
3109 1263 3530 1330 insuperabilem
3574 1263 3633 1315 li-

2058 1352 2181 1407 dem
2224 1352 2452 1421 scripsit
2486 1352 2539 1404 in
2590 1366 2785 1423 magna
2828 1354 3070 1423 synodo;
3109 1354 3489 1424 presbyterum
3524 1356 3630 1409 Ec-

2058 1442 2240 1497 clesia:
2262 1457 2290 1495 a
2322 1442 2507 1497 inultis
2530 1441 2640 1510 jam
2671 1443 2850 1508 annis,
2875 1444 3133 1514 gravibus
3162 1458 3225 1498 ac
3247 1445 3629 1501 constantibus

2058 1534 2305 1588 moribus
2356 1534 2667 1603 praeditum,
2710 1534 2945 1604 peritum
3004 1548 3304 1599 canonum,
3348 1535 3627 1591 hominem

2059 1632 2329 1678 accuratae
2363 1624 2507 1687 lidei,
2560 1624 2615 1678 in
2649 1625 2953 1680 continenti
3008 1633 3061 1680 ct
3096 1629 3335 1683 ascetico
3377 1628 3630 1684 instituto

2056 1712 2321 1769 hactenus
2368 1714 2677 1784 degentem,
2731 1716 2833 1770 etsi
2888 1716 3036 1771 illius
3077 1718 3192 1786 jam
3244 1733 3464 1773 carnem
3502 1734 3633 1773 con-

1988 1781 2030 1836 B
2059 1807 2289 1875 sumpsit
2332 1806 2651 1861 austerioris
2685 1807 2810 1861 vita:
2844 1809 2989 1877 rigor
3019 1825 3036 1862 :
3062 1824 3354 1878 pauperem
3400 1824 3465 1865 ac
3512 1811 3631 1864 nul-

2056 1895 2141 1950 los
2171 1896 2224 1950 in
2258 1896 2363 1950 hoc
2397 1896 2602 1950 mundo
2634 1899 2845 1952 reditus
2869 1900 3259 1968 possidentem,
3291 1900 3427 1954 adeo
3461 1911 3521 1956 ut
3554 1918 3626 1957 ne

2057 1987 2216 2057 panis
2264 1988 2484 2059 quidem
2535 1989 2689 2058 copia
2727 1988 2832 2058 ipsi
2888 1999 3164 2059 suppetat,
3214 1993 3308 2048 sed
3363 2007 3627 2047 manuum

2055 2076 2242 2132 labore
2269 2092 2373 2132 una
2404 2093 2525 2133 cum
2562 2078 2843 2144 fratribus,
2867 2081 2959 2150 qui
2989 2096 3111 2133 cum
3145 2097 3209 2137 eo
3237 2090 3386 2149 sunt,
3419 2085 3624 2137 vietum

2057 2166 2162 2222 sibi
2210 2175 2511 2235 comparet.
2562 2166 2718 2223 Hunc
2749 2170 2881 2224 libet
2918 2173 3155 2227 mittere.
3203 2172 3260 2226 Si
3308 2174 3474 2244 igitur
3508 2178 3627 2230 viro
3676 2178 3681 2185 ’

2055 2259 2152 2312 tali
2185 2258 2415 2329 indiges,
2450 2274 2559 2313 non
2591 2274 2722 2315 vero
2759 2260 2978 2329 juniore
3023 2263 3227 2332 aliquo,
3263 2264 3329 2318 ad
3364 2264 3467 2319 hoc
3510 2273 3626 2319 tan-

2058 2357 2172 2405 tum
2209 2350 2405 2406 idoneo
2452 2359 2510 2405 ut
2540 2353 2808 2417 mittatur,
2859 2366 2923 2406 ac
2956 2355 3169 2423 negotia
3210 2365 3435 2426 peragat
3475 2364 3629 2412 exte-

2057 2443 2238 2510 riora;
2266 2445 2376 2497 cito
2405 2442 2470 2497 ad
2511 2459 2599 2498 me
2626 2445 2802 2514 prima
2834 2445 3125 2500 occasione
3152 2447 3337 2501 oblata
3385 2448 3627 2504 scribere

2058 2548 2127 2587 ne
2172 2533 2438 2603 graveris,
2486 2541 2547 2587 ut
2577 2532 2723 2587 hunc
2755 2533 2854 2587 tibi
2885 2534 3064 2588 virum
3114 2537 3353 2604 mittam,
3391 2541 3626 2594 electum

2056 2620 2174 2688 Dei,
2205 2632 2257 2677 et
2285 2624 2413 2677 huic
2438 2624 2514 2678 rei
2553 2632 2763 2694 aptum,
2799 2627 3157 2681 reverendum
3192 2629 3542 2699 adeuntibus,
3573 2643 3628 2687 et

2056 2713 2114 2767 in
2159 2714 2583 2769 mansuetudine
2643 2715 3000 2773 adversantes
3049 2720 3411 2775 erudientem.
3453 2722 3626 2788 Quem

2057 2805 2240 2860 statim
2273 2806 2434 2860 etiam
2466 2816 2711 2876 poteram
2751 2809 2969 2864 mittere
2999 2825 3014 2862 :
3043 2809 3138 2864 sed
3175 2811 3305 2880 quia
3337 2812 3453 2882 ipse
3475 2817 3629 2884 prior

2056 2895 2362 2967 eﬂlagitasti
2410 2898 2708 2964 hominem,
2760 2912 2955 2957 caetera
3005 2903 3226 2971 quidem
3275 2908 3508 2975 probum
3562 2922 3629 2962 ac

2056 2990 2218 3046 nobis
2260 2990 2544 3057 dilectum,
2594 2991 2689 3047 sed
2729 2993 3009 3046 nominato
3048 2993 3168 3046 viro
3205 2994 3362 3064 longe
3397 2994 3628 3052 inferio-

379 3080 797 3152 διατιθεμένους.
848 3085 944 3136 ⁸ον
985 3083 1264 3156 ἠδυνάμην
1309 3084 1405 3139 καὶ
1435 3084 1596 3150 εὐθὺς
1632 3087 1948 3159 ἐκπέμψαιο

2063 3096 2207 3149 rem;
2250 3083 2349 3138 tibi
2380 3098 2553 3137 meam
2580 3083 2753 3153 ipsius
2802 3085 3129 3139 sententiam
3178 3094 3365 3140 notam
3400 3103 3522 3143 esse
3563 3104 3629 3144 ac

372 3170 488 3224 ἀλλ’
528 3172 714 3244 ἐπειδὴ
753 3173 914 3237 αὐτὸς
946 3173 1231 3246 προλαϐὼν
1265 3176 1607 3247 ὲπεζήτησας
1641 3176 1947 3249 ἄνθρωπον,

372 3261 445 3316 τά
472 3263 570 3334 μὲν
597 3262 733 3318 ἄλλα
759 3264 920 3318 καλὸν
953 3267 1047 3319 καὶ
1067 3267 1348 3337 ἀγαπητὸν
1369 3270 1521 3338 ἡμῖν,
1552 3267 1648 3321 τοῦ
1680 3268 1737 3322 δὲ
1764 3287 1949 3341 προει-

2059 3183 2405 3244 perspectam
2428 3173 2576 3228 volui
2609 3192 2621 3226 :
2657 3182 2716 3228 ut
2749 3174 2794 3229 si
2832 3174 3043 3246 indiges
3065 3177 3335 3247 ejusmodi
3366 3180 3504 3241 viro.
3534 3189 3628 3234 aut

2056 3280 2228 3320 unum
2257 3264 2494 3335 aliquem
2517 3280 2585 3319 ex
2614 3263 2877 3321 fratribus
2908 3268 3113 3330 mittas,
3149 3269 3242 3339 qui
3278 3270 3454 3338 ipsum
3480 3269 3631 3326 circa

377 3354 617 3427 ρημὲθου
664 3355 854 3428 ἀνδρὸς
915 3358 1203 3428 παραπολὺ
1262 3359 1578 3427 ἀποδέοντα,
1637 3360 1947 3434 ἠϐουλήθην

2063 3356 2259 3427 iejunia
2301 3364 2595 3412 assumat:
2630 3366 2726 3411 aut
2774 3357 2907 3411 mihi
2960 3360 3192 3427 scribas,
3250 3361 3296 3416 si
3350 3364 3623 3417 neminem

374 3462 462 3501 eat
490 3448 751 3519 ’φανεράν
808 3449 1056 3519 γενέσθαι
1116 3451 1226 3521 (61)
1279 3451 1379 3523 τὴν
1418 3451 1656 3523 ἐμαυτοῦ
1688 3453 1944 3525 γνώμην·

2051 3448 2222 3505 habes
2262 3448 2356 3520 qui
2391 3448 2461 3503 ad
2510 3463 2613 3505 nos
2654 3464 2831 3520 usque
2860 3450 3076 3506 itineris
3110 3452 3352 3508 laborem
3382 3454 3627 3525 perferre

373 3537 467 3602 ἶν’,
499 3540 545 3593 εί
578 3539 800 3613 χρῄζεις
845 3541 1033 3613 ἀνδρὸς
1081 3543 1357 3607 τοιούτου,
1399 3542 1433 3616 ἢ
1486 3543 1776 3617 ἐκπέμψῃς
1824 3542 1947 3598 τινά
2049 3541 2225 3612 possit

368 3629 484 3685 τῶν
511 3631 750 3701 ἀδελφῶν
783 3635 876 3688 τὸν
901 3636 1470 3708 συμπαραληψόμενον
1533 3636 1697 3691 αὑτὸν
1725 3636 1855 3709 περὶ
1882 3636 1982 3700 τάς
2016 3634 2294 3706 νηστείας,
2330 3633 2364 3707 ἦ
2398 3634 2709 3707 ἐπιστείλῃς
2749 3636 2902 3707 ἡμῖν,
2952 3635 3046 3689 ἐὰν
3087 3636 3290 3709 μηδένα
3354 3638 3464 3711 (62)
3499 3639 3629 3713 ἔχῃς

371 3722 469 3778 τὸν
500 3723 795 3797 δυνάμενον
817 3727 918 3797 τῆς
952 3729 1146 3800 μέχρις
1188 3730 1346 3802 ἡμῶν
1375 3730 1684 3803 ὁδοιπορίας
1712 3730 1805 3784 τὸν
1841 3729 2086 3801 κάματον
2116 3727 2437 3800 ὑποστῆναι.

908 3880 1250 3936 ΕΠΙΣΤΟΛΗ
1298 3884 1426 3939 IIB'.

2416 3882 2573 3961 1'15
2612 3881 2949 3939 EPISTOLA
2986 3883 3267 3941 LXXXll'.

374 3994 601 4068 Confugit
619 3996 685 4046 ad
707 3997 1018 4070 Athanasium
1038 3996 1090 4049 in
1110 3997 1311 4070 suminis
1336 3997 1568 4070 Ecclesia:
1586 3998 1751 4070 guttis.
1773 4005 1821 4070 et
1842 4004 1981 4070 rogat
1999 4003 2052 4049 ut
2076 3997 2649 4070 commemﬂepistolarn
2673 3996 2852 4067 scribat
2872 3995 3092 4070 pluribus
3115 3996 3354 4070 episcopis
3378 4001 3630 4070 ἠπεροπε-

435 4059 1069 4129 ιῃ-ωιὶοῃεηιμρρειεηιὶὺω,
1090 4059 1177 4111 sed
1200 4059 1393 4129 initiuut
1415 4061 1475 4111 ab
1495 4074 1554 4129 ρο
1577 4060 1687 4129 ﬁeri
1707 4059 1969 4129 volentium
1989 4074 2008 4113 :
2031 4067 2121 4111 aut
2138 4059 2399 4125 sisuspecti
2419 4059 2515 4111 aint
2535 4059 2767 4124 episcopi,
2796 4059 2907 4111 eam
2929 4060 2995 4108 ad
3019 4072 3069 4110 se
3089 4059 3244 4111 mittat
3263 4059 3286 4111 :'
3303 4059 3553 4127 non'priut
3574 4077 3629 4116 se

435 4120 574 4172 illam
594 4120 907 4183 traditurum,
928 4134 1073 4185 quam
1096 4135 1328 4187 responsa
1344 4120 1405 4172 ab
1425 4120 1663 4187 episcopis
1684 4120 1941 4186 acceperit.

560 4224 900 4293 Ἄθανασίῳ,
947 4225 1258 4291 ἐπισκόπῳ
1307 4224 1772 4294 Ἀλεξανδρείας.

446 4340 618 4394 Ὅταν
653 4338 750 4410 μὲν
778 4337 912 4408 πρὸς
944 4336 1013 4391 τὰ
1048 4338 1348 4408 πράγματα
1393 4336 1791 4408 ἀποϐλέψωμεν
1818 4336 1953 4409 (65),

2356 4224 2675 4291 Athanasio,
2702 4223 2943 4293 episcopo
2969 4223 3333 4281 Alexandriaz.

2126 4336 2263 4392 Cum
2293 4336 2514 4407 quidem
2542 4336 2610 4391 ad
2645 4351 2733 4391 res
2754 4337 2904 4406 ipsas
2933 4338 3282 4408 respicimus,
3324 4339 3628 4398 intuemur-

373 4433 472 4503 κα).
504 4431 603 4496 τὰς
638 4430 926 4495 δυσκολίας
959 4428 1287 4501 κατίδωμεν,
1334 4428 1426 4497 ὑφ’
1471 4420 1547 4483 ὧν
1581 4431 1732 4482 πᾶσα
1772 4428 1951 4500 ἀγαθὴ

2063 4444 2161 4499 que
2189 4428 2536 4485 diﬂicultates
2566 4431 2770 4500 quibus
2801 4429 2930 4485 boni
2960 4431 3215 4501 quaelibet
3243 4432 3458 4488 eliectio
3490 4449 3628 4504 quo-

412 4612 559 4696 !(59
592 4611 784 4696 εῆρωι
824 4609 905 4665 ιιε
930 4616 1064 4696 "2?
1114 4603 1941 4696 νθιιιεξξξξίξηέηςοάὲεεξ,Μίθρῃ

372 4673 551 4761 (ξοῖειί
570 4673 808 4761 et_ﬂarl.
832 4695 963 4761 cum
998 4675 1574 4761 plarotnzvl'lditinﬁgwl.
1608 4673 1781 4761 Paulo
1805 4683 1945 4761 post

375 4756 531 4810 deest
556 4753 650 4806 τοῦ
685 4750 1076 4822 πρεσϐυτερίου
1118 4751 1177 4822 in
1229 4745 1374 4811 Vat.,
1409 4744 1580 4801 Coisl.
1612 4745 1855 4800 secundo
1889 4753 1943 4800 et

373 4824 509 4893 Reg.
534 4819 794 4879 secundo.
819 4830 874 4893 et
905 4819 1298 4893 Bigot._altero:

446 4882 561 4964 (55)
594 4893 665 4964 To
693 4882 1048 4964 τιμιιόεαιξῦν.
1077 4888 1251 4964 Hall.)
1276 4884 1415 4940 Med.
1446 4892 1500 4938 et
1530 4882 1849 4964 Clarom_.cb
1873 4883 1944 4938 τί-

376 4955 522 5036 μιον.
543 4955 757 5036 ibidem
789 4961 928 5016 male
951 4961 1005 5036 in
1036 4958 1459 5036 editisfyypvov,
1482 4970 1629 5036 unus
1649 4955 1818 5036 codex
1847 4970 1944 5036 an-

374 5024 562 5105 tiquus
593 5033 653 5086 τὸ
679 5031 916 5105 ξκγονον.
954 5028 1093 5105 Med.
1112 5024 1293 5105 _&v6pu
1313 5026 1552 5104 ἔκγονον.
1578 5024 1945 5105 ‘Vocaturjlle

376 5094 663 5175 presbyter
693 5094 1353 5175 llermogeltisalutnhus,
1382 5095 1509 5175 quia
1538 5095 1715 5175 ab_eo_
1727 5094 1947 5175 ordina-

375 5164 467 5229 ius
502 5164 700 5227 fuerat.
748 5164 922 5225 Unde'
944 5168 1179 5223 B.lSiliUS
1221 5169 1276 5223 in
1319 5167 1481 5237 epist.
1536 5164 1643 5218 257
1676 5164 1942 5237 Εὑῖπ-πίου

372 5246 538 5299 τέκνα
562 5243 658 5295 καὶ
687 5240 952 5295 Εὐϊππίου
981 5238 1179 5308 ἔκγονα
1199 5234 1367 5293 vocati
1378 5235 1669 5306 episcopos
1685 5236 1754 5289 ab
1787 5234 1948 5305 Euip-

415 5316 467 5365 io
499 5313 806 5365 ordinatos.

371 5330 467 5387 pm
499 5327 806 5367 ominatos.
866 5364 869 5373 ,

381 5384 559 5462 --(56)
591 5384 940 5462 Ἀρῤ-ηκτονε
958 5378 1126 5462 ςοὶει.
1156 5377 1390 5450 primus,
1422 5372 1573 5428 Harl.
1604 5383 1656 5429 et
1675 5373 1942 5441 Clarom.,

372 5450 633 5529 άρρέρξον,
653 5450 1097 5529 έίηειιαζταὸξίεηι.
1229 5517 1242 5529 1
1264 5516 1298 5529 υ
1323 5516 1358 5529 υ

472 5503 785 5591 ῑᾷ¹1)ίιὶέχρι.
808 5522 958 5591 llanc
975 5503 1159 5591 vorem
1178 5516 1487 5591 addidimus
1503 5521 1786 5591 exseptem
1810 5528 1942 5591 mss.

473 5584 564 5663 58)
597 5584 1084 5663 Κάξεδαπάνησε.
1110 5587 1278 5643 Coisl.
1304 5590 1534 5658 primus,
1571 5584 1721 5639 Μαι-ι.
1751 5594 1804 5638 et
1830 5586 1947 5638 Cla-

371 5662 518 5726 rotit.
550 5662 919 5731 κατεδάμασε.

449 5735 561 5807 (59)
587 5725 909 5803 Ποριόμόν.
939 5728 1114 5792 Harl.,
1140 5727 1283 5784 Med.
1306 5734 1361 5782 et
1394 5725 1632 5781 Clarom.
1667 5738 1942 5794 παριππα-

772 5812 1059 5891 Ριτειοι..’
1082 5827 1201 5888 cu.
1234 5823 1504 5885 xxxn.

2050 4605 2208 4730 gudv.
2260 4604 2480 4674 Legitur
2516 4604 2784 4677 πορισμόν
2811 4604 2880 4660 ad
2920 4605 3223 4677 marginem
3274 4608 3332 4660 in
3363 4606 3504 4660 Med.
3531 4621 3626 4662 ea-

2089 4691 2171 4730 em
2206 4690 2392 4730 manu.

2089 4691 2171 4730 em
2206 4690 2330 4728 man
2340 4693 2392 4730 ll.

2124 4744 2235 4813 (60)
2265 4744 2427 4800 Αὐτὸ
2457 4744 2634 4799 τοῦτο
2664 4745 2976 4813 νεωτέρου.
3015 4743 3181 4814 Coisl.
3219 4744 3429 4814 primus
3463 4747 3624 4799 αὐτο-

2051 4815 2337 4886 νεωτέρου.
2358 4815 2557 4886 Ibidem
2585 4815 2739 4886 deest
2761 4812 2917 4886 μονον
2943 4815 2998 4868 ἰη
3026 4812 3160 4885 Reg.
3187 4812 3441 4884 utroque,
3466 4814 3618 4880 Vat.,

2051 4884 2231 4954 Coisl.
2251 4885 2497 4940 secundo
2524 4893 2577 4937 et
2604 4884 2778 4939 altero
2810 4884 2985 4954 Bigot.

2125 4953 2237 5034 (6i)
2271 4958 2373 5034 Σρι
2423 4955 2689 5034 φανεράν
2717 4952 3012 5034 γενέ-σφι.
3062 4953 3140 5006 lta
3187 4952 3362 5034 ῌενΙ..
3397 4953 3536 5034 Med.
3572 4963 3625 5034 et

2053 5023 2221 5079 Coisl.
2246 5025 2474 5093 primus,
2503 5034 2557 5078 et
2573 5026 2812 5093 Claram.
2846 5024 2988 5078 Editi
3014 5023 3252 5093 φανερὰν
3286 5025 3625 5093 καταστῆσαί

2054 5111 2156 5146 σοι.
2188 5092 2312 5149 Mox
2336 5095 2507 5148 editio
2537 5096 2711 5164 prima
2736 5092 2914 5147 Paris.
2940 5092 3265 5163 ἐκπέμψεις.
3297 5092 3551 5150 Secunda
3573 5104 3624 5149 ct

2050 5164 2523 5236 mss-ﬁnitumis:

2124 5233 2236 5305 (ϐξ)
2267 5230 2666 5305 samem.
2687 5232 2763 5285 Ita
2792 5230 3346 5305 Med.,_Vat.,Paris.,
3375 5231 3508 5303 Reg.
3539 5249 3623 5288 se-

2051 5302 2269 5357 cundus
2302 5314 2357 5357 et
2400 5304 2570 5358 Coisl.
2608 5303 2904 5357 secundus.
2948 5302 3152 5357 Contra
3183 5302 3311 5357 editi
3358 5302 3621 5357 éév’ttva.

2125 5373 2236 5441 (65)
2280 5372 2757 5441 Ἀποϐλέψωμεν.
2783 5372 3028 5437 Quatuor
3050 5388 3183 5427 mss.
3212 5389 3321 5428 non
3357 5375 3626 5436 antiquis--

2125 5378 2217 5440 (65
2280 5378 2757 5441 Ἀποϐλέψιυμεν.
2783 5378 3028 5437 Quatuor
3050 5388 3183 5427 mss.
3212 5389 3321 5428 non
3357 5378 3621 5436 antiquis-t

2053 5443 2176 5496 simi
2208 5378 2508 5513 gléq/wusv.
2556 5441 2676 5513 hiox
2704 5442 2834 5513 editi
2869 5441 3270 5513 nduﬁyaeeﬁ.
3315 5442 3451 5498 Tres
3472 5453 3621 5498 vctu-

2053 5510 2277 5567 stissiiui
2307 5510 2527 5566 codices
2561 5510 2738 5576 Harl"
2761 5511 2956 5579 Coisl.,
2989 5510 3128 5568 Med.
3156 5523 3210 5567 ut
3244 5515 3295 5568 in
3320 5523 3493 5569 textu.

2054 5651 2067 5665 .
2131 5587 2146 5604 '
2182 5583 2334 5665 Alias
2370 5580 2457 5637 LI.
2504 5582 2717 5653 Scripta
2770 5597 2916 5639 anno
2955 5583 3052 5638 57!
3091 5593 3346 5650 exeunte,
3388 5595 3481 5641 aut
3519 5582 3628 5641 573

2053 5660 2329 5721 ineunte,

3294 5820 3366 5880 15
