3988 6194
337 263 445 319 450

1644 258 1702 314 S.
1746 254 1992 313 BASILII
2033 257 2250 314 MAGNI

3470 260 3589 335 ,ιω

341 382 469 437 dam
501 381 661 452 quasi
708 380 931 436 vinculo
982 379 1244 452 impedita
1284 379 1581 447 detinetur,
1624 386 1741 433 tum
1779 390 1903 431 vero

2010 378 2261 449 ἐνέργεια
2291 374 2401 432 οἷον
2442 380 2547 433 ύπό
2568 397 2712 445 τινος
2767 381 2965 453 δεσμοῦ
3012 378 3411 452 ὲμποδιζομένη
3446 394 3586 432 κατ-

340 473 401 530 in
450 489 723 530 summam
774 472 843 529 de
893 472 1050 529 nobis
1095 472 1233 544 ipsis
1272 471 1710 544 deSperationem
1751 467 1905 523 veni-

342 581 497 634 mus;
522 564 618 621 sed
656 580 781 619 cum
814 579 1011 619 rursus
1046 563 1101 618 in
1140 572 1289 618 tuam
1323 562 1646 633 gravitatem
1681 558 1907 630 conjici-

342 673 468 713 mus
493 658 704 721 oculos,
732 657 1146 726 cogitamusque
1177 662 1231 710 te
1263 654 1533 709 medicum
1568 652 1903 716 morborum,

339 748 542 818 quibus
574 747 833 802 Ecclesiae
865 745 1134 807 laborant,
1167 758 1198 798 a
1236 741 1467 798 Domino
1496 747 1691 796 nostro
1725 753 1906 795 reser-

341 847 560 904 vatum;
593 839 807 893 animos
847 836 1195 900 resumimus,
1229 841 1284 890 et
1313 850 1382 889 ex
1413 830 1818 904 desperatione,
1849 829 1906 883 in

340 946 505 1000 quam
536 931 673 999 lapsi
702 928 1004 991 fueramus,
1035 927 1102 983 ad
1126 940 1277 997 spem
1310 926 1571 995 erigimur
1595 923 1903 978 meliorum.

339 1020 613 1076 Dissoluta
635 1024 719 1073 est
747 1016 992 1073 Ecclesia
1017 1016 1218 1078 omnis,
1244 1012 1701 1085 quemadmodum
1730 1025 1907 1081 neque

338 1110 628 1182 prudentia
666 1117 757 1164 tua
794 1109 1028 1180 ignorat.
1054 1109 1134 1162 Ac
1167 1107 1321 1162 vides
1349 1120 1579 1175 prorsus
1607 1120 1674 1158 ex
1703 1103 1906 1157 mentis

337 1200 817 1271 contemplatione,
842 1200 989 1254 velut
1010 1213 1076 1252 ex
1105 1198 1215 1250 alta
1245 1194 1482 1264 quadam
1514 1192 1760 1262 specula,
1785 1206 1906 1260 quae

336 1294 537 1362 ubique
566 1299 826 1361 gerantur
860 1309 873 1344 :
905 1287 1176 1359 quomodo
1205 1287 1353 1340 velut
1384 1285 1443 1338 in
1473 1284 1684 1354 pelago,
1716 1282 1907 1337 multis

336 1386 500 1440 simul
535 1383 936 1453 navigantibus,
974 1380 1173 1434 ﬂuetus
1201 1376 1461 1432 violentia
1505 1389 1697 1429 omnes
1741 1373 1906 1429 simul

336 1478 480 1531 inter
511 1491 570 1531 se
597 1474 959 1538 collidantur;
984 1472 1185 1539 ﬁatque
1214 1467 1580 1537 naufragium,
1609 1464 1809 1534 partim
1833 1463 1905 1519 ob

333 1577 612 1623 externam
650 1579 872 1621 causam
910 1577 1061 1618 mare
1089 1560 1353 1617 violenter
1378 1558 1761 1628 exagitantem,
1786 1570 1907 1627 par-

336 1661 432 1715 titn
462 1659 533 1714 ob
574 1656 949 1727 navigantium
985 1652 1093 1709 sibi
1142 1660 1333 1706 mutuo
1364 1650 1703 1706 obstantium
1750 1664 1816 1704 ac
1845 1664 1905 1705 se

2007 468 2209 540 έχεται,
2256 471 2336 532 εἰς
2382 470 2692 539 ἀπόγνωσιν
2731 470 2940 524 έαυτῶν
2985 470 3257 541 ἐρχόμεθα
3306 465 3579 536 παντελῆ·

2005 560 2135 613 ὅταν
2173 558 2230 612 δὲ
2281 559 2442 614 πάλιν
2492 560 2628 631 πρὸς
2675 560 2772 632 τὴν
2806 560 2903 631 σὴν
2950 561 3231 631 ἀπίδωμεν
3279 555 3585 629 σεμνοπρέ-

2007 666 2188 713 πειαν,
2225 648 2319 702 καὶ
2356 648 2719 720 λογισώμεθα,
2766 650 2848 702 ὅτι
2878 650 2938 703 σὲ
2973 649 3154 719 ἰατρὸν
3200 649 3310 702 τῶν
3360 650 3419 702 ὲν
3459 647 3585 709 ταῖς

2018 733 2360 804 Ἐκκλησίαις
2388 737 2832 808 ἀρρωστημάτων
2859 739 2888 790 ό
2918 737 3117 810 Κύριος
3141 736 3295 809 ἡμῶν
3328 734 3585 806 ἐταμιεύ-

2006 841 2167 880 σατο’
2200 825 2652 898 ἀναλαμϐάνομεν
2692 827 2901 882 ἑαυτῶν
2953 829 3080 892 τοὺς
3127 828 3439 897 λογισμοὺς,
3486 825 3586 879 καὶ

2006 917 2071 970 ὲκ
2096 915 2190 969 τοῦ
2223 917 2360 970 κατά
2390 917 2491 989 τὴν
2523 917 2832 986 ἀπόγνωσιν
2855 916 3147 988 πτώματος
3185 917 3321 989 πρὸς
3362 916 3461 987 τὴν
3489 913 3583 968 έλ-

2007 1007 2136 1062 πίδα
2171 1006 2282 1080 (64)
2314 1006 2422 1061 τῶν
2465 1008 2844 1080 χρηστοτέρων
2881 1008 3289 1078 διανιστάμεθα.
3348 1006 3585 1060 Λέλυται

2008 1103 2157 1154 πᾶσα
2203 1099 2519 1171 Ἐκκλησία,
2549 1099 2627 1163 ὡς
2650 1099 2770 1152 οὐδὲ
2801 1101 2834 1170 ἡ
2868 1099 2935 1170 σὴ
2959 1099 3219 1171 φρόνησις
3244 1100 3447 1167 ἀγνοεῖ.
3469 1097 3585 1150 Καὶ

2006 1194 2139 1263 ὁρᾷς
2163 1193 2380 1257 πάντως
2406 1191 2473 1245 τὰ
2502 1190 2828 1261 ἑκασταχοῦ,
2871 1184 2982 1243 οἷον
3041 1191 3134 1259 ἀφ’
3179 1189 3389 1260 ὑψηλῆς
3438 1202 3585 1251 τινος

2008 1285 2238 1347 σκοπιᾶς
2273 1285 2372 1354 τῆς
2413 1283 2506 1337 τοῦ
2563 1282 2655 1336 νοῦ
2703 1282 2963 1354 θεωρίαςο
3011 1282 3185 1345 ὅπως,
3237 1279 3487 1348 καθάπερ
3521 1280 3585 1331 έν

2006 1373 2252 1441 πελάγει,
2292 1373 2501 1426 πολλῶν
2530 1373 2667 1444 ὁμοῦ
2727 1371 3129 1442 συμπλεόντων,
3174 1370 3279 1424 ὑπὸ
3316 1370 3414 1441 τῆς
3456 1368 3581 1438 βίας

2002 1462 2098 1517 τοῦ
2155 1463 2421 1526 κλύδωνος
2474 1463 2673 1525 πάντες
2719 1460 2852 1531 ὁμοῦ
2901 1458 3013 1533 (65)
3054 1458 3301 1529 ἀλλήλοις
3341 1458 3583 1529 προσρή-

2005 1572 2246 1625 γνυνται’
2282 1556 2375 1609 καὶ
2398 1555 2605 1624 γίνεται
2629 1554 2691 1608 τὸ
2712 1554 2986 1622 ναυάγιον,
3012 1551 3089 1622 πῆ
3118 1552 3214 1621 μὲν
3243 1552 3308 1604 ἐκ
3327 1550 3428 1621 τῆς
3449 1547 3585 1611 ἐξω-

2007 1649 2099 1703 θεν
2122 1648 2299 1712 αἰτίας
2333 1648 2533 1719 βιαίως,
2560 1645 2812 1716 κινούσης
2850 1644 2949 1717 τὴν
2981 1643 3273 1705 θάλατταν,
3311 1643 3391 1711 πῆ
3425 1639 3482 1693 δὲ
3514 1641 3586 1693 ὲκ

335 1709 734 1820 impellentiun:
773 1744 1256 1817 perturbationem.
1298 1740 1446 1796 Satis
1478 1750 1565 1796 est
1596 1741 1651 1795 in
1697 1741 1798 1795 hac
1829 1740 1903 1797 si-

2008 1742 2106 1812 τῆς
2123 1740 2231 1794 τῶν
2261 1709 2609 1811 ἐμπλεόντων
2642 1734 2754 1808 (66)
2770 1709 3026 1807 ταραχῆς
3052 1709 3468 1787 ἀντιϐαινόντων
3492 1729 3586 1783 ἀλ-

334 1841 641 1896 militudine
662 1852 965 1894 sermonem
987 1835 1334 1899 concludere,
1360 1848 1487 1888 cum
1510 1848 1611 1887 nec
1641 1832 1905 1901 sapientia

332 1945 425 1986 tua
452 1932 750 2002 quidquam
786 1929 1020 1997 amplius
1063 1927 1328 1997 requirat,
1359 1939 1463 1979 nec
1497 1939 1684 1980 rerum
1727 1930 1904 1981 status

330 2025 424 2080 det
454 2023 616 2078 nobis
661 2019 876 2075 dicendi
910 2018 1240 2073 libertatem.
1281 2017 1365 2071 Ad
1400 2017 1515 2071 haec
1553 2022 1735 2070 autem
1778 2012 1904 2084 quis

270 2151 280 2162 -
330 2119 561 2173 idoneus
608 2111 983 2183 gubernator?
1025 2110 1149 2180 quis
1184 2109 1289 2164 ﬁde
1318 2108 1540 2179 dignus,
1584 2106 1679 2177 qui
1725 2105 1905 2160 Domi-

330 2225 462 2263 num
508 2208 732 2269 excitet,
784 2211 844 2257 ut
893 2204 1138 2271 increpet
1191 2209 1384 2255 ventos
1434 2206 1491 2254 et
1535 2198 1722 2253 mare?
1769 2196 1903 2263 Quis

330 2302 471 2356 alius
496 2313 655 2369 quant
681 2297 774 2367 qui
801 2310 831 2348 a
858 2309 1024 2364 puero
1057 2307 1153 2363 pro
1178 2292 1387 2362 pietate
1411 2291 1467 2346 in
1502 2289 1903 2345 certaminibus

329 2390 645 2447 dimicavit?
697 2386 966 2454 Quoniam
1023 2385 1192 2454 igitur
1230 2398 1358 2440 vere
1405 2397 1552 2437 nunc
1600 2379 1904 2452 propendct

330 2482 595 2555 quidquid
625 2464 768 2535 inter
813 2493 913 2532 nos
959 2476 1109 2530 circa
1137 2474 1297 2529 ﬁdem
1333 2488 1530 2529 sanum
1575 2479 1680 2537 est,
1711 2470 1779 2526 ad
1809 2485 1904 2525 eo-

332 2593 475 2641 rum,
507 2575 600 2646 qui
628 2574 770 2627 idem
806 2569 1074 2634 sentiunt,
1113 2567 1558 2623 communionem
1581 2574 1745 2636 atque
1780 2563 1904 2618 uni—

331 2677 495 2725 tatem
520 2710 534 2735 ,
562 2666 789 2721 ﬁdenter
826 2662 1146 2732 patientiam
1179 2669 1324 2714 tuam
1355 2665 1605 2729 rogatum
1629 2657 1900 2723 venimus,

332 2771 390 2817 ut
438 2761 599 2814 nobis
636 2756 894 2811 omnibus
950 2752 1163 2808 scribas
1210 2750 1500 2820 epistolam
1555 2764 1742 2813 unam,
1783 2762 1905 2819 qua:

330 2850 460 2922 quid
496 2849 767 2919 agendum
802 2845 878 2900 sit
909 2842 1223 2897 admoneat.
1259 2839 1351 2895 Sic
1389 2839 1536 2895 enim
1567 2840 1758 2894 volunt
1785 2854 1814 2892 a
1851 2846 1904 2894 te

331 2941 546 2997 initium
586 2937 688 2993 sibi
732 2934 847 2989 ﬁeri
893 2932 1291 3002 colloquiorum
1344 2929 1412 2984 ad
1455 2929 1901 2984 communionem

332 3033 741 3103 pertinentium.
793 3026 901 3082 Sed
947 3027 1075 3097 quia
1105 3024 1341 3079 fortasse
1375 3023 1619 3093 suspecti
1650 3022 1904 3076 videntur

330 3125 430 3180 tibi
476 3125 547 3178 ob
583 3120 903 3176 memoriam
958 3118 1383 3188 praeteritorum,
1437 3114 1543 3168 hoc
1592 3113 1781 3177 velim,
1822 3111 1905 3165 [αι

332 3222 475 3287 cias,
509 3218 672 3274 Pater
709 3215 1152 3288 religiosissime,
1201 3208 1466 3282 epistolas
1499 3205 1567 3260 ad
1615 3205 1903 3275 episcopos

331 3313 464 3369 mibi
507 3313 682 3372 mitte.
722 3318 818 3363 aut
862 3322 958 3378 per
1000 3305 1240 3375 aliquem
1292 3314 1484 3357 eorum
1535 3297 1737 3368 quibus
1778 3293 1905 3349 istic

333 3406 495 3462 ﬁdem
542 3404 736 3463 habes.
784 3411 881 3455 aut
930 3399 1101 3454 etiam
1152 3411 1253 3466 per
1294 3392 1521 3447 fratrem
1567 3385 1903 3442 Dorotheum

331 3498 732 3556 condiaconum
782 3500 1071 3556 nostrum,
1114 3502 1254 3559 quas
1312 3499 1438 3539 cum
1489 3493 1751 3549 accepero
1793 3492 1905 3532 non

331 3592 487 3663 prius
528 3588 691 3653 dabo,
724 3599 888 3655 quam
939 3581 1009 3636 ab
1049 3580 1129 3635 eis
1172 3589 1438 3646 responsa
1480 3583 1772 3640 accepero;
1817 3568 1904 3621 sin

332 3661 550 3745 minus,
611 3678 867 3733 Peccator
918 3689 1006 3727 ero
1071 3672 1128 3724 in
1188 3679 1235 3723 te
1286 3666 1525 3721 omnibus
1554 3662 1735 3716 diebus
1786 3661 1904 3713 vita:

332 3790 461 3829 mea
482 3772 525 3825 ⁸.
558 3768 674 3825 Hoc
705 3765 953 3839 profecto
981 3761 1244 3831 majorem
1277 3766 1483 3812 metum
1511 3755 1760 3808 incutere
1794 3765 1904 3805 non

333 3867 523 3922 debuit
568 3863 642 3928 ei,
695 3859 790 3929 qui
838 3856 893 3912 id
937 3855 1147 3926 primus
1171 3852 1312 3905 dixit
1343 3849 1409 3904 ad
1442 3854 1689 3929 patrem,
1740 3856 1904 3912 quam

333 3972 481 4013 nunc
508 3920 640 4009 mihi
675 3920 743 4007 ad
775 3961 825 4006 te
862 3920 1071 4019 patrem
1111 3920 1457 4014 spiritualem
1486 3935 1714 3991 dicenti.
1747 3933 1906 4000 Quod

333 4052 382 4107 si
413 4052 516 4105 hoc
536 4047 761 4103 omnino
790 4042 933 4114 apud
965 4049 1017 4095 te
1049 4040 1401 4107 desperatum
1430 4040 1546 4099 est;
1579 4032 1771 4086 saltem
1802 4043 1905 4082 nos

331 4148 390 4198 in
420 4143 524 4197 hoc
550 4136 857 4194 ministerio
903 4131 1135 4188 crimine
1164 4129 1357 4187 libera,
1388 4125 1482 4195 qui
1524 4123 1644 4179 sine
1690 4120 1817 4174 dolo
1851 4126 1907 4174 et

333 4233 587 4297 artiﬁcio,
617 4231 768 4302 pacis
813 4226 997 4283 studio
1030 4230 1085 4279 et
1113 4229 1316 4276 mutua:
1359 4218 1502 4272 inter
1549 4231 1673 4277 nos,
1704 4214 1797 4284 qui
1838 4213 1907 4268 de

2004 1832 2185 1904 λήλοις
2246 1831 2341 1886 καὶ
2399 1829 2793 1901 διωθουμένων.
2854 1829 3040 1900 Ἀρκεῖ
3085 1826 3182 1879 ἐπὶ
3226 1824 3327 1895 τῆς
3375 1822 3586 1886 εἰκόνος

2004 1924 2164 1977 ἐᾶσαι
2191 1921 2281 1976 τὸν
2317 1920 2504 1990 λόγον,
2535 1919 2658 1974 οὔτε
2696 1918 2799 1988 τῆς
2833 1918 2934 1988 σῆς
2973 1918 3164 1987 σοφίας
3217 1913 3583 1985 ἐπιζητούσης

2001 2032 2057 2068 τι
2124 2014 2312 2081 πλέον,
2384 2013 2509 2067 οὔτε
2574 2012 2671 2085 τῆς
2733 2011 3118 2073 καταστάσεως
3183 2004 3585 2080 ἐπιτρεπούσης

2002 2109 2133 2178 ἡμῖν
2177 2107 2274 2178 τὴν
2321 2103 2654 2177 παρρησίαν.
2698 2101 2809 2156 Καὶ
2861 2102 2996 2169 πρὸς
3036 2099 3213 2153 ταῦτα
3254 2097 3340 2163 τίς
3395 2096 3585 2158 ἱκανὸς

2002 2200 2376 2271 κυϐερνήτης;
2405 2197 2491 2261 τίς
2527 2195 2839 2261 ἀξιόπιστος
2861 2193 3219 2262 διαναστῆσαι
3246 2191 3337 2245 τὸν
3373 2189 3582 2260 Κύριον

2003 2293 2326 2364 ἐπιτιμῆσαι
2358 2290 2435 2361 τῷ
2466 2289 2653 2361 ἀνέμῳ
2685 2289 2778 2343 καὶ
2805 2291 2876 2361 τῇ
2899 2287 3181 2360 θαλάσσης
3212 2285 3309 2349 Τίς
3339 2284 3526 2355 ἔτερος
3545 2280 3582 2350 ἦ

2003 2388 2032 2440 ὁ
2070 2386 2137 2437 ὲκ
2191 2382 2380 2446 παιδὸς
2434 2384 2547 2444 τοῖς
2607 2380 2750 2451 ὑπὲρ
2785 2379 2887 2450 τῆς
2934 2378 3216 2441 εὐσεϐείας
3279 2374 3584 2446 ὲναθλήσας

2003 2478 2245 2547 ἀγῶσιν;
2305 2475 2460 2530 Ἐπεὶ
2491 2470 2584 2528 οὖν
2619 2473 2875 2546 ὥρμηται
2924 2470 3020 2526 νῦν
3071 2469 3316 2541 γνησίως
3358 2469 3468 2522 πᾶν
3518 2465 3585 2519 τὸ

2005 2572 2133 2643 περὶ
2161 2571 2309 2640 ἡμᾶς
2341 2569 2584 2636 ὑγιαῖνον
2635 2566 2781 2620 κατά
2810 2564 2908 2637 τὴν
2955 2562 3136 2617 πίστιν
3183 2563 3265 2624 εἰς
3305 2559 3403 2631 τὴν
3444 2557 3588 2628 πρὸς

2002 2663 2127 2726 τοὺς
2180 2658 2471 2732 ὁμοδόξους
2521 2658 2805 2712 κοινωνίαν
2867 2655 2965 2710 καὶ
3022 2653 3252 2716 ἕνωσιν,
3315 2647 3585 2721 θαρρούν-

2001 2772 2110 2818 τως
2140 2753 2252 2823 (67)
2275 2752 2508 2825 ήλθομεν
2528 2751 2607 2813 εἰς
2639 2749 2737 2821 τὴν
2769 2746 3115 2820 παράκλησίν
3143 2763 3237 2799 σου
3272 2744 3373 2814 τῆς
3402 2739 3584 2804 ἀνεξερ-

2004 2845 2239 2908 κακίας,
2294 2840 2590 2895 ἐπιστεῖλαι
2651 2838 2818 2891 πᾶσιν
2894 2838 3024 2908 ἡμῖν
3084 2832 3371 2903 ἐπιστολὴν
3426 2829 3582 2901 μίαν.

2005 2937 2323 3009 παραίνεσιν
2360 2934 2587 3005 ἔχουσαν
2620 2931 2729 2985 τῶν
2755 2927 3066 3002 πρακτέων.
3102 2925 3259 2980 Οὕτω
3308 2923 3415 2996 γὰρ
3451 2920 3579 2992 βού-

1931 3041 1977 3104 C
2009 3028 2191 3081 λονται
2220 3026 2370 3097 παρὰ
2403 3024 2496 3078 σοῦ
2519 3024 2617 3093 τὴν
2646 3021 2821 3093 ἀρχὴν
2846 3018 3091 3090 ὑπάρξαι
3118 3019 3302 3079 αὐτοῖς
3331 3014 3439 3068 τῶν
3466 3030 3587 3066 κοι-

2005 3117 2246 3174 νωνικῶν
2275 3116 2585 3182 διαλέξεων.
2633 3112 2851 3184 Ἐπειδὴ
2881 3111 2938 3164 δὲ
2977 3110 3106 3173 ἴσως
3139 3107 3369 3161 ὕποπτοι
3404 3120 3581 3159 κατα-

2006 3210 2283 3283 φαίνονταί
2331 3209 2444 3280 (63)
2501 3224 2583 3261 σοι
2764 3205 2952 3275 μνήμῃ
3008 3201 3120 3255 τῶν
3170 3196 3582 3269 παρελθόντων,

2005 3305 2179 3357 ἐκεῖνο
2217 3301 2463 3372 ποίησον,
2490 3297 2866 3368 θεοφιλέστατε
2894 3295 3074 3362 Πάτερ
3096 3306 3112 3321 ⁸
3146 3291 3275 3362 ἐμοὶ
3303 3288 3402 3352 τὰς
3442 3284 3585 3357 πρὸς

2003 3398 2130 3457 τοὺς
2161 3393 2492 3456 ἐπισκόπους
2526 3389 2813 3451 ἐπιστολὰς
2857 3382 3162 3455 διαπέμψαι
3212 3382 3247 3453 ἢ
3300 3379 3392 3434 διά
3433 3396 3585 3443 τινος

2003 3489 2115 3543 τῶν
2141 3487 2362 3542 αὐτόθεν
2398 3484 2625 3547 πιστῶν,
2659 3483 2692 3553 ἢ
2728 3482 2822 3536 καὶ
2854 3479 2943 3533 διὰ
2974 3477 3067 3532 τοῦ
3124 3473 3353 3543 ἀδελφοῦ
3402 3475 3583 3544 Δωρο-

2005 3580 2127 3634 θέου
2170 3576 2263 3631 τοῦ
2308 3573 2652 3629 συνδιακόνου
2710 3570 2888 3642 ἡμῶν,
2934 3568 3002 3633 ἃς
3060 3565 3455 3636 ὑποδεξάμενος
3516 3560 3585 3616 ού

2004 3672 2270 3744 πρότερον
2318 3667 2496 3730 δώσω,
2558 3667 2632 3737 μὴ
2683 3663 2862 3718 λαϐὼν
2908 3662 3017 3734 (69)
3063 3660 3162 3724 τὰς
3211 3659 3340 3729 παρ’
3399 3655 3585 3711 αὐτῶν

2006 3762 2354 3835 ἀποκρίσεις’
2400 3759 2496 3813 ἐὰν
2537 3759 2595 3812 δὲ
2644 3757 2717 3828 μὴ
2771 3755 2904 3827 (70),
2964 3748 3334 3822 Ἠμαρτηκὼς
3366 3748 3582 3816 ἔσομαι

2003 3856 2090 3919 εἰς
2116 3851 2193 3906 σὲ
2226 3850 2431 3914 πάσας
2462 3847 2568 3914 τὰς
2594 3845 2819 3916 ἡμέρας
2854 3842 2964 3911 τῆς
2995 3841 3143 3910 ζωῆς
3171 3858 3311 3911 μου.
3357 3839 3581 3899 Πάντως

2003 3944 2061 3998 δὲ
2092 3943 2151 3997 ού
2184 3942 2426 4002 πλείονος
2456 3939 2568 4007 (71)
2602 3938 2750 4002 ἄξιον
2779 3934 2946 4005 φόϐου
2989 3932 3146 3986 τοῦτο
3186 3930 3266 4001 τῷ
3310 3927 3370 3993 ἐξ
3405 3925 3582 3999 ἀρχῆς

2005 4032 2213 4087 εἰπόντι
2246 4030 2382 4102 πρὸς
2426 4028 2517 4081 τὸν
2570 4025 2780 4096 πατέρα
2824 4024 2857 4096 ἢ
2899 4022 3022 4094 ἐμοὶ
3063 4021 3158 4076 νῦν
3201 4019 3339 4090 πρὸς
3393 4016 3454 4069 σὲ
3486 4015 3585 4068 τὸν

2007 4117 2373 4189 πνευματικὸν
2407 4113 2618 4185 πατέρα
2643 4113 2874 4181 λέγοντι.
2908 4113 2971 4164 Εἰ
2993 4110 3050 4162 δὲ
3082 4108 3239 4161 τοῦτο
3262 4104 3424 4158 παντὶ
3457 4103 3581 4174 τρό-

2000 4227 2094 4281 ¹πῳ
2127 4208 2499 4280 ἀπηγόρευται
2556 4204 2700 4276 παρὰ
2750 4204 2852 4265 σοὶ,
2904 4202 3018 4256 ἀλλ’
3062 4201 3211 4273 ἡμᾶς
3251 4214 3315 4267 γε
3346 4196 3448 4267 τῆς
3487 4195 3583 4247 ἐπὶ

338 4324 498 4396 176
523 4287 757 4375 Domino
799 4318 940 4371 idem
995 4311 1292 4373 sentimus,
1344 4305 1787 4377 conjunctionis,
1836 4304 1903 4359 ad

2006 4304 2070 4372 τῇ
2102 4301 2351 4371 διακονίᾳ
2381 4299 2561 4362 αἰτίας
2602 4298 2757 4367 ἄφες,
2807 4296 3011 4359 ἀδόλως
3043 4295 3139 4348 καὶ
3169 4287 3581 4350 ἀκατασκεύως,

333 4417 439 4471 hoc
466 4411 628 4484 legati
657 4419 711 4465 et
738 4403 1054 4476 interpretis
1079 4415 1280 4454 munus
1312 4397 1673 4453 accessimus.

1931 4388 1974 4445 D
2003 4392 2266 4464 ἐπιθυμίᾳ
2316 4392 2418 4462 τῆς
2473 4391 2695 4461 εἰρήνης
2766 4388 2862 4442 κα)⁸
2927 4387 3028 4457 τῆς
3111 4385 3247 4457 πρὸς
3318 4379 3585 4451 ἀλλήλους

331 4512 490 4587 ὴμῶν
522 4470 825 4575 συναφείας
857 4470 965 4553 τῶν
1006 4495 1369 4566 ὁμονοούντων
1408 4495 1486 4558 είς
1518 4491 1588 4545 τὰ
1623 4490 1759 4566 πρὸς
1802 4489 1893 4545 τὸν
1931 4490 2170 4562 Κύριον,
2243 4487 2335 4542 ἐπὶ
2378 4486 2477 4558 τὴν
2549 4482 2843 4557 πρεσϐείαν
2889 4481 3092 4551 ταύτην
3155 4479 3250 4533 καὶ
3306 4470 3584 4547 μεσιτείαν

330 4603 713 4676 ἀφικομένους.

451 4783 649 4838 Genes.
686 4793 836 4844 mn,
870 4775 959 4831 10.

405 4938 514 5009 (64)
542 4935 697 5006 Πρὸς
723 4933 838 5009 τὴν
871 4919 1637 5009 uirida.faticapuskkeg.
1668 4926 1904 5009 uterque

330 5018 387 5066 et
408 4989 888 5064 ‘Cvoi'slfsecundus
918 5004 983 5071 τῇ
1012 4999 1204 5071 ἐλπίδι.
1230 4994 1430 5071 lbidc‘m
1456 4989 1604 5061 Reg.‘
1623 4989 1901 5071 secundus

332 5059 387 5135 Et
616 5059 899 5131 secundus
945 5059 1008 5124 ἐκ
1048 5068 1141 5121 τοῦ
1180 5059 1897 5135 ἀπογνώσεως-πτώματος.

408 5131 776 5221 (ϐὅῑηὰντες
814 5141 982 5221 όμ-οῦ.
1018 5139 1175 5221 Deest
1214 5131 1539 5221 ultimanvox‘
1570 5131 1623 5185 in
1655 5131 1901 5221 quinque

334 5197 860 5284 ιηέέζ¹ιῖὁίέίὲηίὶρη⁴
882 5215 952 5284 in_
967 5206 1377 5284 vetustissimis.
1410 5202 1578 5284 Paulo
1612 5197 1751 5284 piost‘
1764 5197 1901 5284 editi

332 5268 885 5414 ξεϐαίωςν-κινούσης.
920 5280 1025 5335 Sex
1058 5293 1192 5333 mss.
1241 5284 1300 5330 ut
1336 5275 1394 5328 in
1432 5268 1900 5351 textuﬁlnstituta

376 5362 424 5414 ic
446 5356 779 5414 comparatio
806 5353 1028 5407 uberius
1059 5350 1232 5402 multo
1255 5343 1900 5414 pertractalurJnucamte

376 5339 424 5415 i6.
439 5339 779 5426 comparatio
806 5339 1028 5426 uberius
1059 5350 1232 5402 multo
1255 5339 1902 5417 pertractalurjnucaoite

336 5432 529 5484 ultimo
557 5422 679 5481 libri
718 5424 795 5478 De
834 5422 1038 5490 Spiritu
1065 5430 1269 5490 sancto.
1374 5485 1384 5490 _
1582 5488 1590 5490 Α
1627 5485 1661 5490 μ
1739 5486 1749 5490 Α
1843 5474 1862 5487 ,

407 5500 518 5571 (66}
550 5497 671 5552 Τῶν
692 5485 1089 5566 ἐμπλεόντων.
1114 5489 1279 5561 ngsl.
1304 5485 1514 5559 primus
1544 5488 1597 5537 et
1625 5485 1772 5547 nari.
1795 5485 1903 5529 τῶν

335 5570 628 5626 πλεόντων.

393 5617 969 5721 ..ἶθῆῗὸὲιρῤούντωα
1006 5630 1081 5686 lta
1108 5628 1275 5687 Coisl.
1303 5627 1514 5698 primus
1544 5631 1598 5681 et
1626 5622 1759 5694 Reg.
1794 5617 1907 5690 pri-

2012 4924 2152 4976 mus,
2177 4923 2302 4963 cum
2334 4899 2475 4960 Med.
2506 4908 2562 4956 et
2598 4899 2754 4955 Harl.
2794 4897 2938 4953 Editi
2968 4894 3320 4970 θαρροῦντες,
3353 4898 3587 4964 excepta

2012 4982 2246 5037 editione
2278 4975 2647 5038 llaganoensi.
2672 4987 2794 5038 qum
2821 4970 2983 5023 habet
3014 4966 3368 5038 θαρροῦντας.
3471 4968 3481 4979 '
3539 5030 3553 5038 _

2008 4970 2246 5037 editione
2278 4975 2647 5046 llaganoensi.
2672 4987 2794 5041 qum
2821 4970 2983 5023 habet
3014 4970 3368 5039 θαρροῦντας.
3471 4970 3481 4979 ’

2079 5050 2191 5119 (68)
2226 5045 2727 5119 Κατᾳφαξνονται.
2762 5039 2855 5119 Sic
2892 5038 3042 5092 llarl.
3066 5046 3130 5119 ﬁt
3170 5035 3289 5119 γει.
3327 5030 3584 5119 Cll-milli:

2006 5102 2123 5175 bus
2148 5102 2298 5173 aliis.
2352 5102 2494 5170 Editi
2526 5113 3024 5180 καταφανήσονται.
3066 5106 3236 5180 Paulo
3284 5112 3412 5180 post
3440 5102 3587 5180 _c_diti

2006 5170 2447 5274 g'azitcpoﬁ‘fludav,
2478 5183 2573 5263 sed
2597 5170 3086 5274 deést_pronolipcn
3133 5178 3194 5247 in
3216 5170 3351 5245 mss.
3378 5170 3586 5246 min

2006 5248 2159 5315 Harl:
2188 5267 2241 5313 et
2268 5248 2441 5311 Coisl.
2473 5254 2681 5323 primus
2712 5248 2820 5304 τῶν
2847 5248 3054 5302 αὐτόθι.

2079 5300 2843 5399 (69)"1t1‘ifjgaﬁiiiiiénise.
2884 5300 3114 5399 septem.
3314 5313 3348 5383 ἢ
3376 5300 3583 5399 ξᾷᾅεξξνε

2081 5380 2191 5471 (i6)
2223 5380 2387 5451 ’Ἐὰν
2414 5393 2482 5449 δὲ
2516 5390 2620 5463 μή.
2657 5390 2817 5447 Deest
2848 5380 3041 5443 ulti'tna
3065 5385 3257 5443 vocula
3295 5380 3350 5444 tu
3371 5380 3586 5435 duobus

2010 5487 2196 5611 ms(sill)
2231 5540 2314 5595 Οὐ
2342 5536 2645 5601 πλείονος.
2684 5530 2762 5587 lta
2796 5546 2895 5589 sex
2927 5544 3063 5586 mss.
3089 5520 3373 5585 Ειίἱιιόὺδὲ
3404 5517 3585 5574 πλείο-

2012 5630 2122 5677 νος.
