3988 6194
405 341 500 401 ισι

925 482 1269 538 ΕΠΙΣΤΟΛΗ
1306 469 1433 540 Iir'.

1282 342 1776 402 EPISTOLARUM
1813 346 2099 403 CLASSIS
2132 348 2199 405 Η.
2240 348 2453 404 EPIST.
2494 345 2778 409 LXXXIV.

3532 355 3638 417 462

2517 488 2854 547 EPISTOLA
2884 448 3200 551 ιχχχιιιοξ

399 588 694 647 mutitarent
713 592 932 648 hortatur
1206 598 1474 679 ut‘uti‘serte
1495 600 2129 679 σρρραςζοοὶφηιξαίαηιξιαιεδ
2152 606 2532 679 supremumque
2550 622 2861 679 .congmenaat
2873 623 3032 679 _umus
3052 613 3116 663 ea:
3132 610 3304 665 amicis
3324 612 3428 669 suis
3448 628 3639 679 posses-

1010 662 1196 710 sionem
1216 662 1494 725 quamdam,
1520 662 1630 727 quis
1649 662 1785 714 circa
1809 664 2153 716 Chamanenem
2173 666 2266 717 sita
2285 674 2408 729 erat,
2430 662 2475 721 e't
2496 667 2682 722 trilnut's
2702 671 3021 735 premebatur.
3062 662 3067 663 ί
3105 685 3112 692 ·

1016 764 1360 834 Κηνσίτορι.

481 873 640 946 Ἐμοὶ⁵
680 871 818 944 πρὸς
864 872 965 944 τὴν
995 871 1097 944 σὴν
1125 871 1405 941 εὐγένειαν
1441 873 1698 946 συνήθεια
1729 876 1829 947 μὲν
1878 862 1973 931 καὶ

395 979 432 1036 η
464 965 587 1019 κατ’
626 963 942 1035 ὀφθαλμοὺς
995 948 1257 1034 συντυχία
1306 963 1448 1018 πάνυ
1488 964 1717 1037 βραχεῖα
1745 967 1971 1037 γέγονε·

395 1058 601 1130 γνῶσις
629 1048 686 1113 δὲ
728 1059 762 1130 ἡ
797 1058 855 1126 ἐξ
895 1058 1063 1128 ἀκοῆς
1084 1097 1100 1122 ,
1123 1057 1190 1112 δι’
1224 1051 1294 1129 ἦς
1327 1054 1542 1120 πολλοῖς
1592 1057 1973 1129 ωναπτόμεθα

393 1152 506 1207 τῶν
537 1152 840 1222 ἐπιφανῶν,
869 1153 971 1205 οὐκ
1004 1150 1158 1223 ὀλίγη
1189 1168 1249 1204 τε
1274 1192 1288 1217 ,
1320 1135 1442 1205 οὐδὲ
1483 1150 1970 1223 εὐκαταφρόνητος.

394 1230 462 1299 Et
491 1244 550 1298 δὲ
580 1244 678 1299 καὶ
706 1228 790 1299 σοί
820 1260 904 1308 τις
933 1244 998 1297 ὲκ
1032 1243 1131 1315 τῆς
1156 1243 1345 1315 φήμης
1380 1242 1508 1314 περὶ
1539 1241 1695 1314 ἡμῶν
1739 1228 1972 1315 ὑπάρχει

394 1321 590 1404 λόγος,
620 1331 784 1399 αὐτὸς
815 1333 882 1388 ἂν
918 1330 1114 1402 εἰδείης
1141 1330 1383 1404 ἄμεινον.
1418 1325 1493 1386 Τὸ
1519 1332 1564 1385 δ’
1595 1327 1687 1386 οὖν
1722 1332 1811 1385 σὸν
1841 1333 1972 1403 παρ’

392 1426 529 1497 ἡμῖν
583 1410 823 1480 τοιοῦτόν
877 1425 1026 1479 ἐστιν
1059 1419 1172 1479 οἷον
1200 1424 1426 1495 εἴπομεν
1470 1423 1606 1495 (72).
1642 1422 1860 1494 Ἐπειδὴ
1913 1422 1971 1476 δὲ

393 1516 625 1571 ἐκάλεσέ
661 1532 722 1570 σε
768 1515 798 1568 ό
841 1514 974 1580 Θεὸς
1013 1516 1096 1580 εἰς
1129 1517 1362 1588 πρᾶγμα
1400 1514 1807 1587 φιλανθρωπίας
1855 1512 1972 1568 ἐπί-

390 1607 561 1674 δειξιν
590 1607 734 1679 ἔχον,
753 1607 821 1661 δι’
836 1600 898 1662 οὗ
918 1607 1143 1662 δυνατόν
1166 1610 1284 1662 ὲστι
1307 1605 1662 1676 διορθωθῆναι
1686 1607 1719 1677 ή
1728 1604 1843 1676 μῶν
1870 1605 1970 1677 τὴν

390 1701 635 1773 πατρίδα
680 1698 958 1765 παντελῶς
992 1686 1405 1771 ὲδαφισθεΐσαν,
1447 1696 1688 1771 ἠγοῦμαι
1740 1695 1971 1769 πρέπειν

395 1811 489 1864 μοι
518 1792 830 1865 ὑπομνῆσαι
868 1809 962 1846 σου
995 1792 1097 1865 τὴν
1139 1775 1515 1864 χρηστότητα,
1547 1773 1636 1843 ἵνα
1671 1775 1760 1842 ἐπ’
1791 1788 1968 1842 ἐλπίδι

388 1884 493 1955 τῆς
524 1882 679 1956 παρὰ
718 1882 853 1936 Θεοῦ
875 1882 1285 1946 ἀνταποδόσεως
1309 1879 1548 1936 τοιοῦτον
1576 1879 1800 1934 σεαυτὸν
1832 1896 1966 1935 κατ-

387 1969 633 2044 αξιὼσῃς
660 1971 1068 2046 παρασχέσθαι,
1090 1956 1233 2025 ὥστε
1271 1971 1541 2027 ἀθανάτου
1577 1969 1678 2042 μὲν
1709 1970 1809 2040 τῆς
1835 1970 1969 2042 μνή-

390 2067 502 2135 μης
548 2049 827 2131 ἅξιοῦσθαι
859 2101 875 2130 ,
915 2062 1168 2133 γενέσθαι
1219 2062 1277 2116 δὲ
1329 2061 1563 2116 αἰωνίων
1608 2059 1964 2116 ἀναπαύσεων

389 2154 730 2226 κληρονόμον
748 2194 765 2220 ,
794 2156 861 2208 ἐκ
885 2152 981 2207 τοῦ
1006 2153 1373 2228 ἐλαφροτέρας
1401 2152 1629 2222 ποιῆσαι
1657 2153 1772 2215 τοῖς
1796 2168 1965 2206 κατα-

385 2245 743 2318 πονουμένοις
778 2243 878 2311 τὰς
917 2236 1147 2318 θλίψεις.
1194 2232 1411 2315 Ἐπειδὴ
1446 2243 1503 2298 δὲ
1532 2241 1701 2315 κάμοί
1732 2243 1815 2308 τίς
1846 2245 1965 2297 ἐστι

382 2326 580 2409 κτῆσις
597 2337 728 2410 περὶ
747 2337 1080 2409 Χαμανηνὴν
1111 2336 1253 2408 (75),
1285 2334 1424 2403 ἀξιῶ
1448 2353 1509 2390 σε
1537 2336 1835 2408 προστῆναι
1867 2335 1965 2388 αὑ-

382 2424 488 2502 τῆς
505 2472 522 2497 ,
546 2430 623 2495 ὠς
646 2429 872 2509 οἰκείας.
901 2432 994 2503 Μὴ
1032 2428 1319 2502 θαυμάζῃς
1346 2429 1435 2495 δὲ,
1457 2430 1508 2483 εί
1556 2420 1791 2501 ἐμαυτοῦ
1822 2428 1965 2509 λέγω

380 2521 455 2577 τὰ
487 2523 601 2576 τῶν
637 2508 827 2592 φίλων,
883 2521 1021 2594 μετὰ
1054 2508 1153 2591 τῆς
1182 2520 1349 2594 ἄλλης
1403 2520 1605 2593 ἀρετῆς
1657 2520 1753 2575 καὶ
1784 2508 1964 2591 φιλίαν

382 2614 851 2686 πεπαιδευμένος,
874 2615 971 2669 καὶ
999 2614 1346 2687 μεμνημένος
1362 2612 1459 2667 τοῦ
1488 2612 1668 2685 σοφῶς
1694 2597 1961 2679 εἰπόντος,

381 2700 579 2761 ἄλλον
607 2691 829 2761 ἑαυτὸν
853 2703 1010 2762 εἶναι
1049 2706 1161 2762 τὸν
1185 2707 1386 2777 φίλον.
1423 2705 1535 2777 Τὴν
1563 2706 1742 2761 τοίνυν
1773 2705 1962 2778 κτῆσιν

380 2797 483 2871 τὴν
506 2796 870 2871 διαφέρουσαν
895 2798 1067 2870 τῷδε,
1095 2790 1304 2871 ταύτην
1441 2797 1681 2870 ἐμαυτοῦ
1725 2798 1961 2870 παρατί-

383 2888 550 2960 θεμαι
579 2891 648 2961 τῇ
681 2877 955 2971 τιμιότητί
985 2908 1078 2945 σου
1099 2908 1113 2923 ο
1146 2891 1243 2969 καὶ
1279 2890 1621 2962 παρακαλῶ,
1662 2889 1962 2961 ἐπισκεψά-

386 2994 549 3049 μενον
586 2978 657 3032 τὰ
675 2970 774 3049 τῆς
798 2970 976 3043 οἰκίας
1003 2976 1242 3051 δυσχερῆ
1259 3019 1274 3044 ,
1302 2970 1486 3033 δοῦναι
1506 2978 1691 3043 αὐτοῖς
1725 2979 1821 3035 καὶ
1851 2978 1961 3034 τῶν

382 3072 765 3143 παρελθόντων
794 3073 1001 3145 χρόνων
1040 3072 1414 3145 παραμυθίαν,
1455 3073 1550 3127 καὶ
1580 3072 1717 3141 πρὸς
1743 3072 1807 3126 τὸ
1831 3071 1960 3145 μέλ-

379 3164 473 3219 λον
515 3165 738 3238 αίρετὴν
768 3168 950 3231 αὐτοῖς
991 3163 1395 3220 κατασκευάσαι
1431 3164 1532 3238 τὴν
1579 3161 1823 3235 οἴκησιν,
1860 3164 1961 3236 τὴν

381 3255 625 3328 φευκτὴν
651 3257 747 3311 καὶ
779 3256 1236 3329 ἀπηγορευμένην
1273 3255 1361 3309 διὰ
1382 3240 1457 3308 ’τὸ
1488 3254 1692 3326 πλῆθος
1718 3255 1817 3326 τῆς
1842 3255 1963 3307 ἐπι-

380 3347 650 3419 κειμένης
681 3348 819 3421 αὐτῇ
860 3338 1189 3411 συντελείας.
1235 3348 1530 3402 Σπουδὰσω
1575 3346 1632 3400 δὲ
1673 3345 1768 3400 καὶ
1796 3345 1960 3409 αὐτὸς

378 3438 690 3511 περιτυχών
722 3457 815 3493 σου
846 3442 915 3513 τῇ
943 3439 1261 3512 κοσμιότητι
1288 3439 1662 3511 ὲντελέστερον
1681 3438 1808 3510 περὶ
1832 3437 1961 3492 ὲκά-
1984 3454 2032 3518 c

382 3546 511 3586 στου
534 3517 905 3603 διαλεχθῆναι.

910 3642 1257 3697 ΕΠΙΣΤΟΛΗ
1301 3642 1425 3700 IIA'.

378 3757 1015 3824 Prasidemﬁappadociw,
1039 3770 1180 3822 quem

1994 778 2043 831 Δ

1195 3755 1360 3807 'Eitam
1381 3768 1485 3807 esse
1502 3753 1746 3806 credimus
1762 3751 2113 3821 perhonoriﬁce

2719 777 2996 835 Censitort’.

2144 886 2274 943 Mihi
2311 889 2531 960 quidem
2566 895 2907 951 consuetudo
2953 912 3079 952 cum
3129 901 3218 954 tua
3259 898 3547 962 nobilitate
3585 912 3637 962 et

2071 991 2256 1034 coram
2300 995 2633 1053 congressus
2677 986 2859 1043 brevis
2907 989 3200 1047 admodum
3243 996 3456 1051 exstitit
3491 1016 3505 1054 :
3538 1000 3636 1055 sed

2072 1079 2293 1142 accepta
2342 1089 2410 1130 ex
2456 1075 2646 1131 auditu
2674 1079 2936 1149 cognitio,
2969 1096 3076 1152 qua
3108 1085 3296 1140 multis
3336 1089 3470 1146 viris
3496 1089 3631 1147 insi-

2071 1162 2268 1231 gnibus
2288 1165 2693 1236 conjungimur,
2722 1185 2822 1225 nec
2844 1173 3062 1243 exigua,
3086 1190 3188 1232 nec
3216 1183 3632 1238 contemnenda.

2070 1254 2156 1306 An
2210 1268 2341 1309 vero
2383 1263 2439 1309 et
2473 1259 2615 1339 apud
2666 1250 2721 1313 te
2770 1275 2838 1315 ex
2891 1260 3034 1317 fama
3075 1264 3130 1319 in
3175 1251 3361 1337 aliquo
3407 1286 3637 1329 numero

2070 1360 2287 1412 sumus,
2338 1349 2457 1418 ipse
2504 1350 2701 1405 melius
2752 1354 2992 1409 noveris.
3036 1340 3153 1412 Tua
3194 1360 3415 1429 quidem
3443 1363 3639 1419 existi—

2071 1436 2239 1515 matio
2268 1437 2392 1494 talis
2444 1439 2589 1510 apud
2632 1456 2736 1497 nos
2784 1436 2889 1508 est,
2934 1447 3150 1515 qualem
3194 1448 3455 1509 diximus.
3497 1453 3637 1520 Qum

2069 1528 2218 1583 niam
2261 1538 2441 1586 autem
2471 1534 2686 1611 vocavit
2716 1541 2770 1592 te
2799 1535 2944 1594 Deus
2972 1539 3041 1595 ad
3068 1557 3272 1599 munus
3307 1545 3635 1604 humanitati

2068 1619 2507 1678 demonstranda:
2554 1624 2836 1694 idoneum,
2877 1644 2976 1698 per
3013 1630 3160 1701 quod
3204 1640 3356 1701 potes
3397 1637 3633 1704 patriam

2068 1720 2316 1769 nostram
2344 1716 2570 1771 omnino
2603 1718 2721 1774 solo
2749 1729 3019 1790 aequatam
3052 1722 3360 1783 instaurare
3388 1745 3405 1796 ;
3440 1729 3638 1787 decere

2068 1819 2156 1894 me
2210 1806 2452 1863 arbitror
2494 1800 2645 1864 tuam
2699 1806 2996 1869 bonitatem
3045 1816 3374 1883 admonere,
3434 1828 3493 1876 ut
3538 1825 3638 1894 spe

2067 1893 2267 1952 divinae
2308 1902 2765 1960 remunerationis
2806 1906 2968 1960 talem
3002 1904 3058 1962 te
3096 1909 3355 1966 exhibere
3384 1912 3540 1976 velis,
3572 1893 3636 1969 ut

2066 1990 2431 2072 immortalem
2490 1992 2809 2050 memeriam
2866 2001 3255 2077 consequaris,
3309 2014 3363 2058 et
3425 2006 3638 2077 requiei

2066 2092 2282 2139 aeternas
2343 2084 2516 2141 haeres
2567 2086 2769 2144 evadas
2843 2089 2916 2145 ob
2982 2092 3243 2150 allevatas
3298 2096 3637 2156 calamitosis

2063 2192 2356 2234 aerumnas.
2400 2178 2536 2233 Cum
2583 2187 2766 2235 autem
2808 2187 2864 2235 et
2913 2179 3048 2236 mibi
3086 2183 3334 2253 quaedam
3375 2187 3448 2243 sit
3486 2188 3636 2244 circa

2064 2269 2469 2347 Cbamanenem
2499 2274 2815 2343 possessio,
2845 2289 2968 2329 eam
2999 2290 3154 2346 aeque
3193 2290 3261 2331 ac
3290 2286 3439 2334 tuam
3475 2290 3632 2337 tuea-

2063 2361 2326 2440 risrogo.
2344 2360 2457 2419 Nec
2482 2363 2701 2421 mireris
2731 2365 2778 2420 si
2806 2364 2927 2422 mea
2957 2366 3160 2433 dicam,
3190 2384 3312 2440 quae
3343 2381 3473 2427 sunt
3499 2376 3637 2430 ami-

2065 2466 2293 2521 corum;
2330 2469 2457 2509 nam
2502 2469 2626 2535 cum
2667 2455 2896 2526 reliquis
2922 2450 3303 2529 virtutibuset
3330 2464 3634 2521 amicitiam

2064 2542 2254 2613 didici,
2299 2561 2366 2601 ac
2408 2548 2632 2602 memini
2681 2548 2830 2604 illius
2871 2551 2966 2620 qui
3008 2548 3286 2622 sapienter
3310 2555 3470 2621 dixit,
3504 2559 3635 2612 ami-

2063 2651 2184 2690 cum
2243 2655 2357 2693 esse
2413 2639 2639 2693 alterum
2702 2642 2953 2712 seipsum.
3002 2642 3156 2700 lianc
3212 2646 3379 2716 igitur
3422 2663 3635 2719 posses-

2063 2725 2298 2805 sionem,
2345 2742 2466 2798 quaa
2512 2729 2582 2783 ad
2617 2729 2771 2784 illum
2819 2731 3076 2801 pertinet,
3122 2734 3274 2789 velut
3315 2751 3492 2792 meam
3523 2746 3633 2794 tum

2063 2816 2316 2889 dignitati
2371 2820 2738 2889 commendo;
2814 2837 2879 2877 ac
2938 2840 3093 2896 rogo,
3146 2833 3206 2879 ut
3271 2827 3636 2887 considerans

2064 2908 2267 2965 domus
2296 2909 2598 2991 molestias.
2627 2912 2725 2969 des
2764 2914 2875 2970 illis
2902 2923 2956 2971 et
2993 2917 3389 2987 praeteritorum
3422 2929 3633 2994 tempo-

2062 3016 2185 3056 rum
2225 3002 2656 3079 consolationem
2697 3012 2753 3060 et
2798 3005 2853 3060 in
2914 3005 3163 3062 futurum
3207 3011 3499 3079 Optabilem
3548 3014 3625 3071 ei!

2062 3090 2452 3147 habitationem
2489 3093 2651 3148 istam
2691 3093 2910 3159 reddas,
2950 3110 3072 3165 quae
3109 3096 3180 3151 ob
3204 3097 3534 3153 tributorum
3579 3116 3619 3155 α

2063 3182 2446 3254 impositorum
2478 3184 2884 3242 multitudinem
2919 3186 3178 3259 fugienda
3209 3197 3295 3244 est
3340 3199 3395 3244 et
3438 3190 3606 3262 despe

2061 3284 2203 3332 rata.
2230 3273 2338 3331 Sed
2363 3283 2418 3330 et
2448 3276 2567 3346 ipse
2594 3292 2816 3346 operam
2839 3278 3003 3341 dabo.
3035 3286 3094 3334 ut
3121 3295 3246 3335 cum
3281 3288 3375 3335 tua
3407 3282 3604 3338 urbani

2063 3373 2174 3423 tate
2199 3368 2532 3425 conveniens
2562 3366 2631 3425 de
2662 3368 2898 3440 singulis
2931 3364 3149 3441 plenius
3181 3372 3468 3429 disseram.

2474 3610 2812 3685 EPISTULA
2848 3627 3175 3684 LXXXIV“.

2128 3747 2304 3799 salutat
2327 3743 2557 3816 Basilius,
2580 3742 2776 3816 ejusque
2802 3741 2979 3801 factum
3015 3740 3343 3816 reprehendit,
3509 3744 3619 3795 duri

442 3803 1485 3891 asasassaésiqsmsjase
1506 3803 2440 3891 'aﬁeeeacsivse_em
2479 3803 2728 3869 ίηήέροιέ
2764 3818 2938 3855 rursm
2958 3803 3026 3854 αα
3064 3803 3266 3855 έιιωιενα
3288 3803 3481 3869 Mica
3512 3819 3608 3872 ρτο

442 3871 673 3936 uaeas:
685 3880 915 3933 Pluribus
931 3871 1104 3944 'probat
1124 3871 1404 3930 mutandum
1425 3886 1530 3930 esse
1547 3874 1677 3941 quod
1695 3877 1941 3929 decretum
1961 3871 2126 3938 inique"
2141 3871 2317 3936 fuerat.

1023 3972 1319 4057 Ἦγεμόνι.

451 4101 505 4157 1.
539 4090 736 4173 Σχεδὸν
769 4100 869 4174 μὲν
905 4098 1128 4156 ἄπιστόν
1161 4101 1308 4153 ἐστιν
1333 4098 1363 4152 ὃ
1386 4097 1567 4170 μέλλω
1592 4097 1952 4170 γράφειν,γε-

378 4192 651 4266 γράψεται
679 4194 736 4247 δὲ
774 4194 873 4265 τῆς
915 4191 1170 4264 ἀληθείας
1196 4191 1384 4246 ἕνεκεν
1402 4209 1417 4222 ο
1459 4193 1541 4245 ὅτι
1560 4230 1577 4256 ,
1609 4192 1788 4244 πᾶσαν
1813 4188 1951 4260 ἔχων

383 4283 702 4354 ἐπιθυμίαν,
752 4283 829 4346 ὡς
876 4279 987 4338 οἷόν
1018 4299 1078 4336 τε
1113 4278 1205 4353 ἦν,
1246 4281 1558 4336 πυκνότατα
1610 4278 1951 4349 διαλέγεσθαί

380 4389 477 4428 σου
502 4376 568 4445 τῇ
603 4371 975 4446 καλοκάγαθίᾳ
996 4412 1012 4438 ,
1044 4372 1232 4444 ἐπειδὴ
1265 4366 1422 4445 εὗρον
1454 4372 1656 4443 ταύτην
1688 4370 1950 4442 γραμμά-

375 4480 487 4519 ⁴των
516 4465 617 4538 τὴν
650 4465 923 4537 ἀφορμὴν,
974 4465 1073 4520 οὐκ
1104 4464 1413 4536 ἐπέδραμον
1436 4463 1515 4535 τῷ
1559 4464 1776 4541 ἑρμαίῳ
1795 4503 1809 4528 ,
1832 4461 1947 4515 ἀλλ’

374 4555 683 4628 ἀπώκνησα
708 4557 802 4611 καί¹
837 4556 1082 4629 ἀνεδύην.
1115 4554 1188 4609 Τό
1220 4551 1313 4609 οὖν
1343 4554 1643 4627 παράδοξον
1663 4556 1720 4609 ὲν
1751 4553 1947 4625 τούτῳ,

376 4647 463 4701 ὅτι
507 4648 653 4720 ἅπερ
679 4649 929 4720 ηὐχόμην
977 4649 1218 4719 ὑπάρξαι
1271 4646 1419 4718 (74),
1459 4645 1630 4700 ταῦτα
1687 4646 1953 4724 γενόμενα

2709 3974 2959 4031 Ρνιεδὶάί.

2130 4092 2182 4147 1.
2225 4074 2363 4147 Fere
2413 4088 2738 4145 incredibile
2785 4097 2872 4144 est
2914 4088 3061 4159 quod
3107 4089 3415 4159 scripturus
3453 4105 3576 4147 sum
3609 4132 3622 4142 .

2057 4187 2332 4243 scribetur
2374 4184 2555 4239 tamen
2606 4183 2856 4238 veritatis
2905 4197 3096 4238 causa.
3152 4170 3267 4237 Etsi
3317 4184 3645 4254 cupiditate.

2056 4278 2207 4332 omni
2251 4265 2502 4339 tenebar,
2546 4288 2711 4345 quam
2752 4289 2973 4344 possem
3017 4272 3321 4345 saepissime
3357 4292 3484 4331 cum
3533 4285 3624 4332 tua

2055 4360 2328 4441 probitate
2364 4366 2756 4436 colloquendi;
2791 4375 3085 4438 postquam
3131 4374 3316 4422 tamen
3355 4368 3495 4424 hanc
3538 4369 3622 4423 lit-

2054 4469 2295 4514 terarum
2338 4456 2686 4512 occasionem
2742 4463 2936 4511 nactus
2973 4470 3119 4521 sum,
3163 4472 3273 4511 non
3313 4460 3532 4512 accurri
3561 4459 3623 4513 ad

2054 4551 2290 4617 lucrum,
2328 4534 2425 4604 sed
2461 4548 2710 4604 haesitavi
2756 4562 2821 4602 ac
2859 4563 2946 4603 me
2992 4550 3217 4603 retraxi.
3267 4549 3405 4603 Illud
3445 4551 3623 4620 itaque

2056 4659 2120 4700 ea
2150 4643 2204 4698 in
2234 4658 2293 4698 re
2319 4641 2572 4697 mirabile
2600 4631 2706 4705 est,
2753 4641 2899 4711 quod
2930 4656 3052 4712 quae
3083 4641 3400 4711 contingere
3440 4642 3624 4711 cupie-

376 4738 478 4791 οὐκ
508 4717 793 4810 ἐδεχόμην.
826 4717 1008 4819 Ᾰίτιον
1051 4717 1110 4793 δέ
1133 4779 1149 4803 ,
1196 4717 1288 4793 ὅτι
1314 4737 1637 4808 αἰσχύνομαι
1667 4719 1842 4790 δοκεῖν
1876 4735 1950 4807 μὴ

2064 4718 2200 4802 bam,
2248 4750 2311 4790 ea
2370 4722 2465 4789 ubi
2501 4730 2798 4804 contigere,
2855 4748 2962 4786 non
3007 4748 3127 4788 sum
3173 4736 3478 4803 amplexus.
3516 4734 3625 4789 lloc

377 4829 562 4898 φιλίας
588 4847 653 4900 γε
684 4830 869 4886 ἕνεκεν
902 4831 1191 4903 καθαρῶς,
1239 4830 1375 4886 ἀλλὰ
1408 4831 1593 4902 χρείαν
1621 4829 1743 4883 τινὰ
1791 4828 1952 4899 θερα-

375 4920 562 4976 πεύων
601 4922 859 4977 ἑκάστοτε
898 4924 1154 4996 γράφειν.
1189 4922 1351 4977 Ἀλλά
1387 4940 1455 4995 με
1501 4924 1677 4976 ἐκεῖνο
1704 4918 1951 4990 εἰσῆλθεν

378 5011 454 5081 (ὃ
502 5014 599 5067 καὶ
644 5014 705 5067 σὲ
751 5013 1011 5085 βούλομαι
1056 5014 1436 5085 διανοηθέντα,
1501 5014 1660 5084 μήτοι
1712 5010 1952 5082 νομίζειν

377 5106 527 5175 ἡμᾶς
561 5104 878 5176 ὲμπορικῶς
926 5104 1125 5176 μᾶλλον
1176 5105 1209 5175 ἢ
1258 5105 1487 5173 φιλικῶς
1531 5102 1802 5156 ποιεῖσθαι
1852 5100 1952 5166 τὰς

377 5193 709 5263 διαλέξεις),
738 5196 820 5248 ὅτι
851 5198 955 5267 χρή
985 5213 1039 5249 τι
1069 5195 1325 5267 διάφορον
1376 5196 1523 5267 ἔχειν
1550 5194 1649 5258 τὰς
1697 5194 1806 5248 τῶν
1855 5193 1953 5264 ἁρ-

377 5285 582 5355 χόντων
635 5287 966 5357 προσρήσεις
1024 5286 1179 5359 παρὰ
1238 5271 1366 5351 τοὺς
1421 5285 1656 5350 ἰδιώτας.
1710 5285 1784 5339 Οὐ
1841 5284 1950 5355 γὰρ

358 5376 580 5467 ιὁμοίως
608 5380 924 5434 ὲντευκτέον
963 5382 1099 5449 ἡμῖν
1136 5379 1305 5455 ἰατρῷ
1344 5396 1404 5432 τε
1443 5378 1598 5450 ἀνδρὶ
1628 5376 1722 5431 καὶ
1745 5375 1823 5448 τῷ
1851 5393 1949 5429 τυ-

359 5592 371 5606 ,
445 5531 560 5606 (72)
590 5532 875 5606 Ειπομεν.
907 5532 1000 5606 Sic
1021 5547 1126 5606 ope
1150 5530 1362 5606 codicis
1388 5528 1801 5587 Claromontani
1832 5544 1953 5583 mu-

359 5603 615 5672 ;taVituus
636 5604 783 5672 quod
814 5613 931 5658 erat
960 5604 1014 5657 in
1044 5604 1228 5667 editis,
1258 5603 1530 5671 εἴποιμεν.

454 5671 563 5749 βξ)
594 5670 975 5749 Χαμανηνήνς.
1006 5672 1297 5749 Medicaaus,
1330 5670 1799 5749 μηχανῄῃΡουιο
1829 5675 1953 5740 post

382 5738 795 5813 casurum
823 5738 914 5817 μὴζ
938 5744 1233 5819 (invadam?

2057 4820 2240 4882 autem
2282 4811 2386 4881 fuit
2432 4841 2635 4889 causae,
2685 4823 2832 4895 quod
2875 4824 3104 4894 puderet
3154 4841 3242 4878 me
3287 4824 3459 4879 videri
3518 4841 3626 4878 non

2056 4915 2208 4988 purae
2247 4917 2503 4973 amicitia:
2532 4932 2720 4980 causa,
2773 4916 2866 4971 sed
2905 4915 3112 4986 aliquid
3160 4916 3414 4971 utilitatis
3463 4930 3626 4970 aucu-

2055 5019 2277 5080 pantem
2322 5008 2555 5064 subinde
2589 5010 2851 5064 scribere.
2894 5007 3001 5063 Sed
3048 5007 3181 5061 illud
3214 5007 3349 5061 mihi
3380 5007 3436 5061 in
3468 5023 3625 5061 men-

2057 5108 2166 5153 tem
2196 5101 2344 5155 venit
2372 5087 2537 5170 (quod
2588 5108 2643 5155 et
2678 5107 2734 5153 tu
2764 5099 3122 5155 considerans
3156 5099 3316 5152 velim
3347 5098 3628 5152 existimes

2056 5206 2145 5246 me
2188 5207 2298 5246 non
2349 5190 2592 5262 quaestus
2634 5192 2808 5262 magis
2858 5208 3021 5261 quam
3065 5190 3324 5245 amicitiae
3374 5205 3541 5246 causa
3572 5192 3627 5245 in

2055 5284 2390 5354 colloquium
2435 5284 2666 5357 venire),
2717 5285 2874 5354 177
2919 5284 3077 5337 aliter
3122 5278 3395 5352 praesides
3425 5284 3627 5351 alloqui

2054 5373 2248 5433 decere
2278 5391 2342 5431 ac
2392 5377 2656 5447 privatos.
2704 5374 2824 5429 Non
2871 5375 3016 5430 enim
3061 5373 3436 5433 nobiseodem
3465 5373 3627 5429 modo

2122 5532 2234 5601 (74)
2278 5530 2802 5602 Ὑπτάρεειιζίλρίειζ
2834 5531 3043 5601 primus
3075 5538 3129 5584 et
3161 5528 3302 5602 Med.
3341 5527 3626 5602 ὑπάρξειν.

2124 5610 2140 5627 ⁸
2176 5604 2323 5658 Alias
2351 5600 2989 5670 CCCCXXVli,Scriptu
3021 5617 3166 5654 anno
3200 5601 3326 5670 δῖε.

2100 5675 2169 5748 “f
2196 5673 2345 5729 Alias
2371 5669 2788 5729 CCCLXXXIX.
2816 5668 3029 5756 Scripta
3048 5687 3193 5726 anno
3216 5668 3338 5726 572.
