3988 6194
314 319 423 399 ως

1658 334 1716 390 S.
1747 334 1992 391 BASlLll
2031 334 2244 391 MAGNI

3464 334 3572 392 ια

318 453 627 513 adeundus‘
657 462 743 511 est
784 455 1030 513 medicus
1082 470 1148 511 ac
1181 452 1468 528 plebeius;
1524 467 1701 522 neque
1731 453 1893 509 etiam

2004 454 2177 525 χόντι·
2205 451 2328 507 οὔτε
2360 452 2580 525 ἄρχοντι
2618 452 2860 523 δηλονότι
2903 454 2998 506 καὶ
3034 450 3251 524 ἰδιώτῃο
3294 451 3430 508 ἀλλά
3453 470 3575 506 πει-

316 564 522 621 praeses
565 547 757 605 eodem
790 548 953 604 modo
994 563 1059 603 ac
1104 549 1355 619 privatus
1401 565 1415 601 :
1456 546 1554 602 sed
1601 545 1778 601 danda
1807 552 1892 601 est

315 655 507 712 Opera,
543 646 603 694 ut
655 640 817 709 hujus
864 647 1000 705 arte,
1042 640 1191 695 illius
1220 641 1544 693 auctoritate
1574 636 1641 691 ad
1670 643 1891 692 nostros

320 747 452 788 usus
487 730 851 801 perfruamur.
887 730 1356 797 Quemadmodum
1404 728 1552 784 enim
1607 726 1672 781 ad
1722 727 1890 782 solem

321 822 705 886 ambulantes,
751 823 919 877 velint
957 823 1160 889 nolint,
1205 822 1395 877 umbra
1436 819 1660 875 omnino
1710 819 1892 888 sequi-

322 925 455 967 tur:
489 911 563 967 ita
608 919 821 967 etcum
874 911 1289 981 magistratibus
1335 910 1606 979 colloquia
1652 919 1891 978 quaestus

324 1000 543 1072 quidam
588 1002 910 1064 comitatur,
963 1000 1212 1056 levamen
1261 998 1608 1055 aﬂlictorum.
1653 996 1890 1052 Primam

324 1094 483 1165 igitur
521 1093 767 1164 epistolae
798 1107 1022 1148 causam
1064 1090 1360 1161 adimpleat
1383 1091 1500 1161 ipsa
1535 1089 1895 1160 magnanimi-

324 1186 447 1240 tatis
487 1191 595 1240 tua:
640 1184 941 1249 salutatio;
994 1183 1139 1254 quod
1185 1183 1389 1253 ipsum,
1422 1182 1637 1238 etiamsi
1684 1182 1893 1236 nullum

324 1275 466 1331 aliud
509 1276 785 1331 scribendi
834 1282 1220 1345 argumentum
1274 1280 1613 1344 suppeteret,
1665 1287 1892 1328 causam

324 1380 528 1438 equam
554 1382 677 1423 esse
697 1367 999 1438 putandum
1030 1373 1135 1421 est.
1170 1365 1437 1420 Saluteris
1467 1365 1632 1435 igitur
1661 1378 1691 1417 a
1712 1363 1892 1428 nobis,

325 1459 404 1515 vir
419 1459 641 1530 optime,
656 1472 719 1512 ac
732 1457 881 1511 omni
895 1457 1174 1512 hominum
1190 1454 1371 1526 generi
1389 1455 1740 1519 custodiatis,
1756 1470 1896 1525 prae-

325 1549 559 1607 fecturas
591 1565 660 1605 ex
692 1549 1034 1619 praefecturis
1070 1564 1285 1619 gerens,
1318 1555 1372 1602 et
1398 1547 1534 1602 alios
1564 1554 1726 1617 atque
1757 1547 1895 1601 alios

324 1657 413 1697 tua
439 1642 915 1697 administratione
935 1641 1221 1712 adjuvans.
1243 1639 1298 1695 ιιι
1318 1640 1465 1695 enim
1494 1646 1548 1695 et
1565 1640 1693 1694 mihi
1715 1637 1897 1695 facere

325 1747 440 1788 mos
453 1738 554 1795 est,
578 1739 632 1787 et
652 1730 747 1786 tibi
765 1731 992 1787 debetur
1013 1731 1083 1786 ab
1102 1732 1190 1798 iis,
1211 1731 1304 1801 qui
1331 1732 1412 1786 vel
1441 1729 1713 1785 tantillum
1747 1738 1895 1785 tuam

1993 547 2186 618 ρατέον
2222 544 2316 598 τοῦ
2350 545 2450 616 μὲν
2475 547 2540 598 ὲκ
2571 546 2670 616 τῆς
2690 546 2907 616 τέχνης,
2941 545 3035 600 τοῦ
3068 545 3126 599 δὲ
3164 544 3272 599 ἀπὸ
3301 546 3399 617 τῆς
3422 545 3577 610 ἐξου-

1995 637 2115 701 σίας
2138 635 2433 690 ἀπολαύειν
2479 637 2558 701 είς
2603 636 2672 690 τά
2717 636 2982 710 ἡμέτερα.
3019 637 3230 709 ’Ὠσπερ
3264 633 3488 700 οὖντοῖς
3514 639 3577 691 ὲν

1992 726 2126 798 ⁴ἡλίῳ
2158 727 2462 797 βαδίζουσιν
2491 727 2686 780 ἕπεται
2734 728 2950 792 πάντως
2995 728 3028 798 ή
3078 727 3236 791 σκιὰ,
3267 727 3370 781 κᾶν
3416 727 3575 780 αὐτοὶ

1996 819 2071 890 μὴ
2098 819 2436 890 προέλωνται
2472 836 2486 850 ·
2530 818 2672 872 οὕτω
2717 819 2809 872 καὶ
2836 822 2953 881 ταῖς
2994 819 3130 890 πρὸς
3161 819 3285 882 τοὺς
3305 818 3576 891 ἄρχοντας

1993 909 2233 979 ὁμιλίαις
2276 909 2561 964 ἀκολουθεί
2611 927 2664 963 τι
2721 910 2817 964 καὶ
2868 910 3343 981 παρεμπόρευμα,
3385 911 3420 980 ἡ
3463 908 3579 963 τῶν

1993 1002 2310 1073 καμνόντων
2330 1001 2572 1073 βοήθεια.
2610 1001 2725 1073 Τὴν
2771 1002 2867 1074 μὲν
2888 999 2981 1054 οὖν
3022 1000 3243 1073 πρώτην
3271 996 3444 1054 αἰτίαν
3471 1001 3579 1070 τῆς

1991 1093 2285 1165 ἐπιστολῆς
2333 1092 2623 1164 πληρούτω
2678 1093 2810 1147 αὐτὸ
2857 1093 2918 1146 τὸ
2957 1094 3277 1163 προσειπεῖν
3328 1108 3420 1145 σου
3473 1093 3578 1162 τὴν

1997 1183 2349 1256 μεγαλόνοιαν
2382 1200 2397 1216 ⁸
2456 1184 2515 1250 ὃ,
2566 1184 2669 1238 κᾶν
2719 1183 2956 1254 μηδεμία
3000 1183 3270 1255 πρόφασις
3306 1181 3383 1255 τῷ
3432 1182 3577 1253 γράο

1995 1294 2113 1345 φειν
2144 1275 2256 1348 (75)
2289 1279 2499 1348 προσῇ,
2539 1275 2744 1345 ἀγαθὸν
2789 1275 3083 1345 κεφάλαιον
3129 1275 3259 1329 αὐτὸ
3285 1274 3391 1347 χρὴ
3430 1274 3587 1345 νομί»

1995 1367 2206 1434 ζεσθαι.
2239 1369 2582 1441 Προσείρησο
2615 1367 2724 1440 (76)
2758 1368 2939 1421 τοίνυν
2964 1369 3118 1439 ἡμῖν,
3146 1361 3192 1421 ὦ
3220 1367 3440 1440 ἄριστε,
3481 1368 3585 1422 καὶ

1998 1455 2285 1535 φυλάττοιο
2308 1455 2387 1527 τῷ
2419 1456 2518 1527 βίῳ
2543 1457 2708 1511 παντὶ
2728 1498 2742 1517 ,
2773 1456 2950 1527 ἀρχὰς
2981 1454 3040 1520 ἐξ
3084 1456 3267 1528 ἀρχῶν
3306 1455 3577 1528 ἀμείδων,

1995 1546 2091 1600 καὶ
2119 1545 2306 1600 ἄλλοτε
2332 1546 2521 1610 ἄλλους
2536 1549 2656 1611 ταῖς
2679 1546 3023 1611 ἐπιστασίαις
3051 1546 3376 1619 εὐεργετῶν.
3401 1546 3585 1600 Τοῦτο

1996 1637 2104 1711 γὰρ
2151 1638 2273 1709 ἐμοί
2323 1655 2381 1691 τε
2421 1642 2593 1692 ποιεῖν
2648 1639 2914 1710 σύνηθες,
2959 1640 3055 1694 καὶ
3105 1641 3187 1692 σοὶ
3230 1639 3585 1710 ὀφειλόμενον

2000 1730 2153 1801 παρά
2182 1730 2291 1785 τῶν
2315 1731 2410 1784 καὶ
2443 1731 2583 1784 κατά
2617 1732 2814 1804 μικρὸν
2849 1732 3269 1808 πεπειραμένων
3308 1730 3407 1801 τῆς
3447 1731 3583 1802 περὶ

325 1838 379 1877 tn
420 1822 852 1877 administranda
891 1823 1173 1893 provincia
1212 1824 1467 1878 virtutem
1497 1822 1705 1890 experti
1746 1828 1892 1878 sunt.

2004 1821 2061 1875 τὸ
2085 1822 2272 1894 ἄρχειν
2304 1840 2397 1876 σου
2426 1823 2647 1896 ἀρετῆς.

388 1914 443 1968 2.
484 1913 617 1969 Post
656 1924 841 1970 votum
879 1916 1036 1979 illud,
1091 1930 1267 1971 meam
1292 1929 1513 1986 quoque
1549 1929 1650 1984 pro
1693 1914 1896 1970 misero

319 2022 452 2064 sene
489 2009 861 2078 precationem
898 2010 1123 2079 excipe,
1175 2024 1337 2079 quem
1389 2008 1629 2078 diploma
1679 2007 1895 2078 regium

320 2100 641 2155 muneribus
671 2100 907 2171 publicis
946 2101 1146 2156 exemit
1173 2117 1189 2168 ;
1218 2101 1302 2155 vel
1343 2101 1527 2170 potius
1571 2100 1662 2154 cui
1692 2106 1747 2154 et
1776 2100 1895 2169 ipsa

323 2198 449 2247 ante
501 2206 687 2262 regem
746 2202 1000 2248 senectus
1062 2192 1465 2247 immunitatem
1522 2190 1895 2246 necessariam

321 2282 936 2340 dederat.Contirmasti
964 2291 1018 2340 et
1058 2283 1177 2355 ipse
1225 2284 1553 2340 beneﬁcium
1587 2283 1754 2353 regis,
1791 2295 1893 2337 na-

321 2389 498 2434 turam
544 2378 834 2442 reveritus,
880 2384 936 2433 et
979 2378 1215 2448 publicis
1258 2378 1424 2433 rebus
1473 2375 1795 2447 providens,
1832 2381 1896 2429 ut

320 2470 459 2525 mihi
488 2469 726 2535 videtur,
756 2484 828 2525 ne
855 2469 1004 2541 quod
1045 2469 1351 2540 periculum
1374 2508 1389 2534 ,
1425 2467 1645 2523 homine
1674 2473 1897 2538 propter

321 2568 539 2616 aetatem
588 2561 913 2631 desipiente,
948 2561 1004 2615 in
1042 2575 1157 2615 rem
1207 2560 1485 2631 publicam
1526 2558 1893 2615 inveheretur.

321 2648 607 2717 Quomodo
639 2660 817 2705 autem
856 2652 1033 2715 illum,
1061 2652 1147 2706 vir
1188 2651 1528 2714 admirande,
1557 2653 1665 2704 alia
1699 2664 1896 2705 rursus

321 2743 411 2798 via
450 2742 774 2813 imprudens
802 2743 858 2797 in
885 2742 1063 2798 media
1094 2744 1315 2815 negotia
1341 2742 1704 2814 protraxisti?
1738 2741 1897 2809 Quod

321 2833 467 2887 enim
502 2833 652 2889 illius
682 2843 934 2904 nepotem
970 2834 1211 2888 nondum
1238 2849 1412 2891 annos
1438 2844 1675 2905 quatuor
1706 2844 1897 2889 natum

323 2922 489 2978 curiae
528 2922 803 2989 addixisti,
845 2922 976 2995 quid
1019 2925 1167 2979 aliud
1219 2933 1306 2981 est
1366 2941 1529 2996 quam
1599 2941 1784 2981 senem
1841 2924 1898 2978 in

323 3022 522 3084 nepote
558 3030 753 3070 rursus
778 3015 846 3070 de
888 3015 1098 3088 integro
1141 3016 1209 3070 ad
1253 3017 1474 3088 publica
1517 3032 1746 3073 munera
1775 3033 1898 3088 per-

324 3103 579 3158 trahere?
611 3101 767 3159 Nunc
806 3113 986 3159 autem
1019 3121 1151 3176 rogo
1188 3107 1364 3162 aetatis
1407 3106 1697 3178 utriusque
1734 3108 1897 3162 mise-
1922 3141 1965 3198 ο

322 3196 521 3261 rearis,
556 3203 611 3252 et
638 3206 932 3268 utrumque
964 3196 1163 3254 liberes
1194 3199 1264 3254 ob
1298 3214 1363 3254 ea
1393 3215 1515 3270 quae
1538 3201 1728 3257 insunt
1756 3201 1897 3254 utri-

323 3302 434 3358 que
496 3287 852 3343 miseratione
906 3286 1092 3360 digna.
1148 3289 1303 3344 Alter
1362 3290 1583 3360 quidem
1641 3299 1897 3362 parentes

324 3394 436 3434 non
448 3380 601 3444 vidit,
614 3395 718 3436 nec
737 3382 1013 3451 cognovit,
1029 3381 1121 3437 sed
1139 3397 1235 3453 per
1255 3382 1465 3437 alienas
1478 3397 1671 3437 manus
1685 3383 1740 3436 in
1757 3382 1899 3436 hanc

326 3472 492 3525 vitam
534 3472 813 3543 ingressus
859 3481 963 3538 est,
1021 3477 1207 3529 statim
1245 3490 1277 3529 a
1330 3474 1619 3529 cunabulis
1672 3482 1899 3544 parente

324 3570 561 3631 utroque
600 3562 824 3619 orbatus
859 3580 874 3630 ;
910 3563 1048 3618 alter
1097 3578 1226 3619 vero
1268 3565 1459 3619 tandiu
1491 3564 1547 3618 in
1574 3564 1683 3618 vita
1721 3579 1900 3619 reser-

323 3661 487 3710 vatus
519 3663 622 3717 est,
659 3662 719 3709 ut
763 3655 972 3709 nullum
1016 3656 1348 3712 calamitatis
1399 3672 1573 3728 genus
1616 3655 1897 3725 eﬂugeret.

325 3742 475 3801 Vidit
527 3746 674 3801 enim
747 3746 847 3800 lilii
904 3755 1135 3802 mortem
1187 3747 1586 3815 immaturam;
1651 3748 1788 3803 vidit
1845 3756 1900 3803 et

200 3901 207 3909 .
324 3837 549 3891 domum
596 3838 1010 3894 successoribus
1056 3838 1377 3894 destitutam
1425 3857 1440 3894 :
1487 3838 1691 3894 videbit
1716 3845 1899 3894 autem

324 3945 495 3994 nunc,
541 3930 648 3985 nisi
693 3928 825 4001 quid
865 3936 960 3984 tua
999 3929 1340 3986 humanitate
1385 3929 1617 4002 dignum
1667 3933 1896 4002 cogites,

328 4022 572 4077 solamen
627 4022 877 4077 orbitatis
928 4021 987 4077 in
1036 4023 1380 4078 occasionem
1433 4023 1537 4078 sibi
1587 4024 1902 4079 innumera;

326 4112 518 4166 bilium
553 4112 824 4167 malorum
858 4111 1125 4167 converti.
1170 4110 1293 4168 Non
1341 4113 1488 4168 enim
1535 4114 1800 4184 puerulus
1844 4114 1901 4170 in

308 4203 596 4257 'curalium
648 4203 830 4257 album
893 4203 1220 4269 ascribetur,
1268 4215 1363 4260 aut
1403 4205 1608 4260 tributa
1658 4206 1898 4278 colliget,

328 4301 425 4349 aut
458 4293 728 4349 militibus
762 4307 1036 4348 annonam
1096 4296 1464 4366 suppeditabit
1502 4315 1515 4350 :
1561 4298 1655 4353 sed
1706 4312 1901 4353 rursus

2067 1914 2121 1968 2.
2156 1914 2311 1969 Μετὰ
2340 1914 2397 1967 δὲ
2445 1916 2543 1988 τὴν
2600 1915 2800 1987 εὐχὴν,
2846 1915 2994 1981 δέξαι
3024 1916 3119 1969 καὶ
3170 1914 3272 1987 τὴν
3311 1913 3453 1985 ὑπὲρ
3479 1909 3580 1966 τοῦ

1996 2005 2181 2061 ἀθλίου
2215 2007 2467 2079 γέροντος
2498 2007 2742 2072 ἱκεσίαν,
2771 2008 2830 2061 ὃν
2874 2007 3054 2079 ἀφῆκε
3102 2006 3202 2078 μὲν
3250 2005 3359 2059 τῶν
3409 2005 3585 2076 δημο-

1999 2099 2127 2153 σίων
2169 2100 2406 2172 γράμμα
2459 2099 2739 2172 βασιλικόν
2778 2117 2793 2132 ο
2836 2100 3035 2172 μᾶλλον
3082 2100 3139 2154 δὲ
3178 2099 3272 2153 καί
3321 2098 3427 2170 πρὸ
3478 2094 3583 2151 τοῦ

1999 2189 2263 2261 βασιλέως
2316 2192 2447 2245 αὐτὸ
2498 2192 2559 2246 τὸ
2610 2194 2788 2265 γῆρας
2846 2192 3047 2247 ἔδωκεν
3102 2190 3251 2262 αύτῷ
3278 2190 3378 2261 τὴν
3412 2190 3585 2259 ἀναγο

1997 2282 2158 2337 καίαν
2185 2282 2452 2338 ἀτέλειαν.
2492 2283 2860 2349 Ἐὗεσαίωσας
2902 2283 2958 2338 δὲ
2997 2284 3091 2337 καὶ
3124 2283 3285 2346 αὐτὸς
3308 2282 3408 2353 τὴν
3441 2282 3587 2336 ἄνω-

1998 2374 2087 2428 θεν
2116 2374 2276 2447 χάριν
2309 2376 2447 2430 αἰδοῖ
2480 2376 2582 2446 τῆς
2605 2376 2818 2445 φύσεως
2837 2418 2852 2442 ,
2884 2377 2979 2431 καὶ
3012 2374 3322 2448 προμηθείᾳ
3347 2373 3456 2428 τῶν
3484 2373 3583 2445 δη-

2002 2464 2224 2534 μοσίων,
2258 2465 2380 2537 ἐμοὶ
2405 2466 2605 2525 δοκεῖν,
2629 2464 2705 2529 ὼς
2736 2464 2800 2518 ἂν
2823 2465 2898 2537 μὴ
2921 2465 3016 2519 ἀνθ
3026 2464 3191 2537 ρώπῳ
3217 2463 3582 2537 παρανοοῦντι

1997 2554 2084 2608 διά
2125 2556 2217 2610 τὸν
2261 2556 2449 2627 χρόνον
2507 2555 2808 2610 κινδυνεύοι
2858 2555 2972 2625 (77)
3003 2573 3056 2609 τι
3089 2554 3198 2609 τῶν
3243 2554 3462 2609 κοινῶν.
3498 2554 3585 2607 Δι’

1998 2646 2189 2719 ἑτέρας
2207 2646 2262 2699 δὲ
2285 2646 2403 2700 ὀδοῦ
2438 2646 2600 2700 πάλιν
2636 2646 2753 2710 πῶς
2780 2646 2941 2699 αὐτὸν
2970 2644 3177 2710 ἔλαθες,
3210 2637 3255 2698 ὦ
3281 2644 3584 2716 θαυμάσιε,

1998 2739 2337 2818 παραγαγὼν
2368 2741 2447 2803 εἰς
2475 2738 2537 2792 τὸ
2587 2738 2777 2811 μέσον;
2829 2739 2933 2792 Τὸν
2966 2737 3075 2811 γάρ
3110 2737 3290 2792 ὑϊδούν
3336 2737 3449 2809 (78)
3482 2739 3591 2791 afr-

1996 2829 2091 2882 τοῦ
2113 2871 2128 2896 ,
2162 2829 2313 2884 οὔπω
2340 2831 2599 2903 τέταρτον
2625 2831 2743 2895 ἔτος
2778 2830 2886 2884 ἀπὸ
2908 2831 3178 2900 γενέσεως
3211 2829 3414 2899 ἄγοντα
3435 2872 3449 2897 ,
3487 2847 3586 2883 κε-

1998 2919 2193 2987 λεύσας
2231 2922 2326 2975 τοῦ
2367 2921 2747 2994 βουλευτηρίου
2796 2922 3061 2994 μετέχειν,
3094 2922 3148 2975 τί
3180 2922 3307 2975 ἄλλο
3339 2922 3433 2975 καὶ
3459 2921 3589 2991 οὐχὶ

1997 3011 2088 3067 τὸν
2116 3012 2430 3085 πρεσϐύτην
2458 3013 2549 3067 διὰ
2573 3011 2668 3066 τοῦ
2694 3013 2919 3082 ἐκγόνου
2943 3013 3106 3067 πάλιν
3137 3013 3198 3078 ἐξ
3230 3014 3407 3086 ἀρχῆς
3433 3030 3583 3085 παρ-

1999 3102 2154 3173 άγεις
2197 3106 2278 3168 είς
2322 3104 2392 3158 τά
2421 3104 2691 3177 δημόσια;
2726 3104 2890 3159 Ἀλλά
2927 3103 3021 3160 νῦν
3054 3105 3367 3177 ἱκετεύομεν
3402 3106 3586 3178 ἀμφο-

1998 3196 2171 3269 τέρων
2222 3213 2282 3249 σε
2331 3195 2515 3251 λαϐεῖν
2560 3196 2670 3250 τῶν
2699 3196 2923 3268 ἡλικιῶν
2955 3194 3162 3262 οἶκτον,
3196 3197 3291 3251 καὶ
3341 3197 3585 3268 ἀμφοτέσ

1998 3304 2127 3360 ρους
2150 3287 2357 3341 ἀνεῖναι
2384 3287 2473 3341 διὰ
2516 3288 2588 3341 τά
2637 3290 2906 3361 προσόντα
2948 3291 3196 3362 ἐκατέρῳ
3239 3288 3463 3344 ὲλεεινά.
3523 3291 3591 3343 '0

2003 3379 2102 3449 μὲν
2134 3379 2242 3450 γὰρ
2271 3380 2372 3433 οὐκ
2414 3375 2521 3434 εἶδε
2552 3379 2664 3452 (79)
2698 3381 2894 3449 γονέας
2914 3420 2929 3444 ,
2964 3381 3071 3435 οὐδ’
3106 3381 3406 3454 ἐγνώρισε,
3443 3380 3589 3434 ἀλλὰ

1998 3468 2064 3520 δι’
2099 3468 2392 3540 ἀλλοτρίων
2429 3470 2630 3542 χειρῶν
2669 3472 2752 3536 είς
2789 3472 2882 3527 τὸν
2918 3471 3031 3543 βίον
3072 3471 3259 3527 τοῦτον
3295 3471 3583 3544 εἰσῆλθεν,

1999 3562 2159 3626 εὐθὺς
2197 3564 2263 3616 ὲκ
2304 3564 2635 3636 σπαργάνων
2678 3564 3003 3636 ἀμφοτέρων
3037 3562 3387 3637 όρφανισθείς
3413 3581 3428 3595 ⁸
3459 3565 3490 3617 ὁ
3523 3563 3583 3618 δὲ

1999 3653 2252 3708 τοσοῦτον
2301 3654 2601 3726 ὲταμιεύθη
2647 3654 2726 3726 τῷ
2765 3654 2899 3726 βίῳ,
2924 3655 3002 3720 ὡς
3051 3656 3216 3728 μηδὲν
3242 3656 3405 3710 αὑτὸν
3441 3650 3585 3719 εἶδος

2002 3745 2287 3817 συμφορᾶς
2320 3744 2632 3817 παρελθεῖν.
2669 3746 2879 3800 Ἐπεῖδε
2910 3747 3011 3819 μὲν
3032 3747 3141 3820 γάρ
3170 3747 3287 3802 υἱοῦ
3320 3747 3589 3818 τελευτὴν

2000 3836 2197 3909 ἄωρονο
2245 3832 2353 3890 εἶδε
2399 3835 2455 3890 δὲ
2498 3833 2644 3891 οἶκον
2698 3836 2906 3910 ἔρημον
2953 3837 3241 3911 διαδόχων·
3278 3838 3467 3909 ὅψεται
3519 3839 3589 3893 δὲ

1999 3929 2116 3994 νῦν,
2150 3928 2245 3982 ἐὰν
2283 3929 2355 4000 μή
2387 3945 2440 3981 τι
2474 3929 2638 3993 αὐτὸς
2674 3928 2822 3994 ἀξιον
2871 3930 2971 4001 τῆς
3006 3930 3235 3983 σεαυτοῦ
3269 3929 3583 4002 φιλανθρω-

2002 4018 2129 4083 πίας
2162 4017 2449 4090 διανοηθῇς
2469 4058 2484 4083 ,
2510 4019 2609 4089 τὴν
2642 4019 2994 4091 παραμυθίαν
3014 4021 3113 4093 τῆς
3136 4022 3392 4086 ἀπαιδίας
3409 4063 3427 4087 ,
3452 4023 3587 4077 ταύ-

2000 4126 2100 4181 την
2130 4109 2383 4181 ἀφορμὴν
2415 4108 2565 4180 αὐτῷ
2601 4110 2808 4181 μυρίων
2842 4112 3216 4185 γενησομένην
3255 4111 3463 4169 κακῶν.
3501 4115 3590 4167 0'3

2001 4202 2110 4273 γὰρ
2150 4201 2319 4273 δήπου
2371 4201 2432 4255 τὸ
2465 4201 2678 4256 παιδίον
2719 4205 2799 4267 είς
2848 4202 3138 4275 βουλευτὰς
3172 4205 3478 4261 συντελέσει
3502 4246 3518 4271 ,
3546 4208 3583 4280 ἢ

2004 4289 2210 4357 ὲκλέξει
2247 4290 2345 4355 τὰς
2375 4290 2669 4362 εἰσφοράς,
2704 4290 2738 4363 ἢ
2775 4290 3137 4364 στρατιώταις
3185 4295 3485 4365 χορηγήσει
3521 4293 3587 4347 τὸ

328 4400 555 4442 necesse
580 4386 764 4440 miseri
796 4386 944 4440 senis
973 4386 1231 4441 canitiem
1265 4387 1609 4444 dedecorari.
1649 4388 1899 4445 Concede

2007 4382 2343 4456 σιτηρέσιον’
2394 4382 2509 4437 ἀλλ’
2551 4383 2765 4454 ἀνάγκη
2814 4383 2977 4437 πάλιν
3024 4384 3118 4437 τοῦ
3166 4384 3351 4439 ἀθλίου
3393 4386 3585 4457 γέρον-

328 4479 495 4550 igitur
538 4481 769 4550 gratiam
824 4486 878 4532 et
929 4478 1141 4549 legibus
1190 4492 1641 4545 consentaneam,
1705 4491 1760 4537 et
1806 4496 1899 4535 na-

2007 4491 2099 4539 τος
2118 4455 2226 4545 τὴν
2265 4472 2457 4527 πολιὰν
2495 4472 2979 4545 καταισχύνεσθαι.
3016 4474 3114 4539 Δὸς
3156 4470 3251 4528 οὖν
3284 4455 3593 4546 χάριν-καὶ

328 4581 467 4628 tum
521 4578 916 4643 congruentem
971 4590 985 4627 :
1023 4570 1228 4642 jubens
1260 4581 1320 4627 ut
1349 4573 1509 4628 alteri
1550 4572 1771 4645 quidem
1803 4590 1904 4630 us-

322 4668 435 4736 que
479 4662 551 4719 ad
583 4663 798 4718 virilem
830 4671 1044 4718 aetatem
1073 4663 1431 4729 concedatur,
1463 4664 1598 4720 alter
1634 4673 1814 4720 autem
1847 4666 1905 4721 in

328 4758 470 4813 lecto
494 4764 727 4811 mortem
756 4762 1058 4825 exspectet.
1098 4756 1373 4811 Continua
1400 4765 1582 4812 autem
1617 4758 1830 4829 negotia
1852 4764 1907 4813 et

328 4849 737 4908 ineluctabilem
783 4849 1167 4905 necessitatem
1221 4850 1318 4904 alii
1381 4860 1683 4906 excusent.~
1719 4849 1907 4922 Neque

327 4945 473 4999 enim
523 4943 605 4999 tui
650 4941 820 4997 moris
846 4948 932 4996 est
975 4950 1071 4995 aut
1109 4942 1457 5000 calamitosos
1497 4959 1776 5014 spernere,
1812 4951 1909 4999 aut

327 5035 476 5107 leges
514 5034 669 5106 parvi
723 5033 926 5100 facere,
960 5043 1055 5089 aut
1100 5033 1293 5090 amicis
1324 5050 1435 5090 non
1481 5036 1674 5092 cedere
1700 5037 1909 5107 suppli-

329 5128 603 5193 cantibus,
633 5128 851 5183 etiamsi
893 5134 948 5182 te
984 5127 1055 5182 ab
1082 5127 1398 5185 hominibus
1444 5128 1908 5187 circumsteterint

330 5220 563 5292 negotia.

402 5402 515 5478 (ἒξ)
546 5401 632 5478 Τῷ
657 5402 924 5478 τράφειν.
950 5402 1102 5478 Harl.
1130 5412 1184 5461 et
1208 5403 1350 5460 Med.
1379 5403 1472 5459 τοῦ
1505 5406 1765 5478 γράφειν.

402 5474 516 5545 (76)
545 5476 942 5544 Προσείρησο.
985 5474 1064 5531 lta
1095 5490 1291 5532 novem
1329 5491 1469 5532 mss.
1506 5474 1654 5533 Editi
1689 5477 1911 5550 προσεί-

333 5560 518 5686 ποέξ7)
546 5617 1021 5685 Παρανοοῦντι...
1039 5616 1398 5673 κινδυνεύοι.
1421 5616 1513 5673 Sic
1532 5633 1671 5674 mss.
1698 5634 1911 5675 summo

332 5702 633 5761 consensu.
658 5686 801 5761 βό]ιὶ
827 5688 1642 5761 παρανομοῦντι...-κινδυνεύῃ.

406 5758 519 5828 (78)
565 5756 816 5828 ἠδοῦν.
838 5756 929 5812 Sic
948 5756 1088 5813 mss.
1116 5766 1263 5828 octo.
1295 5757 1435 5813 Editi
1461 5761 1572 5812 υἱον
1594 5756 1745 5828 γοῦν.
1770 5758 1910 5815 Pau-

1880 5832 1906 5842 av

339 5826 568 5894 lu‘posl
608 5827 777 5883 Coisl.
831 5830 1040 5894 primus
1068 5835 1123 5881 et
1170 5826 1304 5896 ειυς.
1352 5826 1629 5884 secundus
1679 5831 1767 5885 διὰ
1817 5832 1907 5887 τοῦ

2006 4568 2120 4630 τοῖς
2147 4566 2333 4634 νόμοις
2362 4566 2677 4633 ἀκόλουθον,
2711 4567 2805 4620 καὶ
2833 4569 2898 4638 τῇ
2936 4566 3095 4636 φύσει
3146 4567 3582 4638 συμϐαίνουσαν·

2004 4656 2083 4729 τῷ
2134 4657 2233 4728 μὲν
2280 4655 2592 4726 προστάξας
2642 4657 2805 4730 μέχρι
2839 4658 2937 4728 τῆς
2964 4657 3075 4711 τῶν
3110 4658 3321 4729 ἀνδρῶν
3367 4658 3587 4729 ἡλικίας

2009 4749 2461 4822 συγχωρηθῆναι,
2512 4749 2602 4803 τὸν
2658 4749 2717 4802 δὲ
2743 4748 2859 4801 -ὲπὶ
2903 4751 3004 4820 τῆς
3062 4747 3252 4820 κλίνης
3296 4749 3588 4820 ἀναμένειν

2006 4840 2097 4894 τὸν
2128 4841 2376 4895 θάνατον.
2414 4841 2765 4914 Πραγμάτων
2817 4840 2874 4893 δὲ
2924 4842 3205 4912 συνέχειαν
3251 4843 3347 4895 καὶ
3380 4842 3442 4895 τὸ
3486 4841 3595 4912 τῆς

2008 4932 2255 5003 ἀνάγκης
2307 4933 2682 5005 ἀπαραίτητον
2744 4932 2896 4988 ἄλλοι
2949 4933 3462 5005 προϐαλλέσθωσαν.
3510 4934 3595 4987 οὐ

2009 5021 2121 5095 γάρ
2143 5022 2211 5094 δὴ
2243 5023 2338 5077 τοῦ
2373 5022 2468 5076 σοῦ
2514 5024 2720 5095 τρόπου
2769 5024 2805 5095 ἢ
2835 5025 3020 5090 κακῶς
3064 5025 3405 5097 πράττοντας
3443 5040 3573 5095 περι

2012 5113 2160 5178 ιδεῖν,
2192 5114 2227 5186 ἢ
2263 5114 2445 5186 νόμων
2491 5114 2913 5189 ὀλιγωρῆσαι,ἢ
2967 5117 3142 5187 φίλοις
3176 5118 3253 5189 μὴ
3277 5112 3416 5182 εἶξαι
3449 5120 3589 5171 stafi-

2010 5206 2335 5274 ικετεύουσι,
2369 5206 2471 5261 κᾶν
2495 5207 2567 5261 τά
2588 5207 2648 5274 ἐξ
2670 5208 2976 5282 ἀνθρώπων
3006 5227 3065 5264 σε
3095 5210 3446 5281 περιεστήκει
3477 5212 3597 5279 (δυ)

2010 5300 2330 5371 πράγματα.

2010 5412 2253 5481 ὲγγόνου.

2082 5481 2195 5552 (79)
2230 5484 2372 5552 Οὐκ,
2400 5481 2541 5541 εἶδε.
2590 5485 2723 5543 Mss.
2777 5486 3134 5543 consentiunt
3185 5487 3242 5542 in
3292 5486 3396 5542 hac
3432 5500 3593 5541 voce.

2010 5549 2153 5629 Editi
2179 5549 2289 5629 ὀύ-κ
2323 5549 2457 5629 οῖδε.
2484 5555 2660 5629 Paulo
2690 5565 2815 5629 post
2844 5558 3014 5629 Coisl.
3052 5559 3266 5628 primus
3295 5557 3384 5612 ἐπ’
3412 5556 3593 5629 ἀμφοο

2011 5624 2204 5699 τέρων.
2236 5623 2393 5699 Earl.
2423 5626 2478 5680 et
2503 5628 2649 5699 Med.
2680 5623 2779 5699 ἀπ’
2806 5623 3153 5699 ἀμφοτέρων.

2085 5692 2193 5763 (80)
2228 5697 2608 5761 Περιεστήκει
2674 5696 2764 5751 Sic
2792 5692 2925 5755 mss.
2958 5692 3181 5755 (uilius
3215 5711 3431 5755 summo
3457 5711 3594 5755 con-

2016 5770 2203 5822 sensu.
2241 5765 2383 5824 Editi
2418 5769 2767 5838 περιέστηκε.
