3988 6194
357 375 474 440 465

897 523 1240 578 ΕΠΙΣΤΟΛΗ
1276 525 1402 582 ΠΕ¹.

1267 381 1765 440 EPISTOLARUM
1798 380 2083 439 CLASSIS
2122 381 2188 437 ll.
2227 384 2444 439 EPIST.
2486 381 2764 437 LXXXVI.

3502 376 3607 434 486

2382 527 2543 598 178
2571 524 2905 580 EPISTOLA
2942 518 3219 578 LXXXV'.

370 657 663 723 Quodgaepe
678 663 723 711 et
747 657 797 709 in
817 658 1119 712 comentibus
1139 658 1253 712 etin
1271 659 1476 725 priuatis
1501 660 1752 732 ratioquiis
1774 669 2029 732 rogaverat
2056 663 2287 732 Basitius,
2310 670 2361 713 ut
2399 671 2569 713 rusum
2609 670 2667 713 oo
2700 657 2952 725 vectigalia
2964 670 3142 724 Μαι-ε
3177 670 3273 708 non
3309 660 3608 721 cogam,

1558 724 1687 776 idem
1708 724 1940 777 nunc'oer
1972 724 2155 779 litteras
2179 727 2447 778 obtestatur.

689 851 831 920 Περὶ
858 850 965 906 τοῦ
980 850 1067 921 μὴ
1095 849 1224 906 δεῖν
1249 852 1472 923 ὁρκοῦν
1499 852 1634 921 (81).

447 965 523 1018 Οὐ
562 965 846 1034 παυόμεθα
876 963 1017 1018 κατὰ
1057 967 1233 1019 πᾶσαν
1265 962 1479 1019 σύνοδον
1511 964 1949 1038 διαμαρτυρόμε·

377 1072 491 1118 νοι,
533 1057 627 1110 καὶ
681 1055 787 1128 ἰδίᾳ
836 1058 893 1109 ἐν
926 1059 1045 1120 ταῖς
1103 1057 1413 1128 συντυχίαις
1446 1060 1574 1129 περὶ
1617 1058 1726 1112 τῶν
1771 1059 1948 1113 αὐτῶν

371 1147 752 1219 διαλεγόμενοι
776 1188 790 1212 ,
822 1148 963 1202 ὥστε
1007 1150 1132 1213 τοὺς
1164 1150 1360 1221 ὅρκους
1403 1150 1496 1202 ἐπὶ
1525 1152 1637 1213 τοῖς
1673 1149 1951 1220 δημοσίοις

372 1238 675 1309 τελέσμασι
713 1239 786 1310 μὴ
826 1238 1127 1307 ἐπάγεσθαι
1150 1239 1303 1312 παρὰ
1332 1240 1439 1295 τῶν
1480 1240 1796 1312 ἀπαιτητῶν
1840 1244 1952 1307 τοῖς

377 1328 686 1399 ἀγροίκοις.
706 1330 1040 1399 Λειπόμενον
1060 1327 1127 1402 ἦν
1146 1332 1255 1401 (ὃῖ)
1281 1333 1375 1384 καὶ
1395 1331 1483 1385 διὰ
1508 1332 1603 1384 τοῦ
1628 1331 1953 1402 γράμματος

378 1420 639 1491 περὶτῶν
661 1420 840 1474 αὐτῶν
867 1420 1095 1475 ἐνώπιον
1121 1422 1254 1476 Θεοῦ
1281 1425 1375 1476 καὶ
1402 1422 1702 1494 ἀνθρώπιον
1725 1424 1956 1496 διαμαρ-

373 1511 684 1580 ⁴τύρασθαι,
717 1513 800 1566 ὅτι
831 1515 1095 1584 προσήκει
1133 1512 1443 1568 παύσασθαι
1485 1516 1628 1587 ὑμᾶς
1659 1515 1749 1569 τὸν
1793 1515 1954 1569 θάνα-

376 1621 474 1657 τον
503 1607 624 1669 ταῖς
649 1604 849 1675 ψυχαῖς
891 1605 999 1659 τῶν
1025 1606 1326 1678 ἀνθρώπων
1364 1608 1665 1677 ἐπάγοντας
1688 1647 1702 1672 ,
1736 1608 1828 1661 καὶ
1856 1608 1952 1662 ἄλ-

376 1695 509 1760 λους
534 1698 817 1768 ἐπινοῆσαι
853 1716 1004 1764 τινας
1041 1700 1276 1771 τρόπους
1310 1698 1418 1753 τῶν
1450 1702 1793 1772 ἀπαιτήσεων
1812 1740 1826 1764 ,
1858 1699 1955 1763 τάς

380 1786 442 1839 δὲ
508 1787 688 1858 ψυχὰς
741 1792 1092 1862 συγχωρῆσαι
1147 1793 1262 1854 τοῖς
1313 1790 1620 1864 ἀνθρώποις
1682 1789 1953 1862 ἀτρώτους

380 1879 554 1949 ἔχειν.
590 1881 776 1935 Ταῦτα
805 1882 942 1954 πρὸς
966 1883 1025 1936 σέ
1062 1883 1365 1954 γράφομεν,
1401 1883 1498 1954 οὐχ
1533 1882 1608 1946 ὡς
1642 1880 1735 1935 σοῦ
1770 1881 1957 1952 δεομέο

378 1988 480 2024 νου
520 1973 621 2042 τῆς
663 1975 727 2027 ἐκ
760 1974 868 2027 τῶν
923 1973 1095 2042 λόγων
1135 1974 1535 2046 παρακλήσεως
1574 1973 1822 2046 (οἴκοθεν
1848 1972 1957 2045 γὰρ

380 2062 531 2134 ἔχεις
565 2064 663 2129 τάς
706 2066 833 2136 περὶ
854 2067 916 2120 τὸ
958 2066 1241 2136 φοϐεῖσθαι
1281 2066 1372 2120 τὸν
1411 2067 1615 2138 Κύριον
1646 2065 1758 2137 (83)
1798 2067 1959 2136 ἀφορ-

387 2155 568 2226 μὰς),
606 2156 719 2210 ἀλλ’
758 2156 847 2211 ἵνα
893 2158 982 2211 διὰ
1034 2157 1127 2211 σοῦ
1160 2159 1362 2222 πάντες
1402 2160 1452 2212 οἱ
1504 2158 1821 2229 ἀνεχόμενοί
1863 2175 1956 2211 σου

1971 865 2020 921 Α

2467 857 2546 912 De
2573 856 2798 913 carendo
2816 852 3185 926 jurejurando.

2123 968 2243 1024 Non
2288 969 2593 1025 desinimus
2635 970 2691 1023 in
2720 970 2868 1024 omni
2911 974 3180 1022 conventu
3211 962 3527 1026 contestari,
3558 968 3614 1017 et

2052 1065 2282 1135 privatis
2315 1064 2370 1118 in
2412 1062 2704 1134 colloquiis
2734 1062 2875 1117 idem
2916 1061 3212 1124 inculcare,
3239 1065 3297 1112 ut
3320 1056 3510 1112 rustici
3543 1054 3614 1110 ob

2052 1155 2269 1225 publica
2316 1155 2604 1226 vectigalia
2651 1154 2718 1209 ad
2755 1153 3139 1224 jusjurandum
3169 1150 3237 1205 ab
3268 1148 3614 1204 exactoribus

2052 1263 2160 1302 non
2187 1247 2494 1318 adigantur.
2522 1245 2811 1315 Reliquum
2840 1253 2974 1309 erat,
3006 1253 3065 1297 ut
3091 1243 3252 1299 etiam
3282 1256 3378 1312 per
3405 1241 3617 1295 litteras

2053 1338 2120 1393 de
2170 1336 2364 1392 iisdem
2388 1352 2569 1393 coram
2593 1335 2702 1390 Deo
2735 1342 2788 1390 et
2818 1333 3133 1388 hominibus
3160 1338 3615 1393 contestaremur,

2052 1435 2480 1483 consentaneum
2527 1443 2670 1491 esse,
2717 1433 2777 1480 ut
2825 1433 3055 1480 mortem
3088 1424 3369 1478 hominum
3412 1421 3620 1475 anima-

2054 1521 2157 1577 bus
2187 1520 2390 1576 inferre
2420 1518 2709 1583 desinatis,
2736 1525 2791 1574 et
2822 1519 3036 1588 aliquos
3062 1517 3199 1571 alios
3226 1512 3474 1585 exigendi
3505 1528 3619 1566 mo-

2054 1613 2154 1669 dos
2184 1612 2527 1684 excogitetis,
2559 1625 2621 1666 ac
2651 1627 2746 1682 per
2771 1627 2867 1666 vos
2894 1609 3207 1665 hominibus
3231 1607 3389 1662 liceat
3409 1605 3620 1669 animas

2055 1721 2086 1762 a
2116 1705 2339 1760 vulnere
2391 1705 2630 1774 integras
2668 1702 2893 1759 habere.
2935 1700 3017 1755 Ad
3066 1708 3120 1756 te
3168 1701 3283 1756 haec
3327 1697 3622 1755 scribimus

2055 1809 2163 1849 non
2201 1793 2344 1864 quod
2393 1792 2671 1864 indigeas,
2697 1800 2757 1846 ut
2788 1800 2839 1848 te
2873 1792 3057 1847 verbis
3104 1791 3387 1845 hortemur
3430 1787 3622 1856 (babes

2056 1885 2202 1941 enim
2250 1884 2549 1940 domestica
2612 1881 2829 1938 Domini
2885 1880 3164 1937 metuendi
3224 1878 3619 1947 incitamenta),

2057 1975 2151 2032 sed
2197 1982 2257 2029 ut
2305 1990 2404 2045 per
2444 1983 2500 2031 te
2539 1973 2754 2029 discant
2792 1988 3003 2037 omnes,
3035 1972 3127 2042 qui
3161 1987 3225 2027 ex
3265 1980 3319 2025 te
3362 1968 3619 2038 pendent,

2062 2070 2323 2123 Sanctum
2360 2067 2424 2122 ad
2479 2067 2815 2122 iracundiam
2869 2081 2979 2120 non
3038 2078 3355 2135 provocare,
3404 2069 3458 2117 et
3508 2075 3623 2116 rem

2060 2161 2282 2216 vetitam
2333 2160 2475 2213 mala
2516 2158 2912 2214 consuetudine
2953 2156 3347 2211 indifferentem
3387 2167 3497 2207 non
3540 2150 3625 2204 fa-

378 2245 673 2316 διδαχθῶσι
709 2247 785 2318 μὴ
830 2248 1183 2320 παροργίζειν
1221 2248 1312 2302 τὸν
1336 2249 1544 2317 Ἀγιον,
1594 2248 1728 2319 μηδὲ
1761 2248 1961 2318 ἀπηγο-

2064 2266 2203 2308 cere.
2255 2250 2439 2321 Neque
2490 2250 2635 2306 enim
2684 2250 2764 2305 eis
2821 2250 2933 2304 ullo
2989 2257 3149 2319 pacto
3193 2246 3259 2301 ad
3311 2244 3624 2301 exactiones

382 2336 647 2408 ρευμένον
684 2340 914 2410 πρᾶγμα
958 2342 1024 2411 τῇ
1070 2342 1282 2411 πονηρᾷ
1323 2339 1581 2412 συνηθείᾳ
1617 2341 1696 2403 εἰς
1738 2339 1956 2407 ἀδιαφο-

386 2429 508 2500 ρίαν
540 2430 815 2500 κατάγειν.
853 2431 963 2484 Καὶ
993 2432 1101 2505 γὰρ
1134 2431 1258 2486 οὑτε
1287 2432 1479 2502 ὄφελός
1504 2449 1557 2486 τι
1596 2433 1780 2496 αὐτοῖς
1819 2430 1956 2503 πρὸς

380 2520 484 2584 τὰς
510 2522 833 2593 ἀπαιτήσεις
864 2525 929 2576 ὲκ
955 2524 1063 2577 τῶν
1094 2525 1272 2598 ὅρκων
1295 2526 1439 2591 ἐστὶ,
1467 2525 1559 2578 καὶ
1586 2522 1955 2596 ὁμολογούμε-

379 2627 476 2664 νον
503 2613 673 2666 κακὸν
708 2616 774 2685 τῇ
816 2614 960 2687 ψυχῇ
1004 2616 1529 2689 προσλαμϐάνουσιν.
1561 2616 1811 2670 Ἐπειδὰν
1848 2615 1957 2688 γὰρ

382 2704 867 2777 καταμελετήσωσι
914 2708 1024 2778 (84)
1074 2708 1174 2772 τὰς
1218 2710 1504 2782 ἐπιορκίας
1549 2711 1597 2764 οἱ
1641 2710 1913 2781 ἄνθρωποι
1939 2748 1954 2773 ,

377 2794 570 2848 οὐκέτι
619 2795 843 2861 ἑαυτοὺς
885 2800 1167 2868 ἐπείγουσι
1206 2801 1343 2872 πρὸς
1386 2802 1485 2873 τὴν
1530 2800 1763 2858 ἔκτισιν.
1822 2801 1956 2854 ἀλλά

382 2887 602 2958 ἀπάτης
619 2887 780 2942 ὅπλον
813 2890 907 2943 καὶ
932 2891 1199 2964 ἀναϐολῆς
1228 2892 1481 2965 ἀφορμὴν
1504 2890 1829 2965 ἐξευρῆσθαι
1860 2892 1956 2945 αύ-

381 2979 500 3040 τοῖς
540 2979 631 3032 τὸν
659 2980 820 3050 ὅρκον
865 2984 1087 3039 οἴονται.
1135 2985 1259 3037 Εἴτε
1287 2981 1379 3038 οὖν
1406 2984 1583 3049 ὀξεῖαν
1616 2985 1808 3053 ἐπάγει
1857 2984 1955 3055 τὴν

380 3072 742 3128 ἀνταπόδοσιν
771 3080 882 3140 τοῖς
912 3078 1314 3150 ἐπιωρκηκόσιν
1337 3081 1365 3132 ὁ
1395 3078 1598 3149 Κύριος
1620 3117 1634 3137 ,
1659 3078 1756 3147 οὑχ
1776 3075 1956 3141 ἕξουσι

381 3165 514 3228 τοὺς
547 3165 953 3235 ὑπακούοντας,
987 3170 1096 3224 τῶν
1145 3169 1462 3223 ὑπευθύνων
1496 3169 1600 3223 ὑπὸ
1644 3168 1741 3238 τῆς
1784 3186 1956 3239 τιμω-

386 3255 512 3325 ρίας
545 3255 927 3311 ἀναλωθέντων
949 3277 962 3290 ·
996 3259 1105 3312 εἴτε
1129 3260 1215 3313 διὰ
1246 3259 1622 3331 μακροθυμίας
1652 3260 1901 3329 ἀνέχεται
1929 3261 1957 3313 ὁ

381 3345 697 3416 Δεσπότης,
731 3347 761 3400 ὃ
804 3349 1090 3419 προλαϐὼν
1140 3345 1312 3413 εἷπον,
1347 3351 1428 3402 ὅτι
1472 3350 1522 3402 οἰ
1565 3348 1955 3419 πεπειραμένοι

379 3433 488 3503 τῆς
534 3436 736 3507 ἀνοχῆς
772 3438 867 3491 τοῦ
917 3439 1121 3510 Κυρίου
1178 3438 1607 3511 καταφρονοῦσιν
1662 3437 1825 3492 αὑτοῦ
1858 3440 1957 3510 τῆς

2060 2352 2292 2415 prosunt
2341 2343 2652 2412 juramenta
2706 2361 2720 2397 :
2783 2348 2839 2396 et
2890 2340 3093 2394 malum
3148 2336 3517 2393 certissimum
3565 2334 3622 2388 in

2061 2433 2246 2487 animo
2282 2432 2612 2501 suscipiunt.
2660 2429 2765 2486 Ubi
2813 2429 2962 2485 enim
2994 2427 3244 2484 homines
3283 2425 3336 2479 in
3369 2423 3626 2497 perjuriis

2062 2523 2343 2580 exercitati
2385 2522 2609 2587 fuerint,
2638 2538 2748 2577 non
2777 2522 3014 2592 amplius
3052 2519 3262 2576 solvere
3306 2523 3625 2589 properant,

2065 2616 2160 2672 sed
2194 2616 2406 2672 fraudis
2436 2618 2856 2673 instrumentum
2885 2629 2950 2670 ac
2990 2613 3269 2669 dilationis
3301 2625 3489 2665 ansam
3522 2608 3628 2666 sibi

2064 2708 2346 2763 inventum
2378 2723 2500 2764 esse
2529 2707 2916 2778 jusjurandum
2944 2706 3278 2760 existimant.
3312 2701 3437 2758 Sive
3466 2702 3631 2770 igitur

2062 2798 2329 2855 Dominus
2372 2800 2579 2855 celeres
2622 2814 2814 2870 punias
2848 2797 3046 2853 inferat
3073 2797 3309 2868 perjuris
3337 2812 3354 2862 ;
3388 2811 3496 2848 non
3527 2793 3628 2847 ba-

2063 2891 2270 2947 bebunt
2308 2893 2399 2963 qui
2440 2893 2493 2947 in
2532 2893 2625 2962 jus
2659 2892 2836 2948 vocati
2879 2884 3250 2962 respondeant
3290 2887 3642 2956 consumptis

2062 2984 2331 3054 supplicio
2382 2983 2717 3041 debitoribus
2783 3003 2797 3039 :
2872 2984 2986 3041 sive
3028 2981 3251 3054 patienti
3302 2979 3484 3033 animo
3536 2993 3655 3037 θος.

2064 3075 2259 3129 toleret
2302 3074 2589 3140 Dominus,
2625 3074 2906 3146 quoniam,
2945 3080 3003 3128 ut
3045 3073 3197 3144 prius
3228 3071 3365 3133 dixi,
3410 3068 3502 3139 qui
3537 3082 3633 3137 pas-

2064 3166 2314 3220 tientiam
2357 3165 2570 3221 Domini
2616 3166 2827 3237 experti
2865 3175 3012 3234 sunt,
3060 3164 3231 3234 ipsius
3277 3167 3653 3217 contemnunt.

2062 3256 2400 3323 bonitatem;
2455 3272 2524 3312 ne
2579 3256 2783 3311 frustra
2836 3256 3007 3326 legem
3069 3254 3294 3318 violent,
3346 3242 3633 3322 neque‘in

2063 3348 2274 3417 seipsos
2306 3347 2398 3402 Dei
2425 3348 2557 3402 iram
2594 3347 2915 3403 accendant.
2958 3345 3077 3401 Dixi
3106 3360 3227 3416 quae
3270 3344 3455 3403 debui,
3482 3341 3635 3399 vide-
3656 3390 3675 3394 _

2066 3441 2200 3495 bunt
2225 3442 2576 3512 immorigcri.

383 3532 788 3604 χρηστότητος·
827 3533 901 3606 μὴ
936 3535 1304 3606 ἀνομείτωσαν
1334 3535 1614 3607 διακενῆς,
1653 3535 1787 3607 μηδέ
1831 3534 2282 3607 παροξυνέτωσαν
2317 3537 2401 3607 ἐφ’
2436 3538 2661 3602 ἑαυτοὺς
2690 3538 2780 3594 τὸν
2811 3536 2963 3591 Θεόν.
2997 3538 3226 3610 Εἴρηται
3253 3537 3389 3607 ἡμῖν
3413 3533 3479 3595 τά
3501 3535 3633 3614 ἡμίν
3730 3610 3733 3611 ν

382 3623 748 3682 ἐπιϐάλλοντα
768 3643 783 3658 ’
812 3627 1028 3699 ὄψονται
1051 3630 1100 3683 οἱ
1130 3626 1499 3693 ἀπειθοῦντες.

916 3766 1265 3822 meroAH
1300 3770 1442 3838 Πςσ.

2498 3765 2840 3824 EPISTULA
2877 3768 3203 3824 LXXXVI".

753 3886 886 3940 Petit
913 3888 1125 3942 Basilius
1145 3896 1196 3941 ut
1220 3905 1308 3954 per
1342 3903 1463 3956 quos
1493 3889 1740 3955 direptum
1768 3887 1996 3942 Dorotliei
2016 3890 2282 3957 presbyteri
2306 3889 2612 3954 frumentum,
2636 3903 2726 3956 per
2755 3889 2948 3943 eosdem
2970 3889 3266 3945 restituatur.

916 3994 1002 4061 Τῷ
1029 3997 1274 4065 ἡγεμόνι
1300 3996 1434 4067 (85).

460 4119 597 4178 Οἶδα
625 4123 888 4195 μεγίστην
915 4126 1006 4179 καὶ
1048 4145 1270 4199 πρωτην
1302 4129 1534 4201 σπουδὴν
1572 4123 1738 4184 οὖσαν
1768 4133 1835 4202 τῇ
1873 4148 1960 4184 τι-

390 4216 607 4289 μιότητί
627 4234 720 4270 σου
747 4217 923 4271 πάντα
949 4219 1148 4289 τρόπον
1172 4220 1282 4291 (86)
1307 4221 1634 4293 χαρίζεσθαι
1653 4221 1730 4293 τῷ
1745 4223 1959 4294 δικαίῳ·

386 4308 648 4379 δευτέραν
683 4309 739 4363 δὲ
786 4310 848 4362 τὸ
884 4311 979 4364 καὶ
1015 4310 1142 4373 τοὺς
1190 4311 1373 4380 φίλους
1417 4314 1676 4376 εύποιεϊν,
1718 4315 1813 4367 καὶ
1854 4314 1963 4367 τῶν

387 4402 841 4471 προσφευγόντων
875 4404 941 4472 τῇ
982 4403 1286 4474 προστασίᾳ
1321 4404 1425 4474 τῆς
1465 4406 1564 4475 σῆς
1614 4405 1966 4476 μεγαλονοίας

386 4491 802 4548 ἀντιποιεῖσθαι.
842 4492 1029 4548 Πάντα
1052 4493 1231 4548 τοίνυν
1274 4497 1355 4556 εἰς
1392 4496 1585 4550 ταυτὸν
1633 4497 1966 4569 συνέδραμεν

387 4584 483 4638 ἐπὶ
507 4585 606 4655 τῆς
632 4584 913 4656 παρούσης
950 4586 1278 4651 ὑποθέσεως.
1314 4589 1424 4641 Καὶ
1465 4588 1574 4660 γὰρ
1605 4589 1810 4641 δίκαιόν
1848 4589 1966 4643 ἐστι

387 4676 450 4731 τὸ
480 4678 736 4749 πρᾶγμα,
761 4678 902 4749 ὑπὲρ
943 4673 1003 4734 οὗ
1036 4678 1133 4749 τὴν
1182 4678 1478 4750 πρεσϐείαν
1521 4679 1840 4750 ποιούμεθα,
1870 4683 1967 4734 καὶ

387 4770 522 4841 ἡμῖν
552 4769 968 4840 κεχαρισμένον,
992 4768 1085 4835 οὓς
1115 4772 1173 4823 ἐν
1198 4773 1312 4836 τοῖς
1353 4771 1526 4841 φίλοις
1566 4772 1819 4844 ἀριθμεῖν
1852 4775 1966 4837 τοῖς

460 4926 575 4997 (8|)
606 4927 745 4995 Περὶ
771 4929 878 4983 τοῦ
903 4928 991 4998 μὴ
1023 4930 1170 4984 δεῖν.
1199 4929 1440 4985 Verbum
1470 4930 1723 4985 ultimum
1748 4932 1963 4987 addidi-

387 5011 516 5069 gnua
529 5013 595 5052 ex
620 4998 787 5054 Coisl.
813 5001 990 5069 primo
1010 5012 1063 5054 et
1087 5001 1224 5055 Med.
1253 5000 1389 5054 Tres
1409 5002 1502 5055 alii
1524 5003 1763 5067 codices,
1787 5003 1963 5069 Harl.,

385 5066 529 5136 Reg.
551 5066 829 5124 secundus
847 5080 902 5124 et
924 5071 1094 5124 Coisl.
1125 5072 1423 5133 secundus,
1448 5072 1529 5126 sic
1554 5066 1812 5126 exhibent
1835 5066 1965 5125 titu-l

388 5138 501 5190 lum
535 5155 550 5191 :
591 5138 752 5211 ξὨσξτε
795 5139 1106 5194 παύσασθαι
1133 5143 1260 5204 τοὺς
1289 5141 1397 5194 τῶν
1426 5142 1701 5211 δημοσίων
1729 5144 1969 5211 πράκτοο

391 5223 493 5282 ρας
528 5208 656 5270 τοὺς
685 5209 880 5282 ὅρκους
911 5214 1024 5274 τοῖς
1053 5211 1377 5282 ὑποτελέσιν
1399 5208 1727 5280 ἐπάγοντας
1773 5208 1839 5265 Ut
1868 5228 1967 5282 pu-

388 5277 653 5353 elicarunt
679 5281 1022 5353 pecuniarum
1052 5292 1321 5336 exactores
1346 5277 1589 5337 desinant
1616 5283 1668 5337 in
1685 5277 1967 5353 jusjuran-

385 5348 767 5421 dunAtAndigere
796 5352 1089 5421 vectigales.

386 5480 417 5499 τ
463 5416 577 5502 (8?)
610 5416 980 5490 Λέιπόμενᾱν
1006 5418 1104 5493 ἦν.
1140 5419 1274 5493 Reg.
1319 5423 1598 5479 secundus
1631 5424 1967 5495 Δειπόμενον

385 5503 457 5556 ην
480 5505 594 5540 ουν.

463 5556 736 5636 issem;
765 5560 1014 5636 Κύριον.
1052 5562 1130 5616 lta
1162 5562 1361 5618 vetusti
1404 5564 1626 5620 codices
1673 5566 1962 5636 quinque:

388 5627 523 5680 editi
559 5628 651 5681 τὸν
674 5628 831 5684 Θεόν.

464 5695 584 5780 (84)-
607 5698 1162 5780 Καταμλετήσωσι.
1191 5701 1332 5759 Editi
1354 5705 1794 5780 καταμελήσωσι,
1820 5706 1964 5780 quod

392 5768 646 5824 emendat
682 5768 1002 5828 Harlaeanus
1035 5773 1200 5830 codex
1235 5791 1360 5832 cum
1397 5768 1572 5833 trib'us
1608 5768 1749 5832 aliis.

2694 3994 3011 4065 Prwposito.

2139 4130 2264 4189 Scio
2304 4133 2602 4189 maximum
2643 4139 2697 4188 et
2731 4132 2967 4202 primum
3012 4131 3343 4203 praestantia:
3374 4138 3480 4189 tua:
3517 4140 3637 4197 stu-

2069 4222 2220 4279 dium
2261 4237 2383 4278 esse
2406 4261 2423 4287 ,
2458 4229 2519 4276 ut
2549 4221 2698 4275 omni
2746 4221 2962 4276 ratione
2988 4220 3099 4292 juri
3127 4219 3330 4276 faveas.
3362 4221 3634 4288 Alterum,

2074 4322 2132 4367 ut
2164 4325 2219 4368 et
2252 4313 2445 4368 amicis
2466 4311 2814 4374 benefacias,
2842 4320 2896 4366 et
2920 4327 3017 4367 eos
3047 4311 3141 4381 qui
3178 4310 3244 4365 ad
3274 4320 3382 4367 tua:
3411 4328 3638 4385 magna-

2073 4404 2341 4460 nimitatis
2372 4405 2738 4475 patrocinium
2772 4403 3119 4473 confugiunt,
3151 4409 3358 4459 tueare.
3390 4401 3639 4461 Concur-

2074 4503 2201 4551 runt
2225 4496 2409 4567 itaque
2437 4497 2622 4553 omnia
2652 4496 2707 4550 in
2739 4510 2904 4551 causa
2931 4497 3207 4566 praesenti.
3239 4496 3375 4552 Nam
3408 4505 3463 4554 et
3486 4498 3640 4568 justa

2071 4602 2163 4642 res
2195 4596 2320 4652 est,
2352 4601 2453 4657 pro
2500 4586 3032 4657 quadeprecamur;
3067 4595 3122 4642 et
3164 4587 3324 4642 nobis
3361 4593 3638 4658 pergrata,

2072 4695 2211 4748 quos
2253 4681 2397 4735 inter
2434 4690 2561 4736 tuos
2607 4679 2812 4734 amicos
2838 4693 3131 4734 numerare
3172 4679 3427 4749 dignatus
3460 4692 3553 4743 es;
3587 4685 3642 4733 et

2069 4773 2155 4828 eis
2178 4772 2357 4827 debita
2384 4811 2401 4837 ,
2433 4771 2531 4842 qui
2568 4772 2892 4827 constantiae
2923 4778 3032 4826 tuas
3076 4771 3338 4826 auxilium
3380 4770 3449 4825 ad
3496 4768 3644 4839 inju-

2139 4930 2254 5001 (85)
2300 4929 2383 4997 Τῷ
2418 4931 2685 5001 ἡγεμόνι.
2720 4928 2833 5001 Sic
2872 4929 3205 5001 cunreditis
3224 4936 3343 5001 tres
3358 4928 3641 5001 antiquis-

2067 4998 2193 5055 simi
2230 4998 2663 5064 codices‘Harlq
2710 5000 2852 5056 Med.
2891 5008 2945 5054 et
2985 4999 3157 5055 Coisl.
3189 4998 3245 5052 In
3280 4999 3404 5053 aliis
3435 5001 3639 5063 tribus,

2068 5087 2263 5141 nempe
2292 5071 2425 5141 Reg.
2459 5072 2700 5126 secundo
2733 5081 2787 5125 et
2818 5070 3033 5141 Bigot.,
3057 5071 3174 5141 haec
3205 5068 3639 5141 adduntuer-

2072 5138 2339 5213 paOe—stxij
2354 5138 2492 5211 ὑπὲρ
2518 5138 2905 5213 πρεσϐυτέρων
2924 5140 3049 5213 περὶ
3063 5138 3445 5213 *καθαρπαγῆς
3467 5139 3637 5213 σίτου,

2067 5208 2502 5266 ὲοηιηιεηᾶαιίιὶο
2543 5208 2638 5280 pro
2667 5208 3083 5281 presbyteris'ob
3110 5208 3362 5281 frumenti
3390 5208 3639 5281 direptio-

2072 5299 2208 5337 nem.
2259 5281 2416 5336 Patet
2465 5298 2529 5336 ex
2582 5280 2835 5351 epistola
2865 5282 3113 5348 sequenti
3177 5280 3320 5351 bane
3375 5280 3638 5351 scriptam

1999 5345 2047 5400 D
2075 5352 2248 5408 fuisse
2288 5354 2353 5408 ad
2386 5345 2735 5420 praepositum
2773 5351 2919 5421 pagi,
2944 5345 3007 5405 in
3029 5365 3138 5421 quo
3158 5350 3424 5406 educatus
3461 5345 3637 5406 fuerat

2067 5421 2327 5481 Basilius.
2356 5432 2628 5490 quemthe
2657 5422 2864 5476 idcirco
2885 5421 3135 5492 patriam
3160 5421 3423 5492 appellat.

2140 5494 2251 5565 (86)
2291 5488 2496 5565 Ιζᾶνῄτα
2534 5488 2775 5565 τρόπον.
2822 5490 3001 5565 Editio
3048 5488 3414 5565 Ριιτίεῖ-’κατά
3463 5488 3633 5544 πάντα

2066 5561 2285 5648 τρόπρν.
2320 5562 2440 5648 'S‘ed.
2452 5561 2778 5648 praepositio
2807 5561 3007 5618 melius
3041 5561 3198 5618 deest
3223 5562 3279 5616 in
3310 5576 3406 5618 sex
3429 5575 3563 5619 mss.
3586 5566 3649 5619 et.

2066 5632 2122 5691 in
2153 5633 2284 5689 edit.
2319 5632 2486 5688 Basil.

2141 5710 2160 5731 "
2190 5704 2341 5760 Alias
2366 5701 2566 5758 οσον.
2598 5700 2812 5760 Scripta
2844 5715 2992 5758 anno
3017 5700 3142 5758 572.

2144 5776 2183 5801 “
2211 5772 2360 5833 Alias
2394 5772 2671 5835 CLXXIX.
2705 5771 2920 5832 Scripta
2948 5787 3093 5831 anno
3122 5771 3257 5832 31:2.
