3988 6194
366 306 464 362 ΕΗ

1707 311 1767 368 S.
1810 308 2055 367 BASlLll
2100 309 2317 366 MAGNI

3516 312 3622 367 ιτε

365 436 602 487 scopos,
643 429 698 477 et
738 424 1011 501 quosdam
1062 426 1234 493 alios,
1271 430 1367 499 qui
1392 429 1664 501 'privatim
1717 429 1788 485 ad
1836 444 1936 487 nos

2045 430 2291 496 Σαϐίνου,
2324 427 2418 483 τοῦ
2450 429 2579 500 παρ’
2601 428 2781 482 αὐτῶν
2803 428 3194 493 ἀποσταλέντος
3218 429 3489 496 διακόνου,
3516 430 3617 483 ὲπο

363 514 576 568 litteras
618 495 901 570 dederant.
938 495 1385 576 Consentaneum
1415 495 1642 584 autem,
1702 527 1762 574 ut
1816 527 1939 574 tan-

361 620 598 674 qnam-a
629 610 903 662 communi
945 611 1138 680 synodi
1185 613 1437 667 mittatur
1467 613 1697 683 aliquis,
1727 614 1819 683 qui
1850 613 1941 666 lit-

362 702 511 749 teras
542 697 813 754 secundas
837 700 1064 768 deferat,
1100 719 1238 772 quas
1271 705 1386 775 ipse
1409 705 1600 774 jubeto
1630 706 1866 760 exarari.

363 789 421 842 δὲ
452 790 528 855 ὡς
559 793 666 846 ἀπὸ
706 794 884 848 κοινοῦ
914 796 988 867 (ὕ)
1026 797 1128 869 τῆς
1166 799 1381 854 συνόδου
1412 801 1784 872 ἀποσταλῆναί
1816 818 1941 875 τινα

366 896 459 933 σον
485 884 818 956 τυπωθῆναι.

433 977 487 1034 2.
533 979 687 1043 Quod
746 981 859 1050 jam
913 984 979 1038 ad
1042 988 1561 1044 reverendissimum
1615 990 1933 1061 episcopum

364 1068 725 1126 Athanasium
754 1076 969 1137 attinet,
1014 1081 1180 1147 probe
1211 1082 1474 1136 scientem
1498 1082 1755 1136 eximiam
1789 1094 1935 1137 tuam

364 1160 711 1228 prudentiam
755 1168 1021 1229 monebo.
1052 1170 1166 1225 ﬁeri
1206 1187 1314 1226 non
1346 1188 1543 1243 posse,
1585 1182 1643 1226 ut
1668 1174 1804 1228 meis
1845 1173 1939 1226 lit-

364 1252 498 1306 tcris
530 1254 733 1324 aliquid
784 1270 1210 1326 promoveatur,
1260 1272 1356 1317 aut
1402 1263 1700 1334 quidquam
1746 1279 1936 1320 eorum

363 1359 487 1413 qme
516 1355 731 1415 oportet
763 1348 1077 1417 perﬁciatur
1100 1394 1116 1416 ,
1149 1355 1259 1409 nisi
1303 1364 1356 1410 et
1390 1371 1418 1409 a
1449 1357 1627 1419 vobis,
1669 1356 1762 1427 qui
1807 1366 1939 1411 tunc

364 1433 541 1502 ipsius
587 1439 1031 1495 communionem
1084 1445 1504 1512 procrastinatis
1532 1486 1548 1507 ,
1588 1446 1729 1500 hanc
1765 1447 1935 1516 ipsam

366 1524 553 1594 aliquo
596 1535 757 1595 pacto
804 1531 1060 1600 accipiat.
1105 1535 1273 1588 Aiunt
1319 1537 1465 1589 enim
1508 1536 1684 1605 ipsum
1714 1537 1939 1591 omnino

366 1617 709 1685 propendere
763 1628 822 1674 ut
870 1624 1156 1679 nobiscum
1213 1627 1367 1697 181
1423 1628 1828 1699 coniungatur,
1883 1635 1938 1683 et

366 1707 629 1778 quidquid
656 1713 876 1780 poterit,
909 1715 1270 1781 collaturum;
1300 1718 1396 1772 sed
1442 1717 1627 1773 dolere
1648 1758 1662 1781 ,
1695 1717 1841 1788 quod
1884 1727 1938 1772 et

2044 522 2361 594 εστείλαμεν
2385 523 2460 593 (5)
2489 522 2626 594 πρός
2642 540 2701 575 τε
2733 523 2859 586 τοὺς
2898 522 3189 593 Ἰλλυριοὺς
3217 523 3312 576 καὶ
3328 523 3464 594 πρὸς
3495 524 3623 589 τοὺς

2045 616 2187 670 κατά
2220 618 2317 687 τὴν
2355 617 2578 670 Ἰταλίαν
2609 616 2702 670 καὶ
2750 615 2981 668 Γαλλίαν
3016 614 3090 685 (4)
3134 614 3485 678 ἐπισκόπους,
3527 615 3624 670 καί

2047 726 2197 771 τινας
2225 708 2334 761 τῶν
2367 710 2510 774 ἰδίως
2550 710 2685 780 πρὸς
2724 710 2873 780 ἡμᾶς
2918 707 3356 762 ἐπιστειλάντων.
3386 706 3625 775 Εῦλογον

1971 802 2061 856 τὸν
2090 803 2382 877 κομίζοντα
2411 804 2637 877 δεύτερα
2663 804 2995 877 γράμματα,
3027 802 3170 874 ἅπερ
3213 801 3372 866 αὐτὸς
3435 799 3623 854 κέλευ-

2111 991 2164 1046 2.
2198 991 2309 1045 Καὶ
2338 989 2465 1061 περὶ
2496 988 2589 1043 τοῦ
2619 989 3046 1060 αἰδεσιμωτάτου
3068 989 3365 1043 ἐπισκόπου
3394 990 3622 1045 Ἀθανα-

2044 1081 2159 1134 σῐου
2191 1082 2433 1154 ἀκριϐῶς
2464 1081 2834 1150 γινώσκουσαν
2866 1081 2965 1152 τὴν
3002 1081 3210 1134 τελείαν
3241 1100 3332 1136 σου
3362 1082 3621 1152 φρόνησιν

2044 1175 2551 1244 ὑπομιμνήσκομεν,
2576 1174 2657 1227 ὅτι
2684 1174 2962 1243 ἀμήχανον
2980 1176 3090 1236 τοῖς
3115 1174 3243 1244 παρ’
3273 1173 3406 1242 ἐμοῦ
3437 1175 3620 1246 γράμ-

2048 1280 2211 1334 μασιν
2251 1262 2586 1335 ὲπιδοῦναιῆ
2631 1262 2850 1333 ποιῆσαί
2878 1261 2954 1334 (6)
2996 1279 3048 1315 τι
3090 1261 3200 1316 τῶν
3235 1262 3619 1333 ὀφειλομένων,

2044 1354 2138 1408 ὲάν
2177 1354 2249 1426 μὴ
2283 1355 2379 1408 καὶ
2417 1357 2547 1425 παρ’
2583 1354 2759 1424 ὑμῶν,
2791 1354 2900 1406 τῶν
2927 1354 3045 1406 τότε
3077 1357 3175 1423 τὴν
3208 1355 3492 1408 κοινωνίαν
3521 1356 3620 1408 αὺ-

2043 1443 2135 1497 τοῦ
2164 1444 2634 1515 ἀναϐαλλομένων,
2660 1444 2879 1514 δέξηταί
2908 1462 3026 1498 τινα
3062 1445 3292 1516 τρόπον.⁶
3312 1446 3482 1509 Αὐτὸς
3507 1445 3619 1518 γὰρ

2043 1536 2257 1604 λέγεται
2303 1537 2443 1590 πάνυ
2492 1536 2779 1608 ὡρμῆσθαι
2830 1536 2964 1608 πρὸς
3001 1536 3061 1590 τὸ
3096 1537 3431 1608 συναφθῆναι
3462 1540 3615 1609 ἡμῖν,

2042 1626 2136 1679 καὶ
2164 1624 2232 1678 τά
2261 1624 2403 1679 κατὰ
2437 1625 2664 1697 δύναμιν
2691 1626 3079 1697 συμϐαλέσθαι,
3106 1627 3391 1681 λυπεῖσθαι
3423 1628 3500 1692 δὲ,
3534 1629 3616 1682 ὅτι

2043 1719 2136 1771 καὶ
2154 1717 2272 1770 τότε
2295 1717 2660 1789 παρεπέμφθη
2686 1718 3065 1787 ἀκοινώνητος,
3085 1719 3178 1772 καὶ
3200 1718 3277 1772 ἔτι
3296 1719 3387 1772 νῦν
3410 1721 3619 1785 ἀτελεῖς

367 1804 499 1852 tunc
529 1800 792 1859 dimissus
821 1804 893 1859 sit
923 1806 1041 1860 sine
1078 1811 1464 1864 communione
1488 1849 1503 1872 ,
1536 1816 1590 1863 et
1632 1811 1932 1864 etiamnum

2045 1809 2202 1879 μένου
2211 1826 2292 1862 σιν
2314 1810 2371 1862 αἱ
2396 1810 2733 1880 ὑποσχέσεις.
2750 1810 2829 1862 Τὰ
2840 1810 2895 1862 δὲ
2907 1809 3047 1862 κατά
3060 1811 3156 1881 τὴν
3172 1810 3456 1880 Ἀνατολὴν
3470 1811 3619 1874 ὅπως

368 1889 638 1955 promissa
678 1903 937 1949 maneant
982 1896 1157 1951 irrita.
1195 1897 1305 1955 Res
1354 1911 1534 1956 autem
1579 1900 1936 1957 Orientalium

368 1983 648 2047 quomodo
707 2001 766 2041 se
818 1988 1055 2044 habeant
1123 2008 1470 2064 nequaquam
1520 1994 1766 2064 profecto
1809 1995 1941 2049 latet

367 2085 530 2127 aures
595 2075 818 2145 pictatis
868 2088 1016 2135 tum:
1077 2097 1142 2138 ac
1193 2100 1291 2154 per
1337 2101 1396 2140 se
1442 2086 1559 2155 ipse
1625 2086 1941 2141 accuratius

367 2163 553 2216 omnia
610 2168 907 2234 praedictus
950 2170 1122 2227 frater
1162 2176 1461 2230 enarrabit.
1503 2174 1675 2242 Quem
1720 2176 1939 2245 quidem

367 2249 595 2320 dignare
642 2260 827 2313 statim
878 2270 1002 2331 post
1062 2264 1271 2319 Pascha
1321 2266 1634 2332 dimittere,
1670 2267 1801 2337 quia
1853 2281 1942 2321 re-

368 2355 570 2411 sponsa
622 2346 923 2409 Samosatis
975 2365 1289 2425 exspectat:
1345 2358 1574 2428 ejusque
1611 2368 1666 2414 et
1705 2374 1940 2429 propen-

368 2446 488 2485 sam
540 2438 874 2495 voluntatem
922 2447 1161 2514 approha
1191 2487 1207 2512 ,
1259 2458 1313 2503 et
1359 2450 1612 2518 precibus
1657 2451 1767 2504 tuis
1817 2463 1941 2504 cor-

368 2525 688 2584 roboratum
743 2534 811 2587 ad
850 2550 940 2590 res
973 2540 1285 2608 propositas
1310 2541 1551 2611 agendas
1583 2541 1816 2597 dimitte.

900 2644 1244 2702 EPISTOLA
1271 2647 1404 2703 XC‘.

2039 1900 2304 1953 διάκειται
2325 1901 2424 1953 οὐκ
2451 1900 2607 1953 ἔλαθε
2633 1901 2847 1964 πάντως
2871 1900 2969 1964 τὰς
2993 1901 3161 1962 ἀκοὰς
3183 1899 3283 1968 τῆς
3312 1898 3620 1962 θεοσεϐείας

2044 2010 2137 2046 σου
2157 2009 2171 2022 ·
2201 1992 2296 2046 καὶ
2334 1993 2401 2046 δι’
2432 1993 2624 2046 ἑαυτοῦ
2660 1993 2717 2047 δὲ
2754 1993 3143 2065 ἀκριϐέστερον
3185 1993 3362 2045 πάντα
3391 1993 3420 2044 ὁ
3442 2009 3624 2062 προειο

2045 2084 2277 2154 ρημένος
2316 2083 2540 2152 ἀδελφὸς
2584 2084 2925 2155 διηγήσεται.
2960 2087 3057 2138 Ὃν
3092 2082 3425 2149 καταξίωσον
3458 2082 3621 2146 εὐθὺς

2042 2174 2322 2245 ἐκπέμψαι
2360 2174 2498 2245 μετὰ
2527 2175 2586 2228 τὸ
2614 2176 2826 2246 Πάσχα,
2850 2175 2938 2229 διὰ
2967 2176 3028 2230 τὸ
3060 2175 3350 2245 ἀναμένειν
3381 2175 3480 2238 τὰς
3511 2174 3621 2227 ἀπὸ

2046 2267 2378 2338 Σαμοσάτων
2411 2267 2765 2339 ἀποκρίσεις·
2794 2262 2852 2322 οὗ
2892 2268 2987 2322 καὶ
3024 2269 3122 2339 τὴν
3151 2265 3458 2337 προθυμίαν
3487 2263 3622 2319 ἀπό-

2043 2359 2210 2424 δεξαι,
2235 2361 2330 2412 καὶ
2351 2361 2536 2432 εὐχαῖς
2564 2360 2725 2414 αὐτὸν
2759 2359 3065 2432 ὲνισχύσας,
3093 2360 3417 2432 πρόπεμψον
3444 2361 3524 2423 εἰς
3550 2357 3619 2410 τὰ

2045 2451 2397 2523 προκείμενα.
2422 2510 2427 2517 ,

2612 2650 2957 2703 ΕΠΙΣΤΟΛΗ
2996 2654 3063 2717 ιιν.

372 2754 1079 2835 Declargt‘lfa'silius‘guanlnm
1100 2760 1281 2835 (milia;
1306 2762 1590 2826 perceperit,
1612 2777 1674 2815 ea:
1697 2763 1868 2835 litteris
1893 2760 2291 2835 Decidentalium,
2310 2767 2356 2812 et
2378 2774 2442 2835 ea:
2464 2761 2859 2835 adgemuSgbitgt'
2874 2777 2891 2824 ;
2905 2776 2946 2835 ,α
2966 2775 3058 2835 quo
3077 2761 3266 2835 είὲοσφβ
3290 2761 3624 2835 οεσὶάεητςῐίβὲ

429 2815 497 2887 (te
509 2818 650 2866 rebus
672 2815 881 2887 Orientis
906 2824 1098 2887 totidem
1123 2815 1315 2887 auailio'
1346 2815 1766 2887 renl'uros'sperat.
1797 2826 1933 2885 Quod
1957 2824 2151 2887 quidem
2172 2831 2220 2873 ut
2254 2815 2492 2887 impetret,
2520 2822 2780 2875 Orientalis
2803 2815 3030 2876 Ecclesiae
3056 2823 3351 2875 calamitates
3373 2823 3620 2875 describit.

428 2878 521 2926 His
545 2890 654 2941 qua:
671 2881 897 2932 canonice
917 2882 964 2932 in
985 2882 1240 2936 Occidente
1260 2894 1390 2948 gesta
1402 2896 1508 2936 sunt
1530 2878 1758 2938 assentiri
1776 2878 1829 2938 se
1850 2878 2118 2951 profitetur.

396 2967 761 3041 Sanctissimis
792 2988 1049 3057 fratribus
1084 3009 1147 3045 ac
1181 2994 1432 3063 episcopis
1470 2993 1915 3051 Occidentalibus.

442 3140 492 3194 l.
526 3141 706 3198 Bonus
737 3144 905 3212 Deus,
945 3149 1039 3220 qui
1068 3166 1287 3221 semper
1319 3151 1706 3209 aﬂlictionibus
1740 3168 1940 3209 conso-

370 3232 607 3288 lationes
658 3237 945 3304 admiscet,
995 3241 1154 3295 nobis
1190 3243 1356 3296 etiam
1399 3260 1544 3298 nunc
1594 3245 1823 3315 largitus
1858 3252 1942 3301 est

370 3324 520 3379 inter
549 3328 751 3382 multos
778 3330 1018 3396 dolores,
1053 3341 1110 3385 ut
1138 3334 1409 3388 modicum
1442 3335 1660 3405 aliquod
1687 3336 1941 3391 solatium

369 3416 815 3473 nancisceremur
834 3438 902 3475 ex
925 3423 1144 3487 litteris,
1181 3441 1322 3495 quas
1345 3441 1374 3479 a
1408 3435 1590 3482 vestra
1623 3428 1937 3498 integritate

369 3509 864 3567 reverendissimus
894 3513 1055 3568 Pater
1086 3523 1272 3570 noster
1310 3516 1643 3573 Athanasius
1682 3529 1937 3588 acceptas

369 3595 439 3649 ad
470 3612 571 3652 nos
614 3603 942 3665 transmisit,
983 3604 1107 3659 fidei
1154 3615 1315 3661 rectae
1356 3609 1730 3663 testimonium
1772 3617 1826 3663 et
1856 3610 1942 3662 in-

368 3689 644 3745 violabilis
706 3703 898 3749 veslraa
945 3697 1253 3752 concordiae
1303 3706 1465 3768 atque
1516 3701 1940 3769 conspirationis

371 3794 747 3851 argumentum
796 3786 1077 3853 habentes,
1121 3790 1195 3843 ita
1241 3798 1300 3843 ut
1339 3798 1394 3845 et
1431 3801 1678 3861 pastores
1717 3792 1937 3847 Patrum

368 3873 597 3944 vestigia
623 3888 934 3946 sequentes.
960 3887 1013 3934 et
1041 3879 1250 3935 Domini
1279 3884 1536 3952 populum
1562 3898 1684 3937 cum
1709 3885 1940 3939 scientia

368 3974 658 4032 pascentes
688 3969 1001 4027 exhibeant.
1047 3972 1170 4027 Haec
1213 3974 1392 4028 omnia
1426 3974 1563 4029 adeo
1598 3990 1700 4029 nos
1730 3976 1943 4029 exhila-

366 4070 428 4109 ra
441 4067 588 4124 runl,
611 4068 670 4113 ut
691 4076 982 4117 maerorem
1007 4072 1256 4119 nostrum
1282 4065 1576 4129 solverent,
1605 4076 1659 4120 et
1684 4066 1938 4137 exiguum

368 4149 660 4217 quemdam
687 4153 856 4207 risum
881 4155 1080 4210 animis
1102 4156 1308 4211 nostris
1324 4157 1687 4221 concitarent,
1711 4173 1776 4211 ex
1798 4157 1941 4213 tristi

369 4239 476 4293 hoc
498 4254 679 4295 rerum
712 4250 879 4310 statu,
912 4248 967 4299 in
1002 4262 1111 4317 quo
1138 4262 1284 4301 nunc
1315 4264 1616 4303 versamur.
1648 4250 1813 4303 Auxit
1847 4263 1944 4303 au-

368 4336 478 4383 tem
511 4331 671 4387 nobis
719 4334 961 4389 solamen
1014 4338 1280 4393 Dominus
1322 4354 1423 4408 per
1462 4340 1939 4410 religiosissimum

370 4422 541 4476 lilium
589 4430 644 4478 et
685 4427 1083 4482 condiaconum
1129 4427 1430 4496 Sabinum,
1479 4432 1572 4502 qui
1610 4439 1663 4487 et
1707 4447 1770 4487 ea
1821 4448 1943 4501 quae

369 4513 512 4582 apud
552 4530 652 4570 vos
691 4520 951 4585 praeclare
981 4526 1283 4589 geruntur,
1340 4537 1609 4576 enarrans
1649 4531 1941 4587 accurate,

369 4609 507 4662 aluit
534 4610 746 4666 animas
776 4624 1031 4680 nostras;
1062 4620 1116 4668 et
1139 4614 1206 4669 de
1234 4615 1399 4671 rebus
1429 4618 1635 4672 nostris
1656 4618 1942 4688 experien-

443 4742 649 4817 f_Alias
684 4742 820 4802 LXI.
859 4744 1072 4817 Scripta
1102 4761 1248 4803 anno
1271 4749 1395 4805 372.

393 4882 404 4893 '
437 4812 513 4893 (ἦ)
562 4812 1160 4893 Ἐπερντείλαμεᾷνκίιιι
1196 4835 1329 4874 mss.
1366 4830 1476 4893 tres
1512 4839 1524 4874 :
1558 4821 1700 4874 male
1736 4821 1790 4874 in
1820 4821 1940 4877 edi-

365 4886 440 5004 :is
467 4886 891 5009 ἒπεὲτείίιαμεν,
938 4889 1201 4956 misimus,
1238 4889 1386 4961 quod
1422 4899 1626 4961 pugnat
1655 4906 1779 4945 cum
1815 4908 1934 4947 sen-

392 4969 458 5007 Cll
491 4970 540 5007 la
617 4971 695 5009 ilSl
726 4974 780 5009 ΙΙ.

392 4958 540 5007 entia
574 4958 780 5011 Basilii.

441 5026 518 5091 (4)
558 5026 994 5102 _Kal1‘_a._1./t/ar.
1055 5028 1181 5102 Haec
1225 5029 1424 5086 desunt
1447 5031 1501 5102 in
1524 5029 1673 5093 ναι..
1711 5039 1765 5086 et
1801 5030 1935 5102 Reg.

367 5095 618 5172 secundo
643 5105 695 5151 et
725 5097 895 5172 Coisl.
923 5100 1187 5161 secundo.
1217 5117 1328 5155 non
1359 5103 1417 5155 in
1450 5101 1619 5158 Coisl.
1656 5104 1855 5172 primo,
1883 5095 1941 5157 Et

367 5161 507 5239 Reg.
538 5167 715 5239 primo
743 5177 797 5222 et
829 5166 1005 5239 Bigot.
1040 5174 1234 5227 altero.

396 5302 410 5316 .
440 5235 697 5316 (ﬁlum)
727 5235 1094 5316 goirob._Sic
1139 5253 1371 5316 uterque
1398 5241 1560 5316 Reg"
1610 5249 1664 5296 et
1706 5250 1939 5316 uterque

368 5303 537 5360 Coisl.
568 5321 693 5382 cum
726 5307 901 5382 Bigot.
943 5311 1133 5365 altero.
1169 5303 1310 5365 Ediii
1350 5314 1458 5367 ἀπὸ
1483 5303 1701 5382 κοινῆς.
1731 5303 1940 5366 Dicitur

369 5382 551 5429 autem
590 5377 692 5430 hoc
740 5377 860 5433 loco
890 5393 1162 5453 commune
1188 5383 1396 5453 synodi,
1431 5384 1579 5439 velut
1610 5377 1755 5453 apud
1781 5383 1940 5437 Cice-

306 5503 313 5512 ,
366 5457 557 5497 ronem
592 5464 864 5501 commune
885 5450 1048 5506 Asiae.

445 5515 521 5595 ςθ)
563 5517 930 5595 Ἦρπριίῆστξι.
975 5521 1181 5595 ltasex
1224 5540 1359 5580 mss.
1402 5523 1543 5577 Editi
1574 5525 1667 5576 καὶ
1692 5525 1933 5595 ποιῆσαι,

368 5582 666 5666 ξιιίςιχκα]ζ
700 5582 797 5641 ἔτι
828 5590 923 5666 νῦν
964 5592 1194 5666 ἀτελεῖς.
1238 5595 1405 5649 Coisl.
1460 5597 1690 5666 primus
1715 5582 1819 5647 καῖ
1856 5593 1937 5646 ἔτι

368 5655 761 5733 ἀτελεῖςᾎβθε.
794 5661 1005 5733 primus
1026 5671 1080 5716 et
1099 5655 1267 5719 Coisl.
1294 5655 1568 5720 secundus
1598 5665 1733 5717 utin
1760 5674 1930 5719 textu.

367 5723 538 5797 Negat
580 5723 961 5785 Tilleinontius
990 5733 1369 5793 Athanasium.
1408 5736 1476 5790 dc
1510 5751 1618 5793 uuo
1658 5736 1744 5788 hic
1777 5735 1931 5790 Basi-

2052 2992 2189 3060 Τοῖς
2220 2991 2562 3064 ἁγιωτάτοις
2592 2990 2878 3128 ἁδειζςῖρὶῖς
2900 2992 2997 3045 καί
3019 2991 3373 3057 ἐπισκόποις
3400 2990 3525 3057 τοῖς
3550 2988 3624 3043 ἐν

2675 3080 2747 3128 τῃ
2832 3079 2984 3117 υσει.

2675 3080 2747 3130 τῃ
2776 3079 2984 3128 ιΔυσει.

2115 3156 2166 3211 1.
2220 3157 2278 3210 '0
2312 3154 2515 3225 ἀγαθὸς
2544 3155 2699 3217 Θεὸς,
2732 3155 2760 3206 ὀ
2795 3153 2883 3205 ἀεὶ
2911 3154 3031 3216 ταῖς
3061 3151 3273 3221 θλίψεσι
3309 3151 3407 3216 τὰς
3437 3168 3620 3221 παρα-

2042 3250 2266 3321 κλήσεις
2316 3247 2731 3320 παραζευγνῦς,
2784 3244 2984 3298 ἔδωκεν
3029 3246 3159 3314 ἡμῖν
3219 3244 3313 3297 καὶ
3371 3243 3464 3297 νῦν
3528 3242 3622 3297 ἐπὶ

2041 3342 2119 3413 τῷ
2165 3342 2240 3411 (7)
2292 3341 2487 3411 πλήθει
2536 3340 2642 3393 τῶν
2694 3337 2892 3390 ὀδυνῶν
2939 3336 3194 3408 εὑρέσθαι
3228 3336 3349 3390 τινὰ
3393 3335 3622 3407 μετρίαν

2042 3432 2386 3506 παράκλησιν
2411 3433 2476 3484 ὲκ
2499 3430 2608 3483 τῶν
2638 3429 2999 3501 γραμμάτων,
3033 3427 3069 3481 ἃ
3098 3425 3249 3497 παρὰ
3293 3425 3393 3495 τῆς
3426 3424 3621 3495 ὑμετέ-

2045 3542 2144 3595 ρας
2195 3523 2484 3594 ὀρθότητος
2531 3523 2559 3574 ὁ
2603 3520 2932 3591 τιμιώτατος
2963 3518 3157 3589 Πατὴρ
3189 3516 3349 3588 ἡμῶν
3387 3515 3619 3569 Ἀθανά-

2045 3631 2159 3676 σιος
2209 3613 2283 3684 (8)
2332 3613 2360 3666 ὁ
2406 3611 2702 3673 ἐπίσκοπος
2748 3609 3039 3680 δεξάμενος
3077 3605 3412 3677 διεπέμψατο
3460 3605 3616 3675 ἡμῖν,

2044 3704 2230 3774 ὑγιοῦς
2281 3703 2513 3766 πίστεως
2562 3704 2888 3775 μαρτυρίαν,
2932 3700 3025 3754 καὶ
3067 3700 3162 3769 τῆς
3209 3696 3617 3767 ἀνεπηρεάστου

2043 3797 2196 3868 ὑμῶν
2254 3795 2507 3866 ὁμονοίας
2573 3795 2667 3848 καὶ
2723 3791 3025 3864 συμπνοίας
3077 3787 3350 3852 ἀπόδειξιν
3402 3786 3614 3856 ἔχοντα,

2042 3887 2182 3941 ὥστε
2214 3885 2306 3939 καὶ
2340 3885 2606 3955 ποιμένας
2633 3881 3011 3937 ἀναδεικνύναι
3044 3880 3117 3950 (9)
3158 3882 3269 3940 τοῖς
3311 3877 3480 3948 ἴχνεσι
3506 3876 3617 3928 τῶν

2043 3976 2300 4048 Πατέρων
2347 3974 2790 4040 ἀκολουθοῦντας,
2842 3974 2936 4027 καὶ
2986 3973 3077 4025 τὸν
3122 3970 3249 4024 λαὸν
3282 3968 3375 4023 τοῦ
3405 3968 3614 4040 Κυρίου

2046 4069 2162 4138 μετ’
2191 4069 2498 4138 ἐπιστήμης
2527 4067 2929 4137 ποιμαίνοντας.
2975 4063 3160 4117 Ταῦτα
3195 4063 3370 4115 πάντα
3403 4058 3617 4142 ηὔφρα-

2044 4176 2134 4211 νεν
2161 4159 2309 4229 ἡμᾶς
2329 4158 2601 4225 τοσοῦτον,
2625 4157 2765 4211 ὥστε
2793 4156 2952 4209 λῦσαι
2978 4154 3134 4226 ἡμῶν
3161 4154 3259 4224 τὴν
3290 4155 3614 4222 κατήφειαν,

2044 4250 2136 4302 καὶ
2170 4249 2434 4321 μειδίαμά
2465 4267 2516 4303 τι
2545 4249 2716 4320 βραχὺ
2748 4251 2866 4312 ταῖς
2898 4247 3098 4317 ψυχαῖς
3128 4246 3285 4317 ἡμῶν
3314 4243 3614 4316 ἐμποιῆσαι

2044 4341 2152 4394 ἀπὸ
2197 4341 2298 4411 τῆς
2331 4340 2660 4412 σκυθρωπῆς
2692 4339 2895 4409 ταύτης
2930 4337 3039 4391 τῶν
3079 4336 3418 4407 πραγμάτων
3446 4352 3616 4387 κατα-

1972 4411 2288 4495 1)σ·ι;ιὶισεως
2336 4411 2480 4503 (10),
2519 4434 2576 4484 ὲν
2704 4430 2798 4485 νῦν
2849 4429 3283 4500 καθεστήκαμεν.
3341 4426 3614 4480 Ἐπέτεινε

2043 4523 2100 4577 δὲ
2131 4525 2262 4595 ἡμῖν
2288 4525 2388 4596 τὴν
2420 4523 2762 4595 παράκλησιν
2788 4523 2816 4575 ὁ
2842 4521 3045 4593 Κύριος
3075 4521 3161 4574 διὰ
3189 4518 3284 4573 τοῦ
3314 4517 3432 4572 υἱοῦ
3457 4517 3614 4589 ήμῶν

2042 4614 2136 4667 τοῦ
2176 4616 2570 4687 ερλαϐεστάτου
2619 4614 2965 4668 συνδιακόνου
2997 4611 3246 4677 Σαϐίνου,
3278 4610 3358 4675 ὃς,
3406 4610 3501 4663 καὶ
3543 4608 3615 4662 τὰ

2040 4749 2175 4814 lius,
2212 4766 2470 4820 magnum
2503 4751 2655 4803 illum
2679 4764 2802 4820 esse
2822 4750 3137 4820 episcopum
3159 4745 3609 4820 Alexandrinum.

2044 4820 2176 4875 Rem
2208 4818 2580 4889 expendemus
2619 4820 2674 4873 in
2712 4818 2831 4872 Vita
2858 4818 3097 4881 Basilii;
3128 4833 3304 4887 neque
3335 4818 3480 4872 enim
3512 4832 3612 4870 no-

2043 4900 2221 4945 tarum
2256 4891 2527 4960 angustiis
2560 4892 2833 4943 contineri
2868 4889 3064 4959 possit.

2112 4962 2187 5032 (7)
2229 4955 2362 5032 Ἔπῖ
2393 4958 2491 5032 τῷ.
2527 4960 2693 5032 Coisl.
2722 4955 2931 5029 primus
2960 4961 3017 5011 ἐν
3048 4955 3143 5032 τῷ,

2111 5026 2188 5099 (8⁷)
2225 5029 2594 5095 Ἀθανὰσιος.
2631 5026 2790 5085 Deest
2819 5045 3018 5084 nomen
3053 5026 3342 5083 Athanasii
3373 5028 3427 5082 in
3457 5036 3611 5084 utro-

2039 5117 2152 5172 que
2176 5100 2366 5170 Regio.

2112 5171 2189 5243 (9)
2233 5167 2700 5243 ‘Aradsmrorat.
2730 5168 2867 5243 Reg.
2902 5169 3185 5243 secundus,
3222 5176 3273 5225 et
3302 5167 3473 5243 Coisl.
3518 5182 3601 5223 se-

2040 5240 2255 5312 cundus
2286 5242 2694 5312 ἀποδειχθῆναι.
2730 5240 2927 5294 Ibidem
2955 5241 3083 5312 editi
3112 5241 3237 5303 τοὺς
3263 5243 3379 5312 τοῖς
3400 5240 3607 5312 ipset.

2042 5310 2147 5366 Sed
2194 5308 2762 5381 articuluufprimum
2802 5311 3153 5381 sustulimus,
3180 5311 3273 5380 qui
3304 5308 3500 5381 melius
3531 5308 3610 5381 vi-

2039 5384 2201 5441 detur
2225 5382 2416 5437 deesse
2446 5382 2500 5436 in
2528 5379 2703 5435 tribus
2735 5396 2868 5434 mss.
2909 5379 3032 5434 licet
3057 5398 3163 5434 non
3190 5379 3607 5435 vetustissimis.

2038 5451 2201 5507 Deest
2222 5455 2384 5506 etiam
2423 5453 2479 5507 in
2513 5452 2849 5507 editionibus
2880 5447 3085 5519 Hagan.
3112 5460 3167 5505 et
3192 5450 3358 5505 Basi'l.

2108 5522 2220 5593 (10)
2246 5521 2978 5593 Καταστάσεως.-ριιιιιιιυι
3006 5537 3283 5593 ιιιεδριιοιι
3314 5529 3499 5593 tamen
3520 5531 3610 5593 ve:

2037 5586 2331 5664 tristissimi
2378 5586 2667 5664 κινήσεως,
2702 5586 2873 5664 Paulo
2911 5592 3213 5664 p_os_t_editi
3258 5591 3351 5643 καὶ
3387 5586 3605 5664 δια-τσῦ

2037 5663 2431 5716 εὐλαϐεστάτου
2462 5656 2579 5718 υἱοῦ
2619 5663 2731 5729 καί,
2766 5669 2871 5719 etc.
2911 5656 3089 5718 'Coisl.
3122 5663 3332 5733 primus
3359 5666 3415 5716 et
3451 5656 3602 5712 Harl:

2037 5742 2096 5789 ut
2132 5736 2184 5788 in
2216 5743 2385 5789 textu.
