  <div class='ocr_page' id='page_1' title='image "/cluster/home/n/w/nwhite01/storage/ocr_20150623/32/mdp.39015011915462/248.png"; bbox 0 0 3988 6194; ppageno 0'>
   <div class='ocr_carea' id='block_1_1' title="bbox 344 342 545 441">
    <p class='ocr_par' dir='ltr' id='par_1_1' title="bbox 344 342 545 441">
     <span class='ocr_line' id='line_1_1' title="bbox 344 342 545 441; baseline 0 0"><span class='ocrx_word' id='word_1_1' title='bbox 344 342 545 441; x_wconf 66' lang='grc' dir='ltr'><strong>ηδ’</strong></span> 
     </span>
    </p>
   </div>
   <div class='ocr_carea' id='block_1_2' title="bbox 1314 375 2637 436">
    <p class='ocr_par' dir='ltr' id='par_1_2' title="bbox 1314 375 2637 436">
     <span class='ocr_line' id='line_1_2' title="bbox 1314 375 2637 436; baseline 0.002 -3"><span class='ocrx_word' id='word_1_2' title='bbox 1314 376 1808 433; x_wconf 76' lang='lat' dir='ltr'><strong>EPISTOLABUM</strong></span> <span class='ocrx_word' id='word_1_3' title='bbox 1846 375 2131 432; x_wconf 75' lang='lat' dir='ltr'><strong>CLASSIS</strong></span> <span class='ocrx_word' id='word_1_4' title='bbox 2154 376 2218 433; x_wconf 87' lang='grc' dir='ltr'><strong>ΙΙ.</strong></span> <span class='ocrx_word' id='word_1_5' title='bbox 2262 376 2483 432; x_wconf 84' lang='lat' dir='ltr'><strong>EPIST.</strong></span> <span class='ocrx_word' id='word_1_6' title='bbox 2525 377 2637 436; x_wconf 79' lang='lat' dir='ltr'><strong>XC.</strong></span> 
     </span>
    </p>
   </div>
   <div class='ocr_carea' id='block_1_3' title="bbox 3500 377 3614 439">
    <p class='ocr_par' dir='ltr' id='par_1_3' title="bbox 3500 377 3614 439">
     <span class='ocr_line' id='line_1_3' title="bbox 3500 377 3614 439; baseline 0.009 -1"><span class='ocrx_word' id='word_1_7' title='bbox 3500 377 3614 439; x_wconf 75' lang='lat' dir='ltr'><strong>Ht</strong></span> 
     </span>
    </p>
   </div>
   <div class='ocr_carea' id='block_1_4' title="bbox 350 493 1927 574">
    <p class='ocr_par' dir='ltr' id='par_1_4' title="bbox 350 495 1927 574">
     <span class='ocr_line' id='line_1_4' title="bbox 350 495 1927 574; baseline -0.006 -16"><span class='ocrx_word' id='word_1_8' title='bbox 350 504 488 574; x_wconf 85' lang='grc' dir='ltr'>παρ’</span> <span class='ocrx_word' id='word_1_9' title='bbox 544 501 673 574; x_wconf 81' lang='grc' dir='ltr'>ὑμῖν</span> <span class='ocrx_word' id='word_1_10' title='bbox 726 499 871 556; x_wconf 83' lang='grc' dir='ltr'><strong>καλά</strong></span> <span class='ocrx_word' id='word_1_11' title='bbox 919 499 1319 570; x_wconf 77' lang='grc' dir='ltr'><strong>διηγησάμενος</strong></span> <span class='ocrx_word' id='word_1_12' title='bbox 1376 496 1655 570; x_wconf 72' lang='grc' dir='ltr'>ἀκριϐῶς,</span> <span class='ocrx_word' id='word_1_13' title='bbox 1709 495 1927 568; x_wconf 52' lang='grc' dir='ltr'>ἔθρεψεν</span> 
     </span>
    </p>
   </div>
   <div class='ocr_carea' id='block_1_5' title="bbox 2035 493 3614 574">
    <p class='ocr_par' dir='ltr' id='par_1_5' title="bbox 2038 493 3614 566">
     <span class='ocr_line' id='line_1_5' title="bbox 2038 493 3614 566; baseline 0.004 -19"><span class='ocrx_word' id='word_1_14' title='bbox 2038 495 2113 548; x_wconf 90' lang='lat' dir='ltr'><strong>tia</strong></span> <span class='ocrx_word' id='word_1_15' title='bbox 2142 494 2393 558; x_wconf 89' lang='lat' dir='ltr'><strong>edoctus,</strong></span> <span class='ocrx_word' id='word_1_16' title='bbox 2426 495 2716 565; x_wconf 84' lang='lat' dir='ltr'><strong>perspicue</strong></span> <span class='ocrx_word' id='word_1_17' title='bbox 2736 493 2894 549; x_wconf 88' lang='lat' dir='ltr'><strong>vobis</strong></span> <span class='ocrx_word' id='word_1_18' title='bbox 2922 494 3264 564; x_wconf 83' lang='lat' dir='ltr'><strong>enuntiabit;</strong></span> <span class='ocrx_word' id='word_1_19' title='bbox 3297 503 3357 549; x_wconf 93' lang='lat' dir='ltr'><strong>ut</strong></span> <span class='ocrx_word' id='word_1_20' title='bbox 3378 497 3614 566; x_wconf 86' lang='lat' dir='ltr'><strong>primum</strong></span> 
     </span>
    </p>
   </div>
   <div class='ocr_carea' id='block_1_6' title="bbox 350 588 1938 665">
    <p class='ocr_par' dir='ltr' id='par_1_6' title="bbox 350 588 1938 665">
     <span class='ocr_line' id='line_1_6' title="bbox 350 588 1938 665; baseline -0.006 -17"><span class='ocrx_word' id='word_1_21' title='bbox 350 592 516 665; x_wconf 76' lang='grc' dir='ltr'>ἡμῶν</span> <span class='ocrx_word' id='word_1_22' title='bbox 549 593 650 658; x_wconf 72' lang='grc' dir='ltr'><strong>τὰς</strong></span> <span class='ocrx_word' id='word_1_23' title='bbox 675 592 853 663; x_wconf 74' lang='grc' dir='ltr'>ψυχάς</span> <span class='ocrx_word' id='word_1_24' title='bbox 875 608 889 621; x_wconf 87' lang='grc'><strong>·</strong></span> <span class='ocrx_word' id='word_1_25' title='bbox 924 593 1022 646; x_wconf 76' lang='grc' dir='ltr'>καὶ</span> <span class='ocrx_word' id='word_1_26' title='bbox 1052 591 1122 644; x_wconf 82' lang='grc' dir='ltr'>τὰ</span> <span class='ocrx_word' id='word_1_27' title='bbox 1151 588 1396 661; x_wconf 75' lang='grc' dir='ltr'>ἡμέτερα</span> <span class='ocrx_word' id='word_1_28' title='bbox 1425 589 1506 651; x_wconf 91' lang='grc' dir='ltr'>δὲ,</span> <span class='ocrx_word' id='word_1_29' title='bbox 1532 591 1599 660; x_wconf 83' lang='grc' dir='ltr'><strong>τῇ</strong></span> <span class='ocrx_word' id='word_1_30' title='bbox 1633 588 1799 658; x_wconf 74' lang='grc' dir='ltr'>πείρᾳ</span> <span class='ocrx_word' id='word_1_31' title='bbox 1835 604 1938 656; x_wconf 88' lang='grc' dir='ltr'>μα-</span> 
     </span>
    </p>
   </div>
   <div class='ocr_carea' id='block_1_7' title="bbox 355 676 1939 754">
    <p class='ocr_par' dir='ltr' id='par_1_7' title="bbox 355 676 1939 754">
     <span class='ocr_line' id='line_1_7' title="bbox 355 676 1939 754; baseline -0.005 -17"><span class='ocrx_word' id='word_1_32' title='bbox 355 683 492 747; x_wconf 82' lang='grc' dir='ltr'>θὼν,</span> <span class='ocrx_word' id='word_1_33' title='bbox 542 681 788 754; x_wconf 76' lang='grc' dir='ltr'><strong>ἐναργῶς</strong></span> <span class='ocrx_word' id='word_1_34' title='bbox 837 682 968 752; x_wconf 86' lang='grc' dir='ltr'>ύμῖν</span> <span class='ocrx_word' id='word_1_35' title='bbox 1013 679 1322 749; x_wconf 76' lang='grc' dir='ltr'><strong>ἀναγγελεῖ,</strong></span> <span class='ocrx_word' id='word_1_36' title='bbox 1374 678 1462 732; x_wconf 69' lang='grc' dir='ltr'>ἵνα</span> <span class='ocrx_word' id='word_1_37' title='bbox 1515 676 1939 750; x_wconf 77' lang='grc' dir='ltr'><strong>προηγουμένως</strong></span> 
     </span>
    </p>
   </div>
   <div class='ocr_carea' id='block_1_8' title="bbox 359 767 1938 845">
    <p class='ocr_par' dir='ltr' id='par_1_8' title="bbox 359 767 1938 845">
     <span class='ocr_line' id='line_1_8' title="bbox 359 767 1938 845; baseline -0.004 -17"><span class='ocrx_word' id='word_1_38' title='bbox 359 776 464 845; x_wconf 83' lang='grc' dir='ltr'>μὲν</span> <span class='ocrx_word' id='word_1_39' title='bbox 513 774 601 827; x_wconf 77' lang='grc' dir='ltr'><strong>διὰ</strong></span> <span class='ocrx_word' id='word_1_40' title='bbox 643 774 741 844; x_wconf 82' lang='grc' dir='ltr'>τῆς</span> <span class='ocrx_word' id='word_1_41' title='bbox 786 770 1041 836; x_wconf 84' lang='grc' dir='ltr'>ὲκτενοῦς</span> <span class='ocrx_word' id='word_1_42' title='bbox 1090 771 1187 824; x_wconf 62' lang='grc' dir='ltr'>καὶ.</span> <span class='ocrx_word' id='word_1_43' title='bbox 1216 770 1503 839; x_wconf 77' lang='grc' dir='ltr'><strong>φιλοπόνου</strong></span> <span class='ocrx_word' id='word_1_44' title='bbox 1555 770 1792 840; x_wconf 80' lang='grc' dir='ltr'><strong>δεήσεως</strong></span> <span class='ocrx_word' id='word_1_45' title='bbox 1838 767 1938 839; x_wconf 82' lang='grc' dir='ltr'>τῆς</span> 
     </span>
    </p>
   </div>
   <div class='ocr_carea' id='block_1_9' title="bbox 357 859 1938 938">
    <p class='ocr_par' dir='ltr' id='par_1_9' title="bbox 357 859 1938 938">
     <span class='ocr_line' id='line_1_9' title="bbox 357 859 1938 938; baseline -0.004 -19"><span class='ocrx_word' id='word_1_46' title='bbox 357 868 501 938; x_wconf 77' lang='grc' dir='ltr'>πρὸς</span> <span class='ocrx_word' id='word_1_47' title='bbox 524 865 615 919; x_wconf 80' lang='grc' dir='ltr'>τὸν</span> <span class='ocrx_word' id='word_1_48' title='bbox 643 865 848 937; x_wconf 84' lang='grc' dir='ltr'><strong>Κύριον</strong></span> <span class='ocrx_word' id='word_1_49' title='bbox 881 863 1316 936; x_wconf 79' lang='grc' dir='ltr'>συναγωνίςησθε</span> <span class='ocrx_word' id='word_1_50' title='bbox 1343 864 1495 934; x_wconf 82' lang='grc' dir='ltr'>ἡμῖν,</span> <span class='ocrx_word' id='word_1_51' title='bbox 1525 861 1714 914; x_wconf 82' lang='grc' dir='ltr'>ἔπειτα</span> <span class='ocrx_word' id='word_1_52' title='bbox 1756 860 1813 914; x_wconf 82' lang='grc' dir='ltr'>δὲ</span> <span class='ocrx_word' id='word_1_53' title='bbox 1842 859 1938 913; x_wconf 73' lang='grc' dir='ltr'>καὶ</span> 
     </span>
    </p>
   </div>
   <div class='ocr_carea' id='block_1_10' title="bbox 354 955 1933 1029">
    <p class='ocr_par' dir='ltr' id='par_1_10' title="bbox 354 955 1933 1029">
     <span class='ocr_line' id='line_1_10' title="bbox 354 955 1933 1029; baseline -0.003 -20"><span class='ocrx_word' id='word_1_54' title='bbox 354 957 459 1029; x_wconf 82' lang='grc' dir='ltr'>τὴν</span> <span class='ocrx_word' id='word_1_55' title='bbox 509 957 863 1028; x_wconf 75' lang='grc' dir='ltr'><strong>ἐνδεχομένην</strong></span> <span class='ocrx_word' id='word_1_56' title='bbox 896 957 1024 1026; x_wconf 78' lang='grc' dir='ltr'>ὑμῖν</span> <span class='ocrx_word' id='word_1_57' title='bbox 1055 955 1167 1026; x_wconf 84' lang='grc'><strong>(11)</strong></span> <span class='ocrx_word' id='word_1_58' title='bbox 1207 955 1560 1027; x_wconf 79' lang='grc' dir='ltr'><strong>παραμυθίαν</strong></span> <span class='ocrx_word' id='word_1_59' title='bbox 1610 956 1726 1018; x_wconf 89' lang='grc' dir='ltr'>ταῖς</span> <span class='ocrx_word' id='word_1_60' title='bbox 1771 968 1933 1006; x_wconf 75' lang='grc' dir='ltr'>κατασ</span> 
     </span>
    </p>
   </div>
   <div class='ocr_carea' id='block_1_11' title="bbox 357 1044 1938 1120">
    <p class='ocr_par' dir='ltr' id='par_1_11' title="bbox 357 1044 1938 1120">
     <span class='ocr_line' id='line_1_11' title="bbox 357 1044 1938 1120; baseline -0.004 -18"><span class='ocrx_word' id='word_1_61' title='bbox 357 1048 724 1119; x_wconf 81' lang='grc' dir='ltr'>πονουμέναις</span> <span class='ocrx_word' id='word_1_62' title='bbox 753 1050 1100 1120; x_wconf 79' lang='grc' dir='ltr'>Ἐκκλησίαις</span> <span class='ocrx_word' id='word_1_63' title='bbox 1127 1045 1533 1116; x_wconf 77' lang='grc' dir='ltr'><strong>εἰσενέγκασθαι</strong></span> <span class='ocrx_word' id='word_1_64' title='bbox 1560 1045 1634 1116; x_wconf 85' lang='grc' dir='ltr'><strong>μὴ</strong></span> <span class='ocrx_word' id='word_1_65' title='bbox 1668 1044 1938 1116; x_wconf 84' lang='grc' dir='ltr'>παραιτή-</span> 
     </span>
    </p>
   </div>
   <div class='ocr_carea' id='block_1_12' title="bbox 359 1134 1936 1212">
    <p class='ocr_par' dir='ltr' id='par_1_12' title="bbox 359 1134 1936 1212">
     <span class='ocr_line' id='line_1_12' title="bbox 359 1134 1936 1212; baseline -0.004 -18"><span class='ocrx_word' id='word_1_66' title='bbox 359 1139 552 1211; x_wconf 88' lang='grc' dir='ltr'>σησθε.</span> <span class='ocrx_word' id='word_1_67' title='bbox 584 1141 846 1212; x_wconf 78' lang='grc' dir='ltr'>Κέκμηκε</span> <span class='ocrx_word' id='word_1_68' title='bbox 879 1140 990 1211; x_wconf 82' lang='grc' dir='ltr'>γὰρ</span> <span class='ocrx_word' id='word_1_69' title='bbox 1028 1138 1098 1191; x_wconf 80' lang='grc' dir='ltr'><strong>τὰ</strong></span> <span class='ocrx_word' id='word_1_70' title='bbox 1124 1139 1376 1202; x_wconf 77' lang='grc' dir='ltr'>ἐνταῦθα,</span> <span class='ocrx_word' id='word_1_71' title='bbox 1427 1137 1642 1205; x_wconf 76' lang='grc' dir='ltr'>ἀδελφοὶ</span> <span class='ocrx_word' id='word_1_72' title='bbox 1676 1134 1936 1206; x_wconf 74' lang='grc' dir='ltr'>τιμιώτα-</span> 
     </span>
    </p>
   </div>
   <div class='ocr_carea' id='block_1_13' title="bbox 355 1224 1937 1303">
    <p class='ocr_par' dir='ltr' id='par_1_13' title="bbox 355 1224 1937 1303">
     <span class='ocr_line' id='line_1_13' title="bbox 355 1224 1937 1303; baseline -0.006 -18"><span class='ocrx_word' id='word_1_73' title='bbox 355 1250 466 1296; x_wconf 86' lang='grc' dir='ltr'>τοι,</span> <span class='ocrx_word' id='word_1_74' title='bbox 498 1232 594 1287; x_wconf 74' lang='grc' dir='ltr'>καὶ</span> <span class='ocrx_word' id='word_1_75' title='bbox 621 1232 892 1303; x_wconf 82' lang='grc' dir='ltr'>ἀπείρηκε</span> <span class='ocrx_word' id='word_1_76' title='bbox 936 1229 1072 1303; x_wconf 87' lang='grc' dir='ltr'>πρὸς</span> <span class='ocrx_word' id='word_1_77' title='bbox 1095 1229 1195 1293; x_wconf 78' lang='grc' dir='ltr'><strong>τὰς</strong></span> <span class='ocrx_word' id='word_1_78' title='bbox 1229 1231 1469 1299; x_wconf 79' lang='grc' dir='ltr'><strong>συνεχεῖς</strong></span> <span class='ocrx_word' id='word_1_79' title='bbox 1498 1225 1801 1296; x_wconf 77' lang='grc' dir='ltr'>προσϐολὰς</span> <span class='ocrx_word' id='word_1_80' title='bbox 1826 1224 1937 1277; x_wconf 91' lang='grc' dir='ltr'><strong>τῶν</strong></span> 
     </span>
    </p>
   </div>
   <div class='ocr_carea' id='block_1_14' title="bbox 356 1318 1938 1396">
    <p class='ocr_par' dir='ltr' id='par_1_14' title="bbox 356 1318 1938 1396">
     <span class='ocr_line' id='line_1_14' title="bbox 356 1318 1938 1396; baseline -0.006 -18"><span class='ocrx_word' id='word_1_81' title='bbox 356 1325 620 1378; x_wconf 83' lang='grc' dir='ltr'>ὲναντίων</span> <span class='ocrx_word' id='word_1_82' title='bbox 652 1326 685 1396; x_wconf 83' lang='grc' dir='ltr'>ἠ</span> <span class='ocrx_word' id='word_1_83' title='bbox 725 1323 1045 1394; x_wconf 82' lang='grc' dir='ltr'><strong>Ἐκκλησία,</strong></span> <span class='ocrx_word' id='word_1_84' title='bbox 1089 1322 1278 1395; x_wconf 85' lang='grc' dir='ltr'>ὥσπερ</span> <span class='ocrx_word' id='word_1_85' title='bbox 1311 1339 1363 1375; x_wconf 90' lang='grc' dir='ltr'><strong>τι</strong></span> <span class='ocrx_word' id='word_1_86' title='bbox 1404 1321 1585 1374; x_wconf 89' lang='grc' dir='ltr'>πλοῖον</span> <span class='ocrx_word' id='word_1_87' title='bbox 1613 1320 1672 1371; x_wconf 82' lang='grc' dir='ltr'>ὲν</span> <span class='ocrx_word' id='word_1_88' title='bbox 1712 1318 1938 1384; x_wconf 78' lang='grc' dir='ltr'><strong>πελάγει</strong></span> 
     </span>
    </p>
   </div>
   <div class='ocr_carea' id='block_1_15' title="bbox 358 1407 1938 1487">
    <p class='ocr_par' dir='ltr' id='par_1_15' title="bbox 358 1407 1938 1487">
     <span class='ocr_line' id='line_1_15' title="bbox 358 1407 1938 1487; baseline -0.006 -18"><span class='ocrx_word' id='word_1_89' title='bbox 358 1417 519 1487; x_wconf 84' lang='grc' dir='ltr'>μέσῳ</span> <span class='ocrx_word' id='word_1_90' title='bbox 563 1418 686 1479; x_wconf 88' lang='grc' dir='ltr'>ταῖς</span> <span class='ocrx_word' id='word_1_91' title='bbox 714 1414 1037 1486; x_wconf 80' lang='grc' dir='ltr'>ἐπαλλήλοις</span> <span class='ocrx_word' id='word_1_92' title='bbox 1066 1414 1301 1485; x_wconf 80' lang='grc' dir='ltr'>πληγαῖς</span> <span class='ocrx_word' id='word_1_93' title='bbox 1334 1411 1441 1466; x_wconf 86' lang='grc' dir='ltr'><strong>τῶν</strong></span> <span class='ocrx_word' id='word_1_94' title='bbox 1478 1411 1736 1482; x_wconf 82' lang='grc' dir='ltr'><strong>κυμάτων</strong></span> <span class='ocrx_word' id='word_1_95' title='bbox 1771 1407 1938 1479; x_wconf 86' lang='grc' dir='ltr'>βασα-</span> 
     </span>
    </p>
   </div>
   <div class='ocr_carea' id='block_1_16' title="bbox 354 1500 1937 1579">
    <p class='ocr_par' dir='ltr' id='par_1_16' title="bbox 354 1500 1937 1579">
     <span class='ocr_line' id='line_1_16' title="bbox 354 1500 1937 1579; baseline -0.005 -18"><span class='ocrx_word' id='word_1_96' title='bbox 354 1503 659 1579; x_wconf 78' lang='grc' dir='ltr'>νξζόμενον,</span> <span class='ocrx_word' id='word_1_97' title='bbox 707 1510 756 1562; x_wconf 85' lang='grc' dir='ltr'><strong>εί</strong></span> <span class='ocrx_word' id='word_1_98' title='bbox 812 1508 886 1579; x_wconf 82' lang='grc' dir='ltr'>μή</span> <span class='ocrx_word' id='word_1_99' title='bbox 938 1524 1022 1572; x_wconf 89' lang='grc' dir='ltr'><strong>τις</strong></span> <span class='ocrx_word' id='word_1_100' title='bbox 1059 1507 1268 1576; x_wconf 87' lang='grc' dir='ltr'>γένοιτο</span> <span class='ocrx_word' id='word_1_101' title='bbox 1297 1506 1487 1576; x_wconf 88' lang='grc' dir='ltr'>ταχεῖα</span> <span class='ocrx_word' id='word_1_102' title='bbox 1520 1500 1792 1573; x_wconf 78' lang='grc' dir='ltr'>ὲπισκοπὴ</span> <span class='ocrx_word' id='word_1_103' title='bbox 1837 1500 1937 1570; x_wconf 83' lang='grc' dir='ltr'>τῆς</span> 
     </span>
    </p>
   </div>
   <div class='ocr_carea' id='block_1_17' title="bbox 355 1592 1938 1671">
    <p class='ocr_par' dir='ltr' id='par_1_17' title="bbox 355 1592 1938 1671">
     <span class='ocr_line' id='line_1_17' title="bbox 355 1592 1938 1671; baseline -0.006 -20"><span class='ocrx_word' id='word_1_104' title='bbox 355 1598 693 1671; x_wconf 79' lang='grc' dir='ltr'>ἀγαθότητος</span> <span class='ocrx_word' id='word_1_105' title='bbox 718 1598 813 1652; x_wconf 87' lang='grc' dir='ltr'><strong>τοῦ</strong></span> <span class='ocrx_word' id='word_1_106' title='bbox 841 1598 1064 1669; x_wconf 80' lang='grc' dir='ltr'>Κυρίου.</span> <span class='ocrx_word' id='word_1_107' title='bbox 1100 1598 1310 1668; x_wconf 85' lang='grc' dir='ltr'>’Ὠσπερ</span> <span class='ocrx_word' id='word_1_108' title='bbox 1341 1593 1433 1649; x_wconf 80' lang='grc' dir='ltr'>οὖν</span> <span class='ocrx_word' id='word_1_109' title='bbox 1464 1597 1623 1667; x_wconf 77' lang='grc' dir='ltr'>ἡμεῖς</span> <span class='ocrx_word' id='word_1_110' title='bbox 1654 1593 1782 1646; x_wconf 76' lang='grc' dir='ltr'>ἴδιον</span> <span class='ocrx_word' id='word_1_111' title='bbox 1812 1592 1938 1644; x_wconf 79' lang='grc' dir='ltr'>ἑαυ-</span> 
     </span>
    </p>
   </div>
   <div class='ocr_carea' id='block_1_18' title="bbox 352 1680 1937 1757">
    <p class='ocr_par' dir='ltr' id='par_1_18' title="bbox 352 1680 1937 1757">
     <span class='ocr_line' id='line_1_18' title="bbox 352 1680 1937 1757; baseline -0.005 -17"><span class='ocrx_word' id='word_1_112' title='bbox 352 1687 469 1741; x_wconf 85' lang='grc' dir='ltr'><strong>τῶν</strong></span> <span class='ocrx_word' id='word_1_113' title='bbox 500 1687 704 1755; x_wconf 79' lang='grc' dir='ltr'>ἀγαθὸν</span> <span class='ocrx_word' id='word_1_114' title='bbox 730 1686 1033 1757; x_wconf 79' lang='grc' dir='ltr'>ποιούμεθα</span> <span class='ocrx_word' id='word_1_115' title='bbox 1064 1685 1161 1757; x_wconf 85' lang='grc' dir='ltr'>τὴν</span> <span class='ocrx_word' id='word_1_116' title='bbox 1192 1685 1463 1757; x_wconf 78' lang='grc' dir='ltr'>ὑμετέραν</span> <span class='ocrx_word' id='word_1_117' title='bbox 1511 1683 1648 1755; x_wconf 81' lang='grc' dir='ltr'>πρὸς</span> <span class='ocrx_word' id='word_1_118' title='bbox 1676 1680 1937 1752; x_wconf 77' lang='grc' dir='ltr'>ἀλλήλους</span> 
     </span>
    </p>
   </div>
   <div class='ocr_carea' id='block_1_19' title="bbox 354 1777 1936 1850">
    <p class='ocr_par' dir='ltr' id='par_1_19' title="bbox 354 1777 1936 1850">
     <span class='ocr_line' id='line_1_19' title="bbox 354 1777 1936 1850; baseline -0.005 -17"><span class='ocrx_word' id='word_1_119' title='bbox 354 1780 666 1850; x_wconf 86' lang='grc' dir='ltr'>σύμπνοιάν</span> <span class='ocrx_word' id='word_1_120' title='bbox 702 1796 761 1832; x_wconf 88' lang='grc' dir='ltr'><strong>τε</strong></span> <span class='ocrx_word' id='word_1_121' title='bbox 788 1779 885 1833; x_wconf 79' lang='grc' dir='ltr'>καὶ</span> <span class='ocrx_word' id='word_1_122' title='bbox 914 1778 1161 1849; x_wconf 78' lang='grc' dir='ltr'>ἑνότητα,</span> <span class='ocrx_word' id='word_1_123' title='bbox 1192 1777 1332 1831; x_wconf 76' lang='grc' dir='ltr'>οὕτω</span> <span class='ocrx_word' id='word_1_124' title='bbox 1360 1778 1454 1831; x_wconf 78' lang='grc' dir='ltr'><strong>καὶ</strong></span> <span class='ocrx_word' id='word_1_125' title='bbox 1496 1777 1640 1846; x_wconf 76' lang='grc' dir='ltr'>ὑμᾶς</span> <span class='ocrx_word' id='word_1_126' title='bbox 1683 1790 1936 1845; x_wconf 80' lang='grc' dir='ltr'>παρακα-</span> 
     </span>
    </p>
   </div>
   <div class='ocr_carea' id='block_1_20' title="bbox 2038 585 3616 657">
    <p class='ocr_par' dir='ltr' id='par_1_20' title="bbox 2038 585 3616 657">
     <span class='ocr_line' id='line_1_20' title="bbox 2038 585 3616 657; baseline 0.001 -17"><span class='ocrx_word' id='word_1_127' title='bbox 2038 586 2264 657; x_wconf 87' lang='lat' dir='ltr'><strong>quidem</strong></span> <span class='ocrx_word' id='word_1_128' title='bbox 2300 587 2577 642; x_wconf 72' lang='lat' dir='ltr'><strong>constanti</strong></span> <span class='ocrx_word' id='word_1_129' title='bbox 2606 594 2660 641; x_wconf 91' lang='lat' dir='ltr'><strong>et</strong></span> <span class='ocrx_word' id='word_1_130' title='bbox 2691 586 3002 640; x_wconf 84' lang='lat' dir='ltr'><strong>vehementi</strong></span> <span class='ocrx_word' id='word_1_131' title='bbox 3034 585 3101 640; x_wconf 88' lang='lat' dir='ltr'><strong>ad</strong></span> <span class='ocrx_word' id='word_1_132' title='bbox 3132 585 3421 641; x_wconf 90' lang='lat' dir='ltr'><strong>Dominum</strong></span> <span class='ocrx_word' id='word_1_133' title='bbox 3452 602 3616 657; x_wconf 85' lang='lat' dir='ltr'><strong>prece</strong></span> 
     </span>
    </p>
   </div>
   <div class='ocr_carea' id='block_1_21' title="bbox 2039 678 3615 750">
    <p class='ocr_par' dir='ltr' id='par_1_21' title="bbox 2039 678 3615 750">
     <span class='ocr_line' id='line_1_21' title="bbox 2039 678 3615 750; baseline 0.001 -15"><span class='ocrx_word' id='word_1_134' title='bbox 2039 682 2328 735; x_wconf 87' lang='lat' dir='ltr'><strong>nobiscum</strong></span> <span class='ocrx_word' id='word_1_135' title='bbox 2359 680 2693 747; x_wconf 85' lang='lat' dir='ltr'><strong>decertetis;</strong></span> <span class='ocrx_word' id='word_1_136' title='bbox 2722 678 2918 734; x_wconf 90' lang='lat' dir='ltr'><strong>deinde</strong></span> <span class='ocrx_word' id='word_1_137' title='bbox 2948 695 3076 734; x_wconf 86' lang='lat' dir='ltr'><strong>vero</strong></span> <span class='ocrx_word' id='word_1_138' title='bbox 3105 687 3164 733; x_wconf 91' lang='lat' dir='ltr'><strong>ut</strong></span> <span class='ocrx_word' id='word_1_139' title='bbox 3192 686 3247 735; x_wconf 90' lang='lat' dir='ltr'><strong>et</strong></span> <span class='ocrx_word' id='word_1_140' title='bbox 3276 695 3374 750; x_wconf 91' lang='lat' dir='ltr'><strong>pro</strong></span> <span class='ocrx_word' id='word_1_141' title='bbox 3403 680 3615 737; x_wconf 89' lang='lat' dir='ltr'><strong>viribus</strong></span> 
     </span>
    </p>
   </div>
   <div class='ocr_carea' id='block_1_22' title="bbox 2039 772 3612 829">
    <p class='ocr_par' dir='ltr' id='par_1_22' title="bbox 2039 772 3612 829">
     <span class='ocr_line' id='line_1_22' title="bbox 2039 772 3612 829; baseline 0.002 -3"><span class='ocrx_word' id='word_1_142' title='bbox 2039 773 2294 827; x_wconf 86' lang='lat' dir='ltr'><strong>solatium</strong></span> <span class='ocrx_word' id='word_1_143' title='bbox 2345 772 2605 828; x_wconf 84' lang='lat' dir='ltr'><strong>Ecclesiis</strong></span> <span class='ocrx_word' id='word_1_144' title='bbox 2652 773 2921 828; x_wconf 81' lang='lat' dir='ltr'><strong>atllictatis</strong></span> <span class='ocrx_word' id='word_1_145' title='bbox 2970 772 3166 828; x_wconf 82' lang='lat' dir='ltr'><strong>afferre</strong></span> <span class='ocrx_word' id='word_1_146' title='bbox 3214 789 3283 828; x_wconf 90' lang='lat' dir='ltr'><strong>ne</strong></span> <span class='ocrx_word' id='word_1_147' title='bbox 3327 774 3612 829; x_wconf 81' lang='lat' dir='ltr'><strong>recusetis.</strong></span> 
     </span>
    </p>
   </div>
   <div class='ocr_carea' id='block_1_23' title="bbox 2038 864 3616 929">
    <p class='ocr_par' dir='ltr' id='par_1_23' title="bbox 2038 864 3616 929">
     <span class='ocr_line' id='line_1_23' title="bbox 2038 864 3616 929; baseline -0.001 -10"><span class='ocrx_word' id='word_1_148' title='bbox 2038 864 2172 919; x_wconf 84' lang='lat' dir='ltr'><strong>Nam</strong></span> <span class='ocrx_word' id='word_1_149' title='bbox 2197 865 2285 919; x_wconf 90' lang='lat' dir='ltr'><strong>hic</strong></span> <span class='ocrx_word' id='word_1_150' title='bbox 2311 867 2493 921; x_wconf 88' lang='lat' dir='ltr'><strong>omnia</strong></span> <span class='ocrx_word' id='word_1_151' title='bbox 2518 865 2800 927; x_wconf 86' lang='lat' dir='ltr'><strong>fatiscunt,</strong></span> <span class='ocrx_word' id='word_1_152' title='bbox 2834 866 3030 920; x_wconf 80' lang='lat' dir='ltr'><strong>fratres</strong></span> <span class='ocrx_word' id='word_1_153' title='bbox 3048 864 3491 919; x_wconf 79' lang='lat' dir='ltr'><strong>reverendissimi</strong></span> <span class='ocrx_word' id='word_1_154' title='bbox 3514 881 3530 929; x_wconf 88' lang='lat'><strong>;</strong></span> <span class='ocrx_word' id='word_1_155' title='bbox 3558 870 3616 918; x_wconf 85' lang='lat' dir='ltr'><strong>et</strong></span> 
     </span>
    </p>
   </div>
   <div class='ocr_carea' id='block_1_24' title="bbox 2038 956 3613 1015">
    <p class='ocr_par' dir='ltr' id='par_1_24' title="bbox 2038 956 3613 1015">
     <span class='ocr_line' id='line_1_24' title="bbox 2038 956 3613 1015; baseline -0.001 -2"><span class='ocrx_word' id='word_1_156' title='bbox 2038 957 2223 1013; x_wconf 81' lang='lat' dir='ltr'><strong>deficit</strong></span> <span class='ocrx_word' id='word_1_157' title='bbox 2254 959 2320 1012; x_wconf 93' lang='lat' dir='ltr'><strong>ad</strong></span> <span class='ocrx_word' id='word_1_158' title='bbox 2353 959 2648 1015; x_wconf 90' lang='lat' dir='ltr'><strong>continuos</strong></span> <span class='ocrx_word' id='word_1_159' title='bbox 2681 960 3122 1013; x_wconf 83' lang='lat' dir='ltr'><strong>adversariorum</strong></span> <span class='ocrx_word' id='word_1_160' title='bbox 3149 959 3390 1012; x_wconf 84' lang='lat' dir='ltr'><strong>assultus</strong></span> <span class='ocrx_word' id='word_1_161' title='bbox 3427 956 3613 1012; x_wconf 83' lang='lat' dir='ltr'><strong>Eccle-</strong></span> 
     </span>
    </p>
   </div>
   <div class='ocr_carea' id='block_1_25' title="bbox 2039 1049 3625 1119">
    <p class='ocr_par' dir='ltr' id='par_1_25' title="bbox 2039 1049 3625 1119">
     <span class='ocr_line' id='line_1_25' title="bbox 2039 1049 3625 1119; baseline -0.001 -14"><span class='ocrx_word' id='word_1_162' title='bbox 2039 1050 2158 1115; x_wconf 86' lang='lat' dir='ltr'><strong>sia,</strong></span> <span class='ocrx_word' id='word_1_163' title='bbox 2212 1066 2321 1105; x_wconf 80' lang='lat' dir='ltr'><strong>non</strong></span> <span class='ocrx_word' id='word_1_164' title='bbox 2372 1067 2532 1105; x_wconf 84' lang='lat' dir='ltr'><strong>secus</strong></span> <span class='ocrx_word' id='word_1_165' title='bbox 2578 1066 2641 1104; x_wconf 91' lang='lat' dir='ltr'><strong>ac</strong></span> <span class='ocrx_word' id='word_1_166' title='bbox 2695 1050 2967 1119; x_wconf 78' lang='lat' dir='ltr'><strong>navigium</strong></span> <span class='ocrx_word' id='word_1_167' title='bbox 3011 1049 3282 1119; x_wconf 75' lang='lat' dir='ltr'><strong>quoddam</strong></span> <span class='ocrx_word' id='word_1_168' title='bbox 3335 1049 3390 1103; x_wconf 91' lang='lat' dir='ltr'><strong>in</strong></span> <span class='ocrx_word' id='word_1_169' title='bbox 3431 1049 3625 1104; x_wconf 55' lang='lat' dir='ltr'><strong>medio.</strong></span> 
     </span>
    </p>
   </div>
   <div class='ocr_carea' id='block_1_26' title="bbox 2039 1140 3613 1210">
    <p class='ocr_par' dir='ltr' id='par_1_26' title="bbox 2039 1140 3613 1210">
     <span class='ocr_line' id='line_1_26' title="bbox 2039 1140 3613 1210; baseline 0 -17"><span class='ocrx_word' id='word_1_170' title='bbox 2039 1140 2174 1193; x_wconf 88' lang='lat' dir='ltr'><strong>mari</strong></span> <span class='ocrx_word' id='word_1_171' title='bbox 2214 1140 2476 1194; x_wconf 86' lang='lat' dir='ltr'><strong>ﬂuctuum</strong></span> <span class='ocrx_word' id='word_1_172' title='bbox 2526 1141 2853 1210; x_wconf 85' lang='lat' dir='ltr'><strong>impulsibus</strong></span> <span class='ocrx_word' id='word_1_173' title='bbox 2894 1140 2998 1195; x_wconf 84' lang='lat' dir='ltr'><strong>sibi</strong></span> <span class='ocrx_word' id='word_1_174' title='bbox 3036 1141 3267 1194; x_wconf 89' lang='lat' dir='ltr'><strong>invicem</strong></span> <span class='ocrx_word' id='word_1_175' title='bbox 3310 1140 3613 1195; x_wconf 81' lang='lat' dir='ltr'><strong>succeden-</strong></span> 
     </span>
    </p>
   </div>
   <div class='ocr_carea' id='block_1_27' title="bbox 2037 1229 3607 1301">
    <p class='ocr_par' dir='ltr' id='par_1_27' title="bbox 2037 1229 3607 1301">
     <span class='ocr_line' id='line_1_27' title="bbox 2037 1229 3607 1301; baseline 0.003 -18"><span class='ocrx_word' id='word_1_176' title='bbox 2037 1230 2187 1286; x_wconf 88' lang='lat' dir='ltr'><strong>tibus</strong></span> <span class='ocrx_word' id='word_1_177' title='bbox 2234 1233 2535 1301; x_wconf 83' lang='lat' dir='ltr'><strong>agitatum;</strong></span> <span class='ocrx_word' id='word_1_178' title='bbox 2568 1232 2676 1285; x_wconf 90' lang='lat' dir='ltr'><strong>nisi</strong></span> <span class='ocrx_word' id='word_1_179' title='bbox 2716 1229 2808 1285; x_wconf 93' lang='lat' dir='ltr'><strong>Dei</strong></span> <span class='ocrx_word' id='word_1_180' title='bbox 2856 1245 2956 1285; x_wconf 87' lang='lat' dir='ltr'><strong>nos</strong></span> <span class='ocrx_word' id='word_1_181' title='bbox 3008 1230 3227 1285; x_wconf 83' lang='lat' dir='ltr'><strong>bonitas</strong></span> <span class='ocrx_word' id='word_1_182' title='bbox 3259 1231 3371 1284; x_wconf 84' lang='lat' dir='ltr'><strong>cito</strong></span> <span class='ocrx_word' id='word_1_183' title='bbox 3403 1231 3607 1287; x_wconf 82' lang='lat' dir='ltr'><strong>visitet.</strong></span> 
     </span>
    </p>
   </div>
   <div class='ocr_carea' id='block_1_28' title="bbox 2038 1322 3609 1394">
    <p class='ocr_par' dir='ltr' id='par_1_28' title="bbox 2038 1322 3609 1394">
     <span class='ocr_line' id='line_1_28' title="bbox 2038 1322 3609 1394; baseline 0 -17"><span class='ocrx_word' id='word_1_184' title='bbox 2038 1322 2506 1389; x_wconf 84' lang='lat' dir='ltr'><strong>Quemadmodum</strong></span> <span class='ocrx_word' id='word_1_185' title='bbox 2562 1324 2730 1394; x_wconf 82' lang='lat' dir='ltr'><strong>igitur</strong></span> <span class='ocrx_word' id='word_1_186' title='bbox 2776 1325 3056 1394; x_wconf 89' lang='lat' dir='ltr'><strong>proprium</strong></span> <span class='ocrx_word' id='word_1_187' title='bbox 3113 1324 3353 1393; x_wconf 72' lang='lat' dir='ltr'><strong>ipsorum</strong></span> <span class='ocrx_word' id='word_1_188' title='bbox 3405 1323 3609 1377; x_wconf 89' lang='lat' dir='ltr'><strong>bonum</strong></span> 
     </span>
    </p>
   </div>
   <div class='ocr_carea' id='block_1_29' title="bbox 2037 1415 3610 1479">
    <p class='ocr_par' dir='ltr' id='par_1_29' title="bbox 2037 1415 3610 1479">
     <span class='ocr_line' id='line_1_29' title="bbox 2037 1415 3610 1479; baseline -0.003 -10"><span class='ocrx_word' id='word_1_189' title='bbox 2037 1415 2325 1479; x_wconf 84' lang='lat' dir='ltr'><strong>ducimus,</strong></span> <span class='ocrx_word' id='word_1_190' title='bbox 2359 1424 2596 1470; x_wconf 81' lang='lat' dir='ltr'><strong>vestram</strong></span> <span class='ocrx_word' id='word_1_191' title='bbox 2633 1416 2776 1469; x_wconf 90' lang='lat' dir='ltr'><strong>inter</strong></span> <span class='ocrx_word' id='word_1_192' title='bbox 2820 1430 2920 1469; x_wconf 87' lang='lat' dir='ltr'><strong>vos</strong></span> <span class='ocrx_word' id='word_1_193' title='bbox 2962 1415 3312 1469; x_wconf 83' lang='lat' dir='ltr'><strong>concordiam</strong></span> <span class='ocrx_word' id='word_1_194' title='bbox 3341 1422 3395 1469; x_wconf 89' lang='lat' dir='ltr'><strong>et</strong></span> <span class='ocrx_word' id='word_1_195' title='bbox 3430 1415 3610 1467; x_wconf 87' lang='lat' dir='ltr'><strong>unita-</strong></span> 
     </span>
    </p>
   </div>
   <div class='ocr_carea' id='block_1_30' title="bbox 2037 1503 3611 1574">
    <p class='ocr_par' dir='ltr' id='par_1_30' title="bbox 2037 1503 3611 1574">
     <span class='ocr_line' id='line_1_30' title="bbox 2037 1503 3611 1574; baseline 0 -17"><span class='ocrx_word' id='word_1_196' title='bbox 2037 1512 2179 1571; x_wconf 89' lang='lat' dir='ltr'><strong>tem;</strong></span> <span class='ocrx_word' id='word_1_197' title='bbox 2221 1504 2292 1558; x_wconf 91' lang='lat' dir='ltr'><strong>ita</strong></span> <span class='ocrx_word' id='word_1_198' title='bbox 2322 1511 2376 1558; x_wconf 90' lang='lat' dir='ltr'><strong>et</strong></span> <span class='ocrx_word' id='word_1_199' title='bbox 2407 1519 2662 1574; x_wconf 80' lang='lat' dir='ltr'><strong>rogamus</strong></span> <span class='ocrx_word' id='word_1_200' title='bbox 2690 1543 2705 1567; x_wconf 90' lang='lat'><strong>,</strong></span> <span class='ocrx_word' id='word_1_201' title='bbox 2736 1512 2794 1557; x_wconf 92' lang='lat' dir='ltr'><strong>ut</strong></span> <span class='ocrx_word' id='word_1_202' title='bbox 2827 1512 3139 1558; x_wconf 74' lang='lat' dir='ltr'><strong>nostrazum</strong></span> <span class='ocrx_word' id='word_1_203' title='bbox 3178 1520 3274 1558; x_wconf 89' lang='lat' dir='ltr'><strong>vos</strong></span> <span class='ocrx_word' id='word_1_204' title='bbox 3307 1503 3611 1559; x_wconf 89' lang='lat' dir='ltr'><strong>dissensio-</strong></span> 
     </span>
    </p>
   </div>
   <div class='ocr_carea' id='block_1_31' title="bbox 2036 1595 3614 1665">
    <p class='ocr_par' dir='ltr' id='par_1_31' title="bbox 2036 1595 3614 1665">
     <span class='ocr_line' id='line_1_31' title="bbox 2036 1595 3614 1665; baseline -0.001 -16"><span class='ocrx_word' id='word_1_205' title='bbox 2036 1611 2168 1649; x_wconf 89' lang='lat' dir='ltr'><strong>num</strong></span> <span class='ocrx_word' id='word_1_206' title='bbox 2197 1596 2491 1662; x_wconf 79' lang='lat' dir='ltr'><strong>misereat;</strong></span> <span class='ocrx_word' id='word_1_207' title='bbox 2522 1611 2623 1650; x_wconf 86' lang='lat' dir='ltr'><strong>nec</strong></span> <span class='ocrx_word' id='word_1_208' title='bbox 2647 1635 2663 1660; x_wconf 92' lang='lat'><strong>,</strong></span> <span class='ocrx_word' id='word_1_209' title='bbox 2709 1597 2840 1665; x_wconf 87' lang='lat' dir='ltr'><strong>quia</strong></span> <span class='ocrx_word' id='word_1_210' title='bbox 2890 1596 3132 1650; x_wconf 86' lang='lat' dir='ltr'><strong>locorum</strong></span> <span class='ocrx_word' id='word_1_211' title='bbox 3166 1596 3272 1649; x_wconf 91' lang='lat' dir='ltr'><strong>situ</strong></span> <span class='ocrx_word' id='word_1_212' title='bbox 3312 1595 3490 1649; x_wconf 87' lang='lat' dir='ltr'><strong>dissiti</strong></span> <span class='ocrx_word' id='word_1_213' title='bbox 3520 1611 3614 1648; x_wconf 79' lang='lat' dir='ltr'><strong>su—</strong></span> 
     </span>
    </p>
   </div>
   <div class='ocr_carea' id='block_1_32' title="bbox 2037 1685 3614 1757">
    <p class='ocr_par' dir='ltr' id='par_1_32' title="bbox 2037 1685 3614 1757">
     <span class='ocr_line' id='line_1_32' title="bbox 2037 1685 3614 1757; baseline 0 -17"><span class='ocrx_word' id='word_1_214' title='bbox 2037 1702 2185 1750; x_wconf 89' lang='lat' dir='ltr'><strong>mus,</strong></span> <span class='ocrx_word' id='word_1_215' title='bbox 2238 1702 2340 1741; x_wconf 90' lang='lat' dir='ltr'><strong>nos</strong></span> <span class='ocrx_word' id='word_1_216' title='bbox 2382 1702 2412 1741; x_wconf 87' lang='lat' dir='ltr'><strong>a</strong></span> <span class='ocrx_word' id='word_1_217' title='bbox 2461 1688 2621 1742; x_wconf 90' lang='lat' dir='ltr'><strong>vobis</strong></span> <span class='ocrx_word' id='word_1_218' title='bbox 2669 1687 3007 1757; x_wconf 88' lang='lat' dir='ltr'><strong>sejungatis,</strong></span> <span class='ocrx_word' id='word_1_219' title='bbox 3061 1687 3154 1740; x_wconf 90' lang='lat' dir='ltr'><strong>sed</strong></span> <span class='ocrx_word' id='word_1_220' title='bbox 3205 1686 3332 1755; x_wconf 84' lang='lat' dir='ltr'><strong>quia</strong></span> <span class='ocrx_word' id='word_1_221' title='bbox 3374 1685 3614 1757; x_wconf 75' lang='lat' dir='ltr'><strong>Spiritus</strong></span> 
     </span>
    </p>
   </div>
   <div class='ocr_carea' id='block_1_33' title="bbox 2039 1777 3619 1848">
    <p class='ocr_par' dir='ltr' id='par_1_33' title="bbox 2039 1777 3619 1848">
     <span class='ocr_line' id='line_1_33' title="bbox 2039 1777 3619 1848; baseline 0.001 -17"><span class='ocrx_word' id='word_1_222' title='bbox 2039 1780 2428 1833; x_wconf 88' lang='lat' dir='ltr'><strong>communione</strong></span> <span class='ocrx_word' id='word_1_223' title='bbox 2476 1778 2897 1847; x_wconf 73' lang='lat' dir='ltr'><strong>conimgimur,</strong></span> <span class='ocrx_word' id='word_1_224' title='bbox 2930 1793 3033 1833; x_wconf 87' lang='lat' dir='ltr'><strong>nos</strong></span> <span class='ocrx_word' id='word_1_225' title='bbox 3074 1777 3130 1832; x_wconf 88' lang='lat' dir='ltr'><strong>in</strong></span> <span class='ocrx_word' id='word_1_226' title='bbox 3164 1778 3328 1833; x_wconf 89' lang='lat' dir='ltr'><strong>unius</strong></span> <span class='ocrx_word' id='word_1_227' title='bbox 3366 1777 3619 1848; x_wconf 83' lang='lat' dir='ltr'><strong>corporis</strong></span> 
     </span>
    </p>
   </div>
   <div class='ocr_carea' id='block_1_34' title="bbox 350 1854 1927 1942">
    <p class='ocr_par' dir='ltr' id='par_1_34' title="bbox 350 1864 1927 1942">
     <span class='ocr_line' id='line_1_34' title="bbox 350 1864 1927 1942; baseline -0.003 -19"><span class='ocrx_word' id='word_1_228' title='bbox 350 1870 558 1941; x_wconf 88' lang='grc' dir='ltr'>λοῦμεν</span> <span class='ocrx_word' id='word_1_229' title='bbox 596 1870 948 1942; x_wconf 71' lang='grc' dir='ltr'>ωμπαθῆσαι</span> <span class='ocrx_word' id='word_1_230' title='bbox 978 1870 1139 1941; x_wconf 81' lang='grc' dir='ltr'>ήμῶν.</span> <span class='ocrx_word' id='word_1_231' title='bbox 1171 1872 1291 1934; x_wconf 89' lang='grc' dir='ltr'>ταῖς</span> <span class='ocrx_word' id='word_1_232' title='bbox 1322 1869 1652 1939; x_wconf 69' lang='grc' dir='ltr'>διαιρέσεσι*</span> <span class='ocrx_word' id='word_1_233' title='bbox 1701 1866 1797 1920; x_wconf 73' lang='grc' dir='ltr'><strong>κα)⁵</strong></span> <span class='ocrx_word' id='word_1_234' title='bbox 1841 1864 1927 1937; x_wconf 64' lang='grc' dir='ltr'>μὴ,</span> 
     </span>
    </p>
   </div>
   <div class='ocr_carea' id='block_1_35' title="bbox 2035 1854 2727 1942">
    <p class='ocr_par' dir='ltr' id='par_1_35' title="bbox 2040 1869 2727 1923">
     <span class='ocr_line' id='line_1_35' title="bbox 2040 1869 2727 1923; baseline 0.003 -3"><span class='ocrx_word' id='word_1_235' title='bbox 2040 1878 2366 1923; x_wconf 87' lang='lat' dir='ltr'><strong>concentum</strong></span> <span class='ocrx_word' id='word_1_236' title='bbox 2400 1869 2727 1923; x_wconf 83' lang='lat' dir='ltr'><strong>admittatis.</strong></span> 
     </span>
    </p>
   </div>
   <div class='ocr_carea' id='block_1_36' title="bbox 349 1959 3615 2035">
    <p class='ocr_par' dir='ltr' id='par_1_36' title="bbox 349 1959 3615 2035">
     <span class='ocr_line' id='line_1_36' title="bbox 349 1959 3615 2035; baseline -0.001 -17"><span class='ocrx_word' id='word_1_237' title='bbox 349 1965 437 2019; x_wconf 77' lang='grc' dir='ltr'>ὗτι</span> <span class='ocrx_word' id='word_1_238' title='bbox 489 1966 556 2035; x_wconf 77' lang='grc' dir='ltr'><strong>τῇ</strong></span> <span class='ocrx_word' id='word_1_239' title='bbox 623 1962 770 2016; x_wconf 86' lang='grc' dir='ltr'>θέσει</span> <span class='ocrx_word' id='word_1_240' title='bbox 827 1962 936 2015; x_wconf 84' lang='grc' dir='ltr'><strong>τῶν</strong></span> <span class='ocrx_word' id='word_1_241' title='bbox 990 1961 1174 2016; x_wconf 86' lang='grc' dir='ltr'>τόπων</span> <span class='ocrx_word' id='word_1_242' title='bbox 1230 1961 1630 2032; x_wconf 83' lang='grc' dir='ltr'>διεστήκαμεν,</span> <span class='ocrx_word' id='word_1_243' title='bbox 1681 1959 1934 2031; x_wconf 74' lang='grc' dir='ltr'>χωρίζειν</span> <span class='ocrx_word' id='word_1_244' title='bbox 2002 1960 2152 2030; x_wconf 77' lang='grc' dir='ltr'>ἡμᾶς</span> <span class='ocrx_word' id='word_1_245' title='bbox 2202 1961 2295 2029; x_wconf 86' lang='grc' dir='ltr'><strong>ἀφ’</strong></span> <span class='ocrx_word' id='word_1_246' title='bbox 2362 1961 2590 2025; x_wconf 79' lang='grc' dir='ltr'>ἑαυτῶν,</span> <span class='ocrx_word' id='word_1_247' title='bbox 2634 1961 2775 2030; x_wconf 61' lang='grc' dir='ltr'>ἀλλύ</span> <span class='ocrx_word' id='word_1_248' title='bbox 2797 1962 2878 2014; x_wconf 79' lang='grc' dir='ltr'>ὅτι</span> <span class='ocrx_word' id='word_1_249' title='bbox 2935 1960 3203 2032; x_wconf 77' lang='grc' dir='ltr'>ἑνούμεθα</span> <span class='ocrx_word' id='word_1_250' title='bbox 3246 1964 3314 2032; x_wconf 80' lang='grc' dir='ltr'>τῇ</span> <span class='ocrx_word' id='word_1_251' title='bbox 3359 1960 3500 2016; x_wconf 88' lang='grc' dir='ltr'><strong>κατά</strong></span> <span class='ocrx_word' id='word_1_252' title='bbox 3553 1959 3615 2015; x_wconf 79' lang='grc' dir='ltr'>τὸ</span> 
     </span>
    </p>
   </div>
   <div class='ocr_carea' id='block_1_37' title="bbox 350 2054 2571 2128">
    <p class='ocr_par' dir='ltr' id='par_1_37' title="bbox 350 2054 2571 2128">
     <span class='ocr_line' id='line_1_37' title="bbox 350 2054 2571 2128; baseline -0 -18"><span class='ocrx_word' id='word_1_253' title='bbox 350 2056 580 2127; x_wconf 84' lang='grc' dir='ltr'>Πνεῦμα</span> <span class='ocrx_word' id='word_1_254' title='bbox 610 2056 882 2128; x_wconf 75' lang='grc' dir='ltr'>κοινωνίᾳ,</span> <span class='ocrx_word' id='word_1_255' title='bbox 913 2057 993 2119; x_wconf 86' lang='grc' dir='ltr'><strong>είς</strong></span> <span class='ocrx_word' id='word_1_256' title='bbox 1035 2056 1135 2126; x_wconf 84' lang='grc' dir='ltr'>τὴν</span> <span class='ocrx_word' id='word_1_257' title='bbox 1182 2056 1299 2120; x_wconf 79' lang='grc' dir='ltr'>ἑνὸς</span> <span class='ocrx_word' id='word_1_258' title='bbox 1330 2056 1580 2126; x_wconf 83' lang='grc' dir='ltr'>σώματος</span> <span class='ocrx_word' id='word_1_259' title='bbox 1609 2056 1756 2126; x_wconf 74' lang='grc' dir='ltr'>ἡμᾶς</span> <span class='ocrx_word' id='word_1_260' title='bbox 1796 2054 2115 2124; x_wconf 80' lang='grc' dir='ltr'>συμφωνίαν</span> <span class='ocrx_word' id='word_1_261' title='bbox 2147 2055 2571 2125; x_wconf 81' lang='grc' dir='ltr'>ἀναλαμϐάνειν.</span> 
     </span>
    </p>
   </div>
   <div class='ocr_carea' id='block_1_38' title="bbox 423 2142 1934 2218">
    <p class='ocr_par' dir='ltr' id='par_1_38' title="bbox 423 2142 1934 2218">
     <span class='ocr_line' id='line_1_38' title="bbox 423 2142 1934 2218; baseline -0.003 -18"><span class='ocrx_word' id='word_1_262' title='bbox 423 2146 478 2200; x_wconf 74' lang='grc'>2.</span> <span class='ocrx_word' id='word_1_263' title='bbox 519 2147 560 2201; x_wconf 89' lang='grc' dir='ltr'><strong>Γ</strong></span> <span class='ocrx_word' id='word_1_264' title='bbox 573 2145 777 2218; x_wconf 69' lang='grc' dir='ltr'>ιώριμα</span> <span class='ocrx_word' id='word_1_265' title='bbox 819 2147 878 2200; x_wconf 83' lang='grc' dir='ltr'>δὲ</span> <span class='ocrx_word' id='word_1_266' title='bbox 922 2145 986 2199; x_wconf 80' lang='grc' dir='ltr'>τὰ</span> <span class='ocrx_word' id='word_1_267' title='bbox 1022 2145 1271 2200; x_wconf 75' lang='grc' dir='ltr'>θλίϐοντα</span> <span class='ocrx_word' id='word_1_268' title='bbox 1313 2147 1483 2217; x_wconf 79' lang='grc' dir='ltr'>ἡμᾶς,</span> <span class='ocrx_word' id='word_1_269' title='bbox 1518 2145 1619 2199; x_wconf 82' lang='grc' dir='ltr'>κᾶν</span> <span class='ocrx_word' id='word_1_270' title='bbox 1650 2146 1811 2215; x_wconf 79' lang='grc' dir='ltr'>ἡμεῖς</span> <span class='ocrx_word' id='word_1_271' title='bbox 1859 2142 1934 2214; x_wconf 84' lang='grc' dir='ltr'>μὴ</span> 
     </span>
    </p>
   </div>
   <div class='ocr_carea' id='block_1_39' title="bbox 347 2235 1932 2309">
    <p class='ocr_par' dir='ltr' id='par_1_39' title="bbox 347 2235 1932 2309">
     <span class='ocr_line' id='line_1_39' title="bbox 347 2235 1932 2309; baseline -0.001 -19"><span class='ocrx_word' id='word_1_272' title='bbox 347 2236 630 2309; x_wconf 83' lang='grc' dir='ltr'>λέγωμεν·</span> <span class='ocrx_word' id='word_1_273' title='bbox 668 2239 748 2301; x_wconf 88' lang='grc' dir='ltr'><strong>είς</strong></span> <span class='ocrx_word' id='word_1_274' title='bbox 780 2239 960 2291; x_wconf 77' lang='grc' dir='ltr'>πᾶσαν</span> <span class='ocrx_word' id='word_1_275' title='bbox 986 2237 1094 2309; x_wconf 73' lang='grc' dir='ltr'><strong>γὰρ</strong></span> <span class='ocrx_word' id='word_1_276' title='bbox 1128 2237 1227 2309; x_wconf 83' lang='grc' dir='ltr'>τὴν</span> <span class='ocrx_word' id='word_1_277' title='bbox 1252 2238 1581 2308; x_wconf 81' lang='grc' dir='ltr'>οἰκουμένην</span> <span class='ocrx_word' id='word_1_278' title='bbox 1610 2235 1796 2289; x_wconf 86' lang='grc' dir='ltr'>λοιπὸν</span> <span class='ocrx_word' id='word_1_279' title='bbox 1822 2235 1932 2305; x_wconf 71' lang='grc'><strong>(12)</strong></span> 
     </span>
    </p>
   </div>
   <div class='ocr_carea' id='block_1_40' title="bbox 348 2328 1932 2402">
    <p class='ocr_par' dir='ltr' id='par_1_40' title="bbox 348 2328 1932 2402">
     <span class='ocr_line' id='line_1_40' title="bbox 348 2328 1932 2402; baseline -0.001 -18"><span class='ocrx_word' id='word_1_280' title='bbox 348 2330 630 2402; x_wconf 69' lang='grc' dir='ltr'>ἐξήχηται.</span> <span class='ocrx_word' id='word_1_281' title='bbox 685 2331 1182 2402; x_wconf 83' lang='grc' dir='ltr'>Καταπεφρόνηται</span> <span class='ocrx_word' id='word_1_282' title='bbox 1248 2330 1317 2384; x_wconf 83' lang='grc' dir='ltr'>τὰ</span> <span class='ocrx_word' id='word_1_283' title='bbox 1371 2330 1482 2383; x_wconf 89' lang='grc' dir='ltr'><strong>τῶν</strong></span> <span class='ocrx_word' id='word_1_284' title='bbox 1536 2330 1795 2400; x_wconf 87' lang='grc' dir='ltr'>Πατέρων</span> <span class='ocrx_word' id='word_1_285' title='bbox 1844 2328 1932 2382; x_wconf 86' lang='grc' dir='ltr'>δο-</span> 
     </span>
    </p>
   </div>
   <div class='ocr_carea' id='block_1_41' title="bbox 347 2420 1928 2493">
    <p class='ocr_par' dir='ltr' id='par_1_41' title="bbox 347 2420 1928 2493">
     <span class='ocr_line' id='line_1_41' title="bbox 347 2420 1928 2493; baseline -0.001 -18"><span class='ocrx_word' id='word_1_286' title='bbox 347 2438 538 2492; x_wconf 84' lang='grc' dir='ltr'>γματα</span> <span class='ocrx_word' id='word_1_287' title='bbox 558 2438 572 2453; x_wconf 93' lang='grc'><strong>·</strong></span> <span class='ocrx_word' id='word_1_288' title='bbox 605 2423 961 2476; x_wconf 68' lang='grc' dir='ltr'><strong>ἀποστολικα)¹</strong></span> <span class='ocrx_word' id='word_1_289' title='bbox 994 2421 1321 2493; x_wconf 81' lang='grc' dir='ltr'>παραδόσεις</span> <span class='ocrx_word' id='word_1_290' title='bbox 1356 2420 1737 2486; x_wconf 78' lang='grc' dir='ltr'>ὲξουδένωνται</span> <span class='ocrx_word' id='word_1_291' title='bbox 1782 2420 1892 2490; x_wconf 73' lang='grc'><strong>(15)</strong></span> <span class='ocrx_word' id='word_1_292' title='bbox 1913 2437 1928 2451; x_wconf 89' lang='grc'><strong>·</strong></span> 
     </span>
    </p>
   </div>
   <div class='ocr_carea' id='block_1_42' title="bbox 349 2512 1933 2586">
    <p class='ocr_par' dir='ltr' id='par_1_42' title="bbox 349 2512 1933 2586">
     <span class='ocr_line' id='line_1_42' title="bbox 349 2512 1933 2586; baseline -0.001 -18"><span class='ocrx_word' id='word_1_293' title='bbox 349 2515 759 2586; x_wconf 85' lang='grc' dir='ltr'>νεωτεροποιῶν</span> <span class='ocrx_word' id='word_1_294' title='bbox 797 2514 1101 2586; x_wconf 86' lang='grc' dir='ltr'>ἀνθρώπων</span> <span class='ocrx_word' id='word_1_295' title='bbox 1145 2514 1493 2586; x_wconf 79' lang='grc' dir='ltr'>ἐφευρέματα</span> <span class='ocrx_word' id='word_1_296' title='bbox 1531 2516 1651 2577; x_wconf 89' lang='grc' dir='ltr'>ταῖς</span> <span class='ocrx_word' id='word_1_297' title='bbox 1703 2512 1933 2583; x_wconf 86' lang='grc' dir='ltr'>Ἐκκλη-</span> 
     </span>
    </p>
   </div>
   <div class='ocr_carea' id='block_1_43' title="bbox 350 2604 1933 2678">
    <p class='ocr_par' dir='ltr' id='par_1_43' title="bbox 350 2604 1933 2678">
     <span class='ocr_line' id='line_1_43' title="bbox 350 2604 1933 2678; baseline -0.002 -18"><span class='ocrx_word' id='word_1_298' title='bbox 350 2609 498 2669; x_wconf 87' lang='grc' dir='ltr'>σίαις</span> <span class='ocrx_word' id='word_1_299' title='bbox 522 2607 935 2678; x_wconf 80' lang='grc' dir='ltr'>ὲμπολιτεύεται</span> <span class='ocrx_word' id='word_1_300' title='bbox 958 2624 972 2638; x_wconf 76' lang='grc' dir='ltr'><strong>ο</strong></span> <span class='ocrx_word' id='word_1_301' title='bbox 1006 2606 1381 2677; x_wconf 84' lang='grc' dir='ltr'>τεχνολογοῦσι</span> <span class='ocrx_word' id='word_1_302' title='bbox 1414 2606 1620 2670; x_wconf 87' lang='grc' dir='ltr'>λοιπὸν,</span> <span class='ocrx_word' id='word_1_303' title='bbox 1653 2605 1713 2658; x_wconf 87' lang='grc' dir='ltr'><strong>ού</strong></span> <span class='ocrx_word' id='word_1_304' title='bbox 1755 2604 1933 2659; x_wconf 90' lang='grc' dir='ltr'>θεολο-</span> 
     </span>
    </p>
   </div>
   <div class='ocr_carea' id='block_1_44' title="bbox 347 2696 1931 2770">
    <p class='ocr_par' dir='ltr' id='par_1_44' title="bbox 347 2696 1931 2770">
     <span class='ocr_line' id='line_1_44' title="bbox 347 2696 1931 2770; baseline -0.001 -19"><span class='ocrx_word' id='word_1_305' title='bbox 347 2698 538 2767; x_wconf 86' lang='grc' dir='ltr'>γοῦσιν</span> <span class='ocrx_word' id='word_1_306' title='bbox 567 2699 617 2750; x_wconf 83' lang='grc' dir='ltr'>οἱ</span> <span class='ocrx_word' id='word_1_307' title='bbox 645 2698 951 2769; x_wconf 78' lang='grc' dir='ltr'>ἀνθρωποιο</span> <span class='ocrx_word' id='word_1_308' title='bbox 982 2700 1015 2770; x_wconf 82' lang='grc' dir='ltr'><strong>ή</strong></span> <span class='ocrx_word' id='word_1_309' title='bbox 1043 2698 1137 2751; x_wconf 85' lang='grc' dir='ltr'><strong>τοῦ</strong></span> <span class='ocrx_word' id='word_1_310' title='bbox 1169 2700 1374 2768; x_wconf 84' lang='grc' dir='ltr'>κόσμου</span> <span class='ocrx_word' id='word_1_311' title='bbox 1409 2698 1570 2766; x_wconf 84' lang='grc' dir='ltr'>σοφία</span> <span class='ocrx_word' id='word_1_312' title='bbox 1595 2696 1663 2751; x_wconf 79' lang='grc' dir='ltr'><strong>τὰ</strong></span> <span class='ocrx_word' id='word_1_313' title='bbox 1689 2698 1931 2769; x_wconf 83' lang='grc' dir='ltr'>πρωτεῖα</span> 
     </span>
    </p>
   </div>
   <div class='ocr_carea' id='block_1_45' title="bbox 349 2789 1933 2864">
    <p class='ocr_par' dir='ltr' id='par_1_45' title="bbox 349 2789 1933 2864">
     <span class='ocr_line' id='line_1_45' title="bbox 349 2789 1933 2864; baseline -0.003 -20"><span class='ocrx_word' id='word_1_314' title='bbox 349 2790 597 2864; x_wconf 85' lang='grc' dir='ltr'>φέρεται,</span> <span class='ocrx_word' id='word_1_315' title='bbox 624 2792 993 2862; x_wconf 75' lang='grc' dir='ltr'>παρωσαμένη</span> <span class='ocrx_word' id='word_1_316' title='bbox 1024 2791 1085 2843; x_wconf 78' lang='grc' dir='ltr'><strong>τὸ</strong></span> <span class='ocrx_word' id='word_1_317' title='bbox 1108 2789 1370 2861; x_wconf 87' lang='grc' dir='ltr'>καύχημα</span> <span class='ocrx_word' id='word_1_318' title='bbox 1395 2790 1489 2843; x_wconf 87' lang='grc' dir='ltr'><strong>τοῦ</strong></span> <span class='ocrx_word' id='word_1_319' title='bbox 1519 2789 1774 2861; x_wconf 85' lang='grc' dir='ltr'>σταυροῦ.</span> <span class='ocrx_word' id='word_1_320' title='bbox 1806 2791 1933 2843; x_wconf 90' lang='grc' dir='ltr'>Ποι-</span> 
     </span>
    </p>
   </div>
   <div class='ocr_carea' id='block_1_46' title="bbox 351 2876 1927 2949">
    <p class='ocr_par' dir='ltr' id='par_1_46' title="bbox 351 2876 1927 2949">
     <span class='ocr_line' id='line_1_46' title="bbox 351 2876 1927 2949; baseline 0 -20"><span class='ocrx_word' id='word_1_321' title='bbox 351 2877 512 2947; x_wconf 86' lang='grc' dir='ltr'>μένες</span> <span class='ocrx_word' id='word_1_322' title='bbox 540 2877 956 2941; x_wconf 80' lang='grc' dir='ltr'>ἀπελαύνονται,</span> <span class='ocrx_word' id='word_1_323' title='bbox 986 2878 1394 2946; x_wconf 83' lang='grc' dir='ltr'>ἀντεισάγονται</span> <span class='ocrx_word' id='word_1_324' title='bbox 1428 2877 1483 2930; x_wconf 79' lang='grc' dir='ltr'>δὲ</span> <span class='ocrx_word' id='word_1_325' title='bbox 1526 2876 1680 2932; x_wconf 78' lang='grc' dir='ltr'>λύκοι</span> <span class='ocrx_word' id='word_1_326' title='bbox 1723 2876 1927 2949; x_wconf 87' lang='grc' dir='ltr'>βαρεῖς,</span> 
     </span>
    </p>
   </div>
   <div class='ocr_carea' id='block_1_47' title="bbox 346 2965 1931 3041">
    <p class='ocr_par' dir='ltr' id='par_1_47' title="bbox 346 2965 1931 3041">
     <span class='ocr_line' id='line_1_47' title="bbox 346 2965 1931 3041; baseline 0.002 -22"><span class='ocrx_word' id='word_1_327' title='bbox 346 2968 685 3032; x_wconf 82' lang='grc' dir='ltr'>διασπῶντες</span> <span class='ocrx_word' id='word_1_328' title='bbox 722 2968 783 3037; x_wconf 65' lang='grc' dir='ltr'>τὸ</span> <span class='ocrx_word' id='word_1_329' title='bbox 829 2969 1077 3039; x_wconf 88' lang='grc' dir='ltr'>ποίμνιον</span> <span class='ocrx_word' id='word_1_330' title='bbox 1101 2969 1197 3022; x_wconf 90' lang='grc' dir='ltr'><strong>τοῦ</strong></span> <span class='ocrx_word' id='word_1_331' title='bbox 1228 2968 1464 3041; x_wconf 79' lang='grc' dir='ltr'>Χριστοῦ</span> <span class='ocrx_word' id='word_1_332' title='bbox 1519 2969 1627 3041; x_wconf 74' lang='grc'><strong>(14)</strong></span> <span class='ocrx_word' id='word_1_333' title='bbox 1657 2965 1809 3023; x_wconf 81' lang='grc' dir='ltr'>Οἷκοι</span> <span class='ocrx_word' id='word_1_334' title='bbox 1840 2969 1931 3022; x_wconf 85' lang='grc' dir='ltr'><strong>εὐ-</strong></span> 
     </span>
    </p>
   </div>
   <div class='ocr_carea' id='block_1_48' title="bbox 347 3059 1929 3132">
    <p class='ocr_par' dir='ltr' id='par_1_48' title="bbox 347 3059 1929 3132">
     <span class='ocr_line' id='line_1_48' title="bbox 347 3059 1929 3132; baseline -0.001 -19"><span class='ocrx_word' id='word_1_335' title='bbox 347 3060 598 3132; x_wconf 82' lang='grc' dir='ltr'>κτήριοι,</span> <span class='ocrx_word' id='word_1_336' title='bbox 633 3059 827 3131; x_wconf 81' lang='grc' dir='ltr'>ἔρημοι</span> <span class='ocrx_word' id='word_1_337' title='bbox 884 3060 992 3113; x_wconf 83' lang='grc' dir='ltr'><strong>τῶν</strong></span> <span class='ocrx_word' id='word_1_338' title='bbox 1044 3060 1544 3129; x_wconf 58' lang='grc' dir='ltr'>ἐκκλησιαζόντων</span> <span class='ocrx_word' id='word_1_339' title='bbox 1590 3060 1647 3114; x_wconf 81' lang='grc' dir='ltr'><strong>αί</strong></span> <span class='ocrx_word' id='word_1_340' title='bbox 1702 3060 1929 3131; x_wconf 83' lang='grc' dir='ltr'>ὲρημίαι</span> 
     </span>
    </p>
   </div>
   <div class='ocr_carea' id='block_1_49' title="bbox 2109 2144 3613 2211">
    <p class='ocr_par' dir='ltr' id='par_1_49' title="bbox 2109 2144 3613 2211">
     <span class='ocr_line' id='line_1_49' title="bbox 2109 2144 3613 2211; baseline 0.004 -13"><span class='ocrx_word' id='word_1_341' title='bbox 2109 2144 2165 2198; x_wconf 71' lang='lat'><strong>2.</strong></span> <span class='ocrx_word' id='word_1_342' title='bbox 2210 2144 2362 2201; x_wconf 68' lang='lat' dir='ltr'><strong>Nota:</strong></span> <span class='ocrx_word' id='word_1_343' title='bbox 2410 2157 2590 2203; x_wconf 89' lang='lat' dir='ltr'><strong>autem</strong></span> <span class='ocrx_word' id='word_1_344' title='bbox 2643 2147 2986 2203; x_wconf 88' lang='lat' dir='ltr'><strong>calamitates</strong></span> <span class='ocrx_word' id='word_1_345' title='bbox 3040 2155 3273 2211; x_wconf 67' lang='lat' dir='ltr'><strong>nostrae,</strong></span> <span class='ocrx_word' id='word_1_346' title='bbox 3322 2149 3407 2201; x_wconf 91' lang='lat' dir='ltr'><strong>vel</strong></span> <span class='ocrx_word' id='word_1_347' title='bbox 3451 2147 3613 2205; x_wconf 86' lang='lat' dir='ltr'><strong>nobis</strong></span> 
     </span>
    </p>
   </div>
   <div class='ocr_carea' id='block_1_50' title="bbox 2036 2239 3612 2310">
    <p class='ocr_par' dir='ltr' id='par_1_50' title="bbox 2036 2239 3612 2310">
     <span class='ocr_line' id='line_1_50' title="bbox 2036 2239 3612 2310; baseline 0.003 -20"><span class='ocrx_word' id='word_1_348' title='bbox 2036 2239 2385 2293; x_wconf 88' lang='lat' dir='ltr'><strong>tacentibus:</strong></span> <span class='ocrx_word' id='word_1_349' title='bbox 2422 2240 2691 2310; x_wconf 74' lang='lat' dir='ltr'><strong>siquidem</strong></span> <span class='ocrx_word' id='word_1_350' title='bbox 2748 2254 2846 2309; x_wconf 86' lang='lat' dir='ltr'><strong>per</strong></span> <span class='ocrx_word' id='word_1_351' title='bbox 2892 2248 3065 2293; x_wconf 89' lang='lat' dir='ltr'><strong>totum</strong></span> <span class='ocrx_word' id='word_1_352' title='bbox 3106 2248 3383 2296; x_wconf 88' lang='lat' dir='ltr'><strong>terrenum</strong></span> <span class='ocrx_word' id='word_1_353' title='bbox 3424 2242 3612 2295; x_wconf 86' lang='lat' dir='ltr'><strong>orbem</strong></span> 
     </span>
    </p>
   </div>
   <div class='ocr_carea' id='block_1_51' title="bbox 2043 2327 3612 2399">
    <p class='ocr_par' dir='ltr' id='par_1_51' title="bbox 2043 2327 3612 2399">
     <span class='ocr_line' id='line_1_51' title="bbox 2043 2327 3612 2399; baseline 0.001 -16"><span class='ocrx_word' id='word_1_354' title='bbox 2043 2327 2202 2398; x_wconf 70' lang='lat'><strong>182</strong></span> <span class='ocrx_word' id='word_1_355' title='bbox 2251 2329 2367 2397; x_wconf 82' lang='lat' dir='ltr'><strong>jam</strong></span> <span class='ocrx_word' id='word_1_356' title='bbox 2417 2340 2843 2399; x_wconf 87' lang='lat' dir='ltr'><strong>personuerunt.</strong></span> <span class='ocrx_word' id='word_1_357' title='bbox 2894 2330 3336 2386; x_wconf 87' lang='lat' dir='ltr'><strong>Contenmunlur</strong></span> <span class='ocrx_word' id='word_1_358' title='bbox 3389 2330 3612 2385; x_wconf 79' lang='lat' dir='ltr'><strong>Patrum</strong></span> 
     </span>
    </p>
   </div>
   <div class='ocr_carea' id='block_1_52' title="bbox 2036 2421 3616 2494">
    <p class='ocr_par' dir='ltr' id='par_1_52' title="bbox 2036 2421 3616 2494">
     <span class='ocr_line' id='line_1_52' title="bbox 2036 2421 3616 2494; baseline 0.002 -20"><span class='ocrx_word' id='word_1_359' title='bbox 2036 2421 2322 2490; x_wconf 82' lang='lat' dir='ltr'><strong>dogmata;</strong></span> <span class='ocrx_word' id='word_1_360' title='bbox 2351 2424 2505 2477; x_wconf 90' lang='lat' dir='ltr'><strong>nullo</strong></span> <span class='ocrx_word' id='word_1_361' title='bbox 2537 2439 2770 2478; x_wconf 79' lang='lat' dir='ltr'><strong>numero</strong></span> <span class='ocrx_word' id='word_1_362' title='bbox 2805 2425 3076 2479; x_wconf 82' lang='lat' dir='ltr'><strong>habentur</strong></span> <span class='ocrx_word' id='word_1_363' title='bbox 3108 2425 3425 2494; x_wconf 77' lang='lat' dir='ltr'><strong>apostolica:</strong></span> <span class='ocrx_word' id='word_1_364' title='bbox 3445 2425 3616 2477; x_wconf 87' lang='lat' dir='ltr'><strong>tradi-</strong></span> 
     </span>
    </p>
   </div>
   <div class='ocr_carea' id='block_1_53' title="bbox 2035 2513 3612 2589">
    <p class='ocr_par' dir='ltr' id='par_1_53' title="bbox 2035 2513 3612 2589">
     <span class='ocr_line' id='line_1_53' title="bbox 2035 2513 3612 2589; baseline 0.005 -23"><span class='ocrx_word' id='word_1_365' title='bbox 2035 2513 2253 2578; x_wconf 89' lang='lat' dir='ltr'><strong>tiones;</strong></span> <span class='ocrx_word' id='word_1_366' title='bbox 2300 2526 2624 2570; x_wconf 90' lang='lat' dir='ltr'><strong>novatornm</strong></span> <span class='ocrx_word' id='word_1_367' title='bbox 2668 2517 2887 2571; x_wconf 85' lang='lat' dir='ltr'><strong>inventa</strong></span> <span class='ocrx_word' id='word_1_368' title='bbox 2938 2525 3170 2589; x_wconf 80' lang='lat' dir='ltr'><strong>regnant</strong></span> <span class='ocrx_word' id='word_1_369' title='bbox 3215 2518 3271 2571; x_wconf 94' lang='lat' dir='ltr'><strong>in</strong></span> <span class='ocrx_word' id='word_1_370' title='bbox 3314 2516 3612 2574; x_wconf 84' lang='lat' dir='ltr'><strong>Ecclesiis:</strong></span> 
     </span>
    </p>
   </div>
   <div class='ocr_carea' id='block_1_54' title="bbox 2036 2605 3613 2672">
    <p class='ocr_par' dir='ltr' id='par_1_54' title="bbox 2036 2605 3613 2672">
     <span class='ocr_line' id='line_1_54' title="bbox 2036 2605 3613 2672; baseline 0.003 -13"><span class='ocrx_word' id='word_1_371' title='bbox 2036 2605 2106 2660; x_wconf 91' lang='lat' dir='ltr'><strong>de</strong></span> <span class='ocrx_word' id='word_1_372' title='bbox 2132 2614 2329 2661; x_wconf 70' lang='lat' dir='ltr'><strong>caetero</strong></span> <span class='ocrx_word' id='word_1_373' title='bbox 2362 2608 2612 2662; x_wconf 82' lang='lat' dir='ltr'><strong>homines</strong></span> <span class='ocrx_word' id='word_1_374' title='bbox 2661 2611 2955 2663; x_wconf 88' lang='lat' dir='ltr'><strong>verborum</strong></span> <span class='ocrx_word' id='word_1_375' title='bbox 3007 2609 3248 2663; x_wconf 83' lang='lat' dir='ltr'><strong>artiﬁces</strong></span> <span class='ocrx_word' id='word_1_376' title='bbox 3290 2616 3452 2672; x_wconf 90' lang='lat' dir='ltr'><strong>sunt,</strong></span> <span class='ocrx_word' id='word_1_377' title='bbox 3501 2623 3613 2663; x_wconf 90' lang='lat' dir='ltr'><strong>non</strong></span> 
     </span>
    </p>
   </div>
   <div class='ocr_carea' id='block_1_55' title="bbox 2036 2698 3614 2770">
    <p class='ocr_par' dir='ltr' id='par_1_55' title="bbox 2036 2698 3614 2770">
     <span class='ocr_line' id='line_1_55' title="bbox 2036 2698 3614 2770; baseline 0.001 -19"><span class='ocrx_word' id='word_1_378' title='bbox 2036 2698 2310 2768; x_wconf 83' lang='lat' dir='ltr'><strong>theologi;</strong></span> <span class='ocrx_word' id='word_1_379' title='bbox 2355 2702 2559 2770; x_wconf 87' lang='lat' dir='ltr'><strong>primas</strong></span> <span class='ocrx_word' id='word_1_380' title='bbox 2600 2710 2748 2755; x_wconf 86' lang='lat' dir='ltr'><strong>tenet</strong></span> <span class='ocrx_word' id='word_1_381' title='bbox 2798 2700 2985 2754; x_wconf 89' lang='lat' dir='ltr'><strong>mundi</strong></span> <span class='ocrx_word' id='word_1_382' title='bbox 3028 2701 3335 2770; x_wconf 85' lang='lat' dir='ltr'><strong>sapientia,</strong></span> <span class='ocrx_word' id='word_1_383' title='bbox 3385 2701 3614 2770; x_wconf 81' lang='lat' dir='ltr'><strong>expulsa</strong></span> 
     </span>
    </p>
   </div>
   <div class='ocr_carea' id='block_1_56' title="bbox 2034 2792 3616 2864">
    <p class='ocr_par' dir='ltr' id='par_1_56' title="bbox 2034 2792 3616 2864">
     <span class='ocr_line' id='line_1_56' title="bbox 2034 2792 3616 2864; baseline 0.001 -18"><span class='ocrx_word' id='word_1_384' title='bbox 2034 2792 2219 2847; x_wconf 72' lang='lat' dir='ltr'><strong>crucis</strong></span> <span class='ocrx_word' id='word_1_385' title='bbox 2234 2793 2581 2862; x_wconf 87' lang='lat' dir='ltr'><strong>gloriatione.</strong></span> <span class='ocrx_word' id='word_1_386' title='bbox 2606 2795 2833 2850; x_wconf 85' lang='lat' dir='ltr'><strong>Abactis</strong></span> <span class='ocrx_word' id='word_1_387' title='bbox 2854 2795 3168 2864; x_wconf 89' lang='lat' dir='ltr'><strong>pastoribus</strong></span> <span class='ocrx_word' id='word_1_388' title='bbox 3185 2795 3616 2849; x_wconf 69' lang='lat' dir='ltr'><strong>introdun-untttr</strong></span> 
     </span>
    </p>
   </div>
   <div class='ocr_carea' id='block_1_57' title="bbox 2035 2882 3608 2956">
    <p class='ocr_par' dir='ltr' id='par_1_57' title="bbox 2035 2882 3608 2956">
     <span class='ocr_line' id='line_1_57' title="bbox 2035 2882 3608 2956; baseline 0.004 -20"><span class='ocrx_word' id='word_1_389' title='bbox 2035 2882 2150 2952; x_wconf 85' lang='lat' dir='ltr'><strong>lupi</strong></span> <span class='ocrx_word' id='word_1_390' title='bbox 2177 2899 2391 2953; x_wconf 86' lang='lat' dir='ltr'><strong>graves,</strong></span> <span class='ocrx_word' id='word_1_391' title='bbox 2426 2886 2517 2954; x_wconf 93' lang='lat' dir='ltr'><strong>qni</strong></span> <span class='ocrx_word' id='word_1_392' title='bbox 2546 2886 2750 2939; x_wconf 82' lang='lat' dir='ltr'><strong>Christi</strong></span> <span class='ocrx_word' id='word_1_393' title='bbox 2777 2901 2994 2956; x_wconf 79' lang='lat' dir='ltr'><strong>gregem</strong></span> <span class='ocrx_word' id='word_1_394' title='bbox 3026 2885 3369 2956; x_wconf 88' lang='lat' dir='ltr'><strong>discerpunt.</strong></span> <span class='ocrx_word' id='word_1_395' title='bbox 3405 2885 3608 2942; x_wconf 80' lang='lat' dir='ltr'><strong>Domus</strong></span> 
     </span>
    </p>
   </div>
   <div class='ocr_carea' id='block_1_58' title="bbox 2034 2976 3614 3055">
    <p class='ocr_par' dir='ltr' id='par_1_58' title="bbox 2034 2976 3614 3055">
     <span class='ocr_line' id='line_1_58' title="bbox 2034 2976 3614 3055; baseline 0.003 -26"><span class='ocrx_word' id='word_1_396' title='bbox 2034 2976 2304 3030; x_wconf 84' lang='lat' dir='ltr'><strong>orationis</strong></span> <span class='ocrx_word' id='word_1_397' title='bbox 2349 2976 2644 3055; x_wconf 67' lang='lat' dir='ltr'><strong>destitutae</strong></span> <span class='ocrx_word' id='word_1_398' title='bbox 2704 2978 3223 3042; x_wconf 68' lang='lat' dir='ltr'><strong>contionatoribus,</strong></span> <span class='ocrx_word' id='word_1_399' title='bbox 3286 2978 3614 3033; x_wconf 80' lang='lat' dir='ltr'><strong>solitudines</strong></span> 
     </span>
    </p>
   </div>
   <div class='ocr_carea' id='block_1_59' title="bbox 2034 3066 3615 3135">
    <p class='ocr_par' dir='ltr' id='par_1_59' title="bbox 2034 3066 3615 3135">
     <span class='ocr_line' id='line_1_59' title="bbox 2034 3066 3615 3135; baseline 0 -15"><span class='ocrx_word' id='word_1_400' title='bbox 2034 3066 2459 3123; x_wconf 86' lang='lat' dir='ltr'><strong>lamentantibus</strong></span> <span class='ocrx_word' id='word_1_401' title='bbox 2489 3067 2721 3123; x_wconf 73' lang='lat' dir='ltr'><strong>refertae.</strong></span> <span class='ocrx_word' id='word_1_402' title='bbox 2756 3068 3010 3123; x_wconf 89' lang='lat' dir='ltr'><strong>Seniores</strong></span> <span class='ocrx_word' id='word_1_403' title='bbox 3049 3069 3276 3135; x_wconf 74' lang='lat' dir='ltr'><strong>lugent,</strong></span> <span class='ocrx_word' id='word_1_404' title='bbox 3309 3069 3438 3123; x_wconf 89' lang='lat' dir='ltr'><strong>dum</strong></span> <span class='ocrx_word' id='word_1_405' title='bbox 3469 3068 3615 3123; x_wconf 87' lang='lat' dir='ltr'><strong>anti-</strong></span> 
     </span>
    </p>
   </div>
   <div class='ocr_carea' id='block_1_60' title="bbox 347 3149 1927 3239">
    <p class='ocr_par' dir='ltr' id='par_1_60' title="bbox 347 3149 1926 3224">
     <span class='ocr_line' id='line_1_60' title="bbox 347 3149 1926 3224; baseline 0.003 -22"><span class='ocrx_word' id='word_1_406' title='bbox 347 3149 579 3221; x_wconf 72' lang='grc' dir='ltr'>πλήρεις</span> <span class='ocrx_word' id='word_1_407' title='bbox 608 3151 715 3204; x_wconf 86' lang='grc' dir='ltr'><strong>τῶν</strong></span> <span class='ocrx_word' id='word_1_408' title='bbox 740 3151 1099 3224; x_wconf 78' lang='grc' dir='ltr'>ὀδυρομένων.</span> <span class='ocrx_word' id='word_1_409' title='bbox 1136 3152 1199 3205; x_wconf 88' lang='grc' dir='ltr'><strong>Οί</strong></span> <span class='ocrx_word' id='word_1_410' title='bbox 1234 3152 1595 3224; x_wconf 77' lang='grc' dir='ltr'>πρεσϐύτεροι</span> <span class='ocrx_word' id='word_1_411' title='bbox 1626 3152 1926 3224; x_wconf 83' lang='grc' dir='ltr'>ὀδύρονται,</span> 
     </span>
    </p>
   </div>
   <div class='ocr_carea' id='block_1_61' title="bbox 2035 3149 3615 3239">
    <p class='ocr_par' dir='ltr' id='par_1_61' title="bbox 2035 3160 3615 3230">
     <span class='ocr_line' id='line_1_61' title="bbox 2035 3160 3615 3230; baseline 0.001 -19"><span class='ocrx_word' id='word_1_412' title='bbox 2035 3173 2141 3228; x_wconf 85' lang='lat' dir='ltr'><strong>qua</strong></span> <span class='ocrx_word' id='word_1_413' title='bbox 2169 3170 2495 3230; x_wconf 85' lang='lat' dir='ltr'><strong>comparant</strong></span> <span class='ocrx_word' id='word_1_414' title='bbox 2519 3174 2643 3213; x_wconf 90' lang='lat' dir='ltr'><strong>cum</strong></span> <span class='ocrx_word' id='word_1_415' title='bbox 2671 3161 3070 3229; x_wconf 61' lang='lat' dir='ltr'><strong>praesentibus;</strong></span> <span class='ocrx_word' id='word_1_416' title='bbox 3097 3161 3350 3228; x_wconf 88' lang='lat' dir='ltr'><strong>juniores</strong></span> <span class='ocrx_word' id='word_1_417' title='bbox 3384 3160 3615 3216; x_wconf 57' lang='lat' dir='ltr'><strong>misera-</strong></span> 
     </span>
    </p>
   </div>
   <div class='ocr_carea' id='block_1_62' title="bbox 344 3240 1930 3314">
    <p class='ocr_par' dir='ltr' id='par_1_62' title="bbox 344 3240 1930 3314">
     <span class='ocr_line' id='line_1_62' title="bbox 344 3240 1930 3314; baseline 0.001 -21"><span class='ocrx_word' id='word_1_418' title='bbox 344 3240 416 3293; x_wconf 74' lang='grc' dir='ltr'><strong>τὰ</strong></span> <span class='ocrx_word' id='word_1_419' title='bbox 440 3240 644 3294; x_wconf 85' lang='grc' dir='ltr'>παλαιά</span> <span class='ocrx_word' id='word_1_420' title='bbox 674 3241 1056 3310; x_wconf 84' lang='grc' dir='ltr'>συγκρίνοντες</span> <span class='ocrx_word' id='word_1_421' title='bbox 1077 3244 1187 3306; x_wconf 85' lang='grc' dir='ltr'>τοῖς</span> <span class='ocrx_word' id='word_1_422' title='bbox 1218 3242 1481 3314; x_wconf 81' lang='grc' dir='ltr'>παροῦσιν</span> <span class='ocrx_word' id='word_1_423' title='bbox 1501 3258 1514 3272; x_wconf 89' lang='grc'><strong>·</strong></span> <span class='ocrx_word' id='word_1_424' title='bbox 1546 3243 1595 3294; x_wconf 87' lang='grc' dir='ltr'>οἱ</span> <span class='ocrx_word' id='word_1_425' title='bbox 1629 3242 1737 3296; x_wconf 91' lang='grc' dir='ltr'>νέοι</span> <span class='ocrx_word' id='word_1_426' title='bbox 1764 3242 1930 3296; x_wconf 77' lang='grc' dir='ltr'>ἐλεει-</span> 
     </span>
    </p>
   </div>
   <div class='ocr_carea' id='block_1_63' title="bbox 346 3331 1930 3405">
    <p class='ocr_par' dir='ltr' id='par_1_63' title="bbox 346 3331 1930 3405">
     <span class='ocr_line' id='line_1_63' title="bbox 346 3331 1930 3405; baseline 0.001 -20"><span class='ocrx_word' id='word_1_427' title='bbox 346 3332 574 3402; x_wconf 82' lang='grc' dir='ltr'>νότεροι,</span> <span class='ocrx_word' id='word_1_428' title='bbox 621 3332 696 3403; x_wconf 83' lang='grc' dir='ltr'>μὴ</span> <span class='ocrx_word' id='word_1_429' title='bbox 730 3331 930 3395; x_wconf 79' lang='grc' dir='ltr'>εἰδότες</span> <span class='ocrx_word' id='word_1_430' title='bbox 970 3331 1098 3384; x_wconf 85' lang='grc' dir='ltr'>οἴων</span> <span class='ocrx_word' id='word_1_431' title='bbox 1143 3334 1483 3405; x_wconf 77' lang='grc' dir='ltr'>ἐστέρηνται.</span> <span class='ocrx_word' id='word_1_432' title='bbox 1537 3333 1719 3387; x_wconf 89' lang='grc' dir='ltr'>Ταῦτα</span> <span class='ocrx_word' id='word_1_433' title='bbox 1768 3334 1930 3388; x_wconf 81' lang='grc' dir='ltr'>ίκανά</span> 
     </span>
    </p>
   </div>
   <div class='ocr_carea' id='block_1_64' title="bbox 349 3422 1926 3497">
    <p class='ocr_par' dir='ltr' id='par_1_64' title="bbox 349 3422 1926 3497">
     <span class='ocr_line' id='line_1_64' title="bbox 349 3422 1926 3497; baseline 0.001 -21"><span class='ocrx_word' id='word_1_434' title='bbox 349 3425 448 3494; x_wconf 79' lang='grc' dir='ltr'>μὲν</span> <span class='ocrx_word' id='word_1_435' title='bbox 475 3423 697 3491; x_wconf 82' lang='grc' dir='ltr'>κινῆσαι</span> <span class='ocrx_word' id='word_1_436' title='bbox 728 3422 863 3493; x_wconf 85' lang='grc' dir='ltr'>πρὸς</span> <span class='ocrx_word' id='word_1_437' title='bbox 888 3422 1233 3493; x_wconf 85' lang='grc' dir='ltr'>συμπάθειαν</span> <span class='ocrx_word' id='word_1_438' title='bbox 1275 3425 1383 3495; x_wconf 75' lang='grc'><strong>(15)</strong></span> <span class='ocrx_word' id='word_1_439' title='bbox 1415 3426 1540 3489; x_wconf 84' lang='grc' dir='ltr'>τοὺς</span> <span class='ocrx_word' id='word_1_440' title='bbox 1563 3425 1661 3497; x_wconf 84' lang='grc' dir='ltr'>τὴν</span> <span class='ocrx_word' id='word_1_441' title='bbox 1689 3424 1926 3496; x_wconf 85' lang='grc' dir='ltr'>Χριστοῦ</span> 
     </span>
    </p>
   </div>
   <div class='ocr_carea' id='block_1_65' title="bbox 343 3515 1926 3589">
    <p class='ocr_par' dir='ltr' id='par_1_65' title="bbox 343 3515 1926 3589">
     <span class='ocr_line' id='line_1_65' title="bbox 343 3515 1926 3589; baseline -0.001 -18"><span class='ocrx_word' id='word_1_442' title='bbox 343 3517 568 3587; x_wconf 83' lang='grc' dir='ltr'>ἀγάπην</span> <span class='ocrx_word' id='word_1_443' title='bbox 603 3515 1095 3585; x_wconf 86' lang='grc' dir='ltr'>πεπαιδευμένους·</span> <span class='ocrx_word' id='word_1_444' title='bbox 1133 3518 1556 3588; x_wconf 89' lang='grc' dir='ltr'>συγκρινόμενος</span> <span class='ocrx_word' id='word_1_445' title='bbox 1594 3518 1652 3570; x_wconf 77' lang='grc' dir='ltr'>δὲ</span> <span class='ocrx_word' id='word_1_446' title='bbox 1693 3521 1757 3589; x_wconf 78' lang='grc' dir='ltr'>τῇ</span> <span class='ocrx_word' id='word_1_447' title='bbox 1791 3517 1926 3588; x_wconf 87' lang='grc' dir='ltr'>ἀλη-</span> 
     </span>
    </p>
   </div>
   <div class='ocr_carea' id='block_1_66' title="bbox 347 3607 1927 3681">
    <p class='ocr_par' dir='ltr' id='par_1_66' title="bbox 347 3607 1927 3681">
     <span class='ocr_line' id='line_1_66' title="bbox 347 3607 1927 3681; baseline 0.001 -20"><span class='ocrx_word' id='word_1_448' title='bbox 347 3608 469 3679; x_wconf 66' lang='grc' dir='ltr'>θεία</span> <span class='ocrx_word' id='word_1_449' title='bbox 490 3607 600 3661; x_wconf 87' lang='grc' dir='ltr'><strong>τῶν</strong></span> <span class='ocrx_word' id='word_1_450' title='bbox 642 3609 983 3679; x_wconf 81' lang='grc' dir='ltr'>πραγμάτων</span> <span class='ocrx_word' id='word_1_451' title='bbox 1032 3610 1060 3662; x_wconf 87' lang='grc' dir='ltr'>ὁ</span> <span class='ocrx_word' id='word_1_452' title='bbox 1100 3607 1258 3676; x_wconf 89' lang='grc' dir='ltr'>λόγος</span> <span class='ocrx_word' id='word_1_453' title='bbox 1304 3610 1455 3680; x_wconf 86' lang='grc' dir='ltr'><strong>παρά</strong></span> <span class='ocrx_word' id='word_1_454' title='bbox 1503 3608 1636 3663; x_wconf 84' lang='grc' dir='ltr'>πολὺ</span> <span class='ocrx_word' id='word_1_455' title='bbox 1686 3610 1798 3681; x_wconf 84' lang='grc'><strong>(16)</strong></span> <span class='ocrx_word' id='word_1_456' title='bbox 1829 3610 1927 3679; x_wconf 81' lang='grc' dir='ltr'>τῆς</span> 
     </span>
    </p>
   </div>
   <div class='ocr_carea' id='block_1_67' title="bbox 343 3697 1929 3774">
    <p class='ocr_par' dir='ltr' id='par_1_67' title="bbox 343 3697 1929 3774">
     <span class='ocr_line' id='line_1_67' title="bbox 343 3697 1929 3774; baseline -0.001 -19"><span class='ocrx_word' id='word_1_457' title='bbox 343 3698 500 3765; x_wconf 78' lang='grc' dir='ltr'>ἀξίας</span> <span class='ocrx_word' id='word_1_458' title='bbox 523 3698 702 3753; x_wconf 83' lang='grc' dir='ltr'>αὐτῶν</span> <span class='ocrx_word' id='word_1_459' title='bbox 734 3698 1110 3753; x_wconf 86' lang='grc' dir='ltr'>ἀπολείπεται.</span> <span class='ocrx_word' id='word_1_460' title='bbox 1140 3700 1209 3753; x_wconf 75' lang='grc' dir='ltr'><strong>Εἴ</strong></span> <span class='ocrx_word' id='word_1_461' title='bbox 1226 3718 1282 3752; x_wconf 87' lang='grc' dir='ltr'><strong>τι</strong></span> <span class='ocrx_word' id='word_1_462' title='bbox 1307 3697 1400 3755; x_wconf 85' lang='grc' dir='ltr'>οὖν</span> <span class='ocrx_word' id='word_1_463' title='bbox 1423 3700 1766 3774; x_wconf 90' lang='grc' dir='ltr'>παραμύθιον</span> <span class='ocrx_word' id='word_1_464' title='bbox 1793 3702 1929 3769; x_wconf 85' lang='grc' dir='ltr'>ἀγά-</span> 
     </span>
    </p>
   </div>
   <div class='ocr_carea' id='block_1_68' title="bbox 345 3788 1926 3866">
    <p class='ocr_par' dir='ltr' id='par_1_68' title="bbox 345 3788 1926 3866">
     <span class='ocr_line' id='line_1_68' title="bbox 345 3788 1926 3866; baseline 0.003 -22"><span class='ocrx_word' id='word_1_465' title='bbox 345 3810 477 3862; x_wconf 85' lang='grc' dir='ltr'>πης,</span> <span class='ocrx_word' id='word_1_466' title='bbox 507 3792 563 3845; x_wconf 74' lang='grc' dir='ltr'><strong>εί</strong></span> <span class='ocrx_word' id='word_1_467' title='bbox 598 3810 681 3859; x_wconf 89' lang='grc' dir='ltr'><strong>τις</strong></span> <span class='ocrx_word' id='word_1_468' title='bbox 729 3794 984 3848; x_wconf 88' lang='grc' dir='ltr'>κοινωνία</span> <span class='ocrx_word' id='word_1_469' title='bbox 1016 3788 1354 3866; x_wconf 78' lang='grc' dir='ltr'>Πνεύματος,</span> <span class='ocrx_word' id='word_1_470' title='bbox 1406 3797 1461 3850; x_wconf 77' lang='grc' dir='ltr'>ετ</span> <span class='ocrx_word' id='word_1_471' title='bbox 1496 3814 1615 3851; x_wconf 85' lang='grc' dir='ltr'>τινα</span> <span class='ocrx_word' id='word_1_472' title='bbox 1644 3796 1926 3865; x_wconf 87' lang='grc' dir='ltr'>σπλάγχνα</span> 
     </span>
    </p>
   </div>
   <div class='ocr_carea' id='block_1_69' title="bbox 344 3883 1926 3958">
    <p class='ocr_par' dir='ltr' id='par_1_69' title="bbox 344 3883 1926 3958">
     <span class='ocr_line' id='line_1_69' title="bbox 344 3883 1926 3958; baseline 0.003 -22"><span class='ocrx_word' id='word_1_473' title='bbox 344 3883 669 3956; x_wconf 81' lang='grc' dir='ltr'>οἰκτιρμῶν,</span> <span class='ocrx_word' id='word_1_474' title='bbox 706 3885 963 3956; x_wconf 87' lang='grc' dir='ltr'>κινήθητε</span> <span class='ocrx_word' id='word_1_475' title='bbox 991 3886 1129 3957; x_wconf 87' lang='grc' dir='ltr'>πρὸς</span> <span class='ocrx_word' id='word_1_476' title='bbox 1157 3886 1256 3958; x_wconf 83' lang='grc' dir='ltr'>τὴν</span> <span class='ocrx_word' id='word_1_477' title='bbox 1285 3886 1568 3958; x_wconf 78' lang='grc' dir='ltr'>ἀντίληψιν</span> <span class='ocrx_word' id='word_1_478' title='bbox 1610 3886 1786 3958; x_wconf 76' lang='grc' dir='ltr'>ἡμῶν.</span> <span class='ocrx_word' id='word_1_479' title='bbox 1817 3886 1926 3940; x_wconf 89' lang='grc' dir='ltr'>Λά-</span> 
     </span>
    </p>
   </div>
   <div class='ocr_carea' id='block_1_70' title="bbox 343 3973 1925 4049">
    <p class='ocr_par' dir='ltr' id='par_1_70' title="bbox 343 3973 1925 4049">
     <span class='ocr_line' id='line_1_70' title="bbox 343 3973 1925 4049; baseline 0.003 -23"><span class='ocrx_word' id='word_1_480' title='bbox 343 3973 471 4027; x_wconf 80' lang='grc' dir='ltr'>ϐετε</span> <span class='ocrx_word' id='word_1_481' title='bbox 512 3975 673 4045; x_wconf 76' lang='grc' dir='ltr'>ζῆλον</span> <span class='ocrx_word' id='word_1_482' title='bbox 716 3976 1015 4041; x_wconf 80' lang='grc' dir='ltr'>εὐσεϐείας,</span> <span class='ocrx_word' id='word_1_483' title='bbox 1061 3976 1310 4041; x_wconf 81' lang='grc' dir='ltr'>ὲξέλεσθε</span> <span class='ocrx_word' id='word_1_484' title='bbox 1350 3980 1496 4049; x_wconf 75' lang='grc' dir='ltr'>ἡμᾶς</span> <span class='ocrx_word' id='word_1_485' title='bbox 1527 3978 1621 4031; x_wconf 90' lang='grc' dir='ltr'><strong>τοῦ</strong></span> <span class='ocrx_word' id='word_1_486' title='bbox 1658 3976 1925 4049; x_wconf 90' lang='grc' dir='ltr'>χειμῶνος</span> 
     </span>
    </p>
   </div>
   <div class='ocr_carea' id='block_1_71' title="bbox 341 4064 1925 4149">
    <p class='ocr_par' dir='ltr' id='par_1_71' title="bbox 341 4064 1925 4149">
     <span class='ocr_line' id='line_1_71' title="bbox 341 4064 1925 4149; baseline 0.001 -31"><span class='ocrx_word' id='word_1_487' title='bbox 341 4064 557 4118; x_wconf 86' lang='grc' dir='ltr'>τούτου.</span> <span class='ocrx_word' id='word_1_488' title='bbox 589 4065 870 4119; x_wconf 89' lang='grc' dir='ltr'>Λαλείσθω</span> <span class='ocrx_word' id='word_1_489' title='bbox 899 4067 995 4119; x_wconf 80' lang='grc' dir='ltr'>καὶ</span> <span class='ocrx_word' id='word_1_490' title='bbox 1022 4068 1154 4136; x_wconf 87' lang='grc' dir='ltr'>παρ’</span> <span class='ocrx_word' id='word_1_491' title='bbox 1181 4069 1325 4149; x_wconf 48' lang='grc' dir='ltr'>ἡμῖν.</span> <span class='ocrx_word' id='word_1_492' title='bbox 1345 4068 1483 4139; x_wconf 85' lang='grc' dir='ltr'><strong>μετά</strong></span> <span class='ocrx_word' id='word_1_493' title='bbox 1522 4067 1833 4140; x_wconf 74' lang='grc' dir='ltr'>παρρησίας</span> <span class='ocrx_word' id='word_1_494' title='bbox 1862 4066 1925 4120; x_wconf 82' lang='grc' dir='ltr'>τὸ</span> 
     </span>
    </p>
   </div>
   <div class='ocr_carea' id='block_1_72' title="bbox 343 4155 1923 4230">
    <p class='ocr_par' dir='ltr' id='par_1_72' title="bbox 343 4155 1923 4230">
     <span class='ocr_line' id='line_1_72' title="bbox 343 4155 1923 4230; baseline 0.003 -22"><span class='ocrx_word' id='word_1_495' title='bbox 343 4155 549 4223; x_wconf 83' lang='grc' dir='ltr'>ἀγαθὸν</span> <span class='ocrx_word' id='word_1_496' title='bbox 582 4156 757 4209; x_wconf 77' lang='grc' dir='ltr'>ἐκεῖνο</span> <span class='ocrx_word' id='word_1_497' title='bbox 787 4156 1049 4227; x_wconf 85' lang='grc' dir='ltr'>κήρυγμα</span> <span class='ocrx_word' id='word_1_498' title='bbox 1078 4156 1188 4210; x_wconf 87' lang='grc' dir='ltr'><strong>τῶν</strong></span> <span class='ocrx_word' id='word_1_499' title='bbox 1220 4158 1500 4230; x_wconf 88' lang='grc' dir='ltr'>Πατέρων,</span> <span class='ocrx_word' id='word_1_500' title='bbox 1528 4159 1590 4211; x_wconf 84' lang='grc' dir='ltr'>τὸ</span> <span class='ocrx_word' id='word_1_501' title='bbox 1619 4158 1923 4229; x_wconf 82' lang='grc' dir='ltr'>καταστρέ-</span> 
     </span>
    </p>
   </div>
   <div class='ocr_carea' id='block_1_73' title="bbox 343 4246 1922 4321">
    <p class='ocr_par' dir='ltr' id='par_1_73' title="bbox 343 4246 1922 4321">
     <span class='ocr_line' id='line_1_73' title="bbox 343 4246 1922 4321; baseline 0.003 -24"><span class='ocrx_word' id='word_1_502' title='bbox 343 4261 444 4315; x_wconf 68' lang='grc' dir='ltr'><strong>φον</strong></span> <span class='ocrx_word' id='word_1_503' title='bbox 479 4246 577 4316; x_wconf 85' lang='grc' dir='ltr'>μὲν</span> <span class='ocrx_word' id='word_1_504' title='bbox 604 4246 701 4318; x_wconf 79' lang='grc' dir='ltr'>τὴν</span> <span class='ocrx_word' id='word_1_505' title='bbox 728 4246 1045 4318; x_wconf 86' lang='grc' dir='ltr'>δυσώνυμον</span> <span class='ocrx_word' id='word_1_506' title='bbox 1081 4248 1292 4319; x_wconf 82' lang='grc' dir='ltr'>αἵρεσιν</span> <span class='ocrx_word' id='word_1_507' title='bbox 1316 4248 1413 4321; x_wconf 84' lang='grc' dir='ltr'>τὴν</span> <span class='ocrx_word' id='word_1_508' title='bbox 1458 4249 1691 4321; x_wconf 84' lang='grc' dir='ltr'>Ἀρείου,</span> <span class='ocrx_word' id='word_1_509' title='bbox 1717 4248 1922 4303; x_wconf 79' lang='grc' dir='ltr'>οἰκοδο-</span> 
     </span>
    </p>
   </div>
   <div class='ocr_carea' id='block_1_74' title="bbox 346 4335 1922 4413">
    <p class='ocr_par' dir='ltr' id='par_1_74' title="bbox 346 4335 1922 4413">
     <span class='ocr_line' id='line_1_74' title="bbox 346 4335 1922 4413; baseline 0.003 -24"><span class='ocrx_word' id='word_1_510' title='bbox 346 4336 482 4406; x_wconf 85' lang='grc' dir='ltr'>μοῦν</span> <span class='ocrx_word' id='word_1_511' title='bbox 528 4335 640 4409; x_wconf 89' lang='grc'><strong>(17)</strong></span> <span class='ocrx_word' id='word_1_512' title='bbox 671 4337 729 4390; x_wconf 82' lang='grc' dir='ltr'>δὲ</span> <span class='ocrx_word' id='word_1_513' title='bbox 761 4338 859 4403; x_wconf 80' lang='grc' dir='ltr'><strong>τὰς</strong></span> <span class='ocrx_word' id='word_1_514' title='bbox 904 4339 1227 4410; x_wconf 87' lang='grc' dir='ltr'>Ἐκκλησίας</span> <span class='ocrx_word' id='word_1_515' title='bbox 1260 4342 1317 4395; x_wconf 79' lang='grc' dir='ltr'>ἐν</span> <span class='ocrx_word' id='word_1_516' title='bbox 1363 4343 1428 4413; x_wconf 80' lang='grc' dir='ltr'>τῇ</span> <span class='ocrx_word' id='word_1_517' title='bbox 1480 4342 1796 4413; x_wconf 79' lang='grc' dir='ltr'>ὑγιαινούσῃ</span> <span class='ocrx_word' id='word_1_518' title='bbox 1839 4342 1922 4395; x_wconf 88' lang='grc' dir='ltr'>δι-</span> 
     </span>
    </p>
   </div>
   <div class='ocr_carea' id='block_1_75' title="bbox 340 4424 1920 4507">
    <p class='ocr_par' dir='ltr' id='par_1_75' title="bbox 340 4424 1920 4507">
     <span class='ocr_line' id='line_1_75' title="bbox 340 4424 1920 4507; baseline 0.004 -25"><span class='ocrx_word' id='word_1_519' title='bbox 340 4429 608 4500; x_wconf 79' lang='grc' dir='ltr'>δασκαλίᾳ</span> <span class='ocrx_word' id='word_1_520' title='bbox 661 4430 720 4483; x_wconf 81' lang='grc' dir='ltr'>ὲν</span> <span class='ocrx_word' id='word_1_521' title='bbox 854 4430 884 4482; x_wconf 86' lang='grc' dir='ltr'><strong>ό</strong></span> <span class='ocrx_word' id='word_1_522' title='bbox 934 4429 1060 4494; x_wconf 82' lang='grc' dir='ltr'>Υἱὸς</span> <span class='ocrx_word' id='word_1_523' title='bbox 1112 4431 1396 4502; x_wconf 87' lang='grc' dir='ltr'>όμοούσιος</span> <span class='ocrx_word' id='word_1_524' title='bbox 1448 4434 1787 4504; x_wconf 82' lang='grc' dir='ltr'>ὁμολογεῖται</span> <span class='ocrx_word' id='word_1_525' title='bbox 1842 4435 1920 4507; x_wconf 84' lang='grc' dir='ltr'>τῷ</span> 
     </span>
    </p>
   </div>
   <div class='ocr_carea' id='block_1_76' title="bbox 2033 3249 3611 3322">
    <p class='ocr_par' dir='ltr' id='par_1_76' title="bbox 2033 3249 3611 3322">
     <span class='ocr_line' id='line_1_76' title="bbox 2033 3249 3611 3322; baseline 0.003 -19"><span class='ocrx_word' id='word_1_526' title='bbox 2033 3249 2262 3304; x_wconf 89' lang='lat' dir='ltr'><strong>biliores</strong></span> <span class='ocrx_word' id='word_1_527' title='bbox 2307 3259 2474 3314; x_wconf 89' lang='lat' dir='ltr'><strong>sunt,</strong></span> <span class='ocrx_word' id='word_1_528' title='bbox 2528 3251 2785 3321; x_wconf 90' lang='lat' dir='ltr'><strong>qualibus</strong></span> <span class='ocrx_word' id='word_1_529' title='bbox 2835 3251 3033 3321; x_wconf 78' lang='lat' dir='ltr'><strong>privati</strong></span> <span class='ocrx_word' id='word_1_530' title='bbox 3083 3252 3229 3316; x_wconf 86' lang='lat' dir='ltr'><strong>sint,</strong></span> <span class='ocrx_word' id='word_1_531' title='bbox 3275 3252 3611 3322; x_wconf 80' lang='lat' dir='ltr'><strong>ignorantes.</strong></span> 
     </span>
    </p>
   </div>
   <div class='ocr_carea' id='block_1_77' title="bbox 2030 3341 3613 3414">
    <p class='ocr_par' dir='ltr' id='par_1_77' title="bbox 2030 3341 3613 3414">
     <span class='ocr_line' id='line_1_77' title="bbox 2030 3341 3613 3414; baseline 0.004 -20"><span class='ocrx_word' id='word_1_532' title='bbox 2030 3342 2208 3411; x_wconf 81' lang='lat' dir='ltr'><strong>Atque</strong></span> <span class='ocrx_word' id='word_1_533' title='bbox 2230 3341 2342 3397; x_wconf 68' lang='lat' dir='ltr'><strong>haec</strong></span> <span class='ocrx_word' id='word_1_534' title='bbox 2371 3342 2590 3412; x_wconf 87' lang='lat' dir='ltr'><strong>quidem</strong></span> <span class='ocrx_word' id='word_1_535' title='bbox 2616 3354 2743 3414; x_wconf 87' lang='lat' dir='ltr'><strong>apta</strong></span> <span class='ocrx_word' id='word_1_536' title='bbox 2768 3343 2835 3398; x_wconf 94' lang='lat' dir='ltr'><strong>ad</strong></span> <span class='ocrx_word' id='word_1_537' title='bbox 2858 3360 3047 3399; x_wconf 89' lang='lat' dir='ltr'><strong>eorum</strong></span> <span class='ocrx_word' id='word_1_538' title='bbox 3077 3345 3613 3400; x_wconf 79' lang='lat' dir='ltr'><strong>commiserationem</strong></span> 
     </span>
    </p>
   </div>
   <div class='ocr_carea' id='block_1_78' title="bbox 2030 3435 3622 3506">
    <p class='ocr_par' dir='ltr' id='par_1_78' title="bbox 2030 3435 3622 3506">
     <span class='ocr_line' id='line_1_78' title="bbox 2030 3435 3622 3506; baseline 0.001 -18"><span class='ocrx_word' id='word_1_539' title='bbox 2030 3435 2505 3501; x_wconf 86' lang='lat' dir='ltr'><strong>commovendam,</strong></span> <span class='ocrx_word' id='word_1_540' title='bbox 2529 3437 2619 3506; x_wconf 90' lang='lat' dir='ltr'><strong>qui</strong></span> <span class='ocrx_word' id='word_1_541' title='bbox 2639 3436 2845 3491; x_wconf 87' lang='lat' dir='ltr'><strong>Christi</strong></span> <span class='ocrx_word' id='word_1_542' title='bbox 2867 3437 3216 3491; x_wconf 84' lang='lat' dir='ltr'><strong>dilectionem</strong></span> <span class='ocrx_word' id='word_1_543' title='bbox 3239 3435 3417 3490; x_wconf 83' lang='lat' dir='ltr'><strong>edocti</strong></span> <span class='ocrx_word' id='word_1_544' title='bbox 3445 3444 3575 3492; x_wconf 85' lang='lat' dir='ltr'><strong>sunt</strong></span> <span class='ocrx_word' id='word_1_545' title='bbox 3593 3453 3622 3505; x_wconf 71' lang='lat'>;;</span> 
     </span>
    </p>
   </div>
   <div class='ocr_carea' id='block_1_79' title="bbox 2028 3525 3627 3597">
    <p class='ocr_par' dir='ltr' id='par_1_79' title="bbox 2028 3525 3627 3597">
     <span class='ocr_line' id='line_1_79' title="bbox 2028 3525 3627 3597; baseline 0.001 -17"><span class='ocrx_word' id='word_1_546' title='bbox 2028 3525 2124 3580; x_wconf 86' lang='lat' dir='ltr'><strong>sed</strong></span> <span class='ocrx_word' id='word_1_547' title='bbox 2163 3534 2516 3595; x_wconf 78' lang='lat' dir='ltr'><strong>comparatus</strong></span> <span class='ocrx_word' id='word_1_548' title='bbox 2547 3542 2671 3582; x_wconf 91' lang='lat' dir='ltr'><strong>cum</strong></span> <span class='ocrx_word' id='word_1_549' title='bbox 2713 3543 2898 3583; x_wconf 88' lang='lat' dir='ltr'><strong>rerum</strong></span> <span class='ocrx_word' id='word_1_550' title='bbox 2934 3528 3163 3583; x_wconf 84' lang='lat' dir='ltr'><strong>veritate</strong></span> <span class='ocrx_word' id='word_1_551' title='bbox 3218 3542 3401 3583; x_wconf 86' lang='lat' dir='ltr'><strong>sermo</strong></span> <span class='ocrx_word' id='word_1_552' title='bbox 3450 3528 3627 3597; x_wconf 81' lang='lat' dir='ltr'><strong>longe-</strong></span> 
     </span>
    </p>
   </div>
   <div class='ocr_carea' id='block_1_80' title="bbox 2028 3617 3617 3689">
    <p class='ocr_par' dir='ltr' id='par_1_80' title="bbox 2028 3617 3617 3689">
     <span class='ocr_line' id='line_1_80' title="bbox 2028 3617 3617 3689; baseline 0.002 -19"><span class='ocrx_word' id='word_1_553' title='bbox 2028 3617 2098 3671; x_wconf 87' lang='lat' dir='ltr'><strong>ab</strong></span> <span class='ocrx_word' id='word_1_554' title='bbox 2127 3617 2369 3686; x_wconf 86' lang='lat' dir='ltr'><strong>ipsarum</strong></span> <span class='ocrx_word' id='word_1_555' title='bbox 2402 3618 2778 3689; x_wconf 76' lang='lat' dir='ltr'><strong>magnitudine</strong></span> <span class='ocrx_word' id='word_1_556' title='bbox 2810 3618 2990 3673; x_wconf 88' lang='lat' dir='ltr'><strong>abest.</strong></span> <span class='ocrx_word' id='word_1_557' title='bbox 3023 3618 3080 3672; x_wconf 91' lang='lat' dir='ltr'><strong>Si</strong></span> <span class='ocrx_word' id='word_1_558' title='bbox 3102 3620 3245 3688; x_wconf 90' lang='lat' dir='ltr'><strong>quod</strong></span> <span class='ocrx_word' id='word_1_559' title='bbox 3272 3619 3440 3688; x_wconf 79' lang='lat' dir='ltr'><strong>igitur</strong></span> <span class='ocrx_word' id='word_1_560' title='bbox 3464 3619 3617 3673; x_wconf 77' lang='lat' dir='ltr'><strong>sola-</strong></span> 
     </span>
    </p>
   </div>
   <div class='ocr_carea' id='block_1_81' title="bbox 2028 3708 3607 3780">
    <p class='ocr_par' dir='ltr' id='par_1_81' title="bbox 2028 3708 3607 3780">
     <span class='ocr_line' id='line_1_81' title="bbox 2028 3708 3607 3780; baseline 0.004 -20"><span class='ocrx_word' id='word_1_561' title='bbox 2028 3708 2168 3763; x_wconf 89' lang='lat' dir='ltr'><strong>tium</strong></span> <span class='ocrx_word' id='word_1_562' title='bbox 2198 3708 2536 3771; x_wconf 87' lang='lat' dir='ltr'><strong>dilectionis,</strong></span> <span class='ocrx_word' id='word_1_563' title='bbox 2575 3708 2622 3764; x_wconf 91' lang='lat' dir='ltr'><strong>si</strong></span> <span class='ocrx_word' id='word_1_564' title='bbox 2656 3725 2764 3779; x_wconf 86' lang='lat' dir='ltr'><strong>qua</strong></span> <span class='ocrx_word' id='word_1_565' title='bbox 2804 3711 3236 3765; x_wconf 89' lang='lat' dir='ltr'><strong>communicatio</strong></span> <span class='ocrx_word' id='word_1_566' title='bbox 3267 3711 3526 3780; x_wconf 74' lang='lat' dir='ltr'><strong>Spiritus,</strong></span> <span class='ocrx_word' id='word_1_567' title='bbox 3559 3713 3607 3766; x_wconf 86' lang='lat' dir='ltr'><strong>si</strong></span> 
     </span>
    </p>
   </div>
   <div class='ocr_carea' id='block_1_82' title="bbox 2026 3786 3610 3870">
    <p class='ocr_par' dir='ltr' id='par_1_82' title="bbox 2026 3786 3610 3870">
     <span class='ocr_line' id='line_1_82' title="bbox 2026 3786 3610 3870; baseline 0.004 -17"><span class='ocrx_word' id='word_1_568' title='bbox 2026 3814 2134 3870; x_wconf 88' lang='lat' dir='ltr'><strong>qua</strong></span> <span class='ocrx_word' id='word_1_569' title='bbox 2183 3786 2686 3856; x_wconf 83' lang='lat' dir='ltr'><strong>commiserationis</strong></span> <span class='ocrx_word' id='word_1_570' title='bbox 2738 3803 2974 3866; x_wconf 89' lang='lat' dir='ltr'><strong>viscera,</strong></span> <span class='ocrx_word' id='word_1_571' title='bbox 3026 3803 3094 3857; x_wconf 84' lang='lat' dir='ltr'><strong>ad</strong></span> <span class='ocrx_word' id='word_1_572' title='bbox 3149 3802 3402 3857; x_wconf 89' lang='lat' dir='ltr'><strong>ferendas</strong></span> <span class='ocrx_word' id='word_1_573' title='bbox 3450 3804 3610 3859; x_wconf 88' lang='lat' dir='ltr'><strong>nobis</strong></span> 
     </span>
    </p>
   </div>
   <div class='ocr_carea' id='block_1_83' title="bbox 2026 3892 3607 3964">
    <p class='ocr_par' dir='ltr' id='par_1_83' title="bbox 2026 3892 3607 3964">
     <span class='ocr_line' id='line_1_83' title="bbox 2026 3892 3607 3964; baseline 0.002 -17"><span class='ocrx_word' id='word_1_574' title='bbox 2026 3892 2309 3961; x_wconf 85' lang='lat' dir='ltr'><strong>suppetias</strong></span> <span class='ocrx_word' id='word_1_575' title='bbox 2361 3892 2734 3947; x_wconf 89' lang='lat' dir='ltr'><strong>concitemini.</strong></span> <span class='ocrx_word' id='word_1_576' title='bbox 2788 3894 3031 3964; x_wconf 83' lang='lat' dir='ltr'><strong>Arripite</strong></span> <span class='ocrx_word' id='word_1_577' title='bbox 3077 3896 3319 3949; x_wconf 90' lang='lat' dir='ltr'><strong>studium</strong></span> <span class='ocrx_word' id='word_1_578' title='bbox 3354 3894 3607 3963; x_wconf 85' lang='lat' dir='ltr'><strong>pietatis:</strong></span> 
     </span>
    </p>
   </div>
   <div class='ocr_carea' id='block_1_84' title="bbox 2026 3983 3608 4061">
    <p class='ocr_par' dir='ltr' id='par_1_84' title="bbox 2026 3983 3608 4061">
     <span class='ocr_line' id='line_1_84' title="bbox 2026 3983 3608 4061; baseline 0.003 -23"><span class='ocrx_word' id='word_1_579' title='bbox 2026 3997 2128 4039; x_wconf 91' lang='lat' dir='ltr'><strong>nos</strong></span> <span class='ocrx_word' id='word_1_580' title='bbox 2157 4000 2223 4038; x_wconf 80' lang='lat' dir='ltr'><strong>ex</strong></span> <span class='ocrx_word' id='word_1_581' title='bbox 2272 3983 2372 4037; x_wconf 85' lang='lat' dir='ltr'><strong>hac</strong></span> <span class='ocrx_word' id='word_1_582' title='bbox 2403 3993 2728 4054; x_wconf 86' lang='lat' dir='ltr'><strong>tempestate</strong></span> <span class='ocrx_word' id='word_1_583' title='bbox 2760 3986 2979 4055; x_wconf 80' lang='lat' dir='ltr'><strong>eripite.</strong></span> <span class='ocrx_word' id='word_1_584' title='bbox 3012 3985 3332 4040; x_wconf 88' lang='lat' dir='ltr'><strong>Proferatur</strong></span> <span class='ocrx_word' id='word_1_585' title='bbox 3373 3994 3427 4041; x_wconf 90' lang='lat' dir='ltr'><strong>et</strong></span> <span class='ocrx_word' id='word_1_586' title='bbox 3460 3986 3608 4061; x_wconf 74' lang='lat' dir='ltr'><strong>apud</strong></span> 
     </span>
    </p>
   </div>
   <div class='ocr_carea' id='block_1_85' title="bbox 2023 4072 3607 4144">
    <p class='ocr_par' dir='ltr' id='par_1_85' title="bbox 2023 4072 3607 4144">
     <span class='ocr_line' id='line_1_85' title="bbox 2023 4072 3607 4144; baseline 0.001 -17"><span class='ocrx_word' id='word_1_587' title='bbox 2023 4089 2127 4129; x_wconf 90' lang='lat' dir='ltr'><strong>nos</strong></span> <span class='ocrx_word' id='word_1_588' title='bbox 2157 4073 2326 4128; x_wconf 86' lang='lat' dir='ltr'><strong>libere</strong></span> <span class='ocrx_word' id='word_1_589' title='bbox 2362 4074 2506 4128; x_wconf 88' lang='lat' dir='ltr'><strong>bona</strong></span> <span class='ocrx_word' id='word_1_590' title='bbox 2549 4073 2639 4127; x_wconf 91' lang='lat' dir='ltr'><strong>illa</strong></span> <span class='ocrx_word' id='word_1_591' title='bbox 2672 4072 2894 4128; x_wconf 84' lang='lat' dir='ltr'><strong>Patrum</strong></span> <span class='ocrx_word' id='word_1_592' title='bbox 2930 4074 3316 4144; x_wconf 83' lang='lat' dir='ltr'><strong>promulgatio,</strong></span> <span class='ocrx_word' id='word_1_593' title='bbox 3347 4073 3607 4128; x_wconf 78' lang='lat' dir='ltr'><strong>infamem</strong></span> 
     </span>
    </p>
   </div>
   <div class='ocr_carea' id='block_1_86' title="bbox 2023 4165 3607 4233">
    <p class='ocr_par' dir='ltr' id='par_1_86' title="bbox 2023 4165 3607 4233">
     <span class='ocr_line' id='line_1_86' title="bbox 2023 4165 3607 4233; baseline -0.001 -10"><span class='ocrx_word' id='word_1_594' title='bbox 2023 4167 2139 4223; x_wconf 82' lang='lat' dir='ltr'><strong>Arii</strong></span> <span class='ocrx_word' id='word_1_595' title='bbox 2166 4168 2414 4223; x_wconf 63' lang='lat' dir='ltr'><strong>haeresim</strong></span> <span class='ocrx_word' id='word_1_596' title='bbox 2440 4174 2696 4223; x_wconf 88' lang='lat' dir='ltr'><strong>evertens</strong></span> <span class='ocrx_word' id='word_1_597' title='bbox 2715 4207 2731 4233; x_wconf 89' lang='lat'><strong>,</strong></span> <span class='ocrx_word' id='word_1_598' title='bbox 2757 4168 3040 4222; x_wconf 83' lang='lat' dir='ltr'><strong>Ecclesias</strong></span> <span class='ocrx_word' id='word_1_599' title='bbox 3070 4182 3202 4222; x_wconf 92' lang='lat' dir='ltr'><strong>vero</strong></span> <span class='ocrx_word' id='word_1_600' title='bbox 3248 4168 3304 4221; x_wconf 90' lang='lat' dir='ltr'><strong>in</strong></span> <span class='ocrx_word' id='word_1_601' title='bbox 3336 4182 3469 4222; x_wconf 87' lang='lat' dir='ltr'><strong>sana</strong></span> <span class='ocrx_word' id='word_1_602' title='bbox 3503 4165 3607 4221; x_wconf 90' lang='lat' dir='ltr'><strong>do-</strong></span> 
     </span>
    </p>
   </div>
   <div class='ocr_carea' id='block_1_87' title="bbox 2024 4257 3609 4330">
    <p class='ocr_par' dir='ltr' id='par_1_87' title="bbox 2024 4257 3609 4330">
     <span class='ocr_line' id='line_1_87' title="bbox 2024 4257 3609 4330; baseline -0.002 -15"><span class='ocrx_word' id='word_1_603' title='bbox 2024 4263 2205 4315; x_wconf 87' lang='lat' dir='ltr'><strong>ctrina</strong></span> <span class='ocrx_word' id='word_1_604' title='bbox 2235 4259 2534 4318; x_wconf 64' lang='lat' dir='ltr'><strong>aedificans.</strong></span> <span class='ocrx_word' id='word_1_605' title='bbox 2558 4260 2613 4313; x_wconf 91' lang='lat' dir='ltr'><strong>in</strong></span> <span class='ocrx_word' id='word_1_606' title='bbox 2643 4275 2747 4330; x_wconf 88' lang='lat' dir='ltr'><strong>qua</strong></span> <span class='ocrx_word' id='word_1_607' title='bbox 2767 4258 2966 4313; x_wconf 90' lang='lat' dir='ltr'><strong>Filium</strong></span> <span class='ocrx_word' id='word_1_608' title='bbox 2985 4257 3134 4312; x_wconf 87' lang='lat' dir='ltr'><strong>Patri</strong></span> <span class='ocrx_word' id='word_1_609' title='bbox 3159 4258 3609 4314; x_wconf 82' lang='lat' dir='ltr'><strong>consubstantia-</strong></span> 
     </span>
    </p>
   </div>
   <div class='ocr_carea' id='block_1_88' title="bbox 2021 4352 3608 4425">
    <p class='ocr_par' dir='ltr' id='par_1_88' title="bbox 2021 4352 3608 4425">
     <span class='ocr_line' id='line_1_88' title="bbox 2021 4352 3608 4425; baseline 0.001 -19"><span class='ocrx_word' id='word_1_610' title='bbox 2021 4352 2126 4409; x_wconf 90' lang='lat' dir='ltr'><strong>lem</strong></span> <span class='ocrx_word' id='word_1_611' title='bbox 2151 4352 2496 4422; x_wconf 77' lang='lat' dir='ltr'><strong>conﬂtemur,</strong></span> <span class='ocrx_word' id='word_1_612' title='bbox 2524 4362 2689 4424; x_wconf 87' lang='lat' dir='ltr'><strong>atque</strong></span> <span class='ocrx_word' id='word_1_613' title='bbox 2716 4353 2954 4425; x_wconf 88' lang='lat' dir='ltr'><strong>Spiritus</strong></span> <span class='ocrx_word' id='word_1_614' title='bbox 2991 4363 3216 4408; x_wconf 89' lang='lat' dir='ltr'><strong>sanctus</strong></span> <span class='ocrx_word' id='word_1_615' title='bbox 3255 4353 3372 4423; x_wconf 91' lang='lat' dir='ltr'><strong>pari</strong></span> <span class='ocrx_word' id='word_1_616' title='bbox 3400 4353 3608 4407; x_wconf 87' lang='lat' dir='ltr'><strong>honore</strong></span> 
     </span>
    </p>
   </div>
   <div class='ocr_carea' id='block_1_89' title="bbox 2024 4443 3611 4515">
    <p class='ocr_par' dir='ltr' id='par_1_89' title="bbox 2024 4443 3611 4515">
     <span class='ocr_line' id='line_1_89' title="bbox 2024 4443 3611 4515; baseline 0 -16"><span class='ocrx_word' id='word_1_617' title='bbox 2024 4446 2187 4500; x_wconf 86' lang='lat' dir='ltr'><strong>simul</strong></span> <span class='ocrx_word' id='word_1_618' title='bbox 2219 4454 2274 4499; x_wconf 91' lang='lat' dir='ltr'><strong>et</strong></span> <span class='ocrx_word' id='word_1_619' title='bbox 2313 4455 2661 4510; x_wconf 89' lang='lat' dir='ltr'><strong>numeratur,</strong></span> <span class='ocrx_word' id='word_1_620' title='bbox 2702 4456 2757 4501; x_wconf 87' lang='lat' dir='ltr'><strong>et</strong></span> <span class='ocrx_word' id='word_1_621' title='bbox 2796 4446 3091 4512; x_wconf 86' lang='lat' dir='ltr'><strong>adoratur;</strong></span> <span class='ocrx_word' id='word_1_622' title='bbox 3135 4454 3195 4499; x_wconf 92' lang='lat' dir='ltr'><strong>ut</strong></span> <span class='ocrx_word' id='word_1_623' title='bbox 3240 4458 3401 4515; x_wconf 89' lang='lat' dir='ltr'><strong>quam</strong></span> <span class='ocrx_word' id='word_1_624' title='bbox 3450 4443 3611 4499; x_wconf 83' lang='lat' dir='ltr'><strong>vobis</strong></span> 
     </span>
    </p>
   </div>
   <div class='ocr_carea' id='block_1_90' title="bbox 341 4519 1927 4607">
    <p class='ocr_par' dir='ltr' id='par_1_90' title="bbox 341 4519 1923 4599">
     <span class='ocr_line' id='line_1_90' title="bbox 341 4519 1923 4599; baseline 0.008 -28"><span class='ocrx_word' id='word_1_625' title='bbox 341 4519 539 4590; x_wconf 79' lang='grc' dir='ltr'>Πατρὶ,</span> <span class='ocrx_word' id='word_1_626' title='bbox 579 4521 673 4573; x_wconf 64' lang='grc' dir='ltr'><strong>κα)¹</strong></span> <span class='ocrx_word' id='word_1_627' title='bbox 712 4521 774 4574; x_wconf 88' lang='grc' dir='ltr'>τὸ</span> <span class='ocrx_word' id='word_1_628' title='bbox 815 4522 1039 4594; x_wconf 87' lang='grc' dir='ltr'>Πνεῦμα</span> <span class='ocrx_word' id='word_1_629' title='bbox 1067 4522 1129 4575; x_wconf 78' lang='grc' dir='ltr'><strong>τὸ</strong></span> <span class='ocrx_word' id='word_1_630' title='bbox 1171 4522 1325 4592; x_wconf 81' lang='grc' dir='ltr'>ἆγιον</span> <span class='ocrx_word' id='word_1_631' title='bbox 1385 4524 1666 4596; x_wconf 85' lang='grc' dir='ltr'>ὁμοτίμως</span> <span class='ocrx_word' id='word_1_632' title='bbox 1713 4544 1923 4599; x_wconf 86' lang='grc' dir='ltr'>συναρι-</span> 
     </span>
    </p>
   </div>
   <div class='ocr_carea' id='block_1_91' title="bbox 2035 4519 3609 4607">
    <p class='ocr_par' dir='ltr' id='par_1_91' title="bbox 2035 4534 3609 4607">
     <span class='ocr_line' id='line_1_91' title="bbox 2035 4534 3609 4607; baseline 0.001 -19"><span class='ocrx_word' id='word_1_633' title='bbox 2035 4534 2294 4592; x_wconf 87' lang='lat' dir='ltr'><strong>Dominus</strong></span> <span class='ocrx_word' id='word_1_634' title='bbox 2324 4536 2474 4592; x_wconf 89' lang='lat' dir='ltr'><strong>dedit</strong></span> <span class='ocrx_word' id='word_1_635' title='bbox 2511 4552 2609 4607; x_wconf 91' lang='lat' dir='ltr'><strong>pro</strong></span> <span class='ocrx_word' id='word_1_636' title='bbox 2635 4537 2864 4592; x_wconf 85' lang='lat' dir='ltr'><strong>veritate</strong></span> <span class='ocrx_word' id='word_1_637' title='bbox 2885 4538 3212 4602; x_wconf 88' lang='lat' dir='ltr'><strong>libertatem,</strong></span> <span class='ocrx_word' id='word_1_638' title='bbox 3250 4544 3303 4591; x_wconf 84' lang='lat' dir='ltr'><strong>et</strong></span> <span class='ocrx_word' id='word_1_639' title='bbox 3330 4537 3384 4591; x_wconf 95' lang='lat' dir='ltr'><strong>in</strong></span> <span class='ocrx_word' id='word_1_640' title='bbox 3408 4534 3609 4590; x_wconf 75' lang='lat' dir='ltr'><strong>divinae</strong></span> 
     </span>
    </p>
   </div>
   <div class='ocr_carea' id='block_1_92' title="bbox 341 4611 1920 4688">
    <p class='ocr_par' dir='ltr' id='par_1_92' title="bbox 341 4611 1920 4688">
     <span class='ocr_line' id='line_1_92' title="bbox 341 4611 1920 4688; baseline 0.006 -24"><span class='ocrx_word' id='word_1_641' title='bbox 341 4611 559 4680; x_wconf 82' lang='grc' dir='ltr'>θμεῖταί</span> <span class='ocrx_word' id='word_1_642' title='bbox 592 4630 652 4665; x_wconf 87' lang='grc' dir='ltr'><strong>τε</strong></span> <span class='ocrx_word' id='word_1_643' title='bbox 677 4614 772 4667; x_wconf 73' lang='grc' dir='ltr'><strong>καὶ</strong></span> <span class='ocrx_word' id='word_1_644' title='bbox 807 4614 1227 4687; x_wconf 87' lang='grc' dir='ltr'>συλλατρεύεται</span> <span class='ocrx_word' id='word_1_645' title='bbox 1247 4632 1261 4645; x_wconf 74' lang='grc' dir='ltr'><strong>ο</strong></span> <span class='ocrx_word' id='word_1_646' title='bbox 1287 4615 1376 4670; x_wconf 86' lang='grc' dir='ltr'>ἵνα</span> <span class='ocrx_word' id='word_1_647' title='bbox 1406 4616 1471 4687; x_wconf 78' lang='grc' dir='ltr'>ῆν</span> <span class='ocrx_word' id='word_1_648' title='bbox 1501 4617 1629 4688; x_wconf 79' lang='grc' dir='ltr'>ὑμῖν</span> <span class='ocrx_word' id='word_1_649' title='bbox 1662 4617 1860 4673; x_wconf 80' lang='grc' dir='ltr'>ἔδωκεν</span> <span class='ocrx_word' id='word_1_650' title='bbox 1892 4622 1920 4674; x_wconf 88' lang='grc' dir='ltr'>ὁ</span> 
     </span>
    </p>
   </div>
   <div class='ocr_carea' id='block_1_93' title="bbox 338 4702 1921 4777">
    <p class='ocr_par' dir='ltr' id='par_1_93' title="bbox 338 4702 1921 4777">
     <span class='ocr_line' id='line_1_93' title="bbox 338 4702 1921 4777; baseline 0.005 -21"><span class='ocrx_word' id='word_1_651' title='bbox 338 4702 546 4774; x_wconf 80' lang='grc' dir='ltr'>Κύριος</span> <span class='ocrx_word' id='word_1_652' title='bbox 591 4704 731 4775; x_wconf 83' lang='grc' dir='ltr'>ὑπὲρ</span> <span class='ocrx_word' id='word_1_653' title='bbox 773 4705 873 4772; x_wconf 84' lang='grc' dir='ltr'>τῆς</span> <span class='ocrx_word' id='word_1_654' title='bbox 911 4704 1170 4776; x_wconf 87' lang='grc' dir='ltr'>ἀληθείας</span> <span class='ocrx_word' id='word_1_655' title='bbox 1214 4706 1550 4777; x_wconf 76' lang='grc' dir='ltr'>παρρησίαν,</span> <span class='ocrx_word' id='word_1_656' title='bbox 1588 4709 1684 4762; x_wconf 77' lang='grc' dir='ltr'>καὶ</span> <span class='ocrx_word' id='word_1_657' title='bbox 1720 4709 1781 4762; x_wconf 82' lang='grc' dir='ltr'>τὸ</span> <span class='ocrx_word' id='word_1_658' title='bbox 1828 4712 1921 4764; x_wconf 76' lang='grc' dir='ltr'><strong>ἐπὶ</strong></span> 
     </span>
    </p>
   </div>
   <div class='ocr_carea' id='block_1_94' title="bbox 336 4795 1922 4873">
    <p class='ocr_par' dir='ltr' id='par_1_94' title="bbox 336 4795 1922 4873">
     <span class='ocr_line' id='line_1_94' title="bbox 336 4795 1922 4873; baseline 0.006 -27"><span class='ocrx_word' id='word_1_659' title='bbox 336 4796 406 4863; x_wconf 80' lang='grc' dir='ltr'><strong>τῇ</strong></span> <span class='ocrx_word' id='word_1_660' title='bbox 447 4795 708 4866; x_wconf 72' lang='grc' dir='ltr'>ὁμολογίᾳ.</span> <span class='ocrx_word' id='word_1_661' title='bbox 747 4797 850 4867; x_wconf 77' lang='grc' dir='ltr'>τῆς</span> <span class='ocrx_word' id='word_1_662' title='bbox 895 4796 1047 4861; x_wconf 90' lang='grc' dir='ltr'>θείας</span> <span class='ocrx_word' id='word_1_663' title='bbox 1090 4797 1203 4869; x_wconf 86' lang='grc'><strong>(18)</strong></span> <span class='ocrx_word' id='word_1_664' title='bbox 1253 4798 1349 4852; x_wconf 76' lang='grc' dir='ltr'>καὶ</span> <span class='ocrx_word' id='word_1_665' title='bbox 1380 4800 1646 4871; x_wconf 81' lang='grc' dir='ltr'>σωτηρίου</span> <span class='ocrx_word' id='word_1_666' title='bbox 1691 4802 1922 4873; x_wconf 87' lang='grc' dir='ltr'>Τριάδος</span> 
     </span>
    </p>
   </div>
   <div class='ocr_carea' id='block_1_95' title="bbox 337 4885 1918 4966">
    <p class='ocr_par' dir='ltr' id='par_1_95' title="bbox 337 4885 1918 4966">
     <span class='ocr_line' id='line_1_95' title="bbox 337 4885 1918 4966; baseline 0.006 -28"><span class='ocrx_word' id='word_1_667' title='bbox 337 4885 623 4957; x_wconf 86' lang='grc' dir='ltr'>καύχημα,</span> <span class='ocrx_word' id='word_1_668' title='bbox 651 4887 810 4941; x_wconf 89' lang='grc' dir='ltr'>τοῦτο</span> <span class='ocrx_word' id='word_1_669' title='bbox 853 4890 949 4943; x_wconf 70' lang='grc' dir='ltr'>καὶ</span> <span class='ocrx_word' id='word_1_670' title='bbox 1000 4891 1132 4960; x_wconf 81' lang='grc' dir='ltr'>ἡμῖν</span> <span class='ocrx_word' id='word_1_671' title='bbox 1170 4890 1258 4943; x_wconf 81' lang='grc' dir='ltr'>διὰ</span> <span class='ocrx_word' id='word_1_672' title='bbox 1299 4890 1408 4943; x_wconf 91' lang='grc' dir='ltr'><strong>τῶν</strong></span> <span class='ocrx_word' id='word_1_673' title='bbox 1438 4892 1715 4964; x_wconf 85' lang='grc' dir='ltr'>ὑμετέρων</span> <span class='ocrx_word' id='word_1_674' title='bbox 1743 4894 1918 4966; x_wconf 80' lang='grc' dir='ltr'>εὐχῶν</span> 
     </span>
    </p>
   </div>
   <div class='ocr_carea' id='block_1_96' title="bbox 337 4978 1921 5056">
    <p class='ocr_par' dir='ltr' id='par_1_96' title="bbox 337 4978 1921 5056">
     <span class='ocr_line' id='line_1_96' title="bbox 337 4978 1921 5056; baseline 0.007 -25"><span class='ocrx_word' id='word_1_675' title='bbox 337 4978 435 5032; x_wconf 71' lang='grc' dir='ltr'><strong>καὶ</strong></span> <span class='ocrx_word' id='word_1_676' title='bbox 462 4978 562 5049; x_wconf 79' lang='grc' dir='ltr'>τῆς</span> <span class='ocrx_word' id='word_1_677' title='bbox 595 4980 882 5051; x_wconf 88' lang='grc' dir='ltr'>συνεργίας</span> <span class='ocrx_word' id='word_1_678' title='bbox 926 4981 1081 5054; x_wconf 78' lang='grc' dir='ltr'>ὑμῶν</span> <span class='ocrx_word' id='word_1_679' title='bbox 1127 4982 1439 5056; x_wconf 86' lang='grc' dir='ltr'>χαρίσηται.</span> <span class='ocrx_word' id='word_1_680' title='bbox 1477 4984 1551 5037; x_wconf 82' lang='grc' dir='ltr'><strong>Τὸ</strong></span> <span class='ocrx_word' id='word_1_681' title='bbox 1585 4985 1643 5039; x_wconf 87' lang='grc' dir='ltr'>δὲ</span> <span class='ocrx_word' id='word_1_682' title='bbox 1684 4986 1921 5042; x_wconf 87' lang='grc' dir='ltr'>καθέκα-</span> 
     </span>
    </p>
   </div>
   <div class='ocr_carea' id='block_1_97' title="bbox 407 5112 1919 5191">
    <p class='ocr_par' dir='ltr' id='par_1_97' title="bbox 407 5112 1919 5191">
     <span class='ocr_line' id='line_1_97' title="bbox 407 5112 1919 5191; baseline 0.009 -27"><span class='ocrx_word' id='word_1_683' title='bbox 407 5112 519 5184; x_wconf 82' lang='grc'><strong>(11)</strong></span> <span class='ocrx_word' id='word_1_684' title='bbox 559 5113 747 5191; x_wconf 60' lang='grc' dir='ltr'>Ὑμῖν.</span> <span class='ocrx_word' id='word_1_685' title='bbox 777 5113 914 5170; x_wconf 88' lang='lat' dir='ltr'><strong>Tres</strong></span> <span class='ocrx_word' id='word_1_686' title='bbox 938 5118 1297 5191; x_wconf 64' lang='lat' dir='ltr'><strong>vetustissimi</strong></span> <span class='ocrx_word' id='word_1_687' title='bbox 1323 5118 1545 5175; x_wconf 90' lang='lat' dir='ltr'><strong>codices</strong></span> <span class='ocrx_word' id='word_1_688' title='bbox 1578 5122 1727 5191; x_wconf 80' lang='grc' dir='ltr'>ἡμῖν.</span> <span class='ocrx_word' id='word_1_689' title='bbox 1754 5120 1919 5191; x_wconf 77' lang='lat' dir='ltr'><strong>Deest</strong></span> 
     </span>
    </p>
   </div>
   <div class='ocr_carea' id='block_1_98' title="bbox 334 5184 1919 5263">
    <p class='ocr_par' dir='ltr' id='par_1_98' title="bbox 334 5184 1919 5263">
     <span class='ocr_line' id='line_1_98' title="bbox 334 5184 1919 5263; baseline 0.007 -28"><span class='ocrx_word' id='word_1_690' title='bbox 334 5198 398 5263; x_wconf 75' lang='lat' dir='ltr'><strong>ea</strong></span> <span class='ocrx_word' id='word_1_691' title='bbox 429 5198 536 5237; x_wconf 80' lang='lat' dir='ltr'><strong>vox</strong></span> <span class='ocrx_word' id='word_1_692' title='bbox 571 5184 625 5236; x_wconf 92' lang='lat' dir='ltr'><strong>in</strong></span> <span class='ocrx_word' id='word_1_693' title='bbox 654 5193 897 5263; x_wconf 76' lang='lat' dir='ltr'><strong>quatuor</strong></span> <span class='ocrx_word' id='word_1_694' title='bbox 924 5188 1050 5263; x_wconf 79' lang='lat' dir='ltr'><strong>aliis</strong></span> <span class='ocrx_word' id='word_1_695' title='bbox 1088 5203 1221 5263; x_wconf 72' lang='lat' dir='ltr'><strong>mss.</strong></span> <span class='ocrx_word' id='word_1_696' title='bbox 1260 5187 1443 5263; x_wconf 73' lang='lat' dir='ltr'><strong>Paqu</strong></span> <span class='ocrx_word' id='word_1_697' title='bbox 1462 5198 1584 5263; x_wconf 90' lang='lat' dir='ltr'><strong>post</strong></span> <span class='ocrx_word' id='word_1_698' title='bbox 1599 5184 1779 5245; x_wconf 58' lang='lat' dir='ltr'><strong>&#39;eddio</strong></span> <span class='ocrx_word' id='word_1_699' title='bbox 1814 5190 1919 5246; x_wconf 55' lang='lat' dir='ltr'><strong>Pa-</strong></span> 
     </span>
    </p>
   </div>
   <div class='ocr_carea' id='block_1_99' title="bbox 332 5258 1915 5324">
    <p class='ocr_par' dir='ltr' id='par_1_99' title="bbox 332 5258 1915 5324">
     <span class='ocr_line' id='line_1_99' title="bbox 332 5258 1915 5324; baseline 0.008 -19"><span class='ocrx_word' id='word_1_700' title='bbox 332 5258 438 5307; x_wconf 87' lang='lat' dir='ltr'><strong>ris.</strong></span> <span class='ocrx_word' id='word_1_701' title='bbox 462 5263 517 5324; x_wconf 83' lang='lat' dir='ltr'><strong>et</strong></span> <span class='ocrx_word' id='word_1_702' title='bbox 539 5258 897 5311; x_wconf 84' lang='lat' dir='ltr'><strong>vetustissimi</strong></span> <span class='ocrx_word' id='word_1_703' title='bbox 922 5258 1141 5313; x_wconf 87' lang='lat' dir='ltr'><strong>codices</strong></span> <span class='ocrx_word' id='word_1_704' title='bbox 1167 5259 1236 5312; x_wconf 85' lang='grc' dir='ltr'><strong>τά</strong></span> <span class='ocrx_word' id='word_1_705' title='bbox 1265 5260 1514 5324; x_wconf 80' lang='grc' dir='ltr'>ἐνταῦθα,</span> <span class='ocrx_word' id='word_1_706' title='bbox 1543 5262 1696 5316; x_wconf 90' lang='lat' dir='ltr'><strong>deest</strong></span> <span class='ocrx_word' id='word_1_707' title='bbox 1721 5264 1915 5317; x_wconf 84' lang='lat' dir='ltr'><strong>vocula</strong></span> 
     </span>
    </p>
   </div>
   <div class='ocr_carea' id='block_1_100' title="bbox 333 5323 1914 5400">
    <p class='ocr_par' dir='ltr' id='par_1_100' title="bbox 333 5323 1914 5400">
     <span class='ocr_line' id='line_1_100' title="bbox 333 5323 1914 5400; baseline 0.008 -25"><span class='ocrx_word' id='word_1_708' title='bbox 333 5324 390 5377; x_wconf 88' lang='lat' dir='ltr'><strong>in</strong></span> <span class='ocrx_word' id='word_1_709' title='bbox 411 5323 551 5400; x_wconf 66' lang='lat' dir='ltr'><strong>aliis</strong></span> <span class='ocrx_word' id='word_1_710' title='bbox 579 5336 982 5400; x_wconf 83' lang='lat' dir='ltr'><strong>quatuor_mss.</strong></span> <span class='ocrx_word' id='word_1_711' title='bbox 1004 5336 1059 5383; x_wconf 89' lang='lat' dir='ltr'><strong>et</strong></span> <span class='ocrx_word' id='word_1_712' title='bbox 1081 5329 1640 5400; x_wconf 82' lang='lat' dir='ltr'><strong>editionibnsllagan.</strong></span> <span class='ocrx_word' id='word_1_713' title='bbox 1662 5340 1715 5385; x_wconf 90' lang='lat' dir='ltr'><strong>et</strong></span> <span class='ocrx_word' id='word_1_714' title='bbox 1746 5331 1914 5387; x_wconf 89' lang='lat' dir='ltr'><strong>Basil.</strong></span> 
     </span>
    </p>
   </div>
   <div class='ocr_carea' id='block_1_101' title="bbox 403 5394 1913 5469">
    <p class='ocr_par' dir='ltr' id='par_1_101' title="bbox 403 5394 1913 5469">
     <span class='ocr_line' id='line_1_101' title="bbox 403 5394 1913 5469; baseline 0.007 -22"><span class='ocrx_word' id='word_1_715' title='bbox 403 5394 518 5464; x_wconf 75' lang='lat' dir='ltr'><strong>(l2)</strong></span> <span class='ocrx_word' id='word_1_716' title='bbox 550 5397 795 5469; x_wconf 67' lang='grc' dir='ltr'>Λοιπᾴν.</span> <span class='ocrx_word' id='word_1_717' title='bbox 830 5396 987 5453; x_wconf 88' lang='lat' dir='ltr'><strong>Deest</strong></span> <span class='ocrx_word' id='word_1_718' title='bbox 1020 5413 1083 5453; x_wconf 89' lang='lat' dir='ltr'><strong>ca</strong></span> <span class='ocrx_word' id='word_1_719' title='bbox 1114 5415 1215 5452; x_wconf 78' lang='lat' dir='ltr'><strong>vox</strong></span> <span class='ocrx_word' id='word_1_720' title='bbox 1255 5401 1307 5452; x_wconf 92' lang='lat' dir='ltr'><strong>in</strong></span> <span class='ocrx_word' id='word_1_721' title='bbox 1354 5394 1596 5469; x_wconf 63' lang='lat' dir='ltr'><strong>quatuor</strong></span> <span class='ocrx_word' id='word_1_722' title='bbox 1638 5418 1770 5458; x_wconf 85' lang='lat' dir='ltr'><strong>mss.</strong></span> <span class='ocrx_word' id='word_1_723' title='bbox 1807 5420 1913 5457; x_wconf 86' lang='lat' dir='ltr'><strong>non</strong></span> 
     </span>
    </p>
   </div>
   <div class='ocr_carea' id='block_1_102' title="bbox 330 5467 1917 5551">
    <p class='ocr_par' dir='ltr' id='par_1_102' title="bbox 330 5467 1917 5551">
     <span class='ocr_line' id='line_1_102' title="bbox 330 5467 1917 5551; baseline 0.009 -38"><span class='ocrx_word' id='word_1_724' title='bbox 330 5470 515 5517; x_wconf 87' lang='lat' dir='ltr'><strong>tamen</strong></span> <span class='ocrx_word' id='word_1_725' title='bbox 549 5467 959 5532; x_wconf 87' lang='lat' dir='ltr'><strong>vetustissimis,</strong></span> <span class='ocrx_word' id='word_1_726' title='bbox 998 5468 1053 5522; x_wconf 90' lang='lat' dir='ltr'><strong>in</strong></span> <span class='ocrx_word' id='word_1_727' title='bbox 1088 5470 1289 5539; x_wconf 91' lang='lat' dir='ltr'><strong>quibus</strong></span> <span class='ocrx_word' id='word_1_728' title='bbox 1333 5467 1499 5551; x_wconf 64' lang='lat' dir='ltr'><strong>etiam</strong></span> <span class='ocrx_word' id='word_1_729' title='bbox 1531 5472 1728 5543; x_wconf 83' lang='lat' dir='ltr'><strong>legitur</strong></span> <span class='ocrx_word' id='word_1_730' title='bbox 1758 5472 1917 5528; x_wconf 75' lang='grc' dir='ltr'>ἐκκέ-</span> 
     </span>
    </p>
   </div>
   <div class='ocr_carea' id='block_1_103' title="bbox 331 5550 511 5601">
    <p class='ocr_par' dir='ltr' id='par_1_103' title="bbox 331 5550 511 5601">
     <span class='ocr_line' id='line_1_103' title="bbox 331 5550 511 5601; baseline -0.022 -17"><span class='ocrx_word' id='word_1_731' title='bbox 331 5550 511 5601; x_wconf 86' lang='grc' dir='ltr'>χυται.</span> 
     </span>
    </p>
   </div>
   <div class='ocr_carea' id='block_1_104' title="bbox 404 5599 1908 5679">
    <p class='ocr_par' dir='ltr' id='par_1_104' title="bbox 404 5599 1908 5679">
     <span class='ocr_line' id='line_1_104' title="bbox 404 5599 1908 5679; baseline 0.008 -24"><span class='ocrx_word' id='word_1_732' title='bbox 404 5599 534 5679; x_wconf 31' lang='grc'><strong>(15),</strong></span> <span class='ocrx_word' id='word_1_733' title='bbox 552 5604 1029 5679; x_wconf 59' lang='grc' dir='ltr'>Ἐξορδέκωνται.</span> <span class='ocrx_word' id='word_1_734' title='bbox 1062 5604 1204 5663; x_wconf 87' lang='lat' dir='ltr'><strong>Tres</strong></span> <span class='ocrx_word' id='word_1_735' title='bbox 1231 5606 1384 5679; x_wconf 78' lang='lat' dir='ltr'><strong>Regii</strong></span> <span class='ocrx_word' id='word_1_736' title='bbox 1416 5609 1639 5668; x_wconf 92' lang='lat' dir='ltr'><strong>codices</strong></span> <span class='ocrx_word' id='word_1_737' title='bbox 1664 5621 1718 5667; x_wconf 93' lang='lat' dir='ltr'><strong>et</strong></span> <span class='ocrx_word' id='word_1_738' title='bbox 1742 5613 1908 5669; x_wconf 79' lang='lat' dir='ltr'><strong>Coisl.</strong></span> 
     </span>
    </p>
   </div>
   <div class='ocr_carea' id='block_1_105' title="bbox 331 5675 1912 5760">
    <p class='ocr_par' dir='ltr' id='par_1_105' title="bbox 331 5675 1912 5760">
     <span class='ocr_line' id='line_1_105' title="bbox 331 5675 1912 5760; baseline 0.001 0"><span class='ocrx_word' id='word_1_739' title='bbox 331 5675 610 5760; x_wconf 55' lang='grc' dir='ltr'>εςτξὶιειίίυξ</span> <span class='ocrx_word' id='word_1_740' title='bbox 640 5676 1044 5760; x_wconf 62' lang='grc' dir='ltr'>έξοιιίένῃνταεν</span> <span class='ocrx_word' id='word_1_741' title='bbox 1078 5675 1359 5760; x_wconf 36' lang='lat' dir='ltr'><strong>esseet</strong></span> <span class='ocrx_word' id='word_1_742' title='bbox 1387 5680 1710 5760; x_wconf 62' lang='grc' dir='ltr'><strong>ἀιθρώπωνο</strong></span> <span class='ocrx_word' id='word_1_743' title='bbox 1741 5682 1912 5740; x_wconf 54' lang='lat' dir='ltr'><strong>Paul»</strong></span> 
     </span>
    </p>
   </div>
   <div class='ocr_carea' id='block_1_106' title="bbox 331 5742 1554 5819">
    <p class='ocr_par' dir='ltr' id='par_1_106' title="bbox 331 5742 1554 5819">
     <span class='ocr_line' id='line_1_106' title="bbox 331 5742 1554 5819; baseline 0.01 -27"><span class='ocrx_word' id='word_1_744' title='bbox 331 5751 455 5819; x_wconf 77' lang='lat' dir='ltr'><strong>post</strong></span> <span class='ocrx_word' id='word_1_745' title='bbox 473 5742 646 5819; x_wconf 75' lang='lat' dir='ltr'><strong>_Med_._</strong></span> <span class='ocrx_word' id='word_1_746' title='bbox 665 5760 727 5819; x_wconf 73' lang='lat' dir='ltr'><strong>et</strong></span> <span class='ocrx_word' id='word_1_747' title='bbox 752 5742 1031 5819; x_wconf 51' lang='lat' dir='ltr'><strong>liarllaatl.</strong></span> <span class='ocrx_word' id='word_1_748' title='bbox 1058 5748 1179 5819; x_wconf 76' lang='grc' dir='ltr'>οὐχὶ</span> <span class='ocrx_word' id='word_1_749' title='bbox 1214 5742 1554 5818; x_wconf 75' lang='grc' dir='ltr'>θεολογοῦσιν</span> 
     </span>
    </p>
   </div>
   <div class='ocr_carea' id='block_1_107' title="bbox 403 5812 984 5883">
    <p class='ocr_par' dir='ltr' id='par_1_107' title="bbox 403 5812 984 5883">
     <span class='ocr_line' id='line_1_107' title="bbox 403 5812 984 5883; baseline 0.012 -18"><span class='ocrx_word' id='word_1_750' title='bbox 403 5812 515 5883; x_wconf 74' lang='grc'><strong>(14)</strong></span> <span class='ocrx_word' id='word_1_751' title='bbox 550 5812 668 5868; x_wconf 75' lang='lat' dir='ltr'><strong>Vid.</strong></span> <span class='ocrx_word' id='word_1_752' title='bbox 704 5817 984 5873; x_wconf 81' lang='lat' dir='ltr'><strong>Addenda.</strong></span> 
     </span>
    </p>
   </div>
   <div class='ocr_carea' id='block_1_108' title="bbox 2021 4627 3598 4699">
    <p class='ocr_par' dir='ltr' id='par_1_108' title="bbox 2021 4627 3598 4699">
     <span class='ocr_line' id='line_1_108' title="bbox 2021 4627 3598 4699; baseline -0.004 -15"><span class='ocrx_word' id='word_1_753' title='bbox 2021 4629 2395 4699; x_wconf 80' lang='lat' dir='ltr'><strong>salutat-isque</strong></span> <span class='ocrx_word' id='word_1_754' title='bbox 2446 4627 2736 4684; x_wconf 84' lang='lat' dir='ltr'><strong>Trinitatis</strong></span> <span class='ocrx_word' id='word_1_755' title='bbox 2776 4628 3128 4683; x_wconf 82' lang='lat' dir='ltr'><strong>confessione</strong></span> <span class='ocrx_word' id='word_1_756' title='bbox 3174 4627 3598 4697; x_wconf 83' lang='lat' dir='ltr'><strong>gloriationem,</strong></span> 
     </span>
    </p>
   </div>
   <div class='ocr_carea' id='block_1_109' title="bbox 2021 4718 3602 4790">
    <p class='ocr_par' dir='ltr' id='par_1_109' title="bbox 2021 4718 3602 4790">
     <span class='ocr_line' id='line_1_109' title="bbox 2021 4718 3602 4790; baseline -0.002 -17"><span class='ocrx_word' id='word_1_757' title='bbox 2021 4718 2167 4774; x_wconf 84' lang='lat' dir='ltr'><strong>hanc</strong></span> <span class='ocrx_word' id='word_1_758' title='bbox 2203 4728 2256 4773; x_wconf 93' lang='lat' dir='ltr'><strong>et</strong></span> <span class='ocrx_word' id='word_1_759' title='bbox 2285 4719 2448 4775; x_wconf 90' lang='lat' dir='ltr'><strong>nobis</strong></span> <span class='ocrx_word' id='word_1_760' title='bbox 2477 4735 2575 4790; x_wconf 89' lang='lat' dir='ltr'><strong>per</strong></span> <span class='ocrx_word' id='word_1_761' title='bbox 2601 4730 2814 4775; x_wconf 89' lang='lat' dir='ltr'><strong>vestras</strong></span> <span class='ocrx_word' id='word_1_762' title='bbox 2845 4734 3036 4789; x_wconf 88' lang='lat' dir='ltr'><strong>preces</strong></span> <span class='ocrx_word' id='word_1_763' title='bbox 3065 4731 3333 4789; x_wconf 85' lang='lat' dir='ltr'><strong>opemque</strong></span> <span class='ocrx_word' id='word_1_764' title='bbox 3361 4723 3602 4770; x_wconf 87' lang='lat' dir='ltr'><strong>vestram</strong></span> 
     </span>
    </p>
   </div>
   <div class='ocr_carea' id='block_1_110' title="bbox 2023 4807 3601 4882">
    <p class='ocr_par' dir='ltr' id='par_1_110' title="bbox 2023 4807 3601 4882">
     <span class='ocr_line' id='line_1_110' title="bbox 2023 4807 3601 4882; baseline -0.003 -18"><span class='ocrx_word' id='word_1_765' title='bbox 2023 4810 2312 4880; x_wconf 88' lang='lat' dir='ltr'><strong>largiatur.</strong></span> <span class='ocrx_word' id='word_1_766' title='bbox 2364 4809 2634 4866; x_wconf 67' lang='lat' dir='ltr'><strong>Caeterum</strong></span> <span class='ocrx_word' id='word_1_767' title='bbox 2682 4812 2771 4866; x_wconf 88' lang='lat' dir='ltr'><strong>ille</strong></span> <span class='ocrx_word' id='word_1_768' title='bbox 2803 4811 2941 4880; x_wconf 90' lang='lat' dir='ltr'><strong>ipse,</strong></span> <span class='ocrx_word' id='word_1_769' title='bbox 2970 4826 3130 4882; x_wconf 89' lang='lat' dir='ltr'><strong>quem</strong></span> <span class='ocrx_word' id='word_1_770' title='bbox 3171 4809 3281 4878; x_wconf 76' lang='lat' dir='ltr'><strong>jam</strong></span> <span class='ocrx_word' id='word_1_771' title='bbox 3315 4808 3445 4870; x_wconf 75' lang='lat' dir='ltr'><strong>dixi,</strong></span> <span class='ocrx_word' id='word_1_772' title='bbox 3481 4807 3601 4860; x_wconf 80' lang='lat' dir='ltr'><strong>dia-</strong></span> 
     </span>
    </p>
   </div>
   <div class='ocr_carea' id='block_1_111' title="bbox 2019 4897 3599 4971">
    <p class='ocr_par' dir='ltr' id='par_1_111' title="bbox 2019 4897 3599 4971">
     <span class='ocr_line' id='line_1_111' title="bbox 2019 4897 3599 4971; baseline -0.002 -15"><span class='ocrx_word' id='word_1_773' title='bbox 2019 4917 2194 4958; x_wconf 90' lang='lat' dir='ltr'><strong>conus</strong></span> <span class='ocrx_word' id='word_1_774' title='bbox 2221 4904 2436 4971; x_wconf 81' lang='lat' dir='ltr'><strong>singula</strong></span> <span class='ocrx_word' id='word_1_775' title='bbox 2468 4903 2747 4958; x_wconf 87' lang='lat' dir='ltr'><strong>dilectioni</strong></span> <span class='ocrx_word' id='word_1_776' title='bbox 2776 4912 2973 4958; x_wconf 83' lang='lat' dir='ltr'><strong>vestrae</strong></span> <span class='ocrx_word' id='word_1_777' title='bbox 3001 4900 3297 4955; x_wconf 86' lang='lat' dir='ltr'><strong>nuntiabit.</strong></span> <span class='ocrx_word' id='word_1_778' title='bbox 3329 4897 3599 4954; x_wconf 85' lang='lat' dir='ltr'><strong>Omnibus</strong></span> 
     </span>
    </p>
   </div>
   <div class='ocr_carea' id='block_1_112' title="bbox 2017 4993 3589 5065">
    <p class='ocr_par' dir='ltr' id='par_1_112' title="bbox 2017 4993 3589 5065">
     <span class='ocr_line' id='line_1_112' title="bbox 2017 4993 3589 5065; baseline -0.002 -18"><span class='ocrx_word' id='word_1_779' title='bbox 2017 5001 2198 5049; x_wconf 86' lang='lat' dir='ltr'><strong>autem</strong></span> <span class='ocrx_word' id='word_1_780' title='bbox 2230 5010 2353 5065; x_wconf 65' lang='lat' dir='ltr'><strong>quas</strong></span> <span class='ocrx_word' id='word_1_781' title='bbox 2384 4996 2649 5051; x_wconf 89' lang='lat' dir='ltr'><strong>canonice</strong></span> <span class='ocrx_word' id='word_1_782' title='bbox 2678 5011 2711 5049; x_wconf 89' lang='lat' dir='ltr'><strong>a</strong></span> <span class='ocrx_word' id='word_1_783' title='bbox 2741 5002 2924 5051; x_wconf 82' lang='lat' dir='ltr'><strong>vestra</strong></span> <span class='ocrx_word' id='word_1_784' title='bbox 2951 4993 3265 5065; x_wconf 67' lang='lat' dir='ltr'><strong>praestantia</strong></span> <span class='ocrx_word' id='word_1_785' title='bbox 3293 4998 3413 5045; x_wconf 87' lang='lat' dir='ltr'><strong>acta</strong></span> <span class='ocrx_word' id='word_1_786' title='bbox 3438 4999 3589 5056; x_wconf 90' lang='lat' dir='ltr'><strong>sunt,</strong></span> 
     </span>
    </p>
   </div>
   <div class='ocr_carea' id='block_1_113' title="bbox 2086 5127 3595 5203">
    <p class='ocr_par' dir='ltr' id='par_1_113' title="bbox 2086 5127 3595 5203">
     <span class='ocr_line' id='line_1_113' title="bbox 2086 5127 3595 5203; baseline -0.001 -18"><span class='ocrx_word' id='word_1_787' title='bbox 2086 5129 2201 5203; x_wconf 78' lang='grc' dir='ltr'><strong>(Ιὸ)</strong></span> <span class='ocrx_word' id='word_1_788' title='bbox 2239 5132 2398 5202; x_wconf 84' lang='grc' dir='ltr'>Πρὸς</span> <span class='ocrx_word' id='word_1_789' title='bbox 2441 5132 2838 5203; x_wconf 77' lang='grc' dir='ltr'>συμπάθειαν.</span> <span class='ocrx_word' id='word_1_790' title='bbox 2875 5130 2953 5186; x_wconf 87' lang='lat' dir='ltr'><strong>Ita</strong></span> <span class='ocrx_word' id='word_1_791' title='bbox 3003 5140 3115 5186; x_wconf 90' lang='lat' dir='ltr'><strong>tres</strong></span> <span class='ocrx_word' id='word_1_792' title='bbox 3162 5144 3299 5185; x_wconf 87' lang='lat' dir='ltr'><strong>mss.</strong></span> <span class='ocrx_word' id='word_1_793' title='bbox 3331 5127 3595 5183; x_wconf 90' lang='lat' dir='ltr'><strong>vetustis-</strong></span> 
     </span>
    </p>
   </div>
   <div class='ocr_carea' id='block_1_114' title="bbox 2017 5200 2852 5275">
    <p class='ocr_par' dir='ltr' id='par_1_114' title="bbox 2017 5200 2852 5275">
     <span class='ocr_line' id='line_1_114' title="bbox 2017 5200 2852 5275; baseline 0 -20"><span class='ocrx_word' id='word_1_794' title='bbox 2017 5200 2188 5275; x_wconf 58' lang='lat' dir='ltr'><strong>simi}</strong></span> <span class='ocrx_word' id='word_1_795' title='bbox 2222 5200 2353 5257; x_wconf 66' lang='lat' dir='ltr'><strong>editi</strong></span> <span class='ocrx_word' id='word_1_796' title='bbox 2384 5205 2464 5267; x_wconf 82' lang='grc' dir='ltr'>εἰς</span> <span class='ocrx_word' id='word_1_797' title='bbox 2492 5200 2852 5275; x_wconf 74' lang='grc' dir='ltr'>συμπάθειαν.</span> 
     </span>
    </p>
   </div>
   <div class='ocr_carea' id='block_1_115' title="bbox 2089 5271 2843 5343">
    <p class='ocr_par' dir='ltr' id='par_1_115' title="bbox 2089 5271 2843 5343">
     <span class='ocr_line' id='line_1_115' title="bbox 2089 5271 2843 5343; baseline -0.003 -18"><span class='ocrx_word' id='word_1_798' title='bbox 2089 5271 2200 5343; x_wconf 88' lang='grc'><strong>(16)</strong></span> <span class='ocrx_word' id='word_1_799' title='bbox 2241 5274 2404 5341; x_wconf 82' lang='grc' dir='ltr'>Παρὰ</span> <span class='ocrx_word' id='word_1_800' title='bbox 2453 5271 2629 5328; x_wconf 71' lang='grc' dir='ltr'>πολύ.</span> <span class='ocrx_word' id='word_1_801' title='bbox 2684 5272 2843 5326; x_wconf 79' lang='lat' dir='ltr'><strong>Deest</strong></span> 
     </span>
    </p>
   </div>
   <div class='ocr_carea' id='block_1_116' title="bbox 2016 5338 3591 5412">
    <p class='ocr_par' dir='ltr' id='par_1_116' title="bbox 2016 5338 3591 5412">
     <span class='ocr_line' id='line_1_116' title="bbox 2016 5338 3591 5412; baseline -0.003 -17"><span class='ocrx_word' id='word_1_802' title='bbox 2016 5338 2191 5412; x_wconf 80' lang='lat' dir='ltr'><strong>Regio</strong></span> <span class='ocrx_word' id='word_1_803' title='bbox 2241 5352 2294 5398; x_wconf 87' lang='lat' dir='ltr'><strong>et</strong></span> <span class='ocrx_word' id='word_1_804' title='bbox 2325 5338 2503 5398; x_wconf 76' lang='lat' dir='ltr'><strong>L‘oisl.</strong></span> <span class='ocrx_word' id='word_1_805' title='bbox 2553 5343 2833 5412; x_wconf 57' lang='lat' dir='ltr'><strong>secundo.</strong></span> <span class='ocrx_word' id='word_1_806' title='bbox 2868 5338 3070 5397; x_wconf 84' lang='lat' dir='ltr'><strong>Ibidem</strong></span> <span class='ocrx_word' id='word_1_807' title='bbox 3113 5339 3245 5412; x_wconf 75' lang='lat' dir='ltr'><strong>editi</strong></span> <span class='ocrx_word' id='word_1_808' title='bbox 3292 5338 3591 5402; x_wconf 84' lang='grc' dir='ltr'>ἀπολείπη-</span> 
     </span>
    </p>
   </div>
   <div class='ocr_carea' id='block_1_117' title="bbox 2014 5409 3595 5480">
    <p class='ocr_par' dir='ltr' id='par_1_117' title="bbox 2014 5409 3595 5480">
     <span class='ocr_line' id='line_1_117' title="bbox 2014 5409 3595 5480; baseline -0.001 -14"><span class='ocrx_word' id='word_1_809' title='bbox 2014 5409 2124 5466; x_wconf 72' lang='grc' dir='ltr'>ταιῖ</span> <span class='ocrx_word' id='word_1_810' title='bbox 2165 5412 2292 5467; x_wconf 84' lang='lat' dir='ltr'><strong>Mss.</strong></span> <span class='ocrx_word' id='word_1_811' title='bbox 2329 5422 2388 5466; x_wconf 90' lang='lat' dir='ltr'><strong>nt</strong></span> <span class='ocrx_word' id='word_1_812' title='bbox 2419 5415 2471 5467; x_wconf 90' lang='lat' dir='ltr'><strong>in</strong></span> <span class='ocrx_word' id='word_1_813' title='bbox 2501 5422 2780 5468; x_wconf 73' lang='lat' dir='ltr'><strong>contextu.</strong></span> <span class='ocrx_word' id='word_1_814' title='bbox 2814 5411 2984 5465; x_wconf 83' lang='lat' dir='ltr'><strong>Paulo</strong></span> <span class='ocrx_word' id='word_1_815' title='bbox 3024 5421 3143 5480; x_wconf 87' lang='lat' dir='ltr'><strong>post</strong></span> <span class='ocrx_word' id='word_1_816' title='bbox 3184 5409 3316 5475; x_wconf 78' lang='lat' dir='ltr'><strong>Reg.</strong></span> <span class='ocrx_word' id='word_1_817' title='bbox 3362 5419 3595 5480; x_wconf 82' lang='lat' dir='ltr'><strong>uterque</strong></span> 
     </span>
    </p>
   </div>
   <div class='ocr_carea' id='block_1_118' title="bbox 2014 5478 3419 5552">
    <p class='ocr_par' dir='ltr' id='par_1_118' title="bbox 2014 5478 3419 5552">
     <span class='ocr_line' id='line_1_118' title="bbox 2014 5478 3419 5552; baseline -0.004 -15"><span class='ocrx_word' id='word_1_818' title='bbox 2014 5491 2069 5537; x_wconf 88' lang='lat' dir='ltr'><strong>et</strong></span> <span class='ocrx_word' id='word_1_819' title='bbox 2093 5483 2264 5537; x_wconf 77' lang='lat' dir='ltr'><strong>Coisl.</strong></span> <span class='ocrx_word' id='word_1_820' title='bbox 2297 5484 2573 5537; x_wconf 90' lang='lat' dir='ltr'><strong>secundus</strong></span> <span class='ocrx_word' id='word_1_821' title='bbox 2612 5483 2664 5537; x_wconf 75' lang='grc' dir='ltr'>εἴ</span> <span class='ocrx_word' id='word_1_822' title='bbox 2700 5501 2750 5535; x_wconf 81' lang='grc' dir='ltr'><strong>τι</strong></span> <span class='ocrx_word' id='word_1_823' title='bbox 2779 5478 3087 5552; x_wconf 55' lang='grc' dir='ltr'>σπλάγχνον</span> <span class='ocrx_word' id='word_1_824' title='bbox 3114 5478 3419 5552; x_wconf 76' lang='grc' dir='ltr'>οἰκτιρμοῦ.</span> 
     </span>
    </p>
   </div>
   <div class='ocr_carea' id='block_1_119' title="bbox 2087 5550 3585 5622">
    <p class='ocr_par' dir='ltr' id='par_1_119' title="bbox 2087 5550 3585 5622">
     <span class='ocr_line' id='line_1_119' title="bbox 2087 5550 3585 5622; baseline -0.003 -16"><span class='ocrx_word' id='word_1_825' title='bbox 2087 5553 2103 5606; x_wconf 83' lang='lat'><strong><em>(</em></strong></span> <span class='ocrx_word' id='word_1_826' title='bbox 2115 5553 2175 5606; x_wconf 86' lang='grc'><strong>17</strong></span> <span class='ocrx_word' id='word_1_827' title='bbox 2184 5566 2200 5622; x_wconf 77' lang='grc'><strong>)</strong></span> <span class='ocrx_word' id='word_1_828' title='bbox 2235 5553 2620 5622; x_wconf 72' lang='grc' dir='ltr'>Οἰκοδομοῑνν.</span> <span class='ocrx_word' id='word_1_829' title='bbox 2653 5555 2728 5607; x_wconf 84' lang='lat' dir='ltr'><strong>lta</strong></span> <span class='ocrx_word' id='word_1_830' title='bbox 2768 5554 2936 5622; x_wconf 75' lang='lat' dir='ltr'><strong>Coisl.</strong></span> <span class='ocrx_word' id='word_1_831' title='bbox 2964 5550 3182 5621; x_wconf 76' lang='lat' dir='ltr'><strong>primus</strong></span> <span class='ocrx_word' id='word_1_832' title='bbox 3207 5550 3271 5607; x_wconf 85' lang='lat' dir='ltr'><strong>et</strong></span> <span class='ocrx_word' id='word_1_833' title='bbox 3293 5550 3433 5604; x_wconf 82' lang='lat' dir='ltr'><strong>Med.</strong></span> <span class='ocrx_word' id='word_1_834' title='bbox 3459 5563 3585 5622; x_wconf 87' lang='lat' dir='ltr'><strong>c_u|n</strong></span> 
     </span>
    </p>
   </div>
   <div class='ocr_carea' id='block_1_120' title="bbox 2012 5617 3588 5695">
    <p class='ocr_par' dir='ltr' id='par_1_120' title="bbox 2012 5617 3588 5695">
     <span class='ocr_line' id='line_1_120' title="bbox 2012 5617 3588 5695; baseline -0.001 -21"><span class='ocrx_word' id='word_1_835' title='bbox 2012 5617 2192 5678; x_wconf 81' lang='lat' dir='ltr'><strong>tribus</strong></span> <span class='ocrx_word' id='word_1_836' title='bbox 2223 5624 2366 5678; x_wconf 83' lang='lat' dir='ltr'><strong>aliis.</strong></span> <span class='ocrx_word' id='word_1_837' title='bbox 2396 5617 2541 5695; x_wconf 47' lang='lat' dir='ltr'><strong>[illiti</strong></span> <span class='ocrx_word' id='word_1_838' title='bbox 2576 5623 2852 5695; x_wconf 80' lang='grc' dir='ltr'>στερεοῦν.</span> <span class='ocrx_word' id='word_1_839' title='bbox 2887 5617 3039 5676; x_wconf 76' lang='lat' dir='ltr'><strong>llarl.</strong></span> <span class='ocrx_word' id='word_1_840' title='bbox 3078 5637 3206 5676; x_wconf 92' lang='lat' dir='ltr'><strong>cum</strong></span> <span class='ocrx_word' id='word_1_841' title='bbox 3240 5636 3350 5675; x_wconf 91' lang='lat' dir='ltr'><strong>uno</strong></span> <span class='ocrx_word' id='word_1_842' title='bbox 3378 5636 3445 5675; x_wconf 77' lang='lat' dir='ltr'><strong>ex</strong></span> <span class='ocrx_word' id='word_1_843' title='bbox 3477 5617 3588 5673; x_wconf 80' lang='lat' dir='ltr'><strong>Re-</strong></span> 
     </span>
    </p>
   </div>
   <div class='ocr_carea' id='block_1_121' title="bbox 2011 5692 2479 5763">
    <p class='ocr_par' dir='ltr' id='par_1_121' title="bbox 2011 5692 2479 5763">
     <span class='ocr_line' id='line_1_121' title="bbox 2011 5692 2479 5763; baseline 0.004 -18"><span class='ocrx_word' id='word_1_844' title='bbox 2011 5695 2115 5763; x_wconf 85' lang='lat' dir='ltr'><strong>giis</strong></span> <span class='ocrx_word' id='word_1_845' title='bbox 2143 5692 2479 5763; x_wconf 77' lang='grc' dir='ltr'>οἰκονομοῦν.</span> 
     </span>
    </p>
   </div>
   <div class='ocr_carea' id='block_1_122' title="bbox 2084 5758 3587 5837">
    <p class='ocr_par' dir='ltr' id='par_1_122' title="bbox 2084 5758 3587 5837">
     <span class='ocr_line' id='line_1_122' title="bbox 2084 5758 3587 5837; baseline 0.004 -23"><span class='ocrx_word' id='word_1_846' title='bbox 2084 5758 2338 5834; x_wconf 65' lang='lat' dir='ltr'><strong>(18)_Tﬁg&#39;</strong></span> <span class='ocrx_word' id='word_1_847' title='bbox 2353 5764 2534 5830; x_wconf 80' lang='grc' dir='ltr'>θείας.</span> <span class='ocrx_word' id='word_1_848' title='bbox 2559 5762 2638 5819; x_wconf 82' lang='lat' dir='ltr'><strong>ita</strong></span> <span class='ocrx_word' id='word_1_849' title='bbox 2657 5774 2863 5837; x_wconf 74' lang='lat' dir='ltr'><strong>septem</strong></span> <span class='ocrx_word' id='word_1_850' title='bbox 2889 5780 3020 5822; x_wconf 85' lang='lat' dir='ltr'><strong>mss.</strong></span> <span class='ocrx_word' id='word_1_851' title='bbox 3040 5762 3291 5833; x_wconf 67' lang='grc' dir='ltr'>Εόίιὶτῆς</span> <span class='ocrx_word' id='word_1_852' title='bbox 3307 5758 3587 5832; x_wconf 63' lang='grc' dir='ltr'>ἀληθείας.</span> 
     </span>
    </p>
   </div>
   <div class='ocr_carea' id='block_1_123' title="bbox 2900 5267 3598 5339">
    <p class='ocr_par' dir='ltr' id='par_1_123' title="bbox 2900 5267 3598 5339">
     <span class='ocr_line' id='line_1_123' title="bbox 2900 5267 3598 5339; baseline 0 -17"><span class='ocrx_word' id='word_1_853' title='bbox 2900 5270 3211 5339; x_wconf 70' lang='lat' dir='ltr'><strong>prmpositio</strong></span> <span class='ocrx_word' id='word_1_854' title='bbox 3253 5267 3309 5321; x_wconf 93' lang='lat' dir='ltr'><strong>in</strong></span> <span class='ocrx_word' id='word_1_855' title='bbox 3359 5276 3598 5339; x_wconf 84' lang='lat' dir='ltr'><strong>utroque</strong></span> 
     </span>
    </p>
   </div>
  </div>
