3988 6194
363 363 475 425 475

1651 370 1707 428 s.
1750 372 1997 428 BASILII
2037 371 2255 428 MAGNI
2291 335 2294 340 ’

3528 368 3635 423 476

367 465 584 545 assensi
618 503 814 544 sumus
839 529 854 554 ,
887 489 1256 558 apostolicum
1285 496 1526 544 vestrum
1558 496 1721 544 rectm
1753 489 1954 545 doctri-

2065 506 2185 542 στον
2220 489 2264 560 (l
2279 485 2332 556 Ξη
2362 504 2526 551 αυτος
2560 504 2588 540 ο
2616 502 3012 560 προειρημενος
3040 485 3382 547 συνδιάκονος
3405 486 3640 552 ἀναγγε-

369 594 454 632 nte
483 577 726 633 studium
764 578 1077 634 laudantes.

2055 580 2140 633 λεί
2189 579 2345 652 ὑμῶν
2392 584 2458 652 τῇ
2507 579 2717 652 ἀγάπῃ.
2768 581 2878 632 Καὶ
2911 581 3046 633 πᾶσι
3087 579 3143 632 δὲ
3175 580 3288 641 τοῖς
3326 575 3639 647 γενομένοις

368 669 668 732 κανονικῶς
715 669 866 740 παρὰ
914 671 1012 740 τῆς
1076 669 1350 741 ὑμετέρας
1395 671 1710 743 τιμιότητος
1762 671 2134 743 συνεθέμεθα,
2180 675 2268 726 τὸν
2308 672 2664 728 ἀποστολικὸν
2705 671 2858 743 ὑμῶν
2916 671 3072 743 ζῆλον
3139 672 3278 743 ὑπὲρ
3342 669 3442 740 τῆς
3484 665 3640 738 ὀρθο-

366 757 549 826 δοξίας
584 760 996 832 ἀποδεξάμενοι.

885 911 1226 970 EPISTOLA
1266 912 1417 969 XCI‘.

2624 913 2974 966 EHIZTOAH
3011 914 3124 980 ιΑι.

374 1047 628 1101 Valeriani
648 1049 820 1102 litteris
843 1051 1116 1114 respondet,
1139 1064 1341 1118 euntque
1361 1064 1447 1113 per
1487 1048 1720 1118 Sabinum
1743 1048 1938 1118 salutat,
1961 1053 2007 1099 et
2043 1047 2322 1118 obtestatur:
2341 1054 2389 1116 ut
2409 1050 2524 1118 oret
2559 1059 2651 1106 pro
2671 1043 2874 1118 [miseris
2893 1045 3122 1097 Ecclesia:
3149 1025 3422 1098 'Orientalts
3461 1042 3634 1109 réﬁus;

1165 1109 1336 1177 quibus
1359 1109 1596 1163 Sanandis
1621 1109 1946 1163 necessarium
1977 1124 2082 1161 esse
2101 1109 2542 1173 doretjtl'ccideutis
2563 1109 2822 1158 auxilium.

659 1237 971 1304 Valeriano,
1013 1237 1358 1309 Illyricorum
1397 1242 1657 1310 episcopo.

439 1326 637 1384 Grates
671 1327 900 1382 Domino
929 1331 1178 1400 largienti
1210 1319 1402 1396 nobis,
1423 1343 1480 1386 ut
1509 1332 1821 1389 dilectionis
1859 1350 1950 1390 ve—

369 1417 504 1472 teris
534 1417 770 1472 fructum
803 1419 857 1472 in
883 1427 974 1473 tua
1001 1419 1238 1488 puritate
1264 1423 1582 1478 videamus:
1616 1425 1708 1494 qui
1741 1426 1949 1480 scilicet

370 1508 509 1563 adeo
547 1524 780 1578 corpore
823 1511 1146 1579 sejunctus,
1195 1514 1356 1569 nobis
1411 1523 1466 1569 te
1520 1531 1616 1585 per
1661 1518 1947 1586 epistolam

368 1601 735 1669 conjunxisti,
769 1616 978 1672 nosque
1012 1604 1283 1672 spirituali
1316 1614 1410 1660 tuo
1435 1616 1490 1660 et
1518 1614 1710 1661 sancto
1738 1609 1953 1664 deside-

368 1692 454 1746 rio
483 1693 824 1762 complexus,
855 1709 964 1747 non
1001 1696 1362 1750 euarrabilem
1395 1697 1682 1766 quemdam
1711 1714 1950 1754 amorem

367 1783 572 1837 animis
603 1785 810 1840 nostris
840 1785 1110 1842 indidisti.
1139 1785 1274 1840 Nam
1307 1789 1483 1858 reipsa
1514 1789 1618 1842 vim
1648 1789 1948 1845 didicimus

369 1874 649 1929 Proverbii
687 1876 868 1932 illius:
907 1875 976 1930 Ut
1001 1879 1195 1931 anima:
1225 1878 1428 1932 sitienti
1456 1896 1592 1948 aqua
1626 1879 1846 1951 frigida,
1873 1881 1949 1933 ita

2217 1237 2616 1305 Οὐαλεριανῷ,
2651 1238 2961 1302 ἐπισκόπῳ
3005 1237 3315 1306 mmo,-
3343 1239 3474 1310 (ΞΟ).

2127 1329 2302 1400 Χάρις
2327 1329 2405 1400 τῷ
2436 1329 2624 1400 Κυρίῳ
2655 1328 2790 1401 (21),
2818 1328 2894 1399 τῷ
2919 1329 3060 1381 δόντι
3091 1330 3220 1399 ἡμῖν
3249 1330 3482 1400 ἀρχαίας
3505 1331 3639 1398 ἀγά-

2056 1438 2163 1490 πης
2209 1422 2420 1492 καρπὸν
2460 1421 2586 1474 ίδεῖν
2615 1421 2671 1473 ἐν
2701 1423 2767 1492 τῇ
2819 1423 2883 1490 σῇ
2935 1419 3295 1496 καθαρότητι·
3328 1422 3386 1484 ὃς
3432 1438 3495 1488 γε
3546 1438 3636 1474 το-

2056 1513 2242 1566 σοῦτον
2283 1512 2505 1578 διεστὼς
2551 1511 2628 1583 τῷ
2658 1514 2890 1582 σώματι,
2939 1512 3182 1582 συνῆψας
3230 1514 3360 1582 ἡμῖν
3411 1513 3636 1566 σεαυτὸν

2052 1605 2141 1658 διὰ
2173 1605 2522 1676 γράμματος,
2569 1604 2662 1657 καὶ
2708 1604 2786 1673 τῷ
2836 1603 3189 1674 πνευματικῷ
3237 1621 3328 1655 σου
3356 1603 3451 1656 καὶ
3494 1604 3637 1674 ἁγίῳ

2054 1696 2202 1767 πόθῳ
2235 1695 2704 1768 περιπτυξάμενος
2751 1695 2917 1764 ἡμᾶς,
2961 1693 3238 1764 ἀμύθητόν
3282 1710 3334 1744 τι
3370 1693 3480 1764 (22)
3518 1692 3638 1762 φίλ-

2053 1802 2179 1857 τρον
2207 1789 2326 1849 ταῖς
2353 1787 2552 1856 ψυχαῖς
2581 1785 2737 1857 ἡμῶν
2764 1785 3108 1854 ἐνεποίησας.
3139 1785 3324 1856 Ἔργῳ
3360 1786 3467 1856 γάρ
3500 1785 3639 1856 ἐμά-

2055 1875 2219 1946 θομεν
2248 1876 2348 1946 τῆς
2375 1875 2672 1947 παροιμίας
2699 1875 2798 1947 τὴν
2831 1874 3079 1942 δύναμιν,
3101 1874 3182 1927 ὅτι
3202 1875 3431 1942 ’Ὠσπερ
3460 1874 3638 1945 ψυχῇ

369 1965 588 2018 nuntius
616 1965 781 2020 bonus
813 1967 876 2021 de
904 1976 1046 2021 terra
1080 1969 1446 2038 longinqua".
1478 1969 1668 2040 Magna
1697 1971 1842 2025 enim
1869 1980 1952 2026 est

2065 1967 2288 2036 διψώσῃ
2325 1967 2567 2036 ψυχρὸν
2596 1966 3007 2035 ὒδωρ,-οῧτως
3039 1968 3285 2036 ἀγγελία
3326 1967 3515 2036 ἀγαθὴ
3565 1968 3638 2021 ἐκ

368 2055 512 2124 apud
536 2071 638 2111 nos
659 2055 830 2113 fames
849 2058 1151 2122 charitatis,
1174 2059 1342 2114 frater
1358 2059 1762 2116 colendissime.
1781 2062 1956 2117 Causa

373 2155 557 2201 autem
592 2147 900 2213 manifesta,
938 2149 1195 2204 nimirum
1228 2165 1294 2204 eo
1322 2149 1467 2220 quod
1491 2150 1845 2220 multiplicata
1885 2152 1958 2206 sit

368 2235 658 2306 iniquitas,
676 2237 969 2292 multorum
987 2239 1200 2293 refrixit
1217 2240 1480 2296 charitas.
1501 2239 1630 2294 Eam
1648 2241 1718 2295 ob
1733 2256 1955 2297 causam

368 2335 427 2382 et
452 2327 663 2384 litteras
689 2338 814 2384 tuas
835 2330 1053 2400 plurimi
1077 2329 1332 2396 fecimus,
1358 2339 1412 2387 et
1432 2333 1582 2389 vices
1605 2335 1956 2404 rependimus

367 2417 468 2472 tibi
495 2433 591 2488 per
626 2419 876 2475 eumdem
905 2422 1083 2475 virum
1133 2423 1610 2493 religiosissimum
1663 2426 1958 2481 condiaco-

368 2528 500 2568 num
529 2525 774 2570 nostrum
807 2517 964 2587 183
990 2525 1043 2572 et
1074 2516 1298 2573 fratrem
1332 2518 1634 2574 Sabinum:
1666 2536 1764 2591 per
1792 2536 1954 2590 quem

368 2611 423 2659 et
453 2604 550 2660 tibi
585 2615 803 2662 nosmet
837 2615 996 2663 notus
1029 2606 1283 2672 facimus,
1315 2618 1367 2664 et
1400 2618 1452 2666 te
1478 2612 1856 2676 obsecramus,
1897 2619 1956 2668 ut

369 2697 426 2750 in
456 2699 710 2766 precibus
740 2714 840 2768 pro
863 2701 1020 2756 nobis
1047 2701 1328 2772 invigiles,
1361 2712 1420 2757 ut
1455 2705 1671 2758 tandem
1708 2705 1957 2775 aliquan-

367 2786 440 2842 do
473 2789 638 2844 rebus
683 2791 891 2846 nostris
935 2790 1080 2848 Deus
1129 2801 1353 2848 sanctus
1402 2796 1856 2864 tranquillitatem
1893 2812 1956 2852 ac

367 2879 608 2950 qm’etem
643 2880 941 2951 impertiat,
973 2891 1028 2937 et
1058 2894 1286 2940 ventum
1321 2886 1469 2941 hunc
1500 2901 1565 2940 ac
1595 2903 1746 2942 mare
1775 2888 1956 2944 incre-

371 2976 499 3037 pet;
535 2971 608 3025 ita
641 2979 698 3025 ut
727 2973 1023 3028 liberemur
1050 2991 1118 3030 ex
1145 2975 1240 3029 illo
1271 2983 1407 3030 aestu
1445 2985 1500 3031 et
1535 2979 1955 3047 perturbatione

367 3061 426 3116 in
457 3076 567 3131 qua
620 3079 767 3118 nunc
819 3065 1107 3120 constituti
1159 3082 1387 3134 sumus,
1440 3083 1712 3122 summam
1743 3084 1957 3140 semper

370 3153 811 3209 submersionem
835 3165 1240 3227 exspectantes.
1265 3157 1372 3214 Sed
1403 3159 1456 3213 id
1485 3159 1646 3214 nobis
1670 3160 1956 3229 magniﬁce

370 3244 520 3302 Deus
554 3245 613 3301 in
646 3249 903 3317 praesenti
934 3249 1186 3314 indulsit,
1225 3257 1284 3305 ut
1317 3267 1416 3307 vos
1450 3251 1770 3308 audiremus
1803 3267 1955 3308 sum-

2057 2056 2167 2125 τῆς
2199 2057 2310 2128 (25)
2323 2058 2643 2126 μακρόθεν.
2666 2055 2846 2119 Δεινός
2868 2057 2976 2127 γάρ
3003 2059 3117 2109 ἐστι
3147 2056 3276 2126 παρ’
3309 2057 3441 2126 ἡμῖν
3479 2055 3640 2125 λιμὸς

2056 2149 2297 2218 ἀγάπης,
2347 2148 2542 2217 ἀδελφὲ
2592 2147 2914 2219 τιμιώτατε.
2947 2148 3056 2200 Καὶ
3089 2150 3122 2218 ἡ
3153 2148 3300 2201 alsia
3348 2147 3637 2219 πρόδηλος,

2055 2241 2137 2294 ὅτι
2162 2240 2248 2294 διά
2276 2241 2338 2294 τὸ
2377 2239 2744 2311 πληθυνθῆναι
2771 2240 2868 2310 τὴν
2906 2239 3134 2310 ἀνομίαν
3175 2239 3352 2308 ἐψύγη
3389 2238 3499 2310 (24)
3526 2237 3639 2294 τῶν

2060 2331 2272 2386 πολλῶν
2317 2334 2349 2403 ἡ
2385 2333 2596 2402 ἀγάπη.
2637 2331 2735 2384 Διά
2762 2331 2921 2384 τοῦτο
2963 2331 3058 2384 καί¹
3098 2330 3292 2382 πολλοῦ
3320 2328 3468 2394 ἄξιον
3504 2329 3641 2399 ἡμῖν

2058 2421 2231 2494 ἐφάνη
2265 2422 2326 2474 τὸ
2356 2423 2610 2492 γράμμα,
2643 2421 2739 2475 καὶ
2767 2420 3108 2492 ἀμειϐόμεθά
3137 2437 3195 2473 σε
3228 2419 3315 2473 διά
3344 2419 3438 2472 τοῦ
3470 2419 3639 2473 αὑτοῦ

2057 2513 2246 2584 ἀνδρὸς
2305 2513 2398 2567 τοῦ
2461 2513 2855 2566 εὐλαϐεστάτου
2924 2512 3266 2565 συνδιακόνου
3325 2512 3481 2582 ἡμῶν
3542 2509 3640 2564 καὶ

2057 2603 2284 2672 ἀδελφοῦ
2334 2603 2596 2656 Σαϐίνου·
2652 2603 2718 2656 δι’
2757 2598 2816 2657 οὗ
2851 2603 2946 2657 καὶ
2996 2602 3335 2672 γνωρίζομέν
3387 2619 3470 2654 σοι
3517 2602 3642 2654 ἐαυ-

2056 2697 2203 2758 τοὺς,
2237 2695 2330 2748 καὶ
2362 2695 2786 2766 παρακαλοῦμεν
2835 2710 2893 2746 σε
2934 2694 3305 2764 ἐπαγρυπνεῖν
3347 2695 3464 2754 ταῖς
3496 2691 3640 2762 ὑπὲρ

2057 2787 2213 2858 ἡμῶν
2254 2790 2620 2858 προσευχαῖς·
2660 2787 2747 2840 ἴνα
2792 2785 2866 2857 δῷ
2916 2803 3045 2838 ποτε
3091 2786 3119 2836 6
3163 2784 3315 2852 ἅγιος
3361 2784 3492 2848 Θεὸς
3542 2784 3638 2838 καὶ

2055 2881 2168 2942 τοῖς
2224 2877 2459 2932 ἐνταῦθα
2504 2879 2790 2951 πράγμασι
2833 2878 3072 2948 γαλήνην
3105 2878 3199 2929 καὶ
3242 2877 3489 2947 ἡσυχίαν,
3542 2877 3640 2929 καὶ

2056 2971 2353 3044 ἐπιτιμήσῃ
2385 2970 2462 3041 τῷ
2494 2971 2679 3040 ἀνέμῳ
2711 2970 2885 3040 τούτῳ
2924 2969 3023 3023 καὶ
3056 2971 3121 3038 τῇ
3168 2968 3409 3040 θαλάσσῃ
3431 2985 3444 2998 ο
3493 2967 3637 3020 ὥστε

2057 3060 2369 3114 παύσασθαι
2422 3062 2569 3132 ἡμᾶς
2604 3060 2696 3113 τοῦ
2733 3061 2894 3113 σάλου
2930 3059 3024 3113 κα)⁵
3065 3062 3165 3130 τῆς
3201 3059 3532 3128 ἀνατροπῆς,
3578 3059 3636 3109 ἐν

2056 3145 2090 3225 ᾗ
2136 3151 2230 3206 νῦν
2272 3151 2709 3224 καθεστήκαμεν,
2757 3151 2844 3204 ἀεὶ
2892 3149 3487 3220 καταποντισθήσεσθαι
3522 3148 3637 3218 (25)

2055 3244 2332 3308 παντελῶς
2362 3244 2742 3315 ἀναμένοντες.
2789 3241 2950 3294 Ἀλλά
2977 3242 3136 3295 τοῦτο
3171 3241 3421 3311 μεγάλως
3446 3241 3503 3293 ἐν
3526 3241 3640 3304 τοῖς

369 3353 462 3394 mo
483 3353 756 3395 consensu
791 3349 846 3395 et
879 3341 1088 3397 unitate
1122 3342 1267 3397 inter
1307 3358 1407 3398 vos
1442 3359 1566 3398 esse
1596 3343 1946 3412 coniunctos,

2065 3338 2324 3411 παροῦσιν
2355 3340 2383 3391 ὁ
2416 3307 2620 3408 Κύριος
2648 3337 2776 3406 ἡμῖν
2811 3334 3122 3404 ἐχαρίσατο,
3157 3307 3216 3385 τὸ
3247 3307 3390 3402 ύμᾶς
3419 3331 3641 3385 ἀκούειν

370 3441 438 3482 ac
464 3427 714 3483 veritatis
745 3428 1051 3483 doctrinam
1092 3431 1213 3488 sine
1251 3432 1647 3502 impedimento
1680 3433 1822 3504 apud
1853 3450 1952 3490 vos

2065 3435 2118 3487 ἐν
2147 3432 2363 3505 ἀκριϐεῖ
2396 3431 2684 3502 συμφωνία
2732 3430 2826 3483 καὶ
2869 3429 3079 3500 ἐνότητι
3111 3424 3249 3481 εἶναι
3292 3427 3430 3499 πρὸς
3470 3426 3640 3498 ἀλλή-

371 3517 694 3573 annuntiari
720 3537 734 3572 :
767 3519 1038 3590 siquidem
1070 3521 1370 3593 aliquando
1401 3523 1469 3593 (si
1513 3522 1676 3578 modo
1706 3539 1814 3579 non
1837 3525 1952 3595 jam

2065 3523 2204 3586 λους,
2239 3522 2332 3576 καὶ
2365 3520 2662 3583 ἀκωλύτως
2705 3521 2832 3592 παρ’
2864 3519 2992 3590 ὑμῖν
3025 3519 3085 3572 τὸ
3127 3520 3388 3590 κήρυγμα
3419 3520 3520 3589 τῆς
3549 3519 3642 3573 εὑ-

371 3606 692 3663 oonclusum
715 3615 800 3663 est
831 3608 997 3678 hujus
1025 3611 1210 3666 mundi
1237 3621 1474 3683 tempus,
1501 3613 1597 3668 sed
1625 3614 1804 3670 adhuc
1829 3617 1954 3671 vita:

373 3695 629 3752 humanae
660 3696 782 3754 dies
813 3701 1150 3771 supersunt)
1181 3717 1416 3758 necesse
1442 3711 1547 3768 est,
1585 3713 1646 3758 ut
1677 3704 1836 3760 tidem
1869 3721 1955 3762 re-

373 3789 592 3844 novetis
622 3787 869 3856 Orienti,
892 3797 946 3844 ct
972 3791 1247 3846 bonorum
1279 3809 1400 3864 qua:
1430 3793 1501 3849 ab
1526 3810 1593 3850 eo
1623 3796 1950 3866 accepistis,

373 3881 878 3936 remunerationem
903 3881 1077 3937 eidem
1101 3883 1156 3938 in
1179 3891 1424 3954 tempore
1444 3887 1789 3956 persolvatis.
1818 3887 1954 3943 Nam

374 3983 510 4024 sana
558 3970 702 4040 apud
738 3987 842 4028 nos
889 3988 1042 4043 pars,
1091 3990 1324 4045 quaeque
1375 3978 1645 4047 majorum
1697 3983 1953 4049 pietatem

374 4065 602 4122 tuetur,
636 4075 745 4115 non
779 4077 973 4132 parum
1011 4063 1258 4133 fatiscit;
1299 4067 1519 4130 diabolo
1553 4072 1740 4127 multis
1769 4088 1832 4127 ac
1857 4089 1956 4128 va-

375 4149 477 4205 riis
511 4152 874 4208 artiﬁciorum
919 4159 1221 4214 assultibus
1261 4175 1360 4230 pro
1406 4178 1505 4217 sua
1539 4165 1709 4233 ipsius
1755 4165 1956 4219 astutia

373 4256 496 4296 eam
539 4247 912 4301 concutiente.
956 4247 1173 4304 Utinam
1213 4262 1396 4308 autem
1426 4256 1627 4310 vestris
1670 4257 1952 4326 precibus}

374 4337 471 4407 qui
497 4335 786 4392 Dominum
832 4339 1095 4411 diligitis,
1149 4345 1536 4415 exstinguatur
1565 4363 1730 4418 prava
1773 4349 1863 4402 illa
1901 4357 1956 4404 et

378 4427 702 4497 populorum
731 4429 1010 4500 deceptrix
1046 4437 1254 4492 erroris
1285 4438 1475 4492 Ariani
1507 4439 1768 4505 haeresis;
1809 4443 1954 4496 relu-

377 4527 500 4572 ceat
525 4526 706 4574 autem
739 4520 881 4575 bona
926 4520 1153 4578 Patrum
1195 4535 1512 4582 nostrorum
1555 4530 1824 4596 doctrina,
1859 4533 1954 4602 qui

377 4604 616 4662 Nicaeam
638 4619 1036 4676 convenerunt,
1062 4612 1200 4669 adeo
1234 4624 1292 4670 ut
1320 4627 1696 4674 consentanea
1727 4621 1954 4675 salutari

378 4700 692 4770 baptismati
723 4703 1048 4773 gloriﬁcatio
1082 4705 1445 4778 adimpleatur
1472 4711 1644 4767 beatae
1672 4711 1951 4767 Triuitati.

2061 3614 2274 3677 σεϐείας
2315 3611 2834 3686 περιαγγέλλεσθαιο
2875 3611 3163 3682 ότεδήποτε
3203 3609 3312 3679 γὰρ
3345 3611 3524 3680 (εἴπερ
3561 3611 3652 3686 μὴ

2062 3704 2480 3774 συγκέκλεισται
2522 3701 2708 3755 λοιπὸν
2752 3703 2780 3754 6
2829 3700 3019 3772 χρόνος
3051 3698 3144 3752 τοῦ
3185 3698 3392 3769 κόσμου
3421 3697 3634 3757 τούτου,

2059 3798 2175 3851 ἀλλ’
2202 3797 2283 3850 ἔτι
2312 3795 2514 3867 ἡμέραι
2546 3795 2644 3865 τῆς
2675 3792 3022 3864 ἀνθρωπίνης
3058 3791 3202 3862 ζωῆς
3231 3791 3638 3856 ὑπολείπονται)

2059 3889 2272 3958 ἀνάγκη
2329 3889 2460 3958 παρ’
2521 3884 2677 3955 ὑμῶν
2727 3882 3101 3953 ἀνανεωθῆναι
3163 3881 3261 3952 τὴν
3321 3881 3504 3935 πίστιν
3568 3884 3646 3953 τῇ

2075 3979 2350 4049 Ἀνατολῇο
2382 3977 2476 4032 καὶ
2502 3970 2576 4031 ὧν
2602 3974 2821 4028 ἐλάϐετε
2858 3974 2986 4045 παρ’
3020 3974 3187 4044 αὐτῆς
3232 3972 3472 4041 ἀγαθῶν,
3512 3971 3640 4025 τού-

2060 4089 2168 4126 των
2202 4073 2259 4126 ἐν
2289 4070 2468 4142 καιρῷ
2503 4067 2881 4140 παρασχέσθαι
2913 4067 3048 4136 αὐτῇ
3082 4065 3179 4137 τὴν
3235 4065 3518 4118 ἀντίδοσιν.
3562 4064 3641 4118 Τδ

2061 4163 2169 4236 γάρ
2209 4165 2447 4232 ὑγιαῖνον
2491 4160 2722 4214 ἐνταῦθα
2760 4160 2943 4229 μέρος,
2979 4161 3069 4212 καὶ
3110 4159 3208 4229 τὴν
3238 4158 3344 4211 τῶν
3381 4156 3636 4228 πατέρων

2061 4254 2342 4308 εὐσέϐειαν
2391 4252 2661 4311 ἐκδικοῡν,
2716 4249 2913 4312 ἱκανῶς
2962 4248 3231 4320 κέκμηκε,
3278 4247 3499 4310 πολλαῖς
3541 4248 3638 4300 καὶ

2062 4345 2336 4407 ποικίλαις
2384 4341 2791 4414 μηχανημάτων
2841 4339 3167 4409 προσϐολαῖς
3220 4339 3277 4392 ἐν
3326 4340 3391 4409 τῇ
3441 4337 3638 4390 ἑαυτοῦ

2064 4436 2312 4510 μεθοδείᾳ
2363 4433 2455 4487 τοῦ
2511 4433 2756 4488 διαϐόλου
2800 4433 2932 4486 αὐτὸ
2983 4430 3421 4492 κατασείσαντος.
3497 4429 3637 4482 Ἀλλ’

2060 4529 2246 4598 εὐχαῖς
2311 4525 2601 4598 ὑμετέραις
2672 4524 2782 4579 τῶν
2852 4522 3192 4592 ἀγαπώντων
3262 4521 3352 4574 τὸν
3409 4519 3635 4592 Κύριον,

2063 4619 2312 4690 σϐεσθείη
2360 4617 2458 4689 μὲν
2490 4619 2524 4688 ἡ
2559 4616 2774 4688 πονηρά
2806 4617 2900 4670 καὶ
2932 4613 3231 4677 λαοπλάνος
3274 4614 3488 4683 αἵρεσις
3535 4613 3640 4682 τῆς

2070 4712 2278 4784 Ἀρείου
2336 4710 2688 4776 κακοδοξίας·
2739 4707 3079 4778 ἀναλάμψειε
3126 4705 3184 4759 δέ
3233 4705 3267 4775 ἡ
3309 4703 3484 4775 ἀγαθὴ
3528 4704 3642 4757 τῶν

378 4792 640 4866 Πατέρων
684 4795 844 4865 ἡμῶν
889 4795 1224 4864 διδασκαλία,
1280 4800 1389 4854 τῶν
1431 4803 1792 4857 συνελθόντων
1838 4804 1981 4858 κατά
2015 4805 2115 4874 τὴν
2157 4805 2413 4869 Νίκαιαν,
2474 4802 2615 4856 ῶστε
2668 4800 2955 4871 σύμφωνον
3027 4797 3106 4868 τῷ
3153 4795 3402 4868 σωτηρίῳ
3445 4795 3644 4866 βαπτί-

378 4902 544 4960 σματι
592 4889 690 4960 τὴν
735 4889 1040 4961 δοξολογίαν
1091 4895 1532 4968 ἀποπληροῦσθαι
1577 4903 1643 4972 τῇ
1691 4901 1935 4974 μακαρίᾳ
1971 4902 2179 4974 Τριάδι.

451 5022 496 5054 ἰ’
516 5021 678 5081 Prov.
711 5039 839 5088 xxv.
861 5025 952 5080 25.

454 5140 657 5216 '_Alias
685 5141 1009 5198 CCCXXIV.
1047 5143 1260 5216 Scripta
1294 5150 1440 5201 anno
1475 5146 1600 5202 372.
1632 5145 1806 5213 Quam
1837 5149 1961 5203 dul-

385 5225 450 5292 ce
465 5209 667 5292 Basilio
681 5227 804 5268 cum
832 5217 1104 5286 episc0pis
1127 5209 1285 5288 longe
1309 5219 1534 5274 remotis
1553 5209 1817 5274 charitate
1829 5235 1962 5274 con-

384 5296 562 5348 jungn

605 5353 673 5428 Τὸ
705 5351 773 5428 δὲ
805 5354 1200 5428 κᾳθέκαστον.
1234 5354 1359 5411 Ηωο
1401 5365 1452 5411 et
1487 5373 1609 5427 qua:
1657 5367 1962 5428 sequuntur

388 5423 679 5504 oesuntjn.
699 5425 947 5492 pluribus
975 5442 1154 5496 ,mss.,
1187 5442 1297 5482 non
1330 5423 1518 5482 tamen
1560 5430 1615 5483 in
1639 5423 1834 5498 _tribus
1865 5446 1960 5484 ve-

391 5499 736 5548 tustissimis.

463 5560 596 5637 (20)
614 5561 945 5637 ’Iuggicbr.
971 5565 1126 5637 Harl,
1149 5574 1204 5622 et
1233 5565 1367 5637 Reg.
1394 5567 1670 5623 secundus
1701 5583 1764 5623 ac
1791 5567 1959 5624 Coisl.

395 5631 668 5708 secundus
725 5632 1044 5708 Ἰλλυρικοῦ.
1101 5631 1455 5708 Perspicuum
1507 5647 1598 5708 est
1658 5639 1960 5708 Aquileiam

397 5700 811 5775 lnic‘designari,
845 5700 1007 5775 cujus
1033 5700 1323 5775 episcopus
1357 5716 1472 5761 erat
1505 5700 1854 5767 Valerianus.

464 5768 577 5847 (21)
615 5770 698 5835 Τῷ
733 5768 945 5840 Κτιρίῴ.
981 5768 1208 5832 Codices
1224 5768 1487 5832 'nonnulli
1509 5777 1588 5848 τῷ
1611 5778 1746 5849 θεῷ.

2135 5148 2248 5220 (2‘2)
2302 5146 2632 5216 Ἀμύθητόν
2652 5163 2728 5200 τι.
2776 5145 2944 5202 Coisl.
2977 5145 3188 5217 primus
3229 5154 3282 5203 et
3313 5145 3452 5202 Med.
3499 5145 3642 5217 ἀμύ-

2066 5217 2226 5271 θητον
2259 5217 2320 5271 τὸ
2349 5218 2588 5271 φίλτρον.

2136 5218 2237 5272 τον
2259 5218 2320 5272 τὸ
2349 5218 2588 5272 φίλτρον.

2099 5236 2226 5290 ητον
2259 5235 2320 5302 τρ
2349 5235 2588 5316 (ριλτρον.
3286 5287 3320 5299 η

2140 5290 2253 5360 (25)
2306 5290 2395 5360 Et:
2431 5306 2562 5360 mc.
2604 5286 2743 5342 llled.
2784 5297 2840 5344 ct
2871 5286 3024 5343 Harl.
3057 5304 3181 5344 cum
3230 5288 3353 5343 alus
3401 5293 3640 5358 quatuor

2066 5358 2269 5414 habent
2299 5359 2363 5411 ἐκ
2389 5358 2512 5428 γῆς.

2136 5430 2248 5497 (24)
2295 5425 2547 5498 Ἐψύγνιμ
2593 5425 2727 5486 Tres
2782 5429 3140 5487 vetustissimi
3189 5429 3410 5485 codices
3461 5426 3640 5497 ψυγή-

2068 5516 2238 5559 σεται,
2276 5499 2592 5568 refrigescet.

2138 5571 2252 5642 (25)
2276 5567 3017 5642 Καταπονζισθήσεσθαι...
3045 5569 3341 5642 μεγάλως.
3361 5567 3454 5642 illa
3485 5575 3641 5622 vetu-

2068 5638 2296 5694 stissimi
2329 5649 2441 5694 tres
2475 5638 2690 5695 codices
2718 5657 2843 5698 cum
2871 5638 3090 5699 duobus
3125 5638 3269 5698 aliis.
3299 5639 3446 5696 Editi
3476 5655 3642 5695 κατα-

2069 5710 2281 5775 ποντίζε
2290 5708 2430 5764 σθαι.
2445 5748 2479 5764 ..
2521 5708 2712 5779 μέγας.
