3988 6194
345 363 454 426 ιπ

915 451 1263 544 ΕΠιΣΤοΑΗ
1301 491 1416 557 te.

1294 371 1791 428 EPISTOLARUM
1829 373 2112 430 CLASSIS
2150 375 2216 430 II.
2257 375 2475 432 EPIST.
2517 376 2676 432 XCII.
3495 379 3600 434 478

2521 491 2854 548 EPISTOLA
2891 492 3066 551 xcu:
3105 562 3111 568 _

348 603 624 674 Orientales
646 606 712 657 ad
733 607 1037 674 scribendum
1061 609 1264 673 impellit
1287 625 1380 674 non
1401 613 1557 664 solum
1580 611 1804 663 solatium
1827 611 1876 663 in
1897 611 2159 674 narrandis
2187 612 2447 674 (erumnis;
2473 613 2556 663 sed
2595 611 2740 662 etiam
2776 625 2883 674 spes
2909 610 3011 671 illa,
3036 608 3368 674 Occidentales
3408 607 3600 674 tandem

411 666 602 739 αναξιξο
624 677 863 739 venturos,
886 671 968 739 ubi
991 673 1052 722 de
1085 666 1226 739 rebus
1252 673 1462 739 orientis
1486 688 1550 725 ea:
1574 675 1754 724 Sabino
1778 673 2102 739 cognoverint.
2133 675 2412 739 Describunt
2429 666 2742 739 'colamitates

2822 670 3007 730 rieutis,
3031 681 3082 722 ut
3100 673 3196 734 ,his
3222 670 3424 734 permoti
3466 670 3602 720 Occi-

411 729 627 787 dentales
649 732 864 796 episcopi
893 731 1095 795 mittant,
1116 732 1202 799 qui
1221 741 1267 786 et
1287 735 1488 787 Itwresis
1511 749 1799 801 progressus
1821 729 2070 787 Eoerceant
2088 741 2130 785 et
2155 748 2322 797 pacem
2340 735 2462 786 inter
2485 735 2614 798 ipsos
2639 735 2896 784 catholicos
2920 729 3242 785 reconcilient}

670 835 826 903 Πρὸς
875 837 1135 906 Ἰταλοὺς
1161 841 1260 894 καὶ
1291 840 1598 908 Γάλλους.

424 942 477 996 1.
519 943 648 1008 Τοῖς
691 944 1122 1016 θεοφιλεστάτοις
1169 950 1264 1002 καὶ
1311 952 1628 1015 ὁσιωτάτοις
1676 949 1925 1020 ἀδελφοῖς

356 1031 786 1107 συλλειτουργοῖς
832 1039 973 1092 κατά
1015 1039 1113 1110 τὴν
1154 1041 1383 1096 Ἰταλίαν
1413 1044 1508 1096 καὶ
1542 1042 1770 1097 Γαλλίαν
1795 1042 1926 1112 ὁμου

352 1123 545 1194 ψύχοις
586 1128 905 1192 ἐπισκόποις
943 1129 1224 1194 Μελέτιος,
1270 1131 1579 1195 Εὐσέϐειος,
1626 1131 1922 1195 Βασίλειος,

355 1217 598 1282 Βάσσος,
648 1219 965 1291 Γρηγόριος,
1014 1222 1300 1292 Πελάγιος,
1358 1222 1587 1288 Παῦλος,
1641 1224 1922 1294 Ἀνθιμος,

353 1306 630 1372 Θεόδοτος,
662 1308 837 1374 Βῖθος,
881 1311 1231 1382 Ἀϐραάμιος,
1287 1313 1502 1377 Ἰοϐῖνος
1542 1314 1676 1385 (26),
1716 1316 1923 1385 Ζήνων,

353 1398 717 1472 Θεοδώρητος,
749 1404 1084 1474 Μαρκιανὸς,
1128 1405 1396 1476 Βάραχος,
1430 1407 1784 1478 Ἀδραάμιος,
1827 1407 1926 1460 Λι-

354 1489 561 1555 ϐἀνιος,
593 1492 915 1557 Θαλάσσιος,
954 1494 1170 1565 Ἰωσὴφ,
1207 1495 1432 1565 Βοηθὸς,
1473 1496 1718 1568 Ἰάτριος,
1740 1495 1928 1549 Θεόδο-

351 1599 474 1647 τος,
524 1585 854 1651 Εὐστάθιος,
909 1586 1270 1658 Βαρσούμας,
1312 1588 1588 1658 Ἰωάννης,
1640 1587 1924 1658 Χοσρόης,

366 1675 652 1747 Ἰωσὰκης,
699 1677 948 1749 Νάρσης,
987 1677 1188 1750 Μάρις,
1227 1679 1267 1731 Γ
1273 1679 1546 1750 ρηγόριος,
1594 1679 1822 1748 Δαφνὸς,
1867 1681 1927 1732 ὲν

351 1767 547 1838 Κυρίῳ
606 1769 838 1840 χαίρειν.
888 1769 1048 1841 Φέρει
1098 1770 1198 1840 μέν
1243 1787 1364 1824 τινα
1404 1771 1757 1844 παραμυθίαν
1805 1772 1927 1833 ταῖς

351 1859 720 1930 ὀδυνωμέναις
745 1860 944 1931 ψυχαῖς
976 1863 1068 1914 καὶ
1103 1863 1404 1934 στεναγμὸς
1433 1862 1692 1928 πολλάκις
1727 1864 1792 1915 ὲκ
1832 1863 1928 1932 βά-

353 1946 481 2010 θους
527 1948 627 2020 τῆς
696 1950 926 2021 καρδίας
977 1951 1454 2025 ἀναπεμπόμενος,
1516 1953 1609 2006 καί
1667 1971 1771 2007 που
1831 1953 1927 2006 καὶ

349 2038 588 2110 δάκρυον
632 2039 943 2105 ἀποστάξαν
983 2041 1046 2095 τὸ
1087 2042 1220 2096 πολὺ
1257 2043 1357 2113 τῆς
1408 2043 1639 2114 θλίψεως
1670 2042 1924 2115 διεφόρη-

352 2147 478 2183 σεν·
511 2132 640 2203 ἡμῖν
670 2132 728 2186 δὲ
762 2134 880 2204 οὐχ,
913 2133 1034 2186 ὅσον
1061 2132 1171 2205 (27)
1205 2135 1508 2205 στεναγμὸς
1540 2136 1633 2189 καὶ
1669 2135 1922 2207 δάκρυον,

1942 847 1993 905 Α

2511 840 2552 894 Α
2565 839 2599 892 d
2631 840 2804 894 Italos
2831 849 2880 894 et
2905 838 3108 894 Gallos.

2095 954 2147 1008 1.
2178 953 2635 1024 Religiosissimis
2659 969 2722 1010 ac
2747 955 3114 1010 sanctissimis
3144 954 3414 1011 fratribus
3445 969 3597 1010 com-

2023 1047 2292 1102 ministris
2320 1047 2373 1100 in
2398 1046 2550 1100 Italia
2571 1055 2624 1102 et
2646 1046 2818 1102 Gallia
2844 1049 3119 1103 unanimis
3141 1051 3414 1118 episcopis
3435 1048 3598 1102 Mele-

2026 1137 2160 1199 tius,
2197 1135 2489 1202 Eusebius,
2522 1137 2778 1202 Basilius,
2819 1138 3044 1201 Bassus.
3078 1139 3395 1210 Gregorius,
3441 1139 3596 1194 Pela-

2025 1228 2171 1298 gius,
2198 1226 2422 1292 Paulus,
2455 1229 2769 1295 Authimus,
2798 1229 3133 1295 Theodotus,
3170 1231 3347 1291 Vitus.
3386 1232 3595 1286 Abraa-

2025 1320 2200 1385 iuius,
2237 1317 2490 1383 Jovinus,
2541 1319 2761 1386 Zenon,
2805 1319 3211 1385 Theodoretus,
3255 1323 3593 1386 Marcianus,

2022 1409 2324 1476 Barachus,
2382 1412 2730 1476 Abraamius,
2781 1411 3062 1475 Libanius,
3115 1413 3455 1475 Thalassius,
3504 1413 3598 1468 Jo-

2026 1504 2192 1573 seph,
2247 1502 2519 1567 Boethus,
2577 1502 2796 1572 latrius,
2855 1503 3189 1566 Theodotus,
3253 1505 3594 1570 Eustathius,

2028 1594 2347 1659 Barsumas,
2395 1595 2657 1660 Joannes,
2713 1596 3044 1660 Chosrhoes,
3103 1597 3322 1659 lsaacis,
3373 1595 3594 1660 Narses,

2026 1685 2214 1752 Maris,
2266 1687 2582 1758 Gregorius,
2637 1687 2916 1758 Daplmus,
2966 1687 3020 1741 in
3061 1685 3292 1742 Domino
3341 1688 3593 1743 salutem.

2025 1776 2196 1831 Aﬂ'ert
2226 1775 2430 1846 aliquid
2463 1776 2644 1831 solatii
2690 1777 2903 1832 aﬂlictis
2949 1778 3145 1832 animis
3195 1778 3370 1848 ipsum
3415 1777 3598 1847 suspi-

2024 1868 2168 1922 rium
2218 1869 2416 1938 saepius
2471 1884 2536 1923 ex
2581 1868 2690 1922 imo
2730 1869 2896 1924 corde
2944 1869 3190 1935 ductum,
3243 1884 3307 1923 ac
3359 1870 3599 1940 lacryma

2023 1974 2321 2036 erumpens
2372 1960 2480 2014 vim
2533 1959 2845 2014 aﬂlictiouis
2898 1961 3132 2031 repellit.
3189 1960 3357 2016 Nobis
3413 1969 3597 2016 autem

2023 2067 2158 2118 non,
2181 2059 2241 2106 ut
2267 2052 2564 2122 suspirium
2595 2059 2649 2108 et
2685 2053 2956 2124 laerymaa,
2992 2054 3248 2108 solatium
3277 2055 3430 2109 aliert
3454 2054 3597 2108 mala

2025 2154 2211 2198 nostra
2241 2144 2494 2198 charitati
2523 2151 2719 2198 vestra:
2768 2159 2996 2200 narrare
3029 2163 3042 2199 :
3081 2144 3175 2199 sed
3206 2152 3466 2215 prmterea
3495 2160 3597 2199 nos

349 2223 704 2294 παραμυθίαν
755 2224 868 2296 ἔχει
913 2225 974 2278 τὸ
1025 2223 1260 2289 ἐξειπεῖν
1292 2226 1449 2296 ἡμῶν
1490 2226 1559 2280 τὰ
1607 2226 1752 2299 πάθη
1788 2225 1921 2297 πρὸς

2025 2234 2170 2290 fovet
2199 2235 2393 2289 melior
2443 2235 2692 2305 quaedam
2729 2250 2875 2306 spes,
2909 2234 3139 2290 forsitan
3179 2237 3338 2309 184.
3368 2237 3484 2292 fore
3511 2245 3594 2302 ut,

349 2317 450 2387 τὴν
481 2316 704 2386 ἀγάπην
737 2315 926 2387 ὑμῶν·
973 2316 1112 2371 ἀλλά
1142 2333 1226 2380 τις
1265 2318 1414 2388 ἡμᾶς
1452 2317 1549 2372 καὶ
1585 2317 1743 2382 ἐλπὶς
1789 2335 1924 2390 χρη-

350 2408 581 2480 στοτέρα
616 2409 830 2471 θάλπει,
870 2408 946 2472 ὡς
971 2409 1113 2480 τάχα
1144 2408 1231 2472 ἂν,
1267 2411 1317 2463 εί
1351 2409 1767 2481 ὲξαγγείλαιμεν
1795 2411 1924 2481 ὑμῖν

344 2497 420 2551 τὰ
453 2498 730 2552 λυποῦντα
759 2500 929 2570 ἡμᾶς,
962 2498 1426 2570 διαναστήσαιμεν
1463 2498 1578 2569 (28)
1611 2499 1755 2570 ὑμᾶς
1787 2497 1926 2570 πρὸς

345 2591 447 2662 τὴν
477 2591 759 2663 ἀντίληψιν
797 2592 974 2663 ἡμῶν,
1013 2591 1078 2663 ἢν
1108 2590 1276 2644 πάλαι
1311 2592 1408 2662 μὲν
1442 2591 1922 2662 προσεδοκήσαμεν

346 2685 643 2756 παρ’ὑμῶν
665 2687 784 2749 ταῖς
806 2683 946 2738 κατὰ
972 2683 1070 2755 τὴν
1093 2682 1380 2754 Ἀνατολὴν
1396 2681 1742 2754 Ἐκκλησίαις
1765 2684 1924 2754 γενή-

347 2776 558 2842 σεσθαι,
581 2776 793 2830 οὐδέπω
815 2775 924 2848 (29)
949 2775 1006 2829 δὲ
1051 2776 1452 2847 τετυχήκαμεν,
1480 2773 1700 2839 πάντως
1731 2773 1825 2827 τοῦ
1863 2776 1921 2827 ἐν

347 2869 515 2940 σοφία
549 2869 662 2940 (50)
702 2867 771 2921 τά
812 2867 1056 2939 ἡμέτερα
1105 2867 1434 2931 διοικοῦντος
1474 2864 1644 2933 Θεοῦ,
1678 2865 1822 2920 κατὰ
1853 2866 1923 2921 τὰ

345 2960 637 3032 ἀθεώρητα
691 2960 858 3016 αὑτοῦ
895 2961 995 3032 τῆς
1027 2959 1371 3030 δικαιοσύνης
1411 2961 1675 3030 κρίματα,
1717 2958 1920 3012 πλείονι

346 3052 526 3124 χρόνῳ
549 3051 928 3124 παραταθῆναι
955 3053 1101 3122 ἡμᾶς
1136 3052 1193 3104 ὲν
1224 3053 1336 3115 τοῖς
1367 3051 1694 3122 πειρασμοῖς
1712 3048 1921 3111 τούτοις

343 3143 826 3213 οἰκονομήσαντος.
863 3142 938 3195 Οὐ
971 3141 1081 3213 γὰρ
1125 3141 1294 3212 δήπου
1348 3143 1652 3212 ἠγνοήσατε
1687 3139 1759 3193 τὰ
1797 3138 1919 3192 καθ’

343 3234 743 3306 ἡμᾶς-,ἀδελφοὶ
768 3233 1105 3305 τιμιώτατοι,
1122 3225 1197 3288 ὧν
1219 3234 1253 3304 ἡ
1280 3233 1418 3305 ἀκοὴ
1440 3234 1534 3286 καὶ
1555 3233 1647 3286 ἐπὶ
1673 3231 1742 3286 τὰ
1762 3231 1923 3302 ἔσχα-

341 3341 415 3378 τα
440 3327 540 3396 τῆς
579 3325 904 3396 οἰκουμένης
935 3325 1227 3396 ἐξέδραμεν
1251 3324 1362 3395 (51)
1382 3342 1396 3355 ο
1431 3325 1551 3378 οὐδὲ
1579 3324 1922 3396 ἀσυμπαθεῖς

342 3432 450 3470 που
487 3417 644 3486 ὑμεῖς
691 3419 828 3489 πρὸς
856 3419 982 3482 τοὺς
1023 3417 1332 3488 όμοψύχους
1378 3416 1487 3471 τῶν
1517 3416 1786 3486 ἀδελφῶν,
1813 3433 1920 3488 μα-

344 3505 513 3579 θηταὶ
557 3506 892 3579 ὑπάρχοντες
936 3506 1031 3561 τοῦ
1085 3508 1443 3574 Ἀποστόλου,
1490 3507 1586 3562 τοῦ
1645 3509 1920 3580 πλήρωμα

344 3564 490 3655 εἶναι
515 3600 610 3653 τοῦ
643 3564 808 3670 νόμον
849 3564 948 3671 τὴν
978 3599 1114 3671 πρὸς
1149 3599 1243 3654 τὸν
1275 3564 1504 3672 πλησίον
1533 3564 1922 3670 ἁγάπηξδιδά-
1946 3564 1988 3622 c

348 3709 594 3757 σκοντος.
639 3691 809 3756 ’Δλλ’,
861 3692 998 3764 ὅπερ
1036 3693 1295 3763 εἴπαμεν,
1339 3693 1571 3765 ἐπέσχεν
1623 3695 1776 3766 ὑμῶν
1824 3694 1923 3765 τὴν

344 3783 526 3856 ὁρμὴν
554 3786 588 3854 ἡ
621 3783 807 3836 δικαία
823 3783 919 3837 τοῦ
948 3782 1083 3836 Θεοῦ
1115 3784 1316 3856 κρίσις,
1342 3785 1763 3856 ὲκπληρωθῆναι
1789 3786 1922 3857 ἡμῖν

345 3876 451 3946 τὴν
491 3874 911 3946 διατεταγμένην
945 3875 1037 3928 ἐπὶ
1068 3878 1187 3939 ταῖς
1220 3876 1530 3947 ἁμαρτίαις
1556 3877 1712 3947 ἡμῶν
1745 3877 1923 3948 θλίψιν

346 3967 722 4040 ὲπιμετροῦσα
747 3967 880 4039 (52).
907 3968 1068 4022 Ἀλλά
1092 3967 1186 4022 νῦν
1204 3968 1355 4037 γοῦν,
1385 3968 1482 4022 καὶ
1506 3967 1642 4040 πρὸς
1668 3968 1760 4022 τὸν
1782 3969 1921 4041 ὑπὲρ

345 4061 450 4129 τῆς
478 4058 735 4131 ἀληθείας
769 4061 948 4131 ζῆλον,
978 4061 1074 4114 καὶ
1105 4061 1202 4130 τὴν
1236 4060 1513 4132 ἡμετέραν
1554 4061 1919 4132 συμπάθειαν,

345 4152 702 4223 διαναστῆναι
743 4153 886 4224 ὑμᾶς
935 4151 1384 4223 παρακαλοῦμεν,
1415 4153 1593 4208 πάντα
1629 4152 1919 4223 μαθόντας,

348 4247 446 4300 καὶ
482 4246 583 4299 ὅσα
607 4244 714 4310 πρὸ
748 4245 939 4298 τούτου
969 4244 1065 4307 τὰς
1112 4243 1281 4308 ἀκοὰς
1323 4245 1476 4316 ὑμῶν
1506 4244 1746 4314 διέφυγε,
1769 4247 1923 4316 παρὰ

424 4376 538 4445 (26)
581 4377 843 4444 Ἰοόἴνος.
877 4378 968 4431 Sic
991 4375 1311 4431 Harlazanus
1342 4391 1466 4431 cum
1490 4382 1724 4443 utroque
1746 4375 1917 4431 Coisl.

349 4455 408 4503 et
450 4447 584 4517 Reg.
615 4449 876 4502 secundo.
908 4445 1207 4501 Vaticanus
1247 4446 1510 4509 ἰουὸῖνος.
1557 4445 1711 4517 Editi
1761 4447 1924 4500 Σαϐῖ-

349 4535 464 4581 νος.
501 4513 673 4572 Ρέιιιιο
715 4529 839 4587 post
868 4528 978 4573 tres
1026 4518 1268 4578 codices,
1317 4532 1510 4585 nempe
1557 4513 1704 4578 Vat.,
1750 4518 1921 4573 Coisl.

351 4587 632 4641 secundus
665 4599 724 4657 et
773 4587 906 4657 Reg.
961 4587 1267 4657 secundus,
1309 4587 1509 4657 habent
1547 4587 1783 4657 Ἀτρεῖος
1821 4602 1921 4656 pro

364 4658 615 4729 Ἶάτριος.
663 4656 825 4712 Iidem
861 4655 1030 4729 Coisl.
1069 4655 1341 4729 secundus
1380 4663 1433 4710 et
1465 4655 1597 4729 Reg.
1644 4655 1920 4729 secundus

350 4726 671 4800 Χρυσορόης
700 4743 804 4782 non
836 4728 1125 4800 Χοσρόηςε
1144 4727 1396 4800 Ἰσαάκης
1420 4726 1818 4800 ρεο-’ίωσάκης
1845 4729 1920 4800 le-

350 4795 500 4863 gitur
529 4795 583 4867 in
610 4797 752 4867 Reg.
787 4795 1049 4853 secundo.
1093 4798 1328 4860 Ἰσάακις
1354 4795 1424 4849 in
1451 4795 1621 4857 Goisl.
1655 4795 1920 4867 secundo.

351 4867 505 4922 Harl.
549 4866 810 4932 Ἰὼσακις.
848 4867 923 4922 De
954 4867 1246 4937 episcopis,
1280 4881 1512 4937 quorum
1546 4866 1764 4937 nomina
1794 4867 1919 4922 huic

350 4939 596 5003 epistola:
617 4935 1066 5006 prmseribuntur,
1101 4935 1324 5006 agemus
1352 4937 1404 4989 in
1449 4935 1568 4989 Vita
1602 4935 1660 4991 S.
1697 4935 1914 4990 Basilii.

353 5006 460 5062 Sed
495 5009 711 5062 interim
745 5009 1046 5063 observabo
1072 5015 1191 5076 post
1221 5007 1470 5060 ultimum
1513 5021 1732 5076 nomen,
1771 5007 1914 5076 quod

350 5088 437 5131 est
466 5076 749 5146 Daplmus,
796 5081 935 5132 male
976 5079 1029 5131 in
1058 5075 1222 5131 editis
1251 5077 1514 5146 addiixal.
1547 5078 1595 5128 οί
1643 5075 1838 5139 λοιποί,
1867 5087 1918 5131 et

349 5147 539 5218 reliqui
554 5145 585 5202 7:
612 5149 810 5215 quibus
831 5163 897 5202 ex
928 5149 1124 5218 verbis
1143 5147 1350 5218 colligit
1370 5145 1750 5218 Tillemontius
1776 5150 1917 5201 mul-

349 5228 434 5272 tos
462 5216 606 5272 alios
656 5219 1066 5287 subscripsisse.
1102 5216 1207 5271 Sed
1253 5219 1367 5270 haec
1401 5216 1611 5287 desunt
1649 5217 1701 5269 in
1748 5218 1912 5272 Coisl.

351 5289 820 5359 utroque,liarl..
855 5285 988 5359 Reg.
1035 5288 1278 5344 secundo
1319 5295 1373 5342 et
1398 5286 1521 5342 Vat.
1552 5285 1829 5359 Leguntur
1861 5289 1916 5342 in

349 5355 522 5428 Regio
550 5358 747 5428 primo,
777 5359 870 5413 sed
898 5355 1064 5412 causa
1108 5359 1160 5412 in
1192 5365 1443 5427 promptu
1475 5364 1576 5413 est.
1606 5357 1741 5411 Cum
1772 5359 1916 5412 enim

352 5427 408 5481 in
441 5427 752 5483 hoc’codice
777 5430 877 5482 tria
898 5439 1109 5483 tantum
1141 5429 1323 5496 priora
1346 5429 1568 5480 nomina
1596 5443 1918 5481 recenseati-

352 5503 462 5562 tur,
497 5499 828 5552 mouendum
868 5500 966 5552 fuit
995 5499 1102 5551 alia
1137 5498 1306 5552 fuisse
1337 5498 1719 5566 praetermissa.
1751 5497 1916 5551 Simi-

351 5565 479 5626 liter
516 5568 572 5622 in
603 5571 792 5623 codice
824 5567 1079 5623 Medicam
1107 5577 1230 5638 post
1252 5565 1788 5638 oetoepiscoporum
1813 5583 1912 5622 no-

352 5639 522 5702 mina,
555 5639 792 5698 additur,
820 5639 913 5690 καὶ
941 5641 989 5691 οἱ
1013 5637 1115 5691 σὺν
1137 5640 1318 5700 αὐτοῖς
1345 5637 1579 5705 ἀδελφοί,
1603 5647 1652 5690 ει
1675 5638 1764 5707 qui
1792 5654 1910 5692 cum

351 5707 426 5760 eis
462 5708 677 5776 fratres.
720 5707 857 5761 Hine
886 5709 1212 5778 perspicitur
1243 5709 1526 5776 quomodo.
1561 5723 1714 5774 error
1746 5708 1909 5762 obre-

352 5781 542 5846 pserit.
595 5781 729 5833 Nam
781 5794 905 5833 cum
945 5786 1171 5834 vetustte
1213 5780 1479 5833 editiones
1536 5785 1645 5833 tres
1698 5785 1906 5832 tantum

2025 2324 2073 2381 si
2103 2325 2320 2382 dolores
2369 2336 2592 2384 nostros
2624 2329 2780 2384 vobis
2828 2329 3350 2393 denuntiaverimus,
3385 2330 3594 2384 excite-

2023 2432 2147 2473 mus
2189 2433 2287 2472 vos
2331 2418 2399 2473 ad
2434 2417 2710 2475 ferendam
2745 2421 2903 2477 nobis
2949 2436 3129 2491 opem.
3177 2437 3340 2492 quam
3376 2420 3594 2490 quidem

2023 2507 2283 2566 Ecclesiis
2297 2509 2664 2568 Orientalibus
2691 2527 2722 2566 a
2750 2512 2906 2568 vobis
2936 2512 3244 2567 adfuturam
3271 2510 3592 2582 jampridem

2025 2603 2390 2672 speravimus,
2423 2603 2658 2658 necdum
2706 2613 2886 2660 tamen
2921 2620 3112 2661 sumus
3147 2605 3421 2670 assecuti;
3460 2601 3592 2662 Deo.

2022 2694 2115 2764 qui
2142 2695 2326 2749 omnia
2378 2695 2432 2748 in
2476 2696 2742 2766 sapientia
2772 2697 3110 2762 moderatur,
3143 2698 3364 2751 omnino
3393 2711 3594 2752 secun-

2022 2785 2152 2840 dum
2187 2800 2386 2840 arcana
2416 2785 2641 2854 justitiaa
2669 2803 2782 2842 suae
2807 2787 3038 2857 judicia,
3090 2798 3146 2843 ut
3188 2788 3243 2842 in
3288 2788 3374 2842 his
3417 2794 3596 2842 tenta-

2021 2877 2265 2934 tionibus
2329 2877 2535 2933 diutius
2599 2878 2978 2944 detineamur,
3039 2878 3413 2948 dispensante.
3472 2874 3593 2932 Non

2021 2970 2164 3026 enim
2197 2970 2512 3053 ignorastis,
2535 2969 2732 3025 fratres
2753 2971 3214 3035 reverendissimi,
3235 2986 3324 3025 res
3352 2977 3592 3036 nostras,

2021 3077 2256 3132 quarum
2307 3062 2451 3116 fama
2507 3061 2574 3116 ad
2621 3072 2891 3118 extremas
2935 3064 3096 3116 etiam
3135 3063 3283 3118 orbis
3323 3071 3593 3118 terrarum
3704 3100 3710 3104 -

2020 3161 2204 3224 partes
2270 3155 2517 3224 pervenit
2562 3172 2578 3210 :
2628 3169 2806 3225 neque
2851 3161 3000 3210 certe
3063 3155 3314 3209 aﬂ‘eetum
3375 3168 3593 3208 omnem

2020 3243 2253 3299 exuistis
2290 3258 2418 3315 erga
2457 3245 2742 3300 unanimes
2771 3243 2992 3308 fratres,
3025 3257 3151 3298 cum
3193 3242 3444 3312 discipuli
3471 3240 3595 3298 sitis

2019 3334 2290 3406 Apostoli,
2341 3335 2435 3405 qui
2489 3336 2724 3406 proximi
2771 3335 3118 3390 dilectionem
3165 3335 3302 3404 legis
3355 3333 3595 3402 comple-

2020 3433 2261 3482 mentum
2297 3441 2423 3482 esse
2451 3426 2630 3481 docet.
2666 3425 2794 3490 Sed,
2833 3431 2979 3498 quod
3005 3427 3117 3496 jam
3147 3425 3407 3487 diximus,
3449 3423 3596 3477 inhi-

2021 3519 2143 3573 buit
2195 3527 2435 3574 vestram
2501 3519 2842 3574 alacritatem
2889 3518 3100 3588 justum
3157 3514 3250 3571 Dei
3299 3513 3594 3583 judicium,

2023 3609 2168 3679 quod
2222 3609 2579 3664 constitutam
2625 3609 2696 3663 ob
2741 3618 2964 3679 peccata
3011 3597 3199 3664 nostra
3246 3606 3592 3662 afﬂictionem

2022 3701 2182 3757 nobis
2219 3701 2378 3772 plene
2407 3700 2719 3755 admetitur.
2762 3699 2872 3755 Vos
2904 3707 3084 3754 tamen
3129 3699 3501 3761 adhortamur,
3532 3705 3595 3753 ut

2022 3807 2170 3846 nunc
2217 3792 2411 3846 saltem
2459 3798 2514 3846 et
2557 3791 2625 3846 ad
2659 3791 2908 3846 veritatis
2943 3790 3206 3855 studium,
3240 3799 3294 3846 et
3321 3791 3386 3845 ad
3419 3789 3593 3845 nostri

2021 3885 2558 3940 commiserationem
2609 3884 2948 3946 exeilemini,
2981 3883 3072 3938 ubi
3109 3882 3290 3938 omnia
3331 3882 3593 3937 didiceri-

2019 3975 2113 4040 tis,
2147 3975 2312 4029 etiam
2347 3989 2690 4044 quaecunque
2722 3981 2881 4028 antea
2913 3988 3075 4028 aures
3098 3981 3310 4028 vestras
3334 3972 3590 4043 eﬂ'ugere,

2019 4081 2050 4121 a
2084 4065 2502 4137 religiosissima
2538 4064 2710 4121 fratre
2747 4072 2934 4120 nostro
2977 4065 3315 4119 condiacono
3365 4063 3589 4130 Sabino,

2019 4158 2110 4230 qui
2143 4159 2345 4228 poterit
2376 4157 2535 4212 vobis
2588 4173 2653 4212 ea
2699 4172 2938 4227 quoque,
2982 4172 3103 4226 qute
3135 4156 3418 4227 epistolam
3454 4174 3594 4228 prie-

2018 4258 2257 4318 tereunt,
2301 4265 2398 4319 per
2441 4265 2501 4304 se
2532 4250 2648 4317 ipse
2681 4263 2974 4303 enarrare:
3009 4264 3106 4319 per
3133 4263 3294 4318 quem
3336 4249 3593 4304 exhorta-

2020 4374 2322 4455 epis‘copos
2350 4389 2738 4455 numerarent;
2770 4380 3123 4455 Parisiensis,
3163 4397 3296 4455 quae
3319 4382 3590 4455 _lae_uuam

2020 4453 2587 4525 eiplevit._immerito
2614 4453 3022 4525 retinuit,_quod
3048 4453 3103 4507 in
3129 4453 3254 4507 aliis
3284 4453 3353 4508 ob
3379 4453 3588 4517 vitium,

2020 4521 2133 4596 quo
2158 4522 2380 4596 carebat
2408 4523 2545 4596 ipsa,
2579 4521 2822 4596 additum
2849 4523 3047 4577 fuerat.

2092 4595 2202 4665 (27)
2238 4595 2380 4665 Οὐχ,
2413 4593 2583 4665 ὅσον.
2614 4593 2822 4665 Regius
2846 4600 3152 4665 uterqueet
3181 4591 3351 4648 Coisl.
3387 4606 3588 4665 secun-

2020 4661 2126 4719 dus
2154 4661 2252 4734 οὖχ
2297 4664 2446 4734 ὅσην.
2495 4661 2666 4715 Paulo
2709 4671 2831 4731 post
2854 4661 3008 4734 νειμ,
3057 4662 3189 4734 Reg.
3233 4661 3506 4718 secundus
3534 4668 3593 4722 et,

2020 4734 2187 4789 Coisl.
2215 4733 2492 4788 secundus
2513 4736 2594 4803 Δτῇ
2627 4733 2813 4803 ἀγάπῃ
2841 4733 3014 4802 ὑμῶν.

2093 4803 2205 4874 (28)
2229 4800 2893 4874 Διαναστήσαιμενηᾙιιί
2909 4803 3046 4874 Med.
3079 4809 3133 4855 et
3159 4801 3325 4874 Coisl.
3354 4800 3584 4874 primus.

2026 4868 2141 4928 Duo
2161 4868 2250 4927 alii
2279 4868 2742 4943 διακιαστήσωμεν.
2770 4871 2920 4926 Harl.
2945 4868 3417 4942 διαναστήσαντες.
3441 4868 3594 4924 Editir

1950 4920 1995 4975 Β
2023 4944 2410 5014 διαναστήσομι
2427 4957 2470 4994 ν.

2091 5013 2203 5084 (29)
2243 5009 2503 5084 Οὐδέπω.
2541 5010 2623 5084 11αῄ
2655 5027 2788 5084 mss.
2824 5009 3116 5084 sex._Edi_ti
3151 5009 3426 5084 οὐδέποτεἶ

2096 5079 2208 5152 (50⁷)
2249 5084 2356 5137 Τοῦ
2383 5083 2452 5136 ἐν
2479 5082 2682 5152 σοφίᾳ.
2717 5083 2852 5135 Edili
2880 5081 2980 5134 ποῦ
3003 5080 3095 5152 τοῦ
3116 5080 3184 5152 τὰ
3212 5079 3386 5152 πᾲντα
3411 5082 3469 5152 εν
3497 5094 3586 5132 σο-

2026 5149 2142 5226 φία.
2177 5154 2282 5226 Sed
2315 5153 2469 5226 deest
2501 5151 2686 5226 ποῦ-1η
2721 5152 2868 5226 Harl.
2909 5160 2962 5204 et
2987 5150 3157 5226 _Coisl.
3198 5150 3394 5226 primo.
3428 5149 3584 5226 Deest

2024 5219 2186 5279 etiam
2213 5223 2282 5275 τὰ
2309 5224 2484 5276 πάντα
2513 5224 2566 5274 ἱη
2587 5219 2730 5285 Vat.,
2764 5221 2891 5291 Reg.
2918 5223 3093 5290 primo
3115 5227 3168 5274 et
3196 5219 3410 5274 duobus
3439 5220 3582 5283 aliis,

2025 5304 2080 5350 et
2108 5295 2348 5347 editione
2377 5293 2737 5359 Haganoensi.
2852 5290 2861 5291 ί
3411 5358 3414 5359 ν
3491 5357 3498 5359 Α
3589 5290 3592 5294 ’

2097 5364 2209 5433 (51)
2262 5364 2385 5415 Ἐπὶ
2433 5357 2571 5414 τὰ...
2621 5360 2962 5433 ἐξέδραμεν.
2989 5361 3062 5413 Ita
3094 5367 3209 5433 tres
3226 5357 3583 5433 vetustissimi

2024 5429 2262 5497 codices,
2295 5441 2349 5486 et
2379 5433 2540 5500 paulo
2572 5432 2852 5501 postgazap
2873 5433 3132 5501 sicana».
3171 5429 3312 5501 Editi
3341 5429 3420 5492 εἰς
3447 5429 3579 5482 τὰ...

2021 5503 2327 5574 διέδραμεν,
2359 5498 2411 5556 et
2439 5498 2595 5574 ὅπερῖ
2627 5498 3206 5574 Ειίἱ-ιὶοἨιιςειιίορηξὶξ
3233 5498 3494 5574 εἴπωμεν.

2092 5568 2796 5657 (ὅὶχςιέπιμεῖροῐισαζῐιίι
2821 5586 2912 5625 sex
2947 5586 3077 5625 mss.
3111 5570 3249 5626 Editi
3282 5568 3582 5657 ἐπιμετρη-

2019 5641 2412 5712 σασαζΗηςιιη.
2446 5641 2828 5712 (ἐπιμετρῆσαι.

2137 5709 2502 5768 ΑιὶιιεἸιΧΙΧ.
2543 5709 2755 5784 Scripta
2787 5725 2930 5765 anno
2959 5709 3080 5768 572.
