3988 6194
396 358 461 414 79
1628 364 1685 417 ὃ.
1735 360 1981 417 BASlLll
2023 362 2239 420 MAGNI
3508 358 3617 415 £80

356 489 480 530 mur
507 488 627 542 vos,
675 482 739 529 ut
781 475 998 531 viscera
1051 474 1292 532 induatis
1327 474 1719 542 miserationis,
1761 479 1938 531 omni-

2066 480 2132 533 οὗ
2159 478 2554 533 εὑλαϐεστάτου
2585 474 2816 546 ἀδελφοῦ
2838 475 2994 548 ἡμῶν
3014 474 3108 530 τοῦ
3139 475 3483 529 συνδιακόνου
3512 474 3619 526 Σα-

357 582 465 635 que
494 565 745 636 deposita
781 567 1013 637 segnitie
1046 566 1285 621 laborem
1329 566 1640 621 dilectionis
1669 569 1942 639 suscipia-

2066 572 2215 636 ἰίνου,
2249 571 2308 635 ὃς
2334 570 2625 642 δυνήσεται
2661 570 2787 640 ὑμῖν
2811 570 2904 623 καὶ
2925 569 3026 623 ὅσα
3058 568 3158 640 τὴν
3187 565 3476 638 ἐπιστολὴν
3499 566 3620 620 δια-

357 660 452 721 tis,
482 668 536 712 et
569 674 748 728 neque
792 660 889 713 via:
934 658 1351 728 longitudinem,
1390 674 1573 728 neque
1611 659 1940 716 domesticas

2066 664 2233 733 ›εύγει
2279 663 2410 735 παρ’
2458 660 2652 716 ἑαυτοῦ
2695 659 3087 732 διηγήσασθαιο
3133 658 3201 712 δι’
3246 651 3308 712 οῦ
3356 672 3617 728 παρακα-

360 751 788 819 occupationes,
855 765 1035 820 neque
1093 750 1239 804 aliud
1283 751 1581 823 quidquam
1638 752 1937 807 humanum

2066 755 2238 826 ,οῦμεν
2286 755 2430 824 ὑμᾶς
2478 750 2799 806 ἐνδύσασθαι
2849 749 3131 820 σπλάγχνα
3161 744 3444 819 οἰκτιρμοῦ
3479 743 3616 816 (55),

363 842 641 907 (τοὶζίῑυιίεο
2043 848 2136 900 καὶ
2180 844 2479 899 ἀποθέσθαι
2528 844 2626 917 μὲν
2669 844 2845 898 πάντα
2895 842 3070 908 δκνον,
3116 839 3401 895 ἀναλαϐεῖν
3435 838 3492 891 δὲ
3526 836 3620 890 τὸν

363 934 530 989 κόπον
556 937 655 1006 τῆς
682 929 931 1006 ἀγάπης·
964 938 1059 990 καὶ
1094 937 1231 1008 μήτε
1268 936 1388 990 ὁδοῦ
1419 938 1618 1009 μῆκος,
1661 940 1798 1011 μήτε
1846 939 1945 1004 τὰς
1980 942 2101 995 κατ’
2137 936 2286 995 οἷκον
2313 939 2591 1011 ἀσχολίας,
2621 938 2732 1011 (54)
2767 939 2889 1010 μήτ’
2911 936 3038 992 ἄλλο
3065 953 3115 989 τι
3137 935 3246 988 τῶν
3263 931 3618 1004 ἀνθρωπίνων

364 1027 807 1098 ὑπολογίσασθαι.

432 1121 486 1176 2.
527 1121 711 1192 Neque
739 1123 884 1177 enim
930 1123 1172 1180 Ecclesia
1207 1138 1316 1179 una
1359 1125 1733 1194 periclitatur;
1763 1140 1940 1197 neque

2066 1124 2067 1129 “
2115 1121 2172 1175 2.
2205 1120 2280 1173 Οὐ
2308 1118 2418 1190 γὰρ
2452 1117 2579 1190 περὶ
2616 1117 2745 1188 μιᾶς
2778 1115 3104 1185 Ἐκκλησίας
3132 1116 3161 1168 ὁ
3199 1114 3464 1177 κίνδυνος,
3494 1114 3617 1168 οὐδὲ

364 1213 485 1268 dua:
515 1224 606 1267 aut
634 1225 744 1269 tres
774 1215 826 1268 in
865 1231 1083 1284 gravem
1111 1217 1251 1269 hanc
1277 1226 1652 1286 tempestatem
1683 1218 1935 1286 delapsae.

2066 1213 2191 1284 ἰύοῆ
2232 1216 2379 1285 τρεῖς
2417 1213 2472 1265 αί
2523 1210 2601 1281 τῷ
2640 1207 2861 1281 χαλεπῷ
2887 1207 3059 1277 τούτῳ
3088 1206 3314 1277 χειμῶνι
3360 1224 3617 1277 παραπε-

366 1304 500 1358 Nam
537 1304 705 1360 ferme
739 1320 769 1358 a
802 1306 1004 1361 ﬁnibus
1044 1306 1245 1378 Illyrici
1284 1324 1459 1376 usque
1505 1310 1569 1361 ad
1606 1307 1934 1363 Thebaidem

2066 1306 2237 1359 κοῦσαι
2260 1304 2391 1374 (55).
2425 1302 2618 1373 Σχεδὸν
2652 1300 2760 1371 γὰρ
2789 1299 2895 1353 ἀπὸ
2932 1299 3039 1353 τῶν
3072 1300 3214 1370 ὅρων
3249 1298 3346 1352 τοῦ
3389 1298 3619 1369 Ἰλλυρι-

367 1394 592 1449 lueresis
644 1396 842 1449 malum
893 1398 1231 1465 depascitur.
1285 1398 1456 1466 Cujus
1519 1415 1681 1471 prava
1732 1401 1939 1455 semina

2066 1394 2143 1448 ιοῦ
2188 1394 2346 1465 μέχρι
2394 1392 2660 1463 Θηϐαΐδος
2707 1390 2768 1443 τὸ
2796 1390 2894 1461 τῆς
2940 1388 3202 1460 αἱρέσεως
3240 1389 3408 1442 κακὸν
3437 1389 3620 1441 ἐπινέ-

368 1484 525 1553 prius
556 1485 777 1553 quidem
814 1486 1034 1539 infamis
1066 1485 1232 1542 Arius
1253 1487 1387 1556 jecit
1420 1507 1433 1543 :
1465 1490 1590 1544 altis
1635 1496 1814 1544 autem
1853 1506 1941 1543 ra-

2066 1501 2225 1538 ιεται.
2269 1478 2376 1547 Ἧς
2423 1483 2491 1535 τὰ
2541 1479 2754 1553 πονηρὰ
2800 1480 3093 1552 σπέρματα
3144 1479 3406 1550 πρότερον
3453 1479 3555 1550 μὲν
3589 1481 3620 1533 ὁ

370 1575 586 1630 dicibus
642 1579 850 1631 lirmata
896 1593 926 1631 a
980 1578 1251 1647 pluribus,
1307 1581 1399 1650 qui
1460 1581 1651 1635 Arium
1700 1583 1839 1636 inter
1886 1590 1940 1637 et

2066 1575 2359 1646 ῑυσὼνυμος
2409 1575 2630 1646 ’Ἄρειος
2677 1572 3037 1627 κατεϐάλετο·
3075 1571 3371 1644 ριζωθέντα
3425 1571 3482 1625 δὲ
3531 1571 3622 1626 διὰ

371 1674 616 1722 nostram
648 1678 863 1723 aetatem
899 1669 1171 1739 interjec:i
1209 1672 1541 1741 impietatem
1567 1673 1813 1728 studiose
1840 1690 1938 1728 ex-

2066 1667 2243 1730 lciiioo;
2296 1665 2400 1719 ὑπὸ
2458 1663 2668 1718 πολλῶν
2709 1664 2820 1717 τῶν
2869 1665 2927 1716 ἐν
2977 1663 3127 1733 μέσῳ
3186 1661 3486 1731 φιλοπόνως
3520 1661 3621 1734 τὴν

372 1760 612 1824 coluere,
645 1775 791 1813 nunc
820 1761 1085 1815 exitiosus
1125 1761 1337 1817 fructus
1382 1765 1749 1833 protulerunt.
1801 1763 1937 1818 Nam

2066 1760 2296 1813 ισέϐειαν
2322 1757 2776 1829 γεωργησάντων,
2804 1755 2899 1809 νῦν
2936 1757 3062 1819 τοὺς
3094 1755 3451 1826 φθοροποιοὺς
3479 1771 3620 1825 καρ-

373 1851 593 1921 pictatis
640 1867 829 1906 eversa
882 1859 1011 1907 sunt
1062 1852 1359 1924 dogmata:
1392 1854 1639 1910 confusae
1687 1853 1945 1911 Ecclesiae

374 1941 540 2012 leges.
578 1941 870 1997 Hominum
923 1942 1212 1997 Dominum
1253 1960 1361 1999 non
1389 1946 1694 2000 timentium
1722 1947 1946 2002 ambitio

373 2032 428 2087 in
441 2035 992 2104 praefecturasinsilit,
1007 2034 1230 2107 jamque
1250 2047 1432 2105 aperte
1451 2039 1734 2108 pragmium
1751 2038 1946 2109 impie-

374 2125 501 2179 tatis
534 2126 871 2195 principatus
897 2128 1208 2197 propositus
1237 2138 1341 2194 est,
1374 2130 1445 2182 ita
1471 2139 1529 2183 ut
1548 2130 1642 2200 qui
1669 2130 1947 2200 graviores

377 2215 750 2286 blasphemias
797 2228 1044 2274 ructatus
1096 2227 1201 2281 est,
1252 2219 1471 2290 dignior
1517 2222 1801 2283 habeatur.
1853 2224 1946 2292 qui

374 2310 575 2378 populo
605 2310 896 2381 episcopus
926 2315 1132 2381 praesit.
1168 2311 1338 2367 Periit
1369 2315 1610 2384 gravitas
1637 2313 1948 2369 sacerdota-

375 2399 446 2455 lis
489 2418 501 2453 :
548 2400 796 2456 defecere
840 2402 932 2467 qui
986 2418 1202 2473 gregem
1258 2401 1475 2457 Domini
1533 2419 1658 2458 cum
1717 2404 1950 2459 scientia

375 2498 650 2560 pascant:
701 2493 1009 2550 ambitiosis
1068 2509 1367 2564 pauperum
1421 2495 1680 2564 pecunias
1725 2496 1782 2551 in
1824 2511 1951 2568 pro-

374 2581 527 2652 prios
561 2599 694 2638 usus
728 2593 782 2638 et
821 2584 876 2639 in
913 2602 1201 2639 munerum
1249 2587 1565 2656 largitiones
1602 2602 1820 2658 semper
1861 2589 1949 2643 in-

375 2675 737 2730 sumentibus.
763 2674 997 2730 Evanuit
1022 2685 1278 2731 accurata
1306 2692 1577 2731 canonum
1609 2676 1903 2748 disciplina
1930 2697 1946 2747 ;

374 2766 639 2836 peccandi
670 2768 838 2822 multa
873 2769 1112 2825 libertas.
1146 2768 1279 2824 Nam
1312 2771 1402 2840 qui
1433 2771 1718 2826 hominum
1753 2772 1952 2829 studiis

376 2856 443 2909 ad
480 2856 845 2926 principatum
875 2859 1230 2923 devenerunt,
1266 2861 1319 2914 in
1358 2861 1461 2917 boe
1491 2862 1609 2930 ipso
1637 2862 1803 2917 Studii
1831 2879 1954 2932 gra-

389 2946 523 3000 tiam
562 2950 889 3017 rependunt,
921 2951 1065 3020 quod
1097 2953 1279 3006 omnia
1317 2953 1385 3007 ad
1414 2954 1744 3022 voluptatem
1771 2956 1953 3009 indul-

376 3046 540 3106 geant
564 3040 940 3107 peccantibus.
970 3040 1137 3096 Periit
1161 3044 1426 3113 judicium
1451 3061 1668 3113 aequum
1690 3065 1702 3099 :
1722 3048 1955 3117 quisque

2047 1854 2199 1920 ποὺς⁸
2214 1851 2605 1921 ἐξεϐλάστησεν
2630 1848 2764 1919 (56).
2809 1847 3239 1919 Ἀνατὲτραπται
3272 1847 3370 1917 μὲν
3399 1845 3510 1917 γὰρ
3551 1844 3625 1898 τὰ

2045 1945 2144 2015 τῆς
2184 1942 2465 2005 εὐσεϐείας
2492 1941 2759 2011 δόγματα,
2799 1939 3174 2009 συγκέχυνται,
3198 1937 3256 1991 δὲ
3293 1935 3625 2007 Ἐκκλησίας

2048 2033 2258 2104 θεσμοί.
2284 2032 2569 2107 Φιλαρχίαι
2597 2032 2654 2085 δὲ
2680 2030 2789 2084 τῶν
2824 2031 2897 2102 μὴ
2923 2029 3275 2100 φοϐουμένων
3301 2029 3394 2083 τὸν
3419 2028 3627 2101 Κύριον

2047 2131 2166 2192 ταῖς
2199 2128 2556 2200 προστασίαις
2596 2125 2901 2196 ἐπιπηδῶσι
2922 2141 2935 2154 ’
2971 2124 3067 2178 καὶ
3092 2125 3155 2176 ἐκ
3186 2122 3281 2176 τοῦ
3312 2119 3628 2194 προφανοῦς

2048 2220 2232 2273 λοιπὸν
2260 2216 2421 2273 ἆθλον
2445 2217 2762 2281 δυσσεϐείας
2788 2220 2820 2289 ἡ
2852 2216 3113 2287 προεδρία
3137 2215 3425 2287 πρόκειται
3443 2238 3456 2248 ·
3481 2214 3627 2268 ὥστε

2048 2315 2077 2366 ὁ
2113 2313 2188 2368 τὰ
2212 2310 2565 2383 χαλεπώτερα
2612 2310 3006 2381 βλασφημήσας
3041 2310 3121 2373 εἰς
3171 2306 3476 2379 ἐπισκοπὴν
3513 2306 3628 2379 (37)

2048 2403 2181 2459 λαοῦ
2217 2402 2864 2476 προτιμότερος.οἷχεται
2895 2400 3163 2472 σεμνότης
3188 2400 3439 2470 ίερατική
3459 2415 3474 2429 ⁸
3508 2400 3632 2452 ἐπι-

2050 2497 2363 2551 λελοίπασιν
2392 2496 2440 2549 οἱ
2474 2493 2857 2565 ποιμαίνοντες
2891 2492 3006 2563 μετ’
3038 2493 3351 2562 ἐπιστήμης
3378 2490 3632 2563 ποίμνιον

2050 2588 2144 2641 τοῦ
2188 2586 2424 2657 Κυρίουο
2463 2582 2775 2653 οἰκονομίας
2810 2581 3043 2653 πτωχῶν
3089 2582 3169 2645 είς
3220 2581 3354 2645 ἰδίας
3389 2579 3633 2634 ἀπολαύ-

2054 2698 2168 2743 σεις
2203 2679 2296 2732 καὶ
2331 2676 2517 2750 δώρων
2559 2674 2820 2745 διανομὰς
2866 2672 3377 2745 παραναλισκόντων
3403 2670 3490 2724 ἀεὶ
3516 2669 3631 2741 (58)

2051 2771 2160 2825 τῶν
2185 2769 2611 2842 φιλαρχούντων.
2653 2766 3009 2838 Ἦμαύρωται
3049 2765 3291 2819 κανόνων
3333 2762 3587 2835 ἀκρίϐεια
3613 2778 3628 2794 ο

2054 2865 2269 2931 ἐξουσία
2297 2864 2392 2918 τοῦ
2423 2861 2757 2935 ἁμαρτάνειν
2794 2860 2985 2931 πολλή.
3014 2860 3076 2913 Ol
3117 2858 3225 2931 γὰρ
3257 2858 3347 2912 διὰ
3393 2855 3633 2927 σπουδῆς

2054 2956 2401 3027 ἀνθρωπίνης
2432 2954 2543 3025 (59)
2580 2952 2943 3026 παρελθόντες
2976 2952 3069 3004 ἐπὶ
3092 2951 3155 3004 τὸ
3184 2952 3371 3021 ἄρχειν
3396 2952 3455 3003 ἐν
3481 2946 3634 3018 αὐτῷ

2054 3047 2228 3119 τούτῳ
2257 3049 2355 3118 τῆς
2396 3048 2631 3118 σπουδῆς
2668 3047 2768 3117 τὴν
2807 3045 2965 3116 χάριν
3008 3042 3503 3115 ἀνταναπληροῦσι,
3552 3040 3634 3113 τῷ

377 3144 445 3184 ex
488 3130 574 3183 sui
606 3131 790 3186 cordis
820 3135 1096 3189 voluntate
1140 3136 1403 3191 ambulat.
1449 3135 1701 3206 Nequitia
1731 3140 1951 3192 modum

2066 3141 2235 3193 πάντα
2260 3139 2395 3211 πρὸς
2425 3141 2617 3211 ἡδονὴν
2646 3138 2908 3192 ἐνδιδόναι
2932 3135 3041 3208 (40)
3064 3138 3179 3198 τοῖς
3200 3136 3631 3206 ἁμαρτάνουσιν.

376 3221 590 3276 nullum
631 3222 838 3279 habet:
874 3226 1090 3295 exleges
1132 3228 1319 3296 populi
1365 3246 1378 3281 :
1447 3227 1600 3283 deest
1649 3231 1952 3300 praepositis

378 3312 596 3367 dicendi
624 3313 868 3370 libertas.
909 3316 1066 3387 185
1101 3316 1255 3372 Servi
1290 3321 1433 3373 enim
1460 3334 1672 3385 eorum,
1695 3336 1726 3373 a
1752 3323 1954 3391 quibus

380 3404 641 3480 collatum
688 3406 1038 3467 beneﬁcium,
1068 3409 1160 3477 qui
1197 3410 1478 3464 hominum
1513 3427 1677 3481 opera
1711 3413 1955 3482 sibiipsis

381 3493 721 3548 dominatum
781 3507 1192 3566 compararunt.
1256 3499 1375 3554 Jam
1432 3517 1648 3571 quoque
1708 3510 1762 3557 et
1820 3501 1954 3556 illud

380 3585 556 3638 mutui
586 3584 713 3639 belli
761 3586 926 3642 telum
959 3602 989 3641 a
1035 3590 1383 3656 quibusdam,
1432 3592 1677 3649 defensio
1706 3593 1957 3648 videlicet

381 3676 647 3731 doctrinae
687 3692 856 3742 sanae,
901 3682 1266 3751 excogitatum
1310 3693 1394 3739 est
1428 3703 1440 3739 :
1473 3692 1528 3739 et
1572 3687 1699 3740 dum
1747 3686 1958 3756 privata

382 3767 509 3822 odia
561 3771 872 3835 occultant,
926 3788 1025 3842 pro
1054 3774 1284 3830 veritate
1330 3791 1390 3831 se
1435 3779 1620 3833 odisse
1672 3779 1953 3834 simulant.

382 3860 487 3915 Alii
521 3877 670 3926 vero,
725 3862 855 3917 dum
901 3863 1114 3934 fugiunt
1159 3882 1228 3922 ne
1274 3869 1605 3938 turpissimis
1638 3872 1958 3926 criminibus

384 3961 705 4018 arguantur,
731 3954 947 4022 populis
978 3954 1217 4010 furorem
1239 3958 1304 4011 ad
1341 3967 1586 4013 mutuam
1623 3961 1955 4015 discordiam

384 4040 671 4111 inspirant.
722 4053 780 4097 ut
829 4047 1218 4104 communibus
1265 4051 1427 4106 malis
1467 4067 1555 4106 res
1604 4068 1732 4107 suas
1765 4053 1961 4108 obum-

382 4128 563 4187 brent.
609 4133 948 4205 Quapropter
991 4145 1044 4191 et
1079 4139 1421 4210 implacabile
1455 4151 1538 4196 est
1568 4142 1672 4197 hoc
1702 4143 1904 4197 bellum
1941 4163 1954 4199 :

385 4222 457 4279 iis
486 4225 580 4293 qui
617 4228 758 4281 mala
795 4244 972 4298 egere,
1008 4246 1353 4286 communem
1403 4250 1613 4304 pacem,
1650 4245 1709 4288 ut
1743 4237 1960 4291 occulta

386 4311 628 4381 ipsorum
684 4316 949 4372 dedecora
1000 4319 1378 4391 detegentem,
1442 4327 1835 4383 metuentibus.
1877 4325 1959 4383 Ob

387 4403 504 4458 haec
560 4406 739 4461 rident
796 4409 1083 4477 increduli,
1115 4411 1381 4469 ﬂuctuant
1431 4418 1524 4487 qui
1573 4417 1801 4475 ﬁrmiter
1846 4436 1957 4475 non

387 4495 620 4551 credunt
646 4517 659 4552 :
688 4497 819 4553 ﬁdes
840 4509 922 4554 est
950 4502 1222 4574 ambigua,
1258 4505 1561 4561 oll‘unditur
1579 4509 1776 4566 animis
1804 4511 1959 4580 igno-

389 4588 550 4653 ratio,
585 4604 650 4643 eo
676 4590 818 4658 quod
856 4592 1137 4648 veritatem
1177 4595 1480 4661 imitentur,
1523 4600 1615 4669 qui
1640 4599 1957 4657 'doctrinam

388 4678 444 4734 in
471 4681 677 4736 malitia
705 4683 1032 4739 adulterant.
1069 4684 1240 4742 Silent
1269 4690 1412 4743 enim
1446 4692 1659 4761 piorum
1690 4708 1821 4761 ora;
1866 4709 1960 4750 so-

389 4769 503 4824 luta
541 4788 669 4827 vero
692 4774 1006 4844 blasphema
1043 4778 1220 4833 omnis
1258 4781 1478 4851 lingua;
1520 4782 1806 4852 profanata
1834 4793 1962 4841 sunt

388 4872 611 4929 sancta;
642 4863 854 4935 fugiunt
882 4869 1211 4936 precationis
1244 4870 1435 4927 domos
1471 4877 1657 4944 populi
1691 4876 1959 4940 saniores.

388 4962 449 5009 ut
475 4954 778 5026 impietatis
800 4960 1040 5026 scholas,
1075 4976 1139 5015 ac
1166 4962 1224 5017 in
1251 4965 1647 5024 solitudinibus
1678 4969 1746 5024 ad
1778 4967 1964 5024 Domi-

460 5112 950 5196 ς55)“012ςτιρμοῦ.
981 5118 1058 5196 Ita
1085 5121 1345 5196 quinque
1387 5136 1523 5196 mss.
1574 5120 1718 5196 Editi
1760 5125 1968 5196 le‘ttp.

392 5182 532 5261 μῶνἶ
556 5182 747 5261 Ῥοιιιο
770 5182 937 5261 ’ῘιοιιιΔ
972 5190 1097 5243 editi
1120 5182 1528 5261 ’ἀνθρυ›πικῶν.
1572 5193 1738 5257 Med.,
1786 5182 1961 5261 llarl.,

386 5253 554 5327 Coisl.
596 5253 882 5327 primus'et
907 5258 1036 5327 lleg.
1068 5253 1342 5317 secundus
1371 5270 1430 5316 ut
1469 5265 1523 5317 in
1559 5253 1732 5321 textu.

463 5324 576 5391 (54)
598 5323 742 5381 ‘Vide
768 5323 1048 5384 Addenda.

461 5394 572 5465 (ὃὸ)
604 5398 1094 5465 Παραπεσοῡσαι.
1137 5400 1213 5456 Ita
1264 5411 1376 5457 tres
1429 5404 1783 5460 vetustissimi
1827 5420 1962 5460 mss.

389 5461 534 5543 ξ]ᾱὶιὶ
558 5461 985 5543 περιπεσοῦσα.
1019 5470 1138 5543 Non
1176 5474 1354 5543 multo
1386 5483 1507 5543 post
1538 5475 1669 5529 editi
1705 5475 1969 5528 κατεϐάλ-

390 5532 534 5657 λὲεὲἅ
565 5532 733 5592 Coisl.
781 5541 1015 5610 primus,
1062 5541 1211 5597 Harl.
1260 5551 1314 5598 et
1353 5532 1487 5615 R'eg.
1520 5546 1794 5602 secundus
1845 5562 1971 5599 κατ-

390 5620 418 5657 ε
525 5621 613 5657 ετο

390 5620 613 5659 εοαΛετο

465 5672 578 5757 (βθ)
634 5678 1143 5757 Εςεὸλᾴσςτῃᾳερς..
1162 5681 1239 5737 lta
1261 5682 1552 5744 Medicmus
1583 5687 1776 5757 codex,
1809 5701 1970 5744 accu-

395 5746 566 5806 ratius
594 5761 758 5818 quam
786 5749 918 5805 editi
955 5746 1380 5821 ἐξεϐλάστησαν.

2068 3231 2336 3286 Ἀπόλωλε
2367 3235 2541 3302 κρῖμα
2569 3230 2773 3282 δίκαιον
2800 3244 2814 3260 ·
2850 3230 2959 3290 πᾶς
2992 3244 3078 3291 τις
3118 3227 3194 3298 τῷ
3225 3225 3492 3296 θελήματι
3530 3223 3635 3294 τῆς

2056 3324 2282 3394 καρδίας
2335 3320 2500 3376 αὐτοῦ
2548 3321 2860 3394 πορεύεται.
2903 3320 2967 3373 Ἠ
3015 3318 3249 3390 πονηρία
3298 3316 3663 3389 ἄμετρος,οί,

2053 3415 2173 3468 λαοὶ
2235 3414 2615 3484 ἁνουθέτητοι,
2672 3415 2721 3467 οἱ
2784 3411 3128 3484 προεστῶτες
3172 3409 3631 3482 ἁπαρῤησίαστοι.

2056 3506 2242 3560 Δοῦλοι
2270 3506 2379 3578 γὰρ
2412 3505 2519 3558 τῶν
2546 3505 2856 3558 δεδωκότων
2885 3504 2985 3574 τὴν
3025 3504 3207 3575 χάριν,
3243 3503 3293 3555 οἱ
3322 3501 3390 3554 δι’
3424 3499 3638 3571 ἀνθρώ-

2060 3617 2176 3653 πων
2207 3601 2421 3663 ἑαυτοῖς
2461 3598 2560 3669 τὴν
2592 3596 2912 3653 δυναστείαν
2958 3596 3454 3665 κατακτησάμενοι.
3493 3591 3663 3666 Ἤδη.

2059 3692 2115 3744 δὲ
2140 3692 2233 3744 καὶ
2263 3691 2426 3743 ὅπλον
2453 3690 2566 3743 τισὶ
2594 3689 2688 3742 τοῦ
2717 3689 2853 3760 πρὸς
2886 3687 3148 3759 ἀλλήλους
3196 3685 3435 3758 πολέμου
3472 3687 3505 3755 ὴ
3536 3685 3635 3736 ἐκ-

2057 3783 2269 3853 δίκησις
2302 3782 2459 3851 δῆθεν
2500 3780 2601 3849 τῆς
2631 3779 2961 3850 ὀρθοδοξίας,
2996 3780 3337 3847 ἐπινενόηται
3357 3795 3370 3809 ο
3403 3782 3499 3831 καὶ
3537 3776 3655 3840 τὰς,

2063 3875 2198 3939 ἰδίας
2254 3873 2453 3944 ἔχθρας
2504 3873 2974 3944 ὲπικρυῲάμενοι,
3026 3872 3167 3943 ὑπὲρ
3204 3873 3300 3943 τῆς
3353 3869 3638 3932 εὐσεϐείας

2059 3965 2363 4036 ἐχθραίνειν
2412 3962 3001 4034 κατασχηματίζονται.
3039 3962 3220 4016 ’Ἄλλοι
3264 3962 3354 4027 δὲ,
3400 3960 3491 4014 τὸν
3542 3960 3639 4013 ἐπὶ

2057 4060 2170 4122 τοῖς
2202 4057 2499 4128 αἰσχίστοις
2543 4055 2883 4120 ἐκκλίνοντες
2913 4055 3153 4126 ἔλεγχον,
3181 4056 3307 4118 τοὺς
3349 4053 3512 4117 λαοὺς
3556 4054 3639 4117 είς

2058 4147 2157 4219 τὴν
2192 4149 2310 4200 κατ’
2342 4145 2584 4218 ἀλλήλων
2624 4146 2955 4215 φιλονεικίαν
2998 4145 3370 4216 ἐκμαίνουσιν,
3398 4144 3485 4197 ἴνα
3522 4145 3651 4207 τοῖς

2060 4242 2262 4302 κοινοῖς
2294 4242 2486 4302 κακοῖς
2514 4238 2574 4292 τὸ
2607 4237 2731 4291 καθ’
2767 4237 2995 4301 ἑαυτοὺς
3041 4237 3394 4291 συσκιάσωσι.
3421 4235 3513 4288 Διὸ
3544 4235 3663 4292 καὶ,

2060 4330 2320 4394 ἄσπονδός
2372 4331 2519 4383 ἐστιν
2552 4331 2581 4383 ό
2622 4328 2857 4400 πόλεμος
2912 4321 3099 4394 οὗτος,
3137 4327 3246 4380 τῶν
3297 4327 3370 4380 τὰ
3422 4325 3639 4398 πονηρὲ

2062 4422 2434 4494 εἰργασμένων
2455 4421 2749 4494 τὴνκοινὴν
2778 4422 3024 4492 εἰρήνην,
3053 4420 3127 4484 ὡς
3152 4418 3643 4474 άποκαλύπτουσαν

2061 4514 2241 4568 αὐτῶν
2278 4514 2346 4567 τὰ
2377 4513 2595 4585 κρυπτὰ
2624 4513 2725 4582 τῆς
2759 4511 3039 4583 αἰσχύνης.
3081 4511 3468 4582 ὑφορωμένων.
3517 4512 3642 4565 Ἐπὶ

2059 4605 2269 4668 τούτοις
2298 4603 2528 4674 γελῶσιν
2567 4604 2615 4656 oi
2656 4602 2910 4667 ἄπιστοι,
2964 4600 3278 4655 σαλεύονται
3317 4603 3364 4656 οἱ
3399 4599 3645 4670 ὀλιγόπι-

2066 4714 2178 4750 στοι
2203 4714 2216 4728 ·
2265 4694 2565 4767 ἀμφίϐολος
2601 4695 2634 4764 ἡ
2663 4693 2867 4757 πίστις,
2900 4691 3092 4761 ἄγνοια
3141 4693 3511 4762 κατακέχυται
3532 4692 3644 4745 τῶν

2062 4786 2283 4857 ψυχῶν.
2325 4785 2415 4838 διὰ
2460 4785 2522 4838 τὸ
2575 4782 2861 4855 μιμεῖσθαι
2898 4782 3009 4855 (Ill)
3065 4782 3164 4854 τὴν
3213 4782 3473 4853 ἀλήθειαν
3514 4783 3645 4846 τοὺς

2062 4878 2347 4938 δολοῦντας
2372 4876 2463 4929 τὸν
2495 4875 2652 4943 λόγον
2680 4876 2736 4928 ἐν
2770 4876 3099 4948 κακουργίᾳ.
3127 4876 3262 4947 Σιγᾷ
3298 4875 3396 4947 μὲν
3426 4874 3534 4945 γὰρ
3571 4872 3643 4927 τα

2063 4969 2172 5023 τῶν
2202 4967 2571 5022 εὐσεϐούντων
2593 4968 2867 5040 στόματα·
2915 4969 3124 5023 ἀνεῖται
3170 4967 3229 5021 δὲ
3277 4968 3428 5021 πᾶσα
3471 4965 3637 5037 βλάσ-

2138 5128 2248 5201 (57)
2296 5127 2683 5201 Ἐπισκοπήν.
2719 5126 2812 5182 Sic
2854 5142 2988 5183 mss.
3020 5132 3076 5182 et
3120 5122 3289 5180 editio
3320 5121 3639 5195 Haganoen.

2065 5198 2199 5254 Aliae
2228 5198 2544 5253 ἐπίσκοπον.

2113 5270 2254 5392 άσόὃ)
2300 5269 2437 5326 Ἀεί.
2480 5268 2588 5322 Pro
2637 5268 2743 5324 hac
2768 5282 2904 5324 voce
2950 5268 3155 5324 habent
3204 5264 3344 5321 Med.
3385 5271 3441 5321 et
3486 5260 3640 5317 Harl.

2148 5357 2268 5392 ντα.

2068 5356 2268 5394 παντα.

2141 5410 2253 5482 (59)
2284 5409 2387 5464 Διὰ
2409 5406 2685 5482 σπουδῆς
2708 5409 3106 5482 ἀνθρωπίνης.
3141 5407 3218 5482 lta_
3244 5415 3355 5463 tres
3384 5402 3645 5461 vetustis»

2071 5479 2193 5557 simi
2207 5479 2478 5557 Acodjccs.‘
2506 5479 2937 5557 βιιὶιὶ-σπομδαῖς
2970 5479 3067 5532 ἀνθ
3075 5479 3389 5557 ρωπίναις.ῗ,

2142 5552 2253 5624 (40)
2285 5550 2635 5624 Ἐπί-διδόναι.
2653 5552 2735 5624 μα
2758 5550 3047 5624 ﬂarlmum
3071 5542 3212 5604 aliis.
3248 5542 3640 5624 Edtti_6t6ovqt.

2142 5611 2253 5691 (Η)
2286 5620 2622 5690 Μιμεῖσθαι.
2653 5619 2792 5677 Med.
2830 5618 3125 5690 μισεῖσθαι,
3171 5634 3231 5673 eo
3273 5614 3412 5689 quod
3440 5611 3643 5669 oderint

2071 5693 2361 5763 veritatem,
2395 5698 2499 5747 etc.
