3988 6194
325 290 423 346 181
1251 286 1744 347 EPISTOLARUM
1788 287 2078 345 CLASSIS
2112 288 2178 342 ll.
2217 286 2433 343 EPIST.
2473 289 2638 348 XCII.
3458 297 3568 353 482

324 417 506 474 φημος
530 403 753 474 γλωσσα
771 422 787 438 ο
841 405 1157 479 ὲσεϐηλὼθη
1187 408 1262 483 τά
1291 408 1445 477 ὄιγια,
1468 405 1731 476 φεύγουσι
1761 406 1881 470 τοὺς

1990 418 2122 458 num
2164 403 2219 458 in
2250 403 2407 459 cmlis
2461 404 2859 462 inhabitantem
2909 420 3034 463 cum
3063 407 3356 480 gemitibus
3395 416 3449 466 et
3479 411 3564 466 la-

320 496 646 569 ιύκτηρίους
691 500 875 567 οἴκους
923 505 974 556 οἱ
1019 501 1356 571 ὑγιαίνοντες
1402 500 1512 555 τῶν
1567 498 1710 552 λαῶν
1736 539 1751 563 ,
1813 497 1881 562 ὡς

1994 495 2198 567 crymis
2240 509 2434 552 manus
2484 498 2759 552 attollunt.
2804 501 3178 556 l'ervenerunt
3225 513 3405 557 autem
3435 518 3566 572 pro-

318 590 578 656 ἀσεϐείας
616 593 995 649 διδασκαλείαο
1035 594 1177 648 κατά
1208 593 1266 647 δὲ
1315 593 1415 657 τὰς
1469 591 1707 665 ἐρημίας
1752 589 1881 661 πρὸς

1994 584 2141 641 fecto
2172 593 2227 641 et
2263 601 2437 656 usque
2464 586 2530 641 ad
2561 603 2661 644 vos
2694 603 2816 658 qua:
2845 590 2899 644 in
2939 591 3216 662 plerisque
3247 593 3566 647 civitatibus

316 678 412 734 τὸν
441 681 499 733 ὲν
543 682 790 751 οὐρανοῖς
835 684 1108 755 Δεσπότην
1140 683 1275 755 μετά
1313 680 1632 753 στεναγμῶν
1677 680 1771 734 καὶ
1795 680 1881 733 δα-

1993 682 2276 745 geruntur.
2313 675 2579 731 Nimirum
2603 679 2786 749 populi
2819 694 2942 734 cum
2972 683 3234 736 uxoribus
3263 683 3564 752 liberisque

317 768 503 841 κρύων
537 771 635 837 τὰς
660 776 847 844 χεῖρας
878 775 1142 845 αἴρουσιν.
1174 772 1419 843 Ἔφθασε
1460 773 1570 843 γὰρ
1599 771 1710 842 (42)
1753 769 1881 823 πάν-

1995 774 2049 821 et
2079 766 2211 837 ipsis
2243 768 2469 824 senibus
2510 785 2609 838 pro
2638 772 2908 828 moenibus
2956 772 3134 840 eﬂ'usi,
3184 776 3289 829 sub
3318 774 3407 831 dio
3441 790 3566 845 pre—

314 877 428 925 τως
455 863 550 916 καὶ
586 864 778 936 μέχρις
808 865 962 936 ὑμῶν
983 864 1053 918 τά
1081 865 1340 933 γινόμενα
1366 865 1424 916 ὲν
1459 865 1580 924 ταῖς
1612 860 1881 923 πλείσταις

1997 872 2093 913 ces
2138 857 2395 923 fundunt,
2440 860 2677 917 ferentes
2709 879 2902 919 omnes
2947 867 3090 922 aeris
3117 867 3347 935 injurias
3393 867 3563 919 multa

314 952 427 1006 τῶν
453 955 661 1009 πόλεων
680 971 693 984 ‘
723 957 804 1008 ὅτι
829 957 878 1009 oi
905 956 1025 1009 λαοὶ
1048 957 1144 1009 σὺν
1165 955 1380 1024 γυναιξὶ
1401 954 1495 1008 καὶ
1522 951 1752 1015 παιδίοις
1776 950 1881 1021 (45]

1997 963 2119 1003 cum
2148 950 2426 1019 patientia.
2457 961 2511 1005 et
2540 954 2801 1007 auxilium
2834 969 2864 1008 a
2894 953 3125 1011 Domino
3156 965 3559 1027 exspectantes.

314 1045 414 1100 καὶ
476 1047 660 1110 αὐτοῖς
712 1051 824 1111 τοῖς
862 1046 1215 1118 πρεσϐύταις,
1281 1047 1387 1120 πρὸ
1428 1045 1537 1099 τῶν
1585 1042 1781 1116 τειχῶν
1814 1040 2156 1112 ἐκχυθέντες.
2189 1044 2248 1096 ὲν
2292 1042 2369 1113 τῷ
2398 1044 2650 1115 ὑπαίθρῳ
2676 1044 2887 1099 τελοῦσι
2919 1047 3019 1111 τὰς
3061 1048 3391 1120 προσευχὰς,
3458 1048 3560 1119 φέ-

318 1157 502 1212 ροντες
550 1143 728 1207 πάσας
775 1143 873 1206 τὰς
905 1146 970 1196 ὲκ
1012 1142 1107 1196 τοῦ
1162 1142 1322 1215 ἀέρος
1354 1139 1727 1204 κακοπαθείας
1784 1139 1882 1192 σὺν
1934 1137 2102 1209 πολλῇ
2132 1141 2197 1209 τῇ
2238 1138 2620 1210 μακροθυμίᾳ,
2662 1140 2762 1212 τὴν
2801 1139 2953 1212 παρὰ
2999 1142 3093 1196 τοῦ
3137 1144 3341 1216 Κυρίου
3409 1141 3561 1197 ἀντί-

312 1232 479 1306 ληψιν
507 1236 883 1306 ἀναμένοντες.
922 1288 927 1294 ,

385 1326 438 1379 5.
466 1326 561 1389 Τίς
588 1326 785 1397 θρῆνος
810 1326 919 1380 τῶν
948 1327 1242 1400 συμφορῶν
1278 1326 1485 1381 τούτων
1512 1324 1660 1393 ἄξιος
1684 1340 1700 1391 ;
1732 1325 1881 1378 ποῖαι

310 1417 494 1488 πηγαὶ
548 1417 800 1489 δακρύων
841 1422 1029 1482 κακοῖς
1060 1419 1334 1482 τοσούτοις
1376 1419 1700 1492 ἀρκέσουσιν
1726 1414 1879 1485 (44);

312 1506 462 1571 Ἕως
488 1504 580 1561 οῦν
617 1508 698 1560 ἔτι
729 1508 974 1562 δοκοῦσιν
1015 1511 1235 1564 ἑστάναι
1273 1509 1435 1573 τινὲς,
1469 1510 1572 1573 ἕως
1614 1508 1695 1561 ἐτι
1736 1508 1881 1578 [χνος

1986 1500 2192 1572 Itaque,
2224 1503 2352 1556 dum
2403 1506 2581 1559 adhuc
2626 1508 2874 1560 nonnulli
2922 1508 3175 1562 videntur
3215 1519 3383 1573 stare,
3429 1507 3559 1562 dum

307 1597 413 1667 τῆς
443 1599 678 1661 παλαιᾶς
719 1601 1108 1665 καταστάσεως
1148 1601 1489 1665 διασώζεται,
1522 1601 1655 1672 πρὶν
1700 1599 1881 1652 τέλεον

1985 1592 2164 1647 adhuc
2190 1595 2390 1648 veteris
2411 1604 2588 1651 status
2625 1597 2911 1667 vestigium
2940 1612 3208 1663 servatur,
3239 1599 3559 1670 priusquam

306 1692 433 1753 ταῖς
465 1690 814 1763 Ἐκκλησίαις
833 1692 1036 1766 ἐπέλθῃ
1070 1693 1180 1763 (45)
1203 1694 1263 1747 τὸ
1292 1694 1567 1762 ναυάγιον,
1594 1690 1881 1763 ὲπείχθητε

1989 1684 2325 1737 cumulatum
2351 1683 2613 1740 Ecclesiis
2638 1689 2985 1756 superveniat
3009 1691 3372 1759 naufragium:
3407 1690 3562 1744 festi-

309 1743 451 1852 πρὲς
493 1743 664 1852 ήμᾱςξ
718 1743 1036 1856 asia..."
1060 1743 1183 1856 ἧὲῆζ
1215 1743 1311 1839 at
1328 1743 1614 1855 "eam;
1652 1743 1881 1854 ’ὰδέλςξνοι

1985 1781 2112 1829 nate
2143 1775 2212 1828 ad
2254 1790 2376 1839 nos,
2406 1777 2519 1845 jam
2573 1777 2850 1842 festinate,
2888 1780 2961 1833 ita
2998 1796 3304 1850 precantur,
3356 1780 3556 1836 fratres

306 1869 710 1940 γνησιώτατοι·
766 1874 883 1926 δότε
946 1877 1104 1944 χεῖρα
1161 1877 1274 1936 τοῖς
1320 1877 1400 1938 είς
1452 1874 1579 1942 γόνυ
1632 1871 1880 1926 κλιθεῖσι.

1985 1865 2386 1935 germanissimi
2417 1883 2430 1919 :
2464 1866 2519 1919 in
2550 1882 2722 1936 genua
2759 1868 3061 1938 provolutis
3111 1885 3333 1923 manum
3380 1871 3561 1939 porri-

309 1958 703 2031 Συγκενηθήτω
735 1960 821 2030 ἐφ’
846 1963 976 2033 ἡμῖν
1007 1965 1075 2016 τὰ
1098 1963 1359 2034 ἀδελφικά
1385 1963 1538 2034 ὑμῶν
1578 1963 1881 2034 σπλάγχνα,

1986 1958 2112 2026 gite.
2151 1956 2407 2012 Fraterna
2439 1968 2620 2014 vestra
2654 1961 2863 2016 viscera
2890 1970 3340 2016 commoveantur
3368 1973 3557 2017 nostra

308 2051 640 2123 προχυθήτω
696 2052 905 2124 δάκρυα
953 2053 1314 2125 συμπαθείας.
1357 2055 1449 2126 Μὴ
1495 2054 1773 2126 περιίδητε
1821 2054 1881 2106 τὸ

1989 2062 2190 2115 causa,
2239 2048 2639 2118 profundantur
2712 2051 2966 2121 lacrymaa
3038 2054 3553 2110 commiseiationis.

2050 1315 2115 1371 3.
2164 1313 2296 1381 Quae
2349 1317 2667 1374 lamentatio
2732 1320 2815 1376 his
2880 1321 3286 1378 calamitatibus
3355 1321 3563 1392 digna?

1986 1410 2179 1480 quales
2208 1411 2567 1482 lacrymarnm
2600 1412 2777 1470 fontes
2814 1414 2900 1470 liis
2947 1416 3108 1470 malis
3155 1430 3314 1485 pares
3365 1416 3562 1471 erunt?

303 2142 482 2213 ⁴ἥμισυ
513 2142 614 2212 τῆς
663 2145 987 2217 οἰκουμένης
1009 2146 1113 2199 ὑπὸ
1155 2147 1253 2217 τῆς
1284 2146 1491 2217 πλάνης
1537 2146 1879 2200 καταποθέν⁸

312 2232 391 2304 μὴ
441 2234 752 2305 ἀνάσχησθε
799 2236 1201 2307 ἀποσϐεσθῆναι
1238 2237 1335 2309 τὴν
1380 2238 1580 2303 πίστιν,
1631 2240 1761 2309 παρ’
1804 2235 1887 2302 οἷς

310 2322 531 2393 πρῶτον
580 2324 872 2396 ἐξέλαμψε.
929 2328 992 2380 Τί
1029 2324 1121 2382 οὖν
1165 2330 1486 2401 ποιήσαντες
1524 2329 1879 2401 ἀντιλήψεσθε

308 2410 423 2465 τῶν
458 2414 822 2484 πραγμάτων,
854 2415 949 2468 καὶ
983 2414 1098 2479 πῶς
1117 2415 1177 2469 τὸ
1208 2416 1344 2487 πρὸς
1372 2418 1499 2480 τοὺς
1537 2415 1887 2486 θλιϐομένους

313 2504 602 2573 συμπαθὲς
650 2505 984 2569 ὲπιδείξεσθε
1036 2506 1169 2578 (46),
1201 2508 1262 2560 οὺ
1302 2511 1430 2578 παρ’
1460 2507 1617 2578 ἡμῶν
1667 2508 1885 2570 πάντως

310 2590 499 2661 δεήσει
533 2593 736 2665 ,μαθεῖν
765 2594 874 2665 (47)
921 2595 1064 2665 ὑμᾶς
1084 2611 1097 2624 ·
1130 2595 1242 2649 ἀλλ’
1284 2596 1416 2649 αὐτὸ
1463 2596 1524 2649 τὸ
1570 2595 1794 2665 Πνεῦμα
1828 2594 1888 2647 τὸ

310 2683 470 2754 ἅγιον
504 2688 633 2756 ὑμῖν
678 2687 1027 2758 ὑποθήσεται,
1065 2689 1210 2760 Πλήν
1255 2706 1319 2757 γε
1364 2691 1446 2742 ὅτι
1496 2689 1694 2759 τάχους
1731 2687 1888 2759 χρεία

311 2778 451 2849 πρὸς
471 2780 533 2832 τὸ
561 2779 966 2852 περισώσασθαι
988 2783 1113 2844 τοὺς
1138 2781 1602 2851 περιλειφθέντας,
1628 2782 1719 2834 καὶ
1748 2797 1888 2851 παρ-

311 2869 502 2933 ουσίας
525 2871 773 2941 ἀδελφῶν
805 2872 1084 2940 πλειόνων,
1124 2872 1265 2926 ὥστε
1293 2874 1570 2945 πλήρωμα
1596 2870 1736 2927 εἶναι
1760 2891 1886 2927 συν-

308 2957 432 3011 όδου
462 2962 587 3024 τοὺς
619 2961 1037 3035 ἐπιδημοῦντας,
1087 2964 1174 3017 ἵνα
1231 2964 1306 3036 μὴ
1338 2964 1496 3034 μόνον
1536 2965 1602 3017 ὲκ
1649 2966 1748 3035 τῆς
1777 2964 1886 3018 τῶν

1987 2138 2214 2194 Mediam
2249 2140 2401 2195 orbis
2438 2150 2646 2211 partem
2681 2142 2750 2196 ab
2780 2158 2963 2198 errore
2991 2143 3269 2199 absorberi
3304 2160 3372 2200 ne
3408 2145 3558 2200 sina-

1986 2232 2104 2288 tis:
2137 2247 2238 2288 nec
2287 2232 2445 2287 ﬁdem
2498 2233 2642 2305 apud
2693 2248 2789 2290 eos
2846 2232 3037 2291 feratis
3081 2237 3376 2305 exatingui,
3413 2237 3557 2306 apud

1988 2340 2124 2395 quos
2154 2327 2388 2396 primum
2418 2325 2613 2379 illuxit.
2651 2324 2792 2392 Quid
2826 2326 2993 2396 igitur
3021 2327 3167 2381 iacto
3205 2343 3345 2397 Opus
3373 2330 3465 2395 sit,
3498 2338 3558 2383 ut

1988 2416 2150 2469 rebus
2191 2423 2394 2470 nostris
2427 2416 2786 2479 subveniatis,
2825 2428 2878 2470 et
2898 2418 3172 2485 quomodo
3203 2419 3558 2473 commisera-

1987 2508 2189 2561 tionem
2242 2507 2545 2562 ostendatis
2596 2522 2721 2577 erga
2766 2507 3071 2571 divexatos,
3120 2510 3270 2563 nullo
3310 2510 3474 2564 modo
3525 2524 3556 2563 a

1988 2598 2147 2653 nobis
2184 2613 2413 2652 necesse
2468 2598 2695 2653 eritvos
2742 2598 2993 2653 discere:
3026 2598 3121 2653 sed
3169 2606 3395 2654 sanctus
3438 2600 3559 2669 ipse

1989 2687 2227 2759 Spiritus
2277 2690 2433 2744 vobis
2481 2698 2750 2760 suggeret.
2798 2694 2868 2745 At
2909 2698 3059 2746 certe
3098 2692 3377 2746 celeritate
3416 2707 3558 2762 opus

1987 2792 2072 2837 est
2101 2783 2169 2837 ad
2207 2797 2320 2842 eos.
2348 2783 2441 2852 qui
2471 2790 2787 2851 supersunt,
2820 2785 3140 2844 servandos.
3171 2790 3226 2838 et
3258 2783 3559 2852 plurimum

1988 2874 2218 2929 fratrum
2266 2874 2574 2945 prwsentia,
2613 2882 2667 2927 ut
2711 2874 2904 2945 synodi
2952 2884 3239 2929 numerum
3280 2878 3561 2946 expleant,

1987 2965 2079 3035 qui
2108 2967 2216 3019 huc
2248 2964 2557 3031 advenient,
2599 2972 2659 3018 ut
2685 2979 2791 3018 non
2821 2966 2996 3019 solum
3025 2981 3089 3020 ex
3115 2981 3305 3021 eorum
3333 2968 3425 3037 qui
3454 2968 3562 3021 mi-

311 3051 752 3107 ἀποστειλάντων
786 3056 1132 3127 σεμνότητος,
1158 3057 1293 3111 ἀλλά
1322 3058 1416 3110 καὶ
1465 3058 1530 3109 ὲκ
1562 3055 1655 3110 τοῦ
1680 3058 1880 3110 οίκείου

1989 3057 2161 3112 serint
2190 3056 2477 3125 gravitate,
2511 3055 2606 3110 sed
2633 3056 2797 3111 etiam
2822 3072 2889 3111 ex
2918 3071 3020 3112 suo
3047 3058 3291 3128 ipsorum
3332 3075 3561 3116 numero

309 3146 548 3217 ἀριθμοῦ
576 3148 637 3201 τὸ
668 3149 980 3215 ἀξιόπιστον
1007 3151 1201 3221 ἔχωσιν
1228 3152 1308 3215 είς
1341 3150 1625 3222 διόρθωσιν
1648 3168 1663 3182 ο
1708 3150 1758 3202 οἳ
1789 3150 1883 3203 καὶ

303 3239 410 3311 τὴν
432 3241 491 3293 ἐν
529 3239 734 3312 Νικαίᾳ
775 3247 1072 3313 γραφεῖσαν
1102 3244 1251 3315 παρὰ
1295 3244 1403 3296 τῶν
1432 3243 1692 3314 Πατέρων
1727 3243 1882 3313 ἡμῶν

306 3330 495 3385 πίστιν
545 3332 979 3402 ἀναναῦσονται,
1020 3338 1115 3389 καὶ
1160 3336 1259 3407 τὴν
1299 3336 1510 3408 αἵρεσιν
1564 3334 1884 3406 ὲκκηρύξω-

307 3440 363 3477 σι
416 3424 548 3495 (48),
595 3427 690 3480 καὶ
740 3429 859 3490 ταῖς
895 3428 1241 3499 Ἑκκλησίαις
1292 3428 1360 3481 τὰ
1413 3426 1664 3499 εἰρηνικά
1706 3426 1884 3481 διαλέ-

304 3514 514 3581 ξονται,
536 3518 664 3580 τοὺς
686 3517 755 3585 τὰ
793 3518 934 3572 αὐτὰ
954 3518 1286 3591 φρονοῦντας
1320 3520 1639 3587 συνάγοντες
1666 3518 1777 3590 (49)
1805 3520 1884 3582 είς

303 3608 581 3677 ὁμόνοιαν.
606 3607 777 3662 Τοῦτο
804 3609 912 3681 γάρ
950 3609 1117 3680 δήπου
1150 3609 1211 3664 τὸ
1238 3610 1454 3662 πάντων
1496 3608 1881 3671 ὲλεεινότατον,

304 3699 391 3754 ὅτι
421 3699 602 3753 καὶτὸ
638 3699 828 3754 δοκοῦν
850 3700 1114 3769 ὑγιαίνειν
1138 3703 1222 3771 ἐφ’
1255 3700 1417 3754 ἑαυτὸ
1457 3699 1721 3771 ἐμερίσθη
1740 3716 1753 3729 ·
1788 3700 1883 3753 καὶ

304 3791 678 3863 περιέστηκεν
706 3794 871 3864 ἡμᾶς,
898 3794 975 3857 ὡς
1005 3793 1169 3858 ἔοικε,
1196 3791 1552 3863 παραπλήσια
1589 3790 1736 3862 πάθη
1770 3793 1884 3854 τοῖς

302 3878 440 3930 ποτὲ
470 3881 613 3934 κατὰ
633 3882 733 3954 τὴν
767 3882 1175 3936 Οὐεσπασιανοῦ
1210 3880 1526 3954 πολιορκίαν
1550 3882 1619 3935 τά
1657 3882 1885 3954 Ἱεροσὸ-

299 3968 452 4040 λυμα
486 3972 855 4043 περισχοῦσιν.
884 3975 1111 4031 Ἐκεῖνοί
1139 3991 1200 4027 τε
1226 3972 1335 4044 γὰρ
1361 3972 1499 4043 ὁμοῦ
1530 3974 1626 4045 μὲν
1649 3974 1726 4043 τῷ
1752 3974 1884 4053 ἔξω·

302 4059 400 4116 θεν
442 4064 750 4135 συνείχοντο
795 4065 1045 4137 πολέμῳ,
1099 4065 1235 4137 ὁμοῦ
1290 4066 1346 4119 δὲ
1395 4066 1492 4120 καὶ
1543 4068 1613 4136 τῇ
1670 4065 1882 4119 ἔνδοθεν

300 4151 494 4205 στάσει
524 4153 633 4206 τῶν
663 4154 949 4226 ὁμοφύλων
971 4155 1449 4228 κατανηλίσκοντο.
1478 4155 1638 4227 Ἡμῖν
1665 4153 1721 4207 δὲ
1747 4156 1883 4228 πρὸς

300 4238 383 4310 τῷ
413 4241 632 4313 φανερῷ
663 4243 884 4314 πολέμῳ
909 4244 1017 4299 τῶν
1056 4243 1349 4315 αἱρετικῶν
1399 4244 1479 4298 ἔτι
1510 4244 1606 4298 καὶ⁵
1653 4246 1683 4297 ὁ
1730 4244 1882 4315 παρὰ

298 4331 411 4385 τῶν
472 4332 771 4387 δοκούντων
820 4334 1122 4406 ὀρθοδοξεῖν
1164 4336 1277 4407 (50)
1340 4335 1654 4399 ἐπαναστὰς
1678 4374 1694 4400 ,
1741 4335 1883 4405 πρὸς

1986 3149 2200 3219 pondus
2233 3155 2396 3217 atque
2417 3151 2797 3203 auctoritatem
2831 3147 2898 3201 ad
2930 3164 3019 3203 res
3046 3150 3421 3206 emendandas
3458 3152 3560 3204 ha-

1984 3241 2147 3295 beant
2174 3259 2188 3296 :
2214 3241 2305 3310 qui
2343 3249 2397 3296 et
2441 3242 2596 3294 Iidem
2642 3240 2698 3294 in
2743 3237 2924 3293 Nicaea
2973 3255 3003 3293 a
3059 3241 3264 3294 nostris
3308 3239 3559 3296 Patribus

1984 3334 2247 3402 scriptam
2302 3333 2635 3395 instaurent,
2690 3339 2744 3387 et
2794 3331 3043 3386 baaresim
3092 3334 3460 3401 proscribant,
3502 3341 3558 3388 et

1985 3424 2247 3480 Ecclesiis
2280 3426 2574 3494 loquantur
2605 3426 2853 3494 pacitica,
2881 3440 2976 3480 eos
3004 3426 3094 3494 qui
3128 3426 3267 3479 idem
3294 3426 3555 3489 sentiunt,

1982 3514 2052 3569 ad
2102 3517 2451 3569 concordiam
2508 3514 2866 3570 adducentes.
2934 3513 3050 3570 Hoc
3106 3517 3252 3570 enim
3311 3517 3560 3587 profecto

1982 3608 2229 3663 omnium
2264 3608 2500 3663 maxime
2524 3608 2749 3677 dignum
2786 3616 2872 3662 est
2908 3608 3284 3669 miseratione,
3314 3610 3460 3678 quod
3502 3619 3559 3665 et

1982 3715 2046 3755 ea
2080 3715 2205 3770 pars
2229 3714 2350 3769 quae
2381 3699 2594 3753 videtur
2619 3713 2742 3754 esse
2764 3713 2918 3762 sana,
2950 3699 3127 3754 divisa
3176 3701 3340 3771 186
3383 3708 3468 3756 est
3501 3702 3557 3758 in

1984 3792 2337 3861 semetipsam
2384 3808 2398 3844 :
2444 3804 2509 3845 ac
2558 3804 2658 3845 nos
2696 3791 3093 3853 circumstant.
3149 3800 3210 3845 ut
3263 3792 3557 3848 verisimile

1982 3894 2089 3951 est,
2140 3886 2349 3941 similes
2401 3885 2743 3939 calamitates
2774 3885 2880 3949 his,
2910 3900 3034 3955 quae
3073 3887 3204 3941 olim
3243 3885 3554 3958 Hierosoly-

1982 3979 2110 4037 mis.
2153 3974 2492 4047 Vespasiano
2535 3977 2843 4037 obsidente.
2895 3977 3233 4032 acciderunt.
3285 3978 3365 4033 Illi
3406 3980 3554 4033 enim

1984 4070 2147 4125 simul
2187 4077 2242 4123 et
2287 4076 2514 4123 externo
2542 4069 2932 4138 premebantur
2961 4070 3124 4137 bello,
3158 4076 3213 4124 et
3255 4070 3557 4125 domestica

1984 4161 2264 4216 tribulium
2309 4162 2579 4217 seditione
2627 4161 3078 4218 absumebantur.
3119 4161 3277 4231 Apud
3322 4178 3425 4219 nos
3455 4178 3551 4217 au-

1983 4261 2125 4319 tem,
2183 4261 2380 4323 praeter
2425 4260 2670 4322 apertum
2721 4251 3095 4307 haereticorum
3144 4253 3376 4318 bellum,
3408 4255 3557 4330 aliud

1982 4353 2242 4414 prmterea
2270 4342 2341 4397 ab
2367 4343 2459 4407 iis,
2499 4343 2592 4413 qui
2618 4341 2873 4396 videntur
2901 4354 3048 4397 recte
3091 4344 3316 4407 sentire,
3345 4345 3557 4399 excita-

300 4423 533 4494 ἔσχατον
576 4425 859 4492 ἀσθενείας
896 4428 995 4492 τὰς
1022 4428 1345 4500 Ἐκκλησίας
1385 4429 1714 4499 κατήγαγεν,
1760 4427 1877 4497 Ἐφ’

1985 4445 2118 4498 tum,
2153 4434 2220 4489 ad
2265 4442 2561 4489 extremam
2606 4432 2938 4488 debilitatem
2972 4432 3244 4490 Ecclesias
3282 4436 3553 4505 perduxit.

301 4515 450 4587 ᾶπερ
502 4517 597 4571 καὶ
644 4517 880 4588 μάλιστα
922 4518 1025 4590 τῆς
1072 4521 1203 4592 παρ’
1238 4519 1394 4590 ὑμῶν
1439 4518 1712 4591 χρῄζομεν
1747 4516 1877 4588 βοη-

296 4604 456 4672 θείας
474 4649 492 4676 ,
543 4608 686 4664 ὥστε
737 4611 866 4675 τοὺς
929 4610 1029 4684 τὴν
1077 4610 1438 4683 ἀποστολικὴν
1484 4610 1879 4683 ὁμολογοῦντας

372 4761 793 4837 (ηλξεφθασε
812 4764 957 4837 περ,
980 4765 1058 4822 Ita
1085 4774 1200 4822 tres
1229 4767 1584 4823 vetustissimi
1617 4767 1836 4823 codices
1860 4787 1874 4823 :

314 4832 433 4888 aditi
470 4832 714 4906 Ἔφθασε
738 4832 1052 4891 δέ.’1ὓίάεηι
1085 4839 1300 4900 πάντως
1339 4839 1579 4893 additum
1623 4853 1690 4893 ex
1717 4838 1880 4906 quin.

314 4917 408 4979 lue
438 4917 574 4960 mss.
608 4905 752 4960 Εύὶιί
794 4905 865 4960 τὰ
907 4906 1196 4978 γενόμενα.
1227 4906 1480 4979 Plerique
1510 4924 1644 4965 mss.
1693 4905 1762 4961 τὰ
1787 4924 1875 4976 γι·

310 4972 806 5117 οηαιδίρις,
837 5043 916 5101 lta
946 5045 1126 5110 Harl.,
1169 5044 1310 5117 Med.
1341 5052 1396 5101 et
1434 5044 1602 5104 Coisl.
1638 5047 1874 5117 primus.

471 5113 663 5238 ἔῗὶριί.
688 5110 895 5171 Ibidem
924 5118 1056 5173 editi
1087 5117 1195 5189 πρὸ
1216 5115 1556 5187 τῶνπυλῶν.
1594 5110 1702 5174 Séx
1736 5133 1872 5173 mss.

375 5252 489 5323 (44)
519 5253 1025 5321 Ἀρκέσουσινλῑο
1043 5264 1158 5313 tres
1183 5257 1541 5313 vetustissimi
1569 5272 1704 5314 mss.
1729 5255 1878 5323 Qua-

297 5323 953 5400 tuor_alii_s£qpatésoggt.
983 5327 1545 5400 Editiémpxéaougt.

298 5391 811 5521 ἑπὲἒὲὲῖἓζπέξιθῃ.
848 5395 1090 5469 Uterque
1116 5391 1320 5469 Regius
1356 5405 1412 5453 et
1454 5397 1624 5454 Coisl.
1662 5398 1878 5469 primus

301 5532 956 5672 ἃεὲζϐἐθέπιδείξεσθε.
997 5536 1165 5593 Coisl.
1207 5537 1418 5609 primus
1459 5545 1515 5595 et
1563 5536 1714 5594 Harl.
1754 5541 1877 5593 επι-

403 5672 495 5743 47)
516 5675 761 5733 Μαθεῖν.
787 5675 864 5733 ita
891 5686 1002 5735 tres
1030 5678 1391 5737 vetustissimi
1418 5693 1549 5737 mss.
1577 5676 1719 5735 Editi
1744 5697 1867 5752 μαν-

1982 4525 2064 4582 Ob
2097 4543 2217 4596 quae
2242 4534 2297 4582 et
2316 4528 2551 4581 maxime
2580 4526 2888 4595 indigemus
2916 4527 3117 4580 auxilio
3153 4540 3354 4591 vestro,
3372 4537 3431 4582 ut
3460 4528 3559 4596 qui

1983 4619 2337 4689 apostolicam
2366 4619 2695 4690 proﬁtentur
2723 4617 2906 4683 (idem,
2929 4619 3235 4689 excogitata
3257 4634 3284 4672 a
3310 4635 3370 4673 se
3395 4619 3545 4674 ειίιίο

1982 4772 2185 4830 θάνειν.
2222 4772 2392 4827 Paulo
2417 4779 2542 4844 post
2568 4771 2772 4844 Regius
2796 4780 3028 4844 uterque
3056 4781 3110 4829 et
3147 4772 3314 4829 Coisl.
3344 4773 3555 4844 primus

1983 4843 2424 4912 ὑπολειφθέντας.

2055 4914 2166 4985 (48)
2190 4910 2643 4985 ίἘκκηρύξωσι.
2669 4914 2744 4985 Ita
2775 4920 2887 4967 tres
2902 4911 3261 4985 vetustissimi
3290 4910 3510 4985 codices
3537 4931 3549 4966 :

1980 4981 2096 5055 tres
2124 4981 2215 5055 alii
2259 4981 2671 5055 Ἐκκηρύξουσι.
2709 4982 2848 5055 Editi
2880 4983 3273 5055 Δὲκριζώσουσι,
3311 4981 3556 5035 eradira~

1983 5052 2130 5109 bunt.
2175 5051 2251 5106 Ex
2279 5054 2379 5108 hac
2408 5051 2589 5108 autem
2611 5051 3108 5108 vetustissimorum
3141 5051 3389 5105 codicum
3424 5056 3557 5105 scri-

1980 5132 2141 5193 ptura
2178 5133 2323 5193 patet
2366 5124 2624 5193 similiter
2657 5124 2956 5193 legendum
2988 5136 3108 5176 esse
3141 5121 3553 5193 ἀνανεώσωνται

1979 5190 2036 5316 εἴ
2062 5190 2430 5276 διαλέξωνται,
2470 5190 2618 5263 quod
2662 5190 2840 5248 lucem
2880 5191 3037 5247 aﬂ'ert
3077 5192 3366 5247 verborum
3401 5206 3553 5247 com-

1980 5277 2017 5316 ι)
2038 5279 2242 5316 exmm.

2038 5279 2242 5317 CXIOIII.

1980 5277 2592 5404 plixianlzzvrgimec.
2645 5329 2895 5404 Harl._et
2937 5329 3108 5404 Coisl.
3167 5331 3382 5402 primus
3428 5347 3553 5385 συν-

1979 5400 2296 5472 αγαγόντες.
2311 5400 2482 5458 Paulo
2501 5412 2622 5474 post
2638 5402 2767 5457 editi
2786 5400 3401 5474 ὲλεεινὸτερονζδεριθω
3417 5416 3548 5457 mss.

1979 5481 2041 5528 ut
2068 5474 2122 5526 in
2148 5481 2323 5528 textu.

1979 5615 2009 5667 ὁ
2053 5544 2172 5679 go;
2203 5541 2598 5629 :Opaodofsi’r.
2655 5538 2828 5610 Harl.,
2869 5540 2993 5598 Vat.
3041 5552 3098 5600 et
3152 5540 3288 5616 Reg.
3338 5540 3551 5614 primu:

2014 5633 2052 5679 μ
2111 5630 2140 5667 ο
2175 5631 2273 5669 ειν.

2014 5630 2273 5686 μοοοςειν.
