3988 6194
319 301 426 356 ι85

1239 306 1736 364 ἘΡΙΞΤΟΙιΑΒυΜ
1763 308 2050 366 CLASSIS
2087 311 2152 368 ll.
2192 311 2410 370 EPIST.
2449 312 2634 372 XCIV.

3477 328 3584 384 486

315 415 439 487 γοῦ,
466 415 566 488 τὴν
586 417 873 472 κοινωνίαν
897 417 1194 489 λαμϐάνειν
1217 423 1283 491 τῇ
1306 421 1412 492 ἰδίᾳ
1444 423 1610 492 χειρὶ.
1637 422 1876 494 μηδαμῶς

2002 428 2442 483 communionem
2478 444 2580 485 sua
2611 430 2789 501 ipsius
2818 447 2982 488 manu
3011 434 3290 506 accipere,
3331 437 3384 492 id
3417 455 3582 511 grave

312 507 455 564 εἶναι
493 509 632 582 βαρὺ
684 511 939 583 περιττόν
971 513 1086 564 ἐστι
1130 512 1530 579 ἀποδεικνύναι,
1560 514 1649 568 διὰ
1707 516 1770 567 τὺ
1803 515 1898 568 καὶ

310 602 414 672 τὴν
465 601 683 674 μακρὰν
740 601 1028 674 συνήθειαν
1061 601 1218 657 τοῦτο
1245 604 1314 658 δι’
1345 605 1523 658 αὐτῶν
1578 605 1686 660 τῶν
1751 624 1896 678 πρα-

310 694 543 762 γμάτων
573 691 969 746 πιστώσασθαι.
1015 693 1222 758 Πάντες
1252 692 1361 764 γὰρ
1385 697 1433 748 οἱ
1467 696 1609 750 κατὰ
1639 695 1738 760 τὰς
1766 697 1897 768 ἐρή-

314 801 452 855 μους
477 783 589 854 (56)
633 784 976 855 μονάζοντες,
1003 785 1130 838 ἔνθα
1175 784 1250 856 μὴ
1280 785 1425 840 ἐστιν
1459 789 1658 858 ἱερεὺς,
1710 805 1899 841 κοινωο

311 876 432 928 νίαν
457 875 595 929 οἴκοι
627 876 972 946 κατέχοντες,
1008 877 1101 946 ’ἀφ’
1127 876 1334 930 ἑαυτῶν
1370 878 1892 950 μεταλαμϐάνουσιν.

322 967 414 1020 Ἐν
481 966 860 1038 Ἀλεξανδρείᾳ
910 967 966 1021 δὲ
993 969 1086 1022 καὶ
1116 970 1180 1022 ὲν
1233 970 1496 1042 Αἰγύπτῳ
1533 971 1763 1036 ἕκαστος
1802 971 1896 1024 καὶ

306 1057 419 1110 τῶν
455 1057 513 1109 ἐν
538 1056 653 1126 λαῷ
699 1057 994 1111 τελούντων
1036 1058 1110 1122 ὡς
1144 1059 1238 1112 ἐπὶ
1271 1061 1332 1113 τὸ
1359 1061 1607 1116 πλεῖστον
1639 1063 1751 1134 ἔχει
1782 1081 1896 1117 κοι-

306 1149 508 1202 νωνίαν
546 1151 602 1202 ὲν
641 1148 718 1220 τῷ
773 1149 908 1219 οἴκῳ
954 1149 1153 1215 αὐτοῦ,
1208 1154 1303 1206 καὶ
1338 1155 1426 1208 ὅτε
1471 1156 1719 1227 βούλεται
1757 1155 1891 1227 (57),

308 1249 719 1320 μεταλαμϐάνει
749 1249 814 1303 δι’
850 1250 1065 1305 ἑαυτοῦ.
1099 1250 1283 1316 ’Ἀπαξ
1313 1250 1421 1322 γὰρ
1458 1249 1558 1302 τὴν
1581 1247 1770 1302 Θυσίαν
1796 1247 1891 1302 τοῦ

306 1342 504 1412 ἱερέως
553 1340 939 1405 τελειώσαντος
980 1342 1074 1396 καὶ
1109 1342 1422 1405 δεδωκότος,
1455 1339 1687 1394 ὁλαϐὼν
1722 1341 1892 1413 αὐτὴν

300 1432 380 1495 ὡς
403 1433 532 1504 ὅλην
564 1431 718 1503 ὁμοῦ,
752 1435 873 1486 καθ’
896 1433 1132 1504 ἑκάστην
1153 1432 1601 1504 μεταλαμϐάνων,
1626 1432 1772 1504 παρὰ
1797 1431 1889 1485 τοῦ

300 1524 598 1589 δεδωκότος
657 1526 881 1589 εἰκότως
928 1525 1365 1596 μεταλαμϐάνειν
1415 1524 1528 1596 (58)
1573 1526 1666 1578 καὶ
1707 1524 1893 1578 ὑποδέ-

300 1613 494 1683 χεσθαι
529 1615 804 1668 πιστεύειν
823 1615 1044 1684 ὀφείλει.
1073 1616 1183 1669 Καὶ
1215 1617 1324 1687 γὰρ
1343 1617 1437 1668 καὶ
1460 1616 1519 1669 ὲν
1546 1618 1613 1686 τῇ
1661 1615 1890 1687 Ἐκκλη-

299 1703 398 1774 σία
425 1705 452 1758 ὁ
484 1706 663 1777 ἱερεὺς
709 1705 986 1759 ἐπιδίδωσι
1019 1706 1117 1778 τὴν
1149 1706 1364 1780 μερίδα,
1398 1705 1496 1760 καὶ
1525 1705 1750 1776 κατέχει
1783 1708 1885 1760 αύ-

1999 533 2111 574 non
2153 535 2277 576 esse
2325 535 2727 591 supervacuum
2781 531 2867 579 est
2920 525 3248 595 ostendere;
3300 531 3431 600 quia
3477 533 3584 590 hoc

1998 609 2254 666 diuturna
2285 614 2624 670 consuetudo
2670 614 2807 684 ipsis
2845 616 3009 673 rebus
3041 618 3346 675 conﬁrmat.
3379 620 3582 683 Omnes

1997 703 2142 758 enim
2170 703 2226 758 in
2257 705 2650 762 solitudinibus
2681 708 2956 773 monachi,
2994 712 3085 764 ubi
3115 727 3237 788 .non
3274 725 3361 769 est
3393 729 3582 772 sacer-

1997 794 2098 849 dos
2119 834 2134 858 ,
2167 797 2609 853 communionem
2638 798 2784 855 domi
2817 809 3099 858 servantes
3122 846 3138 868 ,
3172 805 3289 861 suis
3331 806 3577 876 ipsorum

1997 886 2250 943 manibus
2271 896 2514 942 sumunt.
2551 888 2896 946 Alexandriae
2923 901 3105 948 autem
3145 902 3200 950 et
3241 899 3298 950 in
3341 895 3578 969 Egypto

1996 981 2378 1051 unusquisque
2423 981 2588 1036 etiam
2634 983 2702 1038 de
2754 985 2912 1053 plebe
2955 996 3015 1040 ut
3058 988 3357 1058 plurimum
3413 991 3578 1045 habet

1995 1072 2142 1128 domi
2177 1076 2616 1129 communionem
2639 1116 2655 1141 ,
2702 1084 2753 1131 et
2785 1078 3006 1146 quando
3040 1080 3190 1146 vult,
3223 1097 3321 1152 per
3357 1099 3418 1138 se
3457 1083 3576 1154 ipse

1994 1165 2053 1221 lit
2087 1167 2234 1221 illius
2260 1168 2554 1238 particeps.
2600 1167 2896 1239 Postquam
2941 1173 3084 1226 enim
3117 1175 3284 1235 semel
3313 1175 3574 1235 sacerdos

1995 1250 2324 1311 saerilicium
2373 1259 2627 1323 absolvit,
2687 1274 2751 1314 ac
2804 1261 3048 1329 porrexit
3091 1282 3103 1317 :
3146 1265 3240 1332 qui
3295 1266 3462 1332 illud,
3512 1278 3574 1321 ut

1993 1356 2168 1427 totum
2217 1349 2381 1403 simul
2427 1351 2669 1419 accepit,
2704 1351 2752 1405 is
2782 1351 2911 1405 dum
2963 1355 3207 1422 quotidie
3249 1357 3568 1427 participat,

1991 1426 2189 1494 merito
2221 1440 2442 1494 credere
2469 1440 2629 1495 debet
2663 1456 2722 1496 se
2751 1441 2820 1496 ab
2839 1457 2904 1497 eo
2936 1444 3028 1513 qui
3061 1445 3212 1498 dedit
3237 1426 3570 1516 participare

1991 1535 2044 1584 et
2073 1529 2343 1599 accipere.
2381 1529 2673 1584 Enimvero
2700 1532 2866 1586 etiam
2917 1534 2972 1587 in
3014 1533 3259 1589 Ecclesia
3309 1536 3568 1591 sacerdos

1990 1621 2218 1692 porrigit
2238 1628 2492 1692 partem:
2526 1638 2690 1692 quam
2726 1624 2818 1692 qui
2853 1625 3104 1696 suscipit,
3132 1641 3257 1681 cum
3288 1628 3436 1682 omni
3471 1644 3568 1698 po-

1991 1720 2188 1768 testate
2215 1715 2447 1780 retinet,
2486 1721 2542 1770 et
2585 1715 2667 1770 sic
2711 1717 2796 1770 ori
2845 1717 3098 1773 admovet
3125 1720 3343 1790 propria
3374 1736 3564 1779 manu.

429 1798 457 1848 ὁ
489 1771 880 1865 ὑποδεχόμενος
923 1797 1039 1868 μετ’
1073 1771 1324 1862 ἔξουσίας
1355 1797 1595 1869 ἁπάσης,
1623 1771 1718 1850 καὶ
1738 1796 1876 1852 οὕτω

1986 1803 2174 1877 Itaque
2203 1806 2346 1861 idem
2375 1806 2540 1874 valet,
2575 1807 2692 1862 sive
2721 1809 2846 1878 quis
2879 1819 3092 1879 partem
3123 1827 3289 1866 unam
3317 1827 3350 1868 a
3385 1827 3568 1869 sacer-

296 1885 569 1954 προσάγει
600 1885 676 1956 τῷ
707 1885 936 1956 στόματι
968 1889 1034 1956 τῇ
1067 1885 1173 1957 ἰδίᾳ
1226 1886 1388 1958 χειρί.
1446 1886 1656 1941 Ταυτδν
1700 1888 1882 1943 τοίνυν

295 1975 418 2028 ἐστὶ
440 1979 506 2048 τῇ
533 1976 785 2047 δυνάμει,
812 1979 920 2030 εἴτε
961 1978 1089 2048 μίαν
1122 1978 1318 2048 μερίδα
1345 1978 1558 2044 δέξεταί
1606 1997 1688 2045 τις
1728 1979 1882 2052 παρὰ

297 2066 392 2119 τοῦ
425 2067 635 2138 ἱερέως,
657 2068 766 2120 εἴτε
782 2066 981 2130 πολλὰς
1006 2068 1228 2138 μερίδας
1249 2067 1405 2138 ὁμοῦ.

837 2184 1186 2239 ΕΠΙΣΤΟΛΗ
1215 2189 1329 2250 ι,Δ’.

1983 1897 2112 1956 dote
2136 1898 2390 1970 accipiat,
2428 1899 2544 1956 sive
2574 1901 2776 1956 multas
2807 1901 2992 1958 simul.

2477 2185 2819 2242 EPISTOLA
2855 2187 3057 2245 XCIV'.

294 2301 432 2378 Cum,
443 2299 809 2378 amplissimum
819 2300 1088 2373 cediﬂcium
1124 2311 1424 2378 construeret
1469 2305 1701 2370 Basilius,
1742 2291 1873 2378 inde.
1893 2309 2027 2364 illius
2060 2307 2325 2378 accusmtdi
2366 2316 2563 2378 arrepta
2600 2321 2748 2358 causa
2769 2307 2900 2378 :_Imc
2921 2306 3303 2378 αεεεειςεηιηζμῤ
3322 2306 3561 2374 episcopis

374 2361 720 2414 dissidentibus
760 2366 874 2416 alia:
911 2361 1283 2417 criminationes.
1325 2366 1548 2418 Primam
1589 2361 1939 2425 accusationem

372 2426 558 2498 tratum,-
584 2433 629 2476 et
651 2425 723 2478 rei
744 2425 949 2489 publica:
969 2425 1086 2480 utile
1107 2442 1210 2480 esse
1230 2429 1382 2480 docet.
1411 2433 1622 2484 cineras
1649 2433 1815 2498 diﬂert
1834 2433 1886 2486 in
1902 2435 1973 2487 ali

369 2485 607 2538 imitetur.

555 2595 720 2662 Ἠλίᾳ
752 2595 998 2666 ἄρχοντι
1027 2597 1139 2667 τῆς
1163 2598 1456 2669 ἐπαρχίας
1479 2599 1614 2670 (59).

361 2685 624 2759 ’Ὢρμησα
687 2688 784 2759 μὲν
830 2690 927 2742 καὶ
980 2689 1141 2754 αὐτὸς
1175 2692 1504 2745 καταλαῦεἶν
1536 2709 1629 2746 σου
1660 2698 1759 2764 τὴν
1789 2710 1873 2748 τι-

289 2777 545 2850 μιότητα,
573 2778 649 2844 ὡς
707 2779 772 2834 ἂν
803 2782 878 2855 μὴ
910 2785 976 2854 τῇ
1020 2782 1304 2854 ἀπολείψει
1357 2785 1576 2839 ἔλαττόν
1606 2803 1658 2839 τι
1694 2786 1872 2858 ἔχοιμι

289 2870 401 2925 τῶν
437 2870 832 2926 διαϐαλλόντων
851 2892 866 2906 ο
901 2874 1016 2928 ἀλλ’
1050 2876 1238 2948 ἐπειδὴ
1267 2879 1300 2948 ἡ
1333 2877 1616 2949 ἀρρωστία
1644 2877 1738 2931 τοῦ
1767 2878 1872 2931 σώ-

289 2978 463 3031 ματος
510 2961 824 3031 διεκώλυσε,
871 2965 1225 3037 σφοδρότερον
1264 2967 1444 3039 πολλῷ
1468 2969 1565 3038 τῆς
1589 2969 1874 3041 συνηθείας

1982 2372 2192 2440 repellit,
2221 2386 2278 2421 ac
2305 2366 2581 2440 cadi/icium
2602 2383 2744 2440 suum
2783 2369 3104 2440 imperatoris
3121 2366 3561 2440 [udiciocognpi'o-

1982 2389 2038 2426 re
2070 2381 2192 2433 euit,
2221 2386 2278 2421 ac
2317 2381 2581 2440 mai/icium
2602 2383 2744 2439 suum
2783 2381 3090 2432 imperatoris
3149 2381 3561 2438 uaiciocompro-

1976 2388 2070 2489 uti,
2065 2443 2267 2500 tempus.
2295 2435 2509 2484 Interim
2531 2430 2792 2496 praesidem
2817 2438 2957 2496 rogat
2979 2438 3030 2481 ut
3070 2381 3341 2482 Δάωαηανι
3378 2430 3562 2495 factum

2405 2599 2578 2655 Helia:
2613 2599 2809 2654 rectori
2830 2601 3110 2669 provinciis

2047 2692 2311 2750 Volebam
2341 2699 2396 2747 et
2443 2693 2562 2762 ipse
2606 2699 2756 2746 tuam
2784 2691 3100 2762 dignitatem
3148 2689 3338 2759 adire,
3380 2707 3450 2749 ne
3488 2693 3562 2749 ob

1981 2787 2291 2843 absentiam
2339 2789 2522 2841 minus
2558 2783 2766 2854 aliquid
2816 2784 3095 2847 haberem,
3128 2801 3290 2855 quam
3323 2786 3416 2855 qui
3462 2801 3559 2840 ca-

1980 2879 2356 2947 lumniantur;
2412 2878 2508 2934 sed
2550 2878 2677 2948 quia
2729 2877 2948 2931 inlirma
2996 2877 3254 2947 corporis
3303 2878 3562 2935 valetudo

1979 2969 2295 3040 prohibuit,
2338 2969 2502 3024 solito
2536 2969 2697 3037 longe
2729 2967 3107 3023 vehementius
3134 2967 3432 3037 ingruens,
3461 2984 3561 3024 ne-

286 3051 612 3141 ὲπιθεμένη,
652 3055 965 3124 ἀναγκαίως
997 3053 1160 3129 ἦλθον
1207 3059 1298 3112 ἐπὶ
1330 3059 1391 3113 τὸ
1433 3059 1690 3131 γράμμα.
1733 3059 1874 3130 Ἐγὼ

1981 3062 2222 3116 cessario
2251 3061 2316 3115 ad
2349 3060 2699 3116 scribendum
2729 3059 2876 3114 veni.
2911 3057 3026 3130 Ego
3057 3059 3246 3126 igitur,
3278 3060 3364 3114 vir
3391 3059 3563 3115 admi-

291 3141 492 3207 τοίνυν,
531 3138 576 3198 ὦ
617 3145 910 3217 θαυμάσιε,
947 3148 1222 3221 συντυχὼν
1257 3149 1448 3222 πρώην
1493 3154 1559 3223 τῇ
1602 3153 1875 3224 τιμιότητί

286 3252 407 3300 σου,
452 3235 690 3309 ὥρμησα
738 3241 835 3308 μὲν
866 3241 962 3294 καὶ
998 3242 1129 3313 περὶ
1186 3242 1408 3296 πάντων
1463 3243 1574 3296 τῶν
1609 3245 1750 3299 κατὰ
1782 3245 1874 3299 τὸν

284 3325 404 3396 βίον
445 3326 558 3398 (60)
604 3345 706 3398 μου
753 3331 1094 3402 πραγμάτων
1157 3333 1625 3388 ἀνακοινώσασθαί
1673 3352 1765 3389 σου
1803 3339 1871 3408 τῇ

282 3422 568 3491 φρονήσειο
595 3421 833 3494 ὥρμησα
850 3423 906 3476 δὲ
924 3425 1017 3477 καὶ
1037 3423 1146 3477 τῶν
1179 3425 1512 3495 Ἐκκλησιῶν
1535 3426 1697 3480 ἕνεκα
1724 3429 1875 3499 ποιή-

282 3509 484 3571 σασθαί
507 3510 615 3581 (6i)
650 3528 773 3564 τινα
822 3511 998 3580 λόγον,
1031 3512 1106 3576 ὡς
1150 3511 1216 3566 ἂν
1253 3513 1327 3584 μὴ
1360 3515 1481 3577 ταῖς
1529 3514 1668 3584 μετὰ
1701 3515 1873 3570 ταῦτα

278 3599 559 3665 διαϐολαῖς
587 3601 738 3674 χώρα
770 3621 852 3666 τις
876 3603 1238 3658 ὑπολείποιτο.
1273 3605 1411 3657 Ἀλλ’
1434 3605 1664 3676 ἐπέσχον
1698 3609 1871 3678 ἐμαυ-

278 3693 398 3757 τὸν,
456 3693 804 3766 λογιζόμενος
864 3697 1154 3768 περίεργον
1219 3691 1359 3751 εἶναι
1414 3698 1723 3764 παντελῶς,
1776 3703 1873 3754 καὶ

278 3787 432 3859 πέρα
456 3786 566 3858 (62)
587 3786 681 3840 τοῦ
703 3789 900 3860 μέτρου
926 3789 1228 3860 φιλότιμον,
1260 3789 1416 3844 ἀνδρὶ
1447 3789 1700 3844 τοσοῦτον
1727 3792 1870 3864 πλῆ-

352 3927 468 3998 (Si?)
520 3927 830 3997 Ἐρήμους.
865 3927 1018 3980 Multi
1050 3943 1186 3982 mss.
1218 3927 1477 3998 ἐρημίας.

353 3997 469 4067 (57)
511 3999 616 4050 Kal
640 3999 738 4052 ὅτε
759 3999 1190 4062 ,ϐούλεταιβῐε
1215 3997 1340 4050 Haec
1362 4000 1563 4052 desunt
1595 3997 1648 4052 in
1681 3998 1865 4064 editis,

281 4077 339 4120 at
384 4069 639 4136 leguntur
679 4070 733 4123 in
771 4069 1054 4123 codicibus
1086 4067 1252 4133 Med,
1293 4069 1462 4124 Coisl.
1499 4069 1701 4138 primo,
1747 4068 1865 4126 Vat.

279 4144 336 4192 et
364 4138 620 4206 pluribus
647 4140 789 4195 aliis.

355 4209 470 4278 (58)
511 4207 1026 4281 ΔΜετοιλαμρἰίνέιν.
1083 4206 1342 4281 Nonnulli
1397 4223 1556 4281 mss._
1586 4209 1867 4281 μεταλαμ-

280 4277 458 4332 ϐάνει.
511 4277 656 4334 Idem
697 4277 767 4334 es
798 4279 1086 4334 Theodoro
1132 4279 1348 4333 Studita
1389 4277 1684 4350 quaesitum
1737 4277 1863 4335 cum

282 4358 455 4410 esset,
501 4365 607 4402 non
644 4349 784 4403 idem
829 4365 1151 4419 responsum
1191 4349 1341 4405 dedit
1374 4349 1439 4404 ac
1478 4350 1733 4405 Basilius.
1773 4350 1864 4404 ln-

1976 3154 2176 3219 rande,
2208 3168 2335 3208 cum
2367 3168 2546 3223 nuper
2575 3167 2684 3207 una
2710 3166 2837 3206 cum
2881 3159 2975 3206 tua
3005 3152 3321 3221 praestantia
3373 3166 3560 3208 versa-

1974 3260 2099 3310 rer,
2149 3244 2400 3301 volebam
2453 3252 2508 3299 et
2558 3245 2626 3300 de
2683 3243 2944 3299 omnibus
3000 3243 3138 3298 meis
3192 3243 3560 3299 exterioribus

1974 3332 2212 3402 negotiis
2237 3347 2362 3385 cum
2391 3338 2484 3385 tua
2517 3331 2806 3402 prudentia
2827 3332 3275 3399 communicare;
3304 3333 3557 3388 volebam

1971 3432 2027 3479 et
2053 3424 2122 3480 de
2157 3425 2417 3479 Ecclesiis
2444 3440 2751 3482 sermonem
2781 3426 3087 3488 instituere,
3119 3437 3178 3479 ut
3203 3425 3337 3480 nihil
3367 3435 3558 3496 postea

1973 3515 2270 3572 calumniis
2325 3517 2432 3571 loci
2483 3517 2910 3588 relinqueretur.
2965 3516 3072 3573 Sed
3137 3533 3226 3574 me
3273 3517 3554 3587 repressi,

1971 3610 2198 3666 omnino
2232 3619 2626 3681 prmposterum
2653 3627 2778 3666 esse
2807 3612 3149 3674 existimans,
3185 3625 3251 3664 ac
3290 3609 3556 3666 immode-

1972 3710 2153 3755 ratum
2183 3701 2450 3765 'studium,
2482 3703 2601 3757 viro
2634 3710 2791 3756 tanta
2828 3703 3173 3772 negotiorum
3205 3701 3556 3756 multitudine

1971 3800 2200 3848 onerato
2227 3804 2392 3848 curas
2427 3793 2628 3859 adhuc,
2665 3809 2868 3865 easque
2902 3809 3013 3848 non
3033 3791 3398 3859 necessarias,
3425 3790 3556 3862 inji-

1969 3927 2138 3983 Coisl.
2183 3929 2448 3995 secundo,
2495 3929 2777 3996 Paris.,et
2811 3928 3056 3985 secunda
3097 3940 3265 3981 manu
3309 3925 3367 3980 in
3414 3923 3556 3980 Har-

1969 3998 2162 4140 lxigg).
2190 4069 2354 4124 Κατὰ
2397 4071 2506 4123 τὸν
2540 4069 2707 4133 βίον.
2745 4065 3058 4140 Pronomen
3090 4061 3236 4140 quod
3273 4075 3551 4140 sequitur,

1967 4135 2167 4210 referri
2212 4141 2373 4194 debet
2423 4141 2489 4194 ad
2540 4139 2903 4210 πραγμάτων.
2948 4135 3080 4210 Νριι⁸
3113 4135 3260 4189 enim
3313 4135 3366 4188 id
3417 4137 3554 4210 dicit

1967 4208 2226 4273 Basilius,
2259 4210 2408 4279 quod
2441 4211 2509 4264 ab
2556 4205 2623 4264 eo
2667 4205 2874 4262 dictum
2919 4205 3550 4279 existimarunt‘eruditi,

1966 4281 2210 4336 voluisse
2259 4274 2319 4334 se
2359 4282 2527 4336 totius
2567 4282 2690 4334 vitae
2724 4293 2839 4332 suae
2880 4277 3149 4333 rationem
3202 4274 3370 4331 Heliae
3422 4277 3552 4332 red-

1967 4349 2116 4406 dere.
2155 4351 2450 4420 Distinguit
2503 4352 2647 4406 enim
2681 4350 2897 4419 negotia
2944 4347 3058 4409 illa,
3108 4347 3175 4400 de
3212 4347 3414 4420 quibus
3455 4363 3552 4420 vo-

281 4428 591 4490 terrogatus
631 4421 776 4474 enim
816 4435 884 4474 an
922 4418 1031 4490 iper
1085 4435 1144 4474 se
1199 4421 1302 4490 ipsi
1351 4420 1603 4476 monachi
1648 4429 1702 4474 et
1742 4437 1862 4475 mo-
1895 4432 1940 4487 Ῑ)
1969 4421 2147 4476 luerat
2178 4437 2301 4475 cum
2342 4418 2500 4476 Helia
2549 4418 2983 4490 communicare,
3014 4433 3062 4490 a_
3092 4418 3326 4487 negotiis
3350 4419 3549 4490 eccle-

278 4491 456 4562 niales
533 4489 951 4562 Eucharistiamf
989 4489 1238 4562 accipere
1299 4493 1551 4562 possint,

277 4560 374 4614 det
401 4562 456 4614 in
488 4561 648 4632 epist.
679 4560 784 4632 219
821 4561 944 4615 libri
997 4561 1246 4632 secundi,
1281 4560 1406 4632 pag.
1435 4562 1559 4627 748,
1598 4576 1671 4632 ne
1706 4560 1865 4618 sacra

276 4631 501 4700 quidem
560 4631 787 4685 donaria
845 4639 1066 4696 tangere
1119 4631 1327 4684 licitum
1363 4630 1531 4693 'esse,
1592 4630 1858 4686 ἅπτεσθαι

276 4702 403 4755 οὐδὲ
443 4700 553 4754 τῶν
610 4701 772 4754 θείων
827 4701 1357 4772 ἀναθημάτωννὲὶδ
1422 4703 1513 4772 qui
1577 4703 1864 4756 sacerdotii

274 4773 562 4840 participes
607 4789 711 4825 non
758 4785 901 4837 sunt,
949 4788 1060 4835 nec,
1105 4772 1208 4824 nisi
1239 4770 1374 4838 forte
1419 4770 1727 4826 necessitate
1771 4789 1862 4825 ur-

274 4852 448 4914 gente,
487 4843 534 4894 si
553 4842 712 4914 _desit
745 4842 1132 4914 presbyter_vel
1173 4841 1450 4914 diaconus,
1502 4857 1596 4909 per
1630 4845 1860 4910 seipsum

276 4910 486 4965 sumere
542 4910 952 4965 Eucharistiam.
1012 4910 1296 4978 Quomodo
1352 4921 1532 4965 autem
1584 4919 1715 4965 tunc
1767 4931 1860 4968 su-

275 4983 478 5036 menda
511 4984 601 5042 sit,
637 4984 715 5037 sic
745 4982 1046 5051 praescribit
1076 5003 1089 5036 :
1114 4981 1427 5052 iTtOSpéV'qg
1465 4980 1646 5051 βίϐλου
1687 4983 1857 5052 ἱερᾶς,

275 5054 374 5105 καὶ
390 5053 632 5124 ὲφαπλου
642 5053 807 5124 μένης
822 5053 1011 5124 ὀθόνης
1033 5051 1295 5124 καθαρᾶς,
1311 5052 1516 5124 ἢίὶερᾶς
1549 5051 1858 5124 ἐπικαλύμ-

278 5123 523 5192 ματίδος,
555 5126 734 5176 ἐκεῖσε
761 5122 854 5176 τοῦ
885 5122 1058 5194 δώρου
1089 5123 1196 5194 ἀπὸ
1221 5123 1402 5194 χειρὸς
1423 5122 1526 5174 ’σὺν
1556 5122 1705 5194 φόϐῳ
1736 5122 1863 5194 προ-

272 5178 553 5263 τεθέντος,
577 5194 711 5263 μετὰ
739 5195 839 5262 τὴν
875 5178 1146 5263 ὑμνῳδίαν
1167 5178 1274 5244 cui?»
1310 5178 1822 5263 στόματος-ληπτέον
1843 5209 1858 5223 ο

275 5259 378 5316 εἷθ’
425 5259 588 5316 οὔτω
613 5259 942 5326 διακλύσεως
989 5259 1130 5315 οῐνου
1176 5259 1470 5333 γινομένῄς
1519 5261 1597 5331 τῷ

278 5349 464 5388 νοντι’
523 5333 707 5387 Posito
754 5351 906 5386 sacro
951 5333 1109 5395 libro,
1140 5341 1450 5402 extensoqne
1494 5348 1626 5400 pura
1676 5333 1857 5398 linteo,

280 5415 372 5454 aut
399 5420 554 5458 sacro
593 5405 863 5463 velamine.
894 5403 1133 5471 deposita
1164 5405 1310 5470 prius
1341 5403 1452 5456 illic
1489 5419 1516 5456 e
1547 5418 1707 5455 manu
1740 5420 1859 5456 cum

280 5484 425 5524 metu
450 5491 605 5528 sacra
634 5474 990 5540 Eucharistia,
1020 5484 1136 5542 post
1165 5475 1475 5543 hymnorum
1500 5474 1860 5526 recitationem

280 5559 376 5666 2r:
401 5547 535 5598 sumi
567 5545 735 5599 debet.
766 5545 982 5608 Postea,
1011 5545 1100 5614 qui
1145 5545 1364 5614 accepit,
1398 5543 1610 5597 abluere
1654 5560 1710 5597 os
1740 5546 1859 5598 vino

317 5630 346 5666 e
380 5622 450 5666 et.

277 5615 450 5668 debet.

354 5684 470 5754 (59)
521 5685 824 5753 Ἡλίᾳ,εῑε.
859 5684 1021 5740 Deest
1050 5683 1216 5740 llelize
1247 5700 1446 5754 nomen
1483 5685 1538 5738 in
1573 5685 1856 5740 codicibus

279 5753 422 5804 uad.
453 5753 514 5807 et
543 5757 712 5812 Coisl.
748 5756 928 5813 primo
955 5775 968 5812 :
998 5757 1268 5820 reperitur
1299 5758 1370 5831 in
1407 5753 1546 5828 Reg.
1595 5767 1852 5827 utroque,

1627 4507 1716 4546 res
1724 4508 1862 4562 pon-

1675 5262 1860 5333 αμδά-
1892 5285 1902 5290 ·

1970 4492 2235 4558 siasticis,
2273 4492 2323 4546 id
2358 4500 2444 4547 est
2477 4491 2544 4544 ad
2575 4487 2731 4546 Iidem
2767 4499 2821 4543 et
2849 4488 3196 4557 disciplinam
3225 4488 3549 4557 pertinenti-

1966 4561 2092 4632 bus.
2126 4561 2478 4632 Nequaquam
2513 4569 2694 4615 autem
2726 4569 2939 4630 poterat
2973 4560 3105 4632 vitae
3129 4561 3542 4632 sumrationem

1963 4628 2393 4704 reddere.‘quiu
2420 4633 2584 4704 simul
2624 4628 2888 4704 derebus
2911 4628 3313 4704 ecclesiasticis.
3336 4638 3542 4698 ageret.

1962 4701 2058 4756 llla
2103 4717 2234 4773 ergo
2267 4701 2410 4756 κατὰ
2462 4701 2576 4772 βίον
2609 4701 2911 4772 πράγματα
2947 4705 3100 4773 sunt
3139 4701 3352 4773 negotia
3383 4706 3549 4773 exte-

1961 4774 2131 4848 riora,
2166 4766 2405 4848 sive,_ut
2444 4766 3036 4848 vocantJ‘teniporalia.
3085 4766 3140 4820 lu
3187 4766 3348 4848 epist.
3378 4767 3436 4820 8|
3473 4768 3550 4847 di-

1965 4844 2210 4912 gniorem
2248 4839 2566 4913 episcopatu
2604 4839 2882 4913 existimat
2917 4839 3393 4913 senem_omnibus
3433 4839 3545 4890 vir-

1967 4908 2176 4967 iutilius
2227 4908 2500 4976 ornatum,
2541 4929 2706 4982 quam
2758 4912 3010 4979 juvenem
3064 4908 3283 4982 adhoc
3331 4916 3542 4959 tantum

1964 4983 2221 5038 idoneum
2248 4993 2307 5036 ut
2338 4979 2588 5037 mittatur
2607 4991 2660 5037 ct
2685 4984 2956 5036 exteriora
2987 4979 3199 5047 negotia
3227 4984 3542 5047 pertractct,

1968 5054 2106 5126 πρὸς
2134 5055 2193 5106 τὸ
2231 5053 2545 5124 πέμπεσθαι
2581 5054 2674 5106 κα).
2700 5053 2796 5126 τάς
2824 5046 3541 5126 βιωτικᾲς-ἀνύεινλχρείαης.

1962 5114 2165 5178 Eodem
2197 5114 2362 5179 sensu
2390 5135 2727 5192 usurpautur
2756 5114 3002 5191 in'epist.
3025 5114 3144 5183 195,
3161 5115 3406 5186 ἀσχολίαι
3434 5115 3547 5168 τῶν

1961 5194 2103 5249 κατὰ
2128 5195 2219 5266 τὸν
2252 5195 2364 5264 βίον
2399 5195 2760 5266 πραγμάτων.

2034 5265 2145 5332 (fill
2169 5255 2567 5336 Ποίήσαόθαὶξ
2603 5259 2860 5336 b.1litiro§
2896 5255 3374 5336 ποιήσασθαιτεεᾶ.
3392 5255 3546 5336 deest

1962 5325 2232 5390 articulus
2266 5325 2320 5389 in
2355 5335 2611 5389 omnibus
2646 5348 2780 5386 mss.
2825 5325 3154 5399 Paulo'post
3183 5327 3312 5381 editi
3354 5325 3546 5378 ὑπολίο

1962 5423 2137 5459 ποιτο.
2183 5405 2436 5473 Quinque
2467 5420 2601 5458 mss.
2639 5411 2699 5455 ut
2727 5405 2778 5455 in
2808 5409 2984 5455 textu.

2035 5476 2145 5544 (62)
2187 5469 2298 5529 Kal
2350 5469 2521 5542 ἑτέρα.
2561 5473 2638 5544 ita
2686 5488 2820 5526 mss.
2868 5485 3112 5544 omnes:
3151 5469 3324 5544 editio
3367 5469 3544 5544 prima

1962 5539 2141 5601 Paris.
2194 5547 2288 5599 καὶ
2348 5539 2520 5616 παρά.
2557 5542 2726 5597 Paulo
2759 5551 2883 5613 post
2928 5540 3098 5597 Coisl.
3131 5543 3344 5611 primus
3370 5539 3546 5612 dvipt

1961 5633 2220 5685 τοσουτῳ.

2038 5692 2079 5771 .‘t
2101 5681 2250 5744 Alias
2279 5682 2615 5744 CCCLXXll.
2652 5681 2865 5755 Scripta
2894 5697 3037 5739 anno
3064 5682 3188 5741 572.
