3988 6194
400 335 507 393 45Ἱ

1708 317 1770 374 S.
1809 312 2060 373 BASILH
2097 310 2314 368 MAGNI

3546 295 3653 352 488

400 463 548 505 cere.
595 444 676 500 Ad
717 444 858 507 haec,
897 441 1110 498 dicetur
1138 437 1282 493 enim
1308 434 1455 506 quod
1481 448 1572 490 res
1600 438 1719 498 est,
1751 438 1808 486 et
1837 430 1972 484 alias

2091 427 2166 490 lo;
2219 422 2558 496 πραγμάτων
2602 415 2960 490 ἐξηρτημένῳ
3007 413 3089 467 ἔτι
3138 408 3362 474 καὶτὰς
3403 409 3509 476 ἔξω
3547 409 3657 464 τῶν

403 539 566 594 timui
594 553 663 593 ne
696 535 832 591 forte
855 534 910 587 in
935 531 1313 587 necessitatem
1347 527 1659 581 veniremus
1685 522 1974 575 vulneran-

403 634 486 689 (ιω
529 631 734 685 mutuis
778 624 1227 681 altercationibus
1270 620 1464 674 anima:
1500 626 1647 681 tuae,
1684 629 1803 682 quae
1844 626 1976 682 pura

408 738 509 778 sua
541 723 593 775 in
628 720 793 779 Deum
828 721 1024 789 pietate
1054 712 1345 785 perfectam
1370 708 1608 780 religiosi
1632 708 1814 761 cultus
1838 719 1977 758 mer-

405 815 594 869 cedem
628 811 906 881 percipere
940 807 1120 861 debet.
1166 802 1298 857 Nam
1349 817 1536 858 revera
1588 801 1634 855 si
1679 798 1783 868 ipsi
1817 807 1869 850 te
1909 795 1977 848 ad

407 919 509 957 nos
542 903 930 956 abstrahamos
952 936 966 959 ,
999 910 1190 965 parum
1225 893 1319 946 tibi
1355 892 1453 946 otii
1494 891 1561 943 ad
1606 904 1694 943 res
1733 886 1977 956 publicas

407 996 821 1062 rel.nquemus;
868 1004 933 1042 ac
981 988 1125 1042 idem
1175 987 1284 1038 fere
1328 982 1611 1042 faciemus,
1661 994 1725 1033 ac
1763 981 1810 1032 si
1853 976 1978 1046 quis

407 1088 747 1145 nauclerum,
785 1078 946 1148 188
975 1077 1070 1146 qui
1102 1090 1293 1128 navem
1329 1086 1501 1141 nuper
1540 1060 1875 1137 compactam
1922 1067 1978 1118 in

407 1188 600 1244 magna
633 1173 902 1242 gubernat
951 1174 1306 1236 tempestate,
1355 1162 1590 1217 sarcinis
1637 1159 1793 1212 novis
1842 1172 1977 1226 pra--

404 1273 614 1336 gravet,
644 1279 767 1316 cum
803 1246 1015 1330 aliquid
1043 1256 1328 1311 detrahere
1357 1254 1541 1306 oneris
1563 1290 1576 1314 ,
1613 1258 1667 1302 et
1713 1253 1976 1315 quantum

408 1355 524 1409 ﬁeri
569 1363 744 1423 potest
771 1351 1006 1402 allevari:
1037 1353 1306 1415 Oporteat.
1342 1339 1497 1395 Unde
1537 1339 1666 1391 milii
1694 1337 1907 1389 videtur
1926 1341 1979 1387 et

328 1483 330 1486 μ
409 1460 636 1513 magnus
661 1445 980 1511 imperator,
1010 1439 1100 1491 ubi
1122 1443 1365 1490 nostram
1392 1434 1535 1485 hanc
1556 1430 1977 1485 sollicitudinem

409 1538 707 1606 perspexit,
760 1533 976 1585 veniam
1026 1529 1279 1587 ded.ssc,
1326 1531 1385 1578 ut
1432 1523 1706 1576 licilesms
1751 1534 1845 1588 per
1879 1533 1979 1571 nos

408 1630 513 1698 ipsi
564 1626 1097 1680 administi-aremus.
1148 1619 1268 1674 Jam
1300 1631 1427 1672 vero
1470 1632 1564 1690 eos
1615 1631 1703 1684 qui
1750 1614 1979 1667 sinceris

411 1721 524 1774 tuis
553 1718 780 1771 auribus
820 1716 1176 1783 obstt‘rpunt,
1213 1714 1575 1778 interrogatos
1606 1707 1758 1767 volo,
1786 1704 1917 1773 quid
1948 1719 1978 1756 a

2076 514 2388 584 ἀναγκαίων
2428 510 2741 565 ἐπιϐάλλειν
2776 505 3081 578 φροντίδας.
3119 501 3285 573 Ὁμοῦ
3315 517 3375 553 τε
3416 500 3657 572 (εἰρήσε-

2073 626 2162 662 ται
2205 606 2313 677 γὰρ
2370 603 2650 674 τάληθὲς),
2693 601 2786 655 καὶ
2832 599 3007 662 ἄλλως
3041 595 3265 667 ὤκνησα
3315 594 3526 664 μήποτε
3574 594 3659 656 είς

2074 700 2320 769 ἀνάγκην
2377 694 2619 764 ἔλθωμεν
2681 697 2799 756 ταῖς
2847 691 2968 745 κατ’
3028 688 3271 758 ἀλλήλων
3320 684 3659 753 ἀντιλογίαις

2073 791 2280 863 τρῶσαι
2321 789 2419 859 τὴν
2460 787 2637 856 ψυχήν
2689 801 2802 847 σου,
2860 781 3181 852 ὀφείλουσαν
3226 780 3284 831 ἐν
3332 780 3398 848 τῇ
3440 776 3660 847 καθαρᾷ

2076 884 2204 956 περὶ
2252 881 2342 935 τὸν
2386 880 2517 933 Θεὸν
2558 876 2812 946 εὐλαϐείᾳ
2838 875 3043 928 τέλειον
3080 873 3169 925 τὸν
3197 870 3385 943 μισθὸν
3404 870 3505 940 τῆς
3540 868 3661 921 θεο-

2077 974 2289 1038 σεϐείας
2350 969 2714 1043 καρποῦσθαι.
2767 968 2856 1038 Τῷ
2917 967 3031 1019 ὄντι
3092 965 3222 1035 γὰρ,
3279 964 3373 1016 ἐάν
3420 979 3481 1015 σε
3517 961 3659 1032 πρὸς

2076 1068 2299 1128 ἑαυτοὺς
2333 1061 2748 1133 ἐπιστρέψωμεν
2778 1059 2889 1132 (6'5;
2923 1059 3107 1128 ἡμεῖς,
3141 1057 3328 1126 ὀλίγην
3349 1071 3429 1106 σοι
3461 1052 3660 1123 σχολὴν

2078 1159 2212 1230 πρὸς
2240 1158 2309 1210 τὰ
2356 1156 2591 1224 δημόσια
2638 1151 3038 1220 καταλείψομεν
3063 1164 3076 1181 ’
3139 1148 3233 1201 καὶ
3274 1144 3659 1217 παραπλήσιον

2078 1252 2396 1320 ποιήσομεν,
2454 1246 2642 1317 ὥσπερ
2694 1243 2759 1297 ἂν
2799 1242 2851 1295 εἴ
2896 1259 2978 1304 τις
3025 1238 3388 1309 κυϐερνήτην,
3411 1235 3658 1304 νεοπαγῆ

2077 1341 2206 1394 ναῦν
2245 1342 2303 1392 ἐν
2352 1337 2572 1410 μεγάλῳ
2605 1335 2833 1389 κλύδωνι
2876 1330 3239 1392 διευθύνοντα,
3273 1331 3340 1399 τῇ
3368 1326 3660 1398 προσθήκῃ

2077 1433 2170 1487 τοῦ
2205 1433 2400 1503 φόρτου
2432 1426 2830 1499 καταϐαρύνοι,
2863 1426 2978 1479 δέον
3014 1425 3267 1493 ἀφαιρεῖν
3292 1438 3344 1472 τι
3360 1422 3470 1473 των
3509 1420 3659 1486 ἀγω-

2079 1526 2278 1593 γίμων,
2331 1524 2425 1576 καὶ
2483 1514 2950 1586 συνεπικουφίζειν
2987 1514 3059 1578 ὡς
3106 1513 3348 1567 δυνατόν.
3372 1510 3536 1563 Ὅθεν
3569 1526 3660 1579 μοι

2078 1614 2226 1668 δοκεῖ
2262 1613 2358 1667 καὶ
2407 1611 2660 1682 βασιλεὺς
2696 1610 2724 1661 ὁ
2761 1611 2955 1679 μέγας,
2995 1605 3093 1677 τὴν
3125 1601 3661 1674 πολυπραγμοσύνην

2081 1706 2236 1778 ἡμῶν
2286 1704 2489 1773 ταύτην
2551 1700 2901 1772 καταμαθὼν,
2946 1700 3101 1753 ἐᾶσαι
3138 1699 3286 1768 ἡμᾶς
3318 1698 3403 1765 ἐφ’
3444 1692 3656 1748 ἑαυτῶν

412 1809 573 1864 nobzs
608 1809 766 1861 rebus
804 1805 1032 1875 publicis
1074 1804 1298 1854 allatum
1344 1799 1413 1853 sit
1462 1795 1813 1851 detrimenti?
1849 1792 1979 1863 quid

2091 1800 2179 1863 τὰς
2215 1796 2537 1869 Ἐκκλησίας
2560 1794 2884 1863 οἰκονομεῖν.
2921 1793 3059 1854 Τοὺς
3089 1790 3271 1861 μέντοι
3302 1791 3424 1851 ταῖς
3452 1786 3663 1848 ἀίόλοις

414 1914 638 1970 parvum
683 1910 1006 1966 magnumve
1055 1894 1109 1946 in
1152 1893 1317 1946 rebus
1357 1888 1741 1943 communibus
1791 1897 1980 1940 nostra

413 1973 779 2046 Ecclesiarunt
813 1988 1205 2058 gubernatione
1241 1979 1503 2036 laedatur?
1535 1980 1643 2034 nisi
1675 1979 1798 2049 quis
1836 1978 1983 2030 dicat

406 2080 669 2137 damnum
701 2080 854 2133 abeo
879 2084 1039 2133 rebus
1064 2076 1266 2138 all'erri,
1294 2091 1388 2144 qui
1411 2074 1738 2143 precationis
1759 2070 1981 2124 domum

413 2173 699 2241 magnilice
742 2177 1078 2226 exstructam
1107 2168 1267 2236 erigit
1305 2166 1411 2219 Deo
1464 2173 1688 2228 nostro,
1737 2173 1790 2216 et
1838 2161 1982 2215 a-des

410 2268 620 2323 circum
652 2267 836 2329 illam,
881 2265 1042 2316 aliam
1090 2261 1308 2331 quidem
1354 2258 1563 2311 liberali
1604 2255 1819 2325 specie,
1867 2254 1984 2323 cpi-

413 2376 581 2430 scopo
612 2360 863 2429 privatim
896 2356 1192 2415 addictam,
1221 2353 1359 2407 alias
1392 2366 1520 2405 vero
1567 2349 1856 2403 interiores
1890 2347 1984 2401 Dei

410 2449 633 2507 famulis
676 2462 742 2500 ex
767 2446 961 2498 ordine
999 2442 1361 2504 distributas;
1394 2451 1626 2508 quarunt
1658 2449 1791 2488 usus
1836 2447 1997 2505 coui-_

410 2544 595 2599 munis
618 2540 770 2593 vobis
794 2537 1122 2597 rectoribus,
1146 2542 1198 2588 et
1222 2543 1405 2587 vestro
1421 2531 1728 2584 comitatui.
1748 2526 1983 2594 Ecquem

418 2634 623 2702 injuria
654 2631 949 2689 aliirimus,
978 2629 1104 2680 dum
1142 2624 1464 2693 peregrinis,
1513 2624 1626 2675 sive
1671 2622 1772 2672 hac
1804 2628 1985 2673 trans-

413 2724 712 2785 euntibus,
766 2721 881 2775 sive
937 2718 1145 2772 medela
1197 2718 1376 2784 aliqua
1422 2714 1493 2767 ob
1538 2713 1784 2779 morbum
1843 2709 1987 2763 indi-

413 2817 670 2889 gentibus
733 2811 967 2882 l;ospitia
1031 2811 1448 2869 construimus,
1507 2812 1674 2873 atque
1737 2803 1819 2857 sic
1875 2817 1989 2856 ne-

411 2909 717 2964 cessarium
764 2902 1152 2957 constituimus
1184 2899 1474 2958 solatium,
1515 2910 1783 2966 regi-orum
1827 2908 1989 2948 cura—

417 3008 608 3063 tores,
672 2995 945 3053 medicos.
1004 2993 1283 3062 jumenta,
1346 2987 1715 3045 deductores?
1777 2985 1987 3052 Quibus

417 3104 646 3145 necesse
686 3086 786 3141 fuit
832 3094 887 3141 et
935 3093 1084 3139 artes
1116 3083 1373 3153 adjungi,
1419 3088 1531 3135 tum
1562 3096 1683 3151 quae
1712 3079 1779 3132 ad
1820 3080 1985 3132 vitam
2015 3122 2059 3180 C

416 3190 549 3240 sum
574 3185 916 3244 necessariae,
941 3187 1053 3232 tum
1080 3193 1200 3247 quae
1222 3178 1286 3231 ad
1308 3177 1593 3230 honestius
1622 3174 1746 3227 vitae.
1769 3172 1992 3227 institu-

418 3283 537 3331 tum
597 3275 818 3327 fuerunt
867 3272 1188 3341 excogitatae
1228 3288 1241 3324 :
1285 3270 1421 3322 alias
1481 3281 1679 3321 rursus
1726 3264 1870 3319 aedes
1921 3263 1991 3317 ad

421 3364 668 3421 facienda
702 3376 869 3433 opera
919 3362 1165 3425 idoneas,
1198 3376 1318 3430 qua:
1345 3359 1526 3412 omnia
1555 3358 1656 3427 ipsi
1683 3357 1801 3409 loco
1830 3369 1995 3407 orna-

421 3463 560 3521 tum,
587 3467 640 3511 et
667 3454 863 3509 rectori
892 3463 1081 3508 nostro
1108 3452 1335 3521 gloriam
1366 3451 1565 3512 ferunt,
1603 3448 1760 3502 laude
1786 3447 1839 3499 in
1866 3460 1990 3500 eum

419 3545 784 3603 redundante.
819 3542 901 3598 Tu
927 3553 1075 3597 certe
1108 3557 1217 3596 non
1249 3540 1458 3594 idcirco
1492 3541 1558 3592 ad
1592 3554 1695 3593 nos
1727 3535 1993 3606 regendos

420 3638 626 3692 invitus
673 3634 942 3688 adductus
971 3648 1066 3700 es,
1108 3631 1254 3703 quod
1310 3631 1469 3701 solus
1511 3629 1681 3683 animi
1716 3628 1991 3697 magnitu-

418 3728 547 3786 dine
596 3727 774 3798 possis
822 3740 987 3795 opera
1040 3726 1278 3795 collapsa
1326 3724 1673 3780 instaurare,
1724 3719 1844 3773 loca
1882 3733 1994 3772 non

420 3819 667 3875 habitata
694 3819 889 3871 incolis
912 3818 1210 3886 complere,
1242 3825 1294 3870 et
1321 3830 1430 3868 uno
1465 3814 1633 3868 verbo
1660 3811 1992 3866 solitudines

420 3913 480 3968 in
510 3912 676 3967 urbes
716 3909 1133 3965 transformare.
1164 3907 1268 3974 Qui
1299 3907 1468 3977 igitur
1496 3905 1565 3959 ad
1599 3905 1714 3959 haec
1751 3920 1810 3960 se
1838 3904 1994 3973 adju-

417 4009 591 4057 torem
621 4003 856 4072 praebet,
887 4016 1011 4055 eum
1042 4000 1264 4070 abigere
1295 4009 1347 4053 et
1379 3998 1597 4068 injuriis
1629 3996 1842 4051 allicere
1864 4011 1997 4049 con-

421 4102 767 4155 sentaneum,
814 4108 884 4146 an
931 4092 1202 4145 honorare
1231 4106 1296 4145 ac
1324 4091 1540 4145 colere?
1573 4090 1759 4159 Neque
1802 4090 1995 4144 existi-

419 4200 559 4249 mes,
592 4185 676 4238 vir
714 4185 936 4254 optime,
973 4186 1137 4237 verba
1167 4191 1373 4236 tantum
1404 4198 1527 4237 esse
1558 4198 1679 4253 quae
1715 4183 1947 4237 dicimus
1977 4199 1991 4236 :

423 4272 692 4346 siquidem
733 4276 847 4345 jam
888 4276 943 4330 in
997 4290 1161 4345 opere
1207 4292 1512 4340 versamur,
1559 4292 1684 4330 cum
1713 4276 1992 4331 materiam

420 4369 691 4422 hactenus
719 4368 1262 4436 coniportarerimus.
1307 4368 1432 4422 llam
1460 4369 1628 4438 igitur
1651 4368 1718 4422 ad
1749 4376 1992 4423 nostram

2083 1894 2271 1955 ἀκοαῖς
2300 1908 2393 1944 σου
2420 1886 2883 1961 παρενοχλοῦντας
2910 1883 3253 1957 ἐρωτηθῆναι
3293 1880 3580 1951 βούλομαι,
3607 1878 3662 1930 τί

2082 1986 2262 2055 χεῖρον
2311 1981 2424 2052 ἔχει
2473 1979 2541 2032 τά
2593 1978 2828 2048 δημόσια
2880 1974 3008 2046 π;ρ“
3038 1975 3219 2044 ήμάς;
3248 1972 3281 2043 ἦ
3310 1972 3363 2024 τί
3405 1967 3660 2041 μικρὸνῆ

2087 2077 2270 2149 μεῖζον
2285 2074 2392 2128 τῶν
2420 2072 2612 2127 κοινῶν
2638 2072 2699 2123 ἐκ
2720 2070 2816 2140 τῆς
2837 2067 3108 2138 ἡμετέρας
3137 2066 3263 2136 περὶ⁵
3289 2065 3387 2127 τὰς
3427 2062 3665 2129 Ἐκκλη-

2084 2171 2207 2233 σίας
2257 2166 2565 2236 οἰκονομίας
2610 2163 2720 2233 (64)
2786 2162 3130 2231 ὴλάττωται;
3180 2156 3317 2226 πλὴν
3360 2157 3409 2207 εἰ
3457 2158 3531 2225 μή
3576 2170 3663 2216 τις

2087 2262 2238 2329 λέγοι
2276 2258 2476 2330 βλάϐην
2503 2259 2614 2319 τοῖς
2646 2254 2931 2326 πράγμασι
2965 2250 3171 2320 φέρειν,
3195 2246 3341 2301 οτκον
3373 2247 3667 2315 εὐκτήριον

2089 2348 2520 2421 μεγαλοπρεπῶς
2562 2343 3065 2413 κατεσκευασμένον
3096 2340 3398 2409 ἀναστῆσαι
3435 2336 3515 2407 τῷ
3543 2334 3668 2406 Θεῷ

2086 2442 2264 2515 ἡμῶν,
2290 2443 2385 2494 καὶ
2427 2439 2555 2509 περὶ
2603 2437 2765 2491 αὑτὸν
2805 2436 3039 2504 οἴκησιν,
3073 2434 3171 2504 τὴν
3225 2432 3322 2503 μὲν
3358 2429 3668 2501 ἐλευθέριον

2088 2534 2432 2607 ἐξῃρημένην
2466 2531 2577 2601 (6))
2612 2531 2689 2602 τῷ
2719 2528 3022 2600 κορυφαίῳ,
3057 2525 3153 2587 τὰς
3182 2525 3238 2577 δὲ
3261 2519 3669 2591 ὑποϐεϐηκυίας

2087 2628 2193 2688 τοῖ’τ
2229 2623 2593 2695 θεραπευταῖς
2621 2619 2713 2673 τοῦ
2732 2619 2875 2671 θείου
2925 2612 3386 2684 διανενεμημένας
3413 2611 3470 2662 ἐν
3491 2608 3667 2674 τάξει,

2086 2710 2160 2770 ὧν
2182 2719 2216 2788 ἡ
2246 2716 2442 2787 χρῆσις
2488 2711 2642 2783 κοινὴ
2673 2710 2808 2781 πρός
2836 2726 2894 2762 τε
2933 2709 3077 2778 ὑμᾶς
3105 2706 3231 2767 τοὺς
3268 2704 3536 2775 ἄρχοντας
3573 2699 3669 2752 καὶ

2087 2810 2214 2871 τοὺς
2262 2804 2678 2877 παρεπομένους
2721 2803 2873 2871 ὑμῖν.
2911 2799 3045 2853 Τίνα
3074 2796 3132 2849 δὲ
3165 2793 3481 2864 ἀδικοῦμεν,
3533 2807 3668 2844 κατ-

2089 2899 2304 2968 αγώγια
2331 2900 2442 2960 τοῖς
2474 2895 2645 2960 ξένοις
2676 2891 3106 2963 οἰκοδομοῦντες,
3134 2891 3246 2951 τοῖς
3274 2904 3332 2939 τε
3356 2885 3498 2938 κατά
3526 2883 3671 2950 πάρ-

2089 2994 2208 3048 οδον
2240 2989 2561 3062 ἐπιφοιτῶσι
2615 2990 2706 3043 καὶ
2756 2990 2868 3050 τοῖς
2918 2982 3215 3056 θεραπείας
3249 2979 3393 3041 τινὸς
3442 2975 3532 3031 διά
3569 2975 3667 3045 τὴν

2091 3085 2376 3139 ἀσθένειαν
2404 3081 2701 3153 δεομένοις,
2722 3080 2815 3134 καὶ
2830 3077 2927 3147 τὴν
2947 3073 3255 3143 ἀναγκαίαν
3272 3071 3479 3130 τούτοις
3496 3082 3671 3137 παρα·

2098 3176 2292 3248 μυθίαν
2346 3171 2797 3243 ἐγκαθιστῶντες,
2853 3168 2980 3231 τοὺς
3025 3161 3492 3234 νοσοκομοῦντας,
3539 3156 3669 3220 τοὺς

2096 3246 2465 3338 ίατρεύοντας,
2481 3263 2549 3317 τὰ
2578 3261 2876 3331 νωτοφόρα,
2895 3258 3019 3317 τοὺς
3038 3253 3503 3326 παραπέμποντας
3533 3246 3667 3317 (66);

2094 3337 2320 3421 Τούτοις
2345 3357 2556 3425 ἀνάγκη
2593 3354 2687 3407 καὶ
2721 3353 2917 3422 τέχνας
2946 3347 3193 3409 ἕπεσθαι,
3222 3345 3319 3407 τάς
3348 3359 3407 3395 τε
3448 3340 3584 3412 πρὸς
3608 3337 3672 3391 τὸ

2095 3451 2193 3522 ζῇν
2215 3449 2539 3516 ἀναγκαίας,
2568 3448 2658 3500 καὶ
2680 3447 2803 3499 ὅσαι
2838 3442 2971 3515 πρὸς
2992 3440 3305 3510 εὐσχήμονα
3325 3434 3442 3505 βίου
3471 3433 3672 3498 διαγωο

2095 3542 2196 3612 γὴν
2242 3537 2617 3610 ἐφευρέθησαν
2645 3554 2658 3567 ·
2696 3536 2875 3598 οἴκους
2911 3531 3072 3586 πάλιν
3121 3530 3338 3600 ἐτέρους
3372 3527 3492 3586 ταῖς
3514 3525 3673 3593 ἐργα-

2097 3634 2238 3697 σίαις
2263 3630 2616 3703 ἐπιτηδείους,
2649 3629 2792 3698 ειπερ
2820 3628 3000 3679 πάντα
3023 3621 3102 3693 τῷ
3135 3621 3232 3692 μὲν
3262 3618 3410 3687 τόπῳ
3442 3614 3669 3684 κόσμος,

2094 3724 2174 3796 τῷ
2190 3725 2246 3778 δὲ
2272 3725 2493 3796 ἄρχοντι
2520 3721 2680 3792 ἡμῶν
2711 3716 3112 3790 σεμνολόγημα,
3143 3713 3228 3765 ἐπ’
3258 3709 3420 3764 αὐτὸν
3455 3706 3559 3775 τῆς
3591 3704 3675 3759 εῦ-

2096 3818 2307 3889 φημίας
2347 3814 2692 3884 ἐπανιούσης.
2724 3812 2823 3874 ’Ὀς
2849 3827 2913 3879 γε
2942 3808 3061 3862 ούδέ
3103 3804 3294 3860 τούτου
3323 3802 3508 3855 ἕνεκεν
3534 3798 3674 3869 πρὸς

2220 3906 2542 3960 ἐπιστασίαν
2574 3903 2728 3976 ἡμῶν
2766 3898 3104 3969 ἐξεϐιάσθης,
3133 3897 3208 3960 ὡς
3244 3894 3400 3965 μόνος
3424 3887 3674 3961 ἐξαρκῶν

2096 3997 2175 4069 τῷ
2227 3997 2446 4068 μεγέθει
2484 3997 2583 4067 τῆς
2636 3994 2861 4065 γνώμης
2907 3991 2977 4045 τὰ
3012 4008 3074 4044 τε
3114 3984 3527 4058 κατερρυηκότα
3564 3981 3674 4034 τῶν

2098 4089 2275 4159 ἔργων
2317 4089 2427 4160 (67)
2469 4086 2781 4150 ἀναλαϐεῖν,
2834 4084 2945 4145 καὶ.
2977 4081 3181 4135 οίκίσαι
3229 4079 3326 4140 τάς
3360 4075 3674 4146 ἀοικήτους,

2098 4185 2193 4236 καὶ
2225 4182 2361 4245 ὅλως
2384 4183 2463 4244 εἰς
2495 4180 2677 4243 πόλεις
2715 4178 2812 4240 τάς
2849 4175 3082 4249 ἐρημίας
3112 4169 3538 4245 μετασκευάσαι.
3571 4166 3676 4219 Τὸν

2097 4269 2189 4329 οὖν
2252 4275 2333 4339 είς
2381 4272 2553 4327 ταῦτα
2604 4270 2965 4342 συνεργοῦντα
3002 4267 3245 4322 ἐλαύνειν
3289 4264 3383 4317 καὶ
3406 4261 3672 4331 ὑϐρίζειν,

2096 4367 2130 4439 ἦ
2163 4370 2328 4440 τιμᾷν
2373 4368 2467 4421 καὶ
2509 4366 2813 4438 περιέπειν,
2852 4360 3272 4430 ἅκολουθότερον
3312 4352 3411 4428 ἦν;
3445 4355 3555 4406 Καὶ
3599 4350 3676 4422 μὴ

421 4474 607 4514 coram
644 4465 857 4514 rectore
885 4457 1255 4514 defensionem
1298 4459 1442 4513 dicta
1475 4460 1606 4514 sint.
1648 4458 1783 4525 Quae
1815 4470 1989 4512 autem

2101 4461 2310 4532 οἰηθῇς,
2345 4454 2389 4513 ὦ
2415 4461 2625 4529 ἄριστε,
2678 4457 2832 4525 λόγον
2862 4455 3019 4526 μόνον
3056 4448 3196 4505 εἶναι
3228 4449 3298 4503 τὰ
3324 4449 3455 4519 παρ’
3479 4445 3639 4517 ἡμῶν
3659 4459 3674 4474 ⁸

423 4569 522 4625 par
549 4561 632 4606 est
657 4551 923 4606 adversus
946 4558 1330 4604 accusatorum
1359 4551 1635 4620 querelas,
1657 4559 1715 4603 ut
1735 4550 1999 4605 Christia-

423 4658 498 4698 no
522 4651 577 4698 et
607 4642 787 4696 amico
829 4629 1288 4696 existimationem
1341 4656 1516 4695 meam
1554 4657 1702 4696 curae
1753 4642 1996 4703 habenti,

423 4731 781 4802 respondere,
812 4745 876 4785 ea
909 4745 1054 4784 nunc
1086 4745 1311 4786 necesse
1341 4738 1425 4784 est
1459 4732 1905 4800 praetermittere,
1941 4738 2000 4785 ut

423 4832 480 4881 et
507 4824 753 4897 epistolae
777 4821 940 4877 modo
967 4822 1238 4893 longiora,
1271 4831 1325 4877 et
1353 4822 1570 4878 aliunde
1603 4823 1866 4879 inanimis
1892 4824 2002 4894 epi-

648 4979 1153 5063 Ἐπιᾳτρέψωμεκ
1188 4978 1268 5035 ita
1295 4996 1429 5037 mss.
1467 4996 1683 5036 summo
1704 4996 1998 5037 consensu.

423 5051 580 5123 Editi_
595 5051 1012 5123 ἐπιστρέψομεν.

497 5118 1015 5246 (διχοικὸνάμῑας.
1076 5118 1203 5175 Hice
1266 5123 1371 5174 ν’οκ
1431 5119 1614 5174 addita
1670 5136 1733 5175 ex
1804 5137 1999 5178 novem

497 5207 559 5246 is.
640 5194 765 5245 aulo
800 5200 920 5246 nost
958 5189 1088 5243 editi
1142 5192 1578 5246 μεγαλοπρεπές·
1616 5207 1748 5246 mss.
1784 5207 1999 5246 summo

425 5189 559 5246 nisis.
593 5189 765 5246 Paulo
800 5200 920 5264 post
958 5189 1119 5264 editi_
1142 5192 1578 5264 μεγαλοπρεπές·
1616 5207 1748 5247 mss.
1784 5207 2001 5248 summo

425 5276 696 5316 consensu
732 5258 1182 5332 μεγαλοπρεπῶς.

663 5330 1092 5412 Ἐίξιιοίυιέᾑηρν-ἶ
1144 5331 1267 5386 Haec
1310 5330 1605 5402 scriptura,
1648 5331 1999 5412 quamvisin

426 5399 597 5454 editis
620 5410 830 5471 tantum
857 5399 919 5456 ac
949 5403 1117 5456 tioisl.
1153 5417 1329 5471 primo
1358 5399 1634 5466 occurrat,
1668 5399 1888 5455 ridetur
1920 5410 1999 5453 ta-

426 5487 552 5542 men
574 5472 623 5524 ei
656 5470 1009 5542 praeferenda,
1053 5470 1213 5540 quam
1249 5473 1449 5542 habent
1477 5474 1567 5525 alii
1606 5488 1738 5526 mss.
1776 5473 1990 5542 ἐξηρτη·

430 5541 617 5622 μένην.
662 5541 829 5622 Paulo
867 5552 988 5622 ppst
1017 5543 1148 5597 editi
1194 5541 1436 5611 ἐντάξαι,
1474 5558 1575 5613 pro
1616 5558 1727 5613 quo
1757 5559 1824 5600 ex
1864 5541 1997 5597 mss.

425 5613 715 5679 posuimus
746 5612 802 5663 ἐν
832 5612 1001 5676 τάξει.

500 5680 611 5760 ςϐϐ)
652 5681 1183 5760 μαραρτέμποντᾳς.
1232 5680 1594 5760 Deduetora,
1629 5680 1684 5737 id
1732 5691 1871 5760 est,
1907 5698 2002 5738 eos

428 5750 521 5820 qui
548 5750 764 5806 obviam
792 5751 961 5818 ibant,
992 5763 1046 5808 et
1068 5753 1333 5808 abeuntes
1368 5753 1733 5812 deducebant.
1772 5751 2004 5808 Videtur

422 5854 443 5881 1

2100 4553 2200 4626 ἤδη
2256 4553 2364 4625 γάρ
2403 4555 2569 4622 ἐσμεν
2612 4552 2668 4604 ἐν
2696 4549 2775 4620 τῷ
2804 4548 2972 4620 ἔργῳ,
2995 4545 3094 4608 τὰς
3122 4544 3251 4606 ὔλας
3282 4542 3418 4605 τέως
3459 4556 3676 4610 συμπο-

2103 4647 2396 4719 ριζὸμενοι.
2442 4646 2523 4698 Τά
2559 4645 2657 4716 μὲν
2695 4639 2788 4697 οῦν
2832 4641 2966 4713 πρὸς
3002 4640 3101 4708 τὴν
3131 4635 3233 4691 τοῦ¹
3253 4635 3513 4706 ἄρχοντος
3542 4634 3681 4685 ἀπο-

2101 4739 2286 4808 λογίαν
2334 4738 2577 4792 τοιαῦτα.
2628 4737 2695 4789 Ἃ
2725 4735 2783 4788 δὲ
2834 4733 2915 4786 δεῖ
2953 4731 3090 4802 πρὸς
3119 4729 3217 4793 τὰς
3255 4727 3365 4780 τῶν
3391 4724 3678 4794 φιλαιτίων

2105 4827 2361 4898 μέμψεις,
2425 4827 2500 4890 ὡς
2562 4821 2874 4896 Χριστιανῷ
2938 4822 3030 4875 καὶ
3090 4817 3229 4889 φίλῳ
3292 4813 3680 4886 πεφροντικότι

2102 4984 2329 5040 honoris
2368 4998 2532 5039 causa
2575 4983 2683 5037 hoc
2724 4994 2925 5034 munus
2978 4977 3195 5033 clericis
3232 4989 3376 5042 saepe
3421 4970 3683 5026 commis-

2104 5070 2224 5109 sum
2257 5056 2446 5109 fuisse.
2504 5052 2637 5107 Nam
2688 5050 2925 5105 Basilius
2973 5050 3026 5102 iu
3082 5048 3244 5115 epist.
3292 5043 3399 5098 245
3447 5049 3683 5095 ιεμιειιιιι·

2103 5126 2341 5180 Arianos
2379 5124 2480 5179 sibi
2528 5123 2711 5177 omnia
2757 5119 3132 5175 ecclesiastica
3183 5129 3367 5169 munia
3399 5126 3679 5181 arrogare,

2105 5196 2160 5249 in
2216 5195 2306 5250 his
2372 5203 2432 5248 ut
2489 5194 2764 5249 deducant
2818 5189 3269 5259 proiicisee‘utesx
3317 5180 3580 5259 Queritur
3626 5180 3683 5234 in

2104 5265 2264 5334 epist.
2291 5249 2394 5326 798,
2427 5265 2591 5335 quod
2616 5279 2677 5317 se
2727 5249 2975 5314 Mel'etius
3003 5270 3056 5313 et
3086 5249 3683 5335 Tlieodotinsperl'un:

2105 5319 2279 5391 ciorie
2311 5319 2685 5391 inritaverint,
2739 5347 2842 5384 nec
2888 5319 3537 5400 quemquaiuuomet-int,
3590 5319 3683 5400 qui

2106 5406 2301 5460 iterum
2333 5406 2651 5459 admoneret
2681 5411 2774 5455 aut
2797 5392 3109 5454 deduceret.
3130 5393 3286 5455 (Vide
3308 5392 3613 5457 Addenda.)

2116 5520 2150 5547 -__
2176 5476 2289 5547 (6⁷)
2335 5475 2455 5547 Τῶν
2495 5476 2706 5547 ἔργωνἶ
2756 5472 2850 5547 lla.
2885 5481 2999 5524 tres
3043 5466 3404 5547 retustissimi
3439 5463 3678 5547 codices,

2105 5535 2284 5609 Ila-rh,
2310 5545 2450 5601 Med.
2483 5535 2538 5599 et
2564 5535 2733 5600 Coisl.
2772 5540 3005 5609 primus.
3043 5536 3150 5592 Sex
3178 5538 3268 5609 alii
3303 5550 3434 5609 mss.
3472 5546 3581 5609 uoti
3604 5535 3680 5609 ita

2490 5595 2603 5669 Vbist
2619 5595 2875 5685 trucibus
2929 5603 3256 5685 habent_1¢}3
3289 5603 3487 5685 χρόνῳ.
3537 5595 3684 5654 Edili

2109 5677 2404 5758 utrumque
2434 5686 2636 5741 habent
2671 5681 2781 5737 τῶν
2812 5680 2990 5753 ἔργων
3019 5687 3074 5736 et
3101 5677 3181 5746 τῷ
3206 5677 3403 5747 χρόνῳ.
