  <div class='ocr_page' id='page_1' title='image "/cluster/home/n/w/nwhite01/storage/ocr_20150623/32/mdp.39015011915462/256.png"; bbox 0 0 3988 6194; ppageno 0'>
   <div class='ocr_carea' id='block_1_1' title="bbox 368 344 475 401">
    <p class='ocr_par' dir='ltr' id='par_1_1' title="bbox 368 344 475 401">
     <span class='ocr_line' id='line_1_1' title="bbox 368 344 475 401; baseline -0.019 0"><span class='ocrx_word' id='word_1_1' title='bbox 368 344 475 401; x_wconf 72' lang='grc' dir='ltr'><strong>ιεο</strong></span> 
     </span>
    </p>
   </div>
   <div class='ocr_carea' id='block_1_2' title="bbox 1285 343 2678 403">
    <p class='ocr_par' dir='ltr' id='par_1_2' title="bbox 1285 343 2678 403">
     <span class='ocr_line' id='line_1_2' title="bbox 1285 343 2678 403; baseline 0.001 -3"><span class='ocrx_word' id='word_1_2' title='bbox 1285 345 1771 403; x_wconf 76' lang='lat' dir='ltr'><strong>EPISTOLARUM</strong></span> <span class='ocrx_word' id='word_1_3' title='bbox 1812 346 2102 403; x_wconf 78' lang='lat' dir='ltr'><strong>CLASSIS</strong></span> <span class='ocrx_word' id='word_1_4' title='bbox 2132 345 2202 401; x_wconf 84' lang='grc'><strong>11.</strong></span> <span class='ocrx_word' id='word_1_5' title='bbox 2244 343 2460 400; x_wconf 83' lang='lat' dir='ltr'><strong>EPIST.</strong></span> <span class='ocrx_word' id='word_1_6' title='bbox 2518 345 2678 401; x_wconf 75' lang='lat' dir='ltr'><strong>XCV.</strong></span> 
     </span>
    </p>
   </div>
   <div class='ocr_carea' id='block_1_3' title="bbox 3505 349 3611 406">
    <p class='ocr_par' dir='ltr' id='par_1_3' title="bbox 3505 349 3611 406">
     <span class='ocr_line' id='line_1_3' title="bbox 3505 349 3611 406; baseline -0.019 0"><span class='ocrx_word' id='word_1_7' title='bbox 3505 349 3611 406; x_wconf 71' lang='grc' dir='ltr'><strong>ιοο</strong></span> 
     </span>
    </p>
   </div>
   <div class='ocr_carea' id='block_1_4' title="bbox 360 466 1928 543">
    <p class='ocr_par' dir='ltr' id='par_1_4' title="bbox 360 469 1928 543">
     <span class='ocr_line' id='line_1_4' title="bbox 360 469 1928 543; baseline 0.001 -19"><span class='ocrx_word' id='word_1_8' title='bbox 360 470 533 541; x_wconf 78' lang='grc' dir='ltr'>ἡμῶν</span> <span class='ocrx_word' id='word_1_9' title='bbox 565 470 665 540; x_wconf 80' lang='grc' dir='ltr'>τῆς</span> <span class='ocrx_word' id='word_1_10' title='bbox 701 469 1018 542; x_wconf 68' lang='grc' dir='ltr'>ὑπολήψεως</span> <span class='ocrx_word' id='word_1_11' title='bbox 1065 469 1478 543; x_wconf 87' lang='grc' dir='ltr'>ἀποκρίνασθαι,</span> <span class='ocrx_word' id='word_1_12' title='bbox 1509 473 1803 541; x_wconf 85' lang='grc' dir='ltr'>ἀναγκαῖον</span> <span class='ocrx_word' id='word_1_13' title='bbox 1848 469 1928 525; x_wconf 57' lang='lat' dir='ltr'><strong>viii</strong></span> 
     </span>
    </p>
   </div>
   <div class='ocr_carea' id='block_1_5' title="bbox 2032 466 3614 543">
    <p class='ocr_par' dir='ltr' id='par_1_5' title="bbox 2050 466 3614 540">
     <span class='ocr_line' id='line_1_5' title="bbox 2050 466 3614 540; baseline 0 -15"><span class='ocrx_word' id='word_1_14' title='bbox 2050 468 2206 525; x_wconf 81' lang='lat' dir='ltr'><strong>stolis</strong></span> <span class='ocrx_word' id='word_1_15' title='bbox 2237 483 2350 525; x_wconf 89' lang='lat' dir='ltr'><strong>non</strong></span> <span class='ocrx_word' id='word_1_16' title='bbox 2374 477 2490 525; x_wconf 92' lang='lat' dir='ltr'><strong>tuto</strong></span> <span class='ocrx_word' id='word_1_17' title='bbox 2517 466 2926 524; x_wconf 88' lang='lat' dir='ltr'><strong>committenda.</strong></span> <span class='ocrx_word' id='word_1_18' title='bbox 2962 466 3069 525; x_wconf 85' lang='lat' dir='ltr'><strong>Sed</strong></span> <span class='ocrx_word' id='word_1_19' title='bbox 3102 483 3171 526; x_wconf 91' lang='lat' dir='ltr'><strong>ne</strong></span> <span class='ocrx_word' id='word_1_20' title='bbox 3200 474 3325 523; x_wconf 93' lang='lat' dir='ltr'><strong>ante</strong></span> <span class='ocrx_word' id='word_1_21' title='bbox 3356 482 3614 540; x_wconf 64' lang='lat' dir='ltr'><strong>congresa</strong></span> 
     </span>
    </p>
   </div>
   <div class='ocr_carea' id='block_1_6' title="bbox 364 562 1942 635">
    <p class='ocr_par' dir='ltr' id='par_1_6' title="bbox 364 562 1942 635">
     <span class='ocr_line' id='line_1_6' title="bbox 364 562 1942 635; baseline 0.002 -21"><span class='ocrx_word' id='word_1_22' title='bbox 364 564 778 633; x_wconf 78' lang='grc' dir='ltr'>ἀποσιωπῆσαι,</span> <span class='ocrx_word' id='word_1_23' title='bbox 830 562 904 628; x_wconf 87' lang='grc' dir='ltr'>ὡς</span> <span class='ocrx_word' id='word_1_24' title='bbox 956 564 1051 616; x_wconf 79' lang='grc' dir='ltr'>καὶ</span> <span class='ocrx_word' id='word_1_25' title='bbox 1101 563 1411 635; x_wconf 87' lang='grc' dir='ltr'>μακρότερα</span> <span class='ocrx_word' id='word_1_26' title='bbox 1453 564 1548 617; x_wconf 82' lang='grc' dir='ltr'>τοῦ</span> <span class='ocrx_word' id='word_1_27' title='bbox 1595 564 1793 635; x_wconf 81' lang='grc' dir='ltr'>μέτρου</span> <span class='ocrx_word' id='word_1_28' title='bbox 1844 563 1942 633; x_wconf 80' lang='grc' dir='ltr'>τῆς</span> 
     </span>
    </p>
   </div>
   <div class='ocr_carea' id='block_1_7' title="bbox 371 652 1973 725">
    <p class='ocr_par' dir='ltr' id='par_1_7' title="bbox 371 652 1973 725">
     <span class='ocr_line' id='line_1_7' title="bbox 371 652 1973 725; baseline 0.002 -23"><span class='ocrx_word' id='word_1_29' title='bbox 371 652 686 722; x_wconf 75' lang='grc' dir='ltr'><strong>ἐπιστολῆς,</strong></span> <span class='ocrx_word' id='word_1_30' title='bbox 718 653 813 705; x_wconf 79' lang='grc' dir='ltr'>καὶ</span> <span class='ocrx_word' id='word_1_31' title='bbox 841 652 1013 717; x_wconf 83' lang='grc' dir='ltr'>ἄλλως</span> <span class='ocrx_word' id='word_1_32' title='bbox 1041 654 1139 706; x_wconf 76' lang='grc' dir='ltr'><strong>οὐκ</strong></span> <span class='ocrx_word' id='word_1_33' title='bbox 1180 654 1397 723; x_wconf 77' lang='grc' dir='ltr'><strong>ἀσφαλῆ</strong></span> <span class='ocrx_word' id='word_1_34' title='bbox 1440 655 1763 725; x_wconf 78' lang='grc' dir='ltr'>γράμμασιν</span> <span class='ocrx_word' id='word_1_35' title='bbox 1806 652 1973 722; x_wconf 48' lang='lat' dir='ltr'><strong>did/23L</strong></span> 
     </span>
    </p>
   </div>
   <div class='ocr_carea' id='block_1_8' title="bbox 364 743 1942 816">
    <p class='ocr_par' dir='ltr' id='par_1_8' title="bbox 364 743 1942 816">
     <span class='ocr_line' id='line_1_8' title="bbox 364 743 1942 816; baseline 0.003 -21"><span class='ocrx_word' id='word_1_36' title='bbox 364 760 489 813; x_wconf 79' lang='grc' dir='ltr'>χοις</span> <span class='ocrx_word' id='word_1_37' title='bbox 513 743 1024 799; x_wconf 84' lang='grc' dir='ltr'>καταπιστεύεσθαι.</span> <span class='ocrx_word' id='word_1_38' title='bbox 1071 745 1188 797; x_wconf 84' lang='grc' dir='ltr'>Ἵνα</span> <span class='ocrx_word' id='word_1_39' title='bbox 1216 746 1271 798; x_wconf 83' lang='grc' dir='ltr'><strong>δὲ</strong></span> <span class='ocrx_word' id='word_1_40' title='bbox 1313 747 1387 816; x_wconf 83' lang='grc' dir='ltr'>μὴ</span> <span class='ocrx_word' id='word_1_41' title='bbox 1430 746 1520 798; x_wconf 73' lang='grc' dir='ltr'><strong>τὸν</strong></span> <span class='ocrx_word' id='word_1_42' title='bbox 1559 746 1664 816; x_wconf 79' lang='grc' dir='ltr'><strong>πρὸ</strong></span> <span class='ocrx_word' id='word_1_43' title='bbox 1695 746 1794 815; x_wconf 71' lang='grc' dir='ltr'>τῆς</span> <span class='ocrx_word' id='word_1_44' title='bbox 1820 763 1942 799; x_wconf 92' lang='grc' dir='ltr'>συν-</span> 
     </span>
    </p>
   </div>
   <div class='ocr_carea' id='block_1_9' title="bbox 364 835 1942 906">
    <p class='ocr_par' dir='ltr' id='par_1_9' title="bbox 364 835 1942 906">
     <span class='ocr_line' id='line_1_9' title="bbox 364 835 1942 906; baseline 0.003 -21"><span class='ocrx_word' id='word_1_45' title='bbox 364 835 563 904; x_wconf 79' lang='grc' dir='ltr'>τυχίας</span> <span class='ocrx_word' id='word_1_46' title='bbox 597 835 804 906; x_wconf 82' lang='grc' dir='ltr'>χρόνον.</span> <span class='ocrx_word' id='word_1_47' title='bbox 820 838 936 898; x_wconf 84' lang='grc' dir='ltr'>ταῖς</span> <span class='ocrx_word' id='word_1_48' title='bbox 961 835 1230 899; x_wconf 76' lang='grc' dir='ltr'>διαϐολαῖς</span> <span class='ocrx_word' id='word_1_49' title='bbox 1250 853 1409 889; x_wconf 87' lang='grc' dir='ltr'>τινων</span> <span class='ocrx_word' id='word_1_50' title='bbox 1426 837 1707 905; x_wconf 81' lang='grc' dir='ltr'>ὑπαχθεὶς,</span> <span class='ocrx_word' id='word_1_51' title='bbox 1731 836 1942 905; x_wconf 76' lang='grc' dir='ltr'>ὑφεῖναι</span> 
     </span>
    </p>
   </div>
   <div class='ocr_carea' id='block_1_10' title="bbox 364 926 1946 997">
    <p class='ocr_par' dir='ltr' id='par_1_10' title="bbox 364 926 1946 997">
     <span class='ocr_line' id='line_1_10' title="bbox 364 926 1946 997; baseline 0.003 -22"><span class='ocrx_word' id='word_1_52' title='bbox 364 941 422 976; x_wconf 87' lang='grc' dir='ltr'><strong>τι</strong></span> <span class='ocrx_word' id='word_1_53' title='bbox 449 926 548 995; x_wconf 76' lang='grc' dir='ltr'>τῆς</span> <span class='ocrx_word' id='word_1_54' title='bbox 581 927 703 996; x_wconf 70' lang='grc' dir='ltr'>περὶ</span> <span class='ocrx_word' id='word_1_55' title='bbox 748 927 893 996; x_wconf 81' lang='grc' dir='ltr'>ἡμᾶς</span> <span class='ocrx_word' id='word_1_56' title='bbox 932 926 1142 990; x_wconf 79' lang='grc' dir='ltr'>εὐνοίας</span> <span class='ocrx_word' id='word_1_57' title='bbox 1180 927 1548 997; x_wconf 79' lang='grc' dir='ltr'>ἀναγκασθῇς,</span> <span class='ocrx_word' id='word_1_58' title='bbox 1581 926 1640 980; x_wconf 75' lang='grc' dir='ltr'><strong>τὸ</strong></span> <span class='ocrx_word' id='word_1_59' title='bbox 1663 926 1757 980; x_wconf 81' lang='grc' dir='ltr'>τοῦ</span> <span class='ocrx_word' id='word_1_60' title='bbox 1798 927 1946 980; x_wconf 83' lang='grc' dir='ltr'>Ἀλε-</span> 
     </span>
    </p>
   </div>
   <div class='ocr_carea' id='block_1_11' title="bbox 370 1015 1948 1090">
    <p class='ocr_par' dir='ltr' id='par_1_11' title="bbox 370 1015 1948 1090">
     <span class='ocr_line' id='line_1_11' title="bbox 370 1015 1948 1090; baseline 0.001 -21"><span class='ocrx_word' id='word_1_61' title='bbox 370 1015 597 1089; x_wconf 73' lang='grc' dir='ltr'>ξάνδρου</span> <span class='ocrx_word' id='word_1_62' title='bbox 629 1018 869 1081; x_wconf 85' lang='grc' dir='ltr'>ποίησον.</span> <span class='ocrx_word' id='word_1_63' title='bbox 900 1019 1009 1071; x_wconf 72' lang='grc' dir='ltr'>Καὶ</span> <span class='ocrx_word' id='word_1_64' title='bbox 1039 1017 1147 1090; x_wconf 85' lang='grc' dir='ltr'>γὰρ</span> <span class='ocrx_word' id='word_1_65' title='bbox 1175 1019 1379 1072; x_wconf 79' lang='grc' dir='ltr'>ἐκεῖνόν</span> <span class='ocrx_word' id='word_1_66' title='bbox 1410 1036 1564 1088; x_wconf 86' lang='grc' dir='ltr'>φασι,</span> <span class='ocrx_word' id='word_1_67' title='bbox 1598 1018 1948 1089; x_wconf 78' lang='grc' dir='ltr'>διαϐαλλομέ-</span> 
     </span>
    </p>
   </div>
   <div class='ocr_carea' id='block_1_12' title="bbox 366 1107 1947 1180">
    <p class='ocr_par' dir='ltr' id='par_1_12' title="bbox 366 1107 1947 1180">
     <span class='ocr_line' id='line_1_12' title="bbox 366 1107 1947 1180; baseline 0.004 -23"><span class='ocrx_word' id='word_1_68' title='bbox 366 1124 464 1159; x_wconf 81' lang='grc' dir='ltr'><strong>νου</strong></span> <span class='ocrx_word' id='word_1_69' title='bbox 499 1108 641 1171; x_wconf 77' lang='grc' dir='ltr'>τινὸς</span> <span class='ocrx_word' id='word_1_70' title='bbox 664 1107 770 1160; x_wconf 88' lang='grc' dir='ltr'><strong>τῶν</strong></span> <span class='ocrx_word' id='word_1_71' title='bbox 819 1108 1082 1177; x_wconf 82' lang='grc' dir='ltr'>συνήθων,</span> <span class='ocrx_word' id='word_1_72' title='bbox 1123 1109 1219 1180; x_wconf 78' lang='grc' dir='ltr'><strong>τὴν</strong></span> <span class='ocrx_word' id='word_1_73' title='bbox 1277 1110 1373 1180; x_wconf 83' lang='grc' dir='ltr'><strong>μὲν</strong></span> <span class='ocrx_word' id='word_1_74' title='bbox 1400 1109 1591 1177; x_wconf 83' lang='grc' dir='ltr'>ἐτὲραν</span> <span class='ocrx_word' id='word_1_75' title='bbox 1630 1109 1740 1162; x_wconf 87' lang='grc' dir='ltr'><strong>τῶν</strong></span> <span class='ocrx_word' id='word_1_76' title='bbox 1769 1109 1947 1163; x_wconf 85' lang='grc' dir='ltr'>ἀκοῶν</span> 
     </span>
    </p>
   </div>
   <div class='ocr_carea' id='block_1_13' title="bbox 367 1199 1946 1274">
    <p class='ocr_par' dir='ltr' id='par_1_13' title="bbox 367 1199 1946 1274">
     <span class='ocr_line' id='line_1_13' title="bbox 367 1199 1946 1274; baseline 0.001 -21"><span class='ocrx_word' id='word_1_77' title='bbox 367 1202 579 1255; x_wconf 84' lang='grc' dir='ltr'>ἀνεῖναι</span> <span class='ocrx_word' id='word_1_78' title='bbox 629 1199 706 1270; x_wconf 81' lang='grc' dir='ltr'><strong>τῷ</strong></span> <span class='ocrx_word' id='word_1_79' title='bbox 756 1199 1127 1268; x_wconf 79' lang='grc' dir='ltr'>διαϐάλλοντι,</span> <span class='ocrx_word' id='word_1_80' title='bbox 1173 1203 1270 1274; x_wconf 82' lang='grc' dir='ltr'>τὴν</span> <span class='ocrx_word' id='word_1_81' title='bbox 1331 1202 1387 1254; x_wconf 81' lang='grc' dir='ltr'><strong>δὲ</strong></span> <span class='ocrx_word' id='word_1_82' title='bbox 1433 1202 1625 1271; x_wconf 79' lang='grc' dir='ltr'>ἑτέραν</span> <span class='ocrx_word' id='word_1_83' title='bbox 1671 1202 1946 1271; x_wconf 78' lang='grc' dir='ltr'><strong>ἐπιμελῶς</strong></span> 
     </span>
    </p>
   </div>
   <div class='ocr_carea' id='block_1_14' title="bbox 364 1292 1942 1365">
    <p class='ocr_par' dir='ltr' id='par_1_14' title="bbox 364 1292 1942 1365">
     <span class='ocr_line' id='line_1_14' title="bbox 364 1292 1942 1365; baseline 0.002 -20"><span class='ocrx_word' id='word_1_84' title='bbox 364 1292 776 1363; x_wconf 77' lang='grc' dir='ltr'>ἑπιφράξασθαι</span> <span class='ocrx_word' id='word_1_85' title='bbox 808 1296 873 1365; x_wconf 84' lang='grc' dir='ltr'>τῇ</span> <span class='ocrx_word' id='word_1_86' title='bbox 914 1295 1091 1365; x_wconf 69' lang='grc' dir='ltr'>χειρί*</span> <span class='ocrx_word' id='word_1_87' title='bbox 1125 1294 1555 1365; x_wconf 77' lang='grc' dir='ltr'>ἐνδεικνύμενον,</span> <span class='ocrx_word' id='word_1_88' title='bbox 1596 1295 1678 1348; x_wconf 80' lang='grc' dir='ltr'><strong>ὅτι</strong></span> <span class='ocrx_word' id='word_1_89' title='bbox 1707 1295 1816 1347; x_wconf 79' lang='grc' dir='ltr'>δέοι</span> <span class='ocrx_word' id='word_1_90' title='bbox 1850 1294 1942 1348; x_wconf 79' lang='grc' dir='ltr'><strong>τὸν</strong></span> 
     </span>
    </p>
   </div>
   <div class='ocr_carea' id='block_1_15' title="bbox 362 1382 1941 1456">
    <p class='ocr_par' dir='ltr' id='par_1_15' title="bbox 362 1382 1941 1456">
     <span class='ocr_line' id='line_1_15' title="bbox 362 1382 1941 1456; baseline 0.003 -23"><span class='ocrx_word' id='word_1_91' title='bbox 362 1382 546 1452; x_wconf 80' lang='grc' dir='ltr'>ὀρθῶς</span> <span class='ocrx_word' id='word_1_92' title='bbox 581 1382 783 1455; x_wconf 84' lang='grc' dir='ltr'>κρίνειν</span> <span class='ocrx_word' id='word_1_93' title='bbox 846 1385 1104 1454; x_wconf 85' lang='grc' dir='ltr'>μέλλοντα</span> <span class='ocrx_word' id='word_1_94' title='bbox 1140 1384 1213 1455; x_wconf 81' lang='grc' dir='ltr'>μὴ</span> <span class='ocrx_word' id='word_1_95' title='bbox 1242 1385 1361 1438; x_wconf 80' lang='grc' dir='ltr'>ὅλον</span> <span class='ocrx_word' id='word_1_96' title='bbox 1396 1384 1556 1448; x_wconf 71' lang='grc' dir='ltr'>εὐθὺς</span> <span class='ocrx_word' id='word_1_97' title='bbox 1585 1386 1697 1447; x_wconf 84' lang='grc' dir='ltr'>τοῖς</span> <span class='ocrx_word' id='word_1_98' title='bbox 1733 1385 1941 1456; x_wconf 87' lang='grc' dir='ltr'>προλα-</span> 
     </span>
    </p>
   </div>
   <div class='ocr_carea' id='block_1_16' title="bbox 362 1473 1942 1550">
    <p class='ocr_par' dir='ltr' id='par_1_16' title="bbox 362 1473 1942 1550">
     <span class='ocr_line' id='line_1_16' title="bbox 362 1473 1942 1550; baseline 0.003 -24"><span class='ocrx_word' id='word_1_99' title='bbox 362 1473 554 1527; x_wconf 77' lang='grc' dir='ltr'>ϐοῦσιν</span> <span class='ocrx_word' id='word_1_100' title='bbox 616 1476 941 1544; x_wconf 80' lang='grc' dir='ltr'>ἀπάγεσθαι,</span> <span class='ocrx_word' id='word_1_101' title='bbox 998 1477 1133 1530; x_wconf 88' lang='grc' dir='ltr'><strong>ἀλλά</strong></span> <span class='ocrx_word' id='word_1_102' title='bbox 1162 1477 1221 1529; x_wconf 73' lang='grc' dir='ltr'>τὸ</span> <span class='ocrx_word' id='word_1_103' title='bbox 1259 1479 1426 1547; x_wconf 77' lang='grc' dir='ltr'>ἥμισυ</span> <span class='ocrx_word' id='word_1_104' title='bbox 1482 1478 1580 1547; x_wconf 76' lang='grc' dir='ltr'>τῆς</span> <span class='ocrx_word' id='word_1_105' title='bbox 1630 1478 1942 1550; x_wconf 80' lang='grc' dir='ltr'>ἀκροάσεως</span> 
     </span>
    </p>
   </div>
   <div class='ocr_carea' id='block_1_17' title="bbox 357 1566 1938 1642">
    <p class='ocr_par' dir='ltr' id='par_1_17' title="bbox 357 1566 1938 1642">
     <span class='ocr_line' id='line_1_17' title="bbox 357 1566 1938 1642; baseline 0.005 -23"><span class='ocrx_word' id='word_1_106' title='bbox 357 1566 625 1638; x_wconf 81' lang='grc' dir='ltr'>ἀκέραιον</span> <span class='ocrx_word' id='word_1_107' title='bbox 654 1568 935 1634; x_wconf 79' lang='grc' dir='ltr'>διασώζειν</span> <span class='ocrx_word' id='word_1_108' title='bbox 966 1570 1103 1641; x_wconf 85' lang='grc' dir='ltr'>πρὸς</span> <span class='ocrx_word' id='word_1_109' title='bbox 1143 1570 1438 1639; x_wconf 76' lang='grc' dir='ltr'>ἀπολογίαν</span> <span class='ocrx_word' id='word_1_110' title='bbox 1469 1569 1546 1640; x_wconf 78' lang='grc' dir='ltr'><strong>τῷ</strong></span> <span class='ocrx_word' id='word_1_111' title='bbox 1583 1569 1656 1641; x_wconf 85' lang='grc' dir='ltr'>μὴ</span> <span class='ocrx_word' id='word_1_112' title='bbox 1692 1569 1938 1642; x_wconf 79' lang='grc' dir='ltr'>παρόντι.</span> 
     </span>
    </p>
   </div>
   <div class='ocr_carea' id='block_1_18' title="bbox 899 1723 1406 1792">
    <p class='ocr_par' dir='ltr' id='par_1_18' title="bbox 899 1723 1406 1792">
     <span class='ocr_line' id='line_1_18' title="bbox 899 1723 1406 1792; baseline 0.004 -15"><span class='ocrx_word' id='word_1_113' title='bbox 899 1723 1244 1777; x_wconf 78' lang='grc' dir='ltr'><strong>ΕΠΙΣΤΟΛΙΙ</strong></span> <span class='ocrx_word' id='word_1_114' title='bbox 1292 1725 1406 1792; x_wconf 65' lang='lat' dir='ltr'><strong>ur.</strong></span> 
     </span>
    </p>
   </div>
   <div class='ocr_carea' id='block_1_19' title="bbox 2042 560 3610 634">
    <p class='ocr_par' dir='ltr' id='par_1_19' title="bbox 2042 560 3610 634">
     <span class='ocr_line' id='line_1_19' title="bbox 2042 560 3610 634; baseline -0.001 -16"><span class='ocrx_word' id='word_1_115' title='bbox 2042 579 2138 619; x_wconf 87' lang='lat' dir='ltr'><strong>sus</strong></span> <span class='ocrx_word' id='word_1_116' title='bbox 2159 564 2335 619; x_wconf 85' lang='lat' dir='ltr'><strong>nostri</strong></span> <span class='ocrx_word' id='word_1_117' title='bbox 2357 571 2573 634; x_wconf 89' lang='lat' dir='ltr'><strong>tempus</strong></span> <span class='ocrx_word' id='word_1_118' title='bbox 2598 562 2984 617; x_wconf 90' lang='lat' dir='ltr'><strong>nonnullorum</strong></span> <span class='ocrx_word' id='word_1_119' title='bbox 3007 560 3298 617; x_wconf 79' lang='lat' dir='ltr'><strong>calumniis</strong></span> <span class='ocrx_word' id='word_1_120' title='bbox 3326 560 3610 626; x_wconf 84' lang='lat' dir='ltr'><strong>inductus,</strong></span> 
     </span>
    </p>
   </div>
   <div class='ocr_carea' id='block_1_20' title="bbox 2041 656 3612 727">
    <p class='ocr_par' dir='ltr' id='par_1_20' title="bbox 2041 656 3612 727">
     <span class='ocr_line' id='line_1_20' title="bbox 2041 656 3612 727; baseline -0.001 -16"><span class='ocrx_word' id='word_1_121' title='bbox 2041 657 2244 727; x_wconf 85' lang='lat' dir='ltr'><strong>aliquid</strong></span> <span class='ocrx_word' id='word_1_122' title='bbox 2267 657 2334 711; x_wconf 90' lang='lat' dir='ltr'><strong>de</strong></span> <span class='ocrx_word' id='word_1_123' title='bbox 2356 665 2449 711; x_wconf 88' lang='lat' dir='ltr'><strong>tua</strong></span> <span class='ocrx_word' id='word_1_124' title='bbox 2480 658 2534 710; x_wconf 89' lang='lat' dir='ltr'><strong>in</strong></span> <span class='ocrx_word' id='word_1_125' title='bbox 2559 672 2644 711; x_wconf 90' lang='lat' dir='ltr'><strong>me</strong></span> <span class='ocrx_word' id='word_1_126' title='bbox 2670 656 3045 712; x_wconf 76' lang='lat' dir='ltr'><strong>benevolentia</strong></span> <span class='ocrx_word' id='word_1_127' title='bbox 3076 656 3356 711; x_wconf 88' lang='lat' dir='ltr'><strong>remittere</strong></span> <span class='ocrx_word' id='word_1_128' title='bbox 3377 656 3612 724; x_wconf 85' lang='lat' dir='ltr'><strong>cogaris,</strong></span> 
     </span>
    </p>
   </div>
   <div class='ocr_carea' id='block_1_21' title="bbox 2044 747 3610 818">
    <p class='ocr_par' dir='ltr' id='par_1_21' title="bbox 2044 747 3610 818">
     <span class='ocr_line' id='line_1_21' title="bbox 2044 747 3610 818; baseline 0.001 -17"><span class='ocrx_word' id='word_1_129' title='bbox 2044 748 2133 803; x_wconf 84' lang='lat' dir='ltr'><strong>fac</strong></span> <span class='ocrx_word' id='word_1_130' title='bbox 2177 748 2317 804; x_wconf 89' lang='lat' dir='ltr'><strong>idem</strong></span> <span class='ocrx_word' id='word_1_131' title='bbox 2362 748 2507 818; x_wconf 86' lang='lat' dir='ltr'><strong>quod</strong></span> <span class='ocrx_word' id='word_1_132' title='bbox 2552 748 2878 803; x_wconf 85' lang='lat' dir='ltr'><strong>Alexander.</strong></span> <span class='ocrx_word' id='word_1_133' title='bbox 2934 747 3070 805; x_wconf 83' lang='lat' dir='ltr'><strong>Nam</strong></span> <span class='ocrx_word' id='word_1_134' title='bbox 3114 758 3165 803; x_wconf 88' lang='lat' dir='ltr'><strong>et</strong></span> <span class='ocrx_word' id='word_1_135' title='bbox 3215 749 3371 803; x_wconf 90' lang='lat' dir='ltr'><strong>illum</strong></span> <span class='ocrx_word' id='word_1_136' title='bbox 3404 748 3610 811; x_wconf 86' lang='lat' dir='ltr'><strong>ferunt,</strong></span> 
     </span>
    </p>
   </div>
   <div class='ocr_carea' id='block_1_22' title="bbox 2043 838 3614 909">
    <p class='ocr_par' dir='ltr' id='par_1_22' title="bbox 2043 838 3614 909">
     <span class='ocr_line' id='line_1_22' title="bbox 2043 838 3614 909; baseline 0 -16"><span class='ocrx_word' id='word_1_137' title='bbox 2043 855 2168 893; x_wconf 91' lang='lat' dir='ltr'><strong>cum</strong></span> <span class='ocrx_word' id='word_1_138' title='bbox 2217 840 2438 909; x_wconf 88' lang='lat' dir='ltr'><strong>quidam</strong></span> <span class='ocrx_word' id='word_1_139' title='bbox 2481 854 2545 893; x_wconf 80' lang='lat' dir='ltr'><strong>ex</strong></span> <span class='ocrx_word' id='word_1_140' title='bbox 2598 838 2959 895; x_wconf 77' lang='lat' dir='ltr'><strong>familiaribus</strong></span> <span class='ocrx_word' id='word_1_141' title='bbox 3004 838 3280 894; x_wconf 83' lang='lat' dir='ltr'><strong>calumnia</strong></span> <span class='ocrx_word' id='word_1_142' title='bbox 3328 846 3614 909; x_wconf 87' lang='lat' dir='ltr'><strong>appetere-</strong></span> 
     </span>
    </p>
   </div>
   <div class='ocr_carea' id='block_1_23' title="bbox 2048 930 3609 1001">
    <p class='ocr_par' dir='ltr' id='par_1_23' title="bbox 2048 930 3609 1001">
     <span class='ocr_line' id='line_1_23' title="bbox 2048 930 3609 1001; baseline 0.003 -18"><span class='ocrx_word' id='word_1_143' title='bbox 2048 939 2157 998; x_wconf 92' lang='lat' dir='ltr'><strong>tur,</strong></span> <span class='ocrx_word' id='word_1_144' title='bbox 2188 932 2399 985; x_wconf 89' lang='lat' dir='ltr'><strong>aurium</strong></span> <span class='ocrx_word' id='word_1_145' title='bbox 2430 931 2648 1000; x_wconf 80' lang='lat' dir='ltr'><strong>quidem</strong></span> <span class='ocrx_word' id='word_1_146' title='bbox 2682 931 2910 985; x_wconf 84' lang='lat' dir='ltr'><strong>alteram</strong></span> <span class='ocrx_word' id='word_1_147' title='bbox 2939 931 3242 986; x_wconf 84' lang='lat' dir='ltr'><strong>accusatori</strong></span> <span class='ocrx_word' id='word_1_148' title='bbox 3273 930 3573 1001; x_wconf 65' lang='lat' dir='ltr'><strong>praebuisse</strong></span> <span class='ocrx_word' id='word_1_149' title='bbox 3593 970 3609 996; x_wconf 86' lang='lat'><strong>,</strong></span> 
     </span>
    </p>
   </div>
   <div class='ocr_carea' id='block_1_24' title="bbox 2043 1024 3613 1095">
    <p class='ocr_par' dir='ltr' id='par_1_24' title="bbox 2043 1024 3613 1095">
     <span class='ocr_line' id='line_1_24' title="bbox 2043 1024 3613 1095; baseline 0.003 -18"><span class='ocrx_word' id='word_1_150' title='bbox 2043 1024 2271 1078; x_wconf 85' lang='lat' dir='ltr'><strong>alteram</strong></span> <span class='ocrx_word' id='word_1_151' title='bbox 2302 1039 2431 1080; x_wconf 90' lang='lat' dir='ltr'><strong>vero</strong></span> <span class='ocrx_word' id='word_1_152' title='bbox 2461 1025 2750 1095; x_wconf 73' lang='lat' dir='ltr'><strong>diligenter</strong></span> <span class='ocrx_word' id='word_1_153' title='bbox 2790 1041 2955 1081; x_wconf 91' lang='lat' dir='ltr'><strong>manu</strong></span> <span class='ocrx_word' id='word_1_154' title='bbox 2997 1028 3296 1084; x_wconf 88' lang='lat' dir='ltr'><strong>occlusisse</strong></span> <span class='ocrx_word' id='word_1_155' title='bbox 3336 1048 3351 1084; x_wconf 88' lang='lat'><strong>:</strong></span> <span class='ocrx_word' id='word_1_156' title='bbox 3383 1028 3613 1084; x_wconf 90' lang='lat' dir='ltr'><strong>demon-</strong></span> 
     </span>
    </p>
   </div>
   <div class='ocr_carea' id='block_1_25' title="bbox 2040 1119 3610 1189">
    <p class='ocr_par' dir='ltr' id='par_1_25' title="bbox 2040 1119 3610 1189">
     <span class='ocr_line' id='line_1_25' title="bbox 2040 1119 3610 1189; baseline 0.004 -21"><span class='ocrx_word' id='word_1_157' title='bbox 2040 1123 2343 1181; x_wconf 88' lang='lat' dir='ltr'><strong>strantcm,</strong></span> <span class='ocrx_word' id='word_1_158' title='bbox 2393 1124 2647 1186; x_wconf 88' lang='lat' dir='ltr'><strong>oportere</strong></span> <span class='ocrx_word' id='word_1_159' title='bbox 2676 1124 2738 1171; x_wconf 91' lang='lat' dir='ltr'><strong>ut</strong></span> <span class='ocrx_word' id='word_1_160' title='bbox 2782 1119 2875 1187; x_wconf 87' lang='lat' dir='ltr'><strong>qui</strong></span> <span class='ocrx_word' id='word_1_161' title='bbox 2922 1126 3072 1175; x_wconf 88' lang='lat' dir='ltr'><strong>recte</strong></span> <span class='ocrx_word' id='word_1_162' title='bbox 3113 1120 3464 1189; x_wconf 87' lang='lat' dir='ltr'><strong>judicaturus</strong></span> <span class='ocrx_word' id='word_1_163' title='bbox 3488 1128 3610 1182; x_wconf 89' lang='lat' dir='ltr'><strong>est,</strong></span> 
     </span>
    </p>
   </div>
   <div class='ocr_carea' id='block_1_26' title="bbox 2038 1210 3611 1282">
    <p class='ocr_par' dir='ltr' id='par_1_26' title="bbox 2038 1210 3611 1282">
     <span class='ocr_line' id='line_1_26' title="bbox 2038 1210 3611 1282; baseline 0.004 -20"><span class='ocrx_word' id='word_1_164' title='bbox 2038 1223 2147 1262; x_wconf 91' lang='lat' dir='ltr'><strong>non</strong></span> <span class='ocrx_word' id='word_1_165' title='bbox 2169 1216 2319 1263; x_wconf 91' lang='lat' dir='ltr'><strong>totus</strong></span> <span class='ocrx_word' id='word_1_166' title='bbox 2345 1210 2530 1264; x_wconf 89' lang='lat' dir='ltr'><strong>statim</strong></span> <span class='ocrx_word' id='word_1_167' title='bbox 2556 1224 2587 1263; x_wconf 90' lang='lat' dir='ltr'><strong>a</strong></span> <span class='ocrx_word' id='word_1_168' title='bbox 2610 1214 3122 1282; x_wconf 69' lang='lat' dir='ltr'><strong>prmoccupantibos</strong></span> <span class='ocrx_word' id='word_1_169' title='bbox 3153 1214 3477 1278; x_wconf 89' lang='lat' dir='ltr'><strong>abducatur,</strong></span> <span class='ocrx_word' id='word_1_170' title='bbox 3515 1213 3611 1268; x_wconf 85' lang='lat' dir='ltr'><strong>sed</strong></span> 
     </span>
    </p>
   </div>
   <div class='ocr_carea' id='block_1_27' title="bbox 2038 1302 3611 1375">
    <p class='ocr_par' dir='ltr' id='par_1_27' title="bbox 2038 1302 3611 1375">
     <span class='ocr_line' id='line_1_27' title="bbox 2038 1302 3611 1375; baseline 0.002 -17"><span class='ocrx_word' id='word_1_171' title='bbox 2038 1302 2323 1358; x_wconf 90' lang='lat' dir='ltr'><strong>dimidium</strong></span> <span class='ocrx_word' id='word_1_172' title='bbox 2358 1302 2577 1358; x_wconf 89' lang='lat' dir='ltr'><strong>auditus</strong></span> <span class='ocrx_word' id='word_1_173' title='bbox 2619 1303 2892 1375; x_wconf 83' lang='lat' dir='ltr'><strong>integrum</strong></span> <span class='ocrx_word' id='word_1_174' title='bbox 2927 1305 2992 1359; x_wconf 91' lang='lat' dir='ltr'><strong>ad</strong></span> <span class='ocrx_word' id='word_1_175' title='bbox 3023 1305 3395 1361; x_wconf 81' lang='lat' dir='ltr'><strong>defensionem</strong></span> <span class='ocrx_word' id='word_1_176' title='bbox 3429 1310 3611 1363; x_wconf 77' lang='lat' dir='ltr'><strong>servet</strong></span> 
     </span>
    </p>
   </div>
   <div class='ocr_carea' id='block_1_28' title="bbox 2049 1393 2262 1448">
    <p class='ocr_par' dir='ltr' id='par_1_28' title="bbox 2049 1393 2262 1448">
     <span class='ocr_line' id='line_1_28' title="bbox 2049 1393 2262 1448; baseline 0.005 -2"><span class='ocrx_word' id='word_1_177' title='bbox 2049 1393 2262 1448; x_wconf 86' lang='lat' dir='ltr'><strong>absenti</strong></span> 
     </span>
    </p>
   </div>
   <div class='ocr_carea' id='block_1_29' title="bbox 2493 1723 3253 1795">
    <p class='ocr_par' dir='ltr' id='par_1_29' title="bbox 2493 1723 3253 1795">
     <span class='ocr_line' id='line_1_29' title="bbox 2493 1723 3253 1795; baseline 0.004 -17"><span class='ocrx_word' id='word_1_178' title='bbox 2493 1724 2654 1795; x_wconf 73' lang='lat'><strong>139</strong></span> <span class='ocrx_word' id='word_1_179' title='bbox 2687 1723 3020 1780; x_wconf 77' lang='lat' dir='ltr'><strong>EPISTOLA</strong></span> <span class='ocrx_word' id='word_1_180' title='bbox 3072 1724 3253 1782; x_wconf 60' lang='lat' dir='ltr'><strong>xcv&#39;.</strong></span> 
     </span>
    </p>
   </div>
   <div class='ocr_carea' id='block_1_30' title="bbox 360 1833 3607 1906">
    <p class='ocr_par' dir='ltr' id='par_1_30' title="bbox 360 1833 3607 1906">
     <span class='ocr_line' id='line_1_30' title="bbox 360 1833 3607 1906; baseline 0.003 -24"><span class='ocrx_word' id='word_1_181' title='bbox 360 1833 650 1906; x_wconf 57' lang='lat' dir='ltr'><strong>Ingitatusa</strong></span> <span class='ocrx_word' id='word_1_182' title='bbox 675 1838 926 1906; x_wconf 60' lang='grc' dir='ltr'>Μριειιορι</span> <span class='ocrx_word' id='word_1_183' title='bbox 952 1835 1195 1906; x_wconf 59' lang='lat' dir='ltr'><strong>Theodoto</strong></span> <span class='ocrx_word' id='word_1_184' title='bbox 1223 1835 1437 1887; x_wconf 79' lang='lat' dir='ltr'><strong>Basilius</strong></span> <span class='ocrx_word' id='word_1_185' title='bbox 1464 1836 1531 1886; x_wconf 86' lang='lat' dir='ltr'><strong>ad</strong></span> <span class='ocrx_word' id='word_1_186' title='bbox 1556 1835 1694 1906; x_wconf 70' lang='lat' dir='ltr'><strong>diem</strong></span> <span class='ocrx_word' id='word_1_187' title='bbox 1717 1836 1909 1906; x_wconf 72' lang='lat' dir='ltr'><strong>festum.</strong></span> <span class='ocrx_word' id='word_1_188' title='bbox 1934 1836 2095 1888; x_wconf 84' lang='lat' dir='ltr'><strong>medio</strong></span> <span class='ocrx_word' id='word_1_189' title='bbox 2117 1849 2279 1906; x_wconf 61' lang='lat' dir='ltr'><strong>mense</strong></span> <span class='ocrx_word' id='word_1_190' title='bbox 2302 1834 2451 1906; x_wconf 4' lang='lat' dir='ltr'><strong>qunio</strong></span> <span class='ocrx_word' id='word_1_191' title='bbox 2482 1837 3203 1906; x_wconf 68' lang='lat' dir='ltr'><strong>celebrandum,scripseratad</strong></span> <span class='ocrx_word' id='word_1_192' title='bbox 3232 1839 3486 1906; x_wconf 72' lang='lat' dir='ltr'><strong>Eusebium</strong></span> <span class='ocrx_word' id='word_1_193' title='bbox 3520 1856 3607 1906; x_wconf 71' lang='lat' dir='ltr'><strong>per</strong></span> 
     </span>
    </p>
   </div>
   <div class='ocr_carea' id='block_1_31' title="bbox 430 1897 3611 1963">
    <p class='ocr_par' dir='ltr' id='par_1_31' title="bbox 430 1897 3611 1963">
     <span class='ocr_line' id='line_1_31' title="bbox 430 1897 3611 1963; baseline 0.004 -19"><span class='ocrx_word' id='word_1_194' title='bbox 430 1898 813 1963; x_wconf 52' lang='lat' dir='ltr'><strong>Theophrastum</strong></span> <span class='ocrx_word' id='word_1_195' title='bbox 831 1897 1104 1963; x_wconf 65' lang='lat' dir='ltr'><strong>diaconum.</strong></span> <span class='ocrx_word' id='word_1_196' title='bbox 1131 1900 1231 1957; x_wconf 88' lang='lat' dir='ltr'><strong>Quo</strong></span> <span class='ocrx_word' id='word_1_197' title='bbox 1250 1906 1440 1963; x_wconf 73' lang='lat' dir='ltr'><strong>mortuo</strong></span> <span class='ocrx_word' id='word_1_198' title='bbox 1464 1897 1801 1963; x_wconf 70' lang='lat' dir='ltr'><strong>anteperta&#39;tas</strong></span> <span class='ocrx_word' id='word_1_199' title='bbox 1824 1898 2024 1959; x_wconf 77' lang='lat' dir='ltr'><strong>litteras,</strong></span> <span class='ocrx_word' id='word_1_200' title='bbox 2064 1912 2172 1948; x_wconf 90' lang='lat' dir='ltr'><strong>cum</strong></span> <span class='ocrx_word' id='word_1_201' title='bbox 2198 1897 2405 1963; x_wconf 59' lang='lat' dir='ltr'><strong>diestan</strong></span> <span class='ocrx_word' id='word_1_202' title='bbox 2426 1912 2508 1947; x_wconf 86' lang='lat' dir='ltr'><strong>um</strong></span> <span class='ocrx_word' id='word_1_203' title='bbox 2541 1897 3083 1963; x_wconf 65' lang='lat' dir='ltr'><strong>trigintasupereSseut,</strong></span> <span class='ocrx_word' id='word_1_204' title='bbox 3113 1902 3297 1954; x_wconf 76' lang='lat' dir='ltr'><strong>litteras</strong></span> <span class='ocrx_word' id='word_1_205' title='bbox 3328 1902 3438 1954; x_wconf 71' lang='grc' dir='ltr'>ίίἰαε</span> <span class='ocrx_word' id='word_1_206' title='bbox 3480 1897 3611 1959; x_wconf 70' lang='lat' dir='ltr'><strong>misit</strong></span> 
     </span>
    </p>
   </div>
   <div class='ocr_carea' id='block_1_32' title="bbox 425 1951 3611 2037">
    <p class='ocr_par' dir='ltr' id='par_1_32' title="bbox 425 1951 3611 2037">
     <span class='ocr_line' id='line_1_32' title="bbox 425 1951 3611 2037; baseline 0.004 -30"><span class='ocrx_word' id='word_1_207' title='bbox 425 1951 644 2037; x_wconf 52' lang='lat' dir='ltr'><strong>gasitius</strong></span> <span class='ocrx_word' id='word_1_208' title='bbox 670 1958 938 2037; x_wconf 49' lang='lat' dir='ltr'><strong>[gustat/tio,</strong></span> <span class='ocrx_word' id='word_1_209' title='bbox 958 1951 1161 2037; x_wconf 34' lang='lat' dir='ltr'><strong>ut‘cito—</strong></span> <span class='ocrx_word' id='word_1_210' title='bbox 1171 1961 1499 2037; x_wconf 66' lang='lat' dir='ltr'><strong>perferrentur</strong></span> <span class='ocrx_word' id='word_1_211' title='bbox 1525 1951 1600 2009; x_wconf 76' lang='lat' dir='ltr'><strong>ad&#39;</strong></span> <span class='ocrx_word' id='word_1_212' title='bbox 1631 1959 1900 2037; x_wconf 60' lang='lat' dir='ltr'><strong>Eusebium.</strong></span> <span class='ocrx_word' id='word_1_213' title='bbox 1932 1951 2476 2037; x_wconf 53' lang='lat' dir='ltr'><strong>Declarattiusirliusse</strong></span> <span class='ocrx_word' id='word_1_214' title='bbox 2499 1961 2563 2008; x_wconf 81' lang='lat' dir='ltr'><strong>ad</strong></span> <span class='ocrx_word' id='word_1_215' title='bbox 2588 1951 2712 2037; x_wconf 58' lang='lat' dir='ltr'><strong>[iuno</strong></span> <span class='ocrx_word' id='word_1_216' title='bbox 2738 1951 2892 2037; x_wconf 61' lang='lat' dir='ltr'><strong>locum</strong></span> <span class='ocrx_word' id='word_1_217' title='bbox 2914 1951 2964 2037; x_wconf 68' lang='lat' dir='ltr'><strong>et</strong></span> <span class='ocrx_word' id='word_1_218' title='bbox 2981 1951 3111 2032; x_wconf 63' lang='lat' dir='ltr'><strong>diem</strong></span> <span class='ocrx_word' id='word_1_219' title='bbox 3138 1951 3488 2026; x_wconf 28' lang='lat' dir='ltr'><strong>uenturum—si—</strong></span> 
     </span>
    </p>
   </div>
   <div class='ocr_carea' id='block_1_33' title="bbox 419 2019 3094 2087">
    <p class='ocr_par' dir='ltr' id='par_1_33' title="bbox 419 2019 3094 2087">
     <span class='ocr_line' id='line_1_33' title="bbox 419 2019 3094 2087; baseline 0.001 -17"><span class='ocrx_word' id='word_1_220' title='bbox 419 2019 569 2070; x_wconf 80' lang='lat' dir='ltr'><strong>etiam</strong></span> <span class='ocrx_word' id='word_1_221' title='bbox 592 2019 747 2070; x_wconf 82' lang='lat' dir='ltr'><strong>veniat</strong></span> <span class='ocrx_word' id='word_1_222' title='bbox 768 2019 1029 2072; x_wconf 78' lang='lat' dir='ltr'><strong>Eusebius:</strong></span> <span class='ocrx_word' id='word_1_223' title='bbox 1054 2019 1188 2071; x_wconf 74' lang='lat' dir='ltr'><strong>set-us</strong></span> <span class='ocrx_word' id='word_1_224' title='bbox 1216 2019 1345 2082; x_wconf 77' lang='lat' dir='ltr'><strong>vero,</strong></span> <span class='ocrx_word' id='word_1_225' title='bbox 1368 2035 1667 2086; x_wconf 82' lang='lat' dir='ltr'><strong>nequaquam</strong></span> <span class='ocrx_word' id='word_1_226' title='bbox 1688 2022 1887 2083; x_wconf 80' lang='lat' dir='ltr'><strong>iturum,</strong></span> <span class='ocrx_word' id='word_1_227' title='bbox 1910 2021 1996 2073; x_wconf 74' lang='lat' dir='ltr'><strong>sed</strong></span> <span class='ocrx_word' id='word_1_228' title='bbox 2018 2020 2178 2087; x_wconf 77' lang='lat' dir='ltr'><strong>potius</strong></span> <span class='ocrx_word' id='word_1_229' title='bbox 2200 2019 2531 2083; x_wconf 77' lang='lat' dir='ltr'><strong>profecturum</strong></span> <span class='ocrx_word' id='word_1_230' title='bbox 2551 2022 2615 2071; x_wconf 81' lang='lat' dir='ltr'><strong>ad</strong></span> <span class='ocrx_word' id='word_1_231' title='bbox 2640 2020 2795 2086; x_wconf 85' lang='lat' dir='ltr'><strong>ipsum</strong></span> <span class='ocrx_word' id='word_1_232' title='bbox 2822 2023 3094 2074; x_wconf 80' lang='lat' dir='ltr'><strong>Eusebium.</strong></span> 
     </span>
    </p>
   </div>
   <div class='ocr_carea' id='block_1_34' title="bbox 608 2130 1683 2201">
    <p class='ocr_par' dir='ltr' id='par_1_34' title="bbox 608 2130 1683 2201">
     <span class='ocr_line' id='line_1_34' title="bbox 608 2130 1683 2201; baseline 0.003 -18"><span class='ocrx_word' id='word_1_233' title='bbox 608 2130 898 2193; x_wconf 79' lang='grc' dir='ltr'>Εὐσεϐίῳ,</span> <span class='ocrx_word' id='word_1_234' title='bbox 945 2131 1256 2196; x_wconf 76' lang='grc' dir='ltr'>ἑπισκόπῳ</span> <span class='ocrx_word' id='word_1_235' title='bbox 1300 2132 1683 2201; x_wconf 74' lang='grc' dir='ltr'>Σαμοσάτων.</span> 
     </span>
    </p>
   </div>
   <div class='ocr_carea' id='block_1_35' title="bbox 433 2240 1933 2316">
    <p class='ocr_par' dir='ltr' id='par_1_35' title="bbox 433 2240 1933 2316">
     <span class='ocr_line' id='line_1_35' title="bbox 433 2240 1933 2316; baseline 0.003 -23"><span class='ocrx_word' id='word_1_236' title='bbox 433 2240 610 2294; x_wconf 73' lang='grc' dir='ltr'>Πάλαι</span> <span class='ocrx_word' id='word_1_237' title='bbox 662 2242 971 2305; x_wconf 76' lang='grc' dir='ltr'>ἐπιστείλας</span> <span class='ocrx_word' id='word_1_238' title='bbox 1002 2245 1067 2315; x_wconf 85' lang='grc' dir='ltr'>τῇ</span> <span class='ocrx_word' id='word_1_239' title='bbox 1127 2242 1402 2316; x_wconf 75' lang='grc' dir='ltr'>θεοσεϐείᾳ</span> <span class='ocrx_word' id='word_1_240' title='bbox 1437 2262 1529 2297; x_wconf 88' lang='grc' dir='ltr'><strong>σου</strong></span> <span class='ocrx_word' id='word_1_241' title='bbox 1569 2244 1743 2298; x_wconf 82' lang='grc' dir='ltr'>ἄλλων</span> <span class='ocrx_word' id='word_1_242' title='bbox 1768 2245 1826 2297; x_wconf 82' lang='grc' dir='ltr'><em>τέ</em></span> <span class='ocrx_word' id='word_1_243' title='bbox 1851 2261 1933 2298; x_wconf 83' lang='grc' dir='ltr'>τι·</span> 
     </span>
    </p>
   </div>
   <div class='ocr_carea' id='block_1_36' title="bbox 353 2333 1932 2407">
    <p class='ocr_par' dir='ltr' id='par_1_36' title="bbox 353 2333 1932 2407">
     <span class='ocr_line' id='line_1_36' title="bbox 353 2333 1932 2407; baseline 0.003 -23"><span class='ocrx_word' id='word_1_244' title='bbox 353 2350 467 2385; x_wconf 81' lang='grc' dir='ltr'><strong>νων</strong></span> <span class='ocrx_word' id='word_1_245' title='bbox 506 2333 692 2386; x_wconf 74' lang='grc' dir='ltr'>ἕνεκεν</span> <span class='ocrx_word' id='word_1_246' title='bbox 741 2335 835 2387; x_wconf 71' lang='grc' dir='ltr'><strong>καὶ</strong></span> <span class='ocrx_word' id='word_1_247' title='bbox 868 2335 960 2388; x_wconf 79' lang='grc' dir='ltr'>τοῦ</span> <span class='ocrx_word' id='word_1_248' title='bbox 1013 2339 1295 2406; x_wconf 81' lang='grc' dir='ltr'>συντυχεῖν</span> <span class='ocrx_word' id='word_1_249' title='bbox 1346 2338 1493 2407; x_wconf 75' lang='grc' dir='ltr'>ἡμᾶς</span> <span class='ocrx_word' id='word_1_250' title='bbox 1540 2336 1810 2407; x_wconf 82' lang='grc' dir='ltr'>ἀλλήλοις,</span> <span class='ocrx_word' id='word_1_251' title='bbox 1852 2336 1932 2389; x_wconf 83' lang='grc' dir='ltr'>δι-</span> 
     </span>
    </p>
   </div>
   <div class='ocr_carea' id='block_1_37' title="bbox 353 2428 1933 2501">
    <p class='ocr_par' dir='ltr' id='par_1_37' title="bbox 353 2428 1933 2501">
     <span class='ocr_line' id='line_1_37' title="bbox 353 2428 1933 2501; baseline 0.002 -21"><span class='ocrx_word' id='word_1_252' title='bbox 353 2429 608 2500; x_wconf 83' lang='grc' dir='ltr'>ήμαρτον</span> <span class='ocrx_word' id='word_1_253' title='bbox 654 2428 752 2498; x_wconf 79' lang='grc' dir='ltr'>τῆς</span> <span class='ocrx_word' id='word_1_254' title='bbox 777 2428 1007 2492; x_wconf 80' lang='grc' dir='ltr'>ἐλπίδος.</span> <span class='ocrx_word' id='word_1_255' title='bbox 1040 2431 1138 2482; x_wconf 75' lang='grc' dir='ltr'><strong>οὐκ</strong></span> <span class='ocrx_word' id='word_1_256' title='bbox 1170 2430 1516 2499; x_wconf 82' lang='grc' dir='ltr'>ἀφικομένων</span> <span class='ocrx_word' id='word_1_257' title='bbox 1542 2429 1647 2483; x_wconf 88' lang='grc' dir='ltr'><strong>τῶν</strong></span> <span class='ocrx_word' id='word_1_258' title='bbox 1672 2428 1933 2501; x_wconf 77' lang='grc' dir='ltr'>γραμμά-</span> 
     </span>
    </p>
   </div>
   <div class='ocr_carea' id='block_1_38' title="bbox 353 2521 1933 2594">
    <p class='ocr_par' dir='ltr' id='par_1_38' title="bbox 353 2521 1933 2594">
     <span class='ocr_line' id='line_1_38' title="bbox 353 2521 1933 2594; baseline 0.002 -22"><span class='ocrx_word' id='word_1_259' title='bbox 353 2537 466 2572; x_wconf 85' lang='grc' dir='ltr'><strong>των</strong></span> <span class='ocrx_word' id='word_1_260' title='bbox 498 2521 578 2583; x_wconf 81' lang='grc' dir='ltr'><strong>είς</strong></span> <span class='ocrx_word' id='word_1_261' title='bbox 606 2521 704 2583; x_wconf 72' lang='grc' dir='ltr'><strong>τὰς</strong></span> <span class='ocrx_word' id='word_1_262' title='bbox 739 2525 927 2592; x_wconf 84' lang='grc' dir='ltr'>χεῖρας</span> <span class='ocrx_word' id='word_1_263' title='bbox 971 2522 1068 2592; x_wconf 79' lang='grc' dir='ltr'><strong>τῆς</strong></span> <span class='ocrx_word' id='word_1_264' title='bbox 1111 2523 1209 2592; x_wconf 85' lang='grc' dir='ltr'>σῆς</span> <span class='ocrx_word' id='word_1_265' title='bbox 1256 2523 1582 2594; x_wconf 76' lang='grc' dir='ltr'>τιμιότητος,</span> <span class='ocrx_word' id='word_1_266' title='bbox 1618 2522 1712 2575; x_wconf 79' lang='grc' dir='ltr'>τοῦ</span> <span class='ocrx_word' id='word_1_267' title='bbox 1756 2539 1933 2592; x_wconf 86' lang='grc' dir='ltr'>μακα-</span> 
     </span>
    </p>
   </div>
   <div class='ocr_carea' id='block_1_39' title="bbox 358 2611 1932 2684">
    <p class='ocr_par' dir='ltr' id='par_1_39' title="bbox 358 2611 1932 2684">
     <span class='ocr_line' id='line_1_39' title="bbox 358 2611 1932 2684; baseline 0.003 -20"><span class='ocrx_word' id='word_1_268' title='bbox 358 2611 478 2681; x_wconf 81' lang='grc' dir='ltr'>ρίου</span> <span class='ocrx_word' id='word_1_269' title='bbox 517 2611 765 2665; x_wconf 84' lang='grc' dir='ltr'>διακόνου</span> <span class='ocrx_word' id='word_1_270' title='bbox 804 2612 1149 2682; x_wconf 74' lang='grc' dir='ltr'>Θεοφράστου</span> <span class='ocrx_word' id='word_1_271' title='bbox 1183 2612 1475 2684; x_wconf 72' lang='grc' dir='ltr'>δεξαμένου</span> <span class='ocrx_word' id='word_1_272' title='bbox 1508 2614 1605 2683; x_wconf 80' lang='grc' dir='ltr'><strong>μὲν</strong></span> <span class='ocrx_word' id='word_1_273' title='bbox 1650 2614 1720 2667; x_wconf 78' lang='grc' dir='ltr'><strong>τὰ</strong></span> <span class='ocrx_word' id='word_1_274' title='bbox 1753 2613 1932 2684; x_wconf 80' lang='grc' dir='ltr'>γράμ-</span> 
     </span>
    </p>
   </div>
   <div class='ocr_carea' id='block_1_40' title="bbox 358 2702 1932 2773">
    <p class='ocr_par' dir='ltr' id='par_1_40' title="bbox 358 2702 1932 2773">
     <span class='ocr_line' id='line_1_40' title="bbox 358 2702 1932 2773; baseline -0.001 -18"><span class='ocrx_word' id='word_1_275' title='bbox 358 2720 508 2773; x_wconf 85' lang='grc' dir='ltr'>ματα</span> <span class='ocrx_word' id='word_1_276' title='bbox 546 2703 705 2772; x_wconf 76' lang='grc' dir='ltr'>ἡμῶν</span> <span class='ocrx_word' id='word_1_277' title='bbox 738 2703 829 2754; x_wconf 77' lang='grc' dir='ltr'><strong>ἐπί</strong></span> <span class='ocrx_word' id='word_1_278' title='bbox 876 2719 997 2755; x_wconf 88' lang='grc' dir='ltr'>τινα</span> <span class='ocrx_word' id='word_1_279' title='bbox 1056 2702 1358 2772; x_wconf 86' lang='grc' dir='ltr'>περιοδείαν</span> <span class='ocrx_word' id='word_1_280' title='bbox 1390 2703 1699 2770; x_wconf 81' lang='grc' dir='ltr'>ἀναγκαίως</span> <span class='ocrx_word' id='word_1_281' title='bbox 1731 2702 1932 2773; x_wconf 87' lang='grc' dir='ltr'>ἀποδη-</span> 
     </span>
    </p>
   </div>
   <div class='ocr_carea' id='block_1_41' title="bbox 357 2777 1932 2866">
    <p class='ocr_par' dir='ltr' id='par_1_41' title="bbox 357 2777 1932 2866">
     <span class='ocr_line' id='line_1_41' title="bbox 357 2777 1932 2866; baseline -0.002 -19"><span class='ocrx_word' id='word_1_282' title='bbox 357 2793 608 2866; x_wconf 82' lang='grc' dir='ltr'>μούντων</span> <span class='ocrx_word' id='word_1_283' title='bbox 635 2793 768 2864; x_wconf 87' lang='grc'>(68),</span> <span class='ocrx_word' id='word_1_284' title='bbox 820 2793 892 2864; x_wconf 84' lang='grc' dir='ltr'>μὴ</span> <span class='ocrx_word' id='word_1_285' title='bbox 954 2777 1401 2863; x_wconf 66' lang='grc' dir='ltr'>διαπεμψαμένου</span> <span class='ocrx_word' id='word_1_286' title='bbox 1452 2794 1507 2846; x_wconf 85' lang='grc' dir='ltr'>δὲ</span> <span class='ocrx_word' id='word_1_287' title='bbox 1541 2796 1606 2864; x_wconf 86' lang='grc' dir='ltr'>τῇ</span> <span class='ocrx_word' id='word_1_288' title='bbox 1656 2793 1932 2864; x_wconf 71' lang='grc' dir='ltr'>θεοσεϐείᾳ</span> 
     </span>
    </p>
   </div>
   <div class='ocr_carea' id='block_1_42' title="bbox 357 2881 1933 2957">
    <p class='ocr_par' dir='ltr' id='par_1_42' title="bbox 357 2881 1933 2957">
     <span class='ocr_line' id='line_1_42' title="bbox 357 2881 1933 2957; baseline 0 -19"><span class='ocrx_word' id='word_1_289' title='bbox 357 2904 476 2950; x_wconf 89' lang='grc' dir='ltr'>σου,</span> <span class='ocrx_word' id='word_1_290' title='bbox 506 2887 586 2956; x_wconf 80' lang='grc' dir='ltr'>τῷ</span> <span class='ocrx_word' id='word_1_291' title='bbox 637 2886 1154 2957; x_wconf 72' lang='grc' dir='ltr'>προκαταληφθῆναι</span> <span class='ocrx_word' id='word_1_292' title='bbox 1192 2888 1257 2956; x_wconf 84' lang='grc' dir='ltr'>τῇ</span> <span class='ocrx_word' id='word_1_293' title='bbox 1301 2885 1581 2956; x_wconf 55' lang='grc' dir='ltr'>ἀρρωστία</span> <span class='ocrx_word' id='word_1_294' title='bbox 1607 2887 1694 2954; x_wconf 82' lang='grc' dir='ltr'>ὑφ’</span> <span class='ocrx_word' id='word_1_295' title='bbox 1718 2881 1785 2956; x_wconf 80' lang='grc' dir='ltr'>ἧς</span> <span class='ocrx_word' id='word_1_296' title='bbox 1816 2888 1933 2939; x_wconf 85' lang='grc' dir='ltr'>ἐτε-</span> 
     </span>
    </p>
   </div>
   <div class='ocr_carea' id='block_1_43' title="bbox 353 2974 1930 3049">
    <p class='ocr_par' dir='ltr' id='par_1_43' title="bbox 353 2974 1930 3049">
     <span class='ocr_line' id='line_1_43' title="bbox 353 2974 1930 3049; baseline -0.001 -16"><span class='ocrx_word' id='word_1_297' title='bbox 353 2977 640 3049; x_wconf 82' lang='grc' dir='ltr'>λεύτησεν.</span> <span class='ocrx_word' id='word_1_298' title='bbox 679 2977 841 3030; x_wconf 82' lang='grc' dir='ltr'>Ὅθεν</span> <span class='ocrx_word' id='word_1_299' title='bbox 874 2978 1124 3031; x_wconf 81' lang='grc' dir='ltr'>τοσοῦτον</span> <span class='ocrx_word' id='word_1_300' title='bbox 1174 2976 1395 3049; x_wconf 77' lang='grc' dir='ltr'>ὕστερος</span> <span class='ocrx_word' id='word_1_301' title='bbox 1426 2974 1585 3048; x_wconf 83' lang='grc' dir='ltr'>ἦλθον</span> <span class='ocrx_word' id='word_1_302' title='bbox 1618 2977 1711 3030; x_wconf 81' lang='grc' dir='ltr'>τοῦ</span> <span class='ocrx_word' id='word_1_303' title='bbox 1740 2977 1930 3048; x_wconf 79' lang='grc' dir='ltr'>καιροῦ</span> 
     </span>
    </p>
   </div>
   <div class='ocr_carea' id='block_1_44' title="bbox 354 3068 1931 3141">
    <p class='ocr_par' dir='ltr' id='par_1_44' title="bbox 354 3068 1931 3141">
     <span class='ocr_line' id='line_1_44' title="bbox 354 3068 1931 3141; baseline 0 -18"><span class='ocrx_word' id='word_1_304' title='bbox 354 3068 496 3141; x_wconf 81' lang='grc' dir='ltr'>πρὸς</span> <span class='ocrx_word' id='word_1_305' title='bbox 525 3070 586 3122; x_wconf 84' lang='grc' dir='ltr'><strong>τὸ</strong></span> <span class='ocrx_word' id='word_1_306' title='bbox 635 3070 886 3140; x_wconf 78' lang='grc' dir='ltr'>γράφειν,</span> <span class='ocrx_word' id='word_1_307' title='bbox 944 3069 1083 3121; x_wconf 83' lang='grc' dir='ltr'>ὥστε</span> <span class='ocrx_word' id='word_1_308' title='bbox 1133 3070 1267 3140; x_wconf 81' lang='grc' dir='ltr'>μηδὲ</span> <span class='ocrx_word' id='word_1_309' title='bbox 1292 3069 1482 3137; x_wconf 76' lang='grc' dir='ltr'>ὄφελός</span> <span class='ocrx_word' id='word_1_310' title='bbox 1514 3087 1566 3121; x_wconf 87' lang='grc' dir='ltr'><strong>τι</strong></span> <span class='ocrx_word' id='word_1_311' title='bbox 1598 3070 1836 3135; x_wconf 77' lang='grc' dir='ltr'>ἐλπίζειν</span> <span class='ocrx_word' id='word_1_312' title='bbox 1868 3072 1931 3127; x_wconf 80' lang='grc' dir='ltr'><strong>ἐκ</strong></span> 
     </span>
    </p>
   </div>
   <div class='ocr_carea' id='block_1_45' title="bbox 352 3160 1931 3232">
    <p class='ocr_par' dir='ltr' id='par_1_45' title="bbox 352 3160 1931 3232">
     <span class='ocr_line' id='line_1_45' title="bbox 352 3160 1931 3232; baseline -0.001 -18"><span class='ocrx_word' id='word_1_313' title='bbox 352 3162 455 3232; x_wconf 81' lang='grc' dir='ltr'><strong>τῆς</strong></span> <span class='ocrx_word' id='word_1_314' title='bbox 478 3162 766 3232; x_wconf 74' lang='grc' dir='ltr'>ἐπιπολῆς</span> <span class='ocrx_word' id='word_1_315' title='bbox 818 3161 1034 3217; x_wconf 78' lang='grc' dir='ltr'>ἔσεσθαι</span> <span class='ocrx_word' id='word_1_316' title='bbox 1069 3160 1292 3232; x_wconf 82' lang='grc' dir='ltr'>ταύτης,</span> <span class='ocrx_word' id='word_1_317' title='bbox 1325 3164 1405 3223; x_wconf 87' lang='grc' dir='ltr'><strong>είς</strong></span> <span class='ocrx_word' id='word_1_318' title='bbox 1433 3162 1614 3214; x_wconf 72' lang='grc' dir='ltr'>στενὸν</span> <span class='ocrx_word' id='word_1_319' title='bbox 1651 3161 1931 3225; x_wconf 84' lang='grc' dir='ltr'>παντελῶς</span> 
     </span>
    </p>
   </div>
   <div class='ocr_carea' id='block_1_46' title="bbox 356 3250 1931 3322">
    <p class='ocr_par' dir='ltr' id='par_1_46' title="bbox 356 3250 1931 3322">
     <span class='ocr_line' id='line_1_46' title="bbox 356 3250 1931 3322; baseline -0.004 -13"><span class='ocrx_word' id='word_1_320' title='bbox 356 3251 844 3314; x_wconf 79' lang='grc' dir='ltr'>κατακλεισθέντος</span> <span class='ocrx_word' id='word_1_321' title='bbox 898 3250 993 3304; x_wconf 81' lang='grc' dir='ltr'>τοῦ</span> <span class='ocrx_word' id='word_1_322' title='bbox 1046 3251 1255 3322; x_wconf 85' lang='grc' dir='ltr'>χρόνου.</span> <span class='ocrx_word' id='word_1_323' title='bbox 1326 3251 1383 3304; x_wconf 76' lang='grc' dir='ltr'><strong>Ὀ</strong></span> <span class='ocrx_word' id='word_1_324' title='bbox 1422 3253 1527 3322; x_wconf 76' lang='grc' dir='ltr'><strong>γάρ</strong></span> <span class='ocrx_word' id='word_1_325' title='bbox 1573 3269 1653 3305; x_wconf 89' lang='grc' dir='ltr'><strong>τοι</strong></span> <span class='ocrx_word' id='word_1_326' title='bbox 1700 3250 1931 3320; x_wconf 77' lang='grc' dir='ltr'>θεοφιλέ-</span> 
     </span>
    </p>
   </div>
   <div class='ocr_carea' id='block_1_47' title="bbox 354 3342 1930 3409">
    <p class='ocr_par' dir='ltr' id='par_1_47' title="bbox 354 3342 1930 3409">
     <span class='ocr_line' id='line_1_47' title="bbox 354 3342 1930 3409; baseline 0 -15"><span class='ocrx_word' id='word_1_327' title='bbox 354 3359 548 3407; x_wconf 84' lang='grc' dir='ltr'>στατος</span> <span class='ocrx_word' id='word_1_328' title='bbox 576 3344 869 3408; x_wconf 73' lang='grc' dir='ltr'>ἐπίσκοπος</span> <span class='ocrx_word' id='word_1_329' title='bbox 922 3344 1181 3408; x_wconf 78' lang='grc' dir='ltr'>Μελέτιος</span> <span class='ocrx_word' id='word_1_330' title='bbox 1224 3345 1318 3397; x_wconf 72' lang='grc' dir='ltr'>καὶ</span> <span class='ocrx_word' id='word_1_331' title='bbox 1364 3344 1617 3407; x_wconf 85' lang='grc' dir='ltr'>Θεόδοτος</span> <span class='ocrx_word' id='word_1_332' title='bbox 1662 3342 1930 3409; x_wconf 78' lang='grc' dir='ltr'>ἐπέταξαν</span> 
     </span>
    </p>
   </div>
   <div class='ocr_carea' id='block_1_48' title="bbox 348 3414 1925 3507">
    <p class='ocr_par' dir='ltr' id='par_1_48' title="bbox 348 3414 1925 3507">
     <span class='ocr_line' id='line_1_48' title="bbox 348 3414 1925 3507; baseline -0.001 -18"><span class='ocrx_word' id='word_1_333' title='bbox 348 3437 482 3505; x_wconf 79' lang='grc' dir='ltr'>ἡμῖν</span> <span class='ocrx_word' id='word_1_334' title='bbox 507 3435 643 3506; x_wconf 80' lang='grc' dir='ltr'>πρὸς</span> <span class='ocrx_word' id='word_1_335' title='bbox 666 3436 860 3498; x_wconf 77' lang='grc' dir='ltr'>αὐτοὺς</span> <span class='ocrx_word' id='word_1_336' title='bbox 880 3436 1144 3507; x_wconf 78' lang='grc' dir='ltr'>διαϐῆναι,</span> <span class='ocrx_word' id='word_1_337' title='bbox 1179 3438 1399 3506; x_wconf 76' lang='grc' dir='ltr'>ἀγάπης</span> <span class='ocrx_word' id='word_1_338' title='bbox 1426 3454 1483 3488; x_wconf 88' lang='grc' dir='ltr'><strong>τε</strong></span> <span class='ocrx_word' id='word_1_339' title='bbox 1512 3414 1809 3506; x_wconf 51' lang='grc' dir='ltr'>’ἐπίδειγμα</span> <span class='ocrx_word' id='word_1_340' title='bbox 1828 3434 1925 3506; x_wconf 82' lang='grc' dir='ltr'><strong>τὴν</strong></span> 
     </span>
    </p>
   </div>
   <div class='ocr_carea' id='block_1_49' title="bbox 350 3525 1920 3596">
    <p class='ocr_par' dir='ltr' id='par_1_49' title="bbox 350 3525 1920 3596">
     <span class='ocr_line' id='line_1_49' title="bbox 350 3525 1920 3596; baseline 0 -17"><span class='ocrx_word' id='word_1_341' title='bbox 350 3529 642 3596; x_wconf 85' lang='grc' dir='ltr'>συντυχίαν</span> <span class='ocrx_word' id='word_1_342' title='bbox 691 3526 1026 3596; x_wconf 80' lang='grc' dir='ltr'>ποιούμενοι,</span> <span class='ocrx_word' id='word_1_343' title='bbox 1079 3528 1171 3581; x_wconf 88' lang='grc' dir='ltr'><strong>καί</strong></span> <span class='ocrx_word' id='word_1_344' title='bbox 1210 3545 1330 3580; x_wconf 88' lang='grc' dir='ltr'>τινα</span> <span class='ocrx_word' id='word_1_345' title='bbox 1369 3527 1463 3581; x_wconf 76' lang='grc' dir='ltr'>καὶ</span> <span class='ocrx_word' id='word_1_346' title='bbox 1501 3526 1781 3596; x_wconf 85' lang='grc' dir='ltr'>διόρθωσιν</span> <span class='ocrx_word' id='word_1_347' title='bbox 1811 3525 1920 3595; x_wconf 85' lang='lat'><strong>(69)</strong></span> 
     </span>
    </p>
   </div>
   <div class='ocr_carea' id='block_1_50' title="bbox 348 3617 1921 3693">
    <p class='ocr_par' dir='ltr' id='par_1_50' title="bbox 348 3617 1921 3693">
     <span class='ocr_line' id='line_1_50' title="bbox 348 3617 1921 3693; baseline -0.003 -20"><span class='ocrx_word' id='word_1_348' title='bbox 348 3622 605 3684; x_wconf 74' lang='grc' dir='ltr'>γενέσθαι</span> <span class='ocrx_word' id='word_1_349' title='bbox 628 3622 733 3675; x_wconf 84' lang='grc' dir='ltr'><strong>τῶν</strong></span> <span class='ocrx_word' id='word_1_350' title='bbox 766 3622 859 3674; x_wconf 78' lang='grc' dir='ltr'>νῦν</span> <span class='ocrx_word' id='word_1_351' title='bbox 916 3620 1382 3693; x_wconf 80' lang='grc' dir='ltr'>παραλυπούντων</span> <span class='ocrx_word' id='word_1_352' title='bbox 1414 3617 1747 3688; x_wconf 82' lang='grc' dir='ltr'>βουλόμενοι.</span> <span class='ocrx_word' id='word_1_353' title='bbox 1788 3617 1921 3668; x_wconf 83' lang='grc' dir='ltr'><strong>Ἀπ-</strong></span> 
     </span>
    </p>
   </div>
   <div class='ocr_carea' id='block_1_51' title="bbox 350 3707 1926 3785">
    <p class='ocr_par' dir='ltr' id='par_1_51' title="bbox 350 3707 1926 3785">
     <span class='ocr_line' id='line_1_51' title="bbox 350 3707 1926 3785; baseline -0.004 -20"><span class='ocrx_word' id='word_1_354' title='bbox 350 3709 557 3775; x_wconf 74' lang='grc' dir='ltr'>έδειξάν</span> <span class='ocrx_word' id='word_1_355' title='bbox 608 3731 666 3767; x_wconf 81' lang='grc' dir='ltr'><strong>τε</strong></span> <span class='ocrx_word' id='word_1_356' title='bbox 715 3716 846 3783; x_wconf 85' lang='grc' dir='ltr'>ἡμῖν</span> <span class='ocrx_word' id='word_1_357' title='bbox 870 3713 1060 3785; x_wconf 84' lang='grc' dir='ltr'>χρόνον</span> <span class='ocrx_word' id='word_1_358' title='bbox 1094 3713 1191 3782; x_wconf 79' lang='grc' dir='ltr'><strong>μὲν</strong></span> <span class='ocrx_word' id='word_1_359' title='bbox 1229 3712 1327 3780; x_wconf 82' lang='grc' dir='ltr'>τῆς</span> <span class='ocrx_word' id='word_1_360' title='bbox 1368 3709 1655 3779; x_wconf 83' lang='grc' dir='ltr'>συντυχίας</span> <span class='ocrx_word' id='word_1_361' title='bbox 1688 3707 1758 3761; x_wconf 76' lang='grc' dir='ltr'>τὰ</span> <span class='ocrx_word' id='word_1_362' title='bbox 1785 3708 1926 3778; x_wconf 75' lang='grc' dir='ltr'>μέσα</span> 
     </span>
    </p>
   </div>
   <div class='ocr_carea' id='block_1_52' title="bbox 349 3801 1924 3877">
    <p class='ocr_par' dir='ltr' id='par_1_52' title="bbox 349 3801 1924 3877">
     <span class='ocr_line' id='line_1_52' title="bbox 349 3801 1924 3877; baseline -0.002 -20"><span class='ocrx_word' id='word_1_363' title='bbox 349 3801 447 3857; x_wconf 79' lang='grc' dir='ltr'>τοῦ</span> <span class='ocrx_word' id='word_1_364' title='bbox 510 3807 823 3872; x_wconf 74' lang='grc' dir='ltr'>προσιόντος</span> <span class='ocrx_word' id='word_1_365' title='bbox 883 3807 1051 3877; x_wconf 69' lang='grc' dir='ltr'>μηνὸς</span> <span class='ocrx_word' id='word_1_366' title='bbox 1114 3803 1543 3868; x_wconf 80' lang='grc' dir='ltr'>Ἰουνίου,τόπον</span> <span class='ocrx_word' id='word_1_367' title='bbox 1588 3804 1644 3856; x_wconf 81' lang='grc' dir='ltr'>δὲ</span> <span class='ocrx_word' id='word_1_368' title='bbox 1709 3804 1924 3873; x_wconf 78' lang='grc' dir='ltr'>Φαργα-</span> 
     </span>
    </p>
   </div>
   <div class='ocr_carea' id='block_1_53' title="bbox 353 3892 1926 3967">
    <p class='ocr_par' dir='ltr' id='par_1_53' title="bbox 353 3892 1926 3967">
     <span class='ocr_line' id='line_1_53' title="bbox 353 3892 1926 3967; baseline 0 -22"><span class='ocrx_word' id='word_1_369' title='bbox 353 3892 491 3966; x_wconf 66' lang='grc' dir='ltr'>μτοῦν</span> <span class='ocrx_word' id='word_1_370' title='bbox 527 3894 639 3964; x_wconf 78' lang='lat'><strong>(70)</strong></span> <span class='ocrx_word' id='word_1_371' title='bbox 678 3897 738 3948; x_wconf 77' lang='grc' dir='ltr'><strong>τὸ</strong></span> <span class='ocrx_word' id='word_1_372' title='bbox 781 3898 998 3967; x_wconf 82' lang='grc' dir='ltr'>χωρίον,</span> <span class='ocrx_word' id='word_1_373' title='bbox 1041 3897 1312 3967; x_wconf 78' lang='grc' dir='ltr'>ἐπίσημον</span> <span class='ocrx_word' id='word_1_374' title='bbox 1360 3893 1650 3965; x_wconf 81' lang='grc' dir='ltr'>μαρτύρων</span> <span class='ocrx_word' id='word_1_375' title='bbox 1699 3908 1926 3963; x_wconf 71' lang='grc' dir='ltr'>περιφα-</span> 
     </span>
    </p>
   </div>
   <div class='ocr_carea' id='block_1_54' title="bbox 348 3983 1923 4058">
    <p class='ocr_par' dir='ltr' id='par_1_54' title="bbox 348 3983 1923 4058">
     <span class='ocr_line' id='line_1_54' title="bbox 348 3983 1923 4058; baseline -0.002 -20"><span class='ocrx_word' id='word_1_376' title='bbox 348 3984 469 4055; x_wconf 56' lang='lat' dir='ltr'><strong>vel;</strong></span> <span class='ocrx_word' id='word_1_377' title='bbox 519 3986 629 4055; x_wconf 83' lang='lat'><strong>(7|)</strong></span> <span class='ocrx_word' id='word_1_378' title='bbox 684 3988 778 4039; x_wconf 74' lang='grc' dir='ltr'><strong>καὶ</strong></span> <span class='ocrx_word' id='word_1_379' title='bbox 815 3987 1238 4058; x_wconf 63' lang='grc' dir='ltr'>πολυανθρωπίᾳ</span> <span class='ocrx_word' id='word_1_380' title='bbox 1276 3986 1494 4039; x_wconf 83' lang='grc' dir='ltr'>συνόδου</span> <span class='ocrx_word' id='word_1_381' title='bbox 1513 3985 1610 4055; x_wconf 84' lang='grc' dir='ltr'>τῆς</span> <span class='ocrx_word' id='word_1_382' title='bbox 1640 3985 1781 4036; x_wconf 85' lang='grc' dir='ltr'>κατὰ</span> <span class='ocrx_word' id='word_1_383' title='bbox 1805 3983 1923 4046; x_wconf 80' lang='grc' dir='ltr'>ἔτος</span> 
     </span>
    </p>
   </div>
   <div class='ocr_carea' id='block_1_55' title="bbox 347 4075 1919 4149">
    <p class='ocr_par' dir='ltr' id='par_1_55' title="bbox 347 4075 1919 4149">
     <span class='ocr_line' id='line_1_55' title="bbox 347 4075 1919 4149; baseline -0.001 -21"><span class='ocrx_word' id='word_1_384' title='bbox 347 4076 581 4130; x_wconf 72' lang='grc' dir='ltr'>ἕκαστον</span> <span class='ocrx_word' id='word_1_385' title='bbox 622 4080 751 4148; x_wconf 82' lang='grc' dir='ltr'>παρ’</span> <span class='ocrx_word' id='word_1_386' title='bbox 788 4080 969 4145; x_wconf 82' lang='grc' dir='ltr'>αὐτοῖς</span> <span class='ocrx_word' id='word_1_387' title='bbox 1001 4079 1354 4149; x_wconf 77' lang='grc' dir='ltr'>τελουμένης.</span> <span class='ocrx_word' id='word_1_388' title='bbox 1407 4079 1555 4131; x_wconf 76' lang='grc' dir='ltr'>Ἐπεὶ</span> <span class='ocrx_word' id='word_1_389' title='bbox 1601 4076 1655 4129; x_wconf 82' lang='grc' dir='ltr'>δὲ</span> <span class='ocrx_word' id='word_1_390' title='bbox 1689 4075 1794 4127; x_wconf 80' lang='grc' dir='ltr'>ἔδει</span> <span class='ocrx_word' id='word_1_391' title='bbox 1830 4093 1919 4145; x_wconf 88' lang='grc' dir='ltr'><strong>με,</strong></span> 
     </span>
    </p>
   </div>
   <div class='ocr_carea' id='block_1_56' title="bbox 348 4163 1920 4240">
    <p class='ocr_par' dir='ltr' id='par_1_56' title="bbox 348 4163 1920 4240">
     <span class='ocr_line' id='line_1_56' title="bbox 348 4163 1920 4240; baseline -0.001 -23"><span class='ocrx_word' id='word_1_392' title='bbox 348 4166 491 4235; x_wconf 62' lang='grc' dir='ltr'>μετὰ</span> <span class='ocrx_word' id='word_1_393' title='bbox 547 4167 646 4237; x_wconf 75' lang='grc' dir='ltr'>τὴν</span> <span class='ocrx_word' id='word_1_394' title='bbox 709 4169 967 4223; x_wconf 71' lang='grc' dir='ltr'>ἐπάνοδον</span> <span class='ocrx_word' id='word_1_395' title='bbox 1043 4168 1283 4239; x_wconf 81' lang='grc' dir='ltr'>μαθόντα</span> <span class='ocrx_word' id='word_1_396' title='bbox 1354 4167 1452 4240; x_wconf 82' lang='grc' dir='ltr'>τὴν</span> <span class='ocrx_word' id='word_1_397' title='bbox 1520 4167 1775 4236; x_wconf 85' lang='grc' dir='ltr'>κοίμησιν</span> <span class='ocrx_word' id='word_1_398' title='bbox 1824 4163 1920 4216; x_wconf 79' lang='grc' dir='ltr'>τοῦ</span> 
     </span>
    </p>
   </div>
   <div class='ocr_carea' id='block_1_57' title="bbox 349 4258 1921 4329">
    <p class='ocr_par' dir='ltr' id='par_1_57' title="bbox 349 4258 1921 4329">
     <span class='ocr_line' id='line_1_57' title="bbox 349 4258 1921 4329; baseline 0.001 -19"><span class='ocrx_word' id='word_1_399' title='bbox 349 4258 622 4328; x_wconf 71' lang='grc' dir='ltr'>μακαρίου</span> <span class='ocrx_word' id='word_1_400' title='bbox 673 4260 939 4321; x_wconf 82' lang='grc' dir='ltr'>διακόνου,</span> <span class='ocrx_word' id='word_1_401' title='bbox 972 4262 1067 4312; x_wconf 77' lang='grc' dir='ltr'><strong>καὶ</strong></span> <span class='ocrx_word' id='word_1_402' title='bbox 1111 4262 1210 4323; x_wconf 73' lang='grc' dir='ltr'>τὰς</span> <span class='ocrx_word' id='word_1_403' title='bbox 1244 4259 1529 4323; x_wconf 74' lang='grc' dir='ltr'>ἐπιστολὰς</span> <span class='ocrx_word' id='word_1_404' title='bbox 1575 4258 1750 4329; x_wconf 79' lang='grc' dir='ltr'>ἀργὰς</span> <span class='ocrx_word' id='word_1_405' title='bbox 1790 4258 1921 4328; x_wconf 86' lang='grc' dir='ltr'>παρ’</span> 
     </span>
    </p>
   </div>
   <div class='ocr_carea' id='block_1_58' title="bbox 346 4349 1920 4422">
    <p class='ocr_par' dir='ltr' id='par_1_58' title="bbox 346 4349 1920 4422">
     <span class='ocr_line' id='line_1_58' title="bbox 346 4349 1920 4422; baseline 0.002 -21"><span class='ocrx_word' id='word_1_406' title='bbox 346 4350 481 4419; x_wconf 79' lang='grc' dir='ltr'>ἡμῖν</span> <span class='ocrx_word' id='word_1_407' title='bbox 506 4349 781 4420; x_wconf 79' lang='grc' dir='ltr'>κειμένας,</span> <span class='ocrx_word' id='word_1_408' title='bbox 806 4352 879 4421; x_wconf 83' lang='grc' dir='ltr'>μὴ</span> <span class='ocrx_word' id='word_1_409' title='bbox 900 4353 1190 4421; x_wconf 73' lang='grc' dir='ltr'>ἡσυχάσαι,</span> <span class='ocrx_word' id='word_1_410' title='bbox 1222 4352 1309 4406; x_wconf 74' lang='grc' dir='ltr'><strong>διὰ</strong></span> <span class='ocrx_word' id='word_1_411' title='bbox 1336 4353 1396 4404; x_wconf 70' lang='grc' dir='ltr'>τὸ</span> <span class='ocrx_word' id='word_1_412' title='bbox 1422 4352 1499 4404; x_wconf 74' lang='grc' dir='ltr'>ἔτι</span> <span class='ocrx_word' id='word_1_413' title='bbox 1538 4351 1748 4422; x_wconf 77' lang='grc' dir='ltr'>ἡμέρας</span> <span class='ocrx_word' id='word_1_414' title='bbox 1789 4353 1920 4421; x_wconf 78' lang='grc' dir='ltr'>ἡμῖν</span> 
     </span>
    </p>
   </div>
   <div class='ocr_carea' id='block_1_59' title="bbox 345 4440 1920 4515">
    <p class='ocr_par' dir='ltr' id='par_1_59' title="bbox 345 4440 1920 4515">
     <span class='ocr_line' id='line_1_59' title="bbox 345 4440 1920 4515; baseline 0.003 -24"><span class='ocrx_word' id='word_1_415' title='bbox 345 4440 641 4508; x_wconf 75' lang='grc' dir='ltr'>τριάκοντα</span> <span class='ocrx_word' id='word_1_416' title='bbox 693 4443 787 4495; x_wconf 74' lang='grc' dir='ltr'><strong>καὶ</strong></span> <span class='ocrx_word' id='word_1_417' title='bbox 834 4447 982 4513; x_wconf 83' lang='grc' dir='ltr'>τρεῖς</span> <span class='ocrx_word' id='word_1_418' title='bbox 1038 4444 1128 4495; x_wconf 79' lang='grc' dir='ltr'><strong>ἐπὶ</strong></span> <span class='ocrx_word' id='word_1_419' title='bbox 1186 4444 1283 4509; x_wconf 80' lang='grc' dir='ltr'><strong>τὴν</strong></span> <span class='ocrx_word' id='word_1_420' title='bbox 1341 4444 1677 4515; x_wconf 83' lang='grc' dir='ltr'>προθεσμίαν</span> <span class='ocrx_word' id='word_1_421' title='bbox 1723 4442 1920 4495; x_wconf 87' lang='grc' dir='ltr'>ὑπολε-</span> 
     </span>
    </p>
   </div>
   <div class='ocr_carea' id='block_1_60' title="bbox 344 4527 1921 4604">
    <p class='ocr_par' dir='ltr' id='par_1_60' title="bbox 344 4527 1921 4604">
     <span class='ocr_line' id='line_1_60' title="bbox 344 4527 1921 4604; baseline 0.004 -24"><span class='ocrx_word' id='word_1_422' title='bbox 344 4527 579 4598; x_wconf 76' lang='grc' dir='ltr'>λεῖφθαι,</span> <span class='ocrx_word' id='word_1_423' title='bbox 604 4532 899 4586; x_wconf 78' lang='grc' dir='ltr'>ἀπέστειλα</span> <span class='ocrx_word' id='word_1_424' title='bbox 942 4534 1082 4587; x_wconf 74' lang='grc' dir='ltr'>κατὰ</span> <span class='ocrx_word' id='word_1_425' title='bbox 1134 4534 1364 4603; x_wconf 75' lang='grc' dir='ltr'>σπουδὴν</span> <span class='ocrx_word' id='word_1_426' title='bbox 1406 4534 1484 4603; x_wconf 77' lang='grc' dir='ltr'><strong>τῷ</strong></span> <span class='ocrx_word' id='word_1_427' title='bbox 1512 4534 1921 4604; x_wconf 81' lang='grc' dir='ltr'>αἰδεσιμωτάτῳ</span> 
     </span>
    </p>
   </div>
   <div class='ocr_carea' id='block_1_61' title="bbox 346 4620 1923 4697">
    <p class='ocr_par' dir='ltr' id='par_1_61' title="bbox 346 4620 1923 4697">
     <span class='ocr_line' id='line_1_61' title="bbox 346 4620 1923 4697; baseline 0.003 -24"><span class='ocrx_word' id='word_1_428' title='bbox 346 4620 563 4695; x_wconf 71' lang='grc' dir='ltr'>ἀδελφῷ</span> <span class='ocrx_word' id='word_1_429' title='bbox 594 4625 879 4696; x_wconf 84' lang='grc' dir='ltr'>Εὐσταθίῳ</span> <span class='ocrx_word' id='word_1_430' title='bbox 906 4626 985 4695; x_wconf 81' lang='grc' dir='ltr'><strong>τῷ</strong></span> <span class='ocrx_word' id='word_1_431' title='bbox 1032 4626 1427 4697; x_wconf 79' lang='grc' dir='ltr'>συλλειτουργῶ</span> <span class='ocrx_word' id='word_1_432' title='bbox 1461 4627 1616 4696; x_wconf 75' lang='grc' dir='ltr'>ἡμῶν</span> <span class='ocrx_word' id='word_1_433' title='bbox 1647 4625 1713 4678; x_wconf 80' lang='grc' dir='ltr'>τὰ</span> <span class='ocrx_word' id='word_1_434' title='bbox 1744 4626 1923 4695; x_wconf 75' lang='grc' dir='ltr'>γράμ-</span> 
     </span>
    </p>
   </div>
   <div class='ocr_carea' id='block_1_62' title="bbox 351 4715 1917 4788">
    <p class='ocr_par' dir='ltr' id='par_1_62' title="bbox 351 4715 1917 4788">
     <span class='ocr_line' id='line_1_62' title="bbox 351 4715 1917 4788; baseline 0 -21"><span class='ocrx_word' id='word_1_435' title='bbox 351 4727 491 4781; x_wconf 64' lang='lat' dir='ltr'><strong>par</strong></span> <span class='ocrx_word' id='word_1_436' title='bbox 534 4716 726 4777; x_wconf 74' lang='grc' dir='ltr'>ταῦτα,</span> <span class='ocrx_word' id='word_1_437' title='bbox 750 4716 890 4769; x_wconf 83' lang='grc' dir='ltr'>ὥστε</span> <span class='ocrx_word' id='word_1_438' title='bbox 937 4718 1003 4773; x_wconf 86' lang='grc' dir='ltr'>δι’</span> <span class='ocrx_word' id='word_1_439' title='bbox 1040 4715 1203 4770; x_wconf 79' lang='grc' dir='ltr'>αὑτοῦ</span> <span class='ocrx_word' id='word_1_440' title='bbox 1234 4716 1701 4788; x_wconf 78' lang='grc' dir='ltr'>παραπεμφθῆναί</span> <span class='ocrx_word' id='word_1_441' title='bbox 1726 4734 1819 4770; x_wconf 88' lang='grc' dir='ltr'><strong>σου</strong></span> <span class='ocrx_word' id='word_1_442' title='bbox 1853 4719 1917 4787; x_wconf 83' lang='grc' dir='ltr'>τῇ</span> 
     </span>
    </p>
   </div>
   <div class='ocr_carea' id='block_1_63' title="bbox 2342 2130 3308 2201">
    <p class='ocr_par' dir='ltr' id='par_1_63' title="bbox 2342 2130 3308 2201">
     <span class='ocr_line' id='line_1_63' title="bbox 2342 2130 3308 2201; baseline 0.003 -17"><span class='ocrx_word' id='word_1_443' title='bbox 2342 2130 2589 2195; x_wconf 65' lang='lat' dir='ltr'><strong>Eusebia,</strong></span> <span class='ocrx_word' id='word_1_444' title='bbox 2618 2132 2856 2201; x_wconf 84' lang='lat' dir='ltr'><strong>episcopo</strong></span> <span class='ocrx_word' id='word_1_445' title='bbox 2885 2130 3308 2187; x_wconf 83' lang='lat' dir='ltr'><strong>Samosatorum.</strong></span> 
     </span>
    </p>
   </div>
   <div class='ocr_carea' id='block_1_64' title="bbox 2104 2243 3606 2318">
    <p class='ocr_par' dir='ltr' id='par_1_64' title="bbox 2104 2243 3606 2318">
     <span class='ocr_line' id='line_1_64' title="bbox 2104 2243 3606 2318; baseline 0.002 -19"><span class='ocrx_word' id='word_1_446' title='bbox 2104 2243 2241 2299; x_wconf 87' lang='lat' dir='ltr'><strong>Cum</strong></span> <span class='ocrx_word' id='word_1_447' title='bbox 2291 2244 2497 2299; x_wconf 87' lang='lat' dir='ltr'><strong>dudum</strong></span> <span class='ocrx_word' id='word_1_448' title='bbox 2551 2244 2893 2318; x_wconf 87' lang='lat' dir='ltr'><strong>scripsissem</strong></span> <span class='ocrx_word' id='word_1_449' title='bbox 2944 2246 3129 2315; x_wconf 83' lang='lat' dir='ltr'><strong>pietati</strong></span> <span class='ocrx_word' id='word_1_450' title='bbox 3173 2255 3281 2300; x_wconf 87' lang='lat' dir='ltr'><strong>tuae</strong></span> <span class='ocrx_word' id='word_1_451' title='bbox 3327 2252 3441 2301; x_wconf 89' lang='lat' dir='ltr'><strong>tum</strong></span> <span class='ocrx_word' id='word_1_452' title='bbox 3480 2244 3606 2302; x_wconf 85' lang='lat' dir='ltr'><strong>aliis</strong></span> 
     </span>
    </p>
   </div>
   <div class='ocr_carea' id='block_1_65' title="bbox 2033 2335 3607 2409">
    <p class='ocr_par' dir='ltr' id='par_1_65' title="bbox 2033 2335 3607 2409">
     <span class='ocr_line' id='line_1_65' title="bbox 2033 2335 3607 2409; baseline 0.001 -19"><span class='ocrx_word' id='word_1_453' title='bbox 2033 2335 2102 2390; x_wconf 93' lang='lat' dir='ltr'><strong>de</strong></span> <span class='ocrx_word' id='word_1_454' title='bbox 2123 2336 2320 2402; x_wconf 80' lang='lat' dir='ltr'><strong>rebus,</strong></span> <span class='ocrx_word' id='word_1_455' title='bbox 2355 2345 2468 2390; x_wconf 90' lang='lat' dir='ltr'><strong>tum</strong></span> <span class='ocrx_word' id='word_1_456' title='bbox 2499 2346 2560 2391; x_wconf 89' lang='lat' dir='ltr'><strong>ut</strong></span> <span class='ocrx_word' id='word_1_457' title='bbox 2593 2337 2646 2390; x_wconf 92' lang='lat' dir='ltr'><strong>in</strong></span> <span class='ocrx_word' id='word_1_458' title='bbox 2679 2352 2848 2391; x_wconf 89' lang='lat' dir='ltr'><strong>unum</strong></span> <span class='ocrx_word' id='word_1_459' title='bbox 2882 2337 3228 2401; x_wconf 84' lang='lat' dir='ltr'><strong>veniremus,</strong></span> <span class='ocrx_word' id='word_1_460' title='bbox 3262 2353 3359 2409; x_wconf 89' lang='lat' dir='ltr'><strong>spe</strong></span> <span class='ocrx_word' id='word_1_461' title='bbox 3403 2339 3607 2403; x_wconf 78' lang='lat' dir='ltr'><strong>excidi,</strong></span> 
     </span>
    </p>
   </div>
   <div class='ocr_carea' id='block_1_66' title="bbox 2034 2428 3607 2499">
    <p class='ocr_par' dir='ltr' id='par_1_66' title="bbox 2034 2428 3607 2499">
     <span class='ocr_line' id='line_1_66' title="bbox 2034 2428 3607 2499; baseline 0.003 -17"><span class='ocrx_word' id='word_1_462' title='bbox 2034 2443 2142 2483; x_wconf 90' lang='lat' dir='ltr'><strong>non</strong></span> <span class='ocrx_word' id='word_1_463' title='bbox 2176 2428 2401 2496; x_wconf 88' lang='lat' dir='ltr'><strong>perlatis</strong></span> <span class='ocrx_word' id='word_1_464' title='bbox 2431 2429 2487 2483; x_wconf 94' lang='lat' dir='ltr'><strong>in</strong></span> <span class='ocrx_word' id='word_1_465' title='bbox 2520 2444 2714 2483; x_wconf 88' lang='lat' dir='ltr'><strong>manus</strong></span> <span class='ocrx_word' id='word_1_466' title='bbox 2752 2428 3034 2499; x_wconf 81' lang='lat' dir='ltr'><strong>dignitatis</strong></span> <span class='ocrx_word' id='word_1_467' title='bbox 3078 2437 3185 2483; x_wconf 68' lang='lat' dir='ltr'><strong>tua:</strong></span> <span class='ocrx_word' id='word_1_468' title='bbox 3216 2429 3437 2497; x_wconf 87' lang='lat' dir='ltr'><strong>litteris,</strong></span> <span class='ocrx_word' id='word_1_469' title='bbox 3469 2444 3607 2499; x_wconf 89' lang='lat' dir='ltr'><strong>quas</strong></span> 
     </span>
    </p>
   </div>
   <div class='ocr_carea' id='block_1_67' title="bbox 2034 2520 3605 2590">
    <p class='ocr_par' dir='ltr' id='par_1_67' title="bbox 2034 2520 3605 2590">
     <span class='ocr_line' id='line_1_67' title="bbox 2034 2520 3605 2590; baseline -0.002 -12"><span class='ocrx_word' id='word_1_470' title='bbox 2034 2521 2227 2578; x_wconf 79' lang='lat' dir='ltr'><strong>beatus</strong></span> <span class='ocrx_word' id='word_1_471' title='bbox 2292 2520 2559 2575; x_wconf 83' lang='lat' dir='ltr'><strong>diaconus</strong></span> <span class='ocrx_word' id='word_1_472' title='bbox 2615 2520 3022 2590; x_wconf 81' lang='lat' dir='ltr'><strong>TbeOphrastus</strong></span> <span class='ocrx_word' id='word_1_473' title='bbox 3083 2521 3293 2590; x_wconf 89' lang='lat' dir='ltr'><strong>accepit</strong></span> <span class='ocrx_word' id='word_1_474' title='bbox 3352 2521 3605 2590; x_wconf 79' lang='lat' dir='ltr'><strong>quidem,</strong></span> 
     </span>
    </p>
   </div>
   <div class='ocr_carea' id='block_1_68' title="bbox 2034 2611 3608 2682">
    <p class='ocr_par' dir='ltr' id='par_1_68' title="bbox 2034 2611 3608 2682">
     <span class='ocr_line' id='line_1_68' title="bbox 2034 2611 3608 2682; baseline 0.001 -17"><span class='ocrx_word' id='word_1_475' title='bbox 2034 2612 2162 2666; x_wconf 89' lang='lat' dir='ltr'><strong>dum</strong></span> <span class='ocrx_word' id='word_1_476' title='bbox 2195 2612 2507 2668; x_wconf 86' lang='lat' dir='ltr'><strong>necessario</strong></span> <span class='ocrx_word' id='word_1_477' title='bbox 2554 2611 2622 2665; x_wconf 91' lang='lat' dir='ltr'><strong>ad</strong></span> <span class='ocrx_word' id='word_1_478' title='bbox 2666 2611 2953 2665; x_wconf 88' lang='lat' dir='ltr'><strong>circuitum</strong></span> <span class='ocrx_word' id='word_1_479' title='bbox 2988 2612 3275 2682; x_wconf 88' lang='lat' dir='ltr'><strong>quemdam</strong></span> <span class='ocrx_word' id='word_1_480' title='bbox 3316 2612 3608 2668; x_wconf 79' lang='lat' dir='ltr'><strong>conﬁcien-</strong></span> 
     </span>
    </p>
   </div>
   <div class='ocr_carea' id='block_1_69' title="bbox 2035 2700 3604 2772">
    <p class='ocr_par' dir='ltr' id='par_1_69' title="bbox 2035 2700 3604 2772">
     <span class='ocr_line' id='line_1_69' title="bbox 2035 2700 3604 2772; baseline 0.003 -18"><span class='ocrx_word' id='word_1_481' title='bbox 2035 2700 2164 2754; x_wconf 91' lang='lat' dir='ltr'><strong>dum</strong></span> <span class='ocrx_word' id='word_1_482' title='bbox 2196 2702 2630 2772; x_wconf 82' lang='lat' dir='ltr'><strong>percgrinamur,</strong></span> <span class='ocrx_word' id='word_1_483' title='bbox 2661 2701 2757 2756; x_wconf 88' lang='lat' dir='ltr'><strong>sed</strong></span> <span class='ocrx_word' id='word_1_484' title='bbox 2780 2702 3001 2757; x_wconf 86' lang='lat' dir='ltr'><strong>minime</strong></span> <span class='ocrx_word' id='word_1_485' title='bbox 3031 2703 3337 2759; x_wconf 78' lang='lat' dir='ltr'><strong>transmisit</strong></span> <span class='ocrx_word' id='word_1_486' title='bbox 3360 2704 3426 2758; x_wconf 91' lang='lat' dir='ltr'><strong>ad</strong></span> <span class='ocrx_word' id='word_1_487' title='bbox 3455 2713 3604 2759; x_wconf 90' lang='lat' dir='ltr'><strong>tuam</strong></span> 
     </span>
    </p>
   </div>
   <div class='ocr_carea' id='block_1_70' title="bbox 2033 2793 3603 2863">
    <p class='ocr_par' dir='ltr' id='par_1_70' title="bbox 2033 2793 3603 2863">
     <span class='ocr_line' id='line_1_70' title="bbox 2033 2793 3603 2863; baseline 0.003 -16"><span class='ocrx_word' id='word_1_488' title='bbox 2033 2793 2312 2862; x_wconf 85' lang='lat' dir='ltr'><strong>pietatem,</strong></span> <span class='ocrx_word' id='word_1_489' title='bbox 2340 2810 2405 2849; x_wconf 91' lang='lat' dir='ltr'><strong>eo</strong></span> <span class='ocrx_word' id='word_1_490' title='bbox 2444 2794 2588 2863; x_wconf 89' lang='lat' dir='ltr'><strong>quod</strong></span> <span class='ocrx_word' id='word_1_491' title='bbox 2624 2794 2777 2847; x_wconf 90' lang='lat' dir='ltr'><strong>illum</strong></span> <span class='ocrx_word' id='word_1_492' title='bbox 2822 2795 3080 2859; x_wconf 88' lang='lat' dir='ltr'><strong>morbus,</strong></span> <span class='ocrx_word' id='word_1_493' title='bbox 3118 2810 3185 2849; x_wconf 76' lang='lat' dir='ltr'><strong>ex</strong></span> <span class='ocrx_word' id='word_1_494' title='bbox 3220 2810 3326 2863; x_wconf 92' lang='lat' dir='ltr'><strong>quo</strong></span> <span class='ocrx_word' id='word_1_495' title='bbox 3353 2807 3603 2852; x_wconf 86' lang='lat' dir='ltr'><strong>mortuus</strong></span> 
     </span>
    </p>
   </div>
   <div class='ocr_carea' id='block_1_71' title="bbox 2033 2882 3607 2948">
    <p class='ocr_par' dir='ltr' id='par_1_71' title="bbox 2033 2882 3607 2948">
     <span class='ocr_line' id='line_1_71' title="bbox 2033 2882 3607 2948; baseline 0.002 -10"><span class='ocrx_word' id='word_1_496' title='bbox 2033 2892 2138 2948; x_wconf 80' lang='lat' dir='ltr'><strong>est,</strong></span> <span class='ocrx_word' id='word_1_497' title='bbox 2178 2885 2549 2940; x_wconf 86' lang='lat' dir='ltr'><strong>anteverterit.</strong></span> <span class='ocrx_word' id='word_1_498' title='bbox 2584 2882 2737 2939; x_wconf 89' lang='lat' dir='ltr'><strong>Unde</strong></span> <span class='ocrx_word' id='word_1_499' title='bbox 2781 2894 2888 2937; x_wconf 89' lang='lat' dir='ltr'><strong>tam</strong></span> <span class='ocrx_word' id='word_1_500' title='bbox 2934 2899 3057 2939; x_wconf 91' lang='lat' dir='ltr'><strong>sero</strong></span> <span class='ocrx_word' id='word_1_501' title='bbox 3087 2886 3208 2940; x_wconf 81' lang='lat' dir='ltr'><strong>veni</strong></span> <span class='ocrx_word' id='word_1_502' title='bbox 3249 2887 3314 2941; x_wconf 89' lang='lat' dir='ltr'><strong>ad</strong></span> <span class='ocrx_word' id='word_1_503' title='bbox 3359 2887 3607 2943; x_wconf 86' lang='lat' dir='ltr'><strong>scriben-</strong></span> 
     </span>
    </p>
   </div>
   <div class='ocr_carea' id='block_1_72' title="bbox 1992 2975 3606 3047">
    <p class='ocr_par' dir='ltr' id='par_1_72' title="bbox 1992 2975 3606 3047">
     <span class='ocr_line' id='line_1_72' title="bbox 1992 2975 3606 3047; baseline 0.004 -16"><span class='ocrx_word' id='word_1_504' title='bbox 1992 2985 2009 2995; x_wconf 91' lang='lat'>‘</span> <span class='ocrx_word' id='word_1_505' title='bbox 2034 2975 2187 3044; x_wconf 89' lang='lat' dir='ltr'><strong>dum,</strong></span> <span class='ocrx_word' id='word_1_506' title='bbox 2213 2984 2273 3031; x_wconf 93' lang='lat' dir='ltr'><strong>ut</strong></span> <span class='ocrx_word' id='word_1_507' title='bbox 2307 2977 2379 3032; x_wconf 89' lang='lat' dir='ltr'><strong>ob</strong></span> <span class='ocrx_word' id='word_1_508' title='bbox 2428 2993 2671 3032; x_wconf 88' lang='lat' dir='ltr'><strong>summas</strong></span> <span class='ocrx_word' id='word_1_509' title='bbox 2721 2978 2986 3046; x_wconf 88' lang='lat' dir='ltr'><strong>temporis</strong></span> <span class='ocrx_word' id='word_1_510' title='bbox 3036 2979 3317 3047; x_wconf 86' lang='lat' dir='ltr'><strong>angustias</strong></span> <span class='ocrx_word' id='word_1_511' title='bbox 3348 2980 3484 3033; x_wconf 90' lang='lat' dir='ltr'><strong>nihil</strong></span> <span class='ocrx_word' id='word_1_512' title='bbox 3532 2980 3606 3037; x_wconf 84' lang='lat' dir='ltr'><strong>sit</strong></span> 
     </span>
    </p>
   </div>
   <div class='ocr_carea' id='block_1_73' title="bbox 2033 3069 3606 3144">
    <p class='ocr_par' dir='ltr' id='par_1_73' title="bbox 2033 3069 3606 3144">
     <span class='ocr_line' id='line_1_73' title="bbox 2033 3069 3606 3144; baseline 0.003 -21"><span class='ocrx_word' id='word_1_513' title='bbox 2033 3070 2288 3126; x_wconf 86' lang='lat' dir='ltr'><strong>utilitatis</strong></span> <span class='ocrx_word' id='word_1_514' title='bbox 2317 3088 2382 3125; x_wconf 80' lang='lat' dir='ltr'><strong>ex</strong></span> <span class='ocrx_word' id='word_1_515' title='bbox 2417 3071 2503 3127; x_wconf 89' lang='lat' dir='ltr'><strong>his</strong></span> <span class='ocrx_word' id='word_1_516' title='bbox 2530 3070 2727 3125; x_wconf 85' lang='lat' dir='ltr'><strong>litteris</strong></span> <span class='ocrx_word' id='word_1_517' title='bbox 2753 3069 3200 3140; x_wconf 81' lang='lat' dir='ltr'><strong>exspectandum.</strong></span> <span class='ocrx_word' id='word_1_518' title='bbox 3224 3070 3358 3125; x_wconf 88' lang='lat' dir='ltr'><strong>Nam</strong></span> <span class='ocrx_word' id='word_1_519' title='bbox 3391 3073 3606 3144; x_wconf 80' lang='lat' dir='ltr'><strong>religio-</strong></span> 
     </span>
    </p>
   </div>
   <div class='ocr_carea' id='block_1_74' title="bbox 2035 3159 3604 3231">
    <p class='ocr_par' dir='ltr' id='par_1_74' title="bbox 2035 3159 3604 3231">
     <span class='ocr_line' id='line_1_74' title="bbox 2035 3159 3604 3231; baseline 0.003 -16"><span class='ocrx_word' id='word_1_520' title='bbox 2035 3160 2288 3215; x_wconf 90' lang='lat' dir='ltr'><strong>sissimus</strong></span> <span class='ocrx_word' id='word_1_521' title='bbox 2336 3161 2626 3231; x_wconf 88' lang='lat' dir='ltr'><strong>episcopus</strong></span> <span class='ocrx_word' id='word_1_522' title='bbox 2681 3160 2929 3216; x_wconf 84' lang='lat' dir='ltr'><strong>Melctius</strong></span> <span class='ocrx_word' id='word_1_523' title='bbox 2990 3168 3045 3215; x_wconf 82' lang='lat' dir='ltr'><strong>et</strong></span> <span class='ocrx_word' id='word_1_524' title='bbox 3099 3159 3415 3216; x_wconf 86' lang='lat' dir='ltr'><strong>Theodotus</strong></span> <span class='ocrx_word' id='word_1_525' title='bbox 3469 3163 3604 3219; x_wconf 87' lang='lat' dir='ltr'><strong>mibi</strong></span> 
     </span>
    </p>
   </div>
   <div class='ocr_carea' id='block_1_75' title="bbox 2033 3240 3604 3322">
    <p class='ocr_par' dir='ltr' id='par_1_75' title="bbox 2033 3240 3604 3322">
     <span class='ocr_line' id='line_1_75' title="bbox 2033 3240 3604 3322; baseline 0.004 -19"><span class='ocrx_word' id='word_1_526' title='bbox 2033 3266 2338 3320; x_wconf 70' lang='lat' dir='ltr'><strong>praecepere</strong></span> <span class='ocrx_word' id='word_1_527' title='bbox 2376 3261 2434 3305; x_wconf 89' lang='lat' dir='ltr'><strong>ut</strong></span> <span class='ocrx_word' id='word_1_528' title='bbox 2466 3240 2533 3307; x_wconf 84' lang='lat' dir='ltr'><strong>ad</strong></span> <span class='ocrx_word' id='word_1_529' title='bbox 2577 3252 2725 3322; x_wconf 90' lang='lat' dir='ltr'><strong>ipsos</strong></span> <span class='ocrx_word' id='word_1_530' title='bbox 2755 3250 3109 3321; x_wconf 85' lang='lat' dir='ltr'><strong>proﬁciscar;</strong></span> <span class='ocrx_word' id='word_1_531' title='bbox 3143 3258 3258 3305; x_wconf 92' lang='lat' dir='ltr'><strong>tum</strong></span> <span class='ocrx_word' id='word_1_532' title='bbox 3292 3253 3360 3307; x_wconf 87' lang='lat' dir='ltr'><strong>ad</strong></span> <span class='ocrx_word' id='word_1_533' title='bbox 3400 3256 3604 3311; x_wconf 88' lang='lat' dir='ltr'><strong>amoris</strong></span> 
     </span>
    </p>
   </div>
   <div class='ocr_carea' id='block_1_76' title="bbox 2030 3341 3604 3413">
    <p class='ocr_par' dir='ltr' id='par_1_76' title="bbox 2030 3341 3604 3413">
     <span class='ocr_line' id='line_1_76' title="bbox 2030 3341 3604 3413; baseline 0.001 -16"><span class='ocrx_word' id='word_1_534' title='bbox 2030 3341 2488 3412; x_wconf 82' lang='lat' dir='ltr'><strong>signiﬁcationem</strong></span> <span class='ocrx_word' id='word_1_535' title='bbox 2536 3357 2891 3413; x_wconf 78' lang='lat' dir='ltr'><strong>congressum</strong></span> <span class='ocrx_word' id='word_1_536' title='bbox 2924 3341 3248 3411; x_wconf 78' lang='lat' dir='ltr'><strong>oli‘erentes,</strong></span> <span class='ocrx_word' id='word_1_537' title='bbox 3292 3352 3404 3398; x_wconf 92' lang='lat' dir='ltr'><strong>tum</strong></span> <span class='ocrx_word' id='word_1_538' title='bbox 3440 3345 3604 3400; x_wconf 89' lang='lat' dir='ltr'><strong>etiam</strong></span> 
     </span>
    </p>
   </div>
   <div class='ocr_carea' id='block_1_77' title="bbox 2031 3434 3600 3507">
    <p class='ocr_par' dir='ltr' id='par_1_77' title="bbox 2031 3434 3600 3507">
     <span class='ocr_line' id='line_1_77' title="bbox 2031 3434 3600 3507; baseline 0.002 -20"><span class='ocrx_word' id='word_1_539' title='bbox 2031 3434 2466 3490; x_wconf 84' lang='lat' dir='ltr'><strong>emendationem</strong></span> <span class='ocrx_word' id='word_1_540' title='bbox 2484 3436 2719 3506; x_wconf 88' lang='lat' dir='ltr'><strong>aliquam</strong></span> <span class='ocrx_word' id='word_1_541' title='bbox 2738 3452 2949 3498; x_wconf 90' lang='lat' dir='ltr'><strong>eorum,</strong></span> <span class='ocrx_word' id='word_1_542' title='bbox 2980 3452 3100 3507; x_wconf 82' lang='lat' dir='ltr'><strong>quae</strong></span> <span class='ocrx_word' id='word_1_543' title='bbox 3122 3452 3270 3491; x_wconf 89' lang='lat' dir='ltr'><strong>nunc</strong></span> <span class='ocrx_word' id='word_1_544' title='bbox 3294 3437 3600 3492; x_wconf 88' lang='lat' dir='ltr'><strong>molestiam</strong></span> 
     </span>
    </p>
   </div>
   <div class='ocr_carea' id='block_1_78' title="bbox 2034 3526 3605 3591">
    <p class='ocr_par' dir='ltr' id='par_1_78' title="bbox 2034 3526 3605 3591">
     <span class='ocr_line' id='line_1_78' title="bbox 2034 3526 3605 3591; baseline 0.002 -12"><span class='ocrx_word' id='word_1_545' title='bbox 2034 3526 2287 3591; x_wconf 79' lang='lat' dir='ltr'><strong>aﬂ&#39;erunt,</strong></span> <span class='ocrx_word' id='word_1_546' title='bbox 2313 3529 2428 3582; x_wconf 84' lang='lat' dir='ltr'><strong>ﬁeri</strong></span> <span class='ocrx_word' id='word_1_547' title='bbox 2454 3530 2719 3584; x_wconf 82' lang='lat' dir='ltr'><strong>volentes.</strong></span> <span class='ocrx_word' id='word_1_548' title='bbox 2744 3529 3061 3584; x_wconf 80' lang='lat' dir='ltr'><strong>lndixernnt</strong></span> <span class='ocrx_word' id='word_1_549' title='bbox 3091 3537 3270 3584; x_wconf 88' lang='lat' dir='ltr'><strong>autem</strong></span> <span class='ocrx_word' id='word_1_550' title='bbox 3289 3528 3445 3583; x_wconf 90' lang='lat' dir='ltr'><strong>nobis</strong></span> <span class='ocrx_word' id='word_1_551' title='bbox 3476 3537 3605 3583; x_wconf 81' lang='lat' dir='ltr'><strong>tem-</strong></span> 
     </span>
    </p>
   </div>
   <div class='ocr_carea' id='block_1_79' title="bbox 2029 3620 3595 3690">
    <p class='ocr_par' dir='ltr' id='par_1_79' title="bbox 2029 3620 3595 3690">
     <span class='ocr_line' id='line_1_79' title="bbox 2029 3620 3595 3690; baseline 0.001 -16"><span class='ocrx_word' id='word_1_552' title='bbox 2029 3635 2131 3689; x_wconf 89' lang='lat' dir='ltr'><strong>pus</strong></span> <span class='ocrx_word' id='word_1_553' title='bbox 2163 3621 2381 3690; x_wconf 82' lang='lat' dir='ltr'><strong>quidem</strong></span> <span class='ocrx_word' id='word_1_554' title='bbox 2413 3621 2794 3684; x_wconf 80' lang='lat' dir='ltr'><strong>conveniendi,</strong></span> <span class='ocrx_word' id='word_1_555' title='bbox 2829 3621 3066 3677; x_wconf 84' lang='lat' dir='ltr'><strong>medium</strong></span> <span class='ocrx_word' id='word_1_556' title='bbox 3104 3637 3343 3677; x_wconf 84' lang='lat' dir='ltr'><strong>mensem</strong></span> <span class='ocrx_word' id='word_1_557' title='bbox 3375 3620 3595 3675; x_wconf 85' lang='lat' dir='ltr'><strong>Junium</strong></span> 
     </span>
    </p>
   </div>
   <div class='ocr_carea' id='block_1_80' title="bbox 2028 3713 3597 3785">
    <p class='ocr_par' dir='ltr' id='par_1_80' title="bbox 2028 3713 3597 3785">
     <span class='ocr_line' id='line_1_80' title="bbox 2028 3713 3597 3785; baseline -0.001 -18"><span class='ocrx_word' id='word_1_558' title='bbox 2028 3713 2273 3783; x_wconf 80' lang='lat' dir='ltr'><strong>proxime</strong></span> <span class='ocrx_word' id='word_1_559' title='bbox 2295 3723 2616 3785; x_wconf 81' lang='lat' dir='ltr'><strong>sequentem</strong></span> <span class='ocrx_word' id='word_1_560' title='bbox 2637 3715 2843 3768; x_wconf 90' lang='lat' dir='ltr'><strong>:locum</strong></span> <span class='ocrx_word' id='word_1_561' title='bbox 2867 3729 2993 3769; x_wconf 86' lang='lat' dir='ltr'><strong>vero</strong></span> <span class='ocrx_word' id='word_1_562' title='bbox 3014 3713 3395 3785; x_wconf 81' lang='lat' dir='ltr'><strong>Phargamum,</strong></span> <span class='ocrx_word' id='word_1_563' title='bbox 3417 3714 3597 3767; x_wconf 84' lang='lat' dir='ltr'><strong>locum</strong></span> 
     </span>
    </p>
   </div>
   <div class='ocr_carea' id='block_1_81' title="bbox 2026 3802 3599 3875">
    <p class='ocr_par' dir='ltr' id='par_1_81' title="bbox 2026 3802 3599 3875">
     <span class='ocr_line' id='line_1_81' title="bbox 2026 3802 3599 3875; baseline 0.001 -18"><span class='ocrx_word' id='word_1_564' title='bbox 2026 3804 2292 3873; x_wconf 82' lang='lat' dir='ltr'><strong>insignem</strong></span> <span class='ocrx_word' id='word_1_565' title='bbox 2341 3812 2642 3875; x_wconf 88' lang='lat' dir='ltr'><strong>martyrum</strong></span> <span class='ocrx_word' id='word_1_566' title='bbox 2689 3803 3010 3873; x_wconf 88' lang='lat' dir='ltr'><strong>splendore,</strong></span> <span class='ocrx_word' id='word_1_567' title='bbox 3042 3817 3107 3858; x_wconf 89' lang='lat' dir='ltr'><strong>ac</strong></span> <span class='ocrx_word' id='word_1_568' title='bbox 3153 3802 3599 3873; x_wconf 73' lang='lat' dir='ltr'><strong>frequentissimo</strong></span> 
     </span>
    </p>
   </div>
   <div class='ocr_carea' id='block_1_82' title="bbox 2027 3894 3701 3969">
    <p class='ocr_par' dir='ltr' id='par_1_82' title="bbox 2027 3894 3701 3969">
     <span class='ocr_line' id='line_1_82' title="bbox 2027 3894 3701 3969; baseline -0.001 -20"><span class='ocrx_word' id='word_1_569' title='bbox 2027 3902 2295 3950; x_wconf 85' lang='lat' dir='ltr'><strong>conventu</strong></span> <span class='ocrx_word' id='word_1_570' title='bbox 2347 3894 2578 3966; x_wconf 90' lang='lat' dir='ltr'><strong>singulis</strong></span> <span class='ocrx_word' id='word_1_571' title='bbox 2623 3896 2783 3949; x_wconf 90' lang='lat' dir='ltr'><strong>annis</strong></span> <span class='ocrx_word' id='word_1_572' title='bbox 2831 3896 2900 3948; x_wconf 89' lang='lat' dir='ltr'><strong>ab</strong></span> <span class='ocrx_word' id='word_1_573' title='bbox 2940 3895 3074 3964; x_wconf 88' lang='lat' dir='ltr'><strong>ipsis</strong></span> <span class='ocrx_word' id='word_1_574' title='bbox 3124 3896 3419 3950; x_wconf 88' lang='lat' dir='ltr'><strong>celebrato.</strong></span> <span class='ocrx_word' id='word_1_575' title='bbox 3460 3895 3597 3950; x_wconf 89' lang='lat' dir='ltr'><strong>Cum</strong></span> <span class='ocrx_word' id='word_1_576' title='bbox 3692 3946 3701 3969; x_wconf 60' lang='grc'><strong>,</strong></span> 
     </span>
    </p>
   </div>
   <div class='ocr_carea' id='block_1_83' title="bbox 2028 3985 3596 4057">
    <p class='ocr_par' dir='ltr' id='par_1_83' title="bbox 2028 3985 3596 4057">
     <span class='ocr_line' id='line_1_83' title="bbox 2028 3985 3596 4057; baseline 0.002 -17"><span class='ocrx_word' id='word_1_577' title='bbox 2028 3994 2207 4041; x_wconf 89' lang='lat' dir='ltr'><strong>autem</strong></span> <span class='ocrx_word' id='word_1_578' title='bbox 2252 3986 2416 4047; x_wconf 86' lang='lat' dir='ltr'><strong>mihi,</strong></span> <span class='ocrx_word' id='word_1_579' title='bbox 2464 3993 2755 4057; x_wconf 88' lang='lat' dir='ltr'><strong>postquam</strong></span> <span class='ocrx_word' id='word_1_580' title='bbox 2805 3985 2982 4040; x_wconf 88' lang='lat' dir='ltr'><strong>reditu</strong></span> <span class='ocrx_word' id='word_1_581' title='bbox 3020 4002 3141 4041; x_wconf 88' lang='lat' dir='ltr'><strong>meo</strong></span> <span class='ocrx_word' id='word_1_582' title='bbox 3172 3986 3341 4042; x_wconf 89' lang='lat' dir='ltr'><strong>didici</strong></span> <span class='ocrx_word' id='word_1_583' title='bbox 3378 3987 3596 4043; x_wconf 86' lang='lat' dir='ltr'><strong>beatum</strong></span> 
     </span>
    </p>
   </div>
   <div class='ocr_carea' id='block_1_84' title="bbox 2026 4075 3597 4145">
    <p class='ocr_par' dir='ltr' id='par_1_84' title="bbox 2026 4075 3597 4145">
     <span class='ocr_line' id='line_1_84' title="bbox 2026 4075 3597 4145; baseline 0.003 -16"><span class='ocrx_word' id='word_1_584' title='bbox 2026 4075 2317 4129; x_wconf 86' lang='lat' dir='ltr'><strong>diaconum</strong></span> <span class='ocrx_word' id='word_1_585' title='bbox 2374 4076 2613 4138; x_wconf 78' lang='lat' dir='ltr'><strong>obiisse,</strong></span> <span class='ocrx_word' id='word_1_586' title='bbox 2672 4083 2725 4129; x_wconf 87' lang='lat' dir='ltr'><strong>et</strong></span> <span class='ocrx_word' id='word_1_587' title='bbox 2786 4075 2995 4131; x_wconf 88' lang='lat' dir='ltr'><strong>litteras</strong></span> <span class='ocrx_word' id='word_1_588' title='bbox 3051 4076 3197 4145; x_wconf 90' lang='lat' dir='ltr'><strong>apud</strong></span> <span class='ocrx_word' id='word_1_589' title='bbox 3254 4091 3340 4130; x_wconf 89' lang='lat' dir='ltr'><strong>me</strong></span> <span class='ocrx_word' id='word_1_590' title='bbox 3392 4078 3597 4133; x_wconf 88' lang='lat' dir='ltr'><strong>inertes</strong></span> 
     </span>
    </p>
   </div>
   <div class='ocr_carea' id='block_1_85' title="bbox 2020 4165 3599 4237">
    <p class='ocr_par' dir='ltr' id='par_1_85' title="bbox 2020 4165 3599 4237">
     <span class='ocr_line' id='line_1_85' title="bbox 2020 4165 3599 4237; baseline 0.003 -19"><span class='ocrx_word' id='word_1_591' title='bbox 2020 4166 2244 4235; x_wconf 75' lang='lat' dir='ltr'><strong>jacere,</strong></span> <span class='ocrx_word' id='word_1_592' title='bbox 2292 4165 2573 4220; x_wconf 89' lang='lat' dir='ltr'><strong>otiandum</strong></span> <span class='ocrx_word' id='word_1_593' title='bbox 2626 4181 2735 4219; x_wconf 89' lang='lat' dir='ltr'><strong>non</strong></span> <span class='ocrx_word' id='word_1_594' title='bbox 2784 4175 2963 4230; x_wconf 89' lang='lat' dir='ltr'><strong>esset,</strong></span> <span class='ocrx_word' id='word_1_595' title='bbox 2999 4181 3064 4221; x_wconf 89' lang='lat' dir='ltr'><strong>co</strong></span> <span class='ocrx_word' id='word_1_596' title='bbox 3094 4166 3237 4237; x_wconf 88' lang='lat' dir='ltr'><strong>quod</strong></span> <span class='ocrx_word' id='word_1_597' title='bbox 3279 4166 3457 4222; x_wconf 89' lang='lat' dir='ltr'><strong>adhuc</strong></span> <span class='ocrx_word' id='word_1_598' title='bbox 3500 4170 3599 4223; x_wconf 90' lang='lat' dir='ltr'><strong>tri-</strong></span> 
     </span>
    </p>
   </div>
   <div class='ocr_carea' id='block_1_86' title="bbox 2025 4256 3595 4330">
    <p class='ocr_par' dir='ltr' id='par_1_86' title="bbox 2025 4256 3595 4330">
     <span class='ocr_line' id='line_1_86' title="bbox 2025 4256 3595 4330; baseline 0.004 -20"><span class='ocrx_word' id='word_1_599' title='bbox 2025 4258 2175 4328; x_wconf 88' lang='lat' dir='ltr'><strong>ginta</strong></span> <span class='ocrx_word' id='word_1_600' title='bbox 2205 4265 2316 4312; x_wconf 90' lang='lat' dir='ltr'><strong>tres</strong></span> <span class='ocrx_word' id='word_1_601' title='bbox 2363 4257 2479 4312; x_wconf 85' lang='lat' dir='ltr'><strong>dies</strong></span> <span class='ocrx_word' id='word_1_602' title='bbox 2512 4258 2669 4312; x_wconf 90' lang='lat' dir='ltr'><strong>nobis</strong></span> <span class='ocrx_word' id='word_1_603' title='bbox 2713 4256 2781 4311; x_wconf 88' lang='lat' dir='ltr'><strong>ad</strong></span> <span class='ocrx_word' id='word_1_604' title='bbox 2820 4257 2964 4312; x_wconf 90' lang='lat' dir='ltr'><strong>diem</strong></span> <span class='ocrx_word' id='word_1_605' title='bbox 3004 4259 3361 4313; x_wconf 85' lang='lat' dir='ltr'><strong>constitutum</strong></span> <span class='ocrx_word' id='word_1_606' title='bbox 3401 4277 3595 4330; x_wconf 87' lang='lat' dir='ltr'><strong>super-</strong></span> 
     </span>
    </p>
   </div>
   <div class='ocr_carea' id='block_1_87' title="bbox 2024 4350 3593 4417">
    <p class='ocr_par' dir='ltr' id='par_1_87' title="bbox 2024 4350 3593 4417">
     <span class='ocr_line' id='line_1_87' title="bbox 2024 4350 3593 4417; baseline 0.004 -13"><span class='ocrx_word' id='word_1_607' title='bbox 2024 4350 2175 4417; x_wconf 87' lang='lat' dir='ltr'><strong>sint;</strong></span> <span class='ocrx_word' id='word_1_608' title='bbox 2219 4351 2345 4405; x_wconf 90' lang='lat' dir='ltr'><strong>misi</strong></span> <span class='ocrx_word' id='word_1_609' title='bbox 2397 4351 2648 4405; x_wconf 86' lang='lat' dir='ltr'><strong>celeritcr</strong></span> <span class='ocrx_word' id='word_1_610' title='bbox 2695 4351 2762 4404; x_wconf 91' lang='lat' dir='ltr'><strong>ad</strong></span> <span class='ocrx_word' id='word_1_611' title='bbox 2812 4351 3328 4407; x_wconf 77' lang='lat' dir='ltr'><strong>reverendissimnm</strong></span> <span class='ocrx_word' id='word_1_612' title='bbox 3371 4352 3593 4411; x_wconf 72' lang='lat' dir='ltr'><strong>fratrem</strong></span> 
     </span>
    </p>
   </div>
   <div class='ocr_carea' id='block_1_88' title="bbox 2022 4441 3592 4508">
    <p class='ocr_par' dir='ltr' id='par_1_88' title="bbox 2022 4441 3592 4508">
     <span class='ocr_line' id='line_1_88' title="bbox 2022 4441 3592 4508; baseline 0.002 -13"><span class='ocrx_word' id='word_1_613' title='bbox 2022 4441 2366 4497; x_wconf 87' lang='lat' dir='ltr'><strong>Eustathium</strong></span> <span class='ocrx_word' id='word_1_614' title='bbox 2413 4444 2849 4496; x_wconf 72' lang='lat' dir='ltr'><strong>comministruzn</strong></span> <span class='ocrx_word' id='word_1_615' title='bbox 2896 4452 3146 4496; x_wconf 87' lang='lat' dir='ltr'><strong>nostrum</strong></span> <span class='ocrx_word' id='word_1_616' title='bbox 3200 4444 3298 4498; x_wconf 84' lang='lat' dir='ltr'><strong>has</strong></span> <span class='ocrx_word' id='word_1_617' title='bbox 3350 4444 3592 4508; x_wconf 81' lang='lat' dir='ltr'><strong>litteras,</strong></span> 
     </span>
    </p>
   </div>
   <div class='ocr_carea' id='block_1_89' title="bbox 2023 4534 3591 4604">
    <p class='ocr_par' dir='ltr' id='par_1_89' title="bbox 2023 4534 3591 4604">
     <span class='ocr_line' id='line_1_89' title="bbox 2023 4534 3591 4604; baseline 0.001 -19"><span class='ocrx_word' id='word_1_618' title='bbox 2023 4541 2082 4586; x_wconf 92' lang='lat' dir='ltr'><strong>ut</strong></span> <span class='ocrx_word' id='word_1_619' title='bbox 2114 4534 2288 4603; x_wconf 88' lang='lat' dir='ltr'><strong>ipsius</strong></span> <span class='ocrx_word' id='word_1_620' title='bbox 2318 4547 2480 4602; x_wconf 85' lang='lat' dir='ltr'><strong>opera</strong></span> <span class='ocrx_word' id='word_1_621' title='bbox 2508 4535 2951 4587; x_wconf 87' lang='lat' dir='ltr'><strong>transmittantur</strong></span> <span class='ocrx_word' id='word_1_622' title='bbox 2981 4534 3046 4587; x_wconf 90' lang='lat' dir='ltr'><strong>ad</strong></span> <span class='ocrx_word' id='word_1_623' title='bbox 3080 4544 3223 4586; x_wconf 87' lang='lat' dir='ltr'><strong>tuam</strong></span> <span class='ocrx_word' id='word_1_624' title='bbox 3248 4534 3591 4604; x_wconf 79' lang='lat' dir='ltr'><strong>gravitatem,</strong></span> 
     </span>
    </p>
   </div>
   <div class='ocr_carea' id='block_1_90' title="bbox 2024 4622 3591 4693">
    <p class='ocr_par' dir='ltr' id='par_1_90' title="bbox 2024 4622 3591 4693">
     <span class='ocr_line' id='line_1_90' title="bbox 2024 4622 3591 4693; baseline -0.001 -16"><span class='ocrx_word' id='word_1_625' title='bbox 2024 4640 2086 4677; x_wconf 82' lang='lat' dir='ltr'><strong>ac</strong></span> <span class='ocrx_word' id='word_1_626' title='bbox 2118 4626 2228 4677; x_wconf 86' lang='lat' dir='ltr'><strong>cito</strong></span> <span class='ocrx_word' id='word_1_627' title='bbox 2264 4638 2454 4677; x_wconf 86' lang='lat' dir='ltr'><strong>rursus</strong></span> <span class='ocrx_word' id='word_1_628' title='bbox 2486 4639 2745 4693; x_wconf 82' lang='lat' dir='ltr'><strong>responsa</strong></span> <span class='ocrx_word' id='word_1_629' title='bbox 2774 4625 2840 4678; x_wconf 87' lang='lat' dir='ltr'><strong>ad</strong></span> <span class='ocrx_word' id='word_1_630' title='bbox 2876 4640 2977 4678; x_wconf 89' lang='lat' dir='ltr'><strong>nos</strong></span> <span class='ocrx_word' id='word_1_631' title='bbox 3009 4623 3337 4677; x_wconf 84' lang='lat' dir='ltr'><strong>referantur.</strong></span> <span class='ocrx_word' id='word_1_632' title='bbox 3377 4622 3591 4676; x_wconf 79' lang='lat' dir='ltr'><strong>Etenim</strong></span> 
     </span>
    </p>
   </div>
   <div class='ocr_carea' id='block_1_91' title="bbox 2023 4714 3591 4783">
    <p class='ocr_par' dir='ltr' id='par_1_91' title="bbox 2023 4714 3591 4783">
     <span class='ocr_line' id='line_1_91' title="bbox 2023 4714 3591 4783; baseline -0.001 -15"><span class='ocrx_word' id='word_1_633' title='bbox 2023 4714 2067 4768; x_wconf 89' lang='lat' dir='ltr'><strong>si</strong></span> <span class='ocrx_word' id='word_1_634' title='bbox 2102 4714 2213 4769; x_wconf 82' lang='lat' dir='ltr'><strong>ﬁeri</strong></span> <span class='ocrx_word' id='word_1_635' title='bbox 2253 4722 2463 4783; x_wconf 81' lang='lat' dir='ltr'><strong>potest,</strong></span> <span class='ocrx_word' id='word_1_636' title='bbox 2500 4722 2592 4767; x_wconf 89' lang='lat' dir='ltr'><strong>aut</strong></span> <span class='ocrx_word' id='word_1_637' title='bbox 2632 4715 2831 4783; x_wconf 86' lang='lat' dir='ltr'><strong>alioqui</strong></span> <span class='ocrx_word' id='word_1_638' title='bbox 2864 4715 3120 4783; x_wconf 86' lang='lat' dir='ltr'><strong>placitum</strong></span> <span class='ocrx_word' id='word_1_639' title='bbox 3156 4714 3287 4779; x_wconf 88' lang='lat' dir='ltr'><strong>tibi,</strong></span> <span class='ocrx_word' id='word_1_640' title='bbox 3322 4724 3379 4766; x_wconf 92' lang='lat' dir='ltr'><strong>ut</strong></span> <span class='ocrx_word' id='word_1_641' title='bbox 3410 4729 3474 4771; x_wconf 86' lang='lat' dir='ltr'><strong>co</strong></span> <span class='ocrx_word' id='word_1_642' title='bbox 3503 4728 3591 4766; x_wconf 83' lang='lat' dir='ltr'><strong>\e-</strong></span> 
     </span>
    </p>
   </div>
   <div class='ocr_carea' id='block_1_92' title="bbox 347 4806 1928 4880">
    <p class='ocr_par' dir='ltr' id='par_1_92' title="bbox 347 4806 1914 4880">
     <span class='ocr_line' id='line_1_92' title="bbox 347 4806 1914 4880; baseline 0.002 -24"><span class='ocrx_word' id='word_1_643' title='bbox 347 4806 635 4877; x_wconf 80' lang='grc' dir='ltr'>σεμνότητι</span> <span class='ocrx_word' id='word_1_644' title='bbox 677 4810 810 4880; x_wconf 71' lang='grc'>(72),</span> <span class='ocrx_word' id='word_1_645' title='bbox 855 4811 948 4861; x_wconf 77' lang='grc' dir='ltr'><strong>καὶ</strong></span> <span class='ocrx_word' id='word_1_646' title='bbox 992 4809 1151 4861; x_wconf 79' lang='grc' dir='ltr'>πάλιν</span> <span class='ocrx_word' id='word_1_647' title='bbox 1201 4810 1258 4861; x_wconf 80' lang='grc' dir='ltr'><strong>ἐν</strong></span> <span class='ocrx_word' id='word_1_648' title='bbox 1294 4809 1446 4877; x_wconf 77' lang='grc' dir='ltr'>τάχει</span> <span class='ocrx_word' id='word_1_649' title='bbox 1486 4808 1914 4878; x_wconf 79' lang='grc' dir='ltr'>ἀνακομισθῆναι</span> 
     </span>
    </p>
   </div>
   <div class='ocr_carea' id='block_1_93' title="bbox 2032 4806 3587 4880">
    <p class='ocr_par' dir='ltr' id='par_1_93' title="bbox 2032 4806 3587 4875">
     <span class='ocr_line' id='line_1_93' title="bbox 2032 4806 3587 4875; baseline 0 -20"><span class='ocrx_word' id='word_1_650' title='bbox 2032 4806 2163 4866; x_wconf 81' lang='lat' dir='ltr'><strong>nius,</strong></span> <span class='ocrx_word' id='word_1_651' title='bbox 2198 4820 2299 4858; x_wconf 89' lang='lat' dir='ltr'><strong>nos</strong></span> <span class='ocrx_word' id='word_1_652' title='bbox 2326 4820 2544 4875; x_wconf 87' lang='lat' dir='ltr'><strong>quoque</strong></span> <span class='ocrx_word' id='word_1_653' title='bbox 2577 4807 2896 4869; x_wconf 80' lang='lat' dir='ltr'><strong>veniemus;</strong></span> <span class='ocrx_word' id='word_1_654' title='bbox 2931 4807 3017 4859; x_wconf 91' lang='lat' dir='ltr'><strong>sin</strong></span> <span class='ocrx_word' id='word_1_655' title='bbox 3052 4806 3256 4867; x_wconf 79' lang='lat' dir='ltr'><strong>minus,</strong></span> <span class='ocrx_word' id='word_1_656' title='bbox 3288 4818 3390 4859; x_wconf 89' lang='lat' dir='ltr'><strong>nos</strong></span> <span class='ocrx_word' id='word_1_657' title='bbox 3418 4810 3587 4870; x_wconf 81' lang='lat' dir='ltr'><strong>certe,</strong></span> 
     </span>
    </p>
   </div>
   <div class='ocr_carea' id='block_1_94' title="bbox 346 4898 1908 4971">
    <p class='ocr_par' dir='ltr' id='par_1_94' title="bbox 346 4898 1908 4971">
     <span class='ocr_line' id='line_1_94' title="bbox 346 4898 1908 4971; baseline 0.003 -23"><span class='ocrx_word' id='word_1_658' title='bbox 346 4898 475 4965; x_wconf 74' lang='grc' dir='ltr'>ἡμῖν</span> <span class='ocrx_word' id='word_1_659' title='bbox 513 4899 613 4963; x_wconf 75' lang='grc' dir='ltr'>τὰς</span> <span class='ocrx_word' id='word_1_660' title='bbox 665 4901 1000 4971; x_wconf 83' lang='grc' dir='ltr'>ἀποκρίσεις.</span> <span class='ocrx_word' id='word_1_661' title='bbox 1031 4901 1092 4953; x_wconf 80' lang='lat' dir='ltr'><strong>Ei</strong></span> <span class='ocrx_word' id='word_1_662' title='bbox 1142 4900 1238 4969; x_wconf 81' lang='grc' dir='ltr'><strong>μὲν</strong></span> <span class='ocrx_word' id='word_1_663' title='bbox 1263 4899 1368 4971; x_wconf 80' lang='grc' dir='ltr'>γὰρ</span> <span class='ocrx_word' id='word_1_664' title='bbox 1395 4900 1643 4961; x_wconf 72' lang='grc' dir='ltr'>δυνατὸν,</span> <span class='ocrx_word' id='word_1_665' title='bbox 1674 4900 1707 4969; x_wconf 82' lang='grc' dir='ltr'>ἢ</span> <span class='ocrx_word' id='word_1_666' title='bbox 1738 4900 1908 4963; x_wconf 81' lang='grc' dir='ltr'>ἄλλως</span> 
     </span>
    </p>
   </div>
   <div class='ocr_carea' id='block_1_95' title="bbox 344 4987 1905 5058">
    <p class='ocr_par' dir='ltr' id='par_1_95' title="bbox 344 4987 1905 5058">
     <span class='ocr_line' id='line_1_95' title="bbox 344 4987 1905 5058; baseline 0.002 -20"><span class='ocrx_word' id='word_1_667' title='bbox 344 4987 576 5057; x_wconf 78' lang='grc' dir='ltr'>ἀρέσκον</span> <span class='ocrx_word' id='word_1_668' title='bbox 609 5006 710 5051; x_wconf 86' lang='grc' dir='ltr'>σοι,</span> <span class='ocrx_word' id='word_1_669' title='bbox 741 4990 1162 5057; x_wconf 75' lang='grc' dir='ltr'>παραγενέσθαι,</span> <span class='ocrx_word' id='word_1_670' title='bbox 1196 4989 1289 5041; x_wconf 76' lang='grc' dir='ltr'><strong>καὶ</strong></span> <span class='ocrx_word' id='word_1_671' title='bbox 1332 4990 1486 5042; x_wconf 74' lang='grc' dir='ltr'>αὐτοὶ</span> <span class='ocrx_word' id='word_1_672' title='bbox 1526 4988 1905 5058; x_wconf 74' lang='grc' dir='ltr'>παρεσόμεθαο</span> 
     </span>
    </p>
   </div>
   <div class='ocr_carea' id='block_1_96' title="bbox 344 5076 1909 5151">
    <p class='ocr_par' dir='ltr' id='par_1_96' title="bbox 344 5076 1909 5151">
     <span class='ocr_line' id='line_1_96' title="bbox 344 5076 1909 5151; baseline 0.003 -24"><span class='ocrx_word' id='word_1_673' title='bbox 344 5077 391 5128; x_wconf 84' lang='grc' dir='ltr'>εἰ</span> <span class='ocrx_word' id='word_1_674' title='bbox 432 5076 490 5128; x_wconf 81' lang='grc' dir='ltr'>δὲ</span> <span class='ocrx_word' id='word_1_675' title='bbox 545 5076 641 5146; x_wconf 80' lang='grc' dir='ltr'>μὴ,</span> <span class='ocrx_word' id='word_1_676' title='bbox 675 5082 824 5132; x_wconf 68' lang='grc' dir='ltr'>αὐτοὶ</span> <span class='ocrx_word' id='word_1_677' title='bbox 870 5084 986 5151; x_wconf 75' lang='grc' dir='ltr'>μὲν,</span> <span class='ocrx_word' id='word_1_678' title='bbox 1020 5081 1085 5133; x_wconf 86' lang='grc' dir='ltr'><strong>ἂν</strong></span> <span class='ocrx_word' id='word_1_679' title='bbox 1119 5083 1147 5133; x_wconf 83' lang='grc' dir='ltr'><strong>ό</strong></span> <span class='ocrx_word' id='word_1_680' title='bbox 1180 5080 1312 5143; x_wconf 74' lang='grc' dir='ltr'>Θεὸς</span> <span class='ocrx_word' id='word_1_681' title='bbox 1344 5080 1491 5149; x_wconf 78' lang='grc' dir='ltr'>θέλῃ,</span> <span class='ocrx_word' id='word_1_682' title='bbox 1526 5080 1585 5131; x_wconf 83' lang='grc' dir='ltr'>τὸ</span> <span class='ocrx_word' id='word_1_683' title='bbox 1623 5082 1909 5149; x_wconf 81' lang='grc' dir='ltr'>περυσινὸν</span> 
     </span>
    </p>
   </div>
   <div class='ocr_carea' id='block_1_97' title="bbox 341 5166 1908 5243">
    <p class='ocr_par' dir='ltr' id='par_1_97' title="bbox 341 5166 1908 5243">
     <span class='ocr_line' id='line_1_97' title="bbox 341 5166 1908 5243; baseline 0.004 -24"><span class='ocrx_word' id='word_1_684' title='bbox 341 5166 675 5236; x_wconf 81' lang='grc' dir='ltr'>ἀποτίσομεν</span> <span class='ocrx_word' id='word_1_685' title='bbox 714 5170 870 5239; x_wconf 84' lang='grc' dir='ltr'>χρέος</span> <span class='ocrx_word' id='word_1_686' title='bbox 902 5173 1002 5243; x_wconf 83' lang='grc' dir='ltr'>τῆς</span> <span class='ocrx_word' id='word_1_687' title='bbox 1034 5172 1354 5242; x_wconf 85' lang='grc' dir='ltr'>συντυχίας·</span> <span class='ocrx_word' id='word_1_688' title='bbox 1406 5171 1501 5223; x_wconf 80' lang='grc' dir='ltr'>ἐὰν</span> <span class='ocrx_word' id='word_1_689' title='bbox 1539 5174 1610 5242; x_wconf 84' lang='grc' dir='ltr'>μή</span> <span class='ocrx_word' id='word_1_690' title='bbox 1652 5189 1702 5225; x_wconf 91' lang='grc' dir='ltr'><strong>τι</strong></span> <span class='ocrx_word' id='word_1_691' title='bbox 1748 5170 1908 5225; x_wconf 86' lang='grc' dir='ltr'>πάλιν</span> 
     </span>
    </p>
   </div>
   <div class='ocr_carea' id='block_1_98' title="bbox 2021 4896 3590 4966">
    <p class='ocr_par' dir='ltr' id='par_1_98' title="bbox 2021 4896 3590 4966">
     <span class='ocr_line' id='line_1_98' title="bbox 2021 4896 3590 4966; baseline -0.002 -19"><span class='ocrx_word' id='word_1_692' title='bbox 2021 4896 2132 4949; x_wconf 78' lang='grc' dir='ltr'><strong>Ι)ρο</strong></span> <span class='ocrx_word' id='word_1_693' title='bbox 2165 4899 2415 4954; x_wconf 75' lang='lat' dir='ltr'><strong>volente.</strong></span> <span class='ocrx_word' id='word_1_694' title='bbox 2464 4914 2794 4966; x_wconf 85' lang='lat' dir='ltr'><strong>congressus</strong></span> <span class='ocrx_word' id='word_1_695' title='bbox 2834 4897 3073 4952; x_wconf 84' lang='lat' dir='ltr'><strong>debitum</strong></span> <span class='ocrx_word' id='word_1_696' title='bbox 3113 4898 3180 4950; x_wconf 89' lang='lat' dir='ltr'><strong>ab</strong></span> <span class='ocrx_word' id='word_1_697' title='bbox 3225 4911 3367 4950; x_wconf 89' lang='lat' dir='ltr'><strong>anno</strong></span> <span class='ocrx_word' id='word_1_698' title='bbox 3395 4902 3590 4966; x_wconf 65' lang='lat' dir='ltr'><strong>praete.</strong></span> 
     </span>
    </p>
   </div>
   <div class='ocr_carea' id='block_1_99' title="bbox 2019 4985 3587 5057">
    <p class='ocr_par' dir='ltr' id='par_1_99' title="bbox 2019 4985 3587 5057">
     <span class='ocr_line' id='line_1_99' title="bbox 2019 4985 3587 5057; baseline -0.004 -14"><span class='ocrx_word' id='word_1_699' title='bbox 2019 4990 2124 5043; x_wconf 90' lang='lat' dir='ltr'><strong>rito</strong></span> <span class='ocrx_word' id='word_1_700' title='bbox 2147 4999 2489 5044; x_wconf 88' lang='lat' dir='ltr'><strong>contractum</strong></span> <span class='ocrx_word' id='word_1_701' title='bbox 2536 4992 2947 5057; x_wconf 65' lang='grc' dir='ltr'>ροιέοινριιιυες</span> <span class='ocrx_word' id='word_1_702' title='bbox 2982 4989 3087 5043; x_wconf 89' lang='lat' dir='ltr'><strong>nisi</strong></span> <span class='ocrx_word' id='word_1_703' title='bbox 3121 5004 3314 5043; x_wconf 88' lang='lat' dir='ltr'><strong>rursus</strong></span> <span class='ocrx_word' id='word_1_704' title='bbox 3356 4985 3587 5056; x_wconf 87' lang='lat' dir='ltr'><strong>impedi-</strong></span> 
     </span>
    </p>
   </div>
   <div class='ocr_carea' id='block_1_100' title="bbox 2020 5080 3587 5151">
    <p class='ocr_par' dir='ltr' id='par_1_100' title="bbox 2020 5080 3587 5151">
     <span class='ocr_line' id='line_1_100' title="bbox 2020 5080 3587 5151; baseline 0.001 -18"><span class='ocrx_word' id='word_1_705' title='bbox 2020 5089 2261 5133; x_wconf 67' lang='lat' dir='ltr'><strong>mentum</strong></span> <span class='ocrx_word' id='word_1_706' title='bbox 2286 5082 2502 5151; x_wconf 88' lang='lat' dir='ltr'><strong>aliquod</strong></span> <span class='ocrx_word' id='word_1_707' title='bbox 2526 5082 2682 5135; x_wconf 83' lang='lat' dir='ltr'><strong>nobis</strong></span> <span class='ocrx_word' id='word_1_708' title='bbox 2702 5081 2961 5134; x_wconf 78' lang='lat' dir='ltr'><strong>acciderit</strong></span> <span class='ocrx_word' id='word_1_709' title='bbox 2984 5080 3052 5134; x_wconf 90' lang='lat' dir='ltr'><strong>ob</strong></span> <span class='ocrx_word' id='word_1_710' title='bbox 3066 5086 3309 5149; x_wconf 83' lang='lat' dir='ltr'><strong>peccata:</strong></span> <span class='ocrx_word' id='word_1_711' title='bbox 3326 5092 3587 5147; x_wconf 53' lang='lat' dir='ltr'><strong>congrrb</strong></span> 
     </span>
    </p>
   </div>
   <div class='ocr_carea' id='block_1_101' title="bbox 2017 5169 3579 5242">
    <p class='ocr_par' dir='ltr' id='par_1_101' title="bbox 2017 5169 3579 5242">
     <span class='ocr_line' id='line_1_101' title="bbox 2017 5169 3579 5242; baseline 0.001 -17"><span class='ocrx_word' id='word_1_712' title='bbox 2017 5186 2136 5225; x_wconf 92' lang='lat' dir='ltr'><strong>sum</strong></span> <span class='ocrx_word' id='word_1_713' title='bbox 2167 5187 2295 5226; x_wconf 85' lang='lat' dir='ltr'><strong>vero</strong></span> <span class='ocrx_word' id='word_1_714' title='bbox 2319 5187 2441 5227; x_wconf 87' lang='lat' dir='ltr'><strong>cum</strong></span> <span class='ocrx_word' id='word_1_715' title='bbox 2469 5173 2740 5242; x_wconf 83' lang='lat' dir='ltr'><strong>episcopis</strong></span> <span class='ocrx_word' id='word_1_716' title='bbox 2765 5172 2815 5224; x_wconf 92' lang='lat' dir='ltr'><strong>in</strong></span> <span class='ocrx_word' id='word_1_717' title='bbox 2841 5172 2984 5225; x_wconf 90' lang='lat' dir='ltr'><strong>aliud</strong></span> <span class='ocrx_word' id='word_1_718' title='bbox 3014 5179 3226 5239; x_wconf 85' lang='lat' dir='ltr'><strong>tempus</strong></span> <span class='ocrx_word' id='word_1_719' title='bbox 3246 5169 3579 5226; x_wconf 77' lang='lat' dir='ltr'><strong>differemus.</strong></span> 
     </span>
    </p>
   </div>
   <div class='ocr_carea' id='block_1_102' title="bbox 342 5259 3443 5335">
    <p class='ocr_par' dir='ltr' id='par_1_102' title="bbox 342 5259 3443 5335">
     <span class='ocr_line' id='line_1_102' title="bbox 342 5259 3443 5335; baseline 0.003 -24"><span class='ocrx_word' id='word_1_720' title='bbox 342 5259 809 5330; x_wconf 80' lang='grc' dir='ltr'>ἐπιγένηταιὴμίν</span> <span class='ocrx_word' id='word_1_721' title='bbox 832 5262 894 5326; x_wconf 81' lang='grc' dir='ltr'>ἐξ</span> <span class='ocrx_word' id='word_1_722' title='bbox 917 5264 1202 5335; x_wconf 87' lang='grc' dir='ltr'>ἁμαρτιῶν</span> <span class='ocrx_word' id='word_1_723' title='bbox 1229 5263 1476 5334; x_wconf 80' lang='grc' dir='ltr'>κώλυμα,</span> <span class='ocrx_word' id='word_1_724' title='bbox 1504 5265 1603 5334; x_wconf 71' lang='grc' dir='ltr'><strong>τὴν</strong></span> <span class='ocrx_word' id='word_1_725' title='bbox 1635 5263 1691 5317; x_wconf 83' lang='grc' dir='ltr'>δὲ</span> <span class='ocrx_word' id='word_1_726' title='bbox 1723 5264 1831 5317; x_wconf 85' lang='grc' dir='ltr'><strong>τῶν</strong></span> <span class='ocrx_word' id='word_1_727' title='bbox 1866 5265 2181 5318; x_wconf 76' lang='grc' dir='ltr'>ἐπισκόπων</span> <span class='ocrx_word' id='word_1_728' title='bbox 2214 5265 2451 5330; x_wconf 80' lang='grc' dir='ltr'>ἔντευξιν</span> <span class='ocrx_word' id='word_1_729' title='bbox 2479 5267 2558 5327; x_wconf 86' lang='grc' dir='ltr'>εἰς</span> <span class='ocrx_word' id='word_1_730' title='bbox 2582 5265 2765 5335; x_wconf 73' lang='grc' dir='ltr'>ἕτερον</span> <span class='ocrx_word' id='word_1_731' title='bbox 2794 5263 2982 5334; x_wconf 79' lang='grc' dir='ltr'>χρόνον</span> <span class='ocrx_word' id='word_1_732' title='bbox 3006 5260 3443 5333; x_wconf 80' lang='grc' dir='ltr'>ὑπερθησόμεθα.</span> 
     </span>
    </p>
   </div>
   <div class='ocr_carea' id='block_1_103' title="bbox 412 5386 3200 5489">
    <p class='ocr_par' dir='ltr' id='par_1_103' title="bbox 412 5386 3200 5489">
     <span class='ocr_line' id='line_1_103' title="bbox 412 5386 3200 5489; baseline -0.001 -17"><span class='ocrx_word' id='word_1_733' title='bbox 412 5417 526 5489; x_wconf 81' lang='lat'><strong>(68)</strong></span> <span class='ocrx_word' id='word_1_734' title='bbox 577 5416 1075 5489; x_wconf 56' lang='lat' dir='ltr'><strong>‘Agzotinpodrtwr.</strong></span> <span class='ocrx_word' id='word_1_735' title='bbox 1116 5419 1194 5473; x_wconf 82' lang='lat' dir='ltr'><strong>ita</strong></span> <span class='ocrx_word' id='word_1_736' title='bbox 1236 5433 1332 5475; x_wconf 82' lang='lat' dir='ltr'><strong>sex</strong></span> <span class='ocrx_word' id='word_1_737' title='bbox 1361 5386 1495 5474; x_wconf 85' lang='lat' dir='ltr'><strong>mss.</strong></span> <span class='ocrx_word' id='word_1_738' title='bbox 1537 5417 1679 5472; x_wconf 87' lang='lat' dir='ltr'><strong>Editi</strong></span> <span class='ocrx_word' id='word_1_739' title='bbox 1709 5396 1917 5489; x_wconf 39' lang='lat' dir='ltr'><strong>cii-.081};</strong></span> <span class='ocrx_word' id='word_1_740' title='bbox 2010 5417 2211 5471; x_wconf 89' lang='lat' dir='ltr'><strong>Basilio</strong></span> <span class='ocrx_word' id='word_1_741' title='bbox 2241 5418 2551 5489; x_wconf 80' lang='lat' dir='ltr'><strong>communio</strong></span> <span class='ocrx_word' id='word_1_742' title='bbox 2583 5416 2808 5489; x_wconf 60' lang='lat' dir='ltr'><strong>laedebat</strong></span> <span class='ocrx_word' id='word_1_743' title='bbox 2840 5414 3200 5489; x_wconf 79' lang='lat' dir='ltr'><strong>Theodotum.</strong></span> 
     </span>
    </p>
   </div>
   <div class='ocr_carea' id='block_1_104' title="bbox 345 5486 1299 5576">
    <p class='ocr_par' dir='ltr' id='par_1_104' title="bbox 345 5486 1299 5576">
     <span class='ocr_line' id='line_1_104' title="bbox 345 5486 1299 5576; baseline 0.002 -36"><span class='ocrx_word' id='word_1_744' title='bbox 345 5486 825 5576; x_wconf 49' lang='lat' dir='ltr'><strong>m§;§0;;’ll3id£m</strong></span> <span class='ocrx_word' id='word_1_745' title='bbox 855 5487 1005 5576; x_wconf 55' lang='lat' dir='ltr'><strong>Pari.</strong></span> <span class='ocrx_word' id='word_1_746' title='bbox 1036 5490 1299 5576; x_wconf 65' lang='grc' dir='ltr'>περίοδον.</span> 
     </span>
    </p>
   </div>
   <div class='ocr_carea' id='block_1_105' title="bbox 413 5555 1905 5624">
    <p class='ocr_par' dir='ltr' id='par_1_105' title="bbox 413 5555 1905 5624">
     <span class='ocr_line' id='line_1_105' title="bbox 413 5555 1905 5624; baseline -0.002 -11"><span class='ocrx_word' id='word_1_747' title='bbox 413 5556 527 5624; x_wconf 74' lang='lat'><strong>(69)</strong></span> <span class='ocrx_word' id='word_1_748' title='bbox 566 5555 677 5610; x_wconf 80' lang='grc' dir='ltr'><strong>Καὶ</strong></span> <span class='ocrx_word' id='word_1_749' title='bbox 719 5556 1053 5623; x_wconf 68' lang='grc' dir='ltr'>διόρθωσινι</span> <span class='ocrx_word' id='word_1_750' title='bbox 1089 5555 1414 5624; x_wconf 84' lang='lat' dir='ltr'><strong>Conjunctio</strong></span> <span class='ocrx_word' id='word_1_751' title='bbox 1464 5557 1644 5611; x_wconf 89' lang='lat' dir='ltr'><strong>addita</strong></span> <span class='ocrx_word' id='word_1_752' title='bbox 1699 5572 1765 5611; x_wconf 79' lang='lat' dir='ltr'><strong>ex</strong></span> <span class='ocrx_word' id='word_1_753' title='bbox 1813 5571 1905 5611; x_wconf 76' lang='lat' dir='ltr'><strong>sex</strong></span> 
     </span>
    </p>
   </div>
   <div class='ocr_carea' id='block_1_106' title="bbox 342 5626 1908 5692">
    <p class='ocr_par' dir='ltr' id='par_1_106' title="bbox 342 5626 1908 5692">
     <span class='ocr_line' id='line_1_106' title="bbox 342 5626 1908 5692; baseline 0 -12"><span class='ocrx_word' id='word_1_754' title='bbox 342 5642 479 5683; x_wconf 78' lang='lat' dir='ltr'><strong>mss.</strong></span> <span class='ocrx_word' id='word_1_755' title='bbox 507 5626 661 5692; x_wconf 86' lang='lat' dir='ltr'><strong>Quod</strong></span> <span class='ocrx_word' id='word_1_756' title='bbox 698 5635 878 5680; x_wconf 87' lang='lat' dir='ltr'><strong>autem</strong></span> <span class='ocrx_word' id='word_1_757' title='bbox 920 5628 995 5680; x_wconf 88' lang='lat' dir='ltr'><strong>ait</strong></span> <span class='ocrx_word' id='word_1_758' title='bbox 1024 5627 1260 5682; x_wconf 88' lang='lat' dir='ltr'><strong>Basilius</strong></span> <span class='ocrx_word' id='word_1_759' title='bbox 1286 5628 1556 5682; x_wconf 85' lang='lat' dir='ltr'><strong>Meletium</strong></span> <span class='ocrx_word' id='word_1_760' title='bbox 1583 5636 1637 5683; x_wconf 88' lang='lat' dir='ltr'><strong>et</strong></span> <span class='ocrx_word' id='word_1_761' title='bbox 1659 5627 1908 5682; x_wconf 86' lang='lat' dir='ltr'><strong>Theodo-</strong></span> 
     </span>
    </p>
   </div>
   <div class='ocr_carea' id='block_1_107' title="bbox 343 5696 1906 5767">
    <p class='ocr_par' dir='ltr' id='par_1_107' title="bbox 343 5696 1906 5767">
     <span class='ocr_line' id='line_1_107' title="bbox 343 5696 1906 5767; baseline 0.001 -18"><span class='ocrx_word' id='word_1_762' title='bbox 343 5707 458 5751; x_wconf 89' lang='lat' dir='ltr'><strong>tum</strong></span> <span class='ocrx_word' id='word_1_763' title='bbox 502 5696 937 5767; x_wconf 81' lang='lat' dir='ltr'><strong>emendationem</strong></span> <span class='ocrx_word' id='word_1_764' title='bbox 968 5713 1391 5767; x_wconf 35' lang='lat' dir='ltr'><strong>eorumtqua:</strong></span> <span class='ocrx_word' id='word_1_765' title='bbox 1449 5699 1676 5753; x_wconf 87' lang='lat' dir='ltr'><strong>molesta</strong></span> <span class='ocrx_word' id='word_1_766' title='bbox 1727 5704 1906 5759; x_wconf 89' lang='lat' dir='ltr'><strong>erant,</strong></span> 
     </span>
    </p>
   </div>
   <div class='ocr_carea' id='block_1_108' title="bbox 339 5765 1905 5841">
    <p class='ocr_par' dir='ltr' id='par_1_108' title="bbox 339 5765 1905 5841">
     <span class='ocr_line' id='line_1_108' title="bbox 339 5765 1905 5841; baseline -0.002 -17"><span class='ocrx_word' id='word_1_767' title='bbox 339 5767 715 5837; x_wconf 61' lang='lat' dir='ltr'><strong>cxoptassedd</strong></span> <span class='ocrx_word' id='word_1_768' title='bbox 740 5765 928 5821; x_wconf 83' lang='lat' dir='ltr'><strong>referri</strong></span> <span class='ocrx_word' id='word_1_769' title='bbox 950 5765 1110 5822; x_wconf 88' lang='lat' dir='ltr'><strong>debet</strong></span> <span class='ocrx_word' id='word_1_770' title='bbox 1131 5768 1195 5820; x_wconf 89' lang='lat' dir='ltr'><strong>ad</strong></span> <span class='ocrx_word' id='word_1_771' title='bbox 1222 5765 1585 5835; x_wconf 80' lang='lat' dir='ltr'><strong>Eustathium,</strong></span> <span class='ocrx_word' id='word_1_772' title='bbox 1601 5769 1759 5841; x_wconf 84' lang='lat' dir='ltr'><strong>cujus</strong></span> <span class='ocrx_word' id='word_1_773' title='bbox 1778 5781 1905 5822; x_wconf 91' lang='lat' dir='ltr'><strong>cum</strong></span> 
     </span>
    </p>
   </div>
   <div class='ocr_carea' id='block_1_109' title="bbox 617 5859 1341 5924">
    <p class='ocr_par' dir='ltr' id='par_1_109' title="bbox 617 5859 1341 5924">
     <span class='ocr_line' id='line_1_109' title="bbox 617 5859 1341 5924; baseline 0.01 -7"><span class='ocrx_word' id='word_1_774' title='bbox 617 5861 886 5923; x_wconf 61' lang='lat' dir='ltr'><strong>lumen.</strong></span> <span class='ocrx_word' id='word_1_775' title='bbox 923 5859 1040 5923; x_wconf 82' lang='lat' dir='ltr'><strong>Gn.</strong></span> <span class='ocrx_word' id='word_1_776' title='bbox 1073 5864 1341 5924; x_wconf 68' lang='lat' dir='ltr'><strong>XXXII.</strong></span> 
     </span>
    </p>
   </div>
   <div class='ocr_carea' id='block_1_110' title="bbox 2081 5484 3439 5556">
    <p class='ocr_par' dir='ltr' id='par_1_110' title="bbox 2081 5484 3439 5556">
     <span class='ocr_line' id='line_1_110' title="bbox 2081 5484 3439 5556; baseline 0.001 -16"><span class='ocrx_word' id='word_1_777' title='bbox 2081 5490 2193 5554; x_wconf 82' lang='lat'><strong>(70)</strong></span> <span class='ocrx_word' id='word_1_778' title='bbox 2234 5487 2604 5555; x_wconf 69' lang='grc' dir='ltr'>Φαργτιμοῦν.</span> <span class='ocrx_word' id='word_1_779' title='bbox 2646 5486 2812 5556; x_wconf 65' lang='grc' dir='ltr'>βοίει.</span> <span class='ocrx_word' id='word_1_780' title='bbox 2850 5487 3057 5554; x_wconf 87' lang='lat' dir='ltr'><strong>primus</strong></span> <span class='ocrx_word' id='word_1_781' title='bbox 3082 5484 3439 5556; x_wconf 57' lang='lat' dir='ltr'><strong>flfapttayoﬁv.</strong></span> 
     </span>
    </p>
   </div>
   <div class='ocr_carea' id='block_1_111' title="bbox 2103 5554 3580 5631">
    <p class='ocr_par' dir='ltr' id='par_1_111' title="bbox 2103 5554 3580 5631">
     <span class='ocr_line' id='line_1_111' title="bbox 2103 5554 3580 5631; baseline -0.001 -21"><span class='ocrx_word' id='word_1_782' title='bbox 2103 5558 2191 5631; x_wconf 58' lang='grc' dir='ltr'>ῃ)</span> <span class='ocrx_word' id='word_1_783' title='bbox 2227 5554 2722 5631; x_wconf 49' lang='grc' dir='ltr'>ΙΙεριςςᾳνείςι.-Ιιο</span> <span class='ocrx_word' id='word_1_784' title='bbox 2759 5570 2892 5610; x_wconf 87' lang='lat' dir='ltr'><strong>mss.</strong></span> <span class='ocrx_word' id='word_1_785' title='bbox 2929 5554 3223 5631; x_wconf 63' lang='lat' dir='ltr'><strong>sex._l&#39;_lditi</strong></span> <span class='ocrx_word' id='word_1_786' title='bbox 3264 5555 3580 5631; x_wconf 73' lang='grc' dir='ltr'>ἐπιφανείᾳ.</span> 
     </span>
    </p>
   </div>
   <div class='ocr_carea' id='block_1_112' title="bbox 2106 5625 3509 5700">
    <p class='ocr_par' dir='ltr' id='par_1_112' title="bbox 2106 5625 3509 5700">
     <span class='ocr_line' id='line_1_112' title="bbox 2106 5625 3509 5700; baseline 0.001 -20"><span class='ocrx_word' id='word_1_787' title='bbox 2106 5625 2208 5700; x_wconf 34' lang='grc'><strong>72)-</strong></span> <span class='ocrx_word' id='word_1_788' title='bbox 2232 5628 2573 5700; x_wconf 47' lang='lat' dir='ltr'><strong>Segrega.</strong></span> <span class='ocrx_word' id='word_1_789' title='bbox 2617 5625 2692 5700; x_wconf 90' lang='lat' dir='ltr'><strong>lt_a</strong></span> <span class='ocrx_word' id='word_1_790' title='bbox 2722 5633 2844 5679; x_wconf 92' lang='lat' dir='ltr'><strong>octo</strong></span> <span class='ocrx_word' id='word_1_791' title='bbox 2876 5625 3183 5700; x_wconf 56' lang='lat' dir='ltr'><strong>mss_._i:3diti</strong></span> <span class='ocrx_word' id='word_1_792' title='bbox 3216 5625 3509 5700; x_wconf 85' lang='grc' dir='ltr'>τιμιότητι.</span> 
     </span>
    </p>
   </div>
   <div class='ocr_carea' id='block_1_113' title="bbox 2078 5695 3098 5766">
    <p class='ocr_par' dir='ltr' id='par_1_113' title="bbox 2078 5695 3098 5766">
     <span class='ocr_line' id='line_1_113' title="bbox 2078 5695 3098 5766; baseline -0.001 -15"><span class='ocrx_word' id='word_1_793' title='bbox 2078 5695 2096 5723; x_wconf 70' lang='grc' dir='ltr'><strong>ί</strong></span> <span class='ocrx_word' id='word_1_794' title='bbox 2129 5697 2277 5753; x_wconf 88' lang='lat' dir='ltr'><strong>Alias</strong></span> <span class='ocrx_word' id='word_1_795' title='bbox 2306 5695 2531 5761; x_wconf 78' lang='lat' dir='ltr'><strong>CCXLI,</strong></span> <span class='ocrx_word' id='word_1_796' title='bbox 2568 5697 2768 5766; x_wconf 87' lang='lat' dir='ltr'><strong>scripta</strong></span> <span class='ocrx_word' id='word_1_797' title='bbox 2804 5712 2947 5751; x_wconf 87' lang='lat' dir='ltr'><strong>anno</strong></span> <span class='ocrx_word' id='word_1_798' title='bbox 2974 5695 3098 5750; x_wconf 73' lang='lat'><strong>572.</strong></span> 
     </span>
    </p>
   </div>
   <div class='ocr_carea' id='block_1_114' title="bbox 3268 5853 3344 5911">
    <p class='ocr_par' dir='ltr' id='par_1_114' title="bbox 3268 5853 3344 5911">
     <span class='ocr_line' id='line_1_114' title="bbox 3268 5853 3344 5911; baseline -0.013 0"><span class='ocrx_word' id='word_1_799' title='bbox 3268 5853 3344 5911; x_wconf 82' lang='grc'>16</span> 
     </span>
    </p>
   </div>
  </div>
