3988 6194
420 358 516 413 ιρι

917 556 1251 615 EPISTOLA
1291 555 1494 613 XCVI‘.

1754 354 1812 412 S.
1853 355 2090 413 BASILII
2127 352 2337 412 MAGNI

3565 353 3688 414 £93

2625 555 2975 611 summa
3009 548 3140 625 ιιςῖν.

433 695 732 746 Demonstrat
754 694 966 747 Basilius
986 704 1215 762 quantum
1246 692 1429 762 amicta
1460 691 2029 762 _Cappadocia_dar_nnnm
2052 690 2241 762 fecerit,
2267 691 2436 762 gelato
2466 690 2513 762 ei
2549 690 2956 762 praestantissimo
2974 691 3185 762 prouida
3212 692 3415 757 (Helia).
3444 693 3603 757 Rogat
3626 698 3683 743 ω

1066 756 1202 807 illum
1230 753 1844 817 Sophroniascommendet
1869 753 2176 819 Imperdtori,
2200 761 2242 805 et
2261 754 2421 804 illatas
2441 754 2487 805 ei
2506 753 2861 804 criminationes
2884 753 3058 803 diluat.

907 879 1203 950 Sophronia
1233 883 1511 951 magistro.

499 1011 701 1083 Ecquis
733 1012 805 1066 ita
838 1012 1109 1067 civitatem
1135 1028 1289 1067 suam
1313 1012 1566 1082 diligens,
1594 1028 1657 1067 ac
1686 1015 1937 1082 patriam,
1967 1029 1996 1067 a

432 1120 536 1176 qua
565 1104 748 1160 editus
775 1105 830 1158 in
860 1104 1034 1159 lucem
1058 1112 1112 1160 et
1145 1105 1388 1160 nutritus
1433 1121 1587 1175 aeque
1638 1120 1701 1159 ac
1738 1114 1997 1175 parentes

430 1198 709 1253 honorans
729 1236 743 1258 ,
782 1195 859 1249 uti
890 1204 948 1249 tu
978 1196 1094 1266 ipse
1117 1234 1132 1259 ,
1170 1196 1261 1266 qui
1293 1205 1345 1250 et
1376 1198 1497 1250 urbi
1540 1197 1806 1251 universae
1833 1212 1998 1267 gene«

429 1288 592 1342 ratim
629 1295 681 1342 et
710 1286 906 1357 cuique
942 1285 1218 1355 sigillatim
1251 1287 1393 1341 bona
1431 1288 1675 1357 precaris
1696 1327 1710 1351 .
1746 1303 1847 1342 nec
1877 1303 1998 1357 pre—

430 1378 576 1433 caris
607 1378 805 1438 solum,
838 1377 931 1431 sed
960 1385 1082 1430 vota
1122 1378 1282 1430 etiam
1311 1393 1405 1447 per
1436 1387 1488 1432 te
1524 1380 1641 1447 ipse
1671 1378 2000 1433 confirmas?

430 1465 558 1522 Haec
583 1467 728 1521 enim
756 1474 912 1535 potes
939 1504 953 1528 ,
991 1464 1100 1519 Deo
1132 1467 1294 1520 dante
1320 1507 1334 1530 ,
1388 1477 1550 1537 atque
1582 1470 1788 1522 utinam
1821 1470 1999 1539 possis

432 1574 596 1629 quam
627 1558 956 1618 diutissime.
988 1558 1061 1610 ita
1093 1558 1360 1626 benignus
1390 1574 1451 1612 ac
1484 1560 1745 1614 clemens.
1778 1560 1885 1615 Sed
1918 1569 2001 1613 ta-

432 1666 579 1712 men,
617 1651 717 1703 hac
751 1658 804 1703 te
832 1655 1099 1718 potestate
1129 1650 1377 1718 praedito,
1411 1651 1584 1718 patria
1619 1660 1808 1705 nostra
1842 1653 2000 1722 190

434 1756 531 1811 per
553 1740 819 1796 somnium
839 1739 1007 1792 ditata
1023 1749 1125 1803 est,
1150 1741 1267 1794 viro
1287 1742 1502 1810 quidem
1530 1745 1841 1808 commissa,
1865 1761 2001 1813 qua-

433 1832 538 1886 lem
567 1846 679 1885 nou
722 1830 886 1884 alium
917 1831 1145 1895 dicunt,
1171 1831 1265 1901 qui
1317 1846 1405 1887 res
1438 1840 1653 1888 nostras
1684 1835 2001 1904 antiquissi-

432 1936 551 1976 mas
585 1922 790 1984 sciunt,
846 1922 900 1975 in
950 1922 1182 1976 rectoris
1211 1922 1392 1976 sedem
1437 1923 1858 1989 conscendisse;
1903 1925 1999 1979 sed

433 2014 546 2067 cito
595 2029 659 2068 eo
702 2014 913 2083 privata
962 2014 1309 2082 improbitate
1357 2014 1780 2077 nonnullorum,
1808 2016 1899 2085 qui
1931 2031 1998 2070 ex

431 2105 581 2160 illius
612 2105 783 2160 iibero
815 2113 869 2160 et
909 2107 1098 2161 nescio
1134 2106 1525 2161 assentationis
1576 2109 1760 2160 animo
1809 2122 1997 2162 ansam

2544 877 2860 945 Σωφρονίῳ
2899 877 3222 946 ματίστρφ.

2166 1012 2274 1065 Καὶ
2322 1012 2407 1075 τίς
2451 1012 2593 1065 οὕτω
2630 1011 2924 1079 φιλόπολις,
2974 1011 3032 1075 ὃς
3072 1011 3169 1083 τὴν
3215 1010 3544 1077 ἐνεγκοῦσαν
3583 1030 3682 1066 και

2098 1102 2444 1174 θρεψαμένην
2489 1103 2721 1174 πατρίδα
2770 1104 2859 1156 ῐσα
2903 1103 3119 1172 γονεῦσι
3158 1104 3352 1173 τιμῶν,
3392 1105 3468 1168 ὡς
3513 1106 3681 1169 αὐτὸς

2098 1197 2185 1254 σὺ,
2214 1198 2363 1266 κοινῇ
2389 1212 2448 1247 τε
2471 1195 2620 1265 πάσῃ
2648 1198 2712 1266 τῇ
2743 1194 2892 1248 πόλει
2924 1196 3015 1248 καὶ
3045 1195 3148 1266 ἰδίᾳ
3169 1196 3384 1266 ἑκάστῳ
3403 1197 3471 1249 τὰ
3493 1197 3681 1265 ἀγαθά

2099 1286 2507 1356 συνευχόμενος,
2551 1286 2644 1339 καὶ
2698 1287 2796 1339 οὐκ
2842 1287 3133 1357 εὐχόμενος
3182 1286 3358 1356 μόνον,
3393 1288 3534 1341 ἀλλα
3583 1291 3682 1342 καὶ

2100 1376 2328 1444 βεϐαιῶν
2378 1378 2474 1440 τὰς
2519 1377 2680 1446 εὐχὰς
2728 1377 2813 1430 διὰ
2846 1377 3076 1441 σαυτοῦ;
3132 1378 3363 1432 Δύνασαι
3409 1379 3521 1450 γάρ
3572 1397 3680 1433 που

2101 1470 2195 1521 σὺν
2235 1467 2350 1538 Θεῷ
2396 1470 2463 1522 τὰ
2501 1469 2744 1529 τοιαῦτα,
2785 1471 2877 1522 καὶ
2923 1470 3106 1523 δῦναιό
3139 1487 3200 1537 γε
3243 1471 3335 1522 ἐπὶ
3386 1472 3679 1541 μήκιστον,

2097 1558 2237 1611 οὕτω
2267 1558 2496 1629 χρηστὸς
2521 1557 2613 1611 ὢν.
2653 1559 2787 1612 Ἀλλ’
2819 1561 2967 1629 ὅμως
3003 1561 3094 1612 ἐπὶ
3120 1559 3213 1612 σοῦ
3247 1559 3378 1637 όναρ
3404 1560 3678 1631 ἐπλούτη-

2101 1667 2191 1703 σεν
2230 1652 2262 1718 ἡ
2302 1650 2499 1720 πατρὶς
2531 1650 2707 1721 ἡμῶν,
2732 1652 2897 1722 ἄνδρα
2944 1652 3041 1721 μὲν
3082 1651 3275 1721 ἔχουσα
3301 1652 3390 1704 τὸν
3416 1652 3517 1722 τὴν
3548 1656 3675 1706 ἑπι-

2102 1741 2317 1811 μέλειαν
2354 1743 2520 1811 αὐτῆς
2560 1743 2948 1814 ἐπιτραπέντα,
2989 1736 3099 1795 οἷον
3131 1741 3189 1795 οῦ
3219 1761 3379 1811 φασιν
3422 1743 3581 1797 ἄλλον
3624 1747 3675 1797 oi

2097 1830 2166 1883 τὰ
2195 1831 2525 1885 παλαιότατα
2562 1832 2671 1885 τῶν
2704 1833 2833 1901 παρ’
2862 1836 2994 1902 ἡμῖν
3044 1834 3396 1905 ἐπιστάμενοι
3446 1837 3539 1887 ἐπὶ
3568 1834 3684 1889 τῶν

2099 1919 2339 1989 ἀρχικῶν
2375 1919 2483 1990 (75)
2532 1919 2734 1991 θρόνων
2780 1921 3046 1992 πρότερον
3093 1922 3392 1993 ἀναϐῆναιο
3437 1923 3682 1993 ἐπηρείᾳ

2096 2006 2155 2060 δέ
2199 2024 2357 2061 τινων
2392 2007 2745 2080 ἀφαιρεθεῖσα
2788 2009 3017 2079 ταχέως,
3068 2010 3118 2062 οἳ
3149 2011 3212 2063 τὸ
3250 2010 3535 2081 ἐλεύθερον
3578 2008 3679 2063 τοῦ

2098 2094 2289 2166 ἀνδρὸς
2343 2098 2437 2149 καὶ
2488 2095 2800 2151 άθὼπευτον
2855 2098 2949 2150 τοῦ
3013 2099 3148 2170 πρὸς
3211 2099 3374 2152 αὑτὸν
3432 2100 3681 2171 πολέμου

430 2197 555 2253 belli
585 2198 632 2253 ei
666 2196 935 2254 inferendi
982 2201 1364 2270 arripuerunt,
1397 2208 1452 2254 et
1490 2201 1795 2256 calumnias
1829 2203 1877 2255 ei
1917 2202 1999 2255 in-

2102 2187 2350 2257 ἀφορμὴν
2377 2189 2719 2258 ἐποιήσαντο,
2745 2190 2838 2242 καλ⁸
2877 2188 3124 2255 διαϐολὰς
3163 2191 3309 2262 αὑτῴ
3342 2191 3680 2245 κατεσκεύα-

430 2296 770 2354 struxerunt,
797 2290 937 2344 clam
973 2300 1077 2345 tua:
1104 2293 1432 2361 praestantiae
1475 2292 1723 2346 auribus.
1753 2296 2001 2362 Quapro-

433 2391 558 2451 pter
597 2396 789 2436 omnes
816 2383 1069 2437 universe
1102 2384 1382 2452 lugemus,
1414 2393 1627 2438 rectore
1656 2383 1866 2446 ablato,
1906 2383 2001 2453 qui

433 2473 584 2528 solus
615 2483 823 2543 poterat
846 2474 954 2542 jam
986 2475 1039 2527 in
1074 2489 1251 2543 genua
1285 2477 1625 2543 provolutam
1677 2476 1863 2530 urbem
1904 2491 2003 2529 no-

354 2570 359 2577 '
434 2578 606 2620 stram
635 2568 814 2621 denuo
844 2567 1074 2633 erigere,
1102 2567 1244 2635 asqui
1279 2568 1498 2621 sincero
1529 2567 1776 2634 custode,
1801 2567 2001 2621 alfabili

435 2657 689 2726 injuriam
710 2657 1063 2727 patientibus,
1086 2658 1317 2713 terribili
1337 2657 1803 2729 delinquentibus,
1822 2675 2001 2729 mqua-

434 2749 529 2802 ι›ἰ1ί
552 2757 604 2802 et
624 2748 812 2802 eodem
839 2749 1171 2817 pauperibus
1194 2755 1248 2802 et
1270 2749 1551 2811 divitibus,
1581 2756 1635 2802 et
1658 2748 1802 2818 quod
1829 2750 2001 2802 maxi-

434 2852 583 2890 mum
625 2845 741 2901 est,
778 2853 865 2893 res
903 2836 1340 2891 Christianorum
1379 2838 1444 2891 ad
1494 2839 1781 2907 antiquum
1827 2839 1996 2894 decus

434 2934 747 2981 revocante.
782 2925 937 2992 Quod
969 2927 1114 2981 enim
1159 2942 1189 2980 a
1223 2929 1541 2983 muneribus
1584 2930 1827 2982 omnium
1862 2945 2000 2999 quos

436 3015 642 3069 scimus
672 3014 949 3069 hominum
984 3016 1216 3069 maxime
1246 3016 1562 3079 abhorruit,
1603 3029 1702 3071 nec
1743 3018 1999 3087 cuiquam

435 3116 631 3176 praeter
672 3106 765 3176 jus
812 3107 1146 3175 gratilicatus
1193 3114 1295 3172 est,
1342 3107 1392 3162 id
1444 3116 1501 3161 ut
1547 3109 1746 3164 exilius
1790 3096 2040 3165 ueteris.

438 3199 583 3253 illius
617 3198 908 3254 virtutibus
939 3200 1427 3269 praetermittimus.
1461 3199 1586 3254 Haec
1624 3201 1844 3271 quidem
1877 3217 2001 3257 sero

436 3289 821 3356 testificamur,
846 3290 1212 3362 nosmetipsos
1252 3307 1402 3346 more
1433 3307 1644 3355 eorum,
1675 3294 1768 3363 qui
1796 3296 2002 3351 naznias

437 3381 733 3444 cantitant,
765 3383 1132 3445 consolantes,
1168 3382 1299 3435 nihil
1327 3383 1491 3436 rebus
1515 3383 1702 3436 auxilii
1739 3387 1994 3440 terentes.

441 3473 548 3528 Sed
578 3482 761 3528 tamen
804 3489 906 3530 nec
954 3475 1085 3529 illud
1134 3474 1362 3538 inutile,
1411 3482 1465 3527 ut
1515 3474 1616 3528 viri
1651 3477 1909 3531 memoria
1944 3478 2000 3530 in

438 3578 636 3634 magno
665 3572 758 3619 tuo
789 3571 1007 3634 pectore
1052 3561 1381 3624 recondatur
1404 3604 1420 3627 ,
1462 3565 1623 3635 eique
1669 3575 1726 3619 ut
1767 3567 1904 3621 bene
1935 3568 2001 3622 de
2029 3566 2069 3621 C

441 3657 612 3727 patria
638 3656 829 3711 merito
860 3658 1085 3727 gratiam
1116 3658 1313 3711 habeas
1337 3674 1352 3723 ;
1394 3672 1457 3711 ac
1483 3659 1526 3712 si
1555 3659 1677 3725 quis
1703 3675 1765 3712 ex
1791 3659 1878 3723 iis,
1910 3661 2003 3728 qui

439 3764 501 3803 se
542 3747 770 3817 iustitiae
819 3748 1158 3818 postliabitos
1210 3747 1381 3803 fuisse
1424 3750 1650 3804 moleste
1692 3750 1908 3814 ferunt,
1948 3750 2004 3803 i.t

440 3840 613 3910 ipsum
636 3841 1015 3902 insurrexerit,
1035 3842 1240 3897 tuearis
1264 3857 1327 3895 ac
1349 3839 1627 3905 defendas,
1646 3843 2004 3912 oumibusque

438 3940 622 4000 aperte
656 3934 1000 3987 demonstres
1044 3948 1167 3987 eum
1218 3949 1246 3986 a
1284 3942 1334 3987 te
1378 3933 1519 3987 inter
1563 3935 1903 3988 necessarios
1947 3950 2006 3986 a—

440 4022 608 4076 scribi
641 4040 655 4078 :
684 4024 818 4077 satis
839 4038 1017 4078 causa:
1038 4039 1160 4078 esse
1183 4032 1383 4094 putans
1409 4022 1473 4076 ad
1521 4024 2004 4088 necessitudinem,

439 4121 553 4166 tum
595 4113 796 4167 bonum
828 4115 897 4169 de
936 4130 1000 4169 eo
1032 4115 1427 4175 testimonium,
1462 4121 1577 4168 tum
1610 4114 1783 4184 ipsam
1824 4131 2005 4169 rerum

440 4204 857 4274 experientiam,
885 4221 1004 4275 qua;
1027 4207 1256 4276 tempori
1282 4206 1502 4261 minime
1532 4207 1845 4275 respondet.
1871 4205 2005 4260 Nam

441 4309 561 4365 quae
588 4310 658 4349 ne
679 4296 861 4351 multis
887 4296 1104 4366 quidem
1133 4296 1291 4351 annis
1314 4297 1380 4351 ab
1403 4297 1513 4350 alio
1543 4296 1694 4361 ﬁant,
1721 4297 1835 4351 haec
1855 4295 2008 4351 brevi

442 4395 687 4457 tempore
717 4388 786 4442 ab
812 4402 877 4441 eo
909 4387 1168 4458 perfecta.
1199 4387 1370 4443 Porro
1394 4391 1528 4444 satis
1559 4404 1817 4460 magnum
1850 4388 2008 4443 nobis

443 4475 763 4533 beneficium
784 4515 798 4533 .
828 4492 890 4530 ac
935 4492 1123 4531 eorum
1153 4493 1272 4546 quas
1298 4481 1615 4535 acciderunt
1661 4479 1924 4540 solamen,
1962 4477 2008 4533 si

444 4582 497 4625 et
531 4571 684 4624 illum
715 4571 1063 4624 commendes
1092 4571 1427 4641 imperatori,
1457 4582 1510 4628 et
1542 4574 1722 4628 illatas
1745 4572 1794 4627 ei
1821 4571 2009 4626 crimi-

443 4664 698 4719 nationes
731 4664 931 4719 diluas.
976 4662 1102 4718 Hinc
1148 4664 1243 4718 tibi
1285 4667 1595 4721 universam
1624 4665 1876 4719 existima
1910 4678 2009 4734 pa-

442 4758 601 4810 triam
635 4771 741 4810 una
769 4770 902 4809 voce
925 4770 1041 4810 mea
1061 4755 1352 4818 disserere,
1373 4771 1438 4810 ac
1459 4771 1746 4810 commune
1767 4754 2007 4808 omnium

2103 2293 2220 2340 σαν,
2258 2276 2513 2340 λαθόντες
2549 2276 2649 2340 τὰς
2687 2278 2856 2341 ἀκοὰς
2897 2280 2994 2349 τῆς
3039 2279 3137 2348 σῆς
3189 2280 3542 2351 τελειότητος.
3581 2282 3679 2334 Διὸ

2101 2367 2368 2439 πανδημεὶ
2402 2368 2598 2432 πάντες
2648 2368 3133 2441 σκυθρωπάζομεν,
3175 2369 3543 2440 ζημιωθέντες
3573 2372 3679 2444 ὕρ-

2099 2477 2279 2529 χοντα,
2327 2460 2486 2530 μόνον
2526 2460 2820 2530 δυνάμενον
2854 2462 2934 2524 εἰς
2966 2461 3095 2527 γόνυ
3130 2460 3403 2513 κλιθεῖσαν
3433 2461 3533 2532 ἤδη
3571 2462 3676 2532 τὴν

2100 2552 2250 2604 πόλιν
2287 2551 2443 2621 ἡμῶν
2477 2551 2778 2622 ἀνορθῶσαι
2802 2591 2817 2613 ,
2871 2551 3044 2623 ἀληθῆ
3073 2551 3183 2620 (74)
3218 2551 3432 2621 φύλακα
3465 2551 3559 2605 τοῦ
3588 2552 3672 2605 διε

2099 2644 2275 2709 καίου,
2324 2645 2640 2716 εὐπρόσιτον
2685 2647 2795 2708 τοῖς
2835 2645 3224 2716 ἀδικουμένοις,
3281 2645 3507 2713 φοϐερὸν
3557 2648 3675 2708 τοῖς

2100 2737 2525 2807 παρανομοῦσιν,
2560 2736 2671 2789 ἴσον
2711 2737 2804 2789 καὶ
2844 2738 3041 2809 πένησι
3086 2738 3179 2790 καὶ
3232 2737 3524 2801 πλουσίοις,
3574 2740 3673 2793 καὶ

2096 2828 2156 2880 τὸ
2206 2828 2476 2898 μέγιστον,
2524 2828 2593 2881 τὰ
2640 2828 2747 2881 τῶν
2804 2829 3139 2899 Χριστιανῶν
3188 2829 3486 2898 πράγματα
3533 2827 3670 2897 πρὸς

2097 2918 2194 2988 τὴν
2231 2919 2462 2989 ἀρχαίαν
2506 2919 2843 2987 ἐπανάγοντα
2887 2919 3068 2990 τιμήν.
3125 2918 3198 2970 Τὸ
3238 2919 3365 2990 γάρ,
3405 2919 3485 2970 ὅτι
3532 2918 3672 2970 ἀδω-

2103 3009 2321 3079 ρότατος
2366 3002 2440 3062 ὧν
2490 3009 2647 3080 ἴσμεν
2692 3008 3013 3077 ἀνθρώπων,
3046 3009 3138 3062 καὶ
3177 3009 3349 3061 οὐδενὶ
3383 3009 3495 3077 (75)
3522 3008 3671 3078 παρά

2099 3100 2159 3154 τὸ
2201 3101 2405 3155 δίκαιον
2436 3101 2809 3172 χαριζόμενος,
2858 3101 2930 3164 ὡς
2958 3101 3278 3171 ,μικρότερα
3322 3100 3419 3169 τῆς
3476 3099 3671 3168 λοιπῆς

2101 3191 2301 3262 ἀρετῆς
2328 3192 2420 3245 τοῦ
2445 3192 2637 3262 ἀνδρὸς
2667 3191 3057 3261 παρελίπομεν.
3090 3190 3273 3243 Ταῦτα
3313 3189 3408 3259 ὀψὲ
3444 3189 3541 3260 μὲν
3575 3187 3669 3241 τοῦ

2101 3284 2293 3354 καιροῦ
2347 3282 2757 3354 μαρτυροῦμεν,
2808 3281 2996 3352 ὥσπερ
3039 3281 3089 3332 οἱ
3137 3279 3497 3350 μονῳδοῦντες
3546 3281 3673 3330 ἐαυ-

2100 3377 2225 3439 τοῦς
2269 3375 2379 3444 (76)
2425 3373 2941 3445 παραμυθούμενοι,
2987 3372 3106 3440 οὐχὶ
3144 3374 3252 3433 τοῖς
3288 3368 3576 3440 πράγμασί
3619 3385 3672 3420 τι

2103 3462 2383 3526 ποιοῦντες
2416 3465 2709 3533 χρήσιμον·
2763 3460 2900 3531 πλὴν
2945 3460 3063 3512 οὐδὲ
3100 3458 3256 3512 τοῦτο
3301 3459 3591 3528 ἄχρηστον,
3616 3458 3673 3508 ὲν

2100 3558 2163 3626 τῇ
2200 3555 2404 3625 μεγάλῃ
2449 3572 2540 3607 σου
2583 3553 2726 3624 ψυχῇ
2770 3552 2864 3624 τὴν
2911 3554 3131 3623 μνήμην
3174 3550 3265 3603 τοῦ
3303 3551 3494 3620 ἀνδρὸς
3543 3551 3673 3602 ἀπο·

2105 3647 2334 3705 κεῖσθαι.
2361 3650 2517 3719 χάριν
2552 3665 2609 3700 τε
2644 3647 2838 3700 εἰδέναι
2874 3645 2949 3708 ὡς
2987 3644 3249 3715 εὐεργέτῃ
3293 3643 3390 3714 τῆς
3421 3639 3669 3709 ἐνεγκού-

2107 3755 2231 3809 σης·
2261 3740 2353 3792 καὶ
2389 3738 2545 3802 εἴτις
2588 3736 2869 3805 ὲπιφύοιτο
2904 3734 3050 3806 αὐτῷ
3092 3734 3197 3786 τῶν
3229 3732 3317 3786 διὰ
3347 3733 3406 3785 τὸ
3435 3731 3505 3799 μὴ
3538 3742 3670 3796 προ-

2103 3830 2399 3901 τιμηθῆναι
2440 3830 2534 3883 τοῦ
2582 3829 2787 3884 δικαίου
2839 3827 3289 3898 χαλεπαινόντων,
3339 3819 3683 3891 ὑπερμαχεῖν,

2107 3923 2199 3975 καὶ
2236 3921 2610 3994 προΐστασθαι,
2647 3922 2779 3974 πᾶσι
2823 3921 3123 3989 ποιήσαντα
3166 3914 3416 3984 φανερὸν,
3465 3911 3546 3963 ὅτι
3593 3909 3671 3960 οἱ·

2107 4014 2250 4064 κεῖον
2282 4010 2491 4081 σεαυτῷ
2518 4011 2608 4063 τὸν
2642 4010 2809 4081 ἄνδρα
2839 4008 3064 4070 τίθεσαι,
3112 4004 3384 4076 ἀρκοῦσαν
3420 3998 3672 4071 ἀφορμὴν

2107 4106 2185 4166 εἰς
2211 4103 2509 4174 οἰκειότητα
2544 4104 2643 4175 τὴν
2674 4102 2882 4172 ἀγαθὴν
2917 4100 3044 4172 περὶ
3078 4097 3238 4152 αὐτοῦ
3272 4092 3572 4167 μαρτυρίαν
3596 4107 3674 4142 τι-

2108 4192 2348 4263 θέμενος,
2380 4195 2472 4248 καὶ
2513 4194 2611 4265 τὴν
2653 4193 2761 4246 τῶν
2805 4191 3142 4263 πραγμάτων
3187 4189 3398 4257 πεῖραν,
3429 4184 3491 4237 οὑ
3537 4180 3674 4235 κατὰ

2106 4283 2204 4354 τὴν
2236 4284 2341 4338 τῶν
2371 4287 2576 4354 χρόνων
2612 4284 2903 4352 ἀναλογίαν
2947 4281 3316 4352 ὑπάρχουσαν.
3343 4276 3410 4328 Ἀ
3435 4275 3539 4345 γὰρ
3571 4270 3675 4325 οὐδ’

2108 4374 2173 4427 ἂν
2216 4375 2273 4427 ὲν
2312 4375 2525 4438 πολλοῖς
2564 4375 2708 4428 ἔτεσι
2757 4376 2886 4446 παρ’
2920 4375 3078 4429 ἄλλου
3128 4372 3355 4440 γένοιτο,
3403 4365 3574 4419 ταῦτα
3620 4366 3675 4416 ὲν

2109 4463 2271 4534 ὀλίγῳ
2302 4465 2430 4535 παρ’
2455 4464 2616 4518 αὑτοῦ
2651 4465 3027 4538 κατώρθωται.
3065 4459 3332 4533 Ἀρκοῦσα
3365 4457 3409 4509 δ’
3433 4457 3563 4525 ἡμῖν
3585 4454 3676 4522 χά-

2113 4572 2215 4625 ρις,
2248 4555 2338 4608 καὶ
2366 4557 2473 4608 τῶν
2503 4556 2822 4626 συμϐάντων
2851 4553 3191 4628 παραμυθία,
3219 4550 3315 4603 ἐὰν
3358 4548 3450 4601 καὶ
3479 4544 3679 4614 βασιλεῖ

2112 4649 2382 4720 συστήσῃς
2425 4649 2605 4711 αὐτὸν,
2633 4647 2851 4711 καὶτὰς
2894 4644 3277 4716 ἐπενεχθείσας
3322 4637 3471 4706 αὐτῷ
3506 4629 3677 4687 61:160-

2110 4735 2206 4800 λάς
2232 4739 2601 4812 ἀποσκευάσῃ.
2640 4738 2824 4793 Ταῦτά
2860 4757 2942 4792 σοι
2988 4739 3169 4790 πᾶσαν
3196 4733 3305 4786 οἴου
3331 4731 3429 4801 τὴν
3454 4721 3676 4795 πατρίδα

442 4854 627 4900 votum
663 4862 824 4909 esse,
869 4853 929 4900 ut
967 4847 1294 4916 praestantiae
1328 4855 1433 4901 tuae
1480 4862 1583 4917 ope
1630 4845 1833 4916 aliquid
1883 4845 2004 4900 huic

2112 4827 2199 4881 διὰ
2236 4832 2365 4899 μιᾶς
2394 4832 2491 4901 τῆς
2513 4832 2786 4904 ἡμετέρας
2815 4831 2998 4901 φωνῆς
3041 4823 3401 4917 διαλέγεσθαι,
3444 4816 3546 4917 καὶ.
3577 4828 3677 4917 210:.-

444 4935 560 4991 viro
590 4952 851 5009 prospere
879 4952 943 4991 ac
978 4936 1209 4992 feliciter
1235 4938 1412 4994 cedat.

513 5200 723 5265 ‘_Alias
751 5199 1097 5265 CCCXXX",
1146 5200 1347 5265 scripta
1378 5214 1522 5254 anno
1556 5198 1681 5252 572.

515 5263 625 5342 (75)
661 5272 791 5326 Ἐπὶ
816 5271 935 5325 τῶν
951 5263 1229 5341 agmen
1257 5263 1331 5324 ita
1364 5270 1532 5342 Coisi.
1559 5278 1806 5342 uterque,
1834 5266 2010 5342 Harl.,

446 5336 579 5413 Reg.
608 5336 889 5413 secundus
910 5351 962 5395 et
984 5336 1161 5413 B'i'got.
1189 5344 1347 5413 alter.
1372 5339 1633 5413 Editifeni
1665 5341 1757 5393 τὸν
1784 5336 2012 5409 ἀρχικὸν

444 5409 656 5481 θρόνον.
670 5410 818 5481 μδθά
882 5409 1075 5481 1)υῂιέ
1104 5411 1390 5481 scripturae
1449 5409 1706 5464 videntur
1736 5418 2012 5481 auctores

449 5477 620 5535 fuisse
645 5477 1030 5556 librarii,_d_um
1080 5477 1330 5556 metuunt
1369 5495 1438 5536 ne
1456 5480 1784 5556 praepositio
1827 5477 2011 5556 minus

449 5557 597 5605 recte
619 5563 744 5605 cum
786 5550 1020 5621 genitivo
1044 5552 1427 5622 conjungatur.
1456 5547 1601 5605 Eam‘
1615 5560 1793 5605 tamen
1820 5547 2011 5604 simili-

2041 4897 2085 4952 θ
2114 4921 2210 4991 νήν
2239 4897 2383 4977 εἶναι
2426 4897 2640 4977 πάντων
2679 4897 2863 4992 εὐχὴν,
2902 4897 3151 4989 γενέσθαι
3201 4932 3252 4968 τι
3295 4911 3372 4982 τῷ
3406 4907 3555 4975 ἀνδρὶ
3594 4901 3675 4954 διὰ

2112 5017 2214 5088 τῆς
2241 5015 2342 5087 σῆς
2369 5014 2703 5086 τελειότητος
2734 5012 2927 5078 δεξιόν.

2109 5204 2190 5249 ter
2222 5209 2345 5247 cum
2377 5191 2614 5263 genitivo
2637 5188 2921 5263 coniungit
2951 5180 3273 5263 Basiiius’iu
3292 5170 3572 5263 episILE’ig.

2184 5264 2297 5334 (74)
2348 5248 2589 5334 ’.ξληθιῖ
2634 5248 2933 5334 Sig-Harl”
2967 5254 3132 5315 Med.,
3180 5248 3594 5334 Cpislflprimus
3625 5248 3673 5295 et

2110 5313 2777 5397 Clarum—Edi‘tiaxpmﬁ,
2809 5313 3056 5380 accurato
3092 5313 3229 5397 fry-ui
3257 5313 3489 5369 custodi.

2190 5403 2295 5457 ηδ)
2339 5400 2572 5456 occari.
2615 5390 2769 5453 litum
2808 5397 3026 5450 codices
3053 5390 3224 5457 οὐδέν,

2209 5403 2274 5457 75
2339 5403 2572 5456 Οὐδενί.
2615 5403 2769 5453 Multi
2808 5403 3026 5450 codices
3053 5403 3224 5445 ουοεν.

2204 5403 2295 5543 76;
2343 5471 2650 5536 Ἑαυτούς.
2691 5467 2769 5522 lta
2797 5472 3001 5536 septem
3032 5474 3166 5515 mss.
3202 5454 3344 5511 Editi
3376 5452 3605 5515 ἑαυτοῖς.
