3988 6194
395 337 503 395 493

467 440 483 453 ’
940 477 1286 532 ΕΠΙΣΤΟΑΗ
1323 480 1430 545 tz'.

1300 334 1785 396 EPISTOLARUM
1822 333 2110 394 CLASSIS
2148 332 2216 390 ll.
2256 333 2476 392 EPIST.
2516 333 2726 391 XCVII.

3531 329 3634 385 ιθι

2547 469 2880 526 EPISTOLA
2914 468 3143 527 XCVII“.
3190 423 3205 437 θ

396 584 647 636 Eximium
667 586 803 650 pacis
824 588 1038 640 studium
1061 589 1278 642 declarat
1303 589 1515 642 Basilius
1538 588 1588 640 in
1609 586 1984 713 vehementisiis:i

2088 585 2312 697 ξξηδὶοηε,
2340 599 2449 650 qua:
2469 584 2515 638 ei
2534 565 2643 636 cuin
2666 584 2887 637 Anlltimo
2916 586 2974 635 ob
3013 584 3336 651 Cappadocia:
3355 583 3635 639 divisionem

879 731 963 801 Τῇ
985 732 1192 802 ,βουλῇ
1230 733 1485 787 Τυάνων.

483 821 542 874 Ὀ
571 819 961 875 ἀνακαλύπτων
995 823 1181 893 βαθέα,
1208 825 1300 877 και)¹
1328 824 1578 894 φανερῶν
1609 823 1805 895 βουλάς
1834 839 1969 894 καρ-

396 909 548 973 διῶν,
601 910 804 981 Κύριος
858 911 1024 965 ἔδωκε
1089 914 1184 967 καὶ
1253 916 1365 976 τοῖς
1421 916 1694 976 ταπεινοῖς
1757 912 1970 966 σύνεσιν

399 1000 512 1053 τῶν
549 1000 956 1073 δυσθεωρήτων,
1004 1002 1079 1066 ὥς
1118 1021 1260 1067 τινες
1303 1004 1520 1069 οἴονται,
1563 1003 1966 1074 τεχνασμάτων.

399 1090 570 1144 Οὐδὲν
600 1088 693 1145 οὖν
730 1093 877 1162 ἡμᾶς
922 1092 1129 1157 ἔλαθεν,
1168 1092 1289 1147 οὔτε
1332 1093 1438 1146 τῶν
1473 1094 1871 1165 πεπραγμένων
1918 1110 1971 1147 τι

401 1182 782 1254 κεκρυμμένον
808 1201 821 1213 ·
848 1183 964 1236 ἀλλ’
1005 1185 1153 1255 ὅμως
1207 1186 1366 1256 ἡμεῖς
1403 1182 1525 1237 οὔτε
1569 1183 1809 1256 ὁρῶμεν,
1849 1182 1971 1236 οὕτε

402 1271 673 1343 ἀκούομεν
696 1271 821 1326 ἄλλο
847 1290 897 1326 τι
919 1272 950 1343 ἢ
972 1273 1068 1345 τὴν
1099 1274 1317 1346 εἰρήνην
1333 1273 1425 1327 τοῦ
1445 1271 1578 1326 Θεοῦ
1601 1274 1694 1326 καὶ
1718 1272 1817 1325 ὅσα
1837 1273 1968 1341 (77),

401 1361 544 1433 πρὸς
585 1362 749 1433 αὐτὴν
794 1364 968 1434 φέρει.
1003 1365 1065 1417 Εἰ
1100 1366 1207 1437 γὰρ
1253 1366 1345 1416 καὶ
1388 1365 1563 1436 ἕτεροι
1600 1364 1838 1428 δυνατοὶ,
1881 1363 1974 1416 καὶ

405 1453 654 1522 μεγάλοι,
680 1455 773 1507 καὶ
806 1456 1016 1518 ἑαυτοῖς
1061 1455 1396 1519 πεποιθότες,
1444 1455 1555 1508 ἀλλ’
1595 1457 1754 1526 ἡμεῖς
1789 1457 1837 1508 οἱ
1867 1472 1975 1525 μη-

400 1543 512 1606 δὲν,
532 1545 625 1596 καὶ
645 1544 736 1597 τοῦ
767 1545 988 1616 μηδενὸς
1013 1544 1170 1609 ἄξιοι·
1194 1545 1334 1599 ὥστε
1366 1547 1465 1599 οὐκ
1492 1546 1555 1599 ἄν
1598 1563 1725 1599 ποτε
1748 1544 1858 1617 (78)
1884 1562 1975 1598 το-

403 1635 595 1689 σοῦτον
624 1636 839 1701 ἑαυτοῖς
863 1637 1140 1709 λάϐοιμεν,
1177 1638 1251 1702 ὡς
1273 1641 1329 1692 ὲν
1350 1642 1415 1710 τῇ
1451 1638 1678 1709 μονώσει
1720 1638 1975 1693 δύνασθαι

400 1727 623 1797 νομίσαι
661 1729 1004 1800 περιέσεσθαι
1059 1730 1169 1784 τῶθ
1214 1731 1551 1802 πραγμάτων
1574 1745 1588 1759 ·
1622 1729 1864 1801 ἀκριϐῶς
1902 1733 1978 1784 εἰ-

399 1816 573 1881 δότες,
613 1819 693 1872 ὅτι
731 1819 891 1873 πλέον
920 1823 1081 1892 ἡμεῖς
1111 1822 1212 1891 τῆς
1257 1819 1375 1887 ἐνὸς
1408 1821 1639 1874 ἑκάστου
1682 1823 1789 1875 τῶν
1825 1822 1978 1876 ἁδελ-

402 1907 523 1977 φῶν
546 1910 860 1981 ἐπικουρίας
890 1911 1120 1982 δεόμεθα
1161 1913 1194 1983 ἢ
1231 1914 1353 1967 ὅσον
1382 1914 1414 1985 ή
1451 1915 1613 1986 ἑτέρα
1647 1915 1753 1969 τῶν
1781 1914 1978 1985 χειρῶν

402 1998 507 2069 τῆς
546 2000 757 2069 ἐτέρας.
796 2002 949 2056 Ἐπεὶ
989 2003 1084 2055 καὶ
1117 2002 1176 2068 ἐξ
1222 2004 1392 2074 αὐτῆς
1440 2006 1538 2075 τῆς
1592 2006 1684 2059 τοῦ
1729 2005 1979 2076 σώματος

1994 739 2043 793 Α

2559 727 2779 784 Senatui
2822 728 3143 800 Tyanorum.
3166 804 3169 807 _

2140 821 2242 887 Qui
2270 821 2479 876 occulta
2514 822 2735 883 revelat,
2770 828 2824 875 et
2853 820 3099 875 cordium
3123 821 3348 876 consilia
3380 822 3432 875 in
3463 822 3635 877 lucem

2071 911 2313 980 profert,
2352 909 2611 965 Dominus
2665 911 2893 981 largitus
2927 918 3010 964 est
3054 911 3254 966 vilibus
3298 922 3352 965 et
3403 912 3631 979 abjectis

2073 1002 2480 1073 intelligentiam
2528 1002 2824 1057 dillicilium
2874 1002 2939 1056 ad
2976 1002 3493 1073 deprehendendum
3520 1042 3537 1065 ,
3574 1011 3635 1057 ut

2073 1095 2320 1150 nonnulli
2353 1101 2566 1164 putant,
2599 1095 3088 1149 machinationum.
3114 1093 3265 1148 Nihil
3290 1095 3457 1164 igitur
3482 1095 3641 1150 latuit

2073 1201 2207 1249 nos,
2253 1199 2354 1239 nec
2386 1186 2682 1255 quidquam
2714 1199 2901 1239 eorum
2936 1200 3056 1254 qua:
3090 1185 3231 1241 facta
3265 1195 3422 1250 sunt,
3455 1186 3641 1240 occul-

2077 1283 2189 1330 tum
2220 1274 2338 1329 fuit.
2370 1274 2622 1328 Attamen
2654 1287 2754 1329 nos
2778 1288 2955 1344 neque
2981 1274 3253 1340 videmus,
3280 1291 3456 1345 neque
3486 1275 3641 1329 audi-

2076 1380 2198 1420 mus
2222 1365 2518 1435 quidquam
2552 1364 2721 1429 aliud,
2755 1380 2918 1434 quam
2951 1365 3043 1420 Dei
3092 1382 3302 1435 pacem,
3333 1377 3387 1422 et
3420 1383 3541 1439 qua
3573 1368 3641 1421 ad

2076 1470 2194 1510 eam
2219 1454 2418 1510 ferunt.
2449 1454 2584 1509 Nam
2614 1456 2719 1512 etsi
2742 1456 2833 1510 alii
2864 1465 3113 1525 potentes
3142 1466 3304 1522 sunt,
3342 1466 3396 1512 et
3404 1458 3604 1529 ,διαειιί
3625 1500 3639 1521 ,

2080 1473 2194 1510 eam
2219 1473 2418 1510 ierunt.
2449 1473 2584 1509 nam
2614 1473 2719 1512 etsi
2742 1473 2833 1510 aut
2864 1473 3113 1525 petentes
3142 1473 3269 1512 sunt
3290 1498 3304 1522 ,
3342 1473 3396 1512 et
3462 1474 3604 1529 iagm
3625 1500 3639 1521 ,

2080 1554 2134 1599 et
2155 1545 2255 1600 sibi
2274 1546 2408 1615 ipsis
2442 1545 2689 1610 ﬁdentes,
2729 1553 2911 1601 tamen
2940 1562 3044 1602 nos
3073 1548 3207 1602 nihil
3230 1473 3497 1604 sumufet
3522 1550 3642 1603 nul-

2076 1634 2183 1688 lius
2209 1635 2399 1705 pretii;
2421 1650 2589 1705 quare
2615 1650 2894 1705 nunquam
2921 1645 3130 1691 tantum
3161 1638 3318 1694 nobis
3341 1654 3640 1702 sumemus,

2086 1732 2138 1778 rt
2163 1725 2217 1779 in
2249 1725 2547 1780 solitudine
2590 1727 2873 1781 videamur
2916 1728 3073 1784 nobis
3120 1729 3335 1798 negotia
3376 1729 3646 1784 conficere

2080 1830 2278 1885 posse:
2334 1817 2534 1888 quippe
2591 1834 2714 1872 cum
2773 1819 2941 1888 probe
2993 1820 3266 1884 sciamus,
3322 1822 3497 1892 magis
3543 1835 3645 1876 nos

2080 1907 2511 1978 uniuscujusque
2536 1909 2688 1979 191
2716 1908 2940 1965 fratrum
2965 1911 3170 1966 auxilio
3194 1912 3455 1984 indigere,
3481 1928 3646 1982 quam

2082 2012 2301 2051 manum
2335 1999 2558 2055 alteram
2591 2000 2818 2056 alterius
2853 2016 2982 2070 cpe:
3019 2001 3290 2072 siquidem
3333 2012 3387 2058 et
3430 2019 3497 2058 ex
3530 2004 3648 2073 ipsa

398 2086 564 2158 ἡμῶν
607 2090 948 2161 κατασκευῆς
1002 2090 1063 2143 τὸ
1116 2093 1410 2160 ἀναγκαῖον
1454 2093 1555 2163 τῆς
1614 2094 1896 2156 κοινωνίας
1946 2096 1975 2147 ὁ

2088 2088 2320 2158 :orporis
2359 2092 2533 2145 nostri
2572 2092 2961 2147 constitutione
3013 2095 3326 2148 societatem
3390 2108 3650 2148 necessa-

401 2177 610 2249 Κύριος
634 2180 778 2250 ἡμᾶς
815 2178 1069 2246 ἐδίδαξεν.
1098 2180 1264 2234 Ὅταν
1302 2181 1410 2252 γὰρ
1448 2183 1584 2253 πρὸς
1623 2183 1767 2236 αὐτά
1802 2183 1976 2235 ταῦτα

403 2270 582 2323 ἀπίδω
614 2270 726 2340 (79)
755 2269 826 2325 τὰ
856 2269 988 2341 μέλη
1019 2273 1049 2342 ὴ
1061 2271 1197 2341 μῶν,
1229 2272 1308 2324 ὅτι
1347 2270 1404 2325 ἒν
1446 2272 1595 2326 οὐδὲν
1626 2272 1803 2343 ἐαυτῷ
1840 2275 1973 2344 πρὸς

400 2361 682 2433 ἐνέργειαν
724 2360 1012 2435 αὔταρκες,
1063 2362 1179 2427 πῶς
1225 2364 1461 2434 ἐμαυτὸν
1503 2365 1784 2435 λογίσωμαι
1819 2365 1979 2437 ἐξαρ-

404 2457 524 2507 κεῖν
561 2452 737 2525 έαυτῷ
771 2454 907 2524 πρὸς
944 2455 1011 2510 τὰ
1038 2455 1129 2510 τοῦ
1171 2456 1284 2527 βίου
1330 2457 1662 2528 πράγματα;
1698 2457 1833 2510 υύτε
1868 2457 1978 2529 γὰρ

408 2545 476 2598 ἂν
515 2544 647 2609 ποῦς
684 2545 939 2614 ἀσφαλῶς
970 2547 1253 2617 ¹βαδίσειε,
1305 2548 1378 2621 μὴ
1433 2550 1979 2622 συνυποστηρίζοντος

408 2635 502 2687 τοῦ
541 2636 726 2707 ἑτέρου
750 2653 763 2666 ⁸
799 2636 922 2690 οὔτε
954 2638 1225 2710 ὀφθαλμὸς
1259 2641 1425 2711 ὑγιῶς
1463 2642 1581 2705 ἴδοι,
1621 2641 1693 2712 μὴ
1727 2641 1980 2695 κοινωνὸν

411 2724 549 2796 ἔχων
585 2727 675 2780 τὸν
714 2727 919 2800 ἕτερον,
967 2730 1058 2783 καὶ
1095 2732 1212 2800 μετ’
1253 2731 1416 2787 αὑτοῦ
1459 2731 1763 2802 συμφώνως
1810 2749 1980 2803 προσ-

411 2816 622 2871 ϐάλλων
668 2822 780 2883 τοῖς
825 2822 1057 2891 ὁρατοῖς.
1108 2823 1172 2875 Ἠ
1222 2824 1359 2895 ἀκοὴ
1412 2823 1774 2895 ἀκριϐεστέρα
1833 2825 1865 2895 ἡ
1914 2823 1980 2876 δι’

412 2909 613 2979 ἀμφοῖν
641 2914 753 2963 τοῖν
791 2912 979 2983 πόροιν
1028 2914 1126 2984 τὴν
1166 2914 1347 2986 φωνὴν
1379 2915 1663 2987 δεχομένη,
1696 2918 1790 2969 καὶ
1831 2917 1982 2970 ἀντί-

411 3001 573 3073 ληψις
608 3004 969 3074 κραταιοτέρα
1006 3007 1071 3077 τῇ
1106 3005 1353 3078 κοινωνίᾳ
1398 3008 1505 3060 τῶν
1536 3007 1830 3062 δακτύλων.
1874 3010 1985 3062 Καὶ

412 3093 746 3159 ἁπαξαπλῶς
774 3096 922 3148 οὐδὲν
962 3095 1085 3149 οὔτε
1132 3098 1239 3150 τῶν
1272 3100 1336 3151 ὲκ
1370 3098 1583 3167 φύσεως
1618 3099 1741 3153 οὔτε
1782 3100 1891 3154 τῶν
1920 3102 1986 3153 ὲκ

414 3185 787 3255 προαιρέσεως
811 3187 1254 3258 κατορθουμένων
1283 3188 1393 3260 ὁρῶ
1428 3189 1555 3243 ἄνευ
1585 3190 1682 3260 τῆς
1718 3189 1828 3243 τῶν
1856 3192 1985 3261 ὁμο-

416 3274 597 3343 φύλων
625 3277 926 3347 συμπνοίας
952 3278 1365 3349 ὲπιτελούμενον
1386 3297 1399 3309 ο
1427 3281 1561 3335 ὃπου
1604 3298 1667 3350 γε
1706 3284 1801 3336 καὶ
1846 3284 1985 3355 αὐτὴ

414 3368 448 3437 ή
479 3368 750 3439 προσευχὴ
793 3369 866 3440 μὴ
900 3370 1093 3439 ἔχουσα
1132 3372 1258 3435 τοὺς
1306 3372 1726 3442 συμφωνοῦντας
1771 3374 1989 3447 ἀδρανε-

419 3455 584 3526 στέρα
620 3458 737 3510 ἐστὶ
754 3457 931 3528 πολλῷ
960 3460 1178 3530 ἑαυτῆς,
1206 3459 1299 3512 καὶ
1328 3461 1357 3512 ὁ
1386 3460 1589 3531 Κύριος
1627 3460 1988 3531 ἐπηγγείλατο

2085 2177 2221 2233 riam
2244 2196 2365 2235 esse
2402 2180 2658 2236 Dominus
2694 2197 2793 2238 nos
2815 2184 3018 2236 docuit.
3043 2184 3178 2238 Cum
3209 2184 3355 2238 enim
3385 2184 3502 2238 haec
3532 2184 3647 2254 ipsa

2082 2281 2269 2327 nostra
2303 2273 2547 2328 membra
2575 2275 2885 2339 considero,
2911 2290 3143 2345 quorum
3177 2276 3384 2329 nullum
3416 2276 3517 2330 sibi
3544 2276 3648 2345 ipsi

2085 2362 2151 2417 ad
2186 2364 2454 2433 agendum
2486 2366 2621 2421 satis
2658 2373 2777 2419 est:
2805 2366 3079 2435 quomodo
3108 2365 3240 2419 mihi
3277 2365 3393 2435 ipse
3427 2365 3652 2419 videbor

2084 2453 2151 2507 ad
2206 2455 2330 2508 vitae
2387 2456 2602 2524 negotia
2648 2455 2931 2510 sullicere?
2968 2454 3156 2525 Neque
3199 2456 3343 2510 enim
3392 2471 3488 2526 pes
3534 2465 3653 2509 tuto

2084 2547 2387 2617 gradiatur,
2424 2564 2533 2603 non
2584 2547 2928 2604 sulfulciente
2976 2549 3178 2603 altero:
3229 2563 3408 2619 neque
3457 2549 3651 2603 oculus

2086 2644 2235 2691 recte
2269 2637 2487 2702 videat,
2531 2652 2638 2691 non
2683 2638 2893 2693 habens
2936 2639 3167 2693 alterum
3204 2648 3550 2702 consortem,
3599 2647 3656 2695 et

2086 2745 2210 2783 cum
2241 2744 2307 2784 eo
2333 2730 2610 2785 socialiter
2634 2730 2719 2785 his
2748 2745 2869 2799 qua:
2893 2729 3165 2790 videntur.
3190 2731 3454 2785 intentus.
3479 2728 3655 2784 Audi-

2088 2830 2175 2875 tus
2218 2821 2564 2885 accuratior,
2605 2821 2696 2890 qui
2750 2836 2846 2890 per
2898 2829 3158 2891 utrosque
3207 2828 3417 2876 meatus
3467 2836 3656 2876 vocem

2088 2913 2339 2982 suscipit,
2373 2923 2426 2968 et
2456 2912 2647 2969 fortior
2676 2912 3058 2983 apprehensio,
3094 2912 3386 2984 digitorum
3424 2913 3656 2982 conjun—

2089 3003 2291 3058 ctione.
2309 3002 2375 3056 Et
2392 3004 2448 3058 in
2472 3018 2704 3069 summa,
2728 3004 2865 3058 nihil
2894 3019 3066 3074 neque
3086 3018 3273 3057 eorum
3297 3018 3416 3073 quae
3441 3012 3656 3065 natura,

2090 3110 2268 3164 neque
2313 3109 2503 3150 eorum
2552 3109 2674 3163 qua:
2723 3095 2890 3150 libera
2935 3095 3217 3149 voluntate
3262 3094 3658 3163 perficiuntur,

2092 3189 2227 3240 citra
2274 3186 2736 3257 conspirationem
2781 3199 2971 3242 eorum
3016 3200 3136 3254 quae
3168 3184 3409 3254 ejusdem
3445 3185 3662 3254 generis

2092 3285 2242 3342 sunt,
2278 3278 2460 3350 perlici
2489 3279 2673 3343 video;
2710 3293 2832 3331 cum
2864 3284 2919 3331 et
2963 3292 3153 3347 preces
3196 3278 3347 3346 ipsae,
3397 3277 3444 3331 si
3481 3275 3663 3332 desint

2093 3372 2187 3441 qui
2233 3372 2577 3440 conspirent,
2626 3372 2783 3441 longe
2833 3369 2943 3425 sint
2992 3370 3193 3440 seipsis
3236 3369 3563 3436 debiliores,
3600 3384 3664 3422 ac

2095 3461 2358 3517 Dominus
2387 3463 2528 3517 inter
2556 3462 2693 3518 duos
2718 3470 2811 3516 aut
2840 3469 2972 3522 tres.
3000 3462 3094 3530 qui
3122 3461 3297 3530 ipsum
3322 3460 3665 3515 concorditer

421 3546 583 3615 μέσος
612 3549 934 3618 γενήσεσθαι
985 3551 1186 3621 μεταξὺ
1232 3552 1342 3623 (80)
1392 3552 1485 3606 δύο
1527 3554 1559 3624 ἢ
1599 3552 1763 3625 τριῶν
1796 3556 1984 3608 ἐπικα-

2095 3551 2510 3616 invocaverint,
2544 3553 2781 3615 medium
2829 3567 2888 3606 se
2932 3550 3048 3605 fore
3098 3551 3428 3621 promiserit.
3469 3550 3576 3606 Sed
3611 3558 3667 3605 et

417 3637 692 3710 λουμένων
726 3642 886 3695 αὑτὸν
925 3645 981 3696 ἐν
1008 3643 1245 3716 ὁμονοίᾳ.
1282 3646 1392 3698 Καὶ
1429 3647 1596 3718 αὐτὴν
1633 3646 1689 3700 δὲ
1728 3646 1825 3718 τήν
1856 3649 1993 3701 οἰκο-

419 3731 611 3798 νομίαν
640 3735 668 3784 ὁ
722 3732 925 3804 Κύριος
971 3736 1316 3802 κατεδέξατο,
1347 3737 1434 3790 ἵνα
1480 3740 1862 3810 εἰρηνοποιήσῃ
1907 3738 1995 3791 διὰ

312 3900 323 3909 ⁸
420 3819 514 3872 τοῦ
539 3822 772 3891 αἳματος
808 3825 901 3877 τοῦ
934 3826 1168 3897 σταυροῦ
1202 3828 1363 3882 αὐτοῦ
1399 3831 1508 3883 εἴτε
1540 3830 1609 3883 τὰ
1645 3832 1739 3883 ἐπὶ
1771 3829 1868 3900 τῆς
1894 3831 1996 3901 γῆς

422 3911 533 3963 εἴτε
564 3911 635 3964 τὰ
677 3915 735 3967 ἐν
774 3917 886 3979 τοῖς
930 3917 1197 3988 οὐρανοῖς.
1233 3919 1416 3984 Ὥστε,
1455 3919 1543 3973 διά
1581 3920 1751 3974 ταῦτα
1797 3920 1994 3984 πάντα,

424 4001 481 4053 ὲν
512 4003 700 4076 εἰρήνῃ
739 4007 917 4076 μένειν
961 4008 1060 4070 τάς
1104 4008 1428 4080 λειπομένας
1471 4011 1624 4082 ήμῶν
1664 4012 1874 4083 ἡμέρας
1910 4012 1999 4063 εύ-

421 4092 659 4164 χὸμεθα·
700 4098 757 4149 ὲν
796 4099 986 4170 εἰρήνῃ
1027 4100 1082 4152 δὲ
1129 4101 1378 4169 γενέσθαι
1426 4102 1523 4174 τὴν
1562 4104 1816 4175 κοίμησιν
1841 4103 1999 4174 ήμῶν

424 4185 701 4257 αἰτοῦμεν.
738 4189 903 4260 ’Υπὲρ
939 4191 1141 4262 ταύτης
1174 4193 1292 4245 οὐδὲ
1327 4195 1487 4249 πόνον
1525 4194 1790 4249 ἐλλείπειν
1821 4196 2001 4248 ὅντινα

425 4273 519 4330 οὖν
551 4278 786 4347 ἔγνωκα,
820 4283 879 4335 οὐ
914 4286 1170 4338 ταπεινόν
1217 4303 1268 4338 τι
1312 4285 1645 4354 φθέγξασθαι
1683 4286 1714 4356 ἢ
1757 4287 1998 4356 ποιῆσαι,

425 4369 523 4438 οὐχ
564 4370 870 4443 ὁδοιπορίας
907 4375 1079 4443 μῆκος
1137 4375 1579 4444 ὑπολογίσασθαι,
1626 4376 1725 4428 οὐκ
1772 4376 1899 4430 ἄλλο
1950 4394 2002 4429 τι

428 4461 535 4513 τῶν
558 4461 803 4535 ὀχληρῶν
827 4465 937 4533 (SI)
972 4467 1409 4532 ὑποστείλασθαι,
1451 4465 1590 4520 ὥστε
1639 4468 1748 4521 τῶν
1798 4467 2003 4538 μισθῶν

426 4553 525 4623 τῆς
556 4555 922 4626 εἰρηνοποιίας
953 4560 1244 4629 ἐπιτυχεῖν.
1277 4559 1393 4614 Κᾶν
1429 4561 1525 4631 μὲν
1557 4561 1755 4630 ἓπηταί
1781 4560 1890 4630 (82)
1922 4579 2003 4624 τις

388 4641 398 4650 ’
426 4644 599 4698 ταῦτα
622 4648 1052 4720 καθηγουμένοις
1076 4654 1227 4721 ήμῖν,
1246 4652 1404 4705 τοῦτο
1432 4652 1672 4723 ἄριστον,
1695 4654 1801 4706 καὶ
1838 4653 2003 4722 εύχῆς

429 4735 683 4804 τυγχάνει
706 4738 896 4807 πέρας
912 4739 1006 4793 ὲάν
1026 4740 1080 4792 δὲ
1105 4742 1241 4811 πρὸς
1264 4741 1360 4813 τὴν
1379 4741 1625 4795 ἐναντίαν
1647 4741 1855 4813 ἀγέλκῃ
1870 4742 2002 4813 (85),

432 4825 543 4893 ἐγὼ
564 4827 660 4896 μὲν
688 4828 806 4881 οὐδὲ
826 4830 966 4883 οὕτω
988 4832 1086 4901 τῆς
1106 4833 1339 4903 ἐμαυτοῦ
1363 4833 1593 4904 κρίσεως
1604 4834 2001 4904 ἀποστήσομαι.

2094 3646 2557 3716 dispensationem
2608 3647 2782 3717 ipsam
2832 3646 3097 3700 Dominus
3144 3645 3419 3714 suscepit,
3463 3654 3523 3698 ut
3572 3658 3667 3713 per

2094 3738 2413 3808 sanguinem
2449 3753 2560 3794 suae
2579 3739 2763 3793 crucis
2787 3738 2901 3793 sive
2924 3748 3133 3791 terrena
3162 3739 3276 3793 sive
3300 3737 3544 3793 ccelestia
3574 3751 3668 3805 pa-

2096 3831 2356 3884 cilicaret.
2402 3828 2610 3895 Quare.
2644 3829 2716 3883 ob
2762 3828 2878 3883 haec
2922 3828 3133 3886 omnia.
3169 3829 3226 3883 in
3268 3844 3401 3898 pace
3445 3842 3669 3882 manere

2096 3921 2340 3989 reliquos
2369 3918 2490 3973 dies
2520 3928 2739 3975 nostros
2769 3929 3046 3989 Optamus,
3079 3920 3132 3973 in
3158 3934 3291 3990 pace
3322 3919 3436 3973 lieri
3468 3916 3670 3973 obdor-

2098 4011 2384 4066 mitionem
2428 4016 2672 4065 nostram
2720 4023 3032 4079 precamur.
3092 4008 3268 4063 Statui
3316 4009 3466 4078 pacis
3504 4024 3670 4064 causa

2098 4117 2202 4157 nec
2232 4103 2470 4157 laborem
2499 4101 2670 4155 ullum
2692 4100 3124 4169 praetermittere,
3151 4115 3260 4153 non
3293 4099 3495 4153 humile
3519 4099 3668 4153 dictu

2101 4193 2401 4265 quidquam
2451 4200 2545 4246 aut
2598 4191 2788 4259 factu,
2843 4206 2952 4245 non
3005 4192 3217 4247 itineris
3275 4192 3668 4261 longitudinem

2099 4287 2302 4353 vereri,
2331 4301 2440 4340 non
2473 4285 2770 4355 quidquam
2806 4285 2953 4338 aliud
2989 4284 3280 4340 molestum
3310 4283 3577 4354 refugere,
3611 4293 3671 4339 ut

2102 4380 2406 4435 mercedem
2460 4376 2859 4449 pacificationis
2909 4376 3202 4446 adipiscar.
3258 4377 3411 4442 Quod
3457 4378 3504 4431 si
3547 4376 3671 4445 quis

2102 4487 2204 4526 nos
2242 4472 2383 4524 viam
2418 4469 2485 4523 al
2512 4471 2627 4524 haec
2667 4476 3037 4525 monstrantes
3079 4470 3327 4539 sequitur
3350 4508 3364 4532 ,
3398 4469 3501 4523 hoc
3533 4471 3675 4538 opti~

2103 4576 2272 4625 mum,
2305 4568 2359 4615 et
2397 4559 2510 4613 voti
2546 4558 2668 4614 linis
2708 4566 2826 4613 est:
2875 4559 2959 4614 sin
3007 4568 3186 4614 autem
3234 4561 3289 4613 in
3335 4560 3672 4613 contrarium

2103 4653 2306 4717 trahat,
2337 4667 2438 4722 ego
2480 4657 2626 4704 certe
2656 4665 2726 4705 ne
2775 4651 2855 4706 sic
2898 4651 3118 4721 quidem
3170 4666 3202 4704 a
3240 4666 3355 4705 mea
3405 4650 3673 4706 sententia

2105 4744 2377 4800 recedam.
2428 4742 2823 4812 Unusquisque
2865 4751 3046 4798 autem
3087 4758 3315 4813 operum
3358 4756 3583 4797 suorum
3618 4742 3676 4797 in

2108 4835 2567 4891 remunerationis
2598 4833 2685 4890 die
2713 4834 2927 4890 fruetus
2964 4845 3244 4905 agnoscet.

433 4916 601 4981 Αὐτὸς
622 4918 677 4971 δὲ
730 4920 957 4985 ἕκαστος
998 4923 1100 4993 τῆς
1145 4924 1346 4989 οἰκείας
1378 4925 1637 4994 ἐργασίας
1670 4928 1727 4977 ἐν
1755 4925 1939 4997 ἡμέρᾳ
1967 4928 2064 4998 τῆς
2096 4925 2502 4992 ἀνταποδόσεως
2556 4928 2682 4990 τοὺς
2731 4929 2977 4998 καρποὺς
3016 4924 3394 4993 ἐπιγνώσεται.

507 5049 619 5122 (77)
647 5055 767 5130 ’Καὶ
807 5056 943 5130 ὅσα.
979 5056 1155 5112 Editio
1180 5059 1354 5113 Paris.
1391 5058 1543 5130 addit
1579 5059 1821 5130 τοιαῦτα,
1847 5060 1984 5130 quod

2099 5063 2241 5118 Editi
2295 5060 2420 5115 οὔτε
2478 5058 2566 5117 αὖ.
2631 5059 2768 5116 Tres
2842 5059 3199 5117 vetustissimi
3270 5058 3487 5115 codices
3554 5058 3680 5112 οὔτε

434 5120 589 5202 abest
613 5123 682 5176 ah
709 5127 961 5180 omnibus
989 5131 1190 5202 nostris
1219 5145 1350 5202 mss.
1386 5138 1446 5202 Aet»
1480 5129 1601 5184 aliis
1637 5120 1993 5202 editioni-bus.
2020 5120 2049 5149 ί
2104 5132 2402 5202 ὀφθαλμός.

436 5189 606 5272 I’aulo
644 5202 764 5262 post
796 5203 1023 5267 uterque
1051 5197 1182 5269 Reg.
1217 5208 1272 5254 et
1300 5200 1469 5254 Coisl.
1500 5199 1775 5254 secundus
1805 5202 1869 5253 Εἰ
1893 5201 1984 5272 γὰρ

2148 5189 2296 5272 ’(8θὶ
2334 5189 2592 5265 Μεταξὺ.
2624 5198 2778 5272 Hanc
2814 5215 3000 5255 vocem
3034 5198 3345 5254 addidimus
3387 5214 3453 5253 ex
3503 5199 3682 5255 tribus

436 5261 629 5329 ἕτεροι.
646 5261 658 5262 ί
936 5261 951 5267 ⁷
1133 5261 1159 5269 ⁷
1905 5261 1917 5270 ’
1971 5261 1983 5272 ’

2108 5261 2840 5326 νοὶυεὶίεεὶιιιὶεἐοιιίοὼιιε.

508 5332 620 5401 (78)
660 5334 853 5412 Ὥστε⁸
879 5340 990 5412 οὐκ
1017 5336 1094 5390 ἄν
1127 5352 1291 5412 atere,
1336 5347 1442 5394 etc.
1476 5338 1770 5410 Sequimur
1804 5342 1907 5396 hoc
1947 5342 1984 5396 it

2175 5342 2287 5412 (81)
2334 5340 2457 5412 Τῶν
2484 5338 2784 5412 ρχληρῶν.
2813 5338 2982 5393 Coisl.
3020 5338 3250 5407 primus,
3282 5334 3433 5391 Harl.
3468 5344 3521 5392 et
3555 5335 3677 5393 Vat.

438 5400 681 5497 iacebuntI
712 5404 765 5457 in
792 5408 1053 5497 lplulribu‘s
1083 5409 1233 5497 aliis,
1272 5418 1393 5497 tres
1416 5400 1816 5497 vetustissimos
1849 5412 1984 5497 copia

2104 5410 2583 5497 wit.,l.‘°l?.‘lf"’,"fz
2749 5491 2859 5497 μ--
3570 5426 3615 5497 ιι

439 5470 738 5552 ςεξΗαιἸΊ
791 5470 928 5530 Med.
985 5485 1038 5532 et
1063 5477 1251 5552 _Cois_l.
1299 5478 1465 5552 Editi
1493 5482 1572 5552 sic
1618 5482 1984 5552 habenter'q'

2175 5470 2287 5552 (δέ)
2329 5470 2607 5552 Ἕέἑηται.
2640 5476 2717 5552 Ita
2748 5491 2882 5532 mss.
2918 5475 3457 5552 sex._l3diti_E_1rorco_.
3522 5470 3579 5552 Δεἷ

439 5484 531 5524 ces
558 5483 729 5534 uart.,
791 5483 928 5530 Med.
985 5485 1038 5532 et
1082 5483 1251 5532 Coisl.
1299 5483 1441 5533 Editi
1493 5483 1572 5535 sic
1618 5483 1984 5552 habentzhlq

437 5538 773 5630 ξενδςῌούκάν
784 5562 911 5598 ποτε
934 5546 1183 5630 τοσοῦτον
1204 5549 1430 5630 ἑαυτοὺς
1446 5550 1831 5630 ὑπολάϐοιμεν,
1846 5551 1984 5605 ὥστε

2198 5483 2287 5545 82)
2332 5483 2607 5544 ”Επηται.
2640 5483 2717 5530 Ita
2748 5491 2882 5532 mss.
2918 5491 3034 5531 sex.
3074 5483 3216 5530 Editi
3250 5483 3455 5532 ἕποιτο.
3552 5483 3585 5533 εἴ

2171 5483 2308 5630 (85)-
2329 5548 2628 5630 feeding.
2663 5548 2740 5600 Ita
2764 5562 2860 5630 sex
2873 5561 3017 5628 piss.
3035 5546 3170 5630 llo):
3201 5542 3496 5630 ἥρωι-ὠς
3518 5548 3685 5630 ἐμαυ-

442 5605 728 5689 Νιιίιριιιιηι
758 5618 1099 5689 πρωιεεὲρεοε
1130 5619 1264 5671 tanti
1295 5605 1952 5683 cestimabimus,'ut,'etc.

2106 5605 2223 5676 τού.
2268 5605 2425 5674 Εὰὶιῖ
2461 5605 2691 5689 dies}.th
2740 5616 2936 5689 (ξι-τῆς
2989 5617 3181 5689 αὐτῆς.
3233 5614 3386 5689 Legit

508 5680 1000 5770 (_'Z9)n::\_ftt6w.‘lta
1033 5701 1164 5741 mss.
1185 5702 1304 5770 seti.
1333 5689 1477 5770 Editi
1507 5680 1816 5770 ἀπίδωμενέ
1838 5690 1984 5770 Paule

2108 5690 2318 5770 ἀφέλκει
2358 5680 3015 5770 in'e‘diti'opibuslla'gan.
3050 5680 3293 5770 etﬁasil.

439 5755 562 5818 post
609 5748 814 5822 Regius
866 5763 1096 5828 uterque
1149 5763 1204 5813 et
1253 5757 1421 5816 Coisl.
1476 5748 1705 5831 uterque
1761 5758 1873 5814 οὒτ’
1919 5761 2004 5816 ἀν.
2158 5748 2199 5785 ”
2234 5748 2385 5816 Alias
2412 5751 2644 5827 LXVIII,
2682 5748 3065 5829 scripta'anno
3097 5756 3205 5813 572

3513 5617 3681 5675 etiam
