3988 6194
351 311 457 368 493

823 437 1160 494 EPISTOLA
1199 436 1446 494 λενιιικ

1665 303 1723 360 S.
1763 301 2004 358 BASILII
2043 301 2256 358 MAGNI

3467 304 3597 382 ,ιοδ

2560 438 2902 492 ΕΠΙΣΤΟΛΗ
2939 440 3057 506 ur.

355 575 574 626 Rationes
593 573 786 640 exponit
827 589 917 625 cur
953 574 1230 641 Nicopolim
1247 589 1348 641 non
1371 573 1526 625 iverit.
1557 575 1584 622 Ι
1588 579 1747 641 (urunt
1769 589 1820 626 se
1857 573 1976 641 dicit
1997 573 2064 641 in,
2089 576 2210 624 hanc
2231 573 2426 641 urbem,
2451 580 2502 624 ut
2523 587 2632 625 cum
2663 572 2854 641 Meletio
2875 575 3207 641 colloquatur;
3231 573 3596 641 vetetimncum

412 642 580 705 eodem
599 635 852 705 Samosata
871 635 1134 705 vemuruizt.
1163 637 1188 684 1
1193 637 1381 705 ndictus
1398 651 1509 705 eum
1533 636 1771 705 episcopis
1793 635 2018 705 secundm
2040 636 2362 705 Cappadocth
2387 649 2699 705 congressus;
2722 637 2835 705 item
2856 637 2994 705 alius
3004 635 3114 688 cum
3138 635 3401 705 gustet/tio:
3426 639 3598 688 Excu—

411 698 594 767 sotioue
611 697 781 767 utitur,
806 711 914 766 cum
935 696 1097 767 missa;
1118 711 1212 747 non
1232 696 1326 767 sint
1343 698 1407 746 ad
1433 696 1684 766 Eusebium
1697 696 1880 767 littera:
1897 696 2250 767 episcoporum.
2277 696 2539 767 Rei-statin
2559 713 2646 767 suo
2667 697 2866 767 consilio
2888 707 2939 750 ut
2959 698 3216 764 Gregorius
3236 697 3297 750 sit
3318 697 3594 764 episcopus.

414 757 615 810 Nuntiat
639 757 934 809 Palmatium
954 757 1170 808 Maximo
1201 761 1265 808 ad
1287 761 1660 821 persecutionem
1683 757 1977 809 ministrare.
1999 757 2149 823 negat
2175 758 2432 809 Eusebium
2454 767 2505 808 ut
2523 759 2588 809 ad
2611 773 2662 810 se
2683 757 2841 811 ueniat

651 861 898 928 Eusebio,
927 863 1164 932 episcopo
1196 861 1620 918 Samosatorum.

425 976 478 1031 i.
510 976 644 1031 Cum
675 974 975 1046 Nicopolim
997 985 1180 1030 mente
1211 977 1502 1046 animoque
1529 975 1736 1043 ferrer,
1765 985 1916 1047 post-

353 1083 516 1139 quam
547 1067 872 1122 urbanitatis
898 1075 1003 1120 ttue
1033 1067 1242 1121 litteras
1270 1069 1454 1136 accepi
1485 1068 1685 1137 quibus
1731 1077 1918 1122 ventu-

356 1175 472 1213 rum
499 1169 548 1215 te
583 1159 849 1230 negabas.
885 1158 1156 1213 relaxatus
1188 1174 1310 1214 sum
1343 1174 1410 1212 ex
1441 1173 1557 1213 mea
1591 1161 1915 1229 cupiditate,

354 1251 626 1320 simulque
657 1251 824 1304 totius
856 1265 990 1304 mea:
1023 1249 1357 1304 inﬁrmitatis
1387 1251 1725 1304 recordatus.
1760 1250 1920 1305 Venit

355 1351 534 1398 autem
570 1343 698 1396 mihi
723 1343 778 1396 in
808 1351 1044 1396 mentem
1083 1348 1138 1395 et
1165 1356 1352 1396 eorum
1383 1343 1478 1412 qui
1520 1342 1920 1398 advocaverant

355 1433 726 1504 perfunctoria
760 1431 1024 1486 invitandi
1067 1431 1229 1497 ratio,
1277 1431 1370 1500 qui
1401 1447 1525 1484 cum
1560 1447 1645 1486 me
1681 1447 1779 1501 per
1819 1432 1918 1486 lio-

355 1524 766 1579 noratissimum
815 1521 1038 1575 fratrem
1090 1520 1394 1576 Helleniqu
1442 1520 1698 1575 Naziauzi
1747 1537 1918 1591 perae»

354 1623 640 1686 quatorem
673 1614 728 1668 in
759 1624 1080 1668 transcursu
1119 1620 1444 1676 vocassent,
1484 1613 1578 1682 qui
1622 1613 1820 1667 iterum
1852 1613 1922 1668 de

359 1703 551 1760 iisdem
585 1705 954 1768 submoneret,
985 1711 1078 1758 aut
1108 1719 1194 1758 me
1223 1704 1538 1768 deduceret,
1575 1718 1686 1758 non
1713 1705 1921 1774 dignati

359 1805 488 1852 sunt
514 1797 748 1851 mittere.
781 1795 967 1868 Itaque
1009 1812 1132 1850 cum
1161 1797 1232 1850 ob
1263 1805 1482 1866 peccata
1517 1805 1705 1850 nostra
1748 1797 1921 1851 simus

358 1883 493 1952 ipsis
523 1884 782 1952 suspecti,
817 1884 1098 1938 timuimus
1136 1899 1204 1938 ne
1245 1885 1462 1938 illorum
1495 1884 1652 1954 192
1682 1901 1919 1940 conven-

351 1981 448 2029 tus
490 1975 729 2028 laetitiam
763 1975 1048 2044 praesentia
1080 1985 1267 2029 nostra
1295 1975 1741 2030 obturbaremus.
1787 1975 1920 2029 Nam

358 2079 483 2118 cum
531 2065 978 2135 magnanimitate
1008 2073 1100 2118 tua
1139 2066 1220 2119 vel
1253 2066 1318 2118 ad
1345 2080 1568 2134 magnas
1600 2067 1922 2120 tentationes

351 2155 566 2226 accingi
602 2171 713 2210 non
741 2157 1051 2226 pigramur;
1088 2156 1294 2225 absque
1315 2163 1367 2209 te
1389 2164 1568 2210 autem
1595 2157 1673 2208 vel
1707 2157 1922 2210 intuen-

351 2246 442 2301 dis
474 2247 683 2302 levibus
709 2251 968 2301 aerumnis
998 2247 1239 2317 impares
1273 2261 1485 2300 sumus.
1520 2244 1790 2312 Quoniam
1820 2247 1919 2316 igi-

355 2348 447 2393 tur
472 2339 540 2394 de
568 2339 732 2394 rebus
771 2338 1158 2392 ecclesiasticis
1210 2335 1426 2392 futurus
1471 2345 1590 2390 erat
1621 2337 1750 2390 mihi
1793 2353 1917 2390 cum

356 2430 464 2486 illis
487 2444 835 2500 congressus,
859 2429 1192 2484 celebritatis
1212 2429 1430 2498 quidem
1455 2436 1670 2498 tempus
1698 2439 1920 2497 praeter-

355 2519 503 2585 misi,
531 2534 885 2590 congressum
918 2526 1099 2573 autem
1130 2518 1183 2572 in
1213 2520 1456 2589 quietum
1482 2534 1545 2573 ac
1571 2533 1767 2588 expers
1792 2532 1918 2586 per-

344 2611 689 2666 turbationis
714 2617 928 2678 tempus
960 2611 1147 2665 distuli
1170 2628 1183 2676 ;
1213 2625 1405 2680 meque
1424 2611 1604 2664 satius
1641 2625 1764 2664 esse
1788 2608 1918 2662 duxi

355 2703 658 2774 Nicopolim
705 2704 1007 2756 venientem
1061 2703 1128 2756 de
1171 2702 1503 2756 necessariis
1554 2701 1919 2756 Ecclesiarum

353 2795 521 2849 rebus
551 2807 675 2848 cum
706 2791 1118 2861 religiosissimo
1139 2793 1395 2861 episcopo
1420 2790 1630 2845 llleletio
1658 2790 1917 2859 colloqui,

356 2885 402 2940 si
428 2885 709 2939 Samosata
733 2898 956 2953 pergere
979 2889 1221 2936 recuset:
1251 2883 1336 2936 sin
1359 2890 1538 2936 autem
1558 2897 1664 2935 non
1681 2889 1917 2944 recuset,

357 2976 520 3032 simul
549 2991 672 3029 cum
700 2988 766 3029 eo
789 2973 1189 3036 advolabimus,
1221 2973 1382 3028 modo
1405 2973 1461 3028 id
1491 2973 1623 3026 milii
1656 2972 1724 3026 ab
1763 2981 1918 3026 utro-

356 3084 461 3139 que
485 3067 812 3129 declaretur,
846 3066 1098 3121 videlicet
1139 3065 1207 3120 ab
1241 3065 1334 3120 illo
1374 3065 1494 3136 ipso
1537 3065 1695 3121 nobis
1736 3063 1804 3119 de
1833 3064 1920 3120 bis

355 3159 692 3215 rescribeute
727 3157 1072 3226 (scripsimus
1095 3157 1284 3224 enim),
1316 3165 1480 3226 atque
1505 3171 1533 3210 a
1570 3163 1662 3210 tua
1693 3155 1914 3226 pietate.

1948 869 1995 926 A

2281 865 2569 930 Εὐσεϐίῳ,
2605 865 2914 930 ἑπισκόπῳ
2946 865 3326 935 Σαμοσάτων.

2058 1021 2065 1029 .
2094 975 2146 1028 1.
2162 977 2312 1030 Πάνυ
2329 976 2488 1048 ὠρμη
2499 978 2657 1044 μένος
2668 979 2991 1034 καταλαϐεῖν
3007 981 3103 1051 τὴν
3119 979 3433 1039 Νικόπολιν,
3453 979 3598 1050 μετᾶ

2021 1065 2082 1119 τὸ
2103 1067 2358 1132 δέξασθαι
2381 1068 2445 1121 τὰ
2462 1069 2612 1139 παρὰ
2633 1070 2730 1140 τῆς
2757 1070 3029 1142 όσιότητός
3049 1072 3158 1142 (84)
3177 1089 3269 1124 σου
3289 1072 3600 1142 γράμματα.

2017 1153 2241 1226 ἄρνησιν
2269 1155 2458 1226 ἔχοντα
2487 1157 2584 1228 τῆς
2615 1159 2870 1228 ἀφίξεως,
2903 1161 3164 1232 παρείθην
3201 1160 3309 1213 ἀπὸ
3345 1160 3446 1229 τῆς
3477 1163 3598 1213 ἐπι·

2017 1246 2214 1317 θυμίας
2239 1248 2371 1314 (85),
2405 1249 2496 1302 καὶ
2529 1250 2708 1320 πάσης
2737 1252 2872 1322 ὁμοῦ
2909 1253 3010 1322 τῆς
3035 1253 3316 1316 ἀσθενείας
3356 1253 3600 1323 ἀνεμνή-

2021 1337 2170 1408 σθην.
2204 1335 2374 1392 Ἦλθε
2417 1339 2475 1392 δέ
2533 1357 2620 1411 μοι
2658 1343 2738 1404 είς
2777 1342 2982 1396 ἔννοιαν
3019 1346 3110 1398 καὶ
3137 1343 3294 1416 ἡτῶν
3332 1345 3598 1414 κεκληκό-

2026 1444 2130 1481 των
2159 1429 2472 1497 ἀφοσίωσις,
2515 1432 2617 1497 ὅτι,
2657 1433 2954 1504 παροδικὴν
2989 1435 3146 1508 ,πρὸς
3189 1436 3334 1506 ἡμᾶς
3373 1435 3580 1506 ποιησά

2024 1535 2174 1589 μενοι
2222 1519 2318 1590 τὴν
2357 1520 2551 1590 κλῆσιν
2597 1521 2685 1576 διὰ
2741 1524 2833 1578 τοῦ
2886 1525 3310 1595 αἰδεσιμωτάτου
3364 1523 3598 1594 ἀδελφοῦ

2020 1609 2130 1678 (86)
2172 1611 2442 1683 Ἑλληνίου
2488 1613 2582 1666 τοῦ
2615 1614 2916 1681 ὲξισοῦντος
2959 1616 3294 1681 Ναζιανζὸν,
3343 1616 3598 1686 δεύτερον

2019 1701 2279 1770 περὶτῶν
2320 1701 2498 1756 αὐτῶν
2531 1705 3015 1776 ὑπομιμνήσκοντα
3051 1706 3186 1778 (87),
3226 1706 3258 1777 ἢ
3300 1706 3598 1778 ὀδηγοῦντσ

2020 1791 2184 1860 ἡμᾶς,
2237 1793 2296 1845 οὗ
2348 1794 2692 1864 κατηξίωσαν
2741 1798 3077 1852 ἀποστεῖλαι.
3151 1799 3304 1850 Ἐπεὶ
3349 1793 3444 1850 οὖν
3496 1797 3575 1852 iii:

2019 1899 2172 1935 οπτοι
2220 1883 2402 1947 αὐτοῖς
2449 1886 2615 1956 ἐσμεν
2647 1888 2736 1940 διὰ
2763 1887 2859 1952 τὰς
2888 1889 3158 1958 ἁμαρτίας
3190 1889 3367 1960 ἡμῶν,
3401 1889 3598 1960 ἐφοϐή-

2020 1974 2193 2044 θημεν
2230 1976 2303 2045 μή
2351 1993 2454 2029 που
2498 1977 2557 2030 τὸ
2609 1979 2830 2052 φαιδρὸν
2872 1981 3054 2043 αὐτοῖς
3097 1979 3197 2050 τῆς
3237 1981 3600 2052 πανηγύρεως

2021 2068 2084 2136 τῇ
2137 2067 2409 2139 παρουσίᾳ
2455 2069 2614 2139 ἡμῶν
2665 2072 3104 2143 ἐπιθολώσωμεν.
3149 2073 3302 2127 Μετὰ
3351 2075 3448 2144 μὲν
3487 2073 3600 2144 γὰρ

2023 2159 2118 2230 τῆς
2155 2161 2254 2230 σῆς
2301 2162 2668 2231 μεγαλοφυῖας
2705 2165 2800 2216 καὶ
2834 2164 2968 2235 πρὸς
3011 2165 3135 2228 τοὺς
3172 2163 3438 2234 μεγάλους
3463 2163 3602 2216 ἀπο-

2019 2251 2278 2305 δύσασθαι
2333 2256 2673 2326 πειρασμους
2724 2257 2826 2310 οὐκ
2871 2256 3166 2327 ὀκνοῢμενο
3217 2256 3344 2311 ἄνευ
3397 2255 3454 2308 δὲ
3503 2254 3602 2308 σοῦ

2019 2343 2138 2394 οὐδὲ
2175 2347 2294 2408 ταῖς
2326 2347 2615 2416 τυχούσαις
2660 2347 2900 2416 θλίψεσιν
2951 2349 3264 2419 ἀντιϐλέψαι
3306 2349 3598 2420 αὐτάρκως

2019 2433 2234 2504 ἔχομεν.
2280 2437 2430 2489 Ἐπεὶ
2472 2435 2564 2492 οὖν
2610 2439 3076 2510 ἐκκλησιαστικῶν
3126 2441 3310 2494 ἕνεκεν
3352 2440 3600 2507 γίνεσθαι

2021 2528 2176 2596 ἡμῶν
2210 2529 2244 2598 ή
2280 2528 2418 2600 πρὸς
2461 2531 2656 2593 αὐτοὺς
2704 2531 2938 2596 ἔντευξις
2984 2530 3192 2601 ἔμελλε,
3232 2531 3324 2584 τὸν
3371 2531 3468 2601 μὲν
3500 2531 3601 2600 τῆς

2021 2617 2378 2690 πανηγύρεως
2409 2621 2597 2691 καιρὸν
2629 2621 3021 2693 παρελίπομεν,
3049 2622 3128 2684 εἰς
3154 2621 3385 2692 ἡσυχίαν
3412 2621 3468 2674 δὲ
3499 2623 3598 2675 καὶ

2025 2706 2296 2779 ἀτάραχον
2329 2710 2602 2782 διαγωγὴν
2627 2712 2724 2780 τὴν
2758 2711 3045 2783 συντυχίαν
3081 2712 3475 2783 ὑπερεθέμεθα,
3504 2713 3600 2765 καὶ

2025 2799 2383 2870 προῃρήμεθα
2422 2802 2818 2866 καταλαϐόντες
2864 2803 2962 2872 τὴν
2999 2801 3291 2855 Νικόπολιν
3318 2801 3599 2874 διαλεχθῆ-

2024 2905 2110 2940 ναι
2141 2891 2268 2960 περὶ
2301 2891 2408 2944 τῶν
2445 2896 2565 2956 ταῖς
2599 2894 2941 2964 Ἐκκλησίαις
2971 2893 3278 2963 ἀναγκαίων
3308 2893 3386 2964 τῷ
3415 2893 3600 2962 θεοφι-

2023 2978 2262 3052 λεστάτῳ
2301 2985 2583 3056 ἐπισκόπῳ
2617 2985 2881 3056 Μελετίῳ,
2923 2987 2970 3039 εί
2999 2985 3180 3056 μέλλοι
3217 2985 3597 3057 παραιτεῖσθαι

2023 3071 2121 3140 τὴν
2149 3073 2242 3126 ἐπὶ
2288 3075 2578 3145 Σαμόσατα
2614 3077 2724 3147 (88)
2772 3079 2922 3132 ὀδόν·
2967 3080 3015 3131 εἰ
3056 3077 3115 3130 δὲ
3156 3078 3252 3148 μὴ,
3299 3076 3448 3147 αὐτῷ
3482 3077 3595 3146 (89)

2027 3160 2494 3232 συνδραμούμεθα,
2545 3165 2636 3219 ἐὰν
2697 3167 2826 3239 παρ’
2878 3165 3200 3236 ἀμφοτέρων
3253 3163 3409 3216 τοῦτο
3463 3164 3597 3232 ἡμῖν

326 3252 650 3323 -κατάδηλον
679 3251 921 3320 γένηται,
986 3251 1136 3322 παρά
1167 3267 1228 3304 τε
1294 3251 1453 3304 αὑτοῦ
1487 3251 1695 3306 ἐκείνου
1761 3250 2192 3321 ἀντιγράψαντος
2238 3258 2368 3328 ⁴ἡμῖν
2417 3259 2544 3330 περὶ
2613 3259 2815 3314 τούτων
2866 3259 3275 3331 (ἐπεστείλαμεν
3309 3257 3463 3330 γὰρ),
3503 3255 3598 3309 καὶ

337 3347 506 3419 παρὰ
530 3348 627 3416 τῆς
656 3345 753 3416 σῆς
785 3343 1109 3408 θεοσεὸείας.

425 3443 480 3495 2.
516 3441 744 3496 Eramus
773 3439 934 3494 etiam
968 3454 1090 3494 cum
1123 3441 1393 3510 episcOpis
1417 3439 1669 3494 secunda:
1704 3438 1908 3508 Cappa-

355 3532 524 3587 dociae
552 3531 900 3601 congressuri
933 3545 946 3581 :
978 3531 1069 3600 qui
1104 3539 1388 3600 postquam
1422 3531 1647 3584 alterius
1693 3528 1914 3598 provin-

2070 3431 2122 3486 2.
2155 3434 2502 3498 Ἐπισκόποις
2517 3435 2574 3489 δὲ
2591 3438 2702 3500 τοῖς
2723 3438 2784 3489 ἐκ
2809 3437 2908 3506 τῆς
2931 3437 3189 3508 δευτέρας
3205 3438 3597 3503 Καππαδοκίας

2024 3527 2406 3596 συντυγχάνειν
2445 3529 2742 3598 ἐμέλλομεν
2769 3545 2782 3558 ·
2815 3528 2864 3581 οἳ
2887 3571 2898 3592 ,
2941 3529 3129 3600 ἐπειδὴ
3160 3531 3352 3600 ἐτέρας
3381 3533 3596 3603 ὠνομά-

347 3623 454 3676 cia:
491 3636 687 3674 nomen
723 3619 1062 3681 habuerunt,
1105 3620 1286 3674 subito
1329 3621 1712 3675 existimarunt
1757 3634 1816 3674 se
1853 3635 1917 3673 ex

2029 3615 2234 3684 σθησαν
2283 3619 2582 3689 ἐπαρχίας,
2618 3620 2872 3689 ἐνόμισαν
2911 3619 3122 3692 ἀθρόως
3161 3624 3255 3676 καὶ
3295 3625 3598 3687 ἀλλοεθνεῖς

355 3712 462 3766 alia
513 3725 576 3764 ac
615 3725 717 3765 nos
750 3709 970 3764 natione
995 3717 1050 3763 et
1093 3717 1252 3778 gente
1283 3724 1402 3764 esse
1423 3747 1438 3772 ,
1469 3716 1789 3777 tantumque
1821 3723 1920 3762 nos

344 3801 712 3872 ignorarunt,
741 3808 1004 3870 quantum
1054 3800 1146 3869 qui
1189 3799 1395 3853 nullum
1429 3815 1656 3870 prorsus
1706 3801 1922 3869 pericu-

357 3896 467 3950 lum
511 3895 713 3957 fecere,
743 3908 842 3946 nec
885 3907 1122 3962 unquam
1161 3893 1218 3945 in
1264 3892 1592 3961 colloquium
1633 3899 1917 3946 venerunt.

358 3986 788 4056 Exspectabatur
817 3993 994 4039 autem
1025 3993 1079 4040 et
1123 3985 1261 4038 alius
1299 3999 1631 4052 congressus
1665 3998 1786 4037 cum
1837 3999 1922 4037 re-

345 4079 746 4134 -verendissimo
763 4080 1020 4150 episcopo
1042 4079 1344 4139 Eustathio,
1377 4093 1609 4146 quocum
1642 4077 1919 4147 congressi

356 4185 566 4225 sumus.
604 4168 739 4224 Nam
775 4172 901 4239 quia
934 4172 1085 4224 multi
1129 4171 1482 4224 clamitabant
1513 4171 1717 4239 aliquid
1753 4171 1822 4224 ab
1855 4185 1921 4224 eo

337 4262 412 4315 .in
443 4260 546 4316 ﬁde
573 4261 899 4322 adulterari,
933 4262 1180 4317 venimus
1207 4263 1254 4316 ei
1288 4263 1343 4315 in
1372 4263 1742 4330 colloquium,
1775 4277 1921 4315 eum-

342 4367 463 4422 .que
507 4351 812 4407 invenimus
863 4353 951 4406 Dei
1009 4367 1112 4420 ope
1155 4353 1224 4406 ad
1255 4368 1470 4406 omnem
1512 4361 1716 4406 rectam
1761 4352 1918 4405 ﬁdem

352 4443 498 4498 bono
535 4443 718 4497 animo
763 4450 1150 4498 assectantem.
1191 4443 1366 4497 Porro
1393 4443 1774 4513 episcoporum
1831 4445 1920 4496 lit-

343 4545 484 4592 .teraa
529 4537 687 4607 culpa
746 4536 960 4591 illorum
1015 4537 1292 4606 ipsorum,
1353 4552 1380 4590 a
1447 4537 1646 4606 quibus
1701 4545 1918 4590 nostras

356 4625 649 4681 transmitti
698 4625 1018 4694 oportebat,
1071 4624 1138 4677 ad
1183 4624 1505 4694 dignitatem
1542 4633 1690 4678 tuam
1736 4625 1920 4680 missa

345 4733 462 4773 .non
487 4727 648 4774 sunt:
677 4717 771 4773 sed
803 4724 858 4772 et
892 4733 977 4771 me
1007 4715 1291 4786 fugerunt,
1317 4733 1348 4770 e
1383 4717 1644 4770 memoria
1676 4718 1745 4770 ob
1778 4717 1920 4772 assi-

342 4809 490 4865 duas
536 4823 698 4864 curas
726 4808 940 4878 elapsae.
986 4806 1254 4861 Caeterum
1318 4805 1540 4862 fratrem
1589 4807 1915 4876 Gregorium

421 4989 441 5009 '
479 4985 628 5038 Alias
665 4983 892 5038 CCLIX.
924 4985 1126 5054 scripta
1154 4999 1298 5038 anno
1321 4983 1443 5038 572.

2025 3708 2119 3759 καὶ
2149 3707 2432 3776 ἀλλόφυλοι
2487 3709 2622 3780 πρὸς
2661 3712 2806 3781 ἡμᾶς
2847 3711 3208 3781 γεγενῆσθαιο
3253 3713 3304 3767 οἴ
3344 3716 3593 3768 τοσοῦτοι*

2025 3799 2170 3868 ἡμᾶς
2202 3800 2508 3870 ἠγνόησαν,
2562 3801 2684 3852 ὅσον
2718 3803 2764 3853 οὶ
2798 3801 2932 3872 μηδὲ
2971 3801 3068 3873 τὴν
3115 3803 3289 3875 ἀρχὴν
3327 3819 3593 3874 πεπειρα-

2030 3891 2178 3958 μένοι
2195 3892 2324 3962 (90).
2343 3892 2474 3962 μηδὲ
2493 3894 2570 3955 εἰς
2590 3893 2777 3962 λόγους
2797 3893 2922 3946 ποτὲ
2945 3895 3258 3964 ἀφικόμενοι
3276 3895 3405 3966 (91).
3421 3897 3594 3968 Πρεσ-

2026 3980 2246 4034 εδοκᾶτο
2279 3983 2333 4034 δὲ
2378 3985 2470 4036 καὶ
2536 3985 2702 4059 ἑτέρα
2749 3985 3004 4056 συντυχία
3043 3987 3136 4038 τοῦ
3165 3988 3592 4056 αίδεσιμωτάτου

2027 4073 2322 4124 ἐπισκόπου
2368 4073 2665 4149 Εὑσταθίου
2692 4115 2706 4137 ,
2749 4077 2780 4146 ή
2837 4077 2932 4129 καὶ
2986 4077 3248 4149 γενομένη
3289 4080 3440 4148 ἡμῖν.
3495 4078 3593 4132 Διά

2025 4164 2132 4235 γάρ
2163 4166 2224 4218 τὸ
2259 4167 2409 4238 παρὰ
2444 4167 2654 4221 πολλῶν
2690 4170 3060 4222 καταϐοᾶσθαι
3099 4169 3294 4232 αὐτὸν,
3347 4171 3422 4234 ὡς
3467 4171 3593 4240 περὶ

2017 4255 2122 4327 τὴν
2184 4258 2365 4311 πίστιν
2423 4261 2916 4330 παραχαράεσοντά
2954 4278 3038 4322 τι,
3087 4260 3395 4330 ἀφικόμεθα
3443 4259 3593 4330 αὐτῷ

2025 4349 2104 4409 είς
2131 4347 2320 4415 λόγους
2340 4390 2353 4412 ,
2387 4351 2480 4402 καὶ
2517 4349 2748 4420 εὕρομεν
2782 4353 2877 4404 σὺν
2903 4349 3021 4420 Θεῷ
3053 4351 3188 4421 πρὸς
3221 4352 3401 4405 πᾶσαν
3433 4349 3590 4420 ὀρθό-

2021 4454 2160 4508 τητα
2207 4439 2562 4508 εὐγνωμόνως
2591 4441 3003 4495 ἀκολουθοῦντα.
3036 4442 3116 4494 Τὰ
3139 4441 3194 4494 δὲ
3223 4441 3330 4493 τῶν
3375 4443 3592 4494 ἐπισκό-

2027 4545 2142 4580 πων
2183 4530 2484 4600 γράμματα
2516 4531 2666 4602 παρὰ
2694 4533 2792 4602 τὴν
2823 4533 3000 4584 αἰτίαν
3029 4531 3206 4584 αὐτῶν
3241 4531 3466 4584 ἐκείνων
3493 4532 3591 4583 οὐκ

2025 4623 2287 4692 ἐκομίσθη
2312 4626 2374 4694 τῇ
2407 4623 2678 4694 τιμιότητί
2710 4641 2803 4676 σου
2826 4663 2840 4683 ,
2872 4622 2964 4686 οὓς
2990 4623 3154 4692 ἐχρῆν
3183 4622 3250 4676 τὰ
3277 4625 3406 4692 παρ’
3437 4621 3590 4692 ἡμῶν

2022 4713 2459 4784 διαπέμψασθαγ
2493 4715 2628 4768 ἀλλὰ
2657 4715 2750 4768 καὶ
2793 4713 2891 4784 ἐμὲ
2924 4713 3198 4784 παρῆλθε,
3239 4717 3305 4785 τῇ
3345 4712 3590 4781 συνεχείᾳ

2024 4806 2132 4858 τῶν
2183 4807 2474 4877 φροντίδων
2526 4806 2925 4878 ἐκκρουσθέντα
2969 4807 3068 4876 τῆς
3121 4807 3357 4876 μνήμης.
3390 4805 3492 4856 Τὸν
3545 4803 3588 4856 δ’

2025 4985 2318 5053 Aliquanto
2346 4985 2487 5038 Infra
2520 4985 2650 5038 editi
2680 4983 3040 5048 ἀντιϐλέπειν,
3091 4992 3202 5040 tres
3235 4981 3589 5036 vetustissimi

419 5055 530 5126 (84)
584 5055 932 5126 Ὁσιότητος.
985 5053 1062 5107 Ita
1111 5061 1222 5126 tres
1268 5053 1621 5126 vetustissimi
1667 5053 1909 5126 codices,

2024 5056 2238 5126 codices
2272 5063 2329 5107 ut
2354 5055 2406 5108 in
2432 5064 2601 5109 textu.

350 5123 470 5194 quae
509 5123 779 5196 Scriptura
811 5125 1018 5178 videtur
1057 5123 1390 5195 praeferenda
1429 5126 1661 5193 vulgatae
1693 5124 1914 5185 κοσμιό-

569 5261 1015 5333 Παρείθηνκάπό
1053 5261 1164 5331 τῆς
1207 5261 1538 5333 ἐπιθυμίας.
1584 5261 1726 5333 Editi
1775 5279 1916 5333 παρα

347 5331 644 5405 cremant;
682 5335 799 5405 τῆς-
830 5331 1088 5405 ἀθυμίας,
1158 5332 1564 5405 animodefeci.
1605 5331 1752 5405 llarl.
1803 5332 1912 5384 ἀπὸ

344 5401 1242 5474 τῆςξᾲθυμίαςίδο-Ιυεξίνίεύίραιυε
1268 5401 1376 5455 ἀπὸ
1403 5403 1496 5474 τῆς
1525 5401 1836 5470 ἐπιθυμίας.

418 5472 527 5542 (86)
566 5471 703 5524 Vide
735 5471 1015 5542 Addenda.

417 5539 528 5610 (87)
581 5540 1161 5608 ’Υπομιμνήσκοντω
1219 5539 1311 5594 Sic
1355 5555 1489 5610 mss.
1541 5555 1634 5594 sex
1676 5557 1689 5594 :
1741 5539 1908 5594 habet

347 5609 665 5666 Harlzeanus
711 5610 878 5663 codex
912 5611 1346 5678 ὑπομνήσκοντα.
1397 5609 1486 5662 Sic
1528 5613 1691 5663 etiam
1736 5611 1907 5662 editio

344 5681 522 5756 prima
563 5679 734 5735 Paris.
769 5680 835 5732 At
879 5679 934 5732 in
973 5682 1212 5734 secunda
1257 5680 1450 5750 legitur
1495 5679 1901 5750 ὑπομνήσοντα.

2099 5125 2209 5195 (88)
2241 5126 2572 5195 Σαμόσατα.
2611 5124 2760 5195 Harl.
2788 5124 3134 5192 Σαμοσάτων.

2097 5189 2208 5266 (89)
2239 5189 2428 5258 Αὐτῷ.
2481 5194 2571 5246 Sic
2611 5192 2760 5266 Harl.
2799 5189 2968 5261 prima
3016 5207 3200 5266 manu,
3241 5205 3406 5266 quam
3452 5189 3590 5243 scri-

2024 5261 2240 5334 pturam
2274 5266 2326 5316 in
2367 5271 2570 5317 textum
2619 5264 2878 5334 induet-re
2927 5277 3033 5334 n_on
3073 5261 3445 5316 dubitavimus
3491 5273 3588 5328 pro

2021 5330 2088 5390 eo
2113 5334 2256 5401 quud
2291 5334 2484 5386 vitiose
2511 5334 2788 5400 legebatur
2821 5330 3006 5385 αὑτοῦ.

2091 5395 2204 5472 (99)
2239 5395 2682 5472 Πεπειραμέῐλοι.
2715 5404 2794 5454 Ita
2829 5417 2956 5472 mss.
2995 5407 3046 5452 rt
3077 5397 3240 5472 paulo
3266 5395 3582 5472 post_iidem

2017 5465 2358 5550 ἀφικόμενοι.
2407 5465 2558 5550 Editi
2597 5470 3027 5550 πεπειρασμένοι
3072 5465 3127 5522 et
3177 5465 3586 5550 ἀφικνούμενοι.

2016 5538 2202 5596 Habet
2220 5550 2401 5594 tamen
2433 5541 2598 5594 editio
2625 5538 2868 5596 secunda
2906 5538 3082 5594 Paris.
3117 5538 3536 5608 πεπειραμένοι.

2087 5611 2200 5682 (91)
2245 5609 2378 5666 Vide
2403 5609 2686 5665 Addenda.
