3988 6194
365 455 473 512 499

1678 464 1737 519 S.
1778 462 2019 518 BASILII
2055 463 2266 521 MAGNI

3492 451 3599 506 500

369 568 565 621 simum
617 568 934 639 episcopum
982 568 1332 625 Eustathium
1388 572 1441 626 in
1492 576 1931 630 communionem

2051 594 2114 631 δτι
2169 574 2506 647 ἠνεσχόμεθα
2562 576 2640 637 είς
2695 569 2975 627 κοινωνίαν
3021 567 3111 621 τὸν
3175 561 3602 632 αἱδεσιμώτατον

371 658 633 729 recipere.
667 660 821 726 Quod
854 668 1039 715 autem
1069 663 1312 733 egimus,
1352 672 1436 719 est
1468 666 1758 735 ejusmodi.

439 836 494 890 ‘2.
539 835 726 891 Vocati
755 837 821 891 ad
856 846 1184 894 conventum
1206 881 1221 907 ,
1260 842 1357 911 qui
1389 857 1418 897 a
1467 842 1635 900 fratre
1656 843 1935 900 Theodoto

375 929 692 993 habebatur,
727 943 791 983 ac
816 929 1083 984 charitate
1121 933 1343 1002 impulsi
1367 972 1381 997 ,
1417 944 1476 989 ut
1521 938 1740 991 vocanti
1771 937 1933 992 obse-

374 1034 690 1090 queremur,
736 1036 804 1073 ne
851 1036 1205 1092 congressum
1258 1024 1568 1080 videremur
1623 1027 1835 1081 irritum
1883 1035 1938 1081 et

375 1111 623 1165 inutilem
671 1111 936 1176 reddere,
969 1113 1223 1170 dedimus
1265 1130 1489 1186 operam
1535 1124 1595 1171 ut
1654 1118 1709 1171 in
1762 1119 1936 1173 collo—

375 1202 563 1271 quium
595 1217 719 1256 cum
757 1204 1020 1273 praedicto
1068 1205 1239 1262 fratre
1268 1207 1553 1263 Eustathio
1606 1211 1933 1265 veniremus.

375 1294 452 1346 Ac
507 1292 582 1346 illi
628 1294 845 1364 quidem
900 1299 1283 1366 proposuimus
1338 1314 1675 1371 quaecunque
1724 1300 1791 1355 de
1838 1302 1940 1355 fide

379 1385 530 1438 illum
552 1385 879 1439 criminatur
904 1387 1073 1442 frater
1099 1389 1447 1457 Theodotus;
1482 1393 1903 1462 rogavimusque
1923 1432 1936 1456 ,

378 1476 428 1537 si
465 1484 671 1530 rectam
704 1477 863 1532 fidem
909 1489 1248 1549 sequeretur,
1285 1483 1634 1539 manifestum
1679 1483 1731 1538 id
1783 1485 1940 1540 nobis

380 1568 610 1634 faceret,
631 1578 690 1624 ut
728 1585 852 1623 cum
886 1586 951 1624 eo
985 1573 1427 1628 communionem
1453 1574 1812 1630 haberemus:
1854 1576 1939 1629 sin

381 1664 562 1712 autem
592 1659 770 1713 alieno
798 1667 943 1714 esset
973 1662 1186 1725 animo,
1209 1663 1377 1733 probe
1401 1664 1566 1719 sciret
1592 1679 1691 1720 nos
1724 1680 1942 1735 quoque

381 1749 446 1802 ab
470 1747 589 1817 ipso
613 1749 980 1806 abalienatum
1011 1751 1098 1804 iri.
1122 1750 1312 1822 Itaque
1341 1768 1463 1807 cum
1495 1754 1698 1810 multos
1741 1770 1940 1810 sermo-

380 1853 479 1893 nes
516 1839 659 1894 inter
691 1855 791 1896 nos
828 1842 1249 1906 habuissemus,
1283 1845 1533 1915 diemque
1588 1846 1735 1900 illam
1773 1853 1940 1901 totam

2034 668 2329 721 ἐπίσκοπον
2370 665 2664 719 Εὐστάθιον
2705 659 3127 735 παραδέξασθαι.
3167 655 3242 710 Td
3295 655 3475 726 μέντοι
3503 669 3601 720 γε-

2036 760 2256 828 νόμενον
2287 757 2417 828 παρ’
2449 756 2603 827 ἡμῶν
2641 754 2881 808 τοιοῦτόν
2914 754 3082 804 ἐστιν.

2104 850 2157 903 2.
2197 850 2408 919 Ἡμεῖς,
2433 847 2721 919 κληθέντες
2741 848 2819 908 είς
2850 841 3061 896 σύνοδον
3083 836 3231 907 παρά
3253 833 3344 888 τοῦ
3373 829 3603 898 ἀδελφοῦ

2035 939 2288 992 Θεοδότου
2321 937 2646 1008 τελουμένην
2672 936 2815 1006 (99),
2856 936 2951 988 καὶ
2990 936 3326 1005 ὁρμήσαντες
3354 930 3420 982 δι’
3463 929 3604 996 ἀγά-

2038 1047 2145 1100 πην
2172 1030 2473 1083 ὑπακοῦσαι
2506 1031 2571 1100 τῇ
2600 1029 2808 1099 κλήσει,
2841 1027 2928 1081 ἵνα
2957 1026 3030 1097 μὴ
3060 1026 3294 1095 δόξωμεν
3323 1023 3606 1091 ἄπρακτον

2038 1122 2131 1175 καὶ
2176 1122 2350 1192 ἀργὴν
2386 1119 2653 1173 ποιεῖσθαι
2702 1119 2800 1190 τὴν
2839 1117 3160 1188 συντυχίαν,
3194 1113 3607 1180 ἐσπουδάσαμεν

2039 1215 2117 1273 εἰς
2160 1213 2349 1280 λόγους
2402 1211 2571 1265 ἐλθεῖν
2612 1210 2689 1281 τῷ
2719 1210 3097 1281 προειρημένῳ
3151 1204 3362 1276 ἀδελφῷ
3396 1204 3606 1257 Εύστα-

2041 1303 2157 1373 θίῳ.
2197 1305 2304 1356 Καὶ
2354 1304 2741 1374 προετείναμεν
2784 1302 3022 1373 αύτῷτά
3056 1300 3181 1370 περὶ
3225 1301 3324 1369 τῆς
3371 1295 3608 1356 πίστεως

2041 1393 2355 1463 ἐγκλήματα
2374 1434 2388 1458 ,
2417 1393 2515 1445 ὅσα
2548 1392 2913 1463 προφέρουσιν
2939 1390 3087 1459 αὑτῷ
3111 1391 3159 1442 οἱ
3193 1389 3319 1460 περὶ
3342 1386 3432 1440 τὸν
3457 1383 3610 1437 ἀδελ-

2041 1483 2138 1551 φὸν
2169 1483 2447 1536 Θεόδοτονο
2477 1484 2571 1536 καὶ
2612 1482 2958 1554 ἠξιώσαμεν,
2996 1485 3043 1535 εἰ
3075 1483 3171 1552 μὲν
3198 1481 3385 1533 ἕπεται
3415 1481 3481 1548 τῇ
3512 1480 3608 1548 ὁρ-

2042 1574 2107 1645 θῇ
2161 1574 2372 1639 πίστεις
2430 1575 2661 1647 φανερὸν
2705 1577 2838 1646 ἡμῖν
2871 1576 3245 1643 καταστῆσαι,
3274 1572 3416 1624 ὥστε
3461 1571 3610 1640 ἡμᾶς

2041 1660 2177 1718 εἶναι
2228 1665 2573 1729 κοινωνικούς
2596 1682 2609 1697 ο
2655 1668 2703 1719 εί
2747 1666 2803 1718 δὲ
2839 1664 3129 1734 ἀλλοτρίοις
3178 1663 3289 1733 ἔχει
3316 1701 3330 1723 ,
3366 1658 3610 1731 ἀκριϐῶς

2043 1755 2238 1808 εἰδέναι
2259 1796 2273 1820 ,
2309 1757 2392 1808 ὅτι
2418 1759 2511 1811 καὶ
2540 1758 2698 1828 ἡμεῖς
2725 1755 2916 1826 ἕξομεν
2952 1757 3084 1826 πρὸς
3114 1754 3273 1806 αὑτὸν
3296 1750 3609 1822 ἀλλοτρίως.

2043 1846 2256 1900 Πολλῶν
2289 1848 2466 1900 τοίνυν
2497 1847 2803 1917 γενομένων
2842 1845 3012 1913 λόγων
3045 1844 3179 1914 πρὸς
3208 1843 3489 1915 ἀλλήλους,
3518 1841 3615 1895 καὶ

382 1931 436 1984 in
464 1931 550 1986 his
584 1930 958 2003 expendendis
1002 1934 1520 2006 insumpsissemus;
1566 1937 1705 1993 flexo
1748 1939 1860 2009 jam
1889 1939 1943 1993 in

2051 1936 2225 2007 πάσης
2257 1937 2470 2006 ἐκείνης
2499 1940 2597 2007 τῆς
2624 1936 2836 2007 ἡμέρας
2873 1939 2927 1989 ἐν
2950 1939 3013 2006 τῇ
3042 1937 3166 2005 περὶ
3188 1934 3389 1988 τούτων
3422 1931 3613 2000 σκέψει

380 2027 663 2090 veSperam
696 2024 783 2079 die
806 2064 822 2090 ,
857 2024 1217 2080 discessimus
1247 2027 1315 2080 ab
1359 2028 1589 2082 invicem
1615 2071 1629 2095 ,
1670 2030 1943 2098 colloquio

2051 2024 2444 2096 δαπανηθείσης
2471 2043 2484 2055 ·
2531 2025 2940 2094 καταλαϐούσης
2977 2024 3161 2077 λοιπὸν
3203 2025 3299 2093 τῆς
3347 2021 3613 2092 ἑσπέρας,

382 2110 586 2162 nullam
617 2110 684 2165 ad
717 2119 924 2165 certam
960 2111 1371 2168 conclusionem
1401 2114 1681 2183 perducto.
1710 2115 1815 2170 Sed
1839 2117 1943 2169 ite-

2051 2116 2391 2187 5ιεκρίθημεν
2436 2116 2528 2169 ἀπ’
2564 2115 2836 2185 ἀλλήλων,
2873 2118 2952 2178 εἰς
2985 2115 3134 2167 οὐδὲν
3184 2111 3616 2183 ὁμολογούμενον

381 2218 501 2257 rum
533 2206 780 2273 sequenti
798 2205 885 2259 die
917 2219 1075 2259 mane
1098 2204 1469 2269 considentes,
1501 2207 1569 2261 de
1600 2206 1795 2262 iisdem
1827 2205 1943 2262 dis-

2051 2210 2217 2279 πέρας
2246 2208 2337 2260 τὸν
2369 2207 2525 2274 λόγον
2569 2207 2989 2275 προαγαγόντες.
3038 2205 3116 2275 Τῇ
3159 2203 3215 2256 δὲ
3260 2202 3384 2272 ἑξῆς
3418 2200 3612 2265 πάλιν,

382 2292 657 2349 seruimus
683 2332 699 2356 ,
736 2292 1028 2349 accedente
1071 2294 1181 2362 jam
1213 2304 1266 2349 et
1296 2293 1465 2349 fratre
1499 2293 1810 2358 Poemenio,
1849 2292 1948 2348 Se-

2051 2301 2213 2354 έωθεν
2242 2297 2701 2367 συγκαθεσθέντες
2730 2298 2834 2367 (l),
2870 2297 2998 2367 περί
3024 2296 3132 2349 τῶν
3169 2294 3345 2347 αὐτῶν
3378 2290 3618 2360 διελεγό-

379 2384 571 2440 bastiae
598 2385 922 2456 presbytero
945 2426 959 2447 ,
998 2393 1054 2439 et
1087 2384 1433 2440 vehementer
1452 2386 1818 2442 adversariam
1847 2399 1947 2440 no-

2051 2393 2189 2464 μεθα
2213 2432 2227 2455 ,
2269 2390 2583 2453 ἐπελθόντος
2628 2390 2728 2460 ἤδη
2780 2388 2999 2443 καὶτοῦ
3034 2386 3261 2455 ἀδελφοῦ
3303 2382 3615 2454 Ποιμενίου,

381 2475 467 2531 bis
497 2475 798 2530 doctrinam
846 2475 1189 2532 defendente.
1240 2474 1508 2531 Paulatim
1565 2477 1729 2548 igitur
1777 2485 1830 2534 et
1882 2493 1947 2533 ea

382 2567 778 2631 dissolvimus-,
807 2583 1038 2639 quorum
1091 2567 1311 2622 nomine
1340 2567 1623 2622 videbatur
1670 2583 1758 2623 me
1787 2584 1950 2623 accu-

385 2672 543 2722 sare,
568 2666 620 2712 et
645 2671 741 2713 eos
775 2657 843 2711 ad
876 2656 1285 2713 assentiendum
1320 2656 1389 2710 iis
1410 2671 1531 2726 qua:
1555 2671 1584 2709 a
1617 2672 1702 2712 me
1740 2673 1950 2726 quaere-

386 2750 584 2803 bantur
612 2748 849 2813 adduxi,
888 2749 962 2802 ita
993 2758 1053 2802 ut
1094 2749 1264 2818 gratia
1319 2747 1533 2802 Domini
1579 2748 1952 2804 inveniremur

390 2855 456 2896 ne
481 2840 549 2895 de
592 2838 750 2911 19E.
780 2840 1024 2895 minimis
1045 2839 1262 2909 quidem
1287 2839 1448 2894 rebus
1479 2839 1620 2893 inter
1644 2854 1742 2896 nos
1780 2839 1947 2896 dissi-

390 2931 595 2986 dentes.
626 2932 704 2985 lta
729 2931 897 3001 igitur
920 2930 1068 2985 circa
1098 2944 1296 2984 nonam
1336 2927 1449 2984 fere
1480 2940 1669 2984 noram
1708 2930 1953 2985 surrexi-

391 3036 511 3077 mus
540 3020 608 3075 ad
665 3021 1032 3093 precandum,
1076 3036 1140 3075 ac
1185 3019 1415 3077 Domino
1465 3023 1667 3092 gratias
1707 3022 1950 3093 egimus,

393 3114 553 3170 nobis
582 3114 833 3185 largienti
857 3154 872 3178 ,
905 3114 1045 3170 idem
1079 3124 1137 3169 ut
1186 3116 1512 3169 sentiremus
1535 3154 1547 3177 ,
1579 3114 1828 3185 idemque
1874 3115 1954 3169 lo-

392 3220 700 3274 queremur.
731 3204 811 3261 Ad
839 3206 952 3261 haec
994 3206 1280 3277 oportebat
1324 3220 1413 3261 me
1457 3213 1511 3262 et
1550 3207 1807 3276 scriptam
1853 3206 1953 3259 ali-

2044 2479 2139 2533 τοῦ
2168 2478 2537 2549 πρεσϐυτέρου
2569 2477 2670 2546 τῆς
2699 2475 3053 2539 Σεϐαστείας,
3087 2475 3179 2528 καὶ
3214 2472 3454 2543 σφοδρῶς
3484 2470 3618 2541 ἡμῖν

2046 2573 2137 2628 τὸν
2175 2571 2412 2625 ἐναντίον
2463 2568 2828 2638 γυμνάζοντος
2875 2569 3051 2636 λόγον.
3086 2566 3241 2619 Κατὰ
3290 2565 3483 2636 μικρὸν
3521 2558 3619 2615 οὖν

2048 2668 2209 2737 ἡμεῖς
2230 2681 2287 2716 τε
2308 2703 2321 2725 ,
2360 2661 2500 2731 ὑπὲρ
2530 2656 2605 2714 ὧν
2633 2661 2810 2727 ἔδοξεν
2841 2663 2968 2732 ἡμῖν
2994 2660 3240 2729 ἐγκαλεῖν
3266 2699 3280 2722 ,
3312 2658 3618 2727 ἀπελυόμε-

2050 2756 2118 2808 θα
2143 2796 2156 2819 ,
2180 2754 2461 2815 κάκείνους
2492 2754 2572 2813 είς
2603 2751 2702 2821 τὴν
2730 2752 2838 2804 τῶν
2868 2750 3307 2821 ἐπιζητουμένων
3339 2748 3427 2817 ὑφ’
3456 2747 3620 2818 ἡμῶν

2052 2844 2442 2914 συγκατάθεσιν
2499 2842 2885 2914 προηγάγομεν
2930 2843 3043 2910 (2)·
3098 2842 3239 2894 ὥστε
3289 2842 3469 2911 χάριτι
3519 2837 3619 2891 τοῦ

2049 2937 2255 3006 Κυρίου
2306 2934 2592 3007 εὑρεθῆναι
2643 2936 2788 3005 ἡμᾶς
2834 2934 2967 3005 μηδὲ
3015 2936 3095 2997 είς
3148 2933 3208 2985 τὸ
3258 2930 3621 3003 σμικρότατον

2052 3027 2186 3098 πρὸς
2229 3026 2490 3097 ἀλλήλους
2555 3025 2996 3096 διαφερομένους.
3061 3022 3216 3077 Οὕτω
3261 3024 3439 3075 τοίνυν
3490 3020 3621 3091 περὶ

2051 3116 2276 3187 ὲννάτην
2326 3133 2429 3170 που
2479 3114 2626 3188 ὥραν
2670 3114 2971 3185 ἁνέστημεν
3004 3112 3097 3166 ἐπὶ
3140 3112 3238 3175 τὰς
3290 3110 3619 3181 προσευχὰς,

2052 3208 2540 3279 εὐχαριστήσαντες
2586 3206 2664 3277 τῷ
2694 3206 2903 3277 Κυρίῳ,
2948 3205 3026 3275 τῷ
3063 3205 3204 3257 δόντι
3241 3205 3368 3274 ἡμῖν
3400 3201 3463 3256 τὸ
3490 3199 3624 3254 αὐτὸ

392 3312 554 3369 quam
583 3298 986 3354 confessionem
1029 3300 1096 3354 ab
1134 3299 1353 3353 homine
1387 3299 1675 3369 accipere,
1712 3305 1768 3352 ut
1809 3305 1863 3352 et
1889 3299 1948 3351 il-

2055 3302 2268 3370 φρονεῖν
2290 3339 2304 3360 .
2358 3299 2452 3352 καὶ
2487 3299 2546 3350 τὸ
2583 3298 2716 3351 αὐτὸ
2752 3297 2947 3366 λέγειν.
3005 3297 3128 3350 Ἐπὶ
3174 3297 3380 3358 τούτοις
3413 3293 3519 3346 ἔδει
3553 3308 3622 3364 με

394 3392 499 3445 lius
530 3390 861 3446 adversariis
895 3392 1183 3447 manifesta
1215 3390 1366 3445 fieret
1421 3391 1536 3445 haec
1579 3392 1828 3447 assensio
1849 3431 1865 3457 ,
1901 3399 1956 3445 et

392 3481 605 3536 cmteris
654 3480 908 3536 idoneum
957 3488 1197 3537 exstaret
1242 3482 1389 3537 illius
1443 3481 1707 3551 propositi
1762 3496 1957 3536 monu-

394 3580 655 3627 mentum.
694 3571 800 3627 Sed
833 3574 947 3643 ipse
971 3574 1115 3626 volui
1152 3572 1222 3626 ob
1251 3573 1541 3641 plurimam
1580 3571 1952 3642 diligentiam,

394 3679 515 3717 cum
554 3662 723 3718 fratre
748 3662 1029 3718 Theodoto
1049 3665 1432 3735 congrediens,
1464 3666 1709 3720 libellum
1738 3664 1860 3721 fidei
1891 3666 1959 3721 ab

396 3755 516 3823 ipso
540 3755 788 3824 accipere
814 3794 828 3818 ,
858 3756 1018 3825 eique
1046 3770 1208 3824 quem
1243 3755 1519 3810 nominavi
1557 3756 1675 3810 viro
1709 3754 1905 3811 offerre
1940 3776 1952 3811 :

397 3852 456 3897 ut
485 3844 593 3899 duo
615 3859 1001 3914 consequerer,
1037 3860 1229 3913 nempe
1261 3852 1317 3898 ut
1341 3852 1394 3899 et
1420 3845 1535 3914 ipse
1562 3844 1724 3898 ﬁdem
1752 3852 1957 3899 rectam

397 3936 769 4000 confiteretur,
800 3948 867 4013 et
892 3937 976 3992 his
998 3938 1290 3993 satisfieret
1314 3977 1328 4001 ,
1378 3938 1582 3991 nullam
1630 3937 1959 3994 habentibus

397 4028 803 4084 contradicendi
859 4030 1179 4093 materiam,
1235 4034 1360 4097 post
1405 4035 1658 4098 acceptas
1713 4029 1957 4097 ipsorum

398 4117 760 4173 conditiones.
804 4118 872 4171 At
924 4116 1236 4173 Theodotus
1263 4158 1278 4182 ,
1334 4120 1650 4189 priusquam
1679 4116 1960 4173 didicisset

397 4223 561 4277 quam
592 4209 663 4264 ob
686 4224 907 4265 causam
938 4211 1416 4275 convenissemus,
1449 4220 1501 4265 et
1530 4211 1659 4281 quid
1689 4226 1756 4266 ex
1793 4212 1961 4267 collo-

399 4292 528 4367 quio
564 4303 840 4355 consecuti
893 4317 1172 4366 essemus,
1215 4318 1324 4357 non
1370 4304 1482 4372 jam
1536 4318 1637 4358 nos
1685 4303 1751 4357 ad
1790 4319 1957 4374 syno-

399 4390 528 4443 dum
543 4391 821 4447 voeandos
839 4392 1121 4462 judicavit.
1149 4394 1254 4449 Sed
1276 4410 1307 4451 e
1336 4393 1513 4449 medio
1536 4395 1729 4450 itinere
1753 4395 1958 4450 reversi

2056 3392 2151 3443 καὶ
2178 3390 2450 3462 ἔγγραφόν
2500 3407 2619 3442 τινα
2654 3389 2802 3459 παρά
2833 3387 2927 3440 τοῦ
2969 3387 3158 3458 ἀνδρὸς
3203 3385 3491 3455 ὁμολογίαν
3525 3383 3622 3436 λα-

2057 3480 2207 3542 ϐεῖν,
2256 3479 2395 3533 ὥστε
2438 3482 2533 3534 καὶ
2566 3482 2674 3543 τοῖς
2725 3479 3150 3548 ἐναντιουμένοις
3190 3475 3340 3546 αὑτῷ
3384 3472 3625 3544 φανερὰν

2056 3573 2306 3642 γενέσθαι
2338 3573 2435 3643 τὴν
2466 3572 2860 3642 συγκατάθεσιν
2881 3612 2895 3636 ,
2932 3571 3025 3624 καὶ
3060 3572 3170 3632 τοῖς
3196 3569 3398 3631 λοιποῖς
3433 3565 3625 3637 ἱκανὴν

2057 3659 2192 3716 εἶναι
2237 3663 2331 3716 τοῦ
2375 3663 2564 3735 ἀνδρὸς
2614 3665 2711 3733 τῆς
2765 3663 3132 3734 προαιρέσεως
3184 3660 3281 3730 τὴν
3330 3658 3622 3723 ἀπόδειξιν.

2072 3755 2208 3809 Ἀλλ’
2243 3755 2542 3826 ἐϐουλήθην
2573 3755 2733 3818 αὐτὸς
2764 3755 2868 3808 ὑπὸ
2902 3754 3098 3822 πολλῆς
3143 3749 3427 3822 ἀκριϐείας
3452 3788 3467 3812 ,
3511 3750 3626 3811 τοῖς

2060 3845 2304 3915 ἀδελφοῖς
2333 3845 2604 3915 συντυχὼν
2648 3849 2758 3908 τοῖς
2793 3847 2919 3916 περὶ
2963 3844 3214 3898 Θεόδοτον
3234 3882 3248 3906 ,
3284 3841 3412 3910 παρ’
3445 3838 3626 3893 αὐτῶν

2058 3936 2242 3988 λαϐεῖν
2289 3939 2660 4007 γραμματεῖον
2709 3936 2975 3999 πίστεως,
3006 3935 3102 3988 καὶ
3157 3932 3289 3988 αὐτὸ
3346 3933 3625 4002 προτεῖναι

2059 4026 2136 4097 τῷ
2168 4028 2544 4098 προειρημένῳ
2563 4045 2574 4056 ·
2610 4027 2697 4080 ἶνα
2726 4028 3009 4098 ἀμφότερα
3039 4026 3296 4094 γένηται,
3327 4024 3363 4093 ἦ
3391 4038 3451 4074 τε
3490 4020 3627 4091 ὀρθὴ

2060 4118 2241 4180 πίστις
2273 4119 2401 4182 παρ’
2437 4116 2600 4171 αὑτοῦ
2630 4117 2934 4189 ὁμολογηθῇ
2964 4118 3039 4186 t5)
3059 4154 3074 4179 ,
3118 4116 3212 4168 καὶ
3245 4113 3395 4167 αὐτοὶ
3427 4112 3629 4181 πληρο-

2061 4210 2338 4281 φορηθῶσι
2364 4252 2378 4275 ,
2436 4211 2701 4282 μηδεμίαν
2749 4211 2962 4281 ἔχοντες
3013 4208 3319 4277 ἀντιλογίας
3372 4204 3628 4259 ὑπόθεσιν

2060 4302 2128 4354 ἐκ
2177 4302 2272 4354 τοῦ
2325 4302 2423 4366 τὰς
2475 4305 2603 4374 παρ’
2656 4302 2834 4355 αὐτῶν
2880 4302 3171 4373 προτάσεις
3204 4298 3627 4370 παραδεχθῗψαι.

2073 4393 2233 4448 Ἀλλὰ
2279 4395 2410 4465 πρὶν
2446 4395 2634 4465 μαθεῖν
2677 4395 2820 4457 τίνος
2866 4394 3050 4447 ἕνεκεν
3099 4390 3460 4462 συνετύχομεν
3484 4430 3500 4453 ,
3534 4387 3630 4441 καὶ

401 4496 625 4545 sumus,
658 4482 898 4536 animum
938 4483 1337 4554 despondentes
1361 4523 1376 4547 ,
1412 4484 1554 4553 quod
1584 4493 1805 4540 nostros
1862 4499 1948 4554 prc

2060 4487 2112 4539 τί
2168 4490 2297 4559 ἡμῖν
2349 4489 2413 4540 ἐκ
2469 4489 2565 4556 τῆς
2614 4485 2829 4557 ὁμιλίας
2861 4483 3257 4555 κατώρθωται,
3288 4483 3339 4534 οἱ
3380 4480 3511 4551 περὶ
3538 4478 3629 4530 τὸν

400 4586 534 4640 pace
561 4570 928 4627 Ecclesiarum
950 4573 1165 4629 labores
1188 4574 1373 4630 irritos
1407 4574 1677 4629 redderet.

2065 4577 2361 4631 ἐπίσκοπον
2413 4577 2659 4630 Θεόδοτον
2713 4575 2895 4629 οὐκέτι
2946 4576 3092 4644 ἡμᾶς
3140 4574 3219 4636 είς
3269 4570 3368 4641 τὴν
3416 4567 3631 4622 σύνοδον

401 4661 806 4731 προτρέψασθαι
852 4663 1213 4734 κατηξίωσαν.
1278 4663 1416 4716 Ἀλλ’
1463 4664 1570 4717 ἀπὸ
1601 4664 1771 4735 μέσης
1819 4663 2185 4735 ἀνεζεύξαμεν
2229 4666 2300 4737 (4)
2327 4668 2423 4736 τῆς
2469 4665 2588 4718 ὁδοῦ
2614 4707 2628 4731 ,
2674 4664 3087 4734 ἀθυμήσαντες,
3124 4661 3205 4714 ὅτι
3253 4659 3463 4721 ἀτελεῖς
3499 4658 3630 4728 ἡμῖν

401 4750 612 4804 ποιοῦσι
642 4750 767 4814 τοὺς
801 4751 939 4819 ὑπὲρ
970 4752 1067 4823 τῆς
1097 4755 1315 4823 εἰρήνης
1346 4752 1453 4805 τῶν
1498 4753 1826 4822 Ἐκκλησιῶν
1864 4755 2159 4824 καμάτους.
3482 4766 3489 4771 ’

470 4846 524 4899 3.
586 4844 781 4899 Postea
827 4845 995 4916 igitur
1046 4846 1298 4915 imposita
1344 4846 1477 4899 mihi
1525 4847 1853 4903 necessitate
1909 4848 1948 4901 ir

2137 4849 2189 4903 '5.
2217 4847 2369 4902 Μετά
2400 4848 2567 4901 ταῦτα
2602 4848 2811 4911 τοίνυν,
2845 4845 3030 4915 ἐπειδὴ
3080 4844 3373 4899 κατέλαϐεν
3418 4843 3565 4913 ἡμᾶς
3596 4855 3632 4912 η

403 4937 716 4991 Armeniam
756 4938 965 5002 eundi,
1001 4953 1124 4992 cum
1165 4952 1381 4993 nossem
1421 4938 1699 5008 singulare
1731 4940 1948 4994 homini:

2063 4943 2274 5014 ἀνάγκη
2312 4944 2412 5014 τῆς
2444 4944 2534 4996 ἐπὶ
2561 4942 2660 5014 τὴν
2711 4941 3000 5015 Ἀρμενίαν
3027 4938 3144 4993 ὁδοῦ
3165 4981 3181 5004 ,
3214 4937 3368 5000 εἰδὼς
3412 4936 3507 4989 τοῦ
3541 4936 3633 4988 ἀν-

405 5027 678 5097 ingeuium
705 5065 722 5093 ,
755 5028 1061 5096 vellemque
1105 5042 1290 5082 coram
1324 5029 1591 5097 locuplete
1650 5036 1789 5083 teste
1841 5044 1948 5083 cun

2063 5033 2188 5104 δρὸς
2216 5036 2276 5088 τὸ
2304 5035 2600 5104 ἰδιότροπον
2620 5078 2635 5098 ,
2661 5035 2754 5088 καὶ
2785 5033 3105 5103 βουλόμενος
3138 5030 3242 5083 ὑπὸ
3294 5031 3531 5099 μάρτυρι
3553 5025 3629 5093 (5)

404 5118 520 5186 ipse
581 5118 851 5172 rationem
903 5133 1091 5173 eorum
1126 5133 1246 5187 quae
1278 5132 1493 5189 egeram
1552 5118 1812 5180 reddere,
1848 5126 1948 5171 tun

2067 5124 2362 5195 ἀξιοπίστῳ
2395 5125 2552 5188 αὐτός
2595 5140 2653 5175 τε
2700 5122 2838 5192 ὑπὲρ
2866 5121 2972 5173 τῶν
3007 5117 3408 5189 πεπραγμένων
3437 5114 3662 5181 ἀπολοση

475 5269 588 5346 (99)
626 5270 1017 5346 Τελουμένῃγ.
1062 5272 1141 5346 lla
1189 5285 1322 5325 mss.
1379 5270 1550 5346 nostri
1579 5269 1947 5346 omn_es_._Etlit

2068 5276 2192 5330 simi
2230 5277 2578 5346 ὁμολογῆται.

407 5334 818 5415 τελειόυμένηνξ
852 5334 1058 5395 ibidem
1100 5339 1233 5415 Beg.
1283 5341 1556 5415 secundus
1588 5347 1640 5394 et
1679 5340 1844 5394 Coisl.
1880 5355 1939 5394 se

2141 5346 2215 5415 (4)
2265 5334 2828 5415 Ἆνεξεῧξαμενζ-Ιυι
2878 5341 3011 5415 Beg.
3069 5347 3298 5415 uterque
3355 5344 3412 5389 et
3457 5334 3628 5415 Eoisl.

409 5404 954 5486 ftrndus'ﬁeoStbpou,
989 5412 1133 5486 quod
1183 5404 1532 5486 manifestum
1583 5416 1667 5464 est
1706 5417 1971 5464 erratum.
2076 5404 2307 5486 ntér'que
2336 5404 2458 5470 cuin
2492 5404 2654 5478 Me'dq
2689 5404 3131 5486 V_a_t.,AClarom.,
3160 5404 3333 5486 Pii-ris.
3370 5404 3629 5486 et_Bigut.

408 5470 575 5556 iidem
622 5480 731 5534 duo
764 5470 982 5535 codices
1007 5470 1224 5535 'Itabcnt
1263 5479 1551 5542 κοινωνούς
1593 5496 1690 5549 pro
1732 5495 1948 5532 κοινωνι

2075 5483 2193 5556 Non
2219 5470 2459 5556 'possum
2514 5470 2684 5539 citare
2730 5470 3389 5556 Harlzeanum_c_odicem,
3416 5477 3482 5556 Iin
3516 5470 3633 5556 Quo

409 5549 555 5611 κούς.
1593 5544 1611 5549 “
2076 5544 2261 5608 folium
2297 5554 2451 5610 deest
2480 5556 2583 5609 hoc
2614 5555 2754 5614 loco,
2790 5553 2884 5607 sed
2915 5567 3024 5604 non
3069 5550 3294 5603 dubium
3338 5546 3481 5615 quin
3514 5544 3633 5599 haec

480 5619 554 5689 (1)
589 5617 724 5671 Vide
755 5617 1034 5689 Addenda.
1073 5687 1095 5689 _7
1598 5688 1605 5689 ί
1680 5688 1685 5689 ί
1814 5687 1845 5689 __
2072 5625 2344 5689 scriptura
2397 5633 2477 5677 tot
2525 5625 2650 5679 nixa
2701 5622 2857 5677 libris
2910 5621 3148 5688 antiquis
3187 5614 3525 5688 pmferenda
3562 5615 3634 5669 sit

480 5688 555 5760 (2)
589 5687 1028 5760 Προητᾴγομεν.
1066 5687 1157 5742 Sic
1191 5698 1301 5744 tres
1331 5688 1688 5744 vetustissimi
1728 5687 1946 5743 codices

2070 5687 2299 5760 vulgata:
2323 5694 2637 5760 ἀνέζευξαν,
2673 5693 2863 5745 reversi
2891 5701 3035 5745 sunt.

480 5712 555 5755 ιι)
589 5712 1028 5757 ιιρσητιιγυμεν.
1067 5712 1157 5742 DIC
1192 5712 1301 5744 tres
1333 5712 1688 5744 vewsussuul
1728 5712 1946 5743 υυωυυδ

408 5755 554 5838 Editi.
584 5757 1062 5838 προσηγάγομεν-η
1492 5835 1500 5838 _
1771 5827 1805 5838 _.
1892 5826 1902 5838 .

2070 5712 2157 5746 vut
2198 5712 2299 5749 uta:
2323 5712 2637 5760 ανεςευζαν,
2673 5712 2862 5745 τευετδι
2891 5712 3035 5745 sum.

2141 5712 2218 5836 (ἓ)
2256 5766 2387 5818 Ὑπὸ
2417 5764 2682 5833 μάρτυρι.
2706 5760 2966 5816 Nonnulli
2997 5774 3131 5815 mss.
3163 5758 3255 5811 ἐπὶ
3291 5755 3546 5827 μάρτυρι.

484 5828 560 5898 (5)
603 5825 983 5895 Ὁμολονπθῇ.
1021 5825 1155 5881 Tres
1184 5842 1317 5883 mss.
1349 5843 1457 5883 non
1488 5835 1666 5882 tamen
1697 5826 1967 5897 antiquis-
