3988 6194
359 352 459 406 501

1284 350 1774 408 EPISTOLARUM
1809 347 2097 406 CLASSIS
2131 354 2194 413 ll.
2235 358 2460 416 EPIST.
2500 360 2692 419 XCIX.

3494 368 3602 426 502

358 474 633 546 γήσασθαι
667 514 681 537 ,
737 475 985 528 κάκεῖνον
1040 473 1483 546 πληροφορῆσαι,
1531 470 1694 545 ἦλθον
1732 473 1824 527 ἐπὶ
1868 472 1935 525 τὰ

2063 474 2116 529 lli
2163 480 2517 545 satisfacere,
2551 479 2676 535 veni
2705 477 2903 534 Getasa
2962 479 3016 534 in
3059 470 3249 551 agrum
3298 481 3604 553 religiosis-

360 568 585 637 Γήτασα
616 567 708 620 τὸν
737 566 906 637 ἀγρὸν
937 563 1030 618 τοῦ
1063 564 1472 634 θεοφιλεστάτου
1501 566 1800 618 ἐπισκόπου
1833 565 1937 618 Με-

359 661 541 713 λετίου
565 702 581 725 ,
622 657 998 729 συμπαρόντος
1037 673 1126 726 μοι
1161 657 1255 709 καὶ
1280 657 1443 710 αὑτοῦ
1472 655 1568 710 τοῦ
1606 657 1938 728 προειρημέ-

360 769 459 804 νου
497 750 753 804 Θεοδότου
775 765 790 779 ·
827 750 920 803 καὶ
959 749 1129 812 οὕτως
1166 750 1312 813 ἐκεῖ,
1346 747 1530 819 ἐπειδὴ
1570 746 1938 819 ἐνεκλήθημεν

363 845 495 914 παρ’
544 841 706 896 αὐτοῦ
752 842 845 894 ἐπὶ
887 845 954 912 τῇ
989 841 1064 912 (6)
1118 842 1254 911 πρὸς
1298 841 1593 894 Εὐστάθιον
1655 841 1936 912 συναφείᾳ,

363 930 521 987 εἷπον
567 934 629 986 τὸ
668 935 733 987 ἐκ
763 934 862 1001 τῆς
910 932 1196 1003 συντυχίας
1231 932 1593 1003 κατόρθωμα,
1628 934 1709 985 ὅτι
1753 930 1941 984 ἔλαϐον

365 1026 531 1080 αὐτὸν
583 1027 662 1087 είς
708 1025 884 1078 πάντα
931 1026 1063 1094 ἡμῖν
1112 1022 1487 1094 ὁμοδοξοῦντα.
1540 1025 1627 1087 Ὠς
1673 1023 1729 1076 δὲ
1766 1023 1940 1077 διεϐε-

366 1117 590 1171 ϐαιοῦτο
626 1115 846 1186 ἔξαρνον
902 1116 1228 1187 γεγενῆσθαι
1287 1115 1426 1186 μετὰ
1476 1116 1572 1187 τὴν
1630 1117 1721 1184 ἀφ’
1785 1116 1942 1187 ἡμῶν

366 1208 716 1280 ἀναχώρησιν
742 1247 756 1271 ,
817 1209 911 1260 καὶ
962 1206 1400 1261 διαϐεϐαιοῦσθαι
1452 1207 1614 1259 αὐτὸν
1650 1210 1761 1272 τοῖς
1796 1208 1944 1272 ἰδίοις

374 1300 543 1355 αὐτοῦ
570 1298 869 1371 μαθηταῖς,
902 1294 937 1370 ἦ
982 1298 1079 1369 μὲν
1105 1301 1183 1361 είς
1220 1298 1383 1368 μηδὲν
1417 1300 1545 1368 ἡμῖν
1574 1298 1702 1369 περὶ
1730 1299 1826 1369 τῆς
1853 1299 1943 1351 πί-

372 1410 546 1456 στεως
590 1390 996 1453 συντεθεῖσθαι,
1026 1390 1281 1460 ἀπήντων
1317 1386 1428 1457 ἐγὼ
1463 1389 1597 1459 πρὸς
1631 1387 1801 1441 ταῦτα
1831 1390 1947 1457 (καὶ

371 1485 606 1546 σκόπει,
649 1481 1063 1554 θαυμασιώτατε
1089 1522 1102 1546 ,
1150 1482 1199 1532 εί
1246 1479 1320 1551 μὴ
1363 1480 1705 1543 δικαιοτάτας
1734 1481 1810 1548 (7)
1852 1480 1947 1534 καὶ

369 1577 800 1648 ἀναπιρρήτους
833 1573 1129 1644 ἐποιούμην
1175 1573 1309 1642 πρὸς
1357 1570 1515 1624 τοῦτο
1566 1571 1665 1634 τὰς
1721 1571 1948 1643 ἀποκρί-

374 1673 564 1733 σεις),
619 1670 699 1721 ὅτι
751 1666 861 1734 ἐγὼ
912 1668 1012 1737 μὲν
1073 1664 1410 1736 πέπεισμαι,
1456 1663 1690 1727 εἰκάζων
1742 1665 1807 1716 ἐκ
1850 1664 1950 1734 τῆς

372 1761 570 1833 λοιπῆς
600 1760 915 1822 εὐπαθείας
942 1759 1034 1812 τοῦ
1069 1758 1260 1829 ἀνδρὸς
1283 1798 1298 1821 ,
1345 1757 1418 1828 μὴ
1440 1756 1610 1819 οὕτως
1639 1755 1800 1808 αὐτὸν
1822 1755 1947 1809 κού-

376 1871 494 1922 φως
524 1852 945 1923 περιτρέπεσθαι
984 1851 1117 1922 πρὸς
1146 1850 1212 1903 τὰ
1251 1849 1501 1911 ἐναντία,
1537 1848 1670 1918 μηδέ
1719 1846 1815 1899 νῦν
1849 1846 1948 1916 μὲν

373 1946 687 2015 ὁμολογεῖν,
719 1943 814 1997 νῦν
852 1944 908 1997 δέ
959 1944 1099 2015 ὑπὲρ
1139 1938 1213 1995 ὧν
1259 1937 1411 1994 εἶπεν
1441 1940 1750 2012 ἁρνεῖσθαν
1780 1939 1949 2010 ἄνδρα

375 2042 473 2092 καὶ
504 2041 564 2092 τὸ
585 2040 726 2110 ὑπὲρ
747 2038 854 2091 τῶν
879 2037 1148 2108 τυχόντων
1165 2035 1355 2105 ψεῦδος
1373 2076 1388 2099 ,
1415 2035 1489 2098 ὡς
1521 2033 1770 2103 φοϐερὸν,
1809 2033 1947 2086 ἀπο·

376 2131 646 2200 φεύγοντα
673 2170 687 2194 ,
723 2131 796 2200 μὴ
824 2130 903 2182 ὅτι
931 2146 993 2197 γε
1019 2128 1148 2198 περὶ
1187 2126 1295 2179 τῶν
1332 2125 1661 2196 τηλικούτων
1693 2125 1950 2196 πραγμά-

376 2242 517 2285 των,
560 2225 655 2276 καὶ
682 2223 822 2275 οὕτω
855 2222 1007 2291 παρὰ
1035 2223 1168 2273 πᾶσι
1224 2219 1565 2289 βεϐοημένων
1595 2218 1703 2285 (8),
1739 2217 1951 2271 ἑλέσθαι

379 2314 445 2366 ἄν
476 2330 606 2365 ποτε
661 2312 1050 2382 ἐναντιωθῆναι
1095 2313 1160 2380 τῇ
1214 2309 1459 2380 ἀληθείᾳ.
1503 2310 1566 2362 Et
1599 2310 1655 2362 δὲ
1703 2309 1809 2380 ἄρα
1858 2310 1952 2364 καὶ

380 2404 556 2473 ἀληθῆ
607 2398 746 2455 εἶναι
809 2402 990 2473 συμϐῇ
1042 2402 1110 2455 τὰ
1165 2399 1536 2470 θρυλλούμενα
1596 2400 1726 2469 παρ’
1778 2399 1951 2470 ὑμῶν,

382 2499 661 2567 προτεῖναι
716 2494 865 2565 αὐτῷ
896 2496 1276 2563 γραμματεῖον
1302 2533 1316 2556 ,
1353 2493 1532 2545 πᾶσαν
1571 2490 1691 2560 ἔχον
1723 2490 1823 2559 τῆς
1858 2491 1953 2562 όρ-

383 2588 483 2658 θῆς
508 2587 743 2648 πίστεως
771 2587 871 2656 τὴν
907 2584 1201 2648 ἀπόδειξιν,
1237 2585 1361 2654 χρή.
1404 2582 1528 2635 Ἐὰν
1565 2582 1663 2652 μὲν
1696 2578 1787 2636 οὖν
1812 2581 1955 2652 εὕρω

384 2678 545 2731 αὐτὸν
599 2676 978 2746 συντιθέμενον
1010 2675 1300 2744 ἐγγράφως
1326 2712 1340 2735 ,
1378 2672 1618 2741 ἐπιμενῶ
1658 2674 1723 2742 τῇ
1769 2688 1956 2723 κοινω-
1988 2689 1995 2704 '-

385 2771 504 2841 νεᾳο
543 2769 639 2823 ἐὰν
673 2769 728 2822 δὲ
758 2768 906 2821 λάϐω
936 2767 1297 2835 ἀναδυόμενον
1323 2806 1338 2830 ,
1371 2765 1750 2834 ἀποστήσομαι
1791 2762 1955 2816 αὑτοῦ

384 2864 484 2933 τῆς
514 2860 829 2929 συναφείας.
870 2858 1296 2929 Ἀποδεξαμένου
1325 2859 1399 2926 (9)
1429 2858 1517 2910 τὸν
1543 2855 1698 2923 λόγον
1720 2854 1812 2908 τοῦ
1841 2857 1958 2907 ἐπι-

390 2954 594 3006 σκόπου
634 2951 895 3006 Μελετίου
919 2993 934 3016 ,
980 2951 1071 3003 καὶ
1128 2950 1220 3003 τοῦ
1271 2948 1500 3018 ἀδελφοῦ
1558 2947 1821 3020 Διοδώρου
1865 2945 1957 2999 τοῦ

392 3044 875 3116 συμπρεσϐυτέρου
908 3043 1110 3112 (παρῆν
1141 3041 1248 3113 γὰρ
1285 3044 1399 3105 τοῖς
1443 3040 1800 3110 γινομένοις),
1837 3056 1959 3092 συν-

2040 567 2164 621 simi
2208 570 2449 640 episcopi
2513 569 2743 635 Meletii,
2781 569 2873 624 ubi
2927 577 2984 624 et
3037 571 3184 640 ipse,
3231 586 3393 642 quem
3451 573 3601 639 dixi,

2040 658 2356 717 Theodotus
2392 678 2601 716 mecum
2647 661 2936 717 interfuit:
2971 663 3159 732 sicque
3197 664 3272 719 ibi
3310 674 3607 723 accusatus

2040 752 2108 805 ab
2145 767 2212 807 eo
2241 754 2310 806 ob
2356 752 2802 822 conjunctionem
2858 768 2981 809 cum
3021 752 3344 820 Eustathio,
3376 754 3491 809 dixi
3539 772 3606 811 ex

2040 856 2336 913 congressu
2382 851 2737 898 consecutum
2779 859 2867 898 me
2907 859 3061 908 esse,
3086 854 3146 900 ut
3192 861 3316 901 eum
3351 847 3404 901 in
3429 849 3608 901 omni-

2040 935 2144 989 bus
2173 934 2316 988 idem
2347 949 2411 989 ac
2447 950 2547 989 nos
2576 936 2902 991 sentientem
2938 937 3216 991 haberem.
3252 937 3390 991 Cum
3423 947 3605 993 autem

2042 1034 2383 1081 asseveraret
2426 1024 2771 1080 Eustathium
2807 1041 3037 1097 negasse
3061 1066 3077 1090 ,
3114 1036 3402 1097 postquam
3442 1028 3510 1082 ab
3542 1042 3608 1081 eo

2043 1120 2432 1187 discessimus,
2465 1120 2693 1190 suisque
2720 1122 2956 1191 propriis
2990 1123 3170 1193 ipsum
3199 1120 3490 1191 discipulis
3530 1118 3612 1174 af.

2044 1210 2297 1275 firmare,
2331 1227 2390 1267 se
2422 1212 2571 1266 nulla
2617 1226 2846 1281 prorsus
2883 1213 2935 1266 in
2967 1228 3026 1267 re
3060 1213 3347 1267 nobiscum
3385 1210 3453 1266 de
3506 1208 3611 1265 fide

2045 1304 2396 1359 consensisse
2416 1343 2432 1367 ,
2468 1305 2535 1359 ad
2578 1305 2692 1359 haec
2721 1320 2823 1374 ego
2849 1305 3202 1359 occurrebam
3233 1302 3321 1374 (ac
3338 1302 3496 1365 vide,
3528 1301 3612 1357 vir

2048 1395 2101 1449 in
2137 1396 2330 1465 primis
2360 1395 2706 1459 admirande,
2750 1412 2817 1450 an
2853 1411 2961 1450 non
2996 1395 3336 1465 justissimas
3373 1394 3500 1448 huic
3532 1395 3613 1449 rei

2047 1496 2102 1541 et
2132 1488 2523 1543 invictissimas
2542 1489 2932 1558 responsiones
2956 1484 3323 1557 attulerimus)
3344 1525 3359 1543 .
3386 1498 3615 1554 persua-

2049 1595 2169 1634 sum
2194 1580 2327 1634 mihi
2360 1596 2482 1636 esse
2513 1581 2885 1649 conjecturam
2934 1579 3151 1633 facienti
3179 1594 3241 1633 ex
3274 1577 3483 1646 reliqua
3512 1575 3615 1630 viri

2049 1671 2393 1733 constantia,
2429 1672 2608 1741 ipsum
2672 1670 2817 1726 haud
2864 1671 2940 1725 ita
2988 1670 3181 1725 leviter
3237 1669 3294 1724 in
3338 1666 3617 1723 contraria

2051 1762 2429 1825 circumferri,
2464 1778 2644 1832 neque
2681 1778 2831 1818 nunc
2871 1762 3092 1832 quidem
3134 1759 3422 1822 confiteri,
3470 1771 3618 1812 nunc

2057 1868 2187 1907 vero
2212 1867 2415 1921 negare
2446 1867 2567 1922 quae
2599 1853 2834 1917 dixerit;
2874 1852 3149 1906 hominem
3181 1850 3523 1905 mendacium
3563 1847 3620 1901 in

2054 1944 2218 2000 rebus
2246 1945 2488 2000 minimis
2509 1983 2524 2007 ,
2549 1951 2608 1998 ut
2630 1943 2895 1998 horribile
2926 1941 3183 2012 quiddam
3208 1979 3224 2005 ,
3253 1945 3618 2001 aversantem,

2056 2036 2256 2090 nedum
2305 2037 2360 2091 in
2417 2037 2582 2092 rebus
2636 2036 2774 2090 tanti
2832 2036 3095 2090 momenti
3151 2049 3213 2088 ac
3251 2035 3323 2088 ita
3373 2032 3619 2087 omnium

2058 2128 2202 2181 fama
2251 2128 2544 2185 celebratis
2604 2127 2818 2183 veritati
2868 2142 3111 2197 unquam
3146 2125 3423 2182 adversari
3466 2123 3618 2180 velit.

2059 2216 2214 2284 Quod
2245 2218 2292 2274 si
2324 2234 2452 2272 vera
2480 2233 2603 2274 esse
2633 2219 2916 2287 contingat
2955 2232 3074 2286 quae
3114 2231 3146 2270 a
3171 2216 3325 2271 vobis
3362 2214 3620 2269 dictitan-

2060 2321 2169 2376 tur,
2205 2312 2602 2382 proponendus
2630 2321 2716 2366 est
2744 2313 2792 2367 ei
2826 2311 3044 2366 libellus
3066 2351 3081 2376 ,
3113 2311 3206 2381 qui
3250 2324 3412 2365 omne
3462 2315 3625 2363 recta:

2061 2405 2185 2460 fidei
2207 2406 2481 2475 specimen
2517 2406 2928 2476 complectatur.
2958 2402 3112 2471 Quod
3151 2403 3195 2457 si
3226 2418 3349 2457 eum
3383 2400 3626 2457 subscri-

2060 2500 2240 2554 bendo
2292 2499 2546 2553 assentiri
2587 2513 2874 2569 reperero,
2916 2497 3147 2551 manebo
3192 2496 3245 2548 in
3286 2493 3432 2549 illius
3477 2506 3628 2547 coma

2063 2592 2354 2645 munione:
2390 2591 2474 2647 sin
2503 2597 2683 2645 autem
2714 2588 3124 2657 deprehendero
3149 2593 3522 2649 recusantem,
3558 2585 3628 2640 ab

2063 2683 2212 2737 illius
2226 2683 2613 2753 conjunctione
2639 2681 2942 2737 discedam.
2975 2679 3111 2735 Cum
3141 2690 3320 2737 autem
3358 2678 3472 2732 haec
3501 2691 3630 2746 pro.

2064 2775 2328 2829 barentur
2359 2775 2619 2845 episcopo
2657 2772 2875 2828 Meletio
2896 2813 2910 2837 ,
2943 2780 2998 2827 et
3051 2770 3205 2825 fratri
3240 2769 3476 2824 Diodoro
3504 2782 3629 2838 pre-

2066 2865 2287 2938 sbytero
2315 2866 2463 2936 (nam
2500 2866 2569 2921 iis
2599 2880 2721 2934 qua:
2763 2865 2967 2919 fiebant
2996 2862 3308 2929 intererat),
3347 2859 3459 2913 illic
3497 2871 3632 2912 sane

2065 2973 2227 3028 quam
2260 2959 2591 3012 reverendus
2639 2956 2808 3010 frater
2851 2953 3168 3009 Theodotus
3202 2966 3463 3007 assensus
3513 2958 3630 3014 est;

2066 3065 2300 3120 cumque
2334 3049 2657 3103 adhortatus
2688 3054 2836 3103 esset
2859 3086 2874 3109 ,
2907 3053 2966 3100 ut
2987 3044 3445 3100 descenderemus
3468 3038 3633 3094 Nico-

390 3133 618 3204 θέμενος
670 3137 697 3187 ὁ
747 3133 1169 3203 αἰδεσιμώτατος
1223 3132 1448 3199 ἀδελφὸς
1508 3131 1756 3195 Θεόδοτος
1824 3132 1958 3192 ἐκεῖ,

2066 3140 2266 3208 polim,
2313 3146 2428 3192 tum
2486 3145 2545 3192 ut
2632 3135 2935 3189 Ecclesiam
2994 3133 3168 3205 ipsius
3233 3131 3631 3189 inviseremus,

390 3228 487 3280 καὶ
542 3225 929 3298 παρακαλέσας
988 3227 1132 3295 ἡμᾶς
1187 3224 1465 3279 κατελθεῖν
1503 3225 1596 3277 ἐπὶ
1651 3223 1962 3286 Νικόπολιν,

393 3319 483 3371 ἵνα
519 3318 615 3370 καὶ
652 3318 750 3388 τὴν
783 3316 1108 3388 Ἐκκλησίαν
1159 3316 1322 3369 αὐτοῦ
1373 3313 1797 3385 ἐπισκεψώμεθα
1822 3355 1836 3377 ,
1872 3315 1965 3368 καὶ

391 3408 557 3460 αὐτὸν
586 3405 837 3477 λάϐωμεν
868 3406 967 3475 τῆς
1022 3405 1181 3476 μέχρι
1225 3405 1477 3459 Σατάλων
1510 3405 1812 3474 ὁδοιπορίας
1843 3420 1968 3456 συν-

393 3500 669 3568 έμπορον,
700 3497 1011 3551 καταλιπὼν
1057 3498 1166 3566 (l0)
1198 3498 1341 3567 ἡμᾶς
1387 3498 1443 3549 ἐν
1474 3496 1511 3549 Γ
1516 3497 1755 3567 ητάσοις,
1782 3495 1966 3567 ἐπειδὴ

395 3588 766 3659 κατελάϐομεν
798 3591 911 3657 (Η)
958 3589 1054 3659 τὴν
1089 3589 1415 3647 Νικόπολιν,
1462 3588 1851 3657 ἐπιλαθόμενος
1893 3581 1967 3640 ὧν

393 3697 456 3732 τε
486 3682 614 3750 παρ’
636 3679 769 3750 ἐμοῦ
798 3680 1025 3750 ἤκουσεν
1045 3680 1177 3751 (1‘2),
1204 3674 1277 3733 ὧν
1300 3697 1358 3732 τε
1385 3679 1636 3733 συνέθετο
1658 3683 1810 3749 ἡμῖν,
1835 3680 1970 3733 ἐκεί-

399 3788 523 3835 ναις
565 3773 685 3835 ταίς
717 3770 906 3842 ὕϐρεσι
939 3773 1033 3825 καὶ
1059 3774 1178 3835 ταῖς
1210 3773 1483 3841 ἀτιμίαις,
1516 3772 1581 3835 ἂς
1617 3770 1795 3842 μικρῷ
1838 3771 1943 3842 πρό

399 3861 528 3914 σθεν
563 3861 909 3932 διηγησάμην
929 3904 943 3925 ,
979 3862 1342 3931 καταισχύνας
1372 3863 1516 3931 ἡμᾶς
1548 3861 1858 3931 ἀπέπεμψε.

471 3953 522 4005 ι.
573 3951 696 4015 Πῶς
730 3948 821 4005 οὖν
863 3948 930 4023 ἦν
971 3953 1192 4006 δυνατόν
1238 3970 1347 4022 μοι,
1386 3953 1686 4023 τιμιωτάτη
1740 3951 1967 4021 κεφαλὴ,

399 4042 626 4112 ποιῆσαί
658 4061 709 4094 τι
734 4042 842 4096 τῶν
871 4043 1357 4114 προστεταγμένων
1377 4083 1391 4105 ,
1421 4043 1514 4095 καὶ
1541 4042 1722 4095 δοῦναι
1749 4042 1969 4094 ἐπισκό-

401 4151 538 4197 πους
575 4137 641 4205 τῇ
670 4134 957 4206 Ἀρμενίας
999 4134 1139 4188 οὕτω
1185 4134 1320 4205 πρὸς
1361 4134 1428 4203 μὲ
1449 4132 1543 4186 τοῦ
1585 4132 1840 4186 κοινωνοῦ
1874 4132 1972 4201 τῆς

403 4227 686 4296 φροντίδος
710 4226 1063 4289 διατεθέντος,
1097 4229 1226 4296 παρ’
1254 4221 1312 4280 οὗ
1345 4223 1456 4293 ἐγὼ
1483 4224 1823 4297 προσεδόκων
1849 4226 1975 4287 τοὺς

400 4318 740 4388 ἐπιτηδείους
760 4317 953 4389 ἄνδρας
971 4319 1242 4388 εὑρήσειν,
1275 4316 1362 4370 διὰ
1396 4317 1456 4368 τὸ
1484 4312 1620 4369 εἶναι
1648 4318 1704 4369 ἐν
1734 4318 1799 4386 τῇ
1836 4332 1975 4386 παρ-

402 4409 551 4478 οικίᾳ
595 4408 759 4461 αὑτοῦ
809 4409 900 4461 καὶ
947 4407 1215 4471 εὐλαϐεῖς,
1297 4409 1390 4460 καὶ
1426 4408 1695 4469 συνετοὺς,
1740 4407 1835 4477 καὶ
1878 4407 1976 4475 τῆς

2066 3238 2181 3283 tum
2218 3228 2374 3299 195
2406 3238 2460 3283 et
2486 3229 2667 3299 ipsum
2696 3227 2907 3281 itineris
2930 3225 3181 3280 comitem
3212 3221 3427 3275 Satalos
3462 3233 3637 3288 usque

2068 3323 2398 3377 haberemus
2420 3365 2433 3387 ,
2467 3336 2532 3375 ac
2580 3336 2681 3374 nos
2714 3318 2927 3373 Getasis
2961 3314 3272 3385 reliquisset
3298 3356 3313 3379 ,
3347 3312 3436 3366 ubi
3470 3309 3636 3364 Nico-

2068 3417 2231 3485 polim
2270 3416 2550 3478 venimus,
2584 3414 2790 3468 oblitus
2812 3426 3000 3467 eorum
3034 3423 3154 3478 qua:
3175 3414 3230 3461 et
3259 3422 3286 3460 a
3321 3420 3408 3459 me
3448 3401 3637 3458 audiec

2066 3514 2179 3568 rat,
2213 3514 2266 3560 et
2299 3522 2419 3576 quae
2445 3506 2732 3561 nobiscum
2759 3511 2952 3574 pactus
2984 3501 3196 3562 fuerat,
3229 3512 3331 3552 nos
3364 3496 3432 3551 iis
3459 3536 3473 3558 ,
3498 3508 3638 3564 quas

2069 3600 2233 3668 paulo
2261 3604 2388 3653 ante
2413 3598 2612 3661 retuli,
2645 3594 2996 3652 contumeliis
3024 3608 3088 3646 ac
3140 3587 3461 3660 ignominiis
3506 3583 3639 3639 απ..

2069 3699 2188 3745 ctos
2215 3688 2440 3744 dimisit.

2140 3947 2193 4000 4.
2219 3942 2503 4011 Quomodo
2521 3958 2649 4013 ergo
2671 3955 2885 4013 possem
2926 3946 3087 4008 caput
3102 3933 3639 4006 praestantissimum,

2072 4037 2449 4093 mandatorum
2465 4034 2761 4105 quidquam
2781 4030 3056 4102 perﬁcere.
3075 4037 3128 4085 et
3143 4027 3429 4097 episcopos
3444 4024 3639 4080 Arme-

2074 4132 2177 4186 niae
2198 4130 2364 4185 dare?
2402 4129 2482 4185 sic
2501 4143 2628 4198 erga
2667 4141 2753 4179 me.
2772 4124 2965 4179 affecto
2990 4136 3245 4177 curarum
3271 4119 3443 4181 socio,
3480 4114 3643 4187 cujus

2074 4236 2238 4291 opera
2252 4220 2535 4291 sperabam
2548 4234 2632 4272 me
2646 4217 2871 4271 idoneos
2885 4215 3030 4271 viros
3044 4213 3483 4275 inventurum,eo
3495 4208 3640 4279 quod

2075 4313 2131 4366 in
2164 4312 2283 4381 ejus
2306 4311 2543 4380 paroecia
2578 4324 2686 4363 non
2726 4308 2908 4363 desint
2945 4314 2999 4362 et
3029 4303 3291 4373 religiosi,
3319 4310 3373 4358 et
3405 4301 3643 4372 pruden-

2076 4412 2180 4471 tes,
2211 4410 2264 4457 et
2310 4403 2507 4474 lingua:
2556 4400 2744 4471 periti,
2785 4409 2839 4455 et
2875 4398 2968 4469 qui
3016 4395 3253 4466 reliquos
3298 4409 3432 4449 usus
3468 4392 3644 4465 gentis

402 4498 651 4570 γλώττης
696 4501 1022 4570 ἐμπείρους,
1085 4498 1178 4552 καὶ
1225 4498 1293 4551 τὰ
1356 4497 1519 4550 λοιπὰ
1562 4495 1825 4566 ἰδιώματα
1879 4496 1958 4548 τοί

2080 4495 2329 4565 proprios
2375 4493 2591 4557 sciant;
2636 4503 2868 4560 quorum
2902 4485 3123 4542 nomina
3151 4500 3274 4540 cum
3308 4484 3477 4539 sciam
3499 4521 3514 4545 ,
3546 4496 3645 4536 vo-

407 4592 592 4656 ῑθνους
623 4592 1033 4661 ἐπισταμένους
1056 4584 1130 4644 ὧν
1157 4589 1311 4652 εἰδὼς
1333 4589 1400 4642 τὰ
1421 4589 1679 4659 ὀνόματα,
1704 4587 1855 4641 ἑκὼν,
1866 4586 1974 4656 (15)

408 4685 790 4755 σιωπήσομαι,
821 4684 910 4737 ἵνα
938 4684 1011 4754 μή
1042 4700 1094 4735 τι
1127 4682 1381 4752 ἐμπόδιον
1408 4681 1632 4752 γένηται
1662 4681 1798 4750 πρὸς
1830 4680 1889 4733 τὸ
1920 4681 1978 4733 ἐν

409 4776 583 4847 ἑτέρῳ
631 4775 761 4844 γοῦν
810 4776 986 4845 χρόνῳ
1042 4772 1469 4845 χρησιμευθῆναι
1521 4772 1620 4842 τὴν
1665 4772 1975 4842 Ἀρμενίαν.

407 4868 519 4922 Καὶ
570 4865 666 4920 νῦν
704 4866 991 4936 γενόμενος
1037 4865 1196 4935 μέχρι
1231 4863 1481 4916 Σατάλων
1513 4864 1571 4917 ἐν
1610 4865 1833 4933 τοιούτῳ
1877 4862 1980 4915 σώ-

415 4976 565 5031 ματι,
590 4958 658 5012 τὰ
680 4959 775 5029 μὲν
795 4959 957 5012 λοιπὰ
979 4958 1130 5024 ἔδοξα
1145 4960 1209 5028 τῇ
1232 4954 1325 5008 τοῦ
1340 4955 1473 5009 Θεοῦ
1494 4954 1675 5027 χάριτι
1697 4953 1976 5025 καθιστᾷν,

414 5051 731 5124 εἰρηνεύσας
759 5052 885 5114 τοὺς
919 5051 1016 5121 τὴς
1040 5048 1324 5121 Ἀρμενίας
1358 5048 1684 5109 ἐπισκόπους
1704 5088 1717 5112 ,
1749 5048 1841 5101 καὶ
1866 5046 1981 5100 δια-

485 5211 563 5280 (6)
604 5210 725 5262 Ἐπὶ
753 5208 846 5275 τῇ.
874 5208 1130 5262 Nonnulli
1160 5223 1301 5280 mss.
1321 5206 1447 5280 περὶ
1473 5207 1638 5280 τῆς...
1668 5206 1977 5280 συναφείας.

418 5276 620 5336 Ibidem
661 5280 831 5334 Coisl.
885 5280 1094 5347 primus
1144 5287 1198 5331 et
1250 5276 1402 5331 Med.
1442 5276 1508 5347 τὰ
1562 5276 1977 5347 κατορθώματα.

417 5351 588 5405 Paulo
612 5358 735 5418 post
763 5349 1012 5402 nonnulli
1047 5349 1266 5401 codices
1296 5346 1490 5418 ἐαυτοῦ
1525 5346 1811 5418 μαθηταῖς.

489 5422 566 5491 (7)
598 5415 998 5491 Δικαιοτάτας.
1061 5417 1474 5491 Regrprimus
1507 5426 1571 5491 et_
1615 5415 1787 5484 Bigot.
1846 5417 1983 5491 alter

417 5486 768 5553 δικαιοτάτως
815 5488 1381 5560 καὶᾲάναντιρῤήτιυς.
1442 5486 1612 5541 Paulo
1674 5493 1798 5555 post
1852 5487 1982 5540 eti-ili

420 5561 753 5633 perabsurde
777 5558 1087 5633 αὐθαδείας.

491 5632 565 5699 (8)
598 5631 999 5699 Βεϐοημένων.
1034 5629 1110 5682 Ita
1143 5642 1275 5682 mss.
1308 5641 1424 5681 sex.
1452 5624 1593 5679 Editi
1628 5623 1984 5695 διαϐεϐοημέ-

421 5721 525 5757 νων
534 5744 546 5756 .

493 5773 567 5845 (9)
610 5767 1097 5838 Ἀποδεξαμέγου.
1144 5765 1278 5821 Tres
1308 5780 1439 5821 mss.
1477 5781 1585 5821 non
1622 5765 1979 5822 vetustissimi

2080 4588 2197 4641 lens
2225 4585 2435 4647 tacebo,
2469 4599 2538 4638 ne
2565 4583 2693 4652 quid
2722 4580 3088 4651 impedimenti
3120 4586 3399 4635 nascatur,
3432 4572 3646 4643 quomi-

2079 4693 2184 4732 nus
2215 4677 2322 4731 alio
2361 4677 2551 4732 saltem
2592 4682 2837 4743 tempore
2865 4670 3134 4726 Armenia:
3163 4667 3369 4723 utiliter
3393 4661 3648 4720 consula-

2078 4778 2187 4824 tur.
2237 4768 2303 4822 Et
2338 4783 2483 4824 nunc
2523 4782 2648 4822 cum
2688 4765 2867 4819 Satala
2901 4777 3073 4832 usque
3119 4775 3242 4815 cum
3286 4757 3378 4811 tali
3416 4767 3645 4823 corpore

2079 4861 2470 4933 pervenissem,
2502 4857 2711 4926 reliqua
2743 4855 2961 4926 quidem
2993 4852 3143 4907 visus
3173 4862 3292 4903 sum
3336 4843 3429 4912 Dei
3473 4839 3647 4913 gratia
3753 4913 3761 4920 _

2079 4932 2449 5014 constituere;
2481 4962 2602 5002 cum
2628 4960 2813 5015 pacem
2844 4937 3241 5009 composuerim
3268 4936 3407 4988 inter
3435 4932 3651 5001 episco-

2080 5055 2181 5110 pos
2212 5038 2504 5101 Armeniis,
2536 5049 2769 5105 eosque,
2802 5041 2859 5086 ut
2894 5046 2990 5101 par
3015 5037 3167 5091 erat,
3213 5026 3482 5079 allocdtus
3511 5021 3644 5084 sim,

2084 5198 2290 5254 addunt
2323 5192 2435 5249 οὖν.

2158 5268 2270 5337 (10)
2298 5264 2703 5337 Συνέμπορον,
2756 5255 3118 5337 καταλιπών.
3175 5254 3254 5306 Ita
3316 5263 3448 5305 mss.
3500 5254 3647 5302 octo.

2084 5329 2225 5394 Editi
2252 5329 2587 5403 ’συνεκπορον
2614 5329 3006 5403 καταλιπόντα.
3458 5396 3470 5403 _

2157 5408 2266 5480 (ll)
2300 5396 2731 5480 thezlh'é’oysr.
2775 5397 3023 5479 Quatuor
3074 5408 3211 5480 rasis,
3244 5406 3356 5445 non
3389 5396 3652 5444 vetustis-

2084 5464 2208 5536 simi
2240 5464 2557 5531 κατέλαϐεν,
2593 5464 2684 5525 sed
2718 5469 2898 5522 minus
2919 5464 3226 5537 commode.
3510 5483 3645 5537 __-_.7_

2157 5528 2266 5616 (ἱῖ)
2302 5528 2615 5616 Ἤκουσεν.
2652 5538 2729 5593 Ita
2768 5538 2959 5616 optimi
3012 5535 3257 5616 quinque
3308 5544 3443 5616 mss.
3504 5528 3649 5616 'Edlti

2083 5600 2350 5689 λῆδιὸυσαν.Δ
2375 5613 2544 5665 Paulo
2580 5619 2702 5680 post
2736 5600 2873 5663 male
2902 5609 2956 5662 in
2982 5600 3145 5661 editis
3170 5600 3647 5674 προτεταγμένων.

2086 5684 2215 5743 Mss.
2254 5694 2313 5737 ut
2340 5684 2394 5736 in
2424 5690 2594 5735 textu.

2163 5738 2275 5828 (15)
2321 5752 2518 5808 Ἑκών.
2544 5753 2623 5805 Ita
2651 5749 2895 5822 plerique
2924 5762 3054 5803 mss.
3084 5742 3226 5800 Edili
3251 5738 3532 5802 ἑκουσίως.
