3988 6194
304 350 425 413 ἶ»οὸ

1315 352 1803 412 εριετοιιιιιυιι
1840 322 2126 413 οιᾸεειε
2162 356 2227 414 ιι.
2269 355 2488 412 EPIST.
2528 356 2615 415 Cl.

3456 361 3563 419 506

311 472 468 541 γοῦν,
503 472 597 526 ἐὰν
688 469 931 532 δυνατὸν,
963 470 1385 542 παρακαλοῦμεν
1418 471 1512 524 ἐπὶ
1540 471 1638 542 τῆς
1671 469 1884 524 συνόδου

1994 470 2165 526 moria
2198 469 2499 525 beatissimi
2534 468 2790 541 martyris
2812 468 3108 543 Eupsychii
3135 471 3251 540 jam
3275 473 3562 543 appropin-

311 563 670 633 γενέσθαι,ἡν
700 562 768 616 δι’
806 562 960 625 ἔτους
992 562 1196 631 ἄγομεν
1230 563 1322 615 ἐπὶ
1348 565 1413 632 τῇ
1446 564 1631 633 μνήμῃ
1665 560 1759 614 τοῦ
1792 578 1884 632 μα-

1994 570 2218 631 quante,
2251 561 2338 616 die
2371 563 2600 632 septima
2644 562 2850 618 mensis
2889 561 3242 633 Septembris.
3280 562 3416 618 Nam
3452 565 3562 620 cir-

310 655 509 726 καρίου
543 654 655 723 (21)
698 653 969 725 μάρτυρος
1007 653 1277 723 Εὐψυχίου
1317 650 1747 723 προσεγγιζούσῃ
1786 652 1895 705 λοι-

310 748 418 802 πὸν
454 746 595 800 κατὰ
625 746 721 816 τὴν
759 746 990 816 ἑϐδόμην
1030 746 1237 818 ἡμέραν
1264 747 1356 798 τοῦ
1387 745 1755 815 Σεπτεμϐρίου
1788 762 1895 815 μη-

309 837 424 900 νός.
477 838 586 890 Καὶ
628 837 735 907 γὰρ
778 836 873 889 καὶ
919 836 1194 907 φροντίδος
1240 834 1363 899 ἄξια
1406 836 1536 904 ἡμῖν
1587 832 1890 903 περίκειται

310 928 621 999 πράγματα
641 928 742 998 τῆς
777 928 926 998 παρὰ
956 927 1050 981 σοῦ
1081 928 1192 997 (22)
1225 926 1451 997 δεόμενα
1477 924 1783 995 συνεργίας,
1814 925 1892 988 εἷς

308 1035 374 1071 τε
404 1020 735 1073 κατάστασιν
766 1019 1080 1072 ἐπισκόπων
1111 1020 1203 1072 καὶ
1235 1020 1312 1081 είς
1350 1017 1540 1086 βουλὴν
1577 1017 1670 1069 καὶ
1704 1015 1892 1084 σκέψιν

308 1108 421 1162 τῶν
453 1111 839 1180 μελετωμένων
865 1110 983 1164 καθ’
1018 1110 1175 1180 ἡμῶν
1209 1111 1359 1180 παρά
1394 1109 1494 1178 τῆς
1529 1107 1895 1178 χρηστότητος

1993 661 2267 708 cumstant
2288 667 2387 706 nos
2406 652 2567 723 digna
2589 654 2956 709 sollicitudine
2978 656 3191 725 negotia
3217 696 3233 722 ,
3262 670 3382 726 qua:
3408 657 3561 711 auxi-

1993 745 2068 798 lio
2113 753 2208 797 tuo
2234 743 2500 813 indigent,
2532 752 2646 797 tum
2678 745 2742 798 ad
2791 746 3231 802 constitutionem
3275 746 3561 816 episcopo-

1990 852 2150 899 rum,
2203 847 2315 888 tum
2363 836 2429 889 ad
2474 836 2919 891 deliberationem
2968 844 3023 892 et
3066 837 3557 892 considerationem

1993 939 2203 990 eorum,
2233 940 2353 995 quae
2376 925 2430 977 in
2460 942 2561 979 nos
2589 927 2884 981 meditatur
2910 925 3153 997 Gregorii
3182 928 3412 1000 Nysseui
3432 930 3558 983 sim-

1994 1018 2245 1087 plicitas;
2277 1019 2371 1086 qui
2407 1016 2648 1087 synodos
2675 1019 2818 1088 cegit
2845 1019 3095 1089 Ancyrae,
3130 1036 3231 1076 nec
3263 1022 3433 1074 ullum
3457 1034 3556 1073 no-

1997 1109 2080 1163 bis
2107 1108 2403 1163 iusidiaudi
2432 1110 2651 1163 modum
2683 1108 3089 1178 prmtermittit.‘

308 1201 615 1276 Γρηγορὶου
645 1205 755 1275 (2'5)
786 1204 878 1257 τοῦ
903 1203 1217 1269 Νυσσαέως,
1281 1203 1339 1267 ὃς
1395 1202 1640 1263 συνόδους
1671 1205 1957 1277 συγκροτεί
1993 1203 2135 1256 κατὰ
2163 1203 2261 1272 τὴν
2287 1197 2558 1274 Ἀγκύραν
2580 1241 2594 1265 ,
2630 1202 2722 1257 καὶ
2749 1204 2935 1257 οὐδένα
2962 1206 3157 1275 τρόπον
3194 1202 3555 1258 ἐπιϐουλεύων

312 1299 448 1366 ἡμῖν
471 1298 715 1368 ἀφίησιν.

949 1432 1289 1486 ΕΠΙΣΤΟΛΗ
1337 1432 1460 1484 PA’.

2535 1424 2870 1483 EPISTOLA
2903 1432 2997 1487 Cl'

313 1546 489 1596 nedum
510 1559 576 1598 ea:
597 1543 825 1597 Armenia
848 1543 1058 1595 Basilius
1081 1557 1190 1594 cum
1210 1541 1460 1594 didicisset
1477 1543 1538 1593 de
1558 1548 1708 1654 nu’ule
1729 1538 1932 1651 insignis
1943 1540 2159 1669 ﬁliiqujus
2183 1553 2420 1651 pertszpw,
2444 1540 2716 1591 consolatur
2739 1541 2831 1591 hac
2848 1540 3050 1604 epistola
3070 1554 3197 1603 eum,
3219 1554 3358 1607 quem
3374 1541 3552 1605 prmi-

942 1663 955 1669 _
1497 1618 1591 1668 pue
1630 1617 1702 1654 ιοσ
1724 1617 1838 1654 even
1858 1617 1889 1652 u
1912 1617 1941 1652 α
1996 1617 2039 1652 ιε
2059 1616 2139 1652 um
2168 1615 2265 1652 scre
2348 1639 2360 1651 .

1497 1618 1591 1668 pue
1614 1615 1702 1654 Ιιοσ
1724 1615 1889 1654 eventu
1912 1615 2139 1668 amictum
2168 1615 2360 1652 δειευαι.

787 1711 1243 1782 Παραμυθητική
1277 1712 1411 1782 (24).

379 1826 563 1896 Εὐχῆς
596 1826 743 1891 ἄξιον
770 1822 865 1897 ἦν,
902 1826 1123 1898 πρώτην
1160 1825 1631 1896 διαπεμπομένους
1662 1826 1877 1877 ἐπιστο-

302 1917 433 1990 ὶὴν,
471 1920 835 1991 εὐθυμοτέραν
866 1920 1007 1990 ἔχειν
1035 1921 1133 1991 τὴν
1165 1920 1273 1972 τῶν
1305 1919 1643 1990 γραμμάτων
1687 1915 1880 1969 ὑπόθε-

306 2028 416 2067 σιν.
458 2010 614 2063 Οὕτω
656 2011 763 2081 γάρ
813 2011 878 2064 ἂν
918 2013 1047 2081 ἡμῖν
1084 2010 1154 2063 τά
1196 2011 1336 2064 κατά
1374 2009 1596 2081 γνώμην
1640 2007 1875 2078 ὑπῆρξε,

304 2102 443 2154 διότι
478 2103 609 2154 πᾶσι
639 2101 935 2171 βουλόμεθα
962 2105 1074 2164 τοῖς
1096 2104 1154 2153 ἐν
1181 2100 1433 2171 εὐσεϐείᾳ
1462 2099 1558 2170 ζῇν
1590 2115 1880 2170 προαιρου-

306 2191 497 2261 μένοις
539 2191 715 2244 πάντα
748 2190 837 2243 τὸν
877 2190 989 2260 βίον
1030 2194 1109 2253 εἰς
1142 2190 1342 2258 ἀγαθὸν
1375 2189 1705 2242 εὐοδοῦσθαι.
1741 2187 1877 2241 Ἀλλ’

304 2280 498 2348 ἐπειδὴ
527 2283 556 2332 ό
588 2279 801 2333 διοικῶν
834 2279 932 2350 τὴν
975 2279 1117 2349 ζωὴν
1146 2278 1302 2350 ἡμῶν
1339 2278 1567 2350 Κύριος,
1605 2276 1748 2330 κατά
1784 2277 1880 2348 τὴν

305 2372 546 2440 ἇῤῥητον
569 2369 731 2422 αὐτοῦ
764 2371 955 2438 σοφίαν
992 2372 1204 2433 πάντως
1239 2369 1372 2440 πρὸς
1392 2370 1452 2422 τὸ
1472 2370 1747 2439 συμφέρον
1772 2368 1880 2421 τῶν

304 2459 499 2528 ψυχῶν
523 2459 629 2512 τῶν
661 2460 945 2530 ἡμετέρων
975 2460 1145 2512 ταῦτα
1168 2460 1482 2531 ᾠκονόμησε
1509 2458 1777 2527 γενέσθαι,
1813 2460 1879 2512 δι’

308 2547 387 2606 ὧν
419 2570 502 2606 σοι
542 2554 640 2623 μὲν
676 2553 936 2626 ὀδυνηρὰν
971 2554 1270 2625 κατέστησε
1290 2554 1383 2625 τὴν
1418 2553 1584 2627 ζωὴν,
1620 2557 1766 2626 ἡμᾶς
1800 2556 1878 2621 δὲ,

307 2648 437 2708 τοὺς
458 2648 525 2715 τῇ
556 2646 694 2698 κατά
728 2645 859 2698 Θεὸν
889 2646 1076 2719 ἀγάπῃ
1109 2646 1509 2716 συνημμένους,
1546 2648 1625 2708 εἰς
1661 2646 1879 2716 συμπά-

311 2737 464 2790 θειαν
494 2737 695 2806 ἧγαγε,
732 2736 999 2806 μαθόντας
1028 2736 1178 2807 παρὰ
1205 2736 1309 2789 τῶν
1341 2737 1580 2805 ἀδελφῶν
1612 2737 1794 2807 ἡμῶν,
1824 2740 1880 2790 ἐν

310 2824 395 2890 οἷς
420 2827 669 2895 γέγονας·
700 2828 990 2895 ἀναγκαῖον
1019 2829 1146 2898 ἡμῖν
1178 2829 1378 2898 ἐφάνη,
1410 2827 1505 2898 τὴν
1531 2828 1882 2898 ἐνδεχομένην

313 2917 661 2988 παράκλησιν
689 2921 1053 2986 προσαγαγεῖν
1092 2936 1193 2971 σοι.
1226 2920 1287 2971 Et
1323 2919 1419 2988 μὲν
1449 2915 1540 2971 οὖν
1568 2915 1634 2987 ἦν
1660 2920 1882 2973 δυνατὴν

310 3010 408 3062 καὶ
424 3009 673 3079 διαϐῆναι
705 3009 861 3079 μέχρι
891 3009 984 3062 τοῦ
1012 3009 1176 3062 τόπου
1208 3012 1265 3061 ἐν
1291 3003 1336 3076 ᾦ
1367 3009 1648 3078 συμϐαίνει
1677 3009 1881 3079 διάγειν

2570 1707 2966 1764 Consolatoria.

2053 1823 2363 1892 Uptandum
2403 1833 2542 1886 erat,
2573 1825 2858 1893 epistolam
2892 1824 3122 1894 primam
3153 1822 3541 1888 scribentibus,

1984 1915 2242 1971 laetiorem
2293 1916 2489 1971 habere
2541 1916 2847 1971 litterarum
2895 1914 3203 1984 materiam,
3252 1916 3386 1971 Nam
3440 1918 3544 1973 hoc

1984 2014 2142 2077 pacto
2171 2022 2257 2061 res
2282 2007 2440 2062 nobis
2461 2024 2525 2060 ex
2551 2007 2818 2061 sententia
2846 2008 3260 2071 successissent,
3279 2008 3405 2078 quia
3425 2022 3541 2063 om-

1985 2098 2147 2151 nibus
2200 2098 2454 2151 volumus
2500 2097 2720 2166 pietatis
2766 2097 3072 2151 institutum
3126 2095 3565 2166 proﬁtentibus,,

1984 2193 2152 2239 totam
2179 2186 2346 2238 vitam
2392 2186 2456 2239 ad
2506 2199 2795 2254 prosperos
2830 2200 3120 2239 successus
3161 2185 3404 2254 perduci.
3442 2186 3549 2241 Sed

1983 2291 2107 2330 cum
2140 2276 2265 2329 vitae
2292 2285 2488 2330 nostrze
2516 2280 2826 2329 moderator
2847 2275 3107 2329 Dominus
3128 2291 3226 2346 pro
3251 2291 3361 2331 non
3387 2290 3550 2331 enar-

1987 2369 2144 2422 rabili
2175 2383 2272 2423 sua
2302 2367 2565 2438 sapientia
2590 2409 2605 2433 ,
2638 2368 2861 2421 omnino
2904 2368 2971 2421 ad
3004 2368 3291 2422 utilitatem
3338 2367 3549 2421 anima-

1986 2477 2103 2514 rum
2136 2468 2449 2514 nostrarum
2474 2460 2574 2515 hos
2602 2467 2828 2514 eventus
2850 2459 3263 2529 dispensaverit,
3293 2474 3387 2529 per
3407 2473 3548 2528 quos

1987 2553 2082 2607 tibi
2110 2552 2326 2622 quidem
2359 2552 2641 2605 molestam
2665 2551 2828 2604 vitam
2856 2551 3155 2614 constituit,
3182 2566 3283 2604 nos
3303 2564 3432 2604 vero
3451 2553 3544 2618 qui

1987 2645 2082 2699 tibi
2126 2644 2390 2697 eharitate
2418 2644 2471 2695 in
2500 2641 2609 2696 Deo
2642 2642 2918 2710 conjuncti
2965 2656 3182 2704 sumus,
3221 2654 3252 2692 a
3288 2638 3549 2695 fratribus

1987 2739 2210 2802 nostris,
2243 2753 2351 2807 quo
2379 2738 2432 2790 in
2461 2753 2642 2792 rerum
2671 2745 2813 2791 statu
2843 2737 2940 2802 sis,
2974 2735 3198 2790 eductos
3227 2734 3294 2789 ad
3324 2735 3550 2791 commi-

1985 2833 2313 2884 serationem
2348 2829 2606 2892 adduxit;
2640 2831 3008 2883 necessarium
3045 2828 3200 2882 nobis
3229 2829 3406 2883 visum
3443 2834 3548 2892 est,

1987 2921 2266 2983 solatium,
2294 2920 2439 2991 quod
2470 2919 2524 2973 in
2551 2919 2710 2974 nobis
2738 2921 2901 2975 situm
2933 2928 3039 2983 est,
3074 2919 3172 2973 tibi
3199 2918 3411 2973 aderre.
3440 2918 3547 2973 ita-

1988 3028 2092 3082 que
2122 3012 2235 3066 ﬁeri
2269 3012 2313 3066 si
2351 3018 2554 3081 posset,
2588 3020 2646 3065 ut
2674 3012 2741 3065 ad
2771 3026 2891 3066 eum
2924 3028 3095 3082 usque
3129 3012 3330 3072 locum.
3360 3012 3414 3065 in
3441 3026 3552 3081 quo

312 3115 409 3151 σου
434 3098 533 3169 τὴν
555 3099 848 3166 εὐγένειαν,
872 3099 999 3168 περὶ
1020 3098 1218 3161 παντὸς
1247 3098 1311 3151 ἂν
1333 3098 1490 3152 τοῦτο
1517 3099 1878 3169 ἐποιησάμην

1990 3114 2087 3157 tua:
2114 3104 2385 3157 nobilitati
2429 3105 2635 3172 versari
2681 3104 2974 3173 contingit,
3009 3104 3408 3171 proﬁciscerer,
3446 3105 3551 3157 uti-

309 3191 437 3244 ἐπεὶ
466 3191 524 3243 δὲ
552 3193 642 3244 καὶ
674 3193 701 3261 ἡ
732 3190 827 3243 τοῦ
860 3188 1107 3260 σώματος
1140 3190 1439 3261 ἀρρωστία,
1496 3191 1589 3243 καὶ
1619 3189 1728 3242 τῶν
1760 3207 1883 3243 συν-

310 3285 545 3356 εχόντων
563 3286 707 3356 ἡμᾶς
724 3284 1062 3356 πραγμάτων
1094 3283 1155 3335 τὸ
1183 3282 1405 3353 πλῆθος,
1439 3283 1533 3336 κιιύ⁸
1561 3282 1729 3354 αὐτὴν
1752 3281 1883 3335 ταύ-

311 3394 412 3447 την
433 3378 499 3447 ἢν
528 3376 840 3446 ὑπέστημεν
868 3375 982 3428 ὁδὸν
1004 3375 1094 3426 ἐπὶ
1123 3375 1287 3445 πολλῇ
1315 3377 1422 3429 τῶν
1444 3375 1562 3428 καθ’
1594 3376 1739 3446 ἡμᾶς
1763 3376 1885 3428 Ἐκ-

312 3468 552 3537 κλησιῶν
580 3467 751 3537 ζημίᾳ
770 3465 1167 3538 παρεσκεύασε·
1189 3459 1275 3519 διὰ
1297 3467 1638 3537 γραμμάτων
1666 3465 1886 3518 ἐπισκέ-

310 3556 518 3625 ψασθαί
564 3571 658 3608 σου
698 3556 797 3625 τὴν
849 3555 1150 3624 σεμνότητα
1203 3556 1689 3627 προεθυμήθημεν,
1750 3554 1885 3607 ὑπο-

317 3647 737 3716 μιμνήσκοντες,
768 3646 849 3698 ὃτι
881 3646 937 3697 αἱ
976 3644 1181 3713 θλίψεις
1218 3639 1376 3698 αὗται
1413 3648 1512 3698 οὐκ
1553 3645 1739 3716 ἀργῶς
1773 3647 1887 3708 τοῖς

315 3738 521 3800 δούλοις
553 3736 648 3789 τοῦ
677 3736 808 3789 Θεοῦ
836 3738 981 3808 παρὰ
1010 3737 1103 3790 τοῦ
1145 3735 1570 3799 ἐπισκοποῦντος
1606 3737 1750 3807 ἡμᾶς
1781 3737 1891 3788 Κυ-

315 3830 433 3900 ρίου
456 3830 718 3896 γίνονται,
752 3828 886 3882 ἀλλά
914 3830 1007 3882 ἐπὶ
1032 3829 1325 3899 δοκιμασία
1353 3828 1454 3898 τῆς
1473 3826 1728 3898 ἀληθινῆς
1752 3826 1888 3893 πρὸς

315 3923 406 3974 τὸν
430 3921 690 3973 κτίσαντα
715 3920 859 3989 ἡμᾶς
892 3919 1020 3972 Θεὸν
1049 3921 1287 3989 ἀγάπης.
1318 3920 1406 3982 Ὠς
1437 3918 1544 3989 γὰρ
1575 3919 1698 3980 τοὺς
1724 3917 1882 3988 ἁθληυ

315 4014 413 4075 τὰς
450 4014 501 4064 οί
536 4012 647 4064 τῶν
708 4010 932 4080 ἀγώνων
983 4013 1218 4082 κάματοι
1252 4014 1364 4074 τοῖς
1398 4011 1679 4079 στεφάνοις
1724 4027 1891 4082 προσ-

279 4105 284 4108 ’
319 4105 581 4173 άγουσιν,
623 4101 765 4156 οὕτω
807 4104 900 4156 καὶ
935 4104 1060 4167 τοὺς
1092 4105 1446 4175 Χριστιανοὺς
1477 4105 1588 4173 ἡέν
1634 4106 1746 4166 τοῖς
1778 4102 1887 4173 (‘25)

318 4196 642 4265 πειρασμοῖς
677 4193 971 4264 δοκιμασία
1005 4192 1138 4264 πρὸς
1176 4194 1273 4265 τὴν
1301 4192 1578 4246 τελείωσιν
1608 4191 1758 4259 ἄγει,
1795 4190 1890 4244 ἐὰν

321 4283 461 4353 μετά
488 4285 587 4353 τῆς
606 4284 918 4354 πρεπούσης
943 4285 1216 4355 ὑπομονῆς
1236 4286 1292 4337 ἐν
1316 4283 1631 4355 εὐχαριστίᾳ
1652 4287 1797 4355 πάσῃ
1822 4284 1889 4337 τὰ

1983 3210 2089 3264 que
2124 3194 2261 3248 nihil
2292 3195 2445 3264 prius
2476 3193 2746 3250 fecissem.
2770 3194 3039 3260 Quoniam
3067 3211 3197 3250 vero
3219 3204 3274 3250 et
3302 3198 3552 3266 corporis

1985 3286 2214 3341 adversa
2245 3286 2519 3349 valetudo,
2554 3294 2608 3341 et
2629 3289 2968 3358 negotiorum
2998 3288 3198 3357 quibus
3225 3288 3551 3342 distinemur

1986 3375 2299 3439 multitudo,
2333 3375 2488 3445 197
2513 3376 2615 3430 hoc
2641 3378 2817 3447 ipsum
2845 3379 2965 3441 iter,
2994 3377 3138 3447 quod
3168 3378 3455 3440 subiimus,
3480 3376 3549 3431 ad

1989 3483 2241 3538 magnum
2277 3466 2644 3521 Eeelesiarum
2682 3477 2988 3523 nostrarum
3024 3468 3281 3522 damnum
3322 3484 3553 3523 conver-

1985 3559 2083 3624 tit;
2131 3574 2224 3627 per
2252 3558 2462 3611 litteras
2494 3560 2861 3627 praestantiam
2896 3568 3043 3614 tuam
3077 3559 3310 3613 invisere
3339 3559 3394 3612 iu
3433 3559 3554 3611 ani-

1987 3664 2136 3702 mum
2165 3648 2500 3711 induximus,
2526 3650 2880 3704 admonentes
2908 3649 3247 3704 calamitates
3275 3648 3420 3718 ipsas
3444 3663 3553 3702 non

1989 3740 2191 3794 frusua
2241 3739 2335 3795 Dei
2381 3740 2553 3795 servis
2606 3755 2636 3792 a
2678 3739 2941 3805 Domino,
2988 3740 3081 3809 qui
3128 3755 3229 3794 nos
3269 3740 3552 3810 gubernat,

1987 3829 2257 3894 accidere,
2293 3828 2390 3884 sed
2417 3828 2484 3883 ad
2521 3828 2896 3898 probationem
2919 3843 3061 3884 verae
3084 3829 3137 3883 iu
3171 3829 3341 3883 Deum
3368 3828 3555 3884 condi-

1988 3928 2162 3976 torem
2210 3928 2461 3976 nostrum
2517 3921 2846 3976 dilectionis.
2897 3920 3357 3986 Quemadmodqu
3410 3924 3554 3976 enim

1988 4012 2347 4067 certaminum
2389 4012 2544 4066 labor
2588 4012 2820 4067 athletas
2852 4013 2919 4065 ad
2957 4027 3216 4066 coronam
3237 4051 3252 4077 ,
3285 4013 3359 4066 ita
3392 4012 3554 4066 etiam

1989 4103 2335 4159 Christianos
2409 4102 2658 4171 probatio
2704 4102 2761 4156 in
2818 4102 3211 4158 tentationibus
3256 4102 3323 4157 ad
3376 4101 3558 4173 perfe-

1989 4192 2225 4248 ctionem
2256 4192 2474 4247 adducit
2500 4210 2515 4258 ;
2553 4193 2597 4246 si
2621 4192 2783 4247 modo
2808 4208 2871 4248 ea
2896 4207 3062 4263 quaea
3086 4191 3313 4248 Domino
3337 4194 3557 4264 dispen-

1990 4294 2201 4348 santur,
2239 4299 2363 4338 cum
2393 4284 2575 4339 debita
2598 4285 2855 4354 patientia
2886 4286 2939 4340 iu
2962 4286 3108 4340 omni
3138 4287 3437 4357 gratiarum
3463 4302 3556 4343 ac-

317 4373 745 4444 οίκονομούμενα
762 4375 910 4446 παρά
929 4374 1020 4428 τοῦ
1042 4375 1243 4446 Κυρίου
1268 4374 1702 4446 καταδεξὼμεθα.
1730 4376 1884 4441 Ἀγα-

1993 4378 2141 4432 tione
2194 4375 2583 4446 suscipiamus.
2629 4376 2845 4431 Domini
2890 4377 3133 4433 bonitate
3186 4378 3558 4449 gubernantur

393 4505 873 4574 (21)Μακαρίου.
934 4509 1015 4561 lta
1066 4514 1177 4562 tres
1233 4507 1591 4561 vetustissimi
1643 4507 1880 4561 codices.

321 4573 468 4647 Editi
500 4573 940 4647 μακαριωτάλτου.

396 4645 515 4717 (22)
552 4645 664 4712 Τῆς
684 4645 843 4717 παρὰ
874 4647 1012 4702 σοῦ.
1050 4646 1327 4717 Articulus
1363 4646 1580 4703 additus
1613 4662 1680 4702 ex
1712 4647 1888 4701 tribus

320 4715 719 4771 vetustissimis
747 4716 1033 4771 codicibus
1060 4725 1115 4770 et
1151 4715 1271 4769 Vat.

397 4786 513 4852 (25)
545 4787 896 4853 Γρηγορίου.
935 4785 1104 4839 Nemo
1155 4801 1287 4840 sane
1326 4800 1432 4839 non
1479 4785 1708 4839 miretur
1749 4784 1880 4840 Gre-

321 4857 538 4925 gorium
593 4855 892 4924 Nyssenum
933 4856 1164 4909 concilia
1203 4855 1451 4925 coegisse
1497 4866 1686 4910 contra
1734 4854 1882 4910 Basi-

329 4924 486 4987 iium,
516 4926 674 4993 eique
696 4925 925 4979 insidias
955 4926 1245 4980 struxisse.
1282 4924 1385 4979 Sed
1417 4926 1544 4994 quia
1574 4924 1806 4979 Basilius
1835 4926 1888 4979 id

328 4993 559 5050 aSazrihit
610 4994 945 5064 simplicitati
1003 4994 1285 5063 Gregorii,
1346 4995 1506 5048 facile
1556 4998 1889 5064 perspicitur

327 5079 441 5117 non
471 5064 673 5133 malum
703 5061 966 5127 animum,
1002 5066 1095 5119 sed
1121 5061 1314 5133 potius
1336 5061 1750 5118 immoderatum
1778 5064 1889 5117 fra-

328 5136 431 5187 tris
473 5132 698 5203 juvaudi
746 5135 986 5186 studium
1034 5132 1380 5203 reprehendi.
1418 5133 1551 5186 Nam
1584 5150 1707 5187 cum
1743 5146 1888 5189 esset

326 5203 625 5271 Gregorius
659 5202 821 5255 homo
858 5202 1366 5272 minime’astutus,
1412 5213 1465 5258 et
1497 5204 1561 5257 ad
1599 5205 1885 5272 suspican-

328 5273 455 5325 dam
480 5273 536 5323 in
568 5272 688 5324 aliis
720 5271 962 5326 fraudem
998 5274 1365 5337 tardissimus,
1394 5275 1587 5327 merito
1612 5271 1888 5328 metuebat

326 5340 562 5396 Basilius
586 5358 673 5403 ne,
704 5341 830 5395 dum
855 5344 900 5396 is
933 5359 1054 5396 cum
1079 5343 1391 5397 hominibus
1413 5343 1723 5397 vaferrimis
1754 5359 1884 5399 cou-

327 5413 561 5472 siliatur,
593 5418 646 5463 et
670 5427 729 5465 se
760 5420 814 5465 et
846 5410 1067 5466 fratrem
1103 5415 1157 5466 in
1189 5428 1276 5466 res
1307 5412 1723 5468 molestissimas
1751 5428 1884 5468 cono

328 5481 539 5551 iit-ere}.
566 5480 680 5533 Non
718 5481 887 5535 multo
919 5482 1094 5536 lenius
1117 5482 1347 5551 castigat
1379 5482 1525 5536 illius
1563 5482 1884 5550 simplicita-

326 5565 434 5621 .etn
484 5549 720 5621 Basilius
761 5551 818 5603 in
861 5554 1023 5620 epist.
1059 5552 1147 5611 58,
1192 5549 1547 5621 queriturque
1590 5554 1734 5620 quod
1782 5555 1882 5607 sibi

328 5619 529 5689 pellunt
566 5620 804 5684 iudicat;
841 5619 966 5688 quia
994 5636 1115 5676 sese
1142 5619 1683 5689 iit—pacificationem,
1716 5623 1884 5677 invito

328 5687 550 5760 Basilio,
590 5687 990 5757 interponebat,
1024 5699 1079 5746 et
1122 5692 1176 5745 in
1219 5687 1595 5760 componendo
1620 5689 1879 5747 Basilium

326 5759 471 5813 inter
500 5766 555 5812 et
583 5762 911 5815 avunculum
960 5760 1186 5817 dissidio
1228 5759 1409 5817 minus
1444 5768 1601 5817 caute
1630 5763 1882 5817 versaba-

1992 4520 2100 4563 tur.
2126 4507 2345 4562 lusidim
2365 4520 2494 4575 ergo
2516 4507 2620 4561 illa:
2646 4515 2699 4561 et
2721 4509 2952 4562 concilia
2981 4510 3243 4565 adversus
3269 4508 3554 4574 Basilium,

1994 4579 2183 4633 eodem
2215 4594 2377 4632 sensu
2405 4578 2741 4646 accipienda,
2769 4593 2832 4631 ac
2861 4581 3057 4632 bellum
3094 4581 3147 4632 in
3177 4581 3403 4648 epistola
3432 4592 3555 4632 mox

1996 4650 2160 4772 citata
2189 4657 2578 4769 tmenmratum,
2616 4656 2801 4718 utpote
2832 4665 2898 4703 ex
2931 4651 3117 4704 eadem
3147 4648 3387 4719 profecta
3420 4648 3555 4703 sim-

1996 4734 2023 4772 ι)
2052 4726 2182 4770 tctta
2212 4732 2262 4770 e.

2052 4720 2262 4770 icitate.

1989 4734 2681 4857 ΡΙ(ἓξ)Ιῗῖλιριζιιυθητική.
2740 4785 2878 4840 Editi
2929 4786 3134 4841 addunt
3182 4789 3247 4857 τῇ
3302 4783 3555 4856 ὁμοζύγῳ

2006 4855 2328 4929 Ἀρινθαίου.
2368 4856 2475 4929 Qui
2512 4858 2733 4929 quidem
2778 4857 2967 4929 titulus
3004 4857 3146 4929 unde
3191 4855 3461 4929 sumptus
3482 4857 3556 4910 sit

1996 4923 2209 4996 ignoro.
2243 4924 2364 4977 llaec
2392 4923 2537 4978 enim
2560 4927 2756 4979 desunt
2787 4926 2839 4977 in
2865 4923 3140 4987 omnibus,
3171 4923 3553 4996 quos'qujdem

1991 4990 2314 5065 viderimus,
2357 5010 2490 5048 mss.
2535 4996 2843 5065 codicibus,
2887 4996 3051 5049 Coisl.
3091 4990 3551 5065 utroqu_e.'liarl.,

1990 5066 2155 5127 Med.,
2210 5062 2384 5133 Regio
2431 5072 2683 5133 utroque,
2748 5062 2891 5126 Vat.,
2946 5062 3555 5133 Clarom.,'Bigotiano

1988 5146 2241 5205 utroque.
2275 5135 2414 5199 Quin
2454 5136 2618 5186 etiam
2651 5135 2839 5205 titulus
2882 5135 3264 5205 nonnullorum
3301 5134 3552 5205 codicum

1989 5203 2450 5272 lianc—epistolam
2499 5219 2606 5257 non
2656 5203 2723 5255 ad
2776 5205 3080 5272 mulierem,
3138 5204 3229 5258 sed
3271 5204 3337 5256 ad
3372 5204 3552 5256 virum

1991 5271 2229 5344 aliquem
2262 5274 2677 5344 scriptamesse
2720 5274 2931 5344 probat.
2972 5271 3063 5327 Sic
3092 5275 3233 5328 enim
3268 5273 3425 5326 habet
3449 5272 3556 5327 lte-

1988 5341 2110 5415 gius
2136 5344 2411 5398 secundus
2444 5360 2455 5394 :
2490 5342 2630 5411 Πρός
2665 5359 2786 5394 τινα
2816 5341 3057 5410 θλίψεσιν
3086 5343 3371 5411 ἀδοκήτοις
3397 5359 3555 5464 περι-

1991 5415 2244 5464 πεσόντα.
2292 5412 2372 5463 Ad
2410 5412 2633 5464 aliauem
2671 5413 2725 5463 in
2762 5428 3027 5464 (erumnas
3059 5414 3438 5464 inexspectatus
3488 5429 3552 5464 a-

1991 5412 2244 5468 πεσόντα.
2292 5412 2372 5463 Ad
2410 5412 2633 5479 aliquem
2671 5413 2725 5463 in
2762 5428 3027 5465 (erumnas
3059 5412 3552 5481 inexspectatasgla-

1986 5501 2158 5553 psunt.
2194 5481 2286 5534 Sic
2318 5482 2479 5553 etiam
2515 5483 2567 5533 in
2601 5496 2708 5534 uno
2737 5483 2913 5547 Bigot.
2947 5500 2961 5537 :
2999 5483 3116 5537 Tw't
3155 5483 3395 5553 θλίψεσιν
3434 5482 3555 5535 ἁδο-

1990 5550 2173 5625 κήτοις
2210 5550 2574 5625 περιπεσόντα

2056 5620 2168 5693 (25)
2214 5620 2384 5693 ᾙέν
2414 5620 2740 5693 τοῖςηΕάίιί
2777 5621 2982 5676 addunt
3020 5623 3220 5688 αὐτοῖς,
3264 5620 3411 5693 quod
3441 5632 3554 5676 non

1994 5690 2193 5757 legitur
2220 5691 2275 5743 in
2317 5706 2448 5742 mss.
2484 5690 2784 5747 codicibus.

2056 5767 2074 5785 ‘
2104 5763 2253 5817 Alias
2284 5760 2433 5825 Ctjll,
2466 5760 2666 5831 scripta
2703 5779 2844 5817 anno
2872 5762 2995 5818 372.
