3988 6194
394 412 502 475 507
1741 419 1800 474 s.
1839 416 2082 474 essu.“
2119 414 2333 472 MAGNI
3534 409 3643 466 sos

405 540 611 582 omnia.
641 526 786 583 Nihil
820 544 1011 586 eorum
1042 544 1163 601 qum
1205 528 1362 584 nobis
1397 528 1653 584 accidunt
1700 537 1758 583 ut
1806 532 1977 587 mole-

2087 529 2263 599 θότητι
2313 526 2581 581 Δεσπότου
2630 527 2909 580 οιοικεῖται
2952 525 3021 580 τὰ
3067 522 3265 578 πάντα.
3322 523 3485 579 Οὐδὲν
3535 525 3645 576 τῶν

401 630 546 675 stum
596 624 844 691 accipere
877 630 1115 693 oportet,
1145 622 1355 677 etiamsi
1390 621 1443 675 in
1486 622 1772 692 praesentia
1816 623 1968 677 inﬁr-

398 714 638 767 mitatem
672 719 915 768 nostram
942 720 1148 783 tangat.
1180 712 1292 767 Etsi
1317 713 1462 767 enim
1491 714 1731 768 rationes
1756 713 1973 783 ignora-

398 818 540 865 mus,
564 803 633 857 οι)
655 820 792 873 quas
820 806 1245 874 unumquodque
1271 819 1459 857 eorum
1485 819 1604 872 quae
1624 805 1968 875 contingunt,

398 893 563 947 veluti
614 894 817 948 bonum
862 910 893 949 a
942 895 1170 950 Domino
1218 895 1375 950 nobis
1423 894 1740 958 exhibetur,
1791 905 1971 950 tamen

397 983 503 1039 hoc
534 986 697 1040 nobis
729 1001 1050 1055 persuasum
1072 1002 1196 1041 esse
1217 986 1398 1049 debet,
1421 986 1646 1039 omnino
1690 987 1823 1040 utile
1849 1003 1971 1042 esse

397 1078 542 1145 quod
576 1080 786 1142 evenit,
834 1080 948 1135 sive
992 1080 1154 1134 nobis
1200 1079 1269 1133 ob
1310 1078 1586 1149 patientiae
1628 1078 1967 1143 mercedem,

399 1170 514 1223 sive
550 1171 746 1225 anima;
779 1179 1071 1240 assumptze
1095 1213 1110 1237 ,
1143 1188 1210 1227 ne
1241 1171 1447 1226 diutius
1492 1172 1546 1224 in
1593 1172 1694 1225 hac
1726 1173 1835 1225 vita
1867 1173 1970 1225 im-

401 1274 622 1314 morans
646 1300 661 1325 ,
690 1260 903 1330 vigente
933 1261 987 1314 in
1021 1262 1124 1315 hoc
1164 1261 1370 1315 mundo
1412 1262 1617 1315 malitia
1646 1264 1966 1332 repleretur.

401 1347 458 1402 Si
488 1350 633 1404 enim
669 1352 770 1404 hac
808 1352 918 1405 vita
957 1352 1502 1406 circumscriberetur
1532 1353 1968 1408 Christianorum

400 1456 554 1511 spes,
586 1456 695 1495 non
728 1442 999 1497 immerito
1024 1458 1155 1497 sane
1184 1444 1474 1498 molestum
1505 1444 1779 1498 videretur
1806 1446 1969 1500 citius

398 1551 429 1589 a
454 1552 681 1606 corpore
705 1537 945 1608 disjungi
969 1558 981 1591 :
1007 1540 1091 1592 sin
1112 1545 1291 1591 autem
1318 1553 1456 1591 verae
1480 1539 1603 1591 vitae
1631 1538 1841 1591 initium
1864 1548 1965 1603 est,

398 1628 468 1683 iis
501 1628 594 1698 qui
625 1631 925 1683 secundum
963 1628 1127 1683 Deum
1161 1630 1386 1692 vivunt,
1417 1630 1611 1683 animae
1647 1643 1678 1683 e
1723 1629 1969 1699 corporis

399 1720 631 1775 vinculis
660 1721 894 1787 solutio;
930 1720 1058 1790 quid
1090 1720 1310 1774 tristitia
1336 1720 1632 1787 aﬂicimur,
1668 1721 1811 1775 sicut
1842 1727 1895 1774 et
1932 1720 1967 1773 ii

397 1814 490 1882 qui
517 1828 666 1882 spem
696 1829 801 1867 non
832 1813 1130 1868 habent“?
1162 1813 1271 1870 Fac
1293 1816 1458 1885 igitur
1489 1815 1707 1867 hortatu
1737 1828 1875 1878 meo,
1909 1820 1968 1866 ut

2072 619 2472 692 συμϐαινόντων
2496 621 2628 690 ἡμῖν
2650 618 2724 681 ὡς
2749 617 2990 689 λυπηρὸν
3013 615 3363 686 ὑποδέχεσθαι
3384 616 3513 685 χρὴ,
3541 615 3646 668 κᾶν

2072 712 2208 784 πρὸς
2231 711 2293 766 τὸ
2315 713 2486 784 παρὸν
2517 711 2754 784 ἅπτηται
2787 713 2885 783 τῆς
2919 711 3196 775 ἀσθενείας
3229 712 3406 781 ἡμῶν.
3441 713 3503 765 Et
3533 713 3646 782 γάρ

2071 805 2163 857 καὶ
2203 805 2331 867 τοὺς
2366 804 2558 872 λόγους
2592 804 2914 875 ἀγνοοῦμεν,
2961 803 3080 857 καθ’
3125 802 3218 867 οὓς
3262 804 3491 855 ἕκαστον
3535 804 3647 855 τῶν

2069 895 2369 965 γινομένων
2396 895 2472 958 ὡς
2496 894 2657 947 καλὸν
2692 895 2840 965 παρὰ
2867 895 2961 946 τοῦ
2988 895 3255 947 Δεσπότου
3282 896 3412 964 ἡμῖν
3444 895 3648 961 ἐπάγει

2067 1001 2178 1037 ται·
2227 983 2339 1036 ἀλλ’
2385 986 2557 1036 ἐκεῖνο
2599 984 2888 1037 πεπεῖσθαι
2936 983 3241 1054 ὀφείλομεν,
3292 985 3372 1036 ὅτι
3425 984 3643 1045 πάντως

2072 1076 2339 1148 συμφέρει
2367 1077 2427 1128 τὸ
2451 1076 2731 1146 γινόμενον
2769 1077 2801 1148 ἢ
2840 1078 2970 1147 ἡμῖν
3003 1077 3092 1129 διὰ
3126 1076 3217 1129 τὸν
3246 1076 3344 1145 τῆς
3372 1076 3646 1145 ὑπομονῆς

2073 1167 2337 1237 μισθὸν,ἥ
2370 1170 2435 1238 τῇ
2467 1167 2885 1241 παραληρθείσῃ
2913 1168 3080 1238 ψυχῇ,
3115 1169 3202 1221 ἴνα
3235 1167 3329 1238 μὴ,
3364 1169 3455 1221 ἐπὶ
3486 1167 3647 1219 πλέον

2068 1262 2133 1330 τῇ
2180 1259 2290 1329 ζωῇ
2331 1259 2498 1330 ταύτῃ
2547 1259 2974 1330 ὲπιϐραδὺνασα,
3012 1260 3109 1328 τῆς
3154 1258 3647 1328 ὲμπολιτευομένης

2068 1351 2146 1421 τῷ
2193 1350 2292 1421 βίῳ
2327 1352 2522 1412 κακία..
2556 1350 2896 1422 άναπλησθῇ.
2940 1350 3002 1403 Εἰ
3045 1351 3141 1420 μὲν
3184 1350 3291 1421 γὰρ
3331 1352 3388 1403 ὲν
3423 1353 3492 1420 τῇ
3532 1349 3646 1420 ζωῇ

2069 1442 2242 1515 ταύτῃ
2280 1444 2313 1513 ή
2342 1443 2449 1494 τῶν
2485 1443 2824 1513 Χριστιανῶν
2858 1442 3009 1506 ἐλπὶς
3041 1441 3385 1512 περιώριστο,
3418 1442 3647 1505 εἰκότως

2070 1532 2301 1602 χαλεπὸν
2348 1531 2414 1585 ἂν
2459 1532 2717 1601 ἐνομίσθη
2765 1531 2827 1584 τὸ
2880 1532 3069 1584 θᾶττον
3128 1532 3507 1601 διαζευχθῆναι
3553 1531 3646 1584 τοῦ

2072 1619 2341 1690 σώματος·
2392 1621 2439 1672 εί
2473 1620 2528 1673 δὲ
2576 1621 2715 1693 ἁρχὴ
2763 1619 2857 1672 τοῦ
2903 1619 3153 1691 ἀληθινοῦ
3204 1620 3316 1690 βίου
3354 1624 3468 1684 τοῖς
3506 1621 3648 1673 κατὰ

2069 1711 2200 1763 Θεὸν
2222 1709 2383 1773 ζῶσίν
2418 1712 2531 1763 ἐστι
2562 1710 2619 1763 τὸ
2648 1710 2757 1762 τῶν
2789 1710 3001 1781 δεσμῶν
3030 1713 3231 1764 τούτων
3263 1712 3369 1765 τῶν
3404 1728 3652 1782 σωματι-

2071 1798 2180 1851 κῶν
2212 1797 2307 1868 τὴν
2342 1799 2515 1869 ψυχὴν
2560 1798 2869 1867 ἐκλυθῆναι,
2909 1798 2961 1851 τί
2999 1798 3332 1870 λυπούμεθα,
3364 1799 3441 1862 ὡς
3479 1800 3574 1851 καὶ
3602 1800 3649 1851 oi

398 1900 681 1957 doloribus
713 1917 819 1955 non
853 1906 1203 1969 succumbas,
1239 1904 1333 1959 sed
1367 1904 1451 1959 his
1485 1911 1538 1958 te
1566 1903 1849 1958 celsiorem
1878 1917 1970 1957 su-

2087 1889 2149 1960 ;rh
2184 1889 2398 1960 ἔχοντες
2435 1890 2652 1954 ὲ).πίδα;
2691 1892 3075 1963 Παρακλήθητι
3112 1888 3205 1945 οὑν
3240 1893 3314 1962 μὴ
3358 1893 3653 1944 ὑποπεσεῖν

397 1991 779 2061 perioremque
808 1991 1089 2047 ostendas.

931 2161 1268 2217 EPISTOLA
1307 2161 1438 2215 CII‘.

2074 1985 2186 2045 τοῖς
2219 1982 2474 2048 πάθεσιν,
2498 1982 2633 2036 ἀλλά
2651 1982 2840 2049 δεῖξαι,
2882 1985 2968 2037 ὃτι
3000 1984 3324 2055 ὑπέρκεισαι
3363 1983 3457 2035 καὶ
3486 1983 3655 2053 ὑπερ-

2073 2089 2232 2143 n91:-

2605 2165 2949 2218 ΕΠΙΣΤΟΛΗ
2989 2166 3107 2217 PB'.

401 2277 639 2333 Certiores
659 2276 791 2342 facit,
814 2276 1065 2341 prwmisso
1090 2280 1132 2326 Ν
1141 2274 1579 2344 ἰεξαλςιιιαιεηιςειιι
1590 2289 1651 2344 se
1670 2287 1835 2344 eorum
1858 2274 2078 2338 precibus
2110 2274 2523 2344 adductumesse,
2542 2285 2592 2327 ut
2612 2276 2681 2344 eis
2702 2277 3246 2344 consanguinemsunm,
3269 2285 3313 2329 et
3336 2277 3427 2327 sibi
3446 2286 3490 2329 et
3512 2285 3657 2335 matri

833 2347 879 2390 et
903 2344 1079 2402 populo
1101 2336 1427 2397 carissimum,
1453 2337 1669 2387 omnibus
1696 2337 1837 2387 rebus
1859 2336 2028 2388 eorum
2051 2337 2246 2388 utilitati
2268 2339 2567 2401 posthabitis,
2601 2336 3200 2405 episcopum'concederet.

913 2446 1122 2502 Civibus
1163 2446 1450 2501 Satalem’s.

472 2538 585 2609 Ego
614 2548 728 2594 tum
756 2541 956 2595 vestris
983 2549 1097 2594 tum
1129 2541 1311 2610 populi
1345 2543 1512 2595 totius
1544 2541 1799 2610 precibus
1830 2558 1979 2597 com-

402 2638 606 2691 motus,
634 2638 689 2684 et
721 2630 976 2684 Ecclesia:
1005 2639 1198 2685 vestra:
1235 2646 1424 2684 curam
1461 2632 1700 2701 suscepi,
1734 2641 1788 2687 et
1827 2634 1980 2688 vobis

401 2737 588 2776 coram
629 2720 857 2774 Domino
885 2720 1161 2789 pollicitus
1191 2736 1333 2784 sum,
1367 2721 1503 2774 nihil
1533 2738 1618 2775 me
1649 2725 1979 2791 praetermis-

2542 2453 2878 2507 Σαταλεῦσι
2899 2453 3190 2516 πολίταις.

2152 2544 2314 2613 Ἐγὼ,
2343 2545 2440 2608 τάς
2461 2561 2519 2596 τε
2552 2543 2686 2606 ἰδίας
2726 2542 2879 2613 ὑμῶν
2916 2543 3285 2614 παρακλήσεις
3319 2544 3410 2595 καὶ
3435 2543 3535 2607 τὰς
3562 2543 3658 2597 τοῦ

2079 2637 2207 2689 λαοῦ
2263 2638 2462 2700 παντὸς
2513 2636 2886 2706 δυσωπηθεὶς,
2931 2636 3026 2688 καὶ
3075 2634 3339 2704 ἐδεξάμην
3391 2634 3502 2705 ἕὲϐ)
3558 2638 3661 2706 τὴν

2081 2727 2334 2797 φροντίδα
2364 2728 2463 2798 τῆς
2496 2725 2618 2779 καθ’
2656 2727 2798 2796 ὑμᾶς
2838 2725 3184 2795 Ἐκκλησίας,
3221 2728 3313 2778 καὶ
3342 2726 3661 2797 ὑπεσχόμην

404 2826 832 2885 ειπιιιιιρεοι-ιιιιι
872 2825 993 2880 (ιιιιε
1044 2825 1210 2878 penes
1258 2827 1341 2866 me
1389 2812 1587 2868 forent.
1638 2813 1981 2883 Quapmpter

2087 2820 2207 2889 ὑμῖν
2238 2818 2466 2872 ἐνώπιον
2491 2819 2693 2890 Κυρίου
2729 2818 2892 2890 μηδὲν
2915 2818 3176 2888 ἐλλείψειν
3206 2819 3311 2872 τῶν
3337 2821 3416 2882 είς
3430 2819 3663 2889 δύναμιν

404 2910 630 2957 coactus
660 2917 803 2963 sum,
829 2903 905 2956 uti
939 2903 1201 2973 scriptum
1232 2912 1335 2964 est,
1365 2907 1518 2974 quasi
1546 2906 1801 2975 pupillam
1833 2908 1977 2960 oculi

2087 2913 2214 2981 ἐμὴν
2242 2912 2502 2981 ἡκόντων.
2542 2910 2631 2963 Διὸ
2654 2910 3004 2981 ἠναγκάσθην
3024 2950 3037 2973 ,
3070 2911 3208 2964 κατὰ
3235 2911 3300 2964 τὸ
3333 2910 3662 2981 γεγραμμέ-

406 3010 461 3049 [ll
498 2995 510 3047 i
547 3002 770 3063 tangere
799 2994 863 3049 “.
901 2994 1050 3049 Adeo
1087 2996 1261 3048 honor
1295 3011 1454 3065 quem
1488 2998 1640 3051 vobis
1680 3001 1977 3052 maximum

2087 3021 2162 3056 νον
2190 3003 2320 3073 ιῒῖ),
2348 2998 2458 3056 οἷον
2488 3004 2582 3072 τῆς
2614 3004 2781 3073 κόρης
2803 3002 2896 3055 τοῦ
2926 3002 3059 3072 ἐμοῦ
3089 3002 3369 3073 ὀφθαλμοῦ
3394 3002 3659 3071 ἆιξασθαι.

407 3085 604 3148 habeo,
637 3085 715 3139 rei
745 3084 950 3139 nullius
980 3086 1260 3140 recordari
1294 3102 1379 3140 me
1412 3088 1572 3152 sivit,
1601 3104 1707 3142 non
1739 3105 1978 3144 consan—

405 3175 711 3246 guinitatis,
743 3191 851 3229 non
887 3178 1323 3241 consuetudinis,
1357 3194 1477 3246 quze
1508 3180 1640 3233 mihi
1667 3196 1835 3249 puero
1857 3198 1978 3236 cum

409 3268 526 3321 viro
572 3267 813 3326 exstitit.
852 3283 962 3337 prec
1005 3268 1204 3323 vestris
1241 3271 1563 3338 postulatis;
1604 3273 1696 3326 sed
1741 3274 1981 3327 omnium

409 3374 531 3427 quas
562 3358 696 3411 mihi
730 3359 982 3427 privatim
1021 3374 1146 3412 cum
1195 3376 1260 3415 eo
1308 3361 1375 3414 ad
1418 3363 1861 3431 conjunctionem
1899 3366 1984 3418 in-

409 3451 714 3512 tercedunt,
740 3450 962 3511 oblitus,
994 3464 1103 3503 non
1133 3461 1389 3520 reputans
1416 3456 1715 3522 gemituum
1745 3457 1980 3526 copiam,

409 3556 571 3611 quam
597 3542 834 3611 populus
869 3557 1025 3595 meus
1053 3541 1160 3595 isto
1197 3546 1488 3611 praeposito
1514 3545 1810 3601 destitutus
1841 3547 1983 3613 edet,

411 3649 518 3688 non
543 3634 815 3703 lacrymas
836 3634 1105 3690 universa:
1126 3636 1273 3689 illius
1294 3637 1657 3706 cognationis,
1687 3652 1793 3690 non
1813 3639 1985 3707 ipsius

410 3724 601 3776 matris
619 3722 730 3791 jam
756 3725 924 3786 senis,
954 3741 1077 3795 qua:
1100 3728 1217 3781 solo
1247 3726 1392 3779 illius
1414 3727 1618 3780 auxilio
1647 3728 1984 3791 sublevatur,

412 3814 732 3867 maestitiam
777 3817 1102 3883 attendens;
1136 3816 1327 3871 horum
1372 3817 1533 3871 simul
1564 3818 1831 3882 omnium,
1867 3836 1988 3889 qua:

414 3903 545 3956 talia
578 3913 631 3958 et
662 3913 813 3959 tanta
838 3914 999 3969 sunt,
1024 3907 1289 3961 rationem
1324 3923 1432 3961 non
1472 3910 1707 3973 habens,
1735 3910 1785 3963 id
1819 3927 1984 3965 unum

412 3997 677 4064 spectavi,
708 4005 765 4050 ut
798 3998 1096 4053 Ecclesiam
1125 4010 1358 4054 vestram
1387 4002 1484 4054 viri
1506 4004 1639 4055 tanti
1670 4020 1761 4073 pra
1781 4004 1987 4059 l‘i-ctura

415 4100 700 4149 ornarem,
736 4089 896 4157 eique
940 4106 1358 4157 succurrerem,
1400 4093 1512 4161 jam
1564 4095 1636 4148 ob
1672 4095 1985 4151 diuturnam

418 4179 694 4246 praepositi
722 4181 1080 4248 privationem
1112 4184 1165 4237 in
1190 4199 1364 4254 genua
1390 4187 1705 4253 provolutae.
1736 4196 1787 4241 et
1820 4190 1988 4242 multo

423 4267 585 4338 198
616 4286 679 4324 ac
709 4271 889 4326 valido
922 4273 1274 4337 adminiculo,
1309 4283 1368 4327 ut
1402 4276 1661 4345 erigatur,
1700 4278 1984 4347 indigenti.

418 4356 615 4412 Nostra
645 4358 828 4429 itaque
857 4361 938 4416 sic
965 4378 1025 4417 se
1054 4362 1276 4417 habent.
1313 4362 1507 4418 Vestra
1542 4373 1721 4419 autem
1764 4366 1872 4436 jam
1905 4384 1988 4422 re-

421 4449 704 4518 poscimus
726 4489 740 4512 .
771 4467 838 4506 ne
873 4452 1087 4506 minora
1118 4455 1406 4509 videantur
1442 4473 1537 4526 spe
1566 4468 1751 4512 nostra
1780 4468 1834 4513 et
1868 4461 1987 4528 title,

422 4556 585 4610 quam
616 4541 735 4596 viro
763 4544 922 4608 dedi,
953 4546 1104 4598 illum
1136 4562 1166 4599 a
1206 4563 1291 4601 me
1320 4548 1384 4602 ad
1426 4550 1632 4605 amicos
1675 4567 1995 4622 mecumque

423 4630 905 4700 conjunctissimos
962 4635 1144 4698 mitti,
1203 4636 1297 4689 sed
1354 4644 1412 4689 ut
1474 4639 1706 4708 quisque
1754 4650 1995 4695 vestrum

423 4722 565 4778 alius
592 4723 757 4776 alium
784 4739 884 4777 suo
915 4725 969 4778 in
1000 4726 1174 4779 virum
1209 4727 1390 4781 studio
1428 4742 1491 4780 ac
1522 4744 1705 4785 amore.
1738 4747 1997 4801 superare

425 4820 680 4867 conetur.
717 4811 1002 4868 Ostendite
1048 4815 1211 4884 igitur
1254 4817 1568 4884 praeclaram
1601 4820 1745 4872 illam
1775 4831 1998 4875 conten-

425 4906 651 4963 tionem,
685 4918 750 4957 ac
790 4903 1163 4973 magnitudine
1203 4905 1449 4974 obsequii
1493 4921 1590 4960 cor
1616 4908 1761 4963 illius
1785 4910 1998 4964 demul-

425 5001 546 5048 cete
566 5034 580 5056 ,
615 5002 675 5047 ut
701 5010 827 5049 eum
871 4996 1051 5062 capiat
1091 4997 1291 5051 oblivio
1322 5000 1541 5067 patrire,
1568 5001 1771 5053 oblivio
1795 5016 1998 5071 cogna-

426 5091 629 5143 torum,
666 5084 869 5138 oblivio
897 5085 1080 5154 pepuli
1108 5094 1320 5156 tantum
1350 5089 1636 5157 pendentis
1667 5092 1734 5143 ab
1763 5091 1883 5159 ejus
1913 5109 1999 5147 re-

429 5174 648 5244 gimine,
674 5184 939 5245 quantum
972 5177 1152 5233 infans
1178 5194 1369 5233 recens
1398 5188 1558 5236 natus
1588 5182 1656 5234 ab
1692 5182 1855 5237 ubere
1884 5199 2000 5236 ma-

430 5276 605 5321 terno.
643 5265 1013 5324 Prmmisimus
1052 5279 1231 5324 autem
1265 5269 1473 5325 Niciam
1495 5312 1508 5333 ,
1547 5282 1600 5325 ut
1636 5287 1697 5326 ea
1726 5289 1846 5343 quae
1878 5287 2000 5329 acta

507 5423 549 5453 ³⁸
582 5423 597 5475 1
630 5422 824 5479 Thess.
860 5440 930 5486 IV,
958 5424 1041 5477 l2.
1124 5425 1161 5454 “
1193 5423 1423 5477 Zachar.
1452 5440 1511 5486 ιι,
1541 5424 1594 5478 8.

505 5540 523 5560 ⁸
550 5538 699 5591 Alias
730 5538 1054 5609 CLXXXIII,
1094 5543 1296 5609 scripta
1328 5556 1471 5593 anno
1499 5542 1622 5594 372.

506 5609 618 5683 (ξιξ)
653 5608 764 5683 [fui
789 5608 1107 5683 ἐδεξάμην.
1142 5608 1290 5683 Harl.
1325 5612 1716 5683 natsoaﬁﬁunv.

509 5679 619 5753 (Ξῖ)
661 5679 732 5753 Τὸ
765 5678 1380 5753 γεγραμμένογηιῐιιιξι.
1422 5688 1474 5733 et
1510 5678 1663 5753 Μςιιζ
1682 5682 1744 5734 τὸ
1770 5682 2001 5753 κείρημέ-

440 5762 561 5822 νονἒ
577 5746 743 5822 ἕξοιρο
773 5759 893 5822 post
928 5748 1067 5822 idem
1104 5748 1385 5822 Μαι-τῶν
1412 5746 1963 5822 οἰκειότητοςλόγῶν.

513 5816 624 5889 (‘28)
669 5818 952 5870 Τοιούτων
999 5818 1205 5873 ὄντων.
1254 5818 1389 5874 Med.
1432 5816 1687 5874 τοιούτων
1717 5816 1997 5889 ἀλγεινῶν.

2083 3097 2267 3161 Οὕτως
2302 3097 2361 3149 τὸ
2392 3095 2727 3165 ὑπερϐάλλον
2769 3094 2869 3163 τῆς
2907 3092 3030 3146 καθ’
3071 3094 3214 3163 ὑμᾶς
3257 3094 3421 3164 τιμῆς
3452 3093 3666 3154 οὐδενός

2089 3204 2176 3257 μοι
2221 3185 2593 3256 συνεχώρησεν
2623 3187 2700 3247 είς
2733 3188 2947 3253 μνήμην
2983 3183 3175 3247 ἐλθεῖν,
3218 3184 3277 3235 οὑ
3318 3182 3662 3251 συγγενείας,

2081 3280 2141 3331 οὑ
2172 3279 2269 3348 τῆς
2291 3279 2354 3330 ὲκ
2385 3276 2573 3339 παιδὸς
2604 3275 2885 3345 συνηθείας
2906 3275 3004 3344 τῆς
3029 3274 3377 3345 ὑπαρχούσης
3409 3292 3499 3344 μοι
3527 3275 3666 3344 πρὸς

2082 3369 2173 3421 τὸν
2220 3368 2415 3439 ἄνδρα,
2462 3368 2568 3439 πρὸ
2613 3366 2720 3418 τῶν
2770 3365 2898 3435 παρ’
2948 3363 3100 3435 ὑμῶν
3136 3364 3488 3434 αἰτηθέντωνο
3528 3362 3668 3415 ἀλλὰ

2085 3462 2300 3513 πάντων
2329 3461 2425 3530 μὲν
2452 3460 2556 3511 τῶν
2591 3458 2713 3535 ἰδίᾳ,
2729 3475 2817 3528 μοι
2848 3457 3202 3526 ὑπαρχόντων
3230 3455 3365 3526 πρὸς
3398 3454 3561 3507 αὑτὸν
3586 3457 3667 3517 είς

2083 3551 2407 3618 οἰκειότητος
2438 3549 2592 3616 λόγον
2626 3547 3041 3615 ἐπιλαθόμενος,
3078 3545 3151 3615 μὴ
3198 3542 3668 3613 ὑπολογισάμενος

2084 3641 2141 3694 δὲ
2186 3640 2317 3711 μηδὲ
2362 3639 2453 3691 τοῦ
2498 3637 2800 3707 στεναγμοῦ
2841 3638 2901 3689 τὸ
2935 3637 3155 3706 πλῆθος,
3199 3634 3227 3687 ὃ
3278 3633 3671 3697 καταστενάξει

2089 3750 2188 3802 μου
2226 3735 2254 3785 ὁ
2289 3732 2414 3794 λαὸς
2452 3733 2480 3783 ὁ
2518 3730 2615 3801 τὴν
2655 3728 2986 3801 προστασίαν
3024 3728 3189 3781 αὑτοῦ
3236 3725 3554 3796 ζημιωθεὶς,
3592 3726 3669 3795 μὴ

2086 3823 2264 3892 πάσης
2291 3820 2451 3876 αὑτοῦ
2475 3822 2571 3891 τῆς
2602 3821 2920 3887 συγγενείας
2948 3820 3013 3871 τὸ
3049 3819 3282 3889 δάκρυον
3305 3859 3318 3880 ,
3358 3818 3431 3887 μὴ
3462 3816 3671 3886 μητρὸς

2088 3914 2248 3968 αὑτοῦ
2279 3914 2511 3984 γηραιᾶς
2534 3913 2627 3965 καὶ
2655 3912 2745 3963 ἐπὶ
2779 3911 2914 3984 μόνῃ
2946 3914 3010 3982 τῇ
3040 3910 3167 3979 παρ’
3201 3908 3366 3961 αὑτοῦ
3400 3907 3673 3978 θεραπείᾳ

2090 4003 2424 4073 σαλευοὺσης
2459 4004 2556 4071 τὴν
2601 4001 2777 4070 θλίψιν
2822 4004 2897 4064 εἰς
2940 4001 3164 4072 καρδίαν
3206 3998 3405 4053 λαϐὼν·
3451 3997 3672 4050 πάντων

2087 4093 2220 4163 ὁμοῦ
2267 4094 2521 4146 τοιούτων
2560 4095 2725 4147 ὄντων
2770 4095 2879 4164 (28)
2927 4095 3019 4148 καὶ
3057 4093 3323 4146 τοσούτων
3372 4093 3669 4159 ἀλογήσας.

2089 4184 2202 4246 ἑνὸς
2231 4184 2493 4253 ἐγενόμην
2510 4225 2523 4245 ,
2555 4186 2645 4237 τοὺ
2668 4186 2765 4256 τὴν
2787 4186 3057 4254 ὑμετέραν
3092 4182 3415 4252 Ἐκκλησίαν
3440 4198 3676 4234 κατακο-

2092 4273 2296 4342 σμῆσαι
2352 4273 2449 4342 μὲν
2488 4276 2552 4343 τῇ
2598 4274 2688 4326 τοῦ
2734 4275 3045 4345 τηλικούτου
3108 4272 3296 4342 ἀνδρὸς
3347 4271 3675 4341 προστασίᾳ,

2093 4362 2350 4432 βοηθῆσαι
2380 4363 2433 4414 δὲ
2462 4365 2596 4435 αὑτῇ
2626 4367 2686 4417 ἐκ
2708 4366 2803 4434 τῆς
2830 4366 3047 4437 χρονίας
3067 4362 3433 4433 άπροστασίαε
3450 4363 3527 4423 είς
3543 4362 3675 4428 γόνυ

2026 4483 2066 4535 D
2094 4453 2276 4505 λοιπὸν
2296 4452 2558 4524 meum,
2584 4456 2677 4508 καὶ
2706 4455 2904 4523 πολλῆς
2928 4457 3019 4506 καὶ
3041 4454 3270 4521 δυνατῆς
3302 4450 3676 4521 χειραγωγίας

2097 4550 2176 4611 εἰς
2199 4550 2256 4601 τὸ
2288 4548 2872 4618 διαναστῆναιδεομένῃ
2892 4547 3023 4617 (29).
3053 4545 3135 4598 Τὰ
3169 4547 3261 4617 μὲν
3300 4543 3391 4600 οὖν
3429 4546 3680 4615 ἡμέτερα

2096 4638 2336 4692 τοιαῦτα.
2383 4640 2461 4692 Τά
2498 4640 2552 4692 δὲ
2597 4640 2722 4709 παρ’
2771 4639 2924 4710 ὑμῶν
2971 4639 3307 4710 ἀπαιτοῦμεν
3355 4638 3542 4692 λοιπὸν
3600 4637 3675 4706 μὴ

2098 4727 2355 4782 ἐλάττονα
2406 4731 2637 4800 φανῆναι
2684 4731 2781 4801 τῆς
2826 4730 3103 4802 ἡμετέρας
3145 4730 3384 4793 ἐλπίδος,
3430 4729 3527 4781 καὶ
3566 4727 3677 4779 τῶν

2099 4821 2441 4892 ὑποσχέσεων
2481 4820 2546 4885 ἃς
2588 4823 2931 4893 πεποιήμεθα
2969 4822 3046 4893 τῷ
3088 4824 3263 4893 ἀνδρὶ,
3305 4823 3387 4874 ὅτι
3427 4821 3563 4891 πρὸς
3596 4822 3676 4873 ol-

2100 4914 2278 4977 κείους
2304 4916 2396 4967 καὶ
2419 4914 2602 4984 φίλους
2634 4916 2795 4967 αὑτὸν
2821 4915 3226 4986 ἐξεπέμψαμεν,
3259 4914 3492 4966 ἑκάστου
3522 4912 3677 4982 ὑμῶν

2103 5004 2499 5075 ὑπερϐαλέσθαι
2526 5004 2614 5057 τὸν
2636 5007 2818 5076 ἓτερον
2838 5008 2893 5058 ὲν
2920 5009 2984 5076 τῇ
3021 5006 3146 5074 περὶ
3166 5004 3255 5056 τὸν
3277 5002 3445 5073 ἄνδρα
3469 5001 3675 5070 σπουδῇ

2096 5099 2188 5150 καὶ
2242 5098 2429 5168 ἀγάπῃ
2490 5097 2957 5169 προθυμουμένου.
3010 5097 3197 5158 Ὅπως
3259 5090 3353 5147 οὖν
3407 5092 3680 5163 ἐπιδείξη-

2100 5187 2193 5239 σθε
2224 5188 2334 5254 (50)
2358 5191 2456 5258 τὴν
2482 5189 2649 5258 καλὴν
2673 5189 2876 5257 ταύτην
2907 5187 3243 5256 φιλοτιμίαν,
3275 5184 3369 5238 καὶ
3396 5183 3476 5254 τῷ
3511 5185 3679 5252 ὑπερ-

2103 5278 2348 5332 ϐάλλοντι
2374 5279 2472 5349 τῆς
2490 5280 2783 5351 θεραπείας
2806 5278 3217 5350 παρακαλέσητε
3239 5274 3403 5330 αὑτοῦ
3425 5274 3525 5344 τὴν
3544 5293 3680 5346 καρο

2168 5547 2292 5619 (29)
2325 5548 2601 5615 Δεομένῃ.
2639 5545 2774 5599 Male
2809 5547 2860 5598 in
2914 5547 3077 5602 editis
3106 5547 3385 5619 δεομένης.
3426 5547 3679 5602 Erratum

2099 5618 2295 5672 sustuli
2328 5632 2429 5685 ope
2462 5620 2710 5671 codicum
2751 5633 2884 5670 mss.

2171 5689 2279 5756 (50)
2323 5688 2521 5751 Ὅπως
2574 5687 2699 5756 οὖν(
2727 5686 3141 5756 γέπιδείξηςθε.
3187 5685 3440 5756 Itawmss.
3505 5694 3682 5742 nostn

2099 5753 2313 5814 summo
2339 5772 2633 5813 consensu.
2666 5755 2803 5809 Editi
2823 5757 2970 5819 ὅπως
2993 5753 3082 5810 οὖν
3112 5754 3445 5820 ἐπιδείξεσθε
