3988 6194
283 446 403 507 $09

1267 449 1755 507 EPISTULARUM
1793 450 2079 508 CLASSIS
2116 450 2177 506 ll.
2219 450 2439 507 EPIST.
2479 451 2615 508 CW.

3438 447 3547 507 διο

283 565 434 620 δίαν.
470 564 611 619 ὥστε
657 566 828 638 λήθην
873 567 971 638 μὲν
1019 568 1167 640 αὐτῷ
1213 569 1529 637 ἐγγενέσθαι
1583 571 1862 641 πατρίδος,

1990 581 2095 626 runt
2124 572 2376 643 dignitati
2417 580 2616 627 vestrae
2663 579 2791 626 nota
2835 569 3027 635 faciat,
3061 576 3115 624 et
3153 567 3297 624 diem
3347 567 3546 625 festum

285 656 462 729 λήθην
482 658 540 711 δὲ
562 658 836 727 συγγενῶν
854 661 988 729 (51),
1014 660 1182 731 λήθην
1207 661 1263 714 δὲ
1283 660 1409 714 λαοῦ
1432 662 1685 715 τοσοῦτον
1712 662 1871 734 ἐξηρ-

286 748 531 818 τημένον
560 751 659 820 τῆς
688 751 1022 820 προστασίας
1051 752 1244 816 αὑτοῦ,
1278 753 1401 804 ὅσον
1440 752 1650 805 παιδίον
1681 755 1872 824 νεαρὸν

285 840 391 908 τῆς
439 839 701 912 μητρῴας
748 840 936 910 θηλῆς.
997 841 1507 912 Προαπεστείλαμεν
1543 843 1599 896 δὲ
1645 844 1871 909 Νικίαν,

1977 670 2150 732 agitis
2181 663 2235 715 in
2268 670 2645 723 antecessum,
2673 675 2737 714 ac
2768 659 3017 724 Domino,
3054 659 3145 729 qui
3169 672 3333 728 opera
3359 665 3547 710 ucstra

1980 763 2222 809 vestrum
2256 761 2440 808 votum
2476 753 2773 824 adimplere
2805 751 3062 823 dignatus
3090 759 3194 812 est,
3226 748 3430 820 gratias
3465 763 3551 801 re-

1983 846 2253 915 pendatis.

287 928 433 982 ὣστε
468 930 537 983 τά
565 932 830 1001 γενόμενα
867 932 1073 1005 φανερὰ
1112 934 1452 1003 καταστῆσαι
1494 937 1560 1004 τῇ
1600 936 1871 1005 τιμιότητι
1912 937 2095 1007 ὑμῶν,
2158 937 2253 990 καὶ
2315 935 2683 1007 προλαϐόντας
2719 936 2861 1006 ὑμᾶς
2901 934 3176 1005 ἑορτάζειν
3212 931 3303 985 κα).
3332 930 3553 1000 εὐχαρι-

291 1024 442 1075 στεῖν
577 1025 765 1095 Κυρίῳ
788 1026 866 1094 τῷ
890 1026 957 1079 δι’
990 1028 1145 1094 ἡμῶν
1167 1026 1562 1090 χαταξιώσαντι
1581 1028 1677 1098 τὴν
1708 1028 1872 1099 εὐχὴν
1910 1028 2062 1099 ὑμῶν
2099 1028 2537 1099 ὲκπληρωθῆναι.

827 1142 1171 1194 ΕΠΙΣΤΟΛΗ
1210 1142 1327 1197 PF’.

2505 1139 2842 1195 EPISTOLA
2877 1140 3031 1195 Clll'.

940 1253 1143 1304 Nuntiat
1168 1255 1495 1305 Satalensilms
1520 1253 1676 1304 virum
1701 1254 2154 1318 pra'stantissimum
2176 1269 2207 1304 a
2226 1269 2276 1307 se
2301 1253 2577 1318 episcopum
2600 1251 2700 1303 illis
2721 1251 2940 1304 concedi.

817 1359 1046 1409 Σαταλε
1056 1358 1193 1410 {vir
1226 1359 1356 1427 ('52).

366 1473 616 1541 Ἥγαγεν
658 1473 738 1534 είς
783 1470 942 1540 ἔργον
989 1472 1018 1523 ό
1060 1472 1265 1542 Κύριος
1307 1472 1400 1526 τοῦ
1438 1472 1565 1525 λαοῦ
1609 1473 1770 1526 αὑτοῦ
1810 1473 1879 1527 τὰ

2565 1357 2955 1412 Satalcnsibas.

2043 1469 2305 1525 Perduxit
2363 1471 2432 1525 ad
2490 1471 2695 1525 exitum
2757 1469 3019 1526 Dominus
3054 1470 3240 1540 populi
3292 1471 3376 1526 sui
3409 1472 3549 1541 peti-

289 1566 597 1636 αίτήματα,
638 1564 732 1617 καὶ
774 1562 973 1616 ἔδωκεν
1014 1562 1164 1632 αὐτῷ
1207 1564 1295 1617 διὰ
1330 1565 1428 1634 τῆς
1465 1563 1737 1635 ἡμετέρας
1784 1581 1880 1617 τοι⁶

1990 1563 2171 1629 .iones,
2224 1564 2382 1633 eique
2417 1579 2513 1633 per
2573 1574 2818 1617 nostram
2875 1564 3229 1617 humilitatem
3275 1571 3550 1632 pastorem

290 1657 610 1720 πεινώσεως
644 1655 876 1726 ποιμένα
915 1654 1065 1721 ἀξιον
1100 1656 1200 1726 μὲν
1238 1656 1330 1709 τοῦ
1364 1657 1643 1726 ὀνόματος,
1686 1657 1778 1709 καὶ
1815 1657 1875 1710 οὐ

1990 1654 2152 1720 ledit,
2197 1656 2415 1726 dignum
2460 1656 2715 1720 nomine,
2758 1671 2859 1711 nec
2893 1656 3148 1721 verbum,
3196 1665 3255 1709 ut
3309 1656 3554 1725 plerique

288 1747 436 1801 κατά
460 1748 588 1810 τοῦς
620 1746 844 1809 πολλοὺς
882 1746 1261 1816 καπηλεύοντα
1294 1747 1386 1800 τὸν
1427 1747 1605 1815 λόγον,
1642 1747 1877 1816 δυνάμε-

1990 1749 2177 1811 solent,
2228 1755 2627 1818 cauponantem
2655 1789 2670 1813 ,
2723 1747 2819 1802 sed
2867 1747 2960 1818 qui
3003 1748 3159 1803 vobis
3194 1757 3394 1801 rectam
3454 1747 3554 1801 do-

290 1857 383 1892 νον
406 1839 466 1892 δὲ
492 1839 586 1892 καὶ
612 1839 739 1906 ὑμῖν
767 1839 877 1908 (55)
902 1842 1015 1902 τοῖς
1041 1840 1140 1910 τὴν
1161 1838 1429 1911 ὀρθότητα
1460 1839 1553 1892 τοῦ
1583 1838 1873 1909 κηρύγμα-

290 1947 386 1992 τος
420 1930 700 1998 ἀγαπῶσι,
741 1930 834 1982 καὶ
861 1930 960 1999 τὴν
985 1930 1105 1983 κατ’
1138 1929 1359 1991 ἐντολὰς
1384 1928 1478 1981 τοῦ
1507 1929 1709 2001 Κυρίου
1733 1929 1876 1999 ζωὴν

291 2018 751 2087 καταδεξαμένοις
774 2018 902 2087 (54),
928 2019 1182 2089 ἀρέσκειν
1220 2019 1340 2071 καθ’
1381 2018 1683 2089 ὑπερϐολὴν
1714 2020 1770 2071 ὲν
1800 2017 1878 2087 τῷ

290 2110 521 2179 ὀνόματι
545 2109 655 2181 (55)
687 2108 781 2163 τοῦ
812 2110 1012 2181 Κυρίου
1038 2109 1131 2163 τοῦ
1162 2109 1551 2181 πληρώσαντος
1583 2110 1743 2165 αὐτὸν
1769 2109 1876 2163 τῶν

293 2198 689 2271 πνευματικῶν
715 2200 875 2253 αὐτοῦ
910 2201 1285 2271 χαρισμάτων.

828 2313 1176 2366 ΕΠΙΣΤΟΛΗ
1212 2313 1331 2365 ΡΔ’.

295 2429 420 2483 Cum
437 2429 502 2479 ad
525 2429 648 2480 alias
677 2428 1001 2493 Cappadocia:
1023 2427 1318 2493 calamitates
1341 2427 1464 2478 illud
1489 2426 1783 2493 accessisset.
1805 2432 2040 2493 ntemnas
2061 2426 2289 2479 Ecclesia:
2308 2424 2536 2493 ministri
2545 2423 2708 2493 censui
2721 2422 3073 2493 _subjicerentur
3091 2461 3103 2484 ,
3128 2428 3265 2490 rogat

1978 1838 2213 1891 ctrinam
2252 1837 2644 1908 diligentibus,
2688 1838 2963 1908 vitamque
3014 1837 3224 1892 Domini
3272 1838 3554 1908 praaceptis

1978 1937 2401 1983 consentaneam
2452 1928 2833 1999 proﬁtentibus
2863 1969 2878 1993 ,
2935 1930 3148 1999 placere
3194 1930 3450 1998 majorem
3498 1929 3554 1982 in

1979 2021 2197 2074 modum
2228 2021 2402 2089 possit
2443 2020 2498 2075 in
2548 2023 2769 2076 nomine
2798 2020 3033 2087 Domini,
3068 2021 3162 2091 qui
3228 2022 3381 2074 illum
3438 2020 3554 2089 spi-

1979 2113 2272 2167 ritualibus
2302 2113 2419 2168 suis
2448 2113 2608 2170 donis
2636 2112 2971 2183 adimplcvit.

2513 2307 2847 2365 EPISTOLA
2884 2307 3059 2364 CIV“.

3288 2423 3557 2474 Modum”!

790 2490 1020 2548 Basilius.
1043 2498 1093 2540 ut
1118 2489 1461 2541 immunitatem
1482 2490 1698 2551 aliquam
1724 2502 1818 2539 non
1841 2489 2063 2555 deneget,
2091 2502 2292 2554 eamque
2321 2486 2536 2553 episcopi
2559 2484 2762 2537 arbitrio
2784 2484 3061 2536 cbmnnttat.

789 2594 1072 2661 Μοδέστῳ
1102 2594 1363 2663 ὑπάρχῳ.

370 2709 511 2763 Αὐτὸ
542 2709 602 2762 τὸ
631 2709 862 2779 γράφειν
893 2708 1026 2779 πρὸς
1054 2708 1221 2780 ἄνδρα
1254 2707 1533 2771 τοσοῦτον,
1570 2708 1673 2761 κάν
1706 2709 1872 2778 μηδε-
1958 2748 1961 2751 λ

299 2802 402 2873 μία
438 2802 707 2874 πρόφασις
746 2802 908 2873 ἑτέρα
953 2804 1150 2872 προσῇ,
1203 2799 1455 2869 μέγιστόν
1494 2801 1607 2852 ἐστι
1648 2799 1755 2851 τῶν
1797 2801 1877 2861 εἰς

294 2893 468 2962 τιμὴν
509 2892 787 2963 φερόντων
838 2893 952 2954 τοῖς
998 2890 1423 2959 αἰσθανομένοις·
1474 2888 1606 2941 διότι
1640 2889 1693 2940 αἱ
1743 2887 1878 2958 πρὸς

294 2985 425 3047 τοὺς
457 2982 780 3055 παμπληθὲς
805 2983 914 3053 (56)
937 2982 1044 3036 τῶν
1068 2981 1269 3035 λοιπῶν
1294 2981 1657 3052 ὑπερέχοντας
1674 2979 1879 3049 ὁμιλίαι

301 3073 567 3143 μεγίστην
593 3077 705 3136 τοῖς
738 3071 1075 3144 ἀξιουμένοις
1108 3073 1461 3144 περιφάνειαν
1508 3070 1875 3143 προξενοῢσιν.

310 3164 470 3234 Ἐμοὶ
499 3163 541 3216 δ’
575 3164 716 3235 ὑπὲρ
759 3164 1012 3235 πατρίδος
1049 3166 1229 3233 πάσης
1267 3162 1573 3230 ἀγωνιῶντι
1604 3162 1875 3230 ἀναγκαία

298 3256 439 3326 πρὸς
483 3255 581 3326 τὴν
625 3257 724 3326 σὴν
773 3255 1124 3326 μεγαλόνοιαν
1158 3258 1192 3325 ἠ
1236 3253 1503 3318 ἔντευξις,
1545 3248 1613 3325 ἧς
1651 3252 1876 3305 ἱκετεύω

299 3345 496 3415 πράως
522 3345 616 3399 καὶ
644 3345 784 3398 κατά
810 3346 901 3398 τὸν
926 3344 1149 3398 σεαυτοῦ
1180 3345 1379 3415 τρόπον
1408 3342 1755 3414 ἀνασχέσθαι.
1783 3343 1878 3395 καὶ

297 3438 461 3507 χεῖρα
508 3436 691 3506 ὀρέξαι
738 3439 804 3508 τῇ
857 3436 1074 3506 πατρίδι
1126 3435 1282 3507 ἡμῶν
1331 3437 1410 3499 είς
1462 3436 1589 3504 γόνυ
1628 3435 1726 3506 ἤδη
1774 3432 1880 3487 κλι-

298 3526 461 3598 Θείσῃ
488 3528 620 3596 (57).
639 3528 794 3581 Ἐστι
824 3529 878 3581 δὲ
903 3530 1039 3599 ὑπὲρ
1059 3522 1117 3581 οὗ
1143 3527 1455 3598 ἱκετεύομεν
1476 3545 1535 3579 σε
1562 3526 1622 3578 τὸ
1650 3527 1880 3596 πρᾶγμα

300 3618 565 3673 τοιοῦτον.
590 3620 727 3682 Τοὺς
755 3620 834 3690 τῷ
864 3619 982 3690 Θεῷ
1017 3618 1173 3689 ἡμῶν
1204 3619 1549 3689 ίερωμένους,
1583 3616 1883 3689 πρεσϐυτέ-

306 3724 439 3779 ρους
473 3707 568 3761 mi.
598 3708 877 3772 διακόνους
919 3707 1054 3778 (58),
1094 3708 1122 3759 ό
1170 3708 1397 3771 παλαιὸς
1445 3708 1640 3777 κῆνσος
1675 3705 1883 3767 ἀτελεῖς

303 3799 519 3869 ἀφῆκεν
550 3799 681 3871 (59).
718 3801 781 3852 Ui
820 3798 878 3852 δὲ
921 3797 1014 3851 νῦν
1053 3799 1524 3871 ἀπογραψάμενοι,
1567 3799 1641 3861 ὼς
1682 3798 1742 3849 οὐ
1787 3796 1883 3849 λα-

382 3952 497 4021 (51)
530 3952 863 4023 Συγττενῶν.
896 3953 975 4007 Ita
1027 3968 1219 4008 omnes
1256 3952 1430 4007 nostri
1457 3952 1698 4023 codices.
1742 3951 1884 4008 Editi

308 4022 669 4094 συγγενείας,
696 4024 810 4077 Sub
838 4023 995 4078 linem
1023 4029 1279 4094 corrupte
1318 4024 1372 4077 in
1427 4022 1586 4078 editis
1615 4024 1680 4076 δι’
1714 4025 1884 4094 ἡμᾶς.

310 4091 443 4147 uss.
483 4103 543 4147 ut
577 4094 631 4145 in
670 4101 840 4145 textu.
1191 4091 1207 4094 “
1468 4100 1475 4107 ‘

382 4163 494 4231 (32)
535 4164 929 4218 Σαταὶεῦσιν.
986 4164 1043 4218 1η
1090 4164 1373 4220 codicibus
1413 4161 1561 4215 llarl.
1606 4172 1659 4217 et
1714 4163 1884 4218 Coisl.

310 4234 491 4303 primo
520 4233 635 4286 haec
662 4236 887 4301 epistola
911 4237 1112 4290 dicitur
1141 4235 1530 4303 ἀνεπίγραφος,
1565 4234 1675 4286 sine
1700 4233 1890 4287 inscri-

350 4304 508 4356 tione.
550 4304 610 4375 in
665 4306 787 4358 aliis
818 4306 990 4359 tribus
1036 4307 1253 4375 legitur)
1281 4307 1391 4375 τοῖς
1429 4304 1635 4375 αὐτοῖς,
1679 4303 1885 4357 iisdem.

364 4388 522 4427 evera
549 4374 660 4426 haec
703 4376 930 4441 epistola
954 4374 1218 4429 summam
1246 4374 1405 4426 habet
1431 4374 1887 4427 necessitudinem

313 4458 438 4494 cuiu
496 4443 853 4511 pramedcnti;
902 4460 1003 4498 nec
1057 4447 1222 4499 alium
1285 4442 1562 4497 Pmiiienio
1620 4442 1888 4498 Satalensi

311 4512 527 4565 videtur
559 4514 846 4581 designare
878 4512 1135 4574 Basilius.
1167 4513 1295 4568 dum
1349 4514 1425 4566 ait
1472 4520 1745 4582 pastorem
1791 4530 1890 4568 no-

313 4585 464 4635 mine
498 4583 720 4650 dignutn
759 4587 956 4653 populo
988 4586 1176 4638 datum
1211 4585 1398 4637 fuisse.

383 4653 499 4721 (55)
540 4654 649 4706 Καὶ
689 4653 851 4721 ὑμῖν.
882 4654 959 4707 Ita
990 4671 1083 4708 sex
1117 4670 1248 4708 mss.
1280 4654 1418 4706 Editi
1442 4652 1534 4705 καὶ
1560 4653 1715 4722 ἡμῖν.

385 4723 499 4793 (54)
538 4724 1068 4792 Καταδεξαμένοις.
1096 4725 1171 4777 Ita
1209 4724 1355 4776 llarl.
1387 4731 1441 4777 et
1469 4721 1638 4776 (Ioisl.
1685 4721 1895 4793 primus

313 4791 441 4846 cum
473 4791 597 4845 aliis
622 4791 888 4862 pluribus.
927 4796 1103 4849 Editio
1152 4794 1325 4847 Palis.
1372 4794 1549 4862 prima
1600 4791 1895 4856 καταδεξά-

387 4878 498 4925 νος.

384 4931 501 5001 (55)
552 4931 833 5001 Ὀνόματι.
860 4932 941 5003 ita
970 4948 1161 4988 omnes
1196 4931 1502 5003 mssLEditi
1530 4934 1755 5003 ῥήματι.

385 5000 922 5073 (56)]1ιιμρτλιιθές.
984 5003 1060 5056 Ita
1121 5020 1254 5057 mss.
1330 5001 1468 5055 Euiti
1526 5000 1889 5073 παμπληθεῖς.

313 5058 431 5156 No).
461 5058 1029 5143 ιὶιιιιιο’ροειίιιιᾷιιιυι“
1057 5089 1188 5129 mss.
1225 5075 1559 5128 recentiores
1586 5058 1653 5124 δι’
1682 5058 1753 5142 ἧς
1780 5058 1891 5125 ἰκε-

312 5159 371 5195 τε
378 5160 477 5195 υω.

387 5213 502 5284 (57)
541 5212 848 5284 Κλιθείοῖῃ.
888 5209 993 5284 εἰς
1050 5229 1241 5269 omnes
1316 5228 1450 5267 mss.
1505 5226 1603 5282 pro
1635 5225 1701 5265 e0
1746 5212 1892 5281 quod

312 5281 439 5355 erat
456 5285 517 5355 in
547 5283 710 5337 editis
748 5281 900 5355 ὲλθού
911 5298 997 5355 σῃ.

386 5353 496 5423 (58)
522 5350 976 5419 Πρεσϐυτέρουξ
992 5354 1089 5406 καὶ
1114 5354 1449 5418 διακόνους.
1477 5351 1752 5420 Leguntur
1777 5350 1892 5406 hate

314 5422 373 5478 in
413 5424 672 5478 omnibus
723 5424 1005 5479 codicibus
1056 5440 1190 5479 mss.
1246 5423 1351 5478 Sed
1408 5434 1586 5475 tamen
1645 5422 1893 5475 videntur

314 5496 495 5561 primo
547 5494 795 5563 apposita
831 5493 897 5545 ad
933 5496 1230 5563 marginem
1273 5495 1461 5554 tuisse,
1498 5500 1555 5543 ut
1589 5491 1891 5563 explicare-

316 5575 407 5635 tur
438 5564 569 5617 illud
598 5562 925 5635 ἱερωμένους
946 5603 960 5627 ,
991 5562 1205 5627 deinde,
1233 5572 1290 5617 ut
1320 5580 1459 5632 saepe
1486 5563 1617 5635 alias
1642 5562 1889 5635 conligit,

317 5633 373 5685 in
408 5631 744 5689 contextum
773 5634 1083 5702 irrepsisse.
1130 5636 1183 5688 1ο
1223 5636 1454 5688 Basilius
1506 5633 1592 5685 bis
1639 5631 1888 5693 vocibus,

319 5704 671 5774 ίερωμένους,
717 5704 1043 5774 ίερατικούς,
1090 5721 1199 5760 non
1246 5706 1589 5774 presbyteros
1636 5704 1817 5774 solum
1839 5713 1890 5755 et

319 5772 605 5836 uincenos,
647 5777 741 5829 sed
773 5772 931 5830 alios
961 5778 1122 5830 etiam
1186 5772 1421 5830 clericos
1455 5772 1887 5842 comprehendit,

321 5852 382 5898 ut
423 5845 835 5904 observavimus
861 5847 926 5901 ad
959 5848 1118 5918 epist.
1154 5845 1243 5902 54.
1293 5848 1347 5899 (Ξο
1374 5846 1607 5916 Antiqua
1644 5844 1730 5897 illa
1780 5846 1887 5912 lex,

2496 2588 2734 2644 Modesta
2765 2589 3009 2658 pra'fecto

2052 2705 2132 2760 Ad
2197 2706 2373 2759 virum
2437 2711 2646 2758 tantum
2702 2704 2788 2758 vel
2858 2704 3068 2757 litteras
3119 2704 3282 2767 dare,
3341 2700 3557 2756 etiamsi

1980 2795 2131 2849 nulla
2178 2795 2283 2847 alia
2353 2793 2425 2848 sit
2493 2805 2680 2858 causa,
2743 2793 2979 2846 maximo
3015 2802 3097 2846 est
3130 2790 3324 2845 bonori
3353 2791 3558 2845 intelli-

1980 2886 2277 2951 gentibus;
2340 2885 2468 2954 quia
2507 2882 2781 2952 colloquia
2821 2899 2944 2937 cum
2992 2882 3125 2937 viris
3163 2883 3427 2954 dignitate
3458 2897 3558 2937 caa-

1980 2984 2128 3031 teros
2188 2977 2347 3042 longe.
2410 2975 2844 3046 superantibus,
2911 2975 3206 3044 plurimum
3246 2975 3557 3043 splendoris

1982 3069 2050 3123 iis
2080 3107 2096 3132 ,
2134 3070 2334 3139 quibus
2366 3069 2421 3123 id
2475 3067 2748 3137 obtigerit,
2794 3066 3047 3121 aderunt.
3088 3066 3215 3120 Mihi
3251 3074 3431 3121 autem
3460 3082 3558 3137 pro

1983 3163 2232 3217 universa
2265 3162 2437 3231 pa:ria
2477 3161 2744 3215 laboranti
2776 3159 3087 3215 necessaria
3114 3165 3198 3214 est
3230 3159 3371 3228 apud
3403 3165 3555 3213 tuam

1981 3252 2481 3322 magnanimitatem
2533 3250 2877 3320 deprecatio,
2952 3265 3115 3319 quam
3167 3264 3299 3318 rogo
3365 3248 3561 3302 leniter

1979 3354 2034 3400 et
2099 3353 2193 3399 tuo
2230 3359 2378 3400 more
2439 3343 2700 3414 perferas,
2750 3357 2813 3396 ac
2854 3342 3043 3412 patria:
3106 3350 3305 3394 nostra:
3333 3339 3445 3409 jam
3503 3341 3559 3393 in

1980 3452 2155 3510 genua
2193 3437 2463 3491 inclinatae
2497 3450 2717 3489 manum
2766 3435 3032 3505 porrigas.
3073 3431 3356 3502 Negotium
3397 3443 3561 3499 porro

1981 3533 2142 3600 cujus
2181 3545 2348 3585 causa
2388 3539 2441 3584 te
2471 3543 2778 3599 precamur,
2835 3526 3107 3595 ejusmodi
3172 3530 3274 3579 est.
3314 3521 3419 3577 Eos
3465 3519 3559 3591 qui

1981 3622 2091 3676 Deo
2143 3631 2331 3676 nostro
2396 3620 2734 3680 ministrant,
2798 3618 3150 3689 presbyteros
3208 3614 3457 3669 videlicet
3505 3619 3560 3666 et

1981 3714 2265 3776 diaconos,
2310 3719 2469 3766 vetus
2494 3725 2696 3765 census
2730 3709 3001 3763 immunes
3036 3706 3273 3776 reliquit.
3305 3704 3409 3770 Qui
3458 3717 3561 3756 au-

1983 3814 2091 3858 tem
2138 3817 2285 3856 nunc
2335 3800 2640 3856 recensioni
2678 3798 2841 3870 199
2871 3813 3091 3868 operam
3154 3797 3317 3861 dant,
3363 3795 3435 3861 ii,
3504 3802 3556 3847 ut

1985 3961 2309 4029 quamit‘itat
2336 3957 2589 4029 Basilius,
2627 3965 2809 4029 exstat
2836 3956 2889 4008 in
2922 3951 3553 4029 codice_Tbeodosia_no,

1988 4022 2119 4084 tom.
2159 4027 2249 4090 Vl,
2295 4030 2375 4082 tit.
2410 4028 2467 4087 ‘2,
2506 4044 2559 4097 p.
2595 4028 2687 4097 54.
2738 4025 2812 4079 lbi
2853 4024 3205 4097 Constantius
3249 4022 3561 4097 immunita-

1988 4111 2093 4154 tem
2135 4114 2163 4151 a
2213 4098 2449 4153 sordidis
2482 4091 2829 4151 muneribus.
2865 4110 2894 4147 a
2928 4096 3215 4148 collatione
3249 4091 3456 4145 lustrali
3505 4098 3562 4145 et

1991 4189 2018 4223 a
2044 4170 2299 4223 censibus
2330 4170 2581 4221 concedit
2618 4183 2724 4220 non
2764 4166 2938 4218 solum
2979 4162 3309 4233 presbyteris
3349 4170 3404 4216 et
3437 4161 3559 4215 dia—

1988 4241 2166 4301 conis,
2201 4240 2295 4292 sed
2323 4240 2486 4291 etiam
2518 4239 2640 4291 aliis
2664 4236 2880 4290 clericis
2914 4242 2967 4287 ct
2994 4233 3307 4301 juvenibus,
3338 4246 3562 4301 eorum-

1989 4324 2094 4379 que
2136 4300 2458 4379 eonjugibus
2501 4316 2554 4361 et
2586 4307 2769 4379 liberis
2792 4315 2849 4379 et
2897 4300 3232 4379 ministeriis.
3261 4300 3396 4379 illnc
3427 4300 3563 4379 Gre:

1992 4371 2178 4449 gorius
2220 4371 2595 4432 Naiianzcnus
2639 4377 2691 4429 in
2722 4375 2949 4449 epistola
2971 4373 3100 4449 _l(56
3140 4377 3387 4442 queritur
3417 4371 3562 4441 quod

1997 4444 2202 4510 clerici.
2237 4450 2328 4518 qui
2370 4463 2553 4501 secum
2586 4453 2742 4518 erant
2772 4455 2833 4518 et
2865 4444 3113 4518 in__dom'o
3136 4459 3255 4505 sua,
3290 4456 3563 4518 immunes

1997 4536 2104 4573 non
2155 4512 2286 4582 sint,
2322 4533 2444 4571 cum
2475 4518 2528 4571 in
2571 4517 2692 4570 aliis
2738 4514 3037 4569 civitatibus
3077 4531 3253 4567 omnes
3286 4514 3375 4580 qui
3420 4512 3563 4565 circa

1998 4590 2291 4642 sacrarium
2318 4599 2593 4641 versantur
2615 4586 2822 4649 πάντας
2850 4587 2975 4646 τους
3004 4584 3130 4655 περὶ
3168 4584 3228 4636 τὸ
3261 4583 3430 4654 βῆμα,
3459 4582 3563 4655 hoc

1997 4660 2262 4713 beneﬁcio
2300 4660 2665 4728 perfruantur.
2704 4656 2758 4728 5ξ³
2798 4655 3053 4728 Basilius,
3080 4651 3272 4728 quiin
3312 4651 3412 4728 bac
3442 4651 3560 4728 epi-_

1997 4732 2137 4783 stola
2182 4720 2314 4798 petit
2341 4738 2399 4781 ut
2432 4742 2693 4782 concessa
2737 4726 3052 4798 immunitas
3091 4720 3298 4798 judicio
3319 4720 3561 4798 episcopi

1995 4790 2361 4869 dispensanda
2388 4799 2749 4869 permittatur,
2776 4811 2882 4849 non
2896 4790 3108 4869 videtur
3134 4794 3265 4848 solis
3282 4790 3563 4869 presbyte-

1996 4859 2155 4924 ris-et
2191 4859 2437 4938 diaconis
2484 4868 2878 4938 immunitatem
2933 4859 3562 4938 petiisse;_cum_ip_sius

1995 4941 2283 4993 interesset
2337 4946 2396 4990 ut
2425 4937 2539 4990 haec
2581 4936 2878 4989 liberalitas
2916 4930 2979 4986 ad
3010 4950 3104 4988 eos
3140 4933 3302 4987 etiam
3332 4930 3560 4984 clericos

1994 5026 2131 5078 quos
2163 5008 2307 5062 domi
2340 5023 2452 5062 sua:
2485 5007 2734 5078 habebat.
2763 5015 2814 5058 et
2841 5003 3079 5078 ad_ali_os
3108 5001 3480 5078 pauperrimos
3509 5005 3563 5051 et

1994 5072 2237 5132 omnium
2260 5093 2460 5140 egenos
2491 5077 2893 5131 extenderetur.
2919 5073 3182 5127 Videntur
3207 5086 3337 5140 ergo
3359 5072 3439 5122 hae
3468 5083 3561 5122 vo-

1994 5164 2106 5211 ces,
2136 5141 2538 5219 πρεσϐυτέρους
2568 5146 2660 5219 καὶ
2687 5143 2962 5219 διακόνους
2982 5182 2996 5206 ,
3029 5141 3395 5219 expungendae
3414 5154 3561 5219 ;_.nec

1995 5209 2195 5273 tamen'
2226 5219 2356 5271 mihi
2405 5209 2545 5269 banc
2601 5216 2875 5269 licentiam
2919 5209 3148 5281 sumpsi,
3176 5211 3304 5281 quia
3345 5209 3563 5264 codices

1993 5303 2125 5342 mss.
2164 5287 2552 5357 repugnabant.

2064 5358 2172 5427 (59)
2211 5352 2490 5425 Ἄεέῆκεν.
2515 5353 2651 5408 Male
2673 5354 2741 5427 in
2759 5352 2924 5427 editis
2935 5352 3399 5427 deiqxavncontrna
3444 5362 3556 5427 om-

1994 5419 2435 5481 nium'cod'icum
2483 5439 2615 5477 mss.
2677 5423 2854 5476 iidem.
2911 5419 3105 5475 Ibidem
3170 5419 3558 5477 Gothofredus.

1992 5499 2112 5550 cod.
2145 5496 2371 5560 Tlieod.,
2403 5505 2511 5547 tom
2544 5492 2631 5555 Vl,
2675 5497 2813 5562 pag.|
2841 5492 2935 5562 55,
2977 5489 3257 5561 legendum
3291 5497 3443 5559 putat
3486 5487 3564 5545 ὡς

1993 5568 2264 5629 λαϐόντες,
2295 5577 2351 5618 ιιι
2372 5572 2579 5630 αειεριο
2606 5560 2876 5615 mandato.
2913 5560 3015 5614 Sed
3048 5570 3348 5630 repugnant
3371 5573 3563 5612 omnes

1993 5639 2209 5691 codices
2240 5652 2400 5699 mss.,
2445 5648 2543 5685 nec
2573 5634 2779 5687 levibus
2818 5633 3003 5685 causis
3042 5636 3256 5701 vulgata
3287 5630 3558 5699 scriptura

1993 5709 2202 5759 nititur.
2260 5705 2393 5759 Nam
2436 5701 2737 5757 Constantii
2795 5702 2927 5768 legis
2994 5718 3098 5754 non
3161 5702 3396 5755 maxima
3444 5702 3564 5753 erat

2064 5783 2077 5797 ‘
2114 5777 2261 5829 Alias
2296 5770 2806 5844 CCXCYl,__scripta
2854 5788 2997 5826 anno
3036 5771 3177 5844 Sig
3212 5836 3222 5844 η

2061 5850 2103 5869 ⁸·
2141 5848 2290 5902 Alias
2316 5841 2639 5911 CCLXXIX,
2677 5840 2878 5913 scripta
2905 5857 3048 5896 anno
3080 5840 3203 5896 572.
