3988 6194
302 478 319 501 ι
403 442 501 500 511

1733 451 1791 506 S.
1832 450 2080 508 BASILII
2122 453 2335 510 MAGNI

3556 452 3673 505 512

404 561 558 617 nullo
593 576 625 616 a
686 563 907 619 sublimi
947 572 1037 619 tua
1107 574 1376 636 potestate
1440 577 1662 637 accepto
1702 567 1977 632 mandato,

2111 568 2268 631 ἰόντες
2322 566 2473 639 παρὰ
2523 568 2623 639 τῆς
2671 564 2980 638 ὑπερφυοῦς
3036 581 3130 619 σου
3179 563 3438 628 ἐξουσίας
3494 564 3679 635 πρόσ-

404 666 502 707 eos
553 668 922 715 recensuere,
977 657 1082 711 nisi
1143 657 1288 712 forte
1361 659 1584 727 quidam
1643 658 1863 712 aliunde
1919 658 1988 712 ab

405 754 567 800 aetate
620 746 1017 802 immunitatem
1060 738 1340 803 baberent.
1384 748 1661 819 Rogamus
1705 748 1890 815 igitur,
1933 756 1991 802 ut

407 836 513 890 hoc
543 838 698 892 nobis
728 847 834 894 tua:
856 840 1219 895 beneficentia:
1246 851 1657 893 monumentum
1686 840 1984 909 relinquas,

407 927 556 994 quod
627 937 856 985 venturo
903 931 1051 986 omni
1109 946 1223 986 aevo
1278 931 1474 985 bonam
1538 930 1617 984 tui
1670 931 1988 984 memoriam

407 1030 715 1084 conservet,
776 1022 1042 1092 nobisque
1111 1024 1417 1087 concedas,
1476 1021 1780 1076 secundum
1815 1022 1987 1090 legem

408 1109 685 1178 antiquam
726 1126 947 1175 census,
1016 1126 1205 1166 sacros
1255 1112 1567 1173 ministros;
1614 1126 1713 1165 nec
1747 1111 1801 1163 in
1860 1124 1988 1179 pcr-

409 1212 575 1253 sonas
625 1214 834 1262 eorum,
892 1202 984 1270 qui
1027 1218 1172 1254 nunc
1211 1201 1433 1270 ascripti
1475 1208 1623 1264 sunt,
1678 1202 1991 1253 conferatur

409 1287 662 1342 remissio
691 1288 793 1356 (sic
831 1291 975 1343 enim
1021 1290 1345 1344 beneficium
1392 1291 1753 1343 transiturum
1796 1299 1878 1343 est
1922 1289 1989 1342 ad

410 1392 761 1435 successores
798 1399 979 1451 :quos
1011 1398 1117 1436 non
1166 1396 1381 1450 semper
1434 1382 1704 1451 contingit
1752 1381 1994 1435 ministe-

409 1471 494 1525 rio
545 1487 705 1525 sacro
755 1488 876 1527 esse
905 1474 1143 1545 dignos),
1199 1474 1294 1528 sed
1333 1472 1632 1528 secundum
1686 1473 1867 1526 liberae
1899 1472 1994 1526 de-

414 1562 736 1632 scriptionis
788 1564 1017 1619 formam
1049 1606 1064 1632 ,
1126 1567 1435 1618 communis
1480 1564 1727 1633 quietiam
1760 1564 1990 1617 clerico-

413 1668 534 1706 rum
566 1653 658 1707 fiat
700 1656 1002 1720 concessio,
1053 1657 1187 1710 adeo
1233 1664 1291 1709 ut
1327 1656 1420 1725 qui
1473 1656 1746 1710 Ecclesias
1794 1655 1993 1725 guber-

414 1751 587 1807 nant,
659 1746 853 1814 quovis
913 1747 1031 1801 loco
1087 1746 1527 1801 ministrantibus
1593 1747 1990 1799 immunitatem

414 1833 636 1889 donent.
699 1834 822 1889 llaec
866 1846 919 1889 et
972 1846 1078 1890 tua:
1126 1835 1563 1906 magnanimitati
1626 1837 1987 1890 immortalem

2090 679 2273 732 ταγμα
2296 661 2429 732 (41)),
2470 661 2875 732 ἀπεγράψαντο,
2916 658 3054 727 πλὴν
3084 659 3132 710 εἰ
3161 661 3232 728 μή
3269 659 3369 710 πού
3395 673 3545 719 τινες
3570 656 3682 710 ἁλ-

2090 754 2195 816 λως
2228 749 2372 822 εἶχον
2406 753 2510 805 ὑπὸ
2544 755 2641 823 τῆς
2678 751 2891 822 ἡλικίας
2925 750 3023 821 τὴν
3058 751 3269 819 ἄφεσιν.
3299 748 3544 818 Δεόμεθα
3574 744 3681 801 οὖν

2095 844 2437 915 μνημόσυνον
2480 844 2581 912 τῆς
2659 842 2759 907 σῆς
2816 842 3132 913 εὐεργεσίας
3182 840 3339 894 τοῦτο
3388 841 3521 909 ἡμῖν
3566 841 3682 906 dup-

2102 934 2289 1004 εθῆναι
2313 934 2445 1003 (41),
2483 933 2643 987 παντὶ
2666 933 2743 1003 τῷ
2761 932 2960 985 ἐπιόντι
2995 932 3170 1002 χρόνῳ
3193 928 3398 998 ἀγαθὴν
3421 929 3553 1000 περὶ
3574 927 3679 981 σοῦ

2095 1026 2312 1095 μνήμην
2358 1024 2737 1091 διαφυλάττον,
2780 1024 2876 1076 καὶ
2925 1021 3343 1092 συγχωρηθῆναι
3388 1022 3533 1073 κατὰ
3577 1021 3679 1073 τὶν

2094 1114 2318 1168 παλαιὸν
2369 1114 2530 1183 νόμον
2578 1113 2676 1181 τῆς
2729 1113 3035 1181 συντελείας
3084 1113 3211 1175 τοὺς
3269 1108 3673 1181 ἱερατεὼνταςσ

2093 1207 2185 1257 καὶ
2240 1204 2314 1275 μὴ
2361 1204 2440 1265 εἰς
2484 1205 2771 1274 πρόσωπον
2810 1202 2919 1254 τῶν
2963 1202 3058 1254 νῦν
3101 1198 3679 1269 καταλαμϐανομένων

2092 1296 2343 1365 γενέσθαι
2380 1294 2478 1366 τὴν
2523 1294 2716 1364 ἄφεσιν
2755 1294 2915 1363 (οὕτω
2950 1292 3058 1364 γὰρ
3099 1294 3179 1355 εἰς
3219 1291 3347 1354 τοὺς
3392 1290 3679 1359 διαδόχους

2094 1391 2126 1459 ἡ
2161 1388 2318 1460 χάρις
2356 1386 2741 1457 μεταϐήσεται,
2771 1385 2863 1448 οὓς
2898 1385 2957 1438 οὺ
2997 1385 3212 1447 πάντως
3242 1383 3350 1452 (42)
3382 1381 3679 1453 συμϐαίνει

2092 1481 2184 1533 τοῦ
2225 1470 2524 1549 ἱερατεῦειν
2559 1477 2741 1541 ἀξίους
2788 1472 2969 1547 εἶναι),
3016 1476 3150 1530 ἀλλὰ
3193 1475 3332 1529 κατὰ
3371 1474 3464 1527 τὸν
3508 1475 3566 1527 ὲν
3602 1477 3675 1544 τῇ

2092 1570 2352 1642 ἐλευθέρᾳ
2384 1572 2676 1642 ἀπογραφῇ
2713 1569 2901 1632 τύπον,
2941 1570 3123 1639 κοινήν
3163 1585 3283 1621 τινα
3325 1566 3678 1638 συγχώρησιν

2093 1662 2367 1733 κληρικῶν
2412 1660 2699 1730 γενέσθαι,
2754 1661 2893 1715 ὥστε
2944 1661 3049 1713 ὑπὸ
3095 1659 3201 1714 τῶν
3246 1659 3682 1730 οἰκονομούντων

2091 1754 2187 1816 τὰς
2218 1753 2543 1824 Ἐκκλησίας
2583 1755 2693 1814 τοῖς
2731 1752 2989 1805 ἑκάστοτε
3014 1751 3385 1822 λειτουργοῦσι
3416 1750 3517 1819 τὴν
3546 1750 3684 1802 ἀτέ-

2091 1843 2237 1895 λειαν
2265 1841 2520 1896 δίδοσθαι.
2555 1841 2739 1895 Ταῦτα
2773 1843 2864 1895 κα)¹
2892 1845 2957 1913 τῇ
2991 1845 3056 1912 σῇ
3099 1841 3436 1911 μεγαλοφυῒᾳ
3468 1839 3680 1892 ἀθάνα-

416 1934 565 1979 recte
594 1925 859 1981 factorum
916 1930 1142 1998 gloriam
1178 1930 1601 1995 conservabunt,
1641 1937 1696 1983 et
1758 1931 1989 1998 impera-

2111 1949 2179 1984 τον
2215 1931 2313 2001 τὴν
2354 1932 2447 1985 ἐπὶ
2480 1934 2592 1994 τοῖς
2627 1931 2850 1999 ἀγαθοῖς
2888 1931 3044 1996 δόξαν
3080 1930 3422 1999 διαφυλάξει,
3465 1931 3560 1983 καὶ
3595 1929 3683 1999 τῷ

417 2016 553 2071 toris
612 2016 828 2072 familiae
878 2028 1190 2088 precatores
1236 2022 1436 2076 multos
1488 2023 1905 2091 comparabant,
1936 2032 1990 2076 et

417 2108 553 2175 ipsis
605 2108 766 2163 rebus
821 2111 1053 2178 publicis
1118 2127 1226 2166 non
1288 2127 1482 2182 parum
1534 2112 1992 2168 aﬂ'erentemolu-

418 2198 586 2252 menti
616 2215 629 2262 ;
659 2198 926 2269 siquidem
962 2218 1069 2255 non
1115 2203 1339 2257 omnino
1373 2205 1589 2259 clericis
1619 2245 1634 2269 ,
1671 2204 1764 2260 sed
1806 2205 1870 2258 iis
1901 2206 1992 2273 qui

417 2290 612 2356 quovis
660 2300 900 2361 tempore
941 2294 1269 2364 affliguntur,
1306 2295 1669 2352 immunitatis
1736 2297 1992 2351 solatium

418 2392 780 2450 praestamus;
834 2386 979 2453 quod
1035 2386 1285 2456 quidem,
1316 2397 1369 2441 et
1416 2402 1539 2441 cum
1569 2388 1724 2442 liberi
1762 2403 1952 2441 smnus
1981 2427 1994 2451 ,

419 2484 529 2525 non
563 2476 1045 2541 praetermittimus,
1102 2485 1160 2531 ut
1193 2479 1502 2548 perspicere
1535 2487 1712 2549 potest
1747 2478 1996 2549 quisquis

421 2562 672 2622 voluerit.

947 2685 1282 2743 EPISTOLA
1322 2686 1455 2742 CV‘.

2098 2022 2357 2094 βασιλικῷ
2389 2024 2521 2093 οἴκῳ
2564 2024 2790 2087 πολλοὺς
2832 2026 2957 2086 τοὺς
2997 2023 3466 2095 ὑπερευχομένους
3499 2039 3680 2093 παρα-

2099 2114 2381 2176 σκευάσει,
2432 2114 2524 2166 καὶ
2565 2114 2748 2176 αὐτοῖς
2789 2116 2900 2176 τοῖς
2940 2112 3216 2184 δημοσίοις
3269 2111 3411 2181 μέγα
3448 2109 3681 2182 παρέξει

2096 2205 2315 2275 ὄφελος,
2348 2202 2503 2274 ήμῶν
2536 2204 2597 2255 οὐ
2639 2204 2854 2267 πάντως
2893 2205 3002 2265 τοῖς
3043 2203 3339 2273 κληρικοίς,
3385 2201 3523 2255 ἀλλὰ
3561 2200 3678 2272 (45)

2097 2296 2210 2356 τοῖς
2242 2293 2328 2345 ἀεὶ
2353 2292 2839 2362 καταπονουμένοις
2873 2293 2970 2364 τὴν
3006 2292 3114 2346 ἀπὸ
3159 2295 3252 2362 τῆς
3285 2292 3535 2354 ἀτελείας
3572 2309 3681 2343 πα-

2107 2383 2377 2456 ραμυθίαν
2414 2385 2817 2453 παρεχομένων·
2852 2383 2989 2453 ὅπερ
3030 2380 3123 2436 οὖν
3168 2383 3280 2452 (44)
3316 2382 3410 2436 καὶ
3447 2384 3541 2435 ἐ.πὶ
3576 2383 3678 2452 τῆς

2102 2474 2411 2546 ἐλευθερίας
2433 2474 2714 2544 ποιοῦμεν,
2737 2474 2811 2539 ὡς
2834 2474 3008 2538 ἔξεστι
3023 2475 3224 2544 γνῶναι
3244 2474 3321 2546 τῷ
3343 2473 3674 2545 βουλομένω.

2639 2682 2986 2736 ΕΠ1ΣΤΟΔΗ
3022 2683 3144 2737 ΡΕ¹.

425 2794 599 2848 Dolore
613 2794 1123 2866 sesigniﬁcatnquod
1171 2797 1386 2866 Terentii
1423 2795 1552 2862 ﬁlias
1584 2798 1857 2866 Satnosatis
1901 2809 1993 2866 non
2019 2790 2212 2843 viderit.
2264 2793 2444 2866 laudat
2468 2791 2992 2866 earurnOiq‘g'i-initatjs
3012 2790 3677 2866 roufessione__constantiam,

482 2857 701 2920 quamvis
718 2854 769 2926 in
782 2854 949 2929 medio
964 2854 1219 2929 nimietatis
1242 2854 1637 2929 (ιςῃιιιιιξνεαεᾳιω
1654 2859 1874 2910 hortatur
1895 2865 1947 2908 ut
1970 2860 2293 2921 perseverent,
2322 2862 2555 2905 eteorum
2577 2854 2660 2919 qui
2683 2854 2802 2905 Filii
2820 2863 2901 2905 aut
2928 2855 3144 2906 Sviritus
3165 2854 3466 2909 divinitatem
3483 2860 3676 2924 negant.

485 2917 867 2970 communionem
891 2925 936 2972 et
957 2917 1248 2984 colloquium
1270 2917 1472 2983 fugiant.

634 3020 963 3077 Diaconissis
993 3021 1221 3077 Terentii
1248 3023 1467 3078 Comitis
1496 3022 1739 3093 ﬁliabus.

501 3133 615 3206 Ego
660 3143 716 3190 et
784 3150 908 3190 cum
961 3134 1247 3191 Samosata
1323 3137 1715 3200 advenissem,
1786 3133 1999 3203 speravi

428 3235 717 3279 venturum
770 3239 855 3279 me
896 3226 950 3278 in
1014 3241 1318 3282 sermonem
1367 3228 1618 3298 dignitati
1668 3234 1863 3281 vestra:
1897 3242 1910 3276 :
1947 3232 2002 3279 et

431 3315 598 3386 hujus
644 3316 719 3371 rei
767 3331 990 3386 compos
1048 3318 1270 3373 minime
1324 3318 1500 3374 factus
1532 3358 1548 3383 ,
1607 3333 1763 3387 aequo
1822 3316 2001 3370 animo

432 3408 690 3462 damnum
731 3421 841 3460 non
897 3407 1041 3475 tuli;
1105 3407 1464 3462 considerans
1519 3408 1865 3477 quandonam
1918 3402 2004 3456 fu-

434 3503 617 3549 turum
667 3495 757 3558 sit,
794 3502 854 3548 ut
892 3495 976 3550 vel
1037 3511 1139 3564 ego
1173 3497 1377 3566 possim
1432 3512 1627 3551 rursus
1654 3494 1719 3549 ad
1756 3495 2004 3564 regiones

435 3592 644 3640 vestras
671 3585 947 3648 accedere,
975 3586 1059 3640 vel
1102 3587 1258 3641 vobis
1303 3587 1369 3641 ad
1424 3593 1643 3640 nostras
1674 3586 1856 3640 venire
1901 3585 2006 3654 pla-

436 3684 577 3731 ceat.
633 3675 831 3730 Verum
865 3677 982 3731 haec
1004 3678 1114 3733 sint
1165 3679 1218 3732 in
1258 3677 1467 3733 Domini
1504 3678 1780 3731 voluntate
1806 3677 2002 3745 posita.

438 3768 592 3833 Quod
644 3775 824 3823 autem
858 3783 1003 3823 nunc
1041 3770 1220 3838 agitur
1253 3809 1268 3834 ,
1327 3769 1418 3823 ubi
1449 3768 1628 3822 inveni
1664 3769 2007 3838 proficiscen-

439 3867 548 3914 tem
575 3861 639 3915 ad
681 3875 774 3915 vos
804 3861 972 3913 filium
1002 3860 1369 3929 Sepbronium
1401 3903 1416 3926 ,
1451 3862 1607 3915 laetus
1651 3861 1790 3913 hanc
1819 3859 1865 3914 ei
1898 3859 2010 3928 epi-

442 3952 636 4004 stolam
685 3950 831 4014 dedi,
878 3966 998 4020 quze
1027 3959 1083 4005 et
1127 3951 1509 4005 salutationem
1561 3951 1715 4005 vobis
1750 3948 2005 4019 perferat,

443 4049 497 4094 et
542 4052 781 4095 nostram
835 4040 1003 4095 animi
1059 4042 1384 4096 sententiam
1432 4040 1710 4103 declaret,
1747 4040 1839 4108 qui
1899 4039 2009 4092 sei-

448 4199 748 4269 auctoritas
780 4219 795 4255 :
822 4198 938 4265 ipse
963 4198 1030 4253 de
1054 4215 1114 4253 ea
1139 4200 1448 4254 detraxerat
1477 4215 1573 4269 per
1595 4199 1728 4254 alias
1757 4199 1924 4269 leges,
1960 4207 2014 4253 et

448 4268 676 4331 cletieos
719 4270 1038 4338 praadiorum
1074 4286 1418 4338 possessores
1469 4268 1658 4324 eensui
1711 4268 2009 4326 addixerat.

450 4338 642 4406 Magna
686 4350 803 4392 erat
842 4339 893 4392 in
943 4341 1043 4392 hoc
1084 4355 1281 4407 genere
1315 4340 1568 4399 varietas,
1605 4348 1662 4391 ut
1691 4340 1848 4394 modo
1874 4338 2015 4392 vidi-

450 4421 670 4479 musex
702 4409 1015 4479 testimonio
1058 4408 1336 4479 Gregorii;
1388 4408 1533 4462 unde
1572 4425 1681 4463 non
1712 4411 1932 4470 mirum,
1967 4410 2014 4464 si

452 4478 751 4548 eensitores
782 4479 913 4530 nihil
953 4477 1151 4531 Basilio
1175 4477 1503 4532 'concedere
1534 4481 1840 4547 voluerunt,
1885 4479 2011 4548 quia

453 4546 763 4600 mandatum
784 4562 812 4600 a
844 4548 1096 4615 prmfeeto
1119 4564 1223 4601 non
1259 4561 1599 4616 acceperant.

527 4622 542 4638 '
580 4617 728 4671 Alias
753 4616 924 4681 CCCI,
948 4617 1146 4687 scripta
1179 4634 1320 4671 anno
1353 4617 1478 4675 572.

525 4687 638 4759 (ὢο)
677 4686 1251 4760 ῌρτκίονταγιιιαζ(Σοὶιῖιιῗ
1284 4704 1491 4756 primus
1534 4697 1586 4741 et
1604 4686 1749 4743 Harl.
1788 4689 2023 4760 προστά-

458 4775 663 4831 γματα.
689 4759 890 4812 Ibidem
907 4758 1146 4827 quinque
1157 4759 1372 4813 codices
1393 4772 1500 4811 non
1512 4758 1862 4816 vetustissimi
1887 4759 2023 4831 πλὴν

456 4830 509 4883 ετ
532 4845 655 4881 που.

529 4899 640 4968 (41)
686 4897 1024 4966 Ἀςρεθῆναι.
1057 4895 1135 4969 Ita
1172 4898 1352 4962 Harl.,
1392 4896 1559 4954 Coisl.
1592 4901 1801 4969 primus
1838 4908 1892 4955 et
1931 4901 2021 4955 alii

458 4969 724 5024 nonnulli.
758 4969 898 5021 Etliti
927 4968 1269 5037 svatpstlﬁvat.

532 5038 643 5109 (42)
670 5041 751 5092 Οὐ
780 5037 1037 5104 πάντως.
1067 5037 1429 5109 Gothofredus
1451 5039 1503 5092 in
1534 5040 1922 5095 commentario
1958 5039 2026 5095 ad

464 5106 634 5178 legem
673 5109 833 5162 modo
863 5111 1083 5161 citatam
1116 5106 1375 5161 Basilium
1418 5118 1599 5177 petere
1636 5109 1931 5172 existimat,
1969 5120 2027 5165 ut

462 5179 781 5240 beneficium
824 5179 1235 5233 successoribus
1293 5194 1514 5239 eorum,
1549 5182 1640 5246 qui
1689 5187 1819 5232 tunc
1848 5188 2024 5243 erant,

464 5251 901 5319 presbyterorum
918 5257 971 5303 et
984 5249 1358 5319 diacouorum,
1374 5245 1707 5319 transdatur.
1723 5245 1827 5303 Sed
1846 5251 2027 5305 minus

460 5318 599 5374 vidit
626 5320 727 5373 hoc
752 5319 805 5371 iu
829 5319 948 5372 loco
964 5320 1046 5372 vir
1060 5318 1431 5373 dot-tissimus.
1451 5318 1732 5383 Quomodo
1756 5321 1898 5372 enim
1929 5319 2029 5373 Ba-

466 5390 640 5449 slius,
692 5390 737 5442 si
782 5389 1073 5456 quidquam
1103 5388 1369 5456 ejusmodi
1418 5396 1649 5455 peteret,
1682 5390 1782 5442 hac
1818 5391 2028 5443 ratione

465 5469 731 5521 uteretur,
756 5460 881 5528 quia
915 5476 1021 5511 non
1055 5476 1266 5527 semper
1298 5460 1562 5523 contingit
1589 5474 1684 5513 eos
1724 5460 2028 5513 ministerio

467 5545 624 5583 sat-ro
656 5530 848 5597 dignos
872 5530 1029 5583 esse?
1059 5529 1174 5582 Non
1207 5529 1352 5583 cadit
1386 5530 1439 5582 in
1473 5529 1729 5582 Basilium
1760 5529 2027 5597 ejusmodi

468 5599 832 5652 ratiocinatio.
858 5598 1121 5668 Prii-terea
1148 5602 1382 5667 postulat
1410 5606 1467 5651 ut
1495 5601 1596 5668 ipsi
1624 5600 1863 5668 episc0pi
1888 5600 2026 5655 hanc

468 5667 863 5723 immunitatem
879 5667 1224 5737 dispenseut;
1246 5669 1389 5737 quod
1421 5667 1647 5738 prorsus
1661 5667 1866 5724 inutile
1895 5669 2026 5723 fuis-

471 5753 498 5792 s
532 5744 573 5795 t.
609 5738 653 5791 si
693 5745 866 5807 ratum
898 5746 951 5792 et
988 5738 1148 5792 ﬁxum
1198 5740 1424 5807 singulis
1468 5740 1679 5794 clericis
1707 5739 2025 5794 beneficium

474 5806 917 5865 fu.sset.Videtur
931 5823 1060 5877 ergo
1075 5807 1254 5863 Basilii
1285 5806 1546 5865 Sententia
1578 5809 1654 5863 sic
1679 5811 2021 5880 accipienda:

2161 3016 2465 3081 Διακόνοις
2493 3014 2816 3086 θυγατράσι
2848 3016 3148 3085 Τερεντίου
3170 3017 3441 3084 Κόμητος
3471 3015 3608 3087 (45).

2184 3130 2324 3197 Ἐγὼ
2367 3130 2462 3182 κα)⁵
2496 3131 2831 3200 Σαμοσάτοις
2875 3130 3102 3193 ἐπιστὰς
3145 3130 3523 3201 προσεδόκησα
3556 3145 3681 3183 συν-

2101 3219 2378 3285 τεύξεσθαι
2419 3224 2484 3293 τῇ
2526 3223 2843 3292 κοσμιότητι
2888 3222 3058 3295 ὑμῶν·
3100 3223 3194 3277 καὶ
3232 3222 3417 3292 ἐπειδὴ
3449 3222 3681 3293 διήμαρ-

2102 3328 2193 3364 τον
2230 3311 2331 3381 τῆς
2371 3313 2681 3383 συντυχίας,
2713 3315 2773 3366 οὐ
2806 3314 3040 3385 μετρίως
3068 3315 3272 3384 ἤνεγκα
3307 3314 3407 3384 τὴν
3439 3311 3679 3384 ζημίαν,

2105 3402 2448 3472 λογιζόμενος
2480 3404 2606 3457 πότε
2649 3405 2733 3474 εἴη
2761 3405 2793 3474 ἢ
2832 3406 2952 3475 ἐμοὶ
2979 3405 3200 3459 δυνατὸν
3251 3404 3412 3458 πάλιν
3443 3404 3679 3475 πλησιά-

2112 3509 2201 3545 σαι
2230 3496 2342 3556 τοῖς
2370 3494 2490 3547 καθ’
2527 3494 2669 3565 ὑμᾶς
2704 3496 2943 3566 χωρίοις,
2970 3496 3002 3565 ἢ
3043 3497 3169 3565 ὑμῖν
3204 3495 3313 3563 (46)
3341 3494 3555 3564 αἱρετὸν

2111 3582 2383 3655 ἡμετέραν
2412 3584 2756 3638 καταλαϐεῖν.
2790 3584 2926 3636 Ἀλλ’
2962 3587 3144 3638 ἐκεῖνα
3177 3584 3273 3655 μὲν
3297 3584 3500 3637 κείσθω
3518 3585 3577 3637 ἐν
3605 3581 3686 3654 τῷ

2113 3671 2371 3743 θελήματι
2405 3675 2498 3727 τοῦ
2536 3677 2762 3747 Κυρίου.
2795 3676 2867 3728 Τὸ
2896 3677 2954 3730 δὲ
2993 3676 3086 3730 νῦν
3125 3675 3268 3747 ἕχον,
3300 3675 3485 3745 ἐπειδὴ
3526 3670 3683 3746 εὗρον

2112 3763 2201 3816 τὸν
2236 3765 2350 3818 υἱὸν
2391 3766 2693 3838 Σωφρὸνιον
2734 3768 2868 3839 πρὸς
2925 3769 3067 3838 ὑμᾶς
3112 3767 3454 3838 ὲξορμῶντα,
3512 3768 3686 3837 ἡδέως

2112 3853 2261 3923 αὐτῷ
2292 3855 2390 3925 τὴν
2420 3858 2707 3929 ἐπιστολὴν
2742 3859 2986 3928 ἐπέθηκα
3017 3859 3129 3930 (47)
3157 3860 3380 3931 ταύτην,
3420 3877 3687 3933 προσηγο-

2116 3942 2234 4014 ρίαν
2289 3946 2418 4016 ὑμῖν
2466 3949 2818 4020 κομίζουσαν,
2858 3952 2949 4005 καὶ
3002 3952 3099 4022 τὴν
3142 3953 3417 4024 ἡμετέραν
3460 3951 3685 4023 γνώμην

2110 4031 2393 4103 δηλοῦσαν,
2418 4038 2499 4090 ὅτι
2530 4040 2590 4093 οὐ
2625 4040 3049 4113 διαλιμπάνομεν
3084 4045 3148 4113 τῇ
3187 4042 3280 4096 τοῦ
3322 4042 3457 4097 Θεοῦ
3499 4044 3683 4115 χάριτι

2112 4183 2510 4268 Petitaliauam
2572 4200 2989 4259 immunitatem,
3038 4200 3417 4268 episcoporum
3458 4198 3686 4254 arbitrio

2113 4264 2543 4336 gubernandum,
2573 4271 2644 4323 ita
2679 4278 2735 4323 ut
2761 4264 3086 4323 nominatini
3115 4264 3236 4321 noni
3256 4267 3530 4321 tribuatur
3559 4284 3683 4323 cer-

2114 4335 2185 4387 tis
2219 4338 2543 4404 quibusdam
2569 4341 2856 4403 ministris,
2887 4341 3013 4407 quia
3036 4354 3222 4392 eorum
3251 4339 3685 4403 successoribus,

2117 4407 2209 4464 Qui
2241 4408 2470 4479 fortasse
2519 4410 2724 4479 indigni
2763 4416 2948 4464 essent
2996 4408 3321 4469 ministerio,
3353 4409 3688 4479 transmitte-

2118 4479 2291 4531 relur.
2325 4477 2509 4545 Longe
2541 4477 2714 4535 satius
2742 4481 2790 4535 ei
2813 4480 3119 4542 videtur,ut
3138 4478 3433 4544 descriptio
3460 4477 3531 4530 sit
3555 4478 3687 4532 libe-

2126 4557 2207 4618 ra.
2243 4556 2297 4601 et
2331 4549 2422 4617 qui
2456 4550 2728 4605 Ecclesias
2774 4550 3099 4618 gubernant,
3129 4547 3522 4618 immunitatem
3550 4563 3686 4615 quo-

2128 4615 2211 4671 vis
2243 4615 2363 4671 loco
2417 4615 2854 4674 ministrantibus
2897 4619 3119 4681 donent,
3151 4632 3447 4685 eorumque
3487 4617 3689 4683 judicio

2130 4688 2496 4759 permittatur,
2529 4694 2747 4759 quinam
2801 4690 2989 4743 censui
3034 4687 3344 4759 addicendi,
3385 4686 3547 4756 quive
3596 4688 3687 4740 lia-

2128 4755 2290 4810 bendi
2324 4760 2435 4811 sint
2469 4755 2674 4814 eximii.
2708 4758 2844 4812 Hinc
2868 4774 2926 4813 se
2959 4757 3351 4811 immunitatem
3376 4772 3483 4810 non
3512 4759 3690 4811 omni-

2129 4841 2202 4879 no
2231 4828 2465 4888 clericis.
2496 4831 2591 4884 sed
2632 4832 2699 4885 iis
2724 4830 2827 4900 qui.
2853 4828 3046 4897 quovis
3077 4837 3319 4898 tempore
3357 4826 3688 4899 afﬂiguntur,

2128 4905 2311 4965 petere
2349 4901 2608 4954 declarat.

2200 4966 2309 5037 (45)
2350 4966 2486 5023 Vide
2518 4969 2796 5037 Addenda.

2162 5033 2314 5123 7(44)
2356 5040 2535 5109 Ὅπερ
2560 5035 2690 5095 οὖν.
2742 5038 2835 5093 Sic
2882 5051 3016 5092 mss.
3068 5050 3278 5091 omnes.
3320 5033 3466 5090 Editi
3509 5036 3693 5108 ὥσπερ

2129 5124 2240 5160 ουν.

2204 5179 2315 5250 (45)
2354 5180 2657 5245 Τερεντίου
2686 5174 3214 5250 κόμητρςηὲερῑειιιι
3255 5176 3470 5230 codices
3492 5177 3694 5250 antiqui

2133 5246 2344 5316 copiam
2377 5251 2643 5304 dederunt
2693 5246 3048 5303 emendandae
3090 5246 3368 5316 editorum
3416 5261 3595 5314 pravae
3625 5248 3693 5300 le-

2133 5315 2331 5373 ctionis
2373 5320 2656 5388 Φερεντίου
2706 5318 2961 5387 κόμητος.
2984 5315 3206 5388 Addunt
3231 5316 3449 5388 quidam
3484 5318 3695 5388 codices

2134 5390 2260 5459 περὶ
2290 5383 2539 5453 πίστεως.
2559 5389 2690 5443 Cod.
2722 5383 2958 5442 Clarom.
2978 5383 3221 5456 θεολογίᾳ⁴
3237 5383 3330 5438 τοῦ
3361 5386 3515 5454 ἁγίου
3532 5385 3695 5440 lived-

2178 5476 2302 5511 ατος
2310 5499 2322 5511 .

2137 5475 2322 5597 μαᾶοϐο)
2359 5530 2433 5582 Ἦ
2454 5527 2614 5597 ὑμῖν.
2647 5525 2850 5650 ΕόὶῑὶἎ
2887 5524 2935 5578 ei
2971 5526 3117 5596 ὑμῖν.
3144 5522 3405 5577 Voculam
3443 5526 3694 5593 expunxi,

2137 5608 2244 5650 lum
2282 5600 2411 5650 auia
2463 5599 2786 5650 sententiam
2854 5605 3122 5650 enormat.
3167 5602 3281 5649 tum
3317 5595 3444 5650 uuia
3469 5593 3621 5649 deest
3649 5596 3694 5647 in

2132 5593 2244 5652 tum
2282 5593 2411 5669 quia
2463 5593 2786 5654 sententiam
2817 5593 3122 5659 denormat,
3167 5602 3281 5649 tum
3317 5595 3444 5664 quia
3469 5593 3621 5649 deest
3649 5596 3695 5647 in

2170 5679 2363 5722 llltllIOI'
2392 5683 2524 5722 "ISS.

2130 5686 2363 5740 quatuor
2392 5686 2524 5722 mss.

2201 5740 2311 5799 «47)
2364 5738 2669 5804 Ἐπέθηκα.
2700 5735 2790 5791 Sic
2819 5750 2951 5794 mss.
3007 5735 3227 5791 codices
3263 5748 3361 5789 sex
3428 5732 3574 5789 Editi
3616 5734 3701 5787 ἐπ-

2129 5809 2324 5863 ἔδωκα.
