3988 6194
225 400 333 458 513

1180 386 1669 447 EPISTOLARUM
1706 385 1986 443 CLASSIS
2022 386 2087 442 11.
2129 385 2346 443 EPlST.
2373 385 2508 443 CVI.
2560 388 2566 394 ’

3386 385 3494 442 5M

232 517 577 589 μεμνημένοι
600 513 755 588 ὑμῶν
775 552 790 577 ,
816 511 912 567 καὶ
933 490 1376 584 εὐχαριστοῦντες
1395 508 1533 579 ὑπὲρ
1556 507 1707 578 ὑμῶν
1729 505 1807 577 τῷ

1910 506 2032 561 licet
2086 503 2182 559 Dei
2234 506 2405 575 gratia
2460 518 2568 557 non
2622 500 2925 558 desinimus
2954 499 3123 557 vestri
3172 501 3490 557 ιιιοιιιίιιῑδιο

229 608 448 679 Κυρίῳ,
494 608 577 661 ὅτι
620 604 831 675 ἀγαθῆς
867 602 1022 675 ῥίζης
1059 600 1239 670 ἀγαθὰ
1276 599 1631 670 βλαστήματα
1664 599 1805 661 ἐστε,

227 699 489 770 ἔγκαρπα
514 699 624 760 τοῖς
654 695 878 765 ἀγαθοῖς
908 694 1111 766 ἔργοις,
1145 694 1240 747 καὶ
1283 692 1359 764 τῷ
1396 690 1510 744 δντι
1542 691 1617 753 ὡς
1650 690 1810 761 κρίνα

220 794 289 846 ἐν
322 794 474 862 μέσῳ
502 789 771 844 ἀκανθῶν.
806 789 878 841 Τὸ
911 789 1019 859 γὰρ
1053 787 1157 840 ὑπὸ
1187 786 1453 856 τοσαύτης
1482 783 1810 855 διαστροφῆς

226 882 343 937 τῶν
375 881 857 953 παραφθειρόντων
879 880 969 933 τὸν
1000 878 1153 947 λόγον
1179 878 1279 947 τῆς
1308 875 1563 948 ἀληθείας
1583 892 1809 947 περικυ-

228 974 537 1045 κλουμένας
587 971 944 1044 μὴ’ἐνδοῦναι
988 972 1121 1043 πρὸς
1156 972 1255 1035 τὰς
1295 971 1528 1033 ἀπάτας,
1576 970 1709 1041 μηδὲ
1748 969 1810 1021 τὸ

227 1064 595 1118 ἁποστολικὺν
644 1064 742 1133 τῆς
797 1061 1030 1123 πίστεως
1088 1062 1346 1131 κήρυγμα
1400 1058 1807 1120 καταλιπούσας

227 1156 372 1227 πρὸς
406 1157 507 1227 τὴν
551 1154 646 1210 νῦν
689 1153 1122 1218 ἐπιπολάζουσαν
1174 1150 1526 1220 καινοτομίαν
1582 1166 1811 1220 μετατε-

226 1247 395 1317 θῆναι
435 1247 567 1320 (48),
611 1248 729 1310 πῶς
756 1246 877 1317 οὐχὶ
927 1244 1168 1316 μεγάλης
1215 1244 1313 1315 μὲν
1367 1242 1501 1314 πρὸς
1544 1242 1634 1296 τὸν
1677 1240 1809 1295 Θεὸν

224 1338 583 1408 εὐχαριστίας
609 1338 779 1403 ἄξιον,
807 1336 1073 1407 μεγάλους
1096 1336 1151 1389 δὲ
1180 1336 1305 1405 ὑμῖν
1331 1332 1583 1396 ἐπαίνους
1603 1332 1808 1386 δικαιό-

222 1443 371 1480 τατα
391 1428 663 1497 προξενεῖ;
684 1428 776 1490 Et;
799 1427 1016 1498 Πατέρα
1036 1427 1129 1479 καὶ
1151 1426 1278 1479 Υίὸν
1299 1426 1391 1479 κα)¹
1412 1425 1564 1493 ἆγιον
1585 1424 1809 1495 Πνεῦμα

226 1520 665 1573 πεπιστεύκατε·
705 1519 778 1591 μὴ
803 1520 1045 1592 προδῶτε
1071 1519 1275 1591 ταύτην
1300 1519 1396 1589 τὴν
1420 1518 1810 1590 παρακαταθή-

145 1670 157 1680 .
223 1623 355 1678 κην.
402 1607 621 1677 Πατέρα
651 1607 749 1677 τὴν
779 1607 996 1659 πάντων
1033 1606 1225 1677 ἀρχήν·
1266 1604 1394 1657 Υἱδν
1438 1604 1718 1674 μονογενῆ,
1749 1602 1808 1669 ἐξ

222 1696 397 1750 αὐτοῦ
417 1695 764 1768 γεννηθέντα,
793 1695 1046 1765 ἀληθινὸν
1074 1695 1228 1758 Θεὸν,
1251 1694 1455 1746 τέλειον
1485 1696 1548 1746 ἐκ
1575 1694 1804 1756 τελείου,

220 1789 413 1842 εἰκόνα
447 1789 647 1853 ζῶσαν,
681 1788 799 1842 ὅλον
827 1788 1105 1840 δεικνύντα
1140 1789 1196 1840 ἐν
1235 1786 1413 1857 ἐαυτῷ
1448 1786 1538 1839 τὸν
1564 1786 1804 1857 Πατέραο

227 1880 456 1949 Πνεῦμα
486 1880 659 1948 ἅγιον,
696 1879 761 1930 ἐκ
802 1879 938 1932 Θεοῦ
959 1880 1059 1949 τὴν
1094 1877 1325 1950 ὓπαρξιν
1366 1877 1487 1947 ἕχον
1537 1876 1667 1946 (49).
1706 1876 1806 1965 τὴν
1837 1912 1877 1965 Β

229 1970 416 2043 πηγὴν
456 1972 555 2040 τῆς
602 1969 914 2039 ἁγιότητος,
969 1967 1196 2037 δύναμιν
1242 1966 1383 2036 ζωῆς
1435 1964 1800 2037 παρεκτικὴν,

224 2065 390 2135 χάριν
418 2062 763 2126 τελειοποιὸν,
799 2061 864 2114 δι’
900 2056 959 2115 οὗ
999 2060 1317 2113 υἰοθετεῖται
1356 2057 1661 2129 ἄνθρωπος,
1710 2057 1804 2109 καὶ

228 2154 693 2219 ἀπαθανατίζεται
732 2153 842 2225 (50)
874 2154 936 2206 τὸ
973 2152 1198 2224 θνητὸν,
1251 2157 1593 2222 συνημμένον
1633 2150 1805 2220 Πατρὶ

230 2245 329 2299 καὶ¹
360 2243 475 2315 Υἱῷ
495 2244 636 2298 κατά
656 2245 832 2298 πάντα
853 2247 910 2297 ἐν
932 2244 1057 2315 δόξῃ
1086 2245 1179 2297 καὶ
1199 2243 1478 2313 ἀῖδιότητι,
1502 2244 1559 2295 ἐν
1579 2242 1805 2312 δυνάμει

229 2336 328 2390 καὶ
359 2335 625 2407 βασιλείᾳ,
657 2338 715 2388 ἐν
737 2336 1023 2405 δεσποτεία
1047 2335 1139 2388 καὶ
1160 2334 1390 2406 θεότητι·
1424 2333 1500 2396 ὠς
1532 2333 1679 2403 καὶὴ
1712 2332 1804 2385 τοῦ

232 2426 504 2497 σωτηρίου
554 2425 920 2496 βαπτίσματος
966 2426 1257 2496 παράδοσις
1307 2428 1588 2497 μαρτυρεῖ.
1639 2425 1703 2477 Oi
1749 2423 1806 2476 δέ

226 2519 439 2588 κτίσμα
481 2517 728 2586 λέγοντες
766 2517 799 2589 ἢ
841 2518 932 2571 τὸν
974 2518 1099 2570 Υἱὸν
1139 2517 1171 2587 ἦ
1209 2517 1268 2569 τὸ
1312 2515 1557 2587 Πνεῦμα,
1598 2516 1630 2587 ἢ
1672 2515 1805 2579 ὅλως

230 2609 364 2662 αὐτὸ
405 2609 515 2679 (5!)
550 2612 629 2673 είς
685 2610 782 2681 τὴν
823 2609 1197 2682 λειτουργικὴν
1241 2610 1335 2663 καὶ
1376 2608 1627 2677 δουλικὴν
1678 2625 1808 2661 κατ-

225 2702 459 2771 άγοντες
490 2702 661 2767 τάξιν,
678 2703 892 2774 μακράν
925 2705 1029 2756 εἰσι
1059 2702 1159 2772 τῆς
1185 2700 1457 2773 ἀληθείας.
1484 2694 1556 2754 ὧν
1588 2701 1807 2768 φεύγειν

231 2796 498 2865 προσήκει
521 2794 620 2859 τὰς
640 2795 920 2859 κοινωνίας
945 2795 1039 2848 καὶ
1059 2793 1417 2865 ἐκτρέπεσθαι
1441 2794 1567 2856 τοὺς
1598 2792 1804 2861 λόγους,

233 2886 311 2949 ὡς
348 2885 649 2956 δηλητήρια
685 2885 815 2940 ὄντα
850 2885 1058 2955 ψυχῶν.
1088 2883 1212 2938 Ἐἀν
1246 2884 1302 2937 δέ
1340 2900 1468 2935 ποτε
1507 2881 1582 2953 δῷ
1619 2884 1748 2953 ἡμῖν
1780 2883 1809 2934 ὁ

230 2975 437 3047 Κύριος
461 2977 710 3045 γενέσθαι
737 2977 878 3031 κατά
913 2976 1127 3041 ταυτὸν,
1160 2974 1492 3045 πλατύτερον
1522 2976 1649 3044 ὑμῖν
1685 2975 1809 3038 τοὺς

227 3066 482 3137 περὶτῆς
505 3067 738 3129 πίστεως
760 3066 1100 3137 ἐκθησόμεθα
1125 3066 1330 3135 λόγους
1358 3064 1499 3118 ὣστε
1534 3067 1649 3127 μετ’
1674 3066 1809 3118 ἀπο-

227 3158 447 3223 δείξεων
473 3159 757 3231 γραφικῶν
781 3159 876 3213 καὶ
904 3159 963 3211 τὸ
989 3160 1088 3229 τῆς
1110 3159 1364 3228 ἀληθείας
1391 3158 1607 3228 ἰσχυρὸν
1633 3158 1811 3211 καὶτὸ

231 3252 332 3305 σαθ
342 3252 434 3323 ρον
462 3251 562 3321 τῆς
583 3251 843 3323 αἱρέσεως
874 3253 1014 3320 ὑμᾶς
1033 3250 1346 3320 ἐπιγνῶναι.

1927 608 1991 646 ac
2041 607 2140 662 pro
2176 594 2333 649 vobis
2381 592 2611 648 Domino
2643 593 2849 664 gratias
2874 607 3054 664 agere,
3083 592 3228 663 quod
3285 592 3490 648 radicis

1911 684 2067 738 bona:
2115 684 2255 738 bona
2326 685 2448 740 sitis
2527 686 2807 756 germina,
2860 685 3018 740 bonis
3079 684 3338 754 operibus
3410 683 3491 738 fe-

1910 775 2127 839 cunda,
2187 782 2242 829 et
2306 791 2430 830 vere
2468 783 2726 847 tanquam
2778 776 2891 830 lilia
2951 777 3006 830 in
3067 778 3247 831 medio
3300 776 3488 846 spina-

1907 880 2050 920 rum.
2084 865 2240 931 Quod
2272 867 2417 921 enim
2447 882 2571 922 cum
2628 875 2780 922 tanta
2808 868 3142 938 perversitas
3196 867 3484 922 hominum

1908 959 2157 1015 veritatis
2200 961 2503 1015 doctrinam
2536 962 2699 1031 200
2741 963 3209 1031 corrumpentium
3252 976 3349 1016 vos
3377 962 3487 1015 cir—

1909 1060 2163 1117 cumstet,
2218 1052 2445 1107 minime
2476 1059 2654 1107 tamen
2699 1052 2986 1107 fraudibus
3017 1052 3231 1117 ceditis,
3262 1067 3363 1107 nec
3415 1052 3485 1107 ad

1911 1148 2176 1212 vigentem
2224 1158 2371 1195 nunc
2429 1144 2725 1197 novitatem
2784 1143 2990 1197 relictis
3040 1142 3360 1214 apostolicis
3423 1141 3486 1196 fi-

1909 1235 1996 1289 dei
2037 1234 2384 1290 documentis
2440 1234 2874 1302 transferimini;
2924 1237 3199 1307 quomodo
3250 1251 3361 1292 non
3393 1235 3482 1290 di-

1908 1340 2075 1395 gnum
2109 1326 2221 1389 sit,
2286 1341 2386 1396 pro
2418 1340 2527 1395 quo
2560 1335 2742 1396 grates
2800 1342 3011 1397 magnae
3062 1326 3173 1381 Deo
3215 1327 3484 1398 agantur?

1907 1417 2180 1489 quomodo
2233 1433 2341 1472 non
2390 1432 2616 1489 magnas
2676 1417 2866 1474 laudes
2911 1418 3064 1473 vobis
3117 1420 3314 1473 merito
3346 1433 3479 1473 con-

1908 1511 2057 1565 ciliet
2090 1511 2115 1564 ?
2168 1509 2227 1566 In
2260 1511 2476 1566 Patrem
2525 1518 2579 1565 et
2612 1509 2808 1565 Filium
2841 1518 2895 1565 et
2924 1508 3186 1580 Spiritum
3231 1519 3478 1565 sanctum

1906 1603 2129 1658 creditis
2163 1620 2176 1656 :
2207 1611 2396 1657 cavete
2442 1617 2509 1657 ne
2551 1603 2655 1657 hoc
2706 1601 2950 1673 prodatis
2991 1602 3318 1671 depositum.
3374 1602 3478 1656 Pa-

1908 1702 2044 1746 trem
2096 1709 2280 1748 rerum
2332 1695 2573 1748 omniun
2623 1693 2990 1768 principium;
3045 1692 3243 1748 Filium
3288 1694 3479 1765 unige-

1908 1782 2102 1847 nitum,
2151 1797 2217 1838 ex
2275 1798 2340 1837 co
2367 1784 2609 1854 genitum
2635 1822 2651 1849 ,
2707 1799 2895 1838 verum
2929 1783 3097 1838 Deum
3125 1825 3140 1849 ,
3178 1785 3477 1855 perfectum

1907 1890 1973 1929 ex
2016 1875 2254 1946 perfecto
2281 1916 2297 1937 .
2328 1877 2614 1946 imaginem
2651 1878 2829 1932 vivam
2856 1916 2872 1941 ,
2937 1877 3152 1933 Patrem
3188 1885 3362 1931 totum
3421 1876 3477 1930 in

1904 1968 2197 2036 semetipso
2226 1969 2602 2022 ostendentem
2655 1984 2668 2021 :
2727 1970 2991 2039 Spiritum
3027 1980 3299 2035 sanctum,
3336 1969 3483 2023 exsi-

1904 2060 2158 2113 stentiain
2217 2076 2247 2114 a
2307 2060 2416 2115 Deo
2466 2060 2797 2126 habentem,
2861 2062 3176 2117 sanctitatis
3232 2061 3480 2121 fontem,

1904 2147 2012 2201 vim
2066 2150 2192 2203 vita:
2251 2150 2716 2215 conciliatriccm,
2763 2155 2993 2221 gratiam
3056 2151 3326 2222 perfectos
3371 2152 3484 2206 εω-

1904 2239 2181 2294 cientem:
2231 2255 2328 2311 per
2383 2257 2543 2311 quem
2591 2242 2756 2297 homo
2812 2243 2868 2297 in
2926 2242 3096 2297 lilium
3153 2245 3480 2315 adoptatur,

1903 2341 1956 2384 et
2006 2332 2057 2385 id
2122 2334 2265 2400 quod
2298 2335 2521 2390 mortale
2575 2344 2697 2400 est,
2760 2336 3172 2393 immortalitate
3202 2337 3478 2392 donatur:

1904 2423 2255 2491 conjunctum
2291 2424 2437 2480 Patri
2486 2439 2534 2484 et
2569 2427 2708 2483 Filio
2757 2429 2813 2482 in
2865 2430 3155 2494 omnibus,
3207 2432 3261 2483 in
3311 2431 3483 2499 gloria

1905 2525 1959 2569 et
2007 2520 2332 2599 mternitat‘e,
2388 2521 2444 2573 in
2488 2500 2758 2590 potestate
2811 2528 2865 2574 et
2896 2536 3108 2590 regno,
3158 2521 3211 2573 in
3242 2521 3484 2575 dominio

1904 2615 1960 2662 et
1991 2609 2313 2675 divinitate,
2370 2611 2825 2679 quemadmodum
2872 2622 2926 2666 et
2959 2613 3076 2682 ipsa
3140 2610 3484 2680 baptismatis

1907 2703 2175 2759 salutiferi
2230 2705 2452 2758 traditio
2514 2713 2767 2761 testatur.
2820 2706 2892 2758 At
2941 2720 3068 2759 vero
3116 2705 3209 2776 qui
3256 2712 3349 2758 aut
3389 2701 3483 2758 Fi-

1907 2795 2039 2848 lium
2094 2803 2186 2849 aut
2240 2794 2500 2867 Spiritum
2559 2797 2751 2851 dicunt
2798 2811 2921 2852 esse
2968 2804 3317 2860 creaturam,
3383 2805 3480 2849 aut

1907 2885 2130 2940 omnino
2165 2885 2430 2956 Spiritum
2463 2889 2518 2942 in
2550 2888 2926 2943 ministrorum
2976 2902 3041 2941 ac
3074 2902 3357 2943 servorum
3398 2901 3483 2939 re-

1909 2977 2102 3047 digunt
2144 2979 2436 3044 ordinem,
2497 2981 2657 3050 longe
2706 2981 2904 3035 absunt
2959 2995 2991 3034 a
3022 2980 3484 3049 veritate;’quo-

1910 3083 2030 3121 rum
2090 3068 2344 3140 fugienda
2400 3072 2714 3125 communio
2770 3088 2834 3125 ac
2899 3087 3181 3126 sermones
3238 3069 3484 3135 vitandi,

1909 3163 2057 3216 velut
2112 3164 2418 3216 animarum
2467 3163 2759 3233 pernicies.
2810 3163 2968 3230 Quod
3017 3164 3064 3219 si
3099 3177 3337 3232 unquam
3387 3160 3477 3215 Do-

1834 3248 1876 3302 C
1910 3253 2059 3307 mino
2114 3253 2375 3324 largiente
2410 3254 2465 3308 in
2523 3269 2691 3309 unum
2740 3260 3024 3310 veniamus
3050 3294 3067 3321 ,
3097 3254 3273 3309 fusius
3299 3253 3455 3309 vobis

221 3359 355 3398 eum
390 3344 458 3396 de
489 3344 591 3397 fide
611 3346 916 3410 disseram;
952 3344 1087 3398 adeo
1130 3352 1189 3397 ut
1222 3359 1289 3398 ex
1317 3342 1565 3398 deductis
1591 3358 1621 3398 e
1656 3341 1939 3412 Scriptura
1977 3346 2539 3403 demonstrationibus
2602 3355 2718 3401 tum
2780 3347 3029 3403 veritatis
3052 3348 3161 3403 vim
3203 3356 3318 3401 tum
3376 3345 3462 3400 bl:

232 3440 369 3493 resis
388 3436 729 3491 debilitatem
760 3435 1126 3507 perspiciatis.

759 3592 1106 3646 EIIIETOAH
1145 3593 1283 3658 Ρςῖο.

2438 3587 2776 3645 El’lSTOLA
2814 3588 2973 3646 (ΝΡ.

233 3709 438 3759 ﬂuitem
458 3708 686 3758 minus
710 3705 961 3758 virtutibus
984 3705 1244 3771 prwditum
1273 3703 1671 3816 Basiliuslindsua
1692 3703 2074 3816 peregriquiqqe
2094 3710 2392 3815 canerent.
2423 3706 2567 3755 Nunc
2590 3711 2796 3768 acceptae
2813 3704 2873 3755 ab
2893 3717 2951 3755 eo
2968 3702 3183 3763 epistola:
3213 3702 3470 3770 respondet

1451 3782 1478 3816 ε
1519 3782 1549 3816 a
1608 3780 1892 3816 nerseveran
1916 3780 1995 3816 ian
2050 3780 2120 3816 ιον
2193 3780 2270 3815 ur.

1451 3780 1496 3818 ει
1519 3780 1583 3817 αα
1606 3780 1691 3830 per
1694 3780 2011 3818 severanuam
2033 3780 2120 3816 ιιον
2125 3780 2270 3815 tatur.

844 3880 1199 3944 Στρατιωτῃ.

317 3966 493 4037 ’Υπὲρ
518 3964 726 4018 πολλῶν
755 3965 969 4035 ἔχοντες
1006 3966 1347 4036 εὐχαριστεῖν
1385 3964 1461 4035 τῷ
1492 3965 1701 4037 Κυρίῳ,
1735 3958 1809 4018 ὧν

230 4058 330 4112 καὶ
352 4056 668 4128 ἠξιώθημεν
697 4060 824 4128 παρ’
849 4056 1012 4110 αὑτοῦ
1040 4058 1133 4109 ἐπὶ
1162 4058 1261 4128 τῆς
1307 4057 1597 4127 ἐπιδημίας
1632 4055 1807 4127 ἡμῶν,

237 4145 494 4216 μέγιστον
535 4143 738 4212 ἀγαθὸν
768 4145 1062 4216 ἐκρίναμεν
1095 4144 1191 4215 τὴν
1229 4145 1429 4213 γνῶσιν
1460 4148 1559 4215 τῆς
1592 4146 1688 4215 σῆς
1726 4161 1809 4197 τι-

234 4238 513 4308 μιότητος,
542 4238 655 4307 τὴν-
676 4240 826 4309 παρά
860 4237 954 4290 τοῦ
992 4237 1197 4306 ἀγαθοῦ
1235 4239 1501 4291 Δεσπότου
1536 4254 1811 4308 παρασχε-

235 4330 420 4384 θεῖσαν
449 4331 602 4400 ἡμῖν.
638 4331 920 4399 Ἔγνωμεν
947 4330 1054 4399 γὰρ
1084 4329 1248 4400 ἄνδρα
1283 4329 1581 4391 δεικνύντα,
1608 4329 1689 4381 ὅτι
1713 4329 1808 4381 καὶ

234 4424 297 4475 ἐν
346 4420 424 4492 τῷ
476 4421 849 4492 στρατιωτικῷ
904 4420 1001 4491 βίῳ
1051 4422 1276 4473 δυνατὸν
1328 4421 1426 4491 τῆς
1485 4420 1621 4490 πρὸς
1675 4419 1808 4472 Θεὸν

2605 3870 2792 3925 Militi.

1985 3965 2121 4020 Cum
2162 3981 2260 4036 pro
2284 3966 2471 4021 multis
2502 3965 2733 4021 debeam
2782 3972 2968 4036 grates
3015 3963 3249 4019 Domino
3274 3965 3469 4035 persol—

1914 4077 2041 4115 vere
2066 4101 2080 4124 ,
2117 4074 2237 4130 quae
2268 4059 2337 4112 ab
2376 4072 2441 4112 eo
2476 4059 2530 4111 in
2591 4071 2709 4110 mea
2773 4056 3210 4126 peregrinatione
3258 4056 3482 4125 accepi,

1915 4153 2119 4207 bonum
2180 4151 2474 4204 maximum
2537 4148 2821 4217 judicavi,
2877 4146 3023 4217 quod
3076 4148 3205 4202 boni
3270 4147 3483 4202 Domini

1915 4244 2060 4299 dono
2097 4242 2468 4314 praestantiam
2514 4249 2666 4293 tuam
2706 4240 3077 4310 cognoverim.
3111 4239 3297 4294 Virum
3337 4241 3483 4295 enim

1914 4337 2175 4405 cognovi,
2208 4334 2303 4404 qui
2336 4332 2390 4386 in
2424 4332 2646 4385 militari
2681 4331 2847 4384 etiam
2893 4332 2999 4385 vita
3038 4331 3339 4402 perfectum
3389 4331 3485 4387 Dei

1914 4443 2154 4482 amorem
2202 4435 2256 4480 et
2288 4424 2609 4480 cliaritatem
2649 4423 2855 4478 servari
2904 4439 3065 4494 posse
3090 4461 3106 4486 ,
3139 4434 3191 4478 et
3220 4423 3487 4478 Christia-

237 4511 457 4580 ἀγάπης
484 4510 544 4562 τὸ
570 4509 772 4562 τέλειον
804 4509 1083 4562 διασῶσαιο
1117 4512 1211 4562 καὶ
1237 4510 1317 4561 ὅτι
1345 4511 1445 4561 οὐκ
1478 4509 1535 4559 ἐν
1565 4512 1632 4578 τῇ
1655 4525 1809 4579 περι-

1914 4535 2042 4573 num
2073 4534 2180 4572 non
2208 4533 2275 4571 ex
2301 4516 2609 4572 vestimenti
2649 4514 2820 4568 forma
2843 4555 2856 4577 ,
2881 4514 2974 4569 sed
2999 4531 3063 4569 ex
3098 4516 3263 4569 animi
3295 4515 3483 4569 habitu

234 4601 366 4671 δολῇ
391 4601 494 4670 τῆς
532 4599 776 4671 ἐσθῆτος,
809 4600 922 4654 ἀλλ’
949 4603 1007 4653 ἐν
1042 4604 1106 4672 τῇ
1154 4601 1387 4653 διαθέσει
1434 4602 1533 4669 τῆς
1575 4601 1749 4671 ψυχῆς
1783 4602 1811 4653 ὁ

237 4687 562 4758 Χριστιανὸς
598 4687 800 4755 ὀφείλει
844 4688 1368 4759 χαρακτηρίξεσθαι.
1412 4690 1523 4743 Καὶ
1563 4690 1684 4741 τότε
1719 4684 1811 4742 οὖν

235 4778 377 4848 μετά
417 4778 599 4849 πάσης
652 4780 943 4850 ἐπιθυμίας
995 4780 1354 4852 συνετύχομέν
1404 4798 1505 4834 σοι’
1554 4781 1649 4835 καὶ
1695 4781 1810 4847 νῦν,

235 4867 426 4931 ὁσάκις
452 4868 519 4921 ἂν
542 4871 621 4933 είς
648 4871 869 4941 μνήμην
894 4870 1157 4941 ἔλθωμεν,
1182 4872 1442 4942 μεγίστης
1471 4870 1812 4941 ἀπολαύομεν

236 4958 594 5030 εὐφροσύνης.
628 4960 902 5030 Ἀνδρίζου
920 4962 1120 5026 τοίνυν,
1145 4963 1239 5016 καὶ
1260 4964 1429 5033 ἴσχυε,
1450 4963 1540 5015 καὶ
1562 4961 1656 5027 τὴν
1679 4962 1814 5033 πρὸς

235 5048 369 5102 Θεὸν
394 5050 617 5120 ἀγάπην
640 5052 861 5123 τρέφειν
907 5055 1000 5106 καὶ
1040 5053 1491 5117 πολυπλασιάζειν
1528 5055 1614 5107 ἀεὶ
1646 5054 1812 5106 σπού-

235 5140 384 5205 δαζε,
418 5141 507 5193 ἶνα
534 5158 615 5195 σοι
639 5145 733 5195 καὶ
762 5147 792 5214 ἡ
827 5144 934 5196 τῶν
963 5144 1180 5213 ἀγαθῶν
1214 5145 1344 5215 παρ’
1379 5144 1543 5198 αὐτοῦ
1582 5147 1814 5215 χορηγία

239 5233 330 5285 ἐπὶ
360 5234 546 5303 μεῖξον
579 5235 764 5307 προΐῃ.
802 5237 922 5289 ’Ότι
950 5236 1007 5289 δέ
1039 5238 1132 5289 καί⁹
1158 5237 1316 5307 ἡμῶν
1341 5236 1638 5307 μέμνησαι,
1664 5236 1814 5289 οὐδε-

241 5324 368 5391 μιᾶς
419 5324 613 5396 ἐτέρας
657 5325 981 5391 ἀποδείξεως
1026 5326 1414 5397 προσδεόμεθα,
1463 5329 1561 5399 τὴν
1601 5329 1665 5380 ἐκ
1707 5328 1813 5382 τῶν

240 5416 583 5486 πραγμάτων
611 5415 824 5486 ἔχοντες
855 5417 1175 5488 μαρτυρίαν.

309 5531 423 5602 (48)
462 5532 884 5601 Μετατεθῆγαι.
937 5532 1091 5587 Hanc
1131 5546 1316 5586 vocem
1343 5573 1357 5595 ,
1394 5547 1517 5603 quae
1565 5533 1718 5589 deest
1757 5535 1815 5589 in

240 5603 430 5674 editis,
452 5604 570 5655 erui
602 5618 668 5656 ex
700 5619 837 5659 mss.
867 5606 1127 5674 quinque.
1174 5602 1419 5668 Quidam
1452 5603 1671 5660 codices
1720 5607 1815 5660 ba-

240 5672 600 5741 bentiibidem
633 5672 983 5741 κενοφωνίαν,
1020 5672 1154 5726 rana
1190 5685 1502 5727 commenta.

312 5740 424 5815 μθ)
466 5740 951 5815 ’ξΥπαρεινέχρκ
978 5744 1204 5815 Quidam
1227 5743 1443 5798 codices
1482 5744 1743 5815 ὕπαρχον.

311 5813 426 5883 (50)
475 5811 1002 5875 Ἀπαθανατίζεται.
1057 5812 1148 5868 Sic
1198 5826 1331 5867 mss.
1393 5811 1814 5872 codices."Editi

1913 4610 2158 4681 dignosci
2206 4609 2405 4663 debere
2436 4609 2792 4662 demonstrat.
2827 4606 2891 4661 Et
2961 4616 3091 4660 tunc
3118 4607 3282 4677 igitur
3310 4606 3485 4683 liben—

1913 4703 2122 4757 tissime
2155 4716 2275 4755 sum
2330 4707 2508 4754 tecum
2545 4714 2877 4769 congressus
2905 4718 2918 4753 :
2949 4707 3003 4754 et
3047 4714 3193 4753 nunc
3218 4738 3233 4762 ,
3270 4699 3484 4767 quoties

1912 4791 2194 4854 recordor,
2231 4790 2467 4843 maxima
2500 4788 2651 4842 fruor
2687 4788 2985 4858 voluptate.
3028 4787 3215 4858 Itaque
3262 4796 3484 4842 strenue

1914 4896 2046 4951 age,
2082 4891 2146 4951 Aet
2195 4881 2585 4943 corr‘oborare,
2625 4885 2680 4933 et
2732 4877 2825 4931 Dei
2869 4892 3105 4931 amorem
3157 4877 3369 4931 nutrire
3421 4892 3485 4930 ac

1915 4948 2116 5044 augere
2150 4988 2365 5042 semper
2396 4973 2589 5036 stude,
2619 4980 2676 5025 ut
2701 4978 2755 5025 et
2789 4971 2880 5025 tibi
2907 4972 3174 5025 bonorum
3198 4970 3267 5024 ab
3304 4984 3368 5023 eo
3394 4985 3486 5023 co-

1915 5069 2003 5136 pia
2023 5076 2323 5121 accrescat.
2357 5065 2518 5119 Nullo
2541 5073 2723 5118 autem
2754 5064 2971 5133 indigeo
3000 5073 3340 5133 argumento,
3378 5079 3488 5132 quo

1914 5167 1968 5212 te
1992 5159 2096 5212 mei
2120 5172 2418 5212 memorem
2452 5172 2575 5212 esse
2602 5156 2853 5223 edocear,
2876 5170 2999 5209 cum
3028 5169 3119 5210 res
3147 5154 3278 5224 ipsae
3304 5155 3486 5224 perlui-

1914 5248 2082 5305 beant
2112 5249 2513 5305 testimonium.

1917 5532 2387 5597 ἐπαθανατίζεται.

1988 5605 2101 5675 (51)
2139 5596 2313 5657 Am.
2344 5603 2433 5675 Sic
2476 5601 2781 5675 invenimus
2811 5601 2883 5675 in_
2898 5600 3076 5675 tribus
3106 5596 3491 5675 vetustissimis

1918 5665 2202 5728 codicibus
2245 5682 2299 5727 ct
2341 5673 2464 5728 aliis
2514 5672 2809 5726 nonnullis.
2846 5670 2984 5725 Editi
3021 5669 3236 5734 αὐτούς,
3289 5665 3492 5727 Filium

1917 5753 1967 5798 et
1997 5743 2272 5813 Spiritum.

1998 5821 2014 5838 ‘
2038 5810 2199 5869 'Alias
2225 5810 2430 5881 CDVlI,
2465 5812 2667 5883 scripta
2700 5826 2842 5865 anno
2864 5810 2988 5865 572.
