3988 6194
320 342 429 428 διὴ

1264 366 1755 425 EPISTOLABUM
1795 365 2081 425 CLASSIS
2115 363 2180 421 ιι.
2220 364 2441 421 EPIST.
2480 361 2618 421 CIX.

3477 366 3581 422 MS

320 487 421 538 καὶ
451 498 768 554 πρεποντων
804 484 871 555 τῇ
908 485 973 555 σῇ
1017 481 1300 557 ἐλευθερίᾳ
1338 485 1682 554 ὑποσχέσεων
1718 484 1905 537 ἐπιλα-

2009 480 2440 552 promissionum
2507 495 2572 535 ac
2621 479 2935 535 liberalitati
2981 488 3087 534 tuae
3138 480 3579 538 convenientium

322 579 573 649 ὑόμενος,
616 578 712 632 νῦν
754 578 1121 650 σφοδροτάτην
1158 579 1250 631 καὶ
1279 580 1647 650 ἀπαραίτητον
1678 579 1901 644 ἐπάγεις

317 669 422 741 τὴν
444 670 741 741 ἀπαίτησιν
779 672 843 740 τῇ
868 670 1068 741 ἀδελφῇ
1100 672 1247 742 τῇδε
1273 672 1368 723 καὶ
1395 670 1447 722 τί
1479 671 1683 723 εἰκάσω
1705 671 1768 723 ἐκ
1792 670 1901 723 τῶν

317 759 652 830 λεγομένων,
691 761 791 813 οὑκ
826 760 952 829 ἔχω.
998 762 1086 812 Σοί
1119 779 1176 814 τε
1217 761 1324 831 γὰρ
1363 760 1560 830 πολλὴν
1598 761 1745 830 παρά
1792 759 1901 813 τῶν

320 847 742 917 πεπειραμένων
761 866 853 900 σου
874 850 1321 920 μαρτυρουμένην
1343 849 1648 921 ἐλευθερίαν
1664 850 1897 910 σύνοιδα,

320 938 418 991 καὶ
449 937 556 989 τῶν
588 938 933 1008 ὑποσχέῑεών
973 956 1065 992 σου
1117 940 1398 1011 μέμνημαι
1420 935 1494 995 ὧν
1525 941 1784 1011 ἐποίησας
1815 942 1901 994 ἐπ’

317 1026 458 1097 ἐμοῦ
509 1029 601 1080 καὶ
639 1028 791 1081 τοῦδε
833 1029 966 1100 (57)’
1005 1029 1178 1097 λέγων
1215 1031 1470 1084 ἐλάττονα
1526 1032 1624 1101 μὲν
1669 1032 1900 1101 γράφειν

318 1118 542 1188 χρόνον,
588 1117 805 1172 πλείονα
838 1118 894 1171 δὲ
937 1122 1330 1191 συγχωρήσειν,
1363 1121 1446 1174 διὰ
1479 1121 1540 1174 τὸ
1568 1121 1676 1192 (58)
1721 1120 1902 1190 βούλε-

320 1207 449 1260 σθαι
498 1208 1000 1279 συμπεριφέρεσθαι
1043 1213 1109 1280 τῇ
1155 1212 1365 1282 ἀνάγκῃ
1406 1211 1499 1264 τοῦ
1545 1212 1897 1283 πράγματος,

320 1299 421 1351 καὶ
443 1300 771 1370 συγγνώμην
802 1302 1058 1371 παρέχειν
1087 1304 1153 1372 τῇ
1193 1301 1449 1374 ἐλευθέρᾳ
1484 1303 1897 1374 ἅναγκαζομένῃ

315 1388 572 1441 τοσοῦτον
594 1389 805 1460 ἀθρόως
831 1393 895 1443 ἐκ
924 1392 1021 1462 τῆς
1052 1393 1228 1455 οἰκίας
1251 1394 1531 1464 προΐεσθαι
1558 1395 1763 1464 χρῆμα.
1804 1395 1901 1458 Τίς

313 1475 414 1533 οὖν
448 1482 481 1553 ἡ
510 1482 655 1534 αἰτία
673 1483 740 1534 δι’
774 1483 841 1553 ἣν
869 1485 900 1554 ἡ
932 1484 1166 1555 τοσαύτη
1210 1485 1475 1555 μεταϐολὴ
1510 1486 1750 1554 γέγονεν,
1789 1485 1899 1554 ἐγὼ

313 1571 461 1623 νοεῖν
480 1569 579 1622 οὑκ
601 1569 726 1639 ἔχω.
769 1570 913 1642 Πλὴν
947 1572 1080 1640 ὅπερ
1118 1572 1183 1625 ἂν
1223 1568 1292 1645 ᾖ,
1332 1571 1631 1642 παρακαλῶ
1671 1589 1760 1634 σε,
1805 1588 1899 1641 με-

317 1663 597 1733 μνημένον
634 1664 732 1732 τῆς
770 1662 995 1716 σεαυτοῦ
1031 1662 1483 1734 ἐλευθεριότητος,
1516 1664 1610 1715 καὶ
1639 1663 1774 1735 πρὸς
1807 1664 1897 1716 τὸν

313 1753 525 1824 Κύριον
545 1754 803 1806 ἀπιδόντα
834 1753 924 1807 τὸν
945 1753 1140 1823 ἀμειῦό
1147 1771 1304 1823 μενον
1324 1752 1421 1816 τὰς
1445 1752 1685 1823 χρηστὰς
1709 1769 1898 1825 προαι-

2002 575 2234 629 oblitum
2258 613 2274 638 ,
2311 588 2463 627 nunc
2496 574 2623 627 huic
2663 573 2842 627 sorori
2875 572 3333 627 violentissimam
3378 590 3444 630 ac
3478 576 3581 630 im-

2002 666 2324 737 placabilem
2355 666 2698 721 exactionem
2742 662 2946 720 inferre
2983 685 2996 721 :
3043 673 3098 721 et
3130 667 3258 737 quid
3291 667 3579 738 conjicinm

2001 770 2066 810 ex
2100 755 2184 808 his
2216 769 2338 824 quae
2368 754 2646 815 dicuntur,
2675 755 2882 808 nescio.
2912 752 3044 807 Nam
3075 766 3130 809 et
3162 756 3259 809 tibi
3289 757 3580 824 plurimam

2002 861 2195 900 eorum
2220 886 2235 910 ,
2280 848 2374 916 qui
2410 846 2486 901 tui
2520 846 2820 917 periculum
2854 846 3065 910 fecere,
3098 848 3414 902 testimonio
3455 848 3584 902 libe-

2001 940 2277 992 ralitatem
2333 938 2449 991 scio
2485 937 2746 1004 attribui,
2775 946 2830 991 et
2874 939 3268 1008 promissorum
3324 939 3577 1001 memini,

2001 1030 2204 1099 quibus
2236 1037 2286 1082 te
2314 1044 2499 1082 coram
2531 1043 2619 1083 me
2647 1038 2700 1082 et
2727 1029 2819 1083 illo
2855 1030 3241 1084 obstrinxisti:
3273 1045 3396 1083 cum
3429 1029 3581 1085 dice-

2000 1133 2089 1173 res
2117 1126 2334 1188 tempus
2363 1118 2584 1189 quidem
2617 1119 2838 1175 brevius
2885 1120 3086 1187 scribi,
3124 1120 3220 1175 sed
3253 1128 3306 1175 te
3346 1121 3580 1192 amplius

2001 1224 2529 1274 concessurum,eo
2557 1211 2701 1279 quod
2749 1218 2802 1264 te
2848 1212 3015 1266 velles
3061 1211 3127 1264 ad
3176 1214 3251 1265 rei
3282 1213 3580 1268 necessita-
3651 1196 3659 1213 ﬁ

1999 1308 2107 1356 tem
2141 1303 2560 1358 accommodare
2584 1344 2599 1367 ,
2625 1312 2678 1356 et
2720 1302 2849 1356 huic
2876 1304 3054 1358 vidua:
3104 1305 3387 1373 ignoscere
3407 1345 3421 1370 ,
3456 1320 3578 1375 qua:

1999 1398 2209 1444 tantam
2242 1392 2403 1446 simul
2432 1393 2677 1459 pecunias
2710 1406 2983 1447 summam
3028 1408 3059 1447 e
3088 1393 3253 1447 domo
3289 1410 3385 1449 sua
3419 1395 3577 1449 emit--

1999 1489 2117 1536 tere
2162 1483 2398 1552 cogitur.
2438 1481 2701 1548 Qumnam
2738 1493 2919 1537 autem
2963 1500 3167 1547 causa.
3205 1501 3307 1540 cur
3351 1488 3578 1541 mutatio

1998 1582 2148 1628 tanta
2186 1576 2507 1644 contigerit,
2536 1590 2637 1644 ego
2659 1576 2964 1646 intelligere
2998 1592 3107 1631 non
3148 1594 3312 1648 queo.
3343 1580 3410 1632 At
3438 1596 3579 1649 quaa-

1999 1681 2215 1735 cunque
2269 1667 2433 1720 fuerit
2473 1708 2488 1731 ,
2537 1683 2671 1736 rogo
2723 1675 2810 1729 te,
2859 1679 2915 1721 ut
2947 1677 3052 1723 tute
3096 1670 3437 1724 liberalitatis
3466 1686 3581 1723 me-

2000 1771 2139 1823 mor,
2172 1763 2227 1811 et
2258 1756 2325 1809 ad
2359 1755 2646 1810 Dominum
2679 1757 2837 1811 bona:
2860 1759 3160 1813 voluntatis
3203 1770 3581 1814 remunerato-

317 1842 524 1913 ρέσεις,
563 1844 744 1897 δοῦναι
781 1844 871 1898 τὸν
913 1845 1100 1915 καιρὸν
1137 1844 1195 1897 ὃν
1232 1844 1289 1910 ἐξ
1319 1844 1491 1915 ἀρχῆς
1525 1844 1761 1914 ὑπέσχου
1800 1844 1899 1914 τῆς

1999 1862 2114 1901 rem
2161 1848 2501 1917 respiciens,
2539 1858 2755 1917 tempus
2806 1850 2966 1919 202
3024 1850 3362 1906 induciarum
3421 1853 3578 1906 initio

312 1936 577 2002 ἀνέσεως,
614 1937 702 1991 ἵνα
739 1937 1030 2008 δυνηθῶσι,
1073 1936 1534 2007 συμπωλήσαντες
1564 1936 1631 1990 τά
1659 1937 1893 2003 ἑαυτῶν,

311 2024 565 2080 διαλῦσαι
585 2028 644 2080 τὸ
663 2028 840 2099 χρέοςς
883 2029 1050 2099 Δῆλον
1074 2028 1150 2087 δὲ,
1178 2028 1258 2080 ὅτι
1285 2028 1550 2080 κάκείνων
1580 2029 1895 2096 μέμνημαι,

312 2117 401 2170 ὅτι
423 2116 683 2188 ὑπέσχου,
720 2120 768 2170 εί
795 2118 979 2182 λάϐοις
1008 2118 1068 2171 τὸ
1091 2118 1422 2189 ὁμολογηθὲν
1448 2119 1689 2190 χρυσίον,
1720 2121 1896 2173 πάντα

310 2207 387 2261 τὰ
426 2207 832 2279 ὁμολογηθέντα
874 2210 1091 2280 χαρτία,
1130 2208 1223 2263 καὶ
1256 2207 1323 2261 τά
1354 2210 1444 2261 ἐπὶ
1475 2208 1584 2261 τῶν
1620 2209 1894 2278 ἀρχόντων

314 2297 652 2369 πραχθέντα,
689 2301 781 2353 καὶ
820 2300 889 2353 τά
927 2299 1208 2363 ἰδιωτικῶς
1238 2300 1506 2369 γενόμενα
1548 2300 1682 2369 (59),
1728 2317 1897 2370 παρα-

311 2386 508 2441 δώσειν
549 2391 613 2460 τῇ
657 2390 1049 2461 προειρημένῃ.
1098 2389 1409 2460 Παρακαλῶ
1452 2386 1565 2455 οῦν,
1608 2392 1702 2443 καὶ¹
1748 2392 1895 2461 ἡμᾶς

312 2477 567 2550 τίμησόν,
599 2481 691 2534 καὶ
721 2482 915 2552 κτῆσαι
952 2481 1101 2552 παρά
1124 2480 1202 2552 τῷ
1232 2481 1420 2553 Κυρίῳ
1451 2482 1692 2552 μεγάλην
1716 2482 1895 2553 ἐαυτῷ

312 2569 596 2637 εὐλογίαν,
650 2572 1019 2642 ἀναμνησθεὶς
1072 2570 1180 2624 τῶν
1236 2572 1463 2626 σεαυτοῦ
1518 2573 1891 2643 ὑποσχέσεων,

312 2662 620 2731 γινώσκων,
649 2665 731 2717 ὃτι
754 2664 1035 2736 ἄνθρωπος
1057 2659 1127 2728 εί,
1155 2666 1250 2718 καὶ
1285 2665 1445 2728 αὐτὸς
1468 2666 1576 2737 (60)
1606 2667 1895 2737 ἀναμένειν

311 2751 551 2819 ὀφείλεις
586 2754 712 2817 τοὺς
747 2757 971 2826 καιροὺς
1009 2757 1065 2807 ἐν
1104 2748 1186 2816 οἷς
1221 2754 1460 2827 δεηθήσῃ
1497 2756 1595 2827 τῆς
1625 2758 1773 2828 παρά
1800 2756 1893 2811 τοῦ

312 2843 450 2897 Θεοῦ
474 2845 833 2916 ἀντιλήψεως·
866 2848 932 2918 ῆν
967 2848 1040 2919 μὴ
1074 2848 1402 2920 ἀποκλείσῃς
1440 2848 1651 2918 σεαυτῷ
1680 2848 1767 2902 διὰ
1796 2850 1894 2919 τῆς

313 2936 599 3008 παρούσης
624 2938 986 3010 σκληρότητος
1012 2958 1027 2971 ο
1060 2940 1175 2994 ἀλλ’
1194 2941 1510 3013 εὐτρέπισον
1543 2943 1670 3004 τοὺς
1699 2944 1896 3011 οίκτιρ-

317 3029 451 3096 μοὺς
497 3030 591 3084 τοῦ
632 3031 767 3085 Θεοῦ
809 3032 903 3084 ἐπὶ
941 3033 1157 3093 σαυτόν.
1205 3034 1385 3087 πᾶσαν
1423 3033 1763 3104 χρηστότητα
1801 3035 1894 3088 καὶ

312 3122 613 3177 ἐπιείκειαν
632 3126 745 3187 τοῖς
774 3126 1270 3195 καταπονουμένοις
1292 3125 1715 3195 ἐπιδειξάμενος.

853 3279 1207 3333 ΕΠΙΣΤΟΛΗ
1246 3279 1368 3332 PG’.

1998 1938 2332 2007 promissum
2377 1938 2696 1993 concedas:
2746 1948 2805 1993 ut
2863 1941 3077 2009 possint
3129 1945 3366 1999 venditis
3410 1945 3579 1998 rebus

1998 2031 2115 2085 suis
2144 2030 2387 2085 debitum
2433 2031 2755 2086 dissolvere.
2784 2031 2919 2086 Illud
2947 2035 3109 2088 etiam
3154 2037 3324 2104 probe
3354 2037 3577 2090 memini

1997 2121 2304 2192 pollicitum
2336 2129 2388 2177 te
2419 2136 2571 2186 esse,
2610 2123 2657 2177 si
2690 2138 2887 2177 aurum
2908 2164 2923 2188 ,
2958 2124 3027 2179 de
3065 2140 3175 2195 quo
3203 2135 3573 2191 convenerat,

1999 2210 2311 2279 acciperes,
2343 2211 2568 2267 chartas
2597 2227 2789 2268 omnes
2811 2254 2826 2276 ,
2853 2222 2966 2267 tum
2992 2230 3086 2269 eas
3117 2231 3239 2285 qum
3269 2231 3450 2272 coram
3480 2217 3581 2285 ju-

1997 2300 2234 2367 dicibus,
2266 2312 2381 2357 tum
2414 2318 2536 2371 quae
2575 2305 2828 2374 privatim
2870 2306 3163 2367 confectae.
3200 2308 3412 2361 mulieri
3438 2323 3577 2377 pra:-

1997 2392 2158 2448 dictae
2204 2393 2558 2449 traditurum.
2605 2393 2852 2450 Obsecro
2879 2396 3094 2465 itaque,
3131 2407 3185 2451 et
3225 2398 3358 2452 mihi
3400 2398 3575 2452 hono-

1997 2499 2112 2540 rem
2144 2485 2317 2548 defer,
2343 2494 2398 2541 et
2427 2501 2680 2556 magnam
2731 2488 2829 2541 tibi
2863 2488 3006 2557 apud
3063 2488 3351 2543 Dominum
3401 2489 3573 2544 bene-

1997 2577 2304 2631 dictionem
2333 2592 2593 2647 compara
2615 2618 2630 2642 ,
2665 2578 2720 2632 in
2748 2580 3067 2633 memoriam
3106 2583 3375 2649 promissa
3415 2595 3575 2635 revo-

1998 2681 2174 2730 cans,
2208 2676 2369 2736 teque
2405 2666 2682 2720 bominem
2723 2682 2847 2722 esse
2893 2682 3267 2738 cognoscens,
3319 2684 3384 2723 ac
3432 2676 3575 2723 tem-

1996 2772 2133 2827 pora
2191 2757 2284 2810 illa
2328 2765 2652 2826 exspectare
2709 2756 2908 2811 debere
2939 2796 2953 2817 .
3007 2758 3210 2826 quibus
3243 2773 3346 2826 ope
3390 2759 3572 2813 divina

1997 2850 2291 2921 indigebis.
2325 2848 2498 2915 Quam
2546 2849 2768 2919 quidem
2822 2849 2929 2904 tibi
2953 2850 3068 2918 ipse
3118 2865 3213 2917 per
3248 2860 3572 2919 praesentem

1997 2942 2260 2997 duritiam
2308 2955 2378 2996 ne
2438 2939 2853 2994 intercluseris:
2890 2939 2983 2993 sed
3021 2939 3430 2995 misericordias
3478 2938 3573 2993 Dei

2000 3034 2056 3088 in
2086 3034 2325 3103 teipsum
2360 3040 2657 3095 converte,
2693 3031 3086 3101 benignitatem
3132 3045 3351 3084 omnem
3381 3038 3434 3084 et
3458 3029 3573 3085 cle-

1999 3126 2263 3179 mentiam
2289 3123 2506 3179 alllictis
2529 3123 2936 3178 demonstrans.

2510 3274 2849 3332 EPISTOLA
2888 3274 3043 3331 CIX‘.

314 3437 463 3502 Rogat
486 3435 700 3487 Basilius
721 3433 1001 3486 Helladium
1022 3432 1256 3502 comitem.
1284 3448 1331 3483 ut
1357 3445 1454 3502 sua.
1468 3432 1602 3497 apud
1621 3430 2091 3502 prazfectumrgratia
2113 3429 2519 3502 vidunm'tueatur
2533 3442 2678 3502 aqua:
2697 3436 2877 3494 prwter
2898 3435 3077 3480 sortem
3095 3426 3239 3480 etiam
3257 3442 3430 3479 usuras
3457 3428 3573 3481 red-

1187 3498 1305 3546 dere
1322 3490 1578 3560 cogebatur
1621 3490 1788 3545 "contra
1812 3490 2083 3558 pactionem
2103 3500 2148 3544 et
2166 3491 2517 3555 promissorum
2532 3490 2700 3556 ﬁdem.

830 3624 1119 3688 Ἐλλαδίῳ
1152 3623 1395 3692 Κόμητι.

386 3737 535 3790 Πάνυ
584 3737 1014 3808 παραιτούμενος
1064 3738 1131 3790 δι’
1172 3738 1329 3809 ὄχλου
1372 3733 1510 3790 εἶναι
1550 3739 1615 3808 τῇ
1660 3736 1888 3807 χρηστό-

310 3830 435 3900 τητί
464 3845 581 3894 σου,
610 3829 699 3883 διὰ
727 3830 788 3882 τὸ
833 3829 1059 3899 μέγεθος
1094 3831 1191 3898 τῆς
1224 3831 1351 3900 περὶ
1382 3831 1526 3900 ὑμᾶς
1560 3828 1766 3900 ἀρχῆς,
1803 3829 1890 3882 ἵνα

312 3920 394 3992 μὴ
447 3919 583 3986 δόξω
628 3922 881 3993 ἀμέτρως
929 3922 1282 3993 ἐμφορεῖσθαι
1326 3922 1426 3993 τῆς
1472 3921 1651 3991 φιλίας
1690 3921 1883 3992 ὑμῶν·

311 4012 465 4080 ὅμως
496 4012 602 4065 ὑπὸ
624 4013 731 4065 τῶν
759 4015 1014 4081 ἀναγκῶν
1044 4014 1336 4085 ἡσυχάζειν
1368 4014 1466 4066 οὑκ
1499 4013 1883 4084 ἐπιτρέπομαι.

311 4104 428 4173 Τὴν
450 4103 581 4170 γοῦν
612 4103 844 4176 ἀδελφὴν
877 4106 1057 4177 τήνδε,
1092 4106 1186 4159 καὶ
1216 4105 1351 4177 πρὸς
1383 4106 1537 4174 γένος
1565 4109 1696 4177 ἡμῖν
1724 4103 1889 4159 οὖσαν

312 4194 412 4246 καὶ
431 4194 518 4248 διὰ
540 4196 764 4266 χηρείαν
788 4213 1088 4250 καταπόνου
1097 4197 1262 4267 μένην
1279 4237 1294 4260 ,
1327 4197 1417 4250 καὶ
1446 4197 1632 4259 παιδὸς
1651 4196 1887 4269 ορφανοῦ

311 4286 642 4356 πράγματος
698 4288 1104 4357 φροντίζουσαν,
1164 4291 1285 4341 ἐπεὶ
1334 4286 1470 4341 εἶδον
1518 4288 1700 4342 λοιπὸν
1750 4289 1889 4359 ὑπὲρ

312 4376 542 4449 δύναμιν
578 4380 869 4450 ἀφορήτοις
905 4381 1169 4448 ἀνάγκαις
1209 4381 1604 4452 συνεχομένην,
1634 4381 1891 4452 κατελεή-

315 4485 440 4532 σας,
491 4469 584 4521 καὶ
625 4468 812 4524 παθὼν
855 4471 952 4542 τὴν
990 4470 1186 4542 ψυχὴν,
1233 4470 1475 4524 ἔσπευσα
1512 4472 1889 4543 παρακαλέσαι

314 4576 400 4622 σε,
433 4561 542 4621 ἱνα,
577 4560 738 4624 εἴτις
776 4560 1024 4631 δύναμις.
1064 4562 1142 4632 τῷ
1175 4562 1532 4615 ἀποσταλέντι
1567 4562 1694 4632 παρ’
1722 4564 1891 4634 αὑτῆς

313 4649 588 4721 ἀνθρώπῳ
611 4650 952 4722 καταξιώσῃς
981 4653 1315 4721 συμπρᾶξαι,
1346 4654 1478 4723 πρὸς
1501 4652 1561 4705 τὸ
1586 4654 1723 4723 ὅπερ
1751 4652 1890 4723 αῦτη

313 4741 584 4811 περιοῦσα
618 4742 731 4810 (61)
770 4743 1036 4813 ὑπέσχετο
1068 4744 1155 4811 ὑφ’
1180 4743 1357 4814 ἡμῶν,
1392 4744 1490 4814 ήδη
1523 4744 1684 4797 τοῦτο
1721 4746 1891 4816 αὑτὴν

314 4831 622 4886 άποδοῦσαν
652 4833 751 4902 τῆς
779 4836 857 4897 εἰς
894 4834 954 4886 τὸ
995 4834 1154 4887 πλέον
1194 4835 1457 4905 ἐπηρείας
1492 4836 1890 4906 ἀπαλλαγῆναι.

326 4921 628 4991 ’Υπέσχετο
677 4922 786 4993 γὰρ
828 4923 889 4976 τὸ
936 4923 1229 4990 κεφάλαιον
1283 4922 1449 4975 δοῦσα
1497 4922 1889 4992 συγχωρεῖσθαι

315 5015 443 5076 τοὺς
470 5011 682 5075 τόκους.
724 5012 834 5065 Νῦν
868 5013 1042 5066 τοίνυν
1073 5015 1122 5066 ot
1164 5012 1537 5082 φροντίζοντες
1577 5014 1744 5084 αὑτῆς
1782 5012 1890 5064 τῶν

314 5105 673 5177 κληρονόμων
714 5103 848 5175 μετά
883 5104 944 5156 τὸ
980 5103 1271 5171 κεφάλαιον
1311 5102 1405 5154 καὶ⁹
1440 5102 1539 5173 τὴν
1575 5102 1683 5155 τῶν
1718 5103 1891 5155 τόκων

389 5259 505 5331 (57)
531 5257 647 5331 Καί
663 5256 871 5331 τοῦδε.
903 5254 1563 5331 N_on_bel|e§ombeﬁs‘i_us
1595 5252 1884 5316 legendum

316 5324 470 5401 puiat
500 5328 685 5401 rodas
722 5327 903 5401 λόγου.
941 5325 1152 5401 Indicat
1196 5324 1429 5401 Basilius
1472 5324 1627 5378 illum
1674 5340 1892 5383 expue-

317 5395 555 5456 sidibus.
590 5398 659 5453 de
687 5413 797 5458 quo
832 5398 885 5449 in
925 5396 1207 5464 superiore
1229 5395 1482 5462 epistola.

390 5469 502 5540 (58)
534 5467 639 5521 Διά
684 5468 776 5540 τό.
806 5464 898 5521 Sic
923 5461 1334 5540 emendavimus
1369 5480 1432 5517 ex
1478 5462 1668 5540 codice
1700 5461 1893 5540 Claro-

317 5532 602 5596 moutano.
631 5535 974 5606 quodgprave
1002 5536 1058 5589 in
1088 5534 1434 5606 Coisliniano
1452 5534 1626 5606 primo
1652 5542 1707 5586 et
1728 5532 1890 5606 editis

316 5610 601 5678 legebatur
627 5603 709 5660 δεῖ
733 5603 831 5675 τῷ.
867 5604 1057 5678 Plures
1090 5604 1143 5658 iu
1173 5603 1639 5678 banc__epis_tol_am
1670 5603 1888 5678 codices

320 5669 426 5731 min
457 5669 970 5732 babuimusJPaulo
1000 5686 1121 5746 post
1142 5674 1277 5730 editi
1310 5669 1607 5743 ἐλευθερίᾳ.
1643 5669 1884 5741 Uterque

319 5749 493 5831 codex
522 5757 579 5803 ut
607 5747 664 5802 in
693 5752 867 5801 textu.

2528 3620 2779 3673 Ilelladio
2810 3619 3023 3674 Comiti.

2061 3733 2327 3799 Quamvis
2358 3733 2685 3802 benignitati
2722 3739 2827 3785 tua:
2849 3730 3165 3800 obstrepere
3199 3728 3464 3798 refugiam
3496 3730 3569 3783 ob

1993 3824 2425 3896 magnitudinem
2492 3823 2788 3893 potestatis
2850 3831 2988 3887 tuae,
3043 3837 3114 3876 ne
3176 3822 3419 3874 amicitia
3476 3828 3571 3875 tua

1990 3918 2138 3971 ultra
2172 3916 2396 3970 modum
2432 3916 2645 3985 impleri
2688 3914 2878 3968 videar
2897 3957 2911 3981 ,
2936 3922 3116 3967 tamen
3144 3928 3231 3967 me
3259 3927 3350 3966 res
3376 3926 3572 3969 neces-

1990 4009 2152 4064 saria:
2190 4009 2476 4078 quiescere
2508 4022 2619 4060 non
2647 4006 2855 4060 sinunt.
2905 4003 3055 4060 Hanc
3090 4003 3258 4073 igitur
3285 4016 3531 4057 sororem
3551 4040 3568 4066 ,

1989 4115 2110 4168 qua:
2141 4108 2191 4153 et
2216 4096 2484 4166 sanguine
2513 4095 2646 4149 mihi
2699 4094 2991 4161 conjuncta
3035 4104 3148 4153 εει,
3185 4099 3241 4147 et
3284 4092 3357 4146 ob
3387 4092 3573 4145 vidui-

1991 4199 2158 4245 tatem
2202 4188 2518 4251 alllictatur,
2554 4194 2608 4241 et
2634 4203 2725 4240 res
2767 4187 2861 4241 lilii
2897 4185 3128 4254 orphani
3150 4191 3442 4254 procurat,
3477 4183 3572 4238 ubi

1990 4280 2099 4333 vidi
2130 4280 2242 4347 jam
2279 4278 2424 4331 ultra
2459 4277 2605 4330 vires
2639 4277 2902 4329 aerumnis
2949 4273 3384 4328 intolerabilibus
3437 4287 3572 4326 con-

1992 4371 2233 4440 stringi,
2273 4369 2536 4424 misertus
2583 4368 2732 4421 illius
2753 4408 2767 4432 ,
2799 4373 2964 4435 atque
2991 4366 3180 4419 animo
3228 4364 3419 4419 dolens
3439 4405 3454 4426 ,
3480 4378 3572 4417 ro-

1991 4477 2120 4531 gare
2168 4468 2221 4514 te
2278 4458 2573 4521 festinavi,
2623 4464 2682 4510 ut
2741 4456 2787 4510 si
2839 4470 2951 4525 qua
3003 4462 3257 4524 suppetat
3298 4454 3569 4516 facultas,

1992 4555 2164 4607 misso
2185 4552 2253 4606 ab
2286 4567 2349 4606 ea
2381 4553 2499 4604 viro
2528 4562 2751 4618 operam
2775 4562 2980 4601 navare
3024 4545 3300 4616 digneris;
3325 4553 3383 4598 ut
3420 4543 3569 4615 quod

1994 4643 2108 4709 ipsa
2141 4657 2384 4712 prtesens
2441 4655 2628 4693 coram
2666 4654 2754 4692 me
2787 4638 3144 4708 promiserat,
3191 4651 3258 4689 eo
3300 4634 3409 4704 jam
3445 4633 3570 4687 redr

1993 4735 2109 4788 dito
2151 4734 2302 4787 nulla
2337 4733 2576 4801 amplius
2605 4730 2653 4784 ei
2697 4732 2788 4783 liat
2829 4729 3054 4798 injuria.
3108 4727 3200 4781 Sic
3235 4728 3378 4780 enim
3412 4735 3568 4796 pacta

1997 4827 2212 4887 fuerat,
2250 4832 2309 4879 ut
2347 4827 2393 4879 si
2437 4832 2642 4879 sortem
2681 4824 2918 4877 solveret
2942 4860 2957 4883 ,
2990 4821 3402 4874 remitterentur
3433 4831 3568 4870 usu-

1996 4935 2089 4974 ra).
2123 4916 2279 4971 Nunc
2315 4918 2481 4987 igitur
2511 4916 2602 4985 qui
2646 4930 2733 4969 res
2769 4914 2916 4967 illius
2937 4913 3212 4966 hzeredum
3245 4915 3567 4978 procurant,

1997 5020 2192 5082 praeter
2229 5017 2433 5065 sortem
2470 5023 2671 5064 usuras
2693 5007 2854 5061 etiam
2881 5010 3153 5060 conantur
3186 5002 3427 5070 exigere.
3464 4998 3569 5069 lgi.
3626 5035 3630 5039 ‹

1997 5111 2088 5156 tur
2118 5110 2177 5156 ut
2207 5110 2553 5172 perspectum
2584 5109 2638 5155 et
2654 5096 3243 5169 exploratum-habens
3278 5090 3569 5145 Dominum

2067 5254 2178 5324 (59)
2206 5256 2533 5323 Γενόμενα,
2588 5251 2680 5306 Sic
2726 5260 2960 5320 uterque
3005 5248 3197 5303 codex.
3241 5244 3384 5300 Editi
3425 5245 3568 5314 γινό·

2001 5341 2178 5463 μεῖἕθ)
2208 5391 2317 5463 Καὶ
2341 5391 2543 5456 αὐτός.
2570 5388 2776 5463 lterum
2808 5387 2938 5463 editi
2962 5394 3016 5441 et
3036 5384 3204 5463 Coisl.
3237 5384 3449 5463 primus
3473 5385 3568 5463 ad-

1997 5455 2133 5516 dunt
2162 5455 2279 5524 καί,
2311 5477 2431 5529 qua:
2458 5455 2776 5529 cenjunctio
2806 5458 3000 5513 melius
3030 5455 3223 5511 deesse
3254 5459 3364 5511 visa
3391 5464 3477 5510 est
3512 5456 3565 5508 in

1996 5533 2187 5587 codice
2212 5532 2449 5585 Clarom.

2067 5602 2178 5671 (6|)
2215 5599 2533 5669 Περιοῦσα.
2572 5596 2748 5669 Bigot.
2780 5597 2915 5650 alter
2946 5595 3183 5651 secunda
3233 5610 3397 5650 manu
3428 5611 3560 5667 παρ-

1996 5689 2260 5795 m‘cglias
2281 5734 2542 5804 LDXXII,
2575 5737 2780 5807 scripta
2813 5751 2957 5790 anno
2988 5736 3110 5792 572.
