3988 6194
395 346 503 403 519
1750 340 1810 396 S.
1853 339 2096 396 BASlLll
2136 338 2346 395 MAGNI
3537 341 3644 397 5‘2!)

393 479 483 518 res
518 462 806 517 viduarum
842 468 1004 533 atque
1033 460 1406 531 orphanorum
1455 475 1588 516 suas
1632 458 1814 515 facere
1843 479 1856 515 :
1888 459 1965 514 ita

2067 457 2351 529 εἴσπραξιν
2397 456 2730 529 ἐπιχειροῦσι
2787 456 3145 526 ποιήσασθαι.-ι
3192 458 3278 521 Ὧς
3324 451 3415 512 οῦν
3461 457 3642 522 εἰδὼς,

395 556 640 613 studium
660 564 810 609 tuum
836 563 892 609 et
924 568 1144 623 operam
1174 551 1425 622 impende
1457 552 1588 607 huic
1620 551 1838 622 negotio
1861 590 1877 615 ,
1910 550 1966 605 in

2073 550 2154 603 ὅτι
2176 549 2378 620 Κύριός
2408 551 2553 601 ἐστιν
2592 551 2620 601 ὁ
2650 548 2718 602 τὰ
2744 549 2853 602 τῶν
2882 548 3066 620 χηρῶν
3103 549 3196 602 καὶ
3228 549 3479 620 ὀρφανῶν
3520 549 3646 602 ἰδιο-

394 662 546 716 spem
602 646 800 701 futurae
832 646 903 699 ab
960 645 1080 714 ipso
1113 644 1221 699 Deo
1272 651 1464 699 nostro
1517 644 1808 699 mercedis.
1841 642 1968 696 Exi-

2072 640 2409 710 ποιούμενος,
2456 639 2597 693 οὕτω
2643 639 2939 693 σπούδασον
2986 641 3290 712 χρήσασθαι
3342 641 3530 694 ἑαυτὸν
3575 642 3644 711 τῇ

394 740 558 795 stimo
601 739 781 802 enim,
813 738 861 795 si
908 736 1149 806 praefecti
1203 737 1442 791 maxime
1494 736 1804 791 admirandi
1855 736 1963 790 cle-

2073 733 2273 802 σπουδῇ
2302 735 2367 802 τῇ
2403 733 2540 803 ὑπὲρ
2568 732 2661 785 τοῦ
2684 732 3026 803 πράγματος,
3056 732 3140 784 ἐπ’
3173 731 3345 785 ἐλπίδι
3379 732 3482 802 τῆς
3511 731 3643 802 παρ’

394 832 598 886 mentia
653 838 858 885 sortem
910 829 1147 882 solutam
1199 841 1321 881 esse
1386 827 1677 890 didicerit,
1737 831 1855 880 tore
1907 835 1967 880 ut

2070 820 2235 874 αὐτοῦ
2257 820 2349 872 τοῦ
2373 820 2505 872 Θεοῦ
2531 821 2686 891 ἡμῶν
2723 820 3160 891 μισθαποδοσίας.
3191 816 3357 890 Οἶμαι
3383 822 3513 890 γὰρ,
3547 821 3645 873 καὶ

395 922 548 976 illum
599 920 857 975 misereat
885 919 1082 973 domus
1114 918 1263 973 illius
1306 925 1504 973 caetera
1554 932 1879 972 terumnosae
1908 924 1964 972 et

2069 912 2167 982 τὴν
2228 911 2538 983 ἡμερότητα
2590 912 2680 964 τοῦ
2736 912 3184 981 θαυμασιωτάτου
3232 912 3470 982 ἐπάρχου
3526 910 3641 981 (62)

393 1011 632 1067 infelicis
661 1018 716 1065 et
739 1010 793 1064 in
827 1025 1004 1079 genua
1040 1010 1343 1079 provolutae
1365 1050 1381 1076 ,
1414 1019 1579 1079 atque
1607 1011 1673 1063 ad
1708 1010 1960 1080 injurias,

2071 1003 2368 1074 μαθοῦσαν,
2420 1004 2499 1056 ὅτι
2544 1004 2605 1057 τὸ
2652 1005 2943 1074 κεφάλαιον
2983 1004 3313 1069 ἐκτέτισται,
3355 1004 3644 1075 συμπαθή-

392 1119 514 1175 quae
544 1103 892 1159 extrinsecus
932 1100 1266 1164 inferuntur,
1305 1102 1551 1172 imparis.
1590 1100 1741 1173 Rogo
1774 1105 1959 1171 igitur,

2072 1112 2183 1147 σειν
2211 1094 2288 1166 τῷ
2322 1094 2537 1166 ἐλεεινῷ
2573 1095 2753 1149 λοιπὸν
2780 1098 2873 1150 καὶ
2909 1096 3073 1166 ἀθλίῳ
3101 1096 3233 1166 οἴκῳ
3262 1098 3339 1158 εἰς
3366 1096 3495 1163 γόνυ
3525 1096 3647 1151 κλι-

391 1201 447 1251 et
474 1194 797 1249 necessitati
851 1193 1105 1263 ignoscas
1127 1235 1142 1260 ,
1170 1206 1292 1262 quae
1341 1200 1401 1246 ut
1437 1193 1532 1247 tibi
1573 1195 1834 1248 molestus
1868 1208 1960 1249 es-

2068 1185 2236 1249 θέντι,
2261 1186 2354 1239 καὶ
2386 1187 2569 1239 οὐκέτι
2599 1188 2855 1259 ἀρκοῦντι
2883 1191 3001 1251 ταῖς
3033 1188 3230 1253 ἔξωθεν
3260 1187 3407 1257 αὑτῴ
3433 1189 3639 1254 ἐπαγο-

393 1301 509 1342 sem
543 1285 762 1355 coegit,
797 1292 851 1339 et
895 1284 950 1337 in
983 1284 1087 1337 hoc
1120 1285 1399 1353 negotium
1426 1285 1711 1340 incumbas
1745 1302 1841 1356 pro
1866 1302 1962 1356 po-

2069 1278 2255 1347 μέναις
2305 1280 2609 1350 ἐπηρείαις.
2654 1280 2963 1351 Παρακαλῶ
3001 1276 3092 1334 οῦν
3120 1321 3134 1343 ,
3180 1281 3273 1333 καὶ
3310 1284 3376 1353 τῇ
3424 1281 3641 1354 ἀνάγκῃ

390 1384 629 1438 testate,
681 1388 844 1445 quam
884 1372 1138 1428 Christus
1180 1375 1322 1440 tibi,
1356 1375 1607 1445 benignis
1654 1390 1718 1429 ac
1774 1378 1960 1446 probis

2066 1368 2351 1436 σύγγνωθι,
2382 1369 2447 1421 δι’
2472 1371 2537 1439 ἣν
2572 1369 2792 1442 ὦχλησὰ
2818 1390 2918 1433 σοι,
2950 1372 3044 1423 καὶ¹
3076 1371 3151 1441 τῷ
3180 1370 3464 1441 πράγματι
3499 1368 3641 1438 σύμ-

392 1465 639 1519 moribus
682 1462 912 1533 praedito
941 1501 958 1527 ,
988 1468 1043 1514 et
1079 1461 1166 1516 his
1204 1477 1323 1531 quae
1355 1463 1614 1533 accepisti
1646 1462 1715 1516 ad
1755 1463 1959 1531 optima

2064 1459 2264 1528 πραξον
2304 1461 2443 1515 κατὰ
2487 1462 2583 1531 τὴν
2626 1461 2871 1532 δύναμιν,
2909 1464 2975 1533 ἢν
3017 1462 3183 1514 ἔδωκέ
3223 1479 3302 1514 σοι
3334 1464 3362 1513 ὀ
3400 1458 3639 1531 Χριστὸς

391 1570 624 1627 quaeque
656 1554 833 1609 utenti
863 1554 1093 1622 largitus
1121 1561 1230 1608 est.

2067 1551 2284 1623 χρηστῴ
2316 1553 2408 1606 καὶ
2443 1553 2632 1624 ἁγαθῷ
2664 1554 2753 1608 τὸν
2782 1555 2978 1626 τρόπον
3017 1555 3149 1608 ὄντι.
3186 1555 3279 1606 καὶ
3312 1554 3392 1616 εἰς
3434 1550 3637 1618 ἀγαθὸν

2067 1638 2148 1706 οἷς
2176 1643 2364 1706 ἔλαϐες
2393 1646 2732 1717 κεχρημένῳ.

939 1795 1279 1851 EPISTOLA
1316 1794 1451 1851 CX'.

2621 1799 2962 1852 ΕΠΙΣΤΟΛΗ
3000 1800 3100 1856 PI'.

393 1950 607 2006 Basilius
627 1951 744 2001 data
770 1965 800 2002 a
822 1949 1047 2016 prwfecto
1070 1949 1311 2003 scribendi
1334 1949 1528 2002 licentia
1546 1950 1715 2013 utitur,
1739 1959 1790 2004 ut
1811 1952 1860 2006 ei
1880 1954 2175 2066 εἷηιΐηιῖεηαει
2202 1954 2355 2006 Tauri
2385 1954 2584 2017 incolas,
2613 1954 2783 2022 quibus
2818 1955 3046 2023 grauiora
3078 1954 3202 2020 ferri
3221 1953 3399 2006 tributa
3419 1954 3643 2019 impone-

1950 2032 1982 2066 a
2034 2031 2113 2066 ur.

1950 2031 2113 2067 antur.

912 2120 1147 2176 Modesto
1171 2121 1441 2191 prcefcclo.
1996 2136 2039 2191 Β

1996 2136 2039 2191 Β
2558 2128 2838 2194 Μοδέστῳ
2882 2129 3143 2200 ὑπάρχῳ.

472 2215 749 2282 Quantum
781 2213 912 2268 mihi
959 2214 1183 2268 honoris
1213 2229 1276 2267 ac
1306 2214 1575 2270 libertatis
1603 2215 1960 2281 concessisti,

2136 2220 2304 2287 Ὅσης
2348 2220 2476 2289 ἡμῖν
2513 2221 2676 2290 τιμῆς
2724 2222 2813 2273 καὶ
2858 2223 3168 2292 παρρησίας
3208 2220 3537 2291 μεταδίδως,
3572 2224 3638 2292 τῇ

389 2319 603 2361 morum
651 2304 875 2360 lenitate
902 2318 1014 2365 non
1057 2305 1266 2359 veritus
1294 2312 1348 2358 te
1378 2305 1445 2359 ad
1483 2321 1588 2359 nos
1638 2307 1960 2373 demittere,

2065 2310 2360 2381 ἡμερότητι
2400 2309 2492 2362 τοῦ
2538 2311 2741 2380 τρόπου
2784 2311 3129 2366 καταϐαίνειν
3169 2312 3302 2383 πρὸς
3333 2313 3482 2383 ἡμᾶς
3541 2314 3640 2367 ἀν-

388 2409 541 2453 tanta
570 2397 670 2451 tibi
724 2405 890 2466 atque
923 2396 1087 2449 etiam
1139 2396 1345 2466 maiora
1371 2436 1387 2461 ,
1435 2398 1679 2467 quandiu
1719 2400 1960 2466 vixeris,

2069 2401 2337 2470 εχόμενος,
2374 2401 2637 2472 τοσαύτην
2656 2418 2736 2454 σοι
2754 2401 2847 2454 καὶ
2873 2402 2952 2454 ἔτι
2982 2402 3147 2455 πλείω
3167 2405 3223 2455 ἐν
3249 2403 3411 2455 παντὶ
3434 2401 3510 2472 τῷ

389 2505 420 2542 a
446 2489 590 2544 bono
619 2494 808 2542 nostro
852 2485 1082 2540 Domino
1129 2487 1465 2542 incrementa
1509 2491 1677 2544 tribui
1706 2491 1964 2560 splendo-

2067 2490 2214 2560 παρὰ
2244 2488 2337 2543 τοῦ
2374 2490 2579 2558 ἀγαθοῦ
2604 2492 2758 2562 ἡμῶν
2777 2493 3046 2545 Δεσπότου
3107 2492 3204 2563 τὴν
3230 2493 3458 2564 αὔξησιν
3481 2490 3642 2559 7M-

388 2582 466 2636 ris
498 2594 805 2651 precamur.
859 2578 941 2632 Me
994 2587 1177 2633 autem
1221 2587 1276 2634 et
1309 2579 1635 2650 jampridem
1687 2584 1960 2649 scribere,

2066 2580 2189 2634 σθαι
2226 2582 2324 2652 τῆς
2361 2584 2712 2653 περιφανείας
2751 2584 3038 2654 εὐχόμεθα.
3080 2585 3207 2655 Ἐμέ
3238 2585 3295 2638 δὲ
3334 2587 3428 2638 καὶ
3468 2585 3639 2637 πάλαι

387 2679 443 2728 et
494 2674 737 2735 honore,
788 2670 881 2739 qui
917 2686 983 2723 ex
1020 2675 1086 2723 te'
1123 2670 1445 2740 percipitur,
1490 2672 1695 2741 perfrui
1740 2674 1962 2744 cupien-

2063 2672 2429 2743 ἐπιθυμοῦντα
2463 2676 2713 2745 γράφειν,
2750 2676 2844 2729 καὶ
2890 2675 3183 2730 ἀπολαύειν
3221 2677 3320 2747 τῆς
3353 2676 3503 2749 παρὰ
3543 2676 3638 2730 σοῦ

388 2778 500 2823 tem
554 2766 829 2820 retinebat
880 2765 1235 2834 amplissima:
1281 2765 1570 2835 dignitatis
1603 2769 1958 2822 reverentia:

2065 2767 2245 2836 τιμῆς,
2279 2769 2526 2836 κατεῖχεν
2557 2768 2589 2837 ὴ
2621 2767 2752 2838 πρὸς
2785 2767 2845 2819 τὸ
2874 2767 3136 2838 ὑπερέχον
3163 2766 3343 2831 αἰδώς
3379 2767 3640 2821 εὐλαϐοῦ-

389 2861 595 2930 quippe
633 2873 758 2912 cum
809 2872 1050 2920 vererer,
1082 2873 1151 2910 ne
1182 2857 1405 2926 quando
1450 2858 1702 2913 libertate
1758 2859 1962 2914 immo-

2066 2874 2225 2926 μενον
2277 2859 2484 2928 μήποτε
2533 2857 2773 2929 νομισθῶ
2826 2858 3078 2930 ἀμέτρως
3130 2858 3487 2929 ἐμφορεῖσθαι
3538 2859 3640 2929 τῆς

390 2950 634 3005 deratius
676 2949 755 3002 uti
783 2948 1020 3003 viderer.
1071 2944 1229 3001 Nunc
1262 2962 1394 3001 vero
1427 2948 1588 3003 simul
1640 2958 1698 3004 et
1739 2959 1961 3019 accepta

2064 2950 2393 3018 παρρησίας.
2445 2949 2559 3001 Νῦν
2607 2949 2663 3001 δέ
2707 2947 2840 3018 ὁμοῦ
2901 2949 2997 3019 μὲν
3048 2949 3143 3002 καὶ
3191 2948 3251 3002 τὸ
3301 2948 3486 3001 λαϐεῖν
3537 2949 3639 3020 τὴν

390 3042 462 3097 ah
531 3039 950 3112 incomparabili
1016 3047 1111 3093 tua
1177 3041 1629 3110 magnanimitate
1688 3042 1961 3097 scribendi

2063 3040 2309 3106 ἐξουσίαν
2342 3040 2435 3093 τοῦ
2465 3039 2797 3093 ἐπιστέλλειν
2826 3044 2975 3109 παρὰ
3001 3041 3101 3110 τῆς
3130 3041 3514 3113 ἀπαραόλήτου
3542 3058 3637 3094 σου

388 3133 651 3197 licentia,
681 3132 845 3187 simul
900 3138 954 3184 et
1005 3131 1320 3185 necessaria
1351 3147 1439 3186 res
1490 3132 1772 3186 hominum
1825 3134 1962 3187 allii-

2067 3131 2454 3200 μεγαλοφυῖκς,
2481 3131 2613 3201 ὁμοῦ
2638 3132 2694 3184 δὲ
2717 3132 2810 3184 καὶ
2836 3132 2993 3201 χρεία
3017 3132 3121 3184 τῶν
3148 3130 3639 3200 καταπονουμένων

389 3235 602 3281 ctorum
648 3223 924 3278 conlidere
989 3223 1189 3291 coegit.
1243 3221 1300 3275 Si
1345 3222 1479 3291 quid
1532 3224 1701 3292 igitur
1754 3227 1964 3281 tenuis-

2064 3220 2377 3285 ἐξεϐιάσατό
2410 3238 2474 3291 με
2507 3221 2641 3291 πρὸς
2672 3221 2731 3274 τὸ
2761 3220 2999 3293 θαρσεῖν·
3032 3220 3098 3274 Εἴ
3125 3239 3208 3284 τις
3233 3216 3324 3275 οὖν
3356 3221 3451 3273 καὶ
3482 3219 3639 3291 ’ωιεά

391 3318 656 3374 simorum
705 3331 897 3386 preces
948 3314 1094 3384 apud
1138 3317 1286 3369 viros
1323 3316 1740 3384 potentissimos
1780 3318 1964 3372 value-

2062 3314 2170 3365 τῶν
2201 3313 2410 3383 μικρῶν
2440 3313 2532 3365 ἐπὶ
2562 3315 2672 3375 τοῖς
2705 3313 2977 3382 μεγίστοις
3007 3314 3115 3383 (6‘5)
3149 3312 3427 3383 ἱκετηρίας
3458 3314 3635 3382 ἰσχὺς,

391 3410 540 3463 rint:
579 3409 699 3463 sine
723 3414 815 3470 te,
843 3407 931 3461 vir
976 3408 1031 3460 in
1078 3406 1268 3476 primis
1301 3407 1654 3473 admirando,
1690 3407 1794 3461 hoc
1830 3424 1963 3462 exo-

2065 3405 2464 3477 παρακλήθητι,
2509 3405 2942 3475 θαυμασιώτατε,
2994 3402 3355 3476 φιλανθρώπῳ
3406 3404 3640 3475 νεύματι

389 3515 545 3563 rem,
597 3507 658 3553 ut
709 3514 808 3568 pro
859 3506 953 3551 tua
1018 3497 1252 3567 benigna
1288 3498 1610 3563 voluntate,
1665 3499 1959 3554 rusticitati

2062 3498 2266 3568 ἐλεεινῇ
2301 3498 2555 3568 ἀγροικίᾳ
2580 3500 2676 3568 τὴν
2707 3498 2978 3568 σωτηρίαν
3007 3497 3362 3568 χαρίσασθαι,
3395 3498 3489 3550 καὶ
3520 3499 3636 3560 τοῖς

390 3593 717 3648 miserandae
748 3591 980 3646 salutem
1029 3591 1322 3659 largiaris,
1379 3606 1443 3644 ac
1480 3591 1676 3659 jnbeas
1724 3599 1783 3645 ut
1833 3592 1962 3646 ferri

2064 3590 2157 3641 τὸν
2191 3589 2401 3659 Ταῦρον
2440 3588 2644 3642 οἰκοῦσι
2689 3588 2778 3642 τὸν
2820 3590 3168 3661 σιδηροφόρον
3196 3589 3436 3660 φορητὴν
3467 3604 3639 3657 προσ-

389 3681 656 3736 tribntum
702 3681 771 3735 iis
808 3680 901 3749 qui
947 3677 1186 3733 Taurum
1222 3680 1351 3733 ferri
1389 3680 1623 3736 feracem
1678 3681 1961 3744 incolunt,

2093 3681 2214 3744 άξαι
2261 3680 2511 3747 γενέσθαι
2545 3680 2638 3751 τὴν
2676 3682 2768 3734 τοῦ
2807 3682 3020 3753 σιδήρου
3065 3682 3389 3735 συντέλειαν·
3443 3680 3519 3742 ὡς
3556 3680 3636 3750 μὴ

389 3772 483 3828 ﬁat
523 3771 840 3834 tolerabile,
873 3787 946 3826 ne
972 3772 1161 3826 statim
1208 3772 1536 3837 obruantur,
1580 3772 1677 3828 sed
1725 3773 1963 3843 publicis

2062 3774 2140 3834 είς
2182 3770 2329 3837 ἅπαξ
2370 3772 2566 3834 αὐτοὺς
2620 3773 2968 3844 ὲκτριϐἦναι,
3022 3772 3157 3826 ἀλλὰ
3210 3773 3403 3843 διαρκῆ
3454 3770 3637 3825 αὐτῶν

387 3864 582 3920 usibus
614 3864 706 3918 diu
738 3863 1073 3918 inserviant:
1106 3879 1269 3933 quam
1306 3880 1417 3917 rem
1450 3865 1694 3917 omnium
1727 3865 1962 3919 maxime

2065 3856 2198 3912 εἶναι
2248 3859 2345 3929 τὴν
2399 3861 2698 3930 ὑπηρεσίαν
2759 3865 2872 3925 τοῖς
2922 3861 3230 3932 δημοσίοις·
3285 3854 3347 3914 οὗ
3397 3860 3640 3931 μάλιστα

385 3969 533 4009 curae
562 3970 687 4010 esse
727 3954 1062 4010 admirandae
1102 3961 1209 4009 tuae
1255 3954 1581 4009 humanitati
1626 3969 1953 4025 persuasum

2063 3953 2279 4004 πάντων
2318 3951 2500 4021 μέλειν
2534 3954 2600 4023 τῇ
2635 3952 2946 4023 ἀξιαγάστῳ
2988 3969 3080 4007 σου
3113 3951 3493 4023 φιλανθρωπίᾳ
3532 3969 3638 4005 πετο

386 4043 580 4101 habeo.

2063 4042 2350 4112 πείσμεθα.

815 4200 974 4271 203
1012 4197 1346 4253 EPISTOLA
1371 4197 1551 4253 cxr'.
2338 4166 2345 4175 ’
2588 4199 2934 4254 [summa
2971 4200 3077 4255 pm

918 4352 1227 4405 Commendat
1249 4351 1476 4412 amicum,
1501 4351 1585 4416 qui
1611 4366 1641 4402 a
1668 4351 1896 4416 pra’fecto
1912 4350 2171 4403 accersitus
2191 4352 2349 4417 fuerat
2369 4354 2426 4403 ob
2449 4352 2609 4404 illatas
2636 4352 2681 4405 ei
2709 4353 3080 4405 criminationes.

890 4463 1132 4518 Modesto
1164 4464 1438 4533 prwfeclo.
1983 4471 2026 4523 Ι)

1983 4471 2026 4523 ι)
2539 4465 2825 4533 Μοδέστῳ
2868 4465 3133 4534 ὑπάρχῳ.

451 4574 600 4630 Alias
629 4575 845 4645 quidem
894 4578 1325 4645 magnanimitati
1357 4586 1466 4631 tuae
1502 4577 1817 4646 obstrepere
1855 4593 1923 4630 an

2134 4575 2342 4638 ’Ἄλλως
2372 4577 2468 4646 μὲν
2502 4579 2603 4630 οὐκ
2646 4578 2711 4630 ἂν
2749 4578 3028 4649 ἐθάρρησα
3072 4576 3139 4629 δι’
3181 4576 3337 4646 ὄχλου
3367 4575 3627 4643 γενέσθαι

381 4681 477 4723 sus
505 4682 611 4721 non
644 4667 887 4732 fuissem,
914 4668 1007 4737 qni
1035 4675 1088 4740 et
1122 4675 1320 4723 memet
1347 4669 1547 4732 metiri,
1577 4677 1629 4723 et
1659 4677 1953 4738 potestates

2056 4669 2124 4737 τῇ
2171 4667 2508 4738 μεγαλοφυῒᾳ
2542 4685 2655 4729 σου,
2684 4667 2838 4731 εἰδὼς
2874 4669 2967 4719 καὶ
2999 4667 3232 4736 ἐμαυτὸν
3262 4670 3500 4736 μετρεῖν,
3529 4670 3628 4721 καὶ

380 4759 699 4828 dignoscere
722 4759 911 4813 sciam.
951 4757 1057 4812 Sed
1089 4759 1181 4813 ubi
1224 4760 1454 4812 amicum
1502 4760 1633 4812 mihi
1676 4760 1952 4815 hominem

2056 4757 2156 4820 τὰς
2179 4757 2426 4821 ἐξουσίας
2450 4758 2732 4829 γνωρίζειν
2752 4776 2765 4789 ο
2804 4758 2990 4828 ἐπειδὴ
3018 4758 3075 4811 δέ
3102 4754 3238 4811 εἶδον
3272 4759 3440 4829 ἄνδρα
3474 4759 3627 4827 φίλον

377 4847 491 4903 vidi
531 4846 937 4904 dillicultatihus
975 4849 1335 4916 implicatum,
1371 4863 1436 4903 eo
1462 4849 1606 4917 quod
1655 4850 1952 4905 accersitus

2058 4850 2367 4916 ἐναγωνίως
2422 4850 2760 4919 διακείμενον
2794 4850 2886 4902 ἐπὶ
2916 4848 2994 4919 τῷ
3037 4849 3462 4920 μετακληθῆναι,
3515 4852 3628 4903 ἀπ-

379 4942 483 5005 sit,
514 4942 657 4996 hanc
678 4942 725 4995 ei
752 4941 1039 5010 epistolam
1070 4941 1312 5009 praebere
1344 4955 1514 4995 ausus
1543 4955 1689 5005 sum,
1724 4951 1784 4993 ut
1807 4957 1949 5006 eam,

2058 4940 2331 5011 ετόλμησα
2351 4940 2499 5010 αὐτῷ
2518 4940 2700 4993 δοῦναι
2716 4941 2813 5011 τὴν
2830 4940 3114 5010 ἐπιστολὴν
3141 4943 3363 5011 ταύτην,
3394 4942 3481 4994 ἵνα
3506 4943 3625 4995 ἀνθ’

377 5032 542 5087 veluti
581 5030 853 5101 quoddam
898 5029 1258 5100 supplicantis
1289 5029 1505 5100 insigne
1542 5029 1798 5098 oﬂerens,
1852 5030 1952 5083 ali-

2059 5031 2339 5102 ίκετηρίας
2366 5030 2476 5101 (64)
2504 5030 2673 5101 αὐτὴν
2704 5029 3139 5101 προῦαλλόμενος
3172 5028 3310 5102 τύχῃ
3327 5031 3472 5092 τινὸς
3497 5030 3622 5099 φιλο

445 5188 464 5208 ⁶
501 5184 652 5239 Alias
680 5180 1023 5254 CCLXAXYII,
1062 5183 1264 5253 scripta
1293 5198 1436 5238 anno
1466 5183 1589 5254 372.
2053 5183 2164 5237 tius
2197 5183 2249 5237 id
2285 5182 2554 5252 designat,
2587 5184 2731 5251 quod
2773 5184 3139 5254 supplicantes
3170 5184 3502 5251 praetendere
3525 5200 3625 5254 so—

447 5257 490 5324 ῗῖ
511 5255 667 5324 Alias
696 5252 1017 5324 CCLXX’Vl,
1055 5252 1259 5324 scripta
1286 5269 1432 5324 anno
1459 5253 1584 5306 572.
1906 5278 1911 5283 -
2045 5254 2251 5317 lebant,
2283 5263 2341 5324 ut
2365 5269 2509 5314 eum,
2537 5256 2624 5306 (ιιιὶ
2677 5252 3071 5324 supplicabant,
3103 5255 3457 5308 inllecterent.
3507 5252 3621 5308 Οἰν-

444 5322 556 5395 (62)
607 5323 922 5392 Ἐπάρχου.
975 5322 1284 5393 chendum
1333 5323 1599 5395 ὑπάρχου,
1662 5328 1720 5376 ιιι
1777 5337 1943 5391 supra

2046 5335 2226 5395 servat
2270 5322 2717 5395 Chrysostomus.
2763 5333 2904 5377 orat.
2935 5323 2969 5375 2
3018 5324 3616 5395 αόιενςιιδᾈηοηιωυδ.

373 5391 711 5446 monuimus.
792 5391 800 5392 7
982 5460 990 5462 ᾗ
1057 5391 1076 5393 “
2046 5394 2284 5462 plebem,
2318 5394 2362 5447 si
2387 5391 2542 5460 ‘qnid
2586 5403 2731 5462 petat
2761 5395 2828 5447 ab
2862 5395 3208 5460 imperatore.
3249 5394 3407 5447 olivae
3433 5410 3620 5449 ramos

592 5462 927 5540 Μεγίίστοις.
959 5460 1376 5540 ᾷοίει.“ῃι·ἰιηυς
1403 5461 1683 5540 μεγάλοις,
1726 5531 1738 5540 .
1777 5532 1789 5540 _

2048 5460 2383 5540 prtetendelf
2403 5460 2598 5540 solere;
2631 5460 2733 5540 Sed
2760 5463 2902 5540 hunc
2930 5463 3117 5516 Basilii
3151 5463 3326 5540 locum
3362 5464 3619 5530 inpr-inus

463 5530 552 5602 64)
594 5530 742 5586 Ἀνθ’
777 5534 1092 5602 ἱκετηρίας,
1126 5530 1258 5601 Reg.
1301 5530 1529 5601 uterque
1561 5540 1615 5585 et
1647 5531 1813 5602 Coisl.
1856 5545 1941 5584 se-

2049 5530 2289 5602 illnstrat
2338 5530 2639 5602 Gregorius
2679 5532 3088 5596 Nazianzenus,
3136 5533 3229 5602 qui
3276 5534 3615 5588 desertorem

371 5599 741 5672 cuildusdvﬁ‘
772 5599 1004 5672 ἱκεσίας.
1037 5601 1130 5654 Illa
1178 5599 1509 5672 aittemrvoxi
1537 5601 1804 5672 ἱκετηρία,
1835 5616 1941 5668 qua

2049 5600 2336 5672 quemdam
2359 5599 2702 5672 commendat
2723 5602 2968 5672 Olympio
2993 5605 3046 5655 in
3069 5599 3230 5672 epist.
3259 5602 3348 5665 78,
3376 5618 3617 5668 eumque

373 5687 518 5742 saepe
543 5671 675 5742 alias
707 5671 878 5742 utitur
899 5672 1149 5742 Basilius,
1181 5686 1291 5725 non
1326 5671 1468 5742 idem
1498 5671 1603 5725 hoc
1636 5668 1757 5742 loco
1784 5678 1943 5742 sonat
2049 5673 2126 5742 ait
2149 5668 2224 5742 ad
2255 5668 2563 5742 Olympium
2609 5668 2921 5742 confugere,
2950 5680 3004 5726 et
3039 5668 3287 5725 canitiem
3320 5686 3386 5724 ac
3424 5686 3616 5725 sacer-

372 5756 437 5797 ac
453 5739 803 5812 supplicatio,
827 5749 887 5795 ut
909 5741 1234 5809 interpretes
1264 5739 1686 5803 existimarunt;
1720 5740 1817 5796 sed
1847 5754 1944 5811 po-
2050 5740 2257 5795 d)tium
2295 5739 2563 5812 Gregorii,
2596 5740 2752 5794 veluti
2783 5739 2981 5811 regiam
3012 5742 3295 5811 quamdam
3326 5742 3619 5813 imaginem
