3988 6194
331 298 432 353 εει

1277 294 1767 349 EPISTULARUM
1810 294 2095 350 CLASSIS
2135 293 2195 350 11.
2234 295 2452 352 EPIST.
2493 297 2657 356 CXII.

3485 303 3590 358 3‘22

329 418 672 491 ανθρωπίας.
705 416 931 480 Πάντως
962 413 1040 480 δὲ,
1076 415 1122 468 εἰ
1178 416 1270 469 καὶ
1303 418 1464 486 ἡμεῖς
1497 413 1710 476 οὐδενὸς
1753 414 1894 482 λόγοι

2018 416 2149 486 quid
2201 417 2555 473 humanitatis
2607 425 2993 487 consequatur.
3036 415 3194 472 Certe
3239 424 3439 483 autem,
3486 421 3588 473 etsi

331 511 500 578 ἄξιοι,
533 509 648 562 ἀλλ’
687 507 820 560 αὐτὸ
855 507 917 559 τὸ
968 507 1186 579 μέτριον
1211 505 1325 577 (63)
1374 506 1555 560 ἱκανὸν
1593 506 1912 574 δυσωπῆσαι

332 604 426 658 τὸν
456 599 968 672 φιλανθρωπότατον
1018 599 1127 652 τῶν
1173 599 1434 671 ὑπάρχων
1465 597 1598 668 (66),
1641 597 1735 650 καὶ
1779 598 1910 668 ἡμῖν

328 695 517 750 δοῦναι
547 693 897 764 συγγνώμην,
940 692 1049 758 ἵνα,
1090 695 1139 746 εί
1179 693 1276 764 μὲν
1319 693 1482 764 μηδὲν
1519 690 1912 761 πεπλημμέλη-

328 789 521 861 ταιτῷ
545 789 720 859 ἀνδρὶ,
755 787 991 858 σωθῆναι
1021 787 1184 840 αὐτὸν
1203 786 1267 838 δι’
1299 785 1468 855 αὐτὴν
1497 783 1594 854 τὴν
1624 782 1905 852 ἀλήθειαν’

330 885 383 938 εἰ
429 883 486 937 δὲ
521 883 617 935 καὶ
667 881 934 951 ἥμαρτεν,
985 878 1251 950 ἀφεθῆναι
1300 877 1450 948 αύτῷ
1498 876 1609 948 (67)
1644 876 1710 928 δι’
1763 877 1912 946 ἡμᾶς

328 975 461 1036 τοὺς
487 971 893 1034 ίκετεύσαντας.
925 967 1029 1024 Οἷα
1056 971 1112 1024 δέ
1142 970 1212 1024 τὰ
1246 969 1480 1024 ἐνταῦθα
1504 970 1611 1023 τῶν
1645 969 1907 1042 πραγμά-

328 1081 444 1119 των
489 1063 628 1129 ἐστὶ,
663 1063 746 1126 τίς
795 1063 994 1133 μᾶλλον
1035 1061 1322 1114 ἐπίσταται
1363 1059 1488 1124 σοῦ,
1518 1059 1608 1112 τοῦ
1663 1060 1754 1114 καὶ
1791 1061 1908 1111 ἐπι-

331 1155 626 1220 ϐλέποντος
658 1154 730 1208 τὰ
769 1155 900 1225 παρ’
931 1153 1150 1222 ἑκάστῳ
1177 1153 1290 1223 (68)
1328 1153 1526 1224 σαθρά,
1557 1151 1652 1205 καὶ
1687 1154 1752 1221 τῇ
1785 1151 1911 1203 θαυ-

333 1246 510 1318 μασία
536 1246 850 1319 προμηθείᾳ
870 1246 938 1298 τὰ
968 1247 1146 1300 πάντα
1169 1243 1592 1316 διακρατοῦντος
1614 1261 1628 1306 ;

848 1401 1195 1457 ΕΠΙΣΤΟΛΗ
1233 1399 1378 1456 PIB'.

2019 506 2226 560 nullius
2250 505 2408 576 pretii
2451 522 2665 569 sumus,
2713 505 3014 560 moderatio
3046 505 3164 576 ipsa
3209 505 3591 575 praefectorum

2019 587 2478 652 humanissimum
2541 606 2718 668 potest
2767 598 3002 662 flectere,
3056 607 3109 652 et
3157 597 3316 652 nobis
3376 599 3590 654 veniam

2019 688 2347 754 conciliare;
2385 697 2443 742 ut
2486 689 2530 743 si
2563 689 2642 742 vir
2672 689 2809 742 nihil
2846 689 3111 759 peccavit,
3141 688 3315 758 ipsius
3345 688 3590 743 veritatis

2019 778 2284 836 beneﬁcio
2335 781 2519 835 salvus
2568 780 2638 835 sit
2680 788 2734 836 et
2785 780 3183 835 incolumis:si
3223 779 3353 850 quid
3409 789 3590 834 autem

2018 872 2315 938 commisit,
2351 874 2482 928 illud
2520 874 2570 928 ei
2606 887 2724 928 mea
2756 873 3116 943 supplicantis
3148 887 3318 928 causa
3344 873 3591 927 remitta-

2014 974 2124 1021 tur.
2151 965 2271 1033 Quo
2307 969 2573 1023 autem-in
2607 975 2753 1023 statu
2787 968 2898 1022 sint
2937 982 3026 1022 res
3061 974 3288 1033 nostrae,
3314 967 3438 1036 quis
3479 982 3593 1020 me-

2015 1057 2122 1112 lius
2152 1074 2312 1128 quam
2345 1067 2402 1113 tu
2432 1061 2604 1125 novit,
2640 1063 2734 1132 qui
2783 1077 2846 1117 ea
2893 1078 3013 1132 quae
3051 1063 3106 1116 in
3135 1076 3462 1132 unoquoque
3501 1063 3588 1115 in-

2019 1150 2173 1204 firma
2199 1160 2348 1216 sunt,
2377 1153 2718 1216 consideras,
2747 1169 2811 1208 ac
2857 1154 3091 1208 mirabili
3123 1161 3214 1206 tua
3245 1152 3590 1222 providentia

2016 1243 2201 1296 omnia
2241 1243 2583 1298 moderaris?

2451 1397 2612 1469 ποί,
2643 1396 2980 1452 EPISTOLA
3018 1395 3196 1451 cxxr.

329 1543 452 1594 Cum
479 1537 776 1590 Domitianus
804 1535 974 1588 Basilii
998 1535 1296 1587 necessarius
1320 1535 1369 1584 in
1395 1531 1742 1596 Andronicum,
1781 1539 2125 1596 praepotentem
2163 1530 2340 1596 uirum,
2365 1539 2630 1596 peccasset,
2667 1531 2877 1596 Basilius
2914 1535 3134 1584 hortatur
3174 1531 3519 1593 Andronicum,
3542 1540 3593 1583 ut

395 1601 668 1665 Domitiano
691 1599 745 1665 in
763 1606 892 1650 metu
913 1605 956 1649 et
982 1597 1247 1665 ignominia
1269 1595 1659 1665 degentinovunt
1678 1593 1970 1665 supplicium
1989 1609 2081 1665 non
2109 1593 2311 1665 iit/ligat,
2337 1593 2618 1665 ueterisque
2641 1594 2723 1658 qui
2741 1609 2851 1645 eum
2871 1595 3130 1657 intuentur,
3157 1608 3275 1646 vene
3310 1602 3437 1645 metu
3459 1609 3592 1645 mor-

388 1663 484 1715 tuis
508 1671 555 1715 et
581 1662 698 1728 quid
719 1663 936 1724 futurum
957 1656 1020 1711 sit
1041 1656 1420 1718 observantibus,
1455 1656 2046 1707 ltumanitatislaudandte
2069 1656 2324 1707 materiam
2349 1656 2578 1719 prmbettt.

732 1769 1078 1840 Ἀνδρονίκῳ
1101 1767 1212 1841 (69)
1251 1767 1514 1837 ἡγεμόνι.

400 1889 451 1943 1.
486 1888 550 1941 El
586 1886 684 1956 μὲν
711 1884 883 1949 οὕτως
911 1879 1053 1954 εἶχον
1085 1881 1358 1952 σώματος,
1389 1879 1528 1934 ὥστε
1554 1880 1751 1952 ῥᾳδίως
1775 1880 1906 1932 ὐπο-

324 1981 516 2052 μένειν
559 1977 872 2049 ὁδοιπορίας
907 1973 1193 2037 δύνασθαι,
1236 1974 1330 2028 κα)⁵
1382 1971 1448 2025 τὰ
1499 1971 1593 2025 τοῦ
1642 1972 1906 2043 χειμῶνος

314 2070 564 2144 δυσχερῆ
590 2069 797 2140 φέρειν,
823 2069 923 2120 οὐκ
953 2065 1020 2119 ἂν
1051 2063 1392 2126 ἐπέστελλον,
1424 2062 1537 2116 ἀλλ’
1567 2063 1729 2126 αὐτὸς
1755 2063 1906 2134 παρὰ

315 2161 422 2234 τὴν
459 2163 558 2232 σὴν
595 2160 708 2231 (70)
750 2157 1155 2230 μεγαλοψυχίαν
1192 2155 1439 2219 ἐϐάδιζον
1493 2154 1638 2206 δυοῖν
1685 2155 1900 2208 ἕνεκεν·

317 2253 418 2306 τοῦ
443 2269 504 2305 τε
534 2250 763 2306 παλαιὸν
797 2248 1143 2318 ὑποσχέσεως
1171 2249 1384 2300 ἐκτῖσαι
1427 2245 1586 2318 χρέος
1622 2242 1760 2313 (οἶδα
1797 2246 1903 2316 γὰρ

312 2345 664 2416 ὁμολογήσας
722 2340 1058 2412 παρέσεσθαι
1117 2342 1184 2410 τῇ
1239 2337 1572 2410 Σεϐαστεία,
1630 2338 1724 2391 καὶ
1772 2338 1904 2391 ἀπο-

313 2435 520 2492 λαῦσαί
553 2435 666 2506 (71)
699 2451 792 2488 σου
826 2434 924 2504 τῆς
951 2433 1317 2502 τελειότητος’
1354 2433 1491 2502 ὅπερ
1521 2431 1751 2500 ἐποίησα
1781 2429 1900 2500 μὲν,

311 2526 622 2597 διήμαρτον
649 2522 707 2576 δὲ
737 2525 836 2594 τῆς
869 2522 1180 2592 συντυχίας,
1216 2521 1410 2592 μικρὸν
1432 2521 1658 2574 κατόπιν
1682 2520 1782 2590 τῆς
1805 2519 1904 2590 σῆς

316 2613 726 2684 καλοκαγαθίας
761 2612 1260 2685 ⁶ιταραγενόμενος)·
1302 2611 1489 2684 ἐτέρου
1541 2609 1628 2674 δὲ,
1661 2609 1756 2662 τοῦ
1804 2608 1902 2679 τὴν

317 2705 620 2778 πρεσϐείαν
653 2707 721 2759 δι’
749 2703 988 2777 ἐμαυτοῦ
1019 2704 1328 2778 πληρῶσαι,
1358 2705 1425 2776 ἢν
1452 2703 1766 2756 ἀποστεῖλαι
1790 2701 1902 2772 (72)

315 2800 460 2864 τέως
493 2798 799 2862 ἀπώκνουν,
846 2798 1170 2870 μικρότερον
1195 2797 1432 2868 ἐμαυτὸν
1463 2797 1661 2868 κρίνων
1689 2793 1720 2865 ἢ
1760 2795 1900 2848 ὥστε

314 2893 578 2962 τοιαύτης
623 2891 909 2962 τυγχάνειν
959 2891 1211 2962 χάριτος·
1250 2889 1346 2943 κα)⁹
1385 2889 1500 2960 ἅμα
1533 2887 1899 2959 λογιζόμενος,

315 2983 404 3039 ὅτι
435 2983 560 3038 οὔτε
593 2983 832 3055 ἄρχοντα
877 2981 1002 3035 οὔτε
1041 2981 1258 3054 ἰδιώτην
1286 2980 1426 3052 ὑπὲρ
1457 2978 1671 3044 οὐδενὸς
1713 2981 1778 3034 ἄν
1818 2996 1901 3041 τις

315 3076 494 3150 λέγων
523 3079 611 3132 διὰ
633 3079 973 3149 γραμμάτιον
1002 3077 1241 3132 πείσειεν
1265 3076 1459 3141 οὕτως,
1475 3076 1550 3140 ώς
1578 3075 1740 3140 αὐτὸς
1764 3091 1901 3146 παρ-

1937 1773 1984 1830 Β

2557 1767 2856 1819 Andronico
2886 1767 3028 1820 duci.

2085 1879 2138 1933 1.
2183 1878 2240 1932 Si
2273 1893 2504 1953 corpore
2535 1880 2606 1932 ita
2630 1881 2892 1943 valerem,
2929 1888 2988 1934 ut
3017 1880 3173 1935 facile
3196 1883 3592 1952 peregrinatio-

2009 1985 2132 2025 nem
2175 1971 2452 2025 sustinuere
2497 1987 2712 2040 possem
2759 1981 2812 2026 et
2853 1973 3049 2028 hiemis
3096 1973 3378 2031 molestias
3422 1974 3586 2030 ferre.

2007 2077 2116 2116 non
2145 2063 2394 2131 equidem
2421 2063 2754 2128 scriberem;
2789 2064 2882 2119 sed
2915 2063 3032 2134 ipse
3064 2065 3130 2120 ad
3163 2073 3313 2119 tuam
3362 2082 3589 2138 magna-

2005 2157 2307 2212 nimitatem
2337 2157 2716 2226 proficiscerer
2743 2157 2958 2212 duabus
2979 2158 3047 2213 de
3075 2159 3295 2226 causis;
3325 2167 3384 2213 ut
3411 2169 3467 2213 et
3497 2174 3590 2214 ve-

2007 2258 2097 2305 tus
2122 2248 2378 2320 promissi
2407 2248 2653 2303 debitum
2695 2250 3062 2318 persolverem
3094 2251 3242 2319 (nam
3267 2250 3586 2320 promisisse

2005 2347 2141 2407 scio,
2185 2350 2480 2398 venturum
2532 2358 2618 2396 me
2668 2341 3001 2408 SehaStiam,
3054 2352 3219 2412 atque
3261 2344 3582 2413 praestantia

2003 2442 2097 2489 tua
2138 2435 2434 2489 fruiturum
2462 2453 2473 2486 :
2501 2434 2648 2504 quod
2691 2434 2910 2504 quidem
2954 2433 3081 2499 feci,
3126 2435 3219 2490 sed
3251 2450 3584 2506 congressus

2003 2542 2229 2595 compos
2280 2543 2388 2582 non
2448 2526 2546 2590 fui,
2593 2528 3030 2597 proptereaquod
3074 2529 3237 2597 paulo
3279 2537 3402 2598 post
3434 2538 3580 2583 tuam

2002 2619 2328 2688 probitatem
2382 2618 2622 2688 adveni),
2672 2617 2868 2673 deinde
2919 2629 2978 2674 ut
3023 2628 3076 2673 et
3121 2619 3444 2690 legationem
3487 2635 3584 2690 per

2001 2727 2090 2768 me
2125 2712 2241 2782 ipse
2271 2712 2502 2775 obirem,
2547 2725 2711 2781 quam
2755 2710 2974 2766 mittere
3015 2710 3284 2766 hactenus
3329 2709 3583 2765 reformi-

2001 2803 2216 2872 dabam,
2251 2821 2359 2858 non
2395 2803 2527 2858 tanti
2571 2801 2780 2857 faciens
2822 2817 2928 2864 me,
2972 2809 3032 2856 ut
3060 2801 3331 2873 ejusmodi
3374 2803 3582 2858 benefi-

2002 2896 2148 2950 cium
2195 2910 2525 2966 consequar,
2557 2909 2622 2948 ac
2665 2893 2798 2949 illud
2827 2895 2990 2948 etiam
3017 2894 3264 2965 cogitans
3310 2893 3581 2948 neminem

1999 3003 2125 3044 esse
2155 2989 2248 3057 qui
2299 2988 2383 3042 vel
2414 2986 2648 3058 principi
2683 2987 2765 3042 vel
2797 2986 3010 3056 privato
3051 3001 3149 3056 per
3179 2987 3392 3042 litteras
3430 3002 3582 3057 teque

2001 3080 2335 3151 persuadere
2364 3081 2565 3151 possit,
2617 3095 2682 3134 ac
2732 3079 2776 3134 si
2824 3081 2941 3150 ipse
2988 3094 3172 3133 coram
3204 3078 3370 3144 adsit,
3420 3089 3474 3134 et
3512 3095 3580 3136 ex

312 3170 394 3226 ὼν
415 3213 431 3238 ,
465 3172 560 3225 δια)⁸
589 3173 660 3227 τὰ
697 3172 794 3243 μὲν
833 3171 1205 3243 ἀπολυόμενος
1228 3171 1340 3242 (75)
1381 3170 1488 3224 τῶν
1514 3169 1894 3240 ἐγκλημάτων,

2008 3172 2332 3227 criminibus
2363 3173 2469 3226 alia
2506 3171 2704 3235 diluat,
2739 3186 2839 3243 pro
2867 3171 2992 3227 aliis
3024 3171 3314 3242 supplicet,
3345 3172 3467 3256 aliis
3489 3188 3582 3227 ve‘

314 3265 388 3318 τὰ
409 3265 467 3318 δὲ
515 3263 808 3330 ἱκετεύων,
847 3267 959 3328 τοῖς
987 3264 1045 3317 δὲ
1093 3263 1424 3335 συγγνώμην
1459 3260 1900 3334 παραιτούμενος

314 3354 494 3426 ἔχειν’
543 3347 617 3408 ὧν
669 3355 820 3409 οὐδὲν
874 3355 941 3408 ἂν
984 3347 1181 3427 ῥᾳδίως
1211 3354 1276 3408 δι’
1329 3353 1619 3424 ἐπιστολῆς
1664 3353 1896 3422 γένοιτο.

314 3447 494 3500 Πᾶσιν
532 3442 626 3501 οὖν
657 3446 868 3512 τούτοις
897 3447 956 3500 ἓν
999 3447 1257 3510 ἀντιθεὶς,
1291 3445 1350 3499 σὲ
1387 3445 1486 3517 τὴν
1531 3445 1684 3499 Θείαν
1729 3464 1898 3514 κεφα-

311 3537 434 3608 λὴν,
465 3537 560 3590 καὶ
596 3537 679 3590 ὅτι
715 3536 1002 3609 ἐξαρκέσει
1032 3535 1132 3607 τὴν
1163 3534 1387 3605 γνώμην
1415 3533 1749 3600 ἐνδείξασθαι
1790 3549 1893 3597 σοι,

312 3629 383 3700 ῆν
423 3629 552 3700 περὶ
578 3627 674 3682 τοῦ
721 3630 1044 3700 πράγματος
1073 3629 1290 3700 ἔχομεν,
1320 3628 1388 3682 τὰ
1436 3627 1493 3680 δὲ
1536 3627 1696 3680 λοιπὰ
1726 3643 1895 3698 προσ-

309 3719 504 3791 θήσεις
558 3721 712 3792 παρὰ
763 3720 1024 3787 σεαυτοῦ,
1079 3721 1216 3792 πρὸς
1271 3721 1370 3790 τὴν
1426 3721 1736 3791 ἐγχείρησιν
1794 3720 1892 3772 οὐκ

309 3811 636 3884 ἀπώκνησα.

306 3971 628 4046 obtendere,
657 3972 846 4046 ώσπερ
875 3969 1214 4046 τινὰείκόνα
1251 3963 1535 4046 βασιλικὴν
1563 3966 1665 4046 τὴν
1687 3965 1886 4046 πολιᾶν

305 4045 342 4114 ἡ
352 4043 468 4114 μῶν
484 4035 917 4114 προᾷαλλόμὲνος
937 4040 1149 4114 καιτὴν
1177 4035 1499 4114 ἱερωσύνηνζ
1523 4035 1664 4090 Idem
1682 4035 1886 4104 Grego-

305 4109 682 4184 lfi'usora'tﬂﬁ,
703 4109 898 4184 ρξιοο,
923 4113 998 4184 ait
1015 4111 1082 4184 d_e
1106 4109 1531 4184 hlachabmorum
1551 4113 1887 4184 matre,1cpo-

305 4182 478 4237 ἐτεινε
493 4184 593 4254 τὴν
612 4176 802 4238 πολιὰν
813 4185 908 4237 κα).
923 4182 977 4234 τὲ
1078 4197 1174 4250 ρας
1191 4179 1469 4248 ἱκετηρίας
1486 4176 1848 4246 προυδάλλετο
1865 4217 1880 4239 ,

303 4252 651 4322 protendebat
694 4255 951 4322 canitiem,
972 4252 1098 4321 ﬁliis
1123 4253 1234 4305 suis
1265 4260 1312 4322 et
1349 4258 1663 4322 senectutem
1705 4255 1881 4322 osten-

303 4317 462 4395 ijebat
496 4324 634 4378 velut
656 4341 718 4378 ea
739 4341 857 4395 qua:
879 4321 953 4395 ad
972 4317 1380 4395 supplicandum
1402 4317 1658 4395 prtetendi
1690 4317 1880 4395 solent.

304 4391 474 4466 Begia
509 4395 690 4465 imago
721 4389 775 4449 in
810 4394 988 4466 primo
1033 4389 1344 4466 testimonio
1385 4389 1882 4466 adhibita,_probat

303 4462 361 4518 in
387 4459 570 4519 altero
619 4459 899 4537 ῖκετηρίαν
943 4479 1066 4519 esse
1099 4464 1315 4537 signum
1364 4459 1730 4537 supplicandi,
1775 4473 1884 4512 non

300 4537 610 4590 orationem
644 4529 971 4605 supplicem,
1000 4542 1061 4587 ut
1088 4529 1267 4586 visum
1294 4541 1378 4586 est
1409 4529 1585 4584 Billio.

374 4629 490 4696 (65)
536 4626 607 4681 Τὸ
652 4627 916 4698 μέτριον.
965 4624 1043 4679 Ita
1089 4621 1258 4680 Coisl.
1316 4630 1568 4690 uterque.
1630 4618 1772 4673 Editi
1826 4618 1887 4672 τὸ

376 4715 526 4750 τοον.

303 4696 867 4836 Υπάρχων.
899 4764 1066 4821 Coisl.
1103 4773 1158 4819 et
1184 4762 1323 4818 Med.
1355 4761 1632 4832 ἐπάρχων,

368 4859 486 4930 (6⁸1)
523 4858 840 4929 ’Λφεθῆναι
869 4857 1045 4930 αὐτῷ.
1075 4857 1229 4912 Unus
1252 4873 1318 4913 ex
1347 4853 1884 4930 Combefisianis‘eo-

297 4925 521 4984 dicibus
547 4925 735 4985 habet
757 4930 942 4984 αὐτόν.
974 4927 1152 4984 Simili
1187 4926 1659 4982 commendatione
1708 4925 1884 4978 utitur

296 5000 599 5076 Gregorius
622 5000 1020 5076 _Nazianzenus
1047 5001 1226 5076 epistn
1255 4997 1379 5076 ίξό,
1429 5005 1722 5076 narratque
1750 4994 1880 5076 olim

295 5066 592 5139 quemdam
621 5071 695 5124 ita
731 5071 798 5124 ad
830 5066 1096 5124 amicum'
1120 5067 1411 5139 scripsisse
1445 5066 1794 5139 εΤὺνΔζδεζνα,
1831 5066 1880 5139 εἰ

341 5141 396 5194 ὲν
421 5140 576 5192 οὐδὲν
623 5141 816 5204 ἀδικεῖ,
851 5141 941 5193 διὰ
971 5140 1032 5192 τὸ
1067 5135 1274 5193 δίκαιόν
1300 5137 1470 5205 ἄφες·
1511 5139 1560 5188 εί
1590 5135 1647 5188 δὲ
1679 5135 1877 5198 ἀδικεῖ,

341 5159 396 5194 εν
421 5158 576 5192 ουοεν
623 5158 816 5204 αοικει,
851 5158 941 5193 οια
971 5158 1032 5192 το
1067 5158 1274 5193 οικαιον
1300 5158 1470 5205 αφες-
1511 5158 1560 5188 ει
1590 5158 1647 5188 οε
1679 5158 1877 5198 αοικει,

295 5158 363 5262 δῖ’
393 5213 544 5282 ἡμᾶς
573 5210 726 5279 ἄφες·
774 5211 964 5274 Illum,
999 5210 1047 5282 si
1080 5210 1212 5264 nihil
1242 5209 1371 5262 mali
1398 5205 1638 5282 admisit,
1681 5205 1745 5259 ob
1785 5205 1880 5282 jus

293 5275 468 5347 ipsum
510 5290 560 5334 et
604 5275 911 5352 {equitatem
964 5280 1214 5344 absolve;
1248 5282 1299 5352 si
1345 5279 1584 5352 admisit,
1616 5277 1670 5329 in
1709 5275 1884 5352 nostri

291 5345 528 5419 gratiam
559 5345 785 5406 absolve.
811 5352 1005 5421 Liquet
1035 5359 1216 5405 autem
1243 5349 1376 5421 illud
1402 5349 1632 5421 crimen,
1663 5345 1882 5421 ouilia:

291 5415 452 5476 Silius
510 5423 723 5476 veniam
772 5415 1053 5492 precatur,
1091 5437 1200 5492 non
1250 5417 1554 5492 maiestatis
1590 5424 1686 5492 aut
1729 5415 1878 5492 aliud

291 5493 684 5561 gravissimum
714 5486 921 5547 crimen
958 5492 1146 5555 fuisse,
1179 5491 1233 5544 in
1275 5486 1386 5560 quo
1417 5489 1571 5543 locus
1609 5486 1878 5557 ejusmodi

291 5563 553 5632 precibus
582 5579 692 5618 non
728 5564 941 5618 fuisset.
1768 5590 1771 5592 -

385 5653 477 5720 68)
510 5651 934 5721 Παρ’ἐκάστῳ.
988 5655 1062 5708 Ita
1108 5653 1259 5708 Harl.
1292 5668 1418 5707 cum
1463 5651 1680 5706 duobus
1728 5649 1871 5704 aliis.

289 5719 436 5777 Ε(ιίιί
462 5719 608 5795 παρ⁴
632 5719 890 5776 ἐκάστουξ

615 5819 887 5880 Parnm.
919 5821 1038 5881 Gn.
1090 5819 1360 5882 XXXII.

1917 4425 2032 4508 DE

2003 3267 2149 3320 niam
2183 3275 2473 3335 precetur;
2505 3279 2739 3334 quorum
2777 3265 2913 3318 nihil
2947 3263 3105 3318 facile
3135 3263 3250 3318 fieri
3283 3264 3457 3334 possit
3488 3279 3582 3334 per

2001 3355 2314 3426 epistolam.
2369 3353 2514 3410 Sane
2554 3354 2640 3409 his
2686 3354 2944 3408 omnibus
2977 3368 3147 3407 unum
3188 3353 3395 3407 habens
3437 3352 3580 3424 quod

2001 3462 2296 3517 opponam,
2334 3454 2390 3501 te
2419 3447 2630 3502 scilicet
2665 3445 2911 3500 divinum
2955 3454 3142 3515 caput,
3175 3444 3263 3498 cui
3301 3444 3437 3499 satis
3478 3445 3580 3498 erit

1997 3550 2248 3594 nostram
2280 3537 2348 3593 de
2387 3554 2447 3594 re
2476 3539 2804 3593 sententiam
2840 3538 3158 3603 declarare;
3206 3537 3418 3606 reliqua
3450 3552 3580 3591 vero

2001 3632 2170 3686 addes
2202 3646 2268 3686 ex
2303 3632 2630 3700 temetipso;
2664 3646 2776 3684 rem
2823 3630 2942 3684 sine
2970 3629 3322 3683 cunctatione
3358 3643 3578 3698 aggres-

2001 3738 2097 3777 SIIS
2121 3737 2240 3776 sum
2261 3767 2276 3779 .

2066 3961 2177 4045 (69)
2225 3963 2591 4045 Ἀνδρονίκῳ.
2621 3965 3034 4045 Coisl;_pritnus
3064 3968 3233 4045 _addit
3265 3973 3404 4045 ύπὲρ
3436 3990 3572 4044 πρεο

1996 4033 2278 4108 σϐυτρρου,
2301 4051 2395 4103 pro
2420 4037 2742 4108 presbytero.
2769 4033 2859 4092 Sic
2883 4037 3047 4092 etiam
3064 4036 3187 4093 Vat.
3206 4050 3260 4096 et
3278 4033 3442 4108 Med.,
3470 4033 3574 4098 nisi

1995 4105 2148 4181 quod
2162 4106 2505 4181 _in__utr_oqt_te
2534 4107 2742 4181 legitur:
2757 4108 2866 4181 apo
2906 4108 3300 4181 πρεσϐυτέρου.

2066 4174 2191 4256 (πῃ
2211 4175 2378 4256 [Inpia
2401 4175 2517 4243 τὴν
2542 4174 2684 4256 effr.
2711 4174 2961 4256 Sic'mss.
2987 4195 3102 4233 sex.
3139 4174 3278 4236 Editi
3308 4183 3443 4256 προς
3473 4185 3570 4256 τὴν

1995 4244 2265 4321 σήλνηΜοξ
2291 4246 2452 4321 iidem
2480 4247 2719 4312 codices,
2745 4262 2853 4302 uno
2879 4247 3017 4304 forte
3040 4261 3288 4321 excepto,
3320 4244 3573 4308 παλαιόν.

1993 4314 2134 4369 Editi
2171 4316 2425 4379 παλαιᾶς.

2061 4386 2174 4456 (71)
2223 4386 2602 4444 Ἀπολαῦσαι.
2642 4388 2734 4444 Sic
2773 4399 2885 4445 tres
2932 4392 3294 4448 vetustissimi
3323 4393 3566 4449 codices.

2037 4456 2134 4509 diti
2169 4456 2519 4510 ἀπολαύσειν.

2061 4526 2174 4595 (72)
2218 4527 2628 4602 Ἀποστεῖλαια
2655 4529 2856 4585 Contra
2887 4531 3015 4585 editi
3052 4531 3374 4602 ὑποστῆναι,
3400 4531 3568 4602 Lega-

1991 4597 2220 4670 tjonem,
2279 4613 2441 4664 quam
2495 4601 2754 4656 sustinere
2812 4601 3065 4657 hactenus
3130 4597 3566 4670 reformidabam.

1988 4665 2261 4740 Quamvis
2283 4675 2465 4722 autem
2507 4671 2780 4740 scriptura
2813 4672 3024 4726 nitatur
3048 4665 3376 4728 auctoritate
3399 4673 3564 4726 trimn

1985 4737 2797 4812 vetustissimorumcodicum,
2841 4757 2952 4796 non
2993 4758 3218 4812 possum
3249 4755 3432 4798 tamen
3463 4743 3570 4796 hoc

1988 4807 2111 4861 loco
2141 4824 2248 4861 non
2281 4811 2404 4878 plus
2431 4811 2670 4867 tribuere
2697 4813 2874 4868 tribus
2897 4807 3019 4868 aliis
3045 4813 3328 4867 codicibus
3359 4828 3467 4866 non
3492 4815 3564 4866 ita

1987 4879 2241 4953 vetustis,
2277 4895 2470 4949 nempe
2499 4880 2784 4946 Vaticano,
2813 4883 2983 4938 Coisl.
3026 4883 3268 4939 secundo
3297 4889 3351 4936 et
3398 4883 3563 4953 Regia

1986 4952 2251 5020 secundo.
2285 4953 2567 5020 Itepugnat
2588 4955 2732 5007 enim
2761 4964 2815 5008 ut
2853 4954 3086 5007 Basilius
3114 4955 3261 5008 dicat
3293 4968 3352 5006 se
3376 4952 3566 5007 hacte-

1987 5033 2092 5072 nus
2127 5018 2518 5094 reformidasse
2556 5023 2700 5094 hanc
2753 5026 3093 5094 legationem
3127 5039 3222 5094 per
3270 5037 3330 5078 se
3377 5023 3563 5086 obire,

1985 5101 2110 5140 eum
2141 5092 2424 5158 conceptis
2457 5093 2640 5150 verbis
2671 5092 2910 5150 declaret
2945 5092 3218 5148 desiderio
3253 5106 3354 5148 suo
3385 5095 3556 5148 solam

1985 5160 2234 5233 corporis
2262 5159 2600 5233 debilitatem
2644 5165 2884 5220 obstare.
2930 5162 3075 5217 ldem
3121 5165 3353 5233 probant
3386 5165 3562 5217 allatae

1984 5227 2058 5304 ab
2087 5243 2154 5283 eo
2188 5231 2468 5304 rationes:
2507 5234 2702 5302 prima,
2753 5234 2899 5304 quod
2930 5235 3033 5288 sibi
3061 5227 3170 5287 no'n
3215 5242 3425 5288 tantum
3461 5235 3562 5287 tri-

1983 5296 2128 5376 buat_
2173 5308 2235 5354 ut
2271 5300 2328 5376 in
2357 5296 2624 5376 ejusmodi
2664 5296 2827 5360 rebus
2865 5319 2960 5373 per
2990 5304 3128 5376 alios
3148 5316 3285 5376 agat
3315 5323 3327 5357 :
3365 5305 3560 5369 altera,

1982 5369 2470 5451 quodnscriben‘do
2511 5375 2694 5429 minus
2734 5369 2899 5451 quam
2946 5369 3563 5451 adeundo'promoveri

1981 5441 2283 5564 intelligat).
2314 5441 2618 5498 Verebatur
2648 5441 2779 5516 ergo
2813 5445 3138 5515 legationem
3173 5445 3410 5510 mittere,
3449 5461 3555 5500 non

1981 5524 2079 5564 Der
2108 5526 2170 5564 se
2197 5526 2229 5564 ο
2273 5526 2367 5564 tre.

1981 5524 2079 5580 per
2108 5526 2170 5565 se
2197 5524 2368 5568 omre.

2054 5579 2166 5652 (75)
2208 5581 2660 5652 Ἄπολυόμενος.
2696 5585 2942 5652 Quatuor
2987 5584 3206 5642 codices
3259 5603 3366 5642 non
3411 5596 3565 5642 vetu-

1983 5651 2627 5724 ειὶεείιηίὰττοδυόμενος.
2728 5651 2733 5652 ί
2831 5686 2842 5697 ι

2054 5725 2070 5743 ’
2111 5721 2264 5777 Alias
2297 5721 2526 5780 CLXIV.
2569 5727 2782 5797 Scripta
2818 5742 2962 5782 anno
2993 5727 3118 5781 572.

3039 5830 3110 5888 17
