  <div class='ocr_page' id='page_1' title='image "/cluster/home/n/w/nwhite01/storage/ocr_20150623/32/mdp.39015011915462/273.png"; bbox 0 0 3988 6194; ppageno 0'>
   <div class='ocr_carea' id='block_1_1' title="bbox 332 347 400 404">
    <p class='ocr_par' dir='ltr' id='par_1_1' title="bbox 332 347 400 404">
     <span class='ocr_line' id='line_1_1' title="bbox 332 347 400 404; baseline -0.015 0"><span class='ocrx_word' id='word_1_1' title='bbox 332 347 400 404; x_wconf 69' lang='grc'>52</span> 
     </span>
    </p>
   </div>
   <div class='ocr_carea' id='block_1_2' title="bbox 402 330 437 505">
    <p class='ocr_par' dir='ltr' id='par_1_2' title="bbox 402 330 437 505">
     <span class='ocr_line' id='line_1_2' title="bbox 402 330 436 404; baseline 0 0"><span class='ocrx_word' id='word_1_2' title='bbox 402 330 436 404; x_wconf 68' lang='lat'>3</span> 
     </span>
     <span class='ocr_line' id='line_1_3' title="bbox 402 468 437 505; baseline 0 -6"><span class='ocrx_word' id='word_1_3' title='bbox 402 468 437 505; x_wconf 60' lang='grc' dir='ltr'><strong>ὃ</strong></span> 
     </span>
    </p>
   </div>
   <div class='ocr_carea' id='block_1_3' title="bbox 332 552 1903 630">
    <p class='ocr_par' dir='ltr' id='par_1_3' title="bbox 332 552 1903 630">
     <span class='ocr_line' id='line_1_4' title="bbox 332 552 1903 630; baseline -0.004 -12"><span class='ocrx_word' id='word_1_4' title='bbox 332 562 443 619; x_wconf 89' lang='lat' dir='ltr'><strong>rire</strong></span> <span class='ocrx_word' id='word_1_5' title='bbox 502 578 692 618; x_wconf 88' lang='lat' dir='ltr'><strong>vereor</strong></span> <span class='ocrx_word' id='word_1_6' title='bbox 739 576 804 615; x_wconf 87' lang='lat' dir='ltr'><strong>ac</strong></span> <span class='ocrx_word' id='word_1_7' title='bbox 860 552 1093 629; x_wconf 73' lang='lat' dir='ltr'><strong>refugio,</strong></span> <span class='ocrx_word' id='word_1_8' title='bbox 1130 574 1238 630; x_wconf 86' lang='lat' dir='ltr'><strong>qua</strong></span> <span class='ocrx_word' id='word_1_9' title='bbox 1276 558 1343 614; x_wconf 90' lang='lat' dir='ltr'><strong>de</strong></span> <span class='ocrx_word' id='word_1_10' title='bbox 1393 572 1559 614; x_wconf 88' lang='lat' dir='ltr'><strong>causa</strong></span> <span class='ocrx_word' id='word_1_11' title='bbox 1599 558 1903 613; x_wconf 89' lang='lat' dir='ltr'><strong>orationem</strong></span> 
     </span>
    </p>
   </div>
   <div class='ocr_carea' id='block_1_4' title="bbox 330 651 1909 711">
    <p class='ocr_par' dir='ltr' id='par_1_4' title="bbox 330 651 1909 711">
     <span class='ocr_line' id='line_1_5' title="bbox 330 651 1909 711; baseline -0.003 0"><span class='ocrx_word' id='word_1_12' title='bbox 330 654 634 711; x_wconf 79' lang='lat' dir='ltr'><strong>instituam.</strong></span> <span class='ocrx_word' id='word_1_13' title='bbox 683 652 1028 708; x_wconf 87' lang='lat' dir='ltr'><strong>Domitianus</strong></span> <span class='ocrx_word' id='word_1_14' title='bbox 1073 651 1162 707; x_wconf 88' lang='lat' dir='ltr'><strong>ille</strong></span> <span class='ocrx_word' id='word_1_15' title='bbox 1200 652 1549 707; x_wconf 88' lang='lat' dir='ltr'><strong>necessarius</strong></span> <span class='ocrx_word' id='word_1_16' title='bbox 1594 658 1784 705; x_wconf 91' lang='lat' dir='ltr'><strong>noster</strong></span> <span class='ocrx_word' id='word_1_17' title='bbox 1825 659 1909 706; x_wconf 90' lang='lat' dir='ltr'><strong>est</strong></span> 
     </span>
    </p>
   </div>
   <div class='ocr_carea' id='block_1_5' title="bbox 329 740 1911 815">
    <p class='ocr_par' dir='ltr' id='par_1_5' title="bbox 329 740 1911 815">
     <span class='ocr_line' id='line_1_6' title="bbox 329 740 1911 815; baseline -0.006 -13"><span class='ocrx_word' id='word_1_18' title='bbox 329 744 403 802; x_wconf 85' lang='lat' dir='ltr'><strong>ab</strong></span> <span class='ocrx_word' id='word_1_19' title='bbox 425 746 651 815; x_wconf 88' lang='lat' dir='ltr'><strong>antiquo</strong></span> <span class='ocrx_word' id='word_1_20' title='bbox 687 754 754 799; x_wconf 69' lang='lat' dir='ltr'><strong>ex</strong></span> <span class='ocrx_word' id='word_1_21' title='bbox 790 743 1132 814; x_wconf 90' lang='lat' dir='ltr'><strong>parentibus,</strong></span> <span class='ocrx_word' id='word_1_22' title='bbox 1177 742 1258 797; x_wconf 91' lang='lat' dir='ltr'><strong>sic</strong></span> <span class='ocrx_word' id='word_1_23' title='bbox 1289 751 1347 796; x_wconf 90' lang='lat' dir='ltr'><strong>ut</strong></span> <span class='ocrx_word' id='word_1_24' title='bbox 1376 742 1512 796; x_wconf 85' lang='lat' dir='ltr'><strong>nihil</strong></span> <span class='ocrx_word' id='word_1_25' title='bbox 1546 741 1771 796; x_wconf 86' lang='lat' dir='ltr'><strong>omnino</strong></span> <span class='ocrx_word' id='word_1_26' title='bbox 1802 740 1911 796; x_wconf 83' lang='lat' dir='ltr'><strong>dif-</strong></span> 
     </span>
    </p>
   </div>
   <div class='ocr_carea' id='block_1_6' title="bbox 329 832 1911 903">
    <p class='ocr_par' dir='ltr' id='par_1_6' title="bbox 329 832 1911 903">
     <span class='ocr_line' id='line_1_7' title="bbox 329 832 1911 903; baseline -0.003 -10"><span class='ocrx_word' id='word_1_27' title='bbox 329 835 472 895; x_wconf 79' lang='lat' dir='ltr'><strong>ferat</strong></span> <span class='ocrx_word' id='word_1_28' title='bbox 508 851 539 891; x_wconf 89' lang='lat' dir='ltr'><strong>a</strong></span> <span class='ocrx_word' id='word_1_29' title='bbox 586 835 778 890; x_wconf 84' lang='lat' dir='ltr'><strong>fratre.</strong></span> <span class='ocrx_word' id='word_1_30' title='bbox 814 834 1180 901; x_wconf 84' lang='lat' dir='ltr'><strong>Quamobrem</strong></span> <span class='ocrx_word' id='word_1_31' title='bbox 1215 834 1361 888; x_wconf 88' lang='lat' dir='ltr'><strong>enim</strong></span> <span class='ocrx_word' id='word_1_32' title='bbox 1412 832 1560 903; x_wconf 89' lang='lat' dir='ltr'><strong>quod</strong></span> <span class='ocrx_word' id='word_1_33' title='bbox 1592 848 1783 888; x_wconf 82' lang='lat' dir='ltr'><strong>verum</strong></span> <span class='ocrx_word' id='word_1_34' title='bbox 1826 841 1911 888; x_wconf 91' lang='lat' dir='ltr'><strong>est</strong></span> 
     </span>
    </p>
   </div>
   <div class='ocr_carea' id='block_1_7' title="bbox 330 921 1911 992">
    <p class='ocr_par' dir='ltr' id='par_1_7' title="bbox 330 921 1911 992">
     <span class='ocr_line' id='line_1_8' title="bbox 330 921 1911 992; baseline -0.003 -12"><span class='ocrx_word' id='word_1_35' title='bbox 330 940 439 980; x_wconf 94' lang='lat' dir='ltr'><strong>non</strong></span> <span class='ocrx_word' id='word_1_36' title='bbox 470 924 691 979; x_wconf 83' lang='lat' dir='ltr'><strong>dicam?</strong></span> <span class='ocrx_word' id='word_1_37' title='bbox 721 922 929 979; x_wconf 90' lang='lat' dir='ltr'><strong>Deinde</strong></span> <span class='ocrx_word' id='word_1_38' title='bbox 960 932 1184 977; x_wconf 84' lang='lat' dir='ltr'><strong>causam</strong></span> <span class='ocrx_word' id='word_1_39' title='bbox 1218 921 1465 987; x_wconf 87' lang='lat' dir='ltr'><strong>edoctus,</strong></span> <span class='ocrx_word' id='word_1_40' title='bbox 1500 922 1572 977; x_wconf 89' lang='lat' dir='ltr'><strong>ob</strong></span> <span class='ocrx_word' id='word_1_41' title='bbox 1599 936 1761 992; x_wconf 87' lang='lat' dir='ltr'><strong>quam</strong></span> <span class='ocrx_word' id='word_1_42' title='bbox 1795 921 1911 976; x_wconf 63' lang='lat' dir='ltr'><strong>bmc</strong></span> 
     </span>
    </p>
   </div>
   <div class='ocr_carea' id='block_1_8' title="bbox 330 1011 1913 1088">
    <p class='ocr_par' dir='ltr' id='par_1_8' title="bbox 330 1011 1913 1088">
     <span class='ocr_line' id='line_1_9' title="bbox 330 1011 1913 1088; baseline -0.003 -16"><span class='ocrx_word' id='word_1_43' title='bbox 330 1017 575 1088; x_wconf 75' lang='lat' dir='ltr'><strong>pertulit,</strong></span> <span class='ocrx_word' id='word_1_44' title='bbox 607 1017 830 1087; x_wconf 83' lang='lat' dir='ltr'><strong>dignum</strong></span> <span class='ocrx_word' id='word_1_45' title='bbox 858 1030 981 1071; x_wconf 90' lang='lat' dir='ltr'><strong>esse</strong></span> <span class='ocrx_word' id='word_1_46' title='bbox 1012 1015 1125 1070; x_wconf 80' lang='lat' dir='ltr'><strong>dixi</strong></span> <span class='ocrx_word' id='word_1_47' title='bbox 1162 1014 1357 1084; x_wconf 89' lang='lat' dir='ltr'><strong>quisic</strong></span> <span class='ocrx_word' id='word_1_48' title='bbox 1384 1020 1685 1085; x_wconf 86' lang='lat' dir='ltr'><strong>pateretur.</strong></span> <span class='ocrx_word' id='word_1_49' title='bbox 1724 1011 1913 1085; x_wconf 85' lang='lat' dir='ltr'><strong>Neque</strong></span> 
     </span>
    </p>
   </div>
   <div class='ocr_carea' id='block_1_9' title="bbox 329 1105 1911 1180">
    <p class='ocr_par' dir='ltr' id='par_1_9' title="bbox 329 1105 1911 1180">
     <span class='ocr_line' id='line_1_10' title="bbox 329 1105 1911 1180; baseline -0.004 -15"><span class='ocrx_word' id='word_1_50' title='bbox 329 1111 472 1165; x_wconf 90' lang='lat' dir='ltr'><strong>enim</strong></span> <span class='ocrx_word' id='word_1_51' title='bbox 504 1110 796 1180; x_wconf 82' lang='lat' dir='ltr'><strong>quisquam</strong></span> <span class='ocrx_word' id='word_1_52' title='bbox 847 1108 939 1173; x_wconf 88' lang='lat' dir='ltr'><strong>sit,</strong></span> <span class='ocrx_word' id='word_1_53' title='bbox 975 1109 1071 1178; x_wconf 88' lang='lat' dir='ltr'><strong>qui</strong></span> <span class='ocrx_word' id='word_1_54' title='bbox 1114 1108 1160 1162; x_wconf 87' lang='lat' dir='ltr'><strong>si</strong></span> <span class='ocrx_word' id='word_1_55' title='bbox 1205 1122 1395 1177; x_wconf 89' lang='lat' dir='ltr'><strong>parum</strong></span> <span class='ocrx_word' id='word_1_56' title='bbox 1439 1114 1533 1159; x_wconf 89' lang='lat' dir='ltr'><strong>aut</strong></span> <span class='ocrx_word' id='word_1_57' title='bbox 1585 1106 1816 1159; x_wconf 90' lang='lat' dir='ltr'><strong>multum</strong></span> <span class='ocrx_word' id='word_1_58' title='bbox 1856 1105 1911 1159; x_wconf 93' lang='lat' dir='ltr'><strong>in</strong></span> 
     </span>
    </p>
   </div>
   <div class='ocr_carea' id='block_1_10' title="bbox 329 1196 1912 1271">
    <p class='ocr_par' dir='ltr' id='par_1_10' title="bbox 329 1196 1912 1271">
     <span class='ocr_line' id='line_1_11' title="bbox 329 1196 1912 1271; baseline -0.001 -16"><span class='ocrx_word' id='word_1_59' title='bbox 329 1211 477 1256; x_wconf 87' lang='lat' dir='ltr'><strong>tuam</strong></span> <span class='ocrx_word' id='word_1_60' title='bbox 532 1202 791 1255; x_wconf 86' lang='lat' dir='ltr'><strong>virtutem</strong></span> <span class='ocrx_word' id='word_1_61' title='bbox 852 1199 1184 1271; x_wconf 75' lang='lat' dir='ltr'><strong>peccaverit,</strong></span> <span class='ocrx_word' id='word_1_62' title='bbox 1235 1213 1451 1269; x_wconf 65' lang='lat' dir='ltr'><strong>plenam</strong></span> <span class='ocrx_word' id='word_1_63' title='bbox 1507 1197 1753 1268; x_wconf 77' lang='lat' dir='ltr'><strong>eﬂ&#39;ugiat.</strong></span> <span class='ocrx_word' id='word_1_64' title='bbox 1804 1196 1912 1253; x_wconf 87' lang='lat' dir='ltr'><strong>Sed</strong></span> 
     </span>
    </p>
   </div>
   <div class='ocr_carea' id='block_1_11' title="bbox 329 1289 1916 1364">
    <p class='ocr_par' dir='ltr' id='par_1_11' title="bbox 329 1289 1916 1364">
     <span class='ocr_line' id='line_1_12' title="bbox 329 1289 1916 1364; baseline -0.003 -17"><span class='ocrx_word' id='word_1_65' title='bbox 329 1294 589 1364; x_wconf 90' lang='lat' dir='ltr'><strong>quoniam</strong></span> <span class='ocrx_word' id='word_1_66' title='bbox 622 1292 872 1347; x_wconf 82' lang='lat' dir='ltr'><strong>videmus</strong></span> <span class='ocrx_word' id='word_1_67' title='bbox 907 1293 1053 1347; x_wconf 90' lang='lat' dir='ltr'><strong>hunc</strong></span> <span class='ocrx_word' id='word_1_68' title='bbox 1087 1292 1144 1346; x_wconf 89' lang='lat' dir='ltr'><strong>in</strong></span> <span class='ocrx_word' id='word_1_69' title='bbox 1192 1299 1339 1347; x_wconf 89' lang='lat' dir='ltr'><strong>metu</strong></span> <span class='ocrx_word' id='word_1_70' title='bbox 1386 1299 1440 1346; x_wconf 89' lang='lat' dir='ltr'><strong>et</strong></span> <span class='ocrx_word' id='word_1_71' title='bbox 1485 1290 1783 1362; x_wconf 82' lang='lat' dir='ltr'><strong>ignominia</strong></span> <span class='ocrx_word' id='word_1_72' title='bbox 1819 1289 1916 1344; x_wconf 83' lang='lat' dir='ltr'><strong>de-</strong></span> 
     </span>
    </p>
   </div>
   <div class='ocr_carea' id='block_1_12' title="bbox 329 1380 1911 1455">
    <p class='ocr_par' dir='ltr' id='par_1_12' title="bbox 329 1380 1911 1455">
     <span class='ocr_line' id='line_1_13' title="bbox 329 1380 1911 1455; baseline -0.004 -15"><span class='ocrx_word' id='word_1_73' title='bbox 329 1393 568 1455; x_wconf 81' lang='lat' dir='ltr'><strong>gentem,</strong></span> <span class='ocrx_word' id='word_1_74' title='bbox 609 1386 952 1453; x_wconf 86' lang='lat' dir='ltr'><strong>salutemque</strong></span> <span class='ocrx_word' id='word_1_75' title='bbox 995 1383 1170 1454; x_wconf 90' lang='lat' dir='ltr'><strong>ipsius</strong></span> <span class='ocrx_word' id='word_1_76' title='bbox 1206 1382 1260 1436; x_wconf 93' lang='lat' dir='ltr'><strong>in</strong></span> <span class='ocrx_word' id='word_1_77' title='bbox 1289 1391 1379 1437; x_wconf 88' lang='lat' dir='ltr'><strong>tua</strong></span> <span class='ocrx_word' id='word_1_78' title='bbox 1409 1382 1680 1438; x_wconf 87' lang='lat' dir='ltr'><strong>sententia</strong></span> <span class='ocrx_word' id='word_1_79' title='bbox 1724 1380 1911 1445; x_wconf 88' lang='lat' dir='ltr'><strong>sitam,</strong></span> 
     </span>
    </p>
   </div>
   <div class='ocr_carea' id='block_1_13' title="bbox 329 1472 1916 1544">
    <p class='ocr_par' dir='ltr' id='par_1_13' title="bbox 329 1472 1916 1544">
     <span class='ocr_line' id='line_1_14' title="bbox 329 1472 1916 1544; baseline -0.003 -13"><span class='ocrx_word' id='word_1_80' title='bbox 329 1476 468 1531; x_wconf 87' lang='lat' dir='ltr'><strong>satis</strong></span> <span class='ocrx_word' id='word_1_81' title='bbox 497 1474 652 1529; x_wconf 89' lang='lat' dir='ltr'><strong>illum</strong></span> <span class='ocrx_word' id='word_1_82' title='bbox 689 1488 864 1544; x_wconf 64' lang='lat' dir='ltr'><strong>pinna:</strong></span> <span class='ocrx_word' id='word_1_83' title='bbox 910 1472 1536 1542; x_wconf 82' lang='lat' dir='ltr'><strong>dedissejudicavimus,</strong></span> <span class='ocrx_word' id='word_1_84' title='bbox 1570 1481 1646 1535; x_wconf 89' lang='lat' dir='ltr'><strong>et,</strong></span> <span class='ocrx_word' id='word_1_85' title='bbox 1701 1481 1760 1526; x_wconf 93' lang='lat' dir='ltr'><strong>ut</strong></span> <span class='ocrx_word' id='word_1_86' title='bbox 1799 1487 1916 1526; x_wconf 88' lang='lat' dir='ltr'><strong>ma-</strong></span> 
     </span>
    </p>
   </div>
   <div class='ocr_carea' id='block_1_14' title="bbox 330 1564 1914 1638">
    <p class='ocr_par' dir='ltr' id='par_1_14' title="bbox 330 1564 1914 1638">
     <span class='ocr_line' id='line_1_15' title="bbox 330 1564 1914 1638; baseline -0.001 -18"><span class='ocrx_word' id='word_1_87' title='bbox 330 1566 652 1638; x_wconf 76' lang='lat' dir='ltr'><strong>gnanimum</strong></span> <span class='ocrx_word' id='word_1_88' title='bbox 685 1565 948 1636; x_wconf 84' lang='lat' dir='ltr'><strong>quiddam</strong></span> <span class='ocrx_word' id='word_1_89' title='bbox 984 1564 1147 1620; x_wconf 88' lang='lat' dir='ltr'><strong>simul</strong></span> <span class='ocrx_word' id='word_1_90' title='bbox 1170 1572 1223 1619; x_wconf 83' lang='lat' dir='ltr'><strong>et</strong></span> <span class='ocrx_word' id='word_1_91' title='bbox 1248 1565 1548 1619; x_wconf 85' lang='lat' dir='ltr'><strong>humanum</strong></span> <span class='ocrx_word' id='word_1_92' title='bbox 1574 1564 1641 1620; x_wconf 90' lang='lat' dir='ltr'><strong>de</strong></span> <span class='ocrx_word' id='word_1_93' title='bbox 1672 1580 1738 1620; x_wconf 92' lang='lat' dir='ltr'><strong>eo</strong></span> <span class='ocrx_word' id='word_1_94' title='bbox 1768 1564 1914 1635; x_wconf 81' lang='lat' dir='ltr'><strong>cogi-</strong></span> 
     </span>
    </p>
   </div>
   <div class='ocr_carea' id='block_1_15' title="bbox 332 1656 1918 1728">
    <p class='ocr_par' dir='ltr' id='par_1_15' title="bbox 332 1656 1918 1728">
     <span class='ocr_line' id='line_1_16' title="bbox 332 1656 1918 1728; baseline -0.001 -15"><span class='ocrx_word' id='word_1_95' title='bbox 332 1667 436 1723; x_wconf 89' lang='lat' dir='ltr'><strong>tes,</strong></span> <span class='ocrx_word' id='word_1_96' title='bbox 473 1658 851 1714; x_wconf 90' lang='lat' dir='ltr'><strong>obsecramus.</strong></span> <span class='ocrx_word' id='word_1_97' title='bbox 902 1656 1039 1711; x_wconf 90' lang='lat' dir='ltr'><strong>Nam</strong></span> <span class='ocrx_word' id='word_1_98' title='bbox 1073 1658 1305 1712; x_wconf 80' lang='lat' dir='ltr'><strong>rebelles</strong></span> <span class='ocrx_word' id='word_1_99' title='bbox 1330 1657 1434 1713; x_wconf 91' lang='lat' dir='ltr'><strong>sub</strong></span> <span class='ocrx_word' id='word_1_100' title='bbox 1476 1664 1798 1728; x_wconf 86' lang='lat' dir='ltr'><strong>potestatem</strong></span> <span class='ocrx_word' id='word_1_101' title='bbox 1840 1670 1918 1711; x_wconf 86' lang='lat' dir='ltr'><strong>re-</strong></span> 
     </span>
    </p>
   </div>
   <div class='ocr_carea' id='block_1_16' title="bbox 333 1750 1916 1822">
    <p class='ocr_par' dir='ltr' id='par_1_16' title="bbox 333 1750 1916 1822">
     <span class='ocr_line' id='line_1_17' title="bbox 333 1750 1916 1822; baseline -0.002 -16"><span class='ocrx_word' id='word_1_102' title='bbox 333 1751 543 1822; x_wconf 83' lang='lat' dir='ltr'><strong>digere,</strong></span> <span class='ocrx_word' id='word_1_103' title='bbox 589 1759 644 1805; x_wconf 88' lang='lat' dir='ltr'><strong>et</strong></span> <span class='ocrx_word' id='word_1_104' title='bbox 670 1750 834 1806; x_wconf 80' lang='lat' dir='ltr'><strong>fortis</strong></span> <span class='ocrx_word' id='word_1_105' title='bbox 878 1757 963 1806; x_wconf 92' lang='lat' dir='ltr'><strong>est</strong></span> <span class='ocrx_word' id='word_1_106' title='bbox 1003 1750 1126 1812; x_wconf 85' lang='lat' dir='ltr'><strong>viri.</strong></span> <span class='ocrx_word' id='word_1_107' title='bbox 1174 1760 1229 1805; x_wconf 91' lang='lat' dir='ltr'><strong>et</strong></span> <span class='ocrx_word' id='word_1_108' title='bbox 1275 1765 1406 1805; x_wconf 83' lang='lat' dir='ltr'><strong>vere</strong></span> <span class='ocrx_word' id='word_1_109' title='bbox 1455 1750 1777 1821; x_wconf 89' lang='lat' dir='ltr'><strong>imperantis</strong></span> <span class='ocrx_word' id='word_1_110' title='bbox 1813 1767 1826 1803; x_wconf 89' lang='lat'><strong>:</strong></span> <span class='ocrx_word' id='word_1_111' title='bbox 1861 1755 1916 1803; x_wconf 90' lang='lat' dir='ltr'><strong>at</strong></span> 
     </span>
    </p>
   </div>
   <div class='ocr_carea' id='block_1_17' title="bbox 1658 324 2257 404">
    <p class='ocr_par' dir='ltr' id='par_1_17' title="bbox 1658 324 2257 404">
     <span class='ocr_line' id='line_1_18' title="bbox 1658 324 2257 404; baseline -0.002 -2"><span class='ocrx_word' id='word_1_112' title='bbox 1658 342 1716 402; x_wconf 87' lang='lat' dir='ltr'><strong>s.</strong></span> <span class='ocrx_word' id='word_1_113' title='bbox 1756 324 2005 400; x_wconf 71' lang='lat' dir='ltr'><strong>BASlLll</strong></span> <span class='ocrx_word' id='word_1_114' title='bbox 2043 346 2257 404; x_wconf 74' lang='lat' dir='ltr'><strong>MAGNI</strong></span> 
     </span>
    </p>
   </div>
   <div class='ocr_carea' id='block_1_18' title="bbox 406 452 1922 543">
    <p class='ocr_par' dir='ltr' id='par_1_18' title="bbox 406 452 1909 540">
     <span class='ocr_line' id='line_1_19' title="bbox 406 452 1909 540; baseline 0 -18"><span class='ocrx_word' id='word_1_115' title='bbox 406 468 458 522; x_wconf 69' lang='grc' dir='ltr'><strong>Ξ.</strong></span> <span class='ocrx_word' id='word_1_116' title='bbox 501 471 571 523; x_wconf 82' lang='lat' dir='ltr'><strong>At</strong></span> <span class='ocrx_word' id='word_1_117' title='bbox 604 452 755 524; x_wconf 82' lang='lat' dir='ltr'><strong>vides</strong></span> <span class='ocrx_word' id='word_1_118' title='bbox 787 466 1064 540; x_wconf 89' lang='lat' dir='ltr'><strong>quomodo</strong></span> <span class='ocrx_word' id='word_1_119' title='bbox 1094 462 1421 521; x_wconf 82' lang='lat' dir='ltr'><strong>circuitione</strong></span> <span class='ocrx_word' id='word_1_120' title='bbox 1446 472 1587 533; x_wconf 88' lang='lat' dir='ltr'><strong>utar,</strong></span> <span class='ocrx_word' id='word_1_121' title='bbox 1624 465 1754 520; x_wconf 91' lang='lat' dir='ltr'><strong>dum</strong></span> <span class='ocrx_word' id='word_1_122' title='bbox 1788 480 1909 537; x_wconf 87' lang='lat' dir='ltr'><strong>ape-</strong></span> 
     </span>
    </p>
   </div>
   <div class='ocr_carea' id='block_1_19' title="bbox 2030 452 3597 543">
    <p class='ocr_par' dir='ltr' id='par_1_19' title="bbox 2080 462 3597 543">
     <span class='ocr_line' id='line_1_20' title="bbox 2080 462 3597 543; baseline 0.002 -21"><span class='ocrx_word' id='word_1_123' title='bbox 2080 467 2135 522; x_wconf 76' lang='grc'><strong>2.</strong></span> <span class='ocrx_word' id='word_1_124' title='bbox 2189 462 2329 521; x_wconf 84' lang='grc' dir='ltr'>Ἀλλ’</span> <span class='ocrx_word' id='word_1_125' title='bbox 2385 470 2518 542; x_wconf 82' lang='grc' dir='ltr'>ὁρᾷς</span> <span class='ocrx_word' id='word_1_126' title='bbox 2554 469 2703 535; x_wconf 80' lang='grc' dir='ltr'>ὅπως</span> <span class='ocrx_word' id='word_1_127' title='bbox 2757 470 2942 543; x_wconf 81' lang='grc' dir='ltr'><strong>κύκλῳ</strong></span> <span class='ocrx_word' id='word_1_128' title='bbox 2986 471 3233 543; x_wconf 83' lang='grc' dir='ltr'><strong>περίειμι</strong></span> <span class='ocrx_word' id='word_1_129' title='bbox 3276 470 3452 525; x_wconf 86' lang='grc' dir='ltr'>ὀκνῶν</span> <span class='ocrx_word' id='word_1_130' title='bbox 3496 472 3597 525; x_wconf 81' lang='grc' dir='ltr'>καὶ</span> 
     </span>
    </p>
   </div>
   <div class='ocr_carea' id='block_1_20' title="bbox 3486 354 3597 411">
    <p class='ocr_par' dir='ltr' id='par_1_20' title="bbox 3486 354 3597 411">
     <span class='ocr_line' id='line_1_21' title="bbox 3486 354 3597 411; baseline -0.018 0"><span class='ocrx_word' id='word_1_131' title='bbox 3486 354 3597 411; x_wconf 67' lang='lat'><strong>52-1</strong></span> 
     </span>
    </p>
   </div>
   <div class='ocr_carea' id='block_1_21' title="bbox 2017 554 3595 633">
    <p class='ocr_par' dir='ltr' id='par_1_21' title="bbox 2017 554 3595 633">
     <span class='ocr_line' id='line_1_22' title="bbox 2017 554 3595 633; baseline 0.003 -21"><span class='ocrx_word' id='word_1_132' title='bbox 2017 558 2377 631; x_wconf 77' lang='grc' dir='ltr'><strong>ἀναδυόμενος</strong></span> <span class='ocrx_word' id='word_1_133' title='bbox 2403 561 2502 632; x_wconf 84' lang='grc' dir='ltr'>τὴν</span> <span class='ocrx_word' id='word_1_134' title='bbox 2528 563 2707 617; x_wconf 85' lang='grc' dir='ltr'><strong>αἰτίαν</strong></span> <span class='ocrx_word' id='word_1_135' title='bbox 2742 563 3019 633; x_wconf 76' lang='grc' dir='ltr'>ἐκφαίνειν</span> <span class='ocrx_word' id='word_1_136' title='bbox 3050 562 3194 632; x_wconf 76' lang='grc' dir='ltr'>ὑπὲρ</span> <span class='ocrx_word' id='word_1_137' title='bbox 3224 554 3301 615; x_wconf 82' lang='grc' dir='ltr'><strong>ὧν</strong></span> <span class='ocrx_word' id='word_1_138' title='bbox 3327 560 3595 632; x_wconf 80' lang='grc' dir='ltr'><strong>ποιοῦμαι</strong></span> 
     </span>
    </p>
   </div>
   <div class='ocr_carea' id='block_1_22' title="bbox 2013 650 3596 726">
    <p class='ocr_par' dir='ltr' id='par_1_22' title="bbox 2013 650 3596 726">
     <span class='ocr_line' id='line_1_23' title="bbox 2013 650 3596 726; baseline 0.002 -22"><span class='ocrx_word' id='word_1_139' title='bbox 2013 652 2141 716; x_wconf 78' lang='grc' dir='ltr'>τοὺς</span> <span class='ocrx_word' id='word_1_140' title='bbox 2171 651 2382 721; x_wconf 88' lang='grc' dir='ltr'>λόγους.</span> <span class='ocrx_word' id='word_1_141' title='bbox 2411 654 2739 725; x_wconf 83' lang='grc' dir='ltr'>Δομετιανὸς</span> <span class='ocrx_word' id='word_1_142' title='bbox 2765 650 2920 719; x_wconf 72' lang='grc' dir='ltr'>οὗτος</span> <span class='ocrx_word' id='word_1_143' title='bbox 2951 655 3255 726; x_wconf 73' lang='grc' dir='ltr'>ἐπιτήδειος</span> <span class='ocrx_word' id='word_1_144' title='bbox 3283 655 3415 725; x_wconf 81' lang='grc' dir='ltr'>ἡμῖν</span> <span class='ocrx_word' id='word_1_145' title='bbox 3444 656 3596 708; x_wconf 77' lang='grc' dir='ltr'>ἐστιν</span> 
     </span>
    </p>
   </div>
   <div class='ocr_carea' id='block_1_23' title="bbox 2014 742 3597 816">
    <p class='ocr_par' dir='ltr' id='par_1_23' title="bbox 2014 742 3597 816">
     <span class='ocr_line' id='line_1_24' title="bbox 2014 742 3597 816; baseline 0.003 -20"><span class='ocrx_word' id='word_1_146' title='bbox 2014 745 2080 797; x_wconf 82' lang='grc' dir='ltr'>ὲκ</span> <span class='ocrx_word' id='word_1_147' title='bbox 2116 742 2225 797; x_wconf 85' lang='grc' dir='ltr'>τῶν</span> <span class='ocrx_word' id='word_1_148' title='bbox 2269 744 2471 814; x_wconf 79' lang='grc' dir='ltr'>γονέων</span> <span class='ocrx_word' id='word_1_149' title='bbox 2513 745 2717 800; x_wconf 82' lang='grc' dir='ltr'>ἄνωθεν</span> <span class='ocrx_word' id='word_1_150' title='bbox 2742 763 2756 778; x_wconf 76' lang='grc' dir='ltr'><strong>ο</strong></span> <span class='ocrx_word' id='word_1_151' title='bbox 2804 747 2947 801; x_wconf 84' lang='grc' dir='ltr'>ὥστε</span> <span class='ocrx_word' id='word_1_152' title='bbox 2984 745 3213 816; x_wconf 83' lang='grc' dir='ltr'>ἀδελφοῦ</span> <span class='ocrx_word' id='word_1_153' title='bbox 3262 746 3382 816; x_wconf 82' lang='grc' dir='ltr'>μηδ’</span> <span class='ocrx_word' id='word_1_154' title='bbox 3413 745 3597 800; x_wconf 79' lang='grc' dir='ltr'>ὁτιοῦν</span> 
     </span>
    </p>
   </div>
   <div class='ocr_carea' id='block_1_24' title="bbox 2013 833 3599 910">
    <p class='ocr_par' dir='ltr' id='par_1_24' title="bbox 2013 833 3599 910">
     <span class='ocr_line' id='line_1_25' title="bbox 2013 833 3599 910; baseline 0.003 -23"><span class='ocrx_word' id='word_1_155' title='bbox 2013 833 2313 906; x_wconf 79' lang='grc' dir='ltr'><strong>διαφέρειν.</strong></span> <span class='ocrx_word' id='word_1_156' title='bbox 2351 836 2416 888; x_wconf 93' lang='grc' dir='ltr'><strong>Τί</strong></span> <span class='ocrx_word' id='word_1_157' title='bbox 2466 836 2572 909; x_wconf 84' lang='grc' dir='ltr'>γὰρ</span> <span class='ocrx_word' id='word_1_158' title='bbox 2618 837 2682 891; x_wconf 84' lang='grc' dir='ltr'><strong>ἄν</strong></span> <span class='ocrx_word' id='word_1_159' title='bbox 2716 856 2799 902; x_wconf 86' lang='grc' dir='ltr'><strong>τις</strong></span> <span class='ocrx_word' id='word_1_160' title='bbox 2857 838 2933 910; x_wconf 85' lang='grc' dir='ltr'>μὴ</span> <span class='ocrx_word' id='word_1_161' title='bbox 2984 837 3194 910; x_wconf 88' lang='grc' dir='ltr'>τάληθῆ</span> <span class='ocrx_word' id='word_1_162' title='bbox 3240 837 3422 906; x_wconf 86' lang='grc' dir='ltr'>λέγοι;</span> <span class='ocrx_word' id='word_1_163' title='bbox 3460 834 3599 891; x_wconf 78' lang='grc' dir='ltr'>Εἶτα</span> 
     </span>
    </p>
   </div>
   <div class='ocr_carea' id='block_1_25' title="bbox 2014 924 3599 1001">
    <p class='ocr_par' dir='ltr' id='par_1_25' title="bbox 2014 924 3599 1001">
     <span class='ocr_line' id='line_1_26' title="bbox 2014 924 3599 1001; baseline 0.003 -23"><span class='ocrx_word' id='word_1_164' title='bbox 2014 924 2112 997; x_wconf 76' lang='grc' dir='ltr'>τὴν</span> <span class='ocrx_word' id='word_1_165' title='bbox 2144 926 2323 980; x_wconf 83' lang='grc' dir='ltr'>αἰτίαν</span> <span class='ocrx_word' id='word_1_166' title='bbox 2367 928 2628 997; x_wconf 86' lang='grc' dir='ltr'>μαθόντες</span> <span class='ocrx_word' id='word_1_167' title='bbox 2665 929 2756 999; x_wconf 82' lang='grc' dir='ltr'>ἀφ’</span> <span class='ocrx_word' id='word_1_168' title='bbox 2798 924 2867 1001; x_wconf 80' lang='grc' dir='ltr'>ἧς</span> <span class='ocrx_word' id='word_1_169' title='bbox 2909 929 3082 983; x_wconf 80' lang='grc' dir='ltr'>ταῦτα</span> <span class='ocrx_word' id='word_1_170' title='bbox 3116 928 3403 989; x_wconf 88' lang='grc' dir='ltr'>πέπονθεν,</span> <span class='ocrx_word' id='word_1_171' title='bbox 3445 928 3599 994; x_wconf 78' lang='grc' dir='ltr'>ἄξιον</span> 
     </span>
    </p>
   </div>
   <div class='ocr_carea' id='block_1_26' title="bbox 2016 1013 3600 1092">
    <p class='ocr_par' dir='ltr' id='par_1_26' title="bbox 2016 1013 3600 1092">
     <span class='ocr_line' id='line_1_27' title="bbox 2016 1013 3600 1092; baseline 0.004 -24"><span class='ocrx_word' id='word_1_172' title='bbox 2016 1013 2154 1070; x_wconf 81' lang='grc' dir='ltr'>εἶναι</span> <span class='ocrx_word' id='word_1_173' title='bbox 2184 1016 2279 1070; x_wconf 80' lang='grc' dir='ltr'><strong>τοῦ</strong></span> <span class='ocrx_word' id='word_1_174' title='bbox 2308 1018 2499 1073; x_wconf 84' lang='grc' dir='ltr'>παθεῖν</span> <span class='ocrx_word' id='word_1_175' title='bbox 2530 1019 2703 1084; x_wconf 74' lang='grc' dir='ltr'>οὕτως</span> <span class='ocrx_word' id='word_1_176' title='bbox 2736 1020 2965 1092; x_wconf 72' lang='grc' dir='ltr'>ἔφαμεν.</span> <span class='ocrx_word' id='word_1_177' title='bbox 3002 1021 3152 1091; x_wconf 78' lang='grc' dir='ltr'>Μηδὲ</span> <span class='ocrx_word' id='word_1_178' title='bbox 3176 1020 3286 1092; x_wconf 81' lang='grc' dir='ltr'>γὰρ</span> <span class='ocrx_word' id='word_1_179' title='bbox 3312 1020 3453 1074; x_wconf 74' lang='grc' dir='ltr'>ἔστω</span> <span class='ocrx_word' id='word_1_180' title='bbox 3486 1037 3600 1092; x_wconf 88' lang='grc' dir='ltr'>μη-</span> 
     </span>
    </p>
   </div>
   <div class='ocr_carea' id='block_1_27' title="bbox 2015 1108 3603 1184">
    <p class='ocr_par' dir='ltr' id='par_1_27' title="bbox 2015 1108 3603 1184">
     <span class='ocr_line' id='line_1_28' title="bbox 2015 1108 3603 1184; baseline 0.004 -24"><span class='ocrx_word' id='word_1_181' title='bbox 2015 1109 2144 1172; x_wconf 72' lang='grc' dir='ltr'>δεὶς,</span> <span class='ocrx_word' id='word_1_182' title='bbox 2177 1108 2255 1173; x_wconf 86' lang='grc' dir='ltr'>ὃς,</span> <span class='ocrx_word' id='word_1_183' title='bbox 2290 1109 2486 1181; x_wconf 79' lang='grc' dir='ltr'>μικρὸν</span> <span class='ocrx_word' id='word_1_184' title='bbox 2527 1111 2559 1183; x_wconf 85' lang='grc' dir='ltr'>ῆ</span> <span class='ocrx_word' id='word_1_185' title='bbox 2613 1113 2796 1183; x_wconf 75' lang='grc' dir='ltr'>μεῖζον</span> <span class='ocrx_word' id='word_1_186' title='bbox 2828 1115 2908 1177; x_wconf 78' lang='grc' dir='ltr'><strong>εἰς</strong></span> <span class='ocrx_word' id='word_1_187' title='bbox 2951 1113 3051 1184; x_wconf 85' lang='grc' dir='ltr'>τὴν</span> <span class='ocrx_word' id='word_1_188' title='bbox 3082 1113 3181 1184; x_wconf 85' lang='grc' dir='ltr'><strong>σὴν</strong></span> <span class='ocrx_word' id='word_1_189' title='bbox 3212 1111 3413 1184; x_wconf 81' lang='grc' dir='ltr'>ἀρετὴν</span> <span class='ocrx_word' id='word_1_190' title='bbox 3459 1113 3603 1183; x_wconf 83' lang='grc' dir='ltr'>ἀμε-</span> 
     </span>
    </p>
   </div>
   <div class='ocr_carea' id='block_1_28' title="bbox 2016 1200 3601 1276">
    <p class='ocr_par' dir='ltr' id='par_1_28' title="bbox 2016 1200 3601 1276">
     <span class='ocr_line' id='line_1_29' title="bbox 2016 1200 3601 1276; baseline 0.003 -23"><span class='ocrx_word' id='word_1_191' title='bbox 2016 1201 2188 1272; x_wconf 83' lang='grc' dir='ltr'>λήσας</span> <span class='ocrx_word' id='word_1_192' title='bbox 2218 1200 2353 1271; x_wconf 72' lang='grc'><strong>(74),</strong></span> <span class='ocrx_word' id='word_1_193' title='bbox 2407 1203 2506 1274; x_wconf 76' lang='grc' dir='ltr'>τὴν</span> <span class='ocrx_word' id='word_1_194' title='bbox 2555 1204 2826 1276; x_wconf 69' lang='grc' dir='ltr'>τιμωρίαν</span> <span class='ocrx_word' id='word_1_195' title='bbox 2876 1205 3125 1274; x_wconf 81' lang='grc' dir='ltr'>ἐκφύγοι.</span> <span class='ocrx_word' id='word_1_196' title='bbox 3183 1204 3318 1258; x_wconf 71' lang='grc' dir='ltr'><strong>⁹Αλλ’</strong></span> <span class='ocrx_word' id='word_1_197' title='bbox 3358 1205 3601 1275; x_wconf 83' lang='grc' dir='ltr'>ὁρῶντες</span> 
     </span>
    </p>
   </div>
   <div class='ocr_carea' id='block_1_29' title="bbox 2014 1292 3598 1369">
    <p class='ocr_par' dir='ltr' id='par_1_29' title="bbox 2014 1292 3598 1369">
     <span class='ocr_line' id='line_1_30' title="bbox 2014 1292 3598 1369; baseline 0.003 -24"><span class='ocrx_word' id='word_1_198' title='bbox 2014 1292 2204 1348; x_wconf 78' lang='grc' dir='ltr'>τοῦτον</span> <span class='ocrx_word' id='word_1_199' title='bbox 2249 1294 2512 1365; x_wconf 83' lang='grc' dir='ltr'>περιδεῶς</span> <span class='ocrx_word' id='word_1_200' title='bbox 2554 1296 2648 1348; x_wconf 74' lang='grc' dir='ltr'><strong>καὶ</strong></span> <span class='ocrx_word' id='word_1_201' title='bbox 2700 1295 2900 1361; x_wconf 77' lang='grc' dir='ltr'>ἀδόξως</span> <span class='ocrx_word' id='word_1_202' title='bbox 2943 1295 3143 1361; x_wconf 79' lang='grc' dir='ltr'>ζῶντα,</span> <span class='ocrx_word' id='word_1_203' title='bbox 3173 1297 3266 1350; x_wconf 75' lang='grc' dir='ltr'><strong>καὶ</strong></span> <span class='ocrx_word' id='word_1_204' title='bbox 3293 1297 3385 1350; x_wconf 73' lang='grc' dir='ltr'>ἐπὶ</span> <span class='ocrx_word' id='word_1_205' title='bbox 3417 1300 3484 1368; x_wconf 83' lang='grc' dir='ltr'>τῇ</span> <span class='ocrx_word' id='word_1_206' title='bbox 3529 1299 3598 1369; x_wconf 80' lang='grc' dir='ltr'>σῇ</span> 
     </span>
    </p>
   </div>
   <div class='ocr_carea' id='block_1_30' title="bbox 2015 1386 3599 1460">
    <p class='ocr_par' dir='ltr' id='par_1_30' title="bbox 2015 1386 3599 1460">
     <span class='ocr_line' id='line_1_31' title="bbox 2015 1386 3599 1460; baseline 0.004 -23"><span class='ocrx_word' id='word_1_207' title='bbox 2015 1386 2180 1457; x_wconf 76' lang='grc' dir='ltr'>ψήφῳ</span> <span class='ocrx_word' id='word_1_208' title='bbox 2206 1387 2463 1457; x_wconf 81' lang='grc' dir='ltr'>κειμένην</span> <span class='ocrx_word' id='word_1_209' title='bbox 2486 1387 2652 1442; x_wconf 81' lang='grc' dir='ltr'>αὑτοῦ</span> <span class='ocrx_word' id='word_1_210' title='bbox 2677 1389 2777 1459; x_wconf 85' lang='grc' dir='ltr'>τὴν</span> <span class='ocrx_word' id='word_1_211' title='bbox 2805 1389 3100 1460; x_wconf 82' lang='grc' dir='ltr'>σωτηρίαν,</span> <span class='ocrx_word' id='word_1_212' title='bbox 3130 1389 3404 1460; x_wconf 77' lang='grc' dir='ltr'>ἀρκοῦσαν</span> <span class='ocrx_word' id='word_1_213' title='bbox 3432 1390 3599 1444; x_wconf 75' lang='grc' dir='ltr'>αὐτὸν</span> 
     </span>
    </p>
   </div>
   <div class='ocr_carea' id='block_1_31' title="bbox 2017 1476 3599 1553">
    <p class='ocr_par' dir='ltr' id='par_1_31' title="bbox 2017 1476 3599 1553">
     <span class='ocr_line' id='line_1_32' title="bbox 2017 1476 3599 1553; baseline 0.003 -23"><span class='ocrx_word' id='word_1_214' title='bbox 2017 1476 2160 1548; x_wconf 79' lang='grc' dir='ltr'>ἔχειν</span> <span class='ocrx_word' id='word_1_215' title='bbox 2212 1477 2310 1548; x_wconf 79' lang='grc' dir='ltr'>τὴν</span> <span class='ocrx_word' id='word_1_216' title='bbox 2350 1478 2506 1548; x_wconf 88' lang='grc' dir='ltr'>δίκην</span> <span class='ocrx_word' id='word_1_217' title='bbox 2557 1479 2891 1550; x_wconf 76' lang='grc' dir='ltr'>ἐκρίναμεν·</span> <span class='ocrx_word' id='word_1_218' title='bbox 2941 1480 3313 1551; x_wconf 67' lang='grc' dir='ltr'>μεγαλόψυχον</span> <span class='ocrx_word' id='word_1_219' title='bbox 3357 1498 3417 1534; x_wconf 88' lang='grc' dir='ltr'><strong>τε</strong></span> <span class='ocrx_word' id='word_1_220' title='bbox 3458 1480 3599 1553; x_wconf 82' lang='grc' dir='ltr'><strong>ὁμοῦ</strong></span> 
     </span>
    </p>
   </div>
   <div class='ocr_carea' id='block_1_32' title="bbox 2018 1569 3600 1644">
    <p class='ocr_par' dir='ltr' id='par_1_32' title="bbox 2018 1569 3600 1644">
     <span class='ocr_line' id='line_1_33' title="bbox 2018 1569 3600 1644; baseline 0.002 -21"><span class='ocrx_word' id='word_1_221' title='bbox 2018 1570 2111 1623; x_wconf 73' lang='grc' dir='ltr'><strong>καὶ</strong></span> <span class='ocrx_word' id='word_1_222' title='bbox 2127 1569 2507 1640; x_wconf 83' lang='grc' dir='ltr'>φιλάνθρωπον</span> <span class='ocrx_word' id='word_1_223' title='bbox 2531 1570 2880 1643; x_wconf 83' lang='grc' dir='ltr'>διανοηθῆναί</span> <span class='ocrx_word' id='word_1_224' title='bbox 2913 1589 2972 1624; x_wconf 91' lang='grc' dir='ltr'><strong>σε</strong></span> <span class='ocrx_word' id='word_1_225' title='bbox 3001 1575 3129 1644; x_wconf 74' lang='grc' dir='ltr'>περὶ</span> <span class='ocrx_word' id='word_1_226' title='bbox 3146 1572 3308 1626; x_wconf 86' lang='grc' dir='ltr'>αύτοῦ</span> <span class='ocrx_word' id='word_1_227' title='bbox 3347 1572 3600 1627; x_wconf 84' lang='grc' dir='ltr'>ἱκετεύο-</span> 
     </span>
    </p>
   </div>
   <div class='ocr_carea' id='block_1_33' title="bbox 2020 1657 3599 1735">
    <p class='ocr_par' dir='ltr' id='par_1_33' title="bbox 2020 1657 3599 1735">
     <span class='ocr_line' id='line_1_34' title="bbox 2020 1657 3599 1735; baseline 0.001 -18"><span class='ocrx_word' id='word_1_228' title='bbox 2020 1681 2140 1734; x_wconf 84' lang='grc' dir='ltr'>μεν.</span> <span class='ocrx_word' id='word_1_229' title='bbox 2172 1657 2245 1716; x_wconf 82' lang='grc' dir='ltr'><strong>Τὸ</strong></span> <span class='ocrx_word' id='word_1_230' title='bbox 2281 1663 2381 1733; x_wconf 80' lang='grc' dir='ltr'><strong>μὲν</strong></span> <span class='ocrx_word' id='word_1_231' title='bbox 2422 1663 2531 1735; x_wconf 83' lang='grc' dir='ltr'>γὰρ</span> <span class='ocrx_word' id='word_1_232' title='bbox 2562 1664 2686 1728; x_wconf 79' lang='grc' dir='ltr'>τοὺς</span> <span class='ocrx_word' id='word_1_233' title='bbox 2719 1665 3113 1729; x_wconf 81' lang='grc' dir='ltr'>ἀντιτείνοντας</span> <span class='ocrx_word' id='word_1_234' title='bbox 3142 1664 3244 1718; x_wconf 80' lang='grc' dir='ltr'><strong>ὑπὸ</strong></span> <span class='ocrx_word' id='word_1_235' title='bbox 3266 1666 3424 1735; x_wconf 84' lang='grc' dir='ltr'>χεῖρα</span> <span class='ocrx_word' id='word_1_236' title='bbox 3454 1664 3599 1735; x_wconf 81' lang='grc' dir='ltr'>λαμ-</span> 
     </span>
    </p>
   </div>
   <div class='ocr_carea' id='block_1_34' title="bbox 2019 1754 3599 1827">
    <p class='ocr_par' dir='ltr' id='par_1_34' title="bbox 2019 1754 3599 1827">
     <span class='ocr_line' id='line_1_35' title="bbox 2019 1754 3599 1827; baseline 0.002 -20"><span class='ocrx_word' id='word_1_237' title='bbox 2019 1755 2201 1808; x_wconf 80' lang='grc' dir='ltr'>ϐάνειν</span> <span class='ocrx_word' id='word_1_238' title='bbox 2241 1754 2486 1825; x_wconf 83' lang='grc' dir='ltr'>ἀνδρείου</span> <span class='ocrx_word' id='word_1_239' title='bbox 2535 1756 2716 1809; x_wconf 73' lang='grc' dir='ltr'>τεκαὶ</span> <span class='ocrx_word' id='word_1_240' title='bbox 2761 1756 3018 1827; x_wconf 82' lang='grc' dir='ltr'>ἄρχοντος</span> <span class='ocrx_word' id='word_1_241' title='bbox 3044 1758 3120 1820; x_wconf 88' lang='grc' dir='ltr'>ὼς</span> <span class='ocrx_word' id='word_1_242' title='bbox 3161 1754 3409 1826; x_wconf 84' lang='grc' dir='ltr'>άληθῶς·</span> <span class='ocrx_word' id='word_1_243' title='bbox 3439 1756 3498 1809; x_wconf 71' lang='grc' dir='ltr'>τὸ</span> <span class='ocrx_word' id='word_1_244' title='bbox 3538 1755 3599 1810; x_wconf 71' lang='grc' dir='ltr'>δὲ</span> 
     </span>
    </p>
   </div>
   <div class='ocr_carea' id='block_1_35' title="bbox 332 1838 1922 1919">
    <p class='ocr_par' dir='ltr' id='par_1_35' title="bbox 332 1841 1915 1912">
     <span class='ocr_line' id='line_1_36' title="bbox 332 1841 1915 1912; baseline -0.002 -14"><span class='ocrx_word' id='word_1_245' title='bbox 332 1843 630 1912; x_wconf 82' lang='lat' dir='ltr'><strong>benignum</strong></span> <span class='ocrx_word' id='word_1_246' title='bbox 652 1857 776 1899; x_wconf 89' lang='lat' dir='ltr'><strong>esse</strong></span> <span class='ocrx_word' id='word_1_247' title='bbox 802 1857 866 1897; x_wconf 89' lang='lat' dir='ltr'><strong>ac</strong></span> <span class='ocrx_word' id='word_1_248' title='bbox 894 1850 1244 1896; x_wconf 84' lang='lat' dir='ltr'><strong>mansuetum</strong></span> <span class='ocrx_word' id='word_1_249' title='bbox 1277 1841 1331 1895; x_wconf 92' lang='lat' dir='ltr'><strong>in</strong></span> <span class='ocrx_word' id='word_1_250' title='bbox 1363 1849 1697 1912; x_wconf 88' lang='lat' dir='ltr'><strong>prostratos,</strong></span> <span class='ocrx_word' id='word_1_251' title='bbox 1738 1841 1915 1895; x_wconf 78' lang='lat' dir='ltr'><strong>homi-</strong></span> 
     </span>
    </p>
   </div>
   <div class='ocr_carea' id='block_1_36' title="bbox 2030 1838 3597 1919">
    <p class='ocr_par' dir='ltr' id='par_1_36' title="bbox 2030 1838 3597 1919">
     <span class='ocr_line' id='line_1_37' title="bbox 2030 1838 3597 1919; baseline -0.001 -19"><span class='ocrx_word' id='word_1_252' title='bbox 2030 1849 2128 1911; x_wconf 76' lang='lat' dir='ltr'><strong>rei;</strong></span> <span class='ocrx_word' id='word_1_253' title='bbox 2150 1846 2574 1900; x_wconf 82' lang='grc' dir='ltr'>ὑποπεπτωκόσι</span> <span class='ocrx_word' id='word_1_254' title='bbox 2613 1847 2848 1919; x_wconf 82' lang='grc' dir='ltr'>χρηστὸν</span> <span class='ocrx_word' id='word_1_255' title='bbox 2882 1838 3024 1901; x_wconf 80' lang='grc' dir='ltr'>εἶναι</span> <span class='ocrx_word' id='word_1_256' title='bbox 3066 1847 3159 1901; x_wconf 79' lang='grc' dir='ltr'><strong>καὶ</strong></span> <span class='ocrx_word' id='word_1_257' title='bbox 3192 1849 3383 1918; x_wconf 83' lang='grc' dir='ltr'>πρᾶον,</span> <span class='ocrx_word' id='word_1_258' title='bbox 3422 1863 3597 1918; x_wconf 87' lang='grc' dir='ltr'>μεγα-</span> 
     </span>
    </p>
   </div>
   <div class='ocr_carea' id='block_1_37' title="bbox 334 1931 1919 2003">
    <p class='ocr_par' dir='ltr' id='par_1_37' title="bbox 334 1931 1919 2003">
     <span class='ocr_line' id='line_1_38' title="bbox 334 1931 1919 2003; baseline -0.003 -16"><span class='ocrx_word' id='word_1_259' title='bbox 334 1935 422 1988; x_wconf 90' lang='lat' dir='ltr'><strong>nis</strong></span> <span class='ocrx_word' id='word_1_260' title='bbox 446 1939 532 1987; x_wconf 88' lang='lat' dir='ltr'><strong>est</strong></span> <span class='ocrx_word' id='word_1_261' title='bbox 557 1932 1005 2003; x_wconf 79' lang='lat' dir='ltr'><strong>magnanimitate</strong></span> <span class='ocrx_word' id='word_1_262' title='bbox 1030 1939 1085 1986; x_wconf 91' lang='lat' dir='ltr'><strong>et</strong></span> <span class='ocrx_word' id='word_1_263' title='bbox 1110 1931 1398 1986; x_wconf 87' lang='lat' dir='ltr'><strong>clementia</strong></span> <span class='ocrx_word' id='word_1_264' title='bbox 1433 1946 1625 1987; x_wconf 89' lang='lat' dir='ltr'><strong>omnes</strong></span> <span class='ocrx_word' id='word_1_265' title='bbox 1649 1946 1919 2001; x_wconf 87' lang='lat' dir='ltr'><strong>superan-</strong></span> 
     </span>
    </p>
   </div>
   <div class='ocr_carea' id='block_1_38' title="bbox 334 2020 1917 2093">
    <p class='ocr_par' dir='ltr' id='par_1_38' title="bbox 334 2020 1917 2093">
     <span class='ocr_line' id='line_1_39' title="bbox 334 2020 1917 2093; baseline -0.001 -17"><span class='ocrx_word' id='word_1_266' title='bbox 334 2024 427 2080; x_wconf 90' lang='lat' dir='ltr'><strong>tis.</strong></span> <span class='ocrx_word' id='word_1_267' title='bbox 471 2022 660 2093; x_wconf 90' lang='lat' dir='ltr'><strong>ltaque</strong></span> <span class='ocrx_word' id='word_1_268' title='bbox 693 2022 810 2087; x_wconf 90' lang='lat' dir='ltr'><strong>tibi,</strong></span> <span class='ocrx_word' id='word_1_269' title='bbox 848 2023 896 2077; x_wconf 93' lang='lat' dir='ltr'><strong>si</strong></span> <span class='ocrx_word' id='word_1_270' title='bbox 939 2025 1112 2087; x_wconf 86' lang='lat' dir='ltr'><strong>voles,</strong></span> <span class='ocrx_word' id='word_1_271' title='bbox 1154 2022 1208 2076; x_wconf 88' lang='lat' dir='ltr'><strong>in</strong></span> <span class='ocrx_word' id='word_1_272' title='bbox 1262 2033 1473 2077; x_wconf 85' lang='lat' dir='ltr'><strong>uno-et</strong></span> <span class='ocrx_word' id='word_1_273' title='bbox 1500 2022 1691 2077; x_wconf 89' lang='lat' dir='ltr'><strong>eodem</strong></span> <span class='ocrx_word' id='word_1_274' title='bbox 1729 2020 1917 2076; x_wconf 89' lang='lat' dir='ltr'><strong>licebit</strong></span> 
     </span>
    </p>
   </div>
   <div class='ocr_carea' id='block_1_39' title="bbox 334 2113 1915 2172">
    <p class='ocr_par' dir='ltr' id='par_1_39' title="bbox 334 2113 1915 2172">
     <span class='ocr_line' id='line_1_40' title="bbox 334 2113 1915 2172; baseline -0.002 -2"><span class='ocrx_word' id='word_1_275' title='bbox 334 2125 484 2171; x_wconf 89' lang='lat' dir='ltr'><strong>tuam</strong></span> <span class='ocrx_word' id='word_1_276' title='bbox 508 2123 563 2170; x_wconf 92' lang='lat' dir='ltr'><strong>et</strong></span> <span class='ocrx_word' id='word_1_277' title='bbox 592 2115 646 2169; x_wconf 91' lang='lat' dir='ltr'><strong>in</strong></span> <span class='ocrx_word' id='word_1_278' title='bbox 679 2115 996 2172; x_wconf 88' lang='lat' dir='ltr'><strong>ulciscendo</strong></span> <span class='ocrx_word' id='word_1_279' title='bbox 1028 2124 1080 2171; x_wconf 86' lang='lat' dir='ltr'><strong>et</strong></span> <span class='ocrx_word' id='word_1_280' title='bbox 1115 2116 1169 2170; x_wconf 91' lang='lat' dir='ltr'><strong>in</strong></span> <span class='ocrx_word' id='word_1_281' title='bbox 1206 2113 1479 2169; x_wconf 87' lang='lat' dir='ltr'><strong>servando</strong></span> <span class='ocrx_word' id='word_1_282' title='bbox 1528 2114 1597 2168; x_wconf 92' lang='lat' dir='ltr'><strong>ad</strong></span> <span class='ocrx_word' id='word_1_283' title='bbox 1630 2113 1915 2168; x_wconf 89' lang='lat' dir='ltr'><strong>arbitrium</strong></span> 
     </span>
    </p>
   </div>
   <div class='ocr_carea' id='block_1_40' title="bbox 334 2205 1912 2283">
    <p class='ocr_par' dir='ltr' id='par_1_40' title="bbox 334 2205 1912 2283">
     <span class='ocr_line' id='line_1_41' title="bbox 334 2205 1912 2283; baseline -0.002 -20"><span class='ocrx_word' id='word_1_284' title='bbox 334 2207 841 2280; x_wconf 75' lang='lat' dir='ltr'><strong>magnanimitatem</strong></span> <span class='ocrx_word' id='word_1_285' title='bbox 891 2208 1202 2265; x_wconf 89' lang='lat' dir='ltr'><strong>ostendere.</strong></span> <span class='ocrx_word' id='word_1_286' title='bbox 1260 2205 1361 2283; x_wconf 80' lang='lat' dir='ltr'><strong>llic</strong></span> <span class='ocrx_word' id='word_1_287' title='bbox 1402 2205 1599 2262; x_wconf 87' lang='lat' dir='ltr'><strong>modus</strong></span> <span class='ocrx_word' id='word_1_288' title='bbox 1649 2206 1912 2277; x_wconf 86' lang='lat' dir='ltr'><strong>supplicii</strong></span> 
     </span>
    </p>
   </div>
   <div class='ocr_carea' id='block_1_41' title="bbox 335 2299 1917 2370">
    <p class='ocr_par' dir='ltr' id='par_1_41' title="bbox 335 2299 1917 2370">
     <span class='ocr_line' id='line_1_42' title="bbox 335 2299 1917 2370; baseline -0.004 -12"><span class='ocrx_word' id='word_1_289' title='bbox 335 2300 476 2358; x_wconf 81' lang='lat' dir='ltr'><strong>satis</strong></span> <span class='ocrx_word' id='word_1_290' title='bbox 516 2301 588 2356; x_wconf 86' lang='lat' dir='ltr'><strong>sit</strong></span> <span class='ocrx_word' id='word_1_291' title='bbox 628 2299 957 2366; x_wconf 88' lang='lat' dir='ltr'><strong>Domitiano,</strong></span> <span class='ocrx_word' id='word_1_292' title='bbox 1004 2308 1185 2356; x_wconf 87' lang='lat' dir='ltr'><strong>metus</strong></span> <span class='ocrx_word' id='word_1_293' title='bbox 1214 2315 1407 2355; x_wconf 91' lang='lat' dir='ltr'><strong>eorum</strong></span> <span class='ocrx_word' id='word_1_294' title='bbox 1457 2316 1579 2370; x_wconf 69' lang='lat' dir='ltr'><strong>qua:</strong></span> <span class='ocrx_word' id='word_1_295' title='bbox 1613 2307 1917 2369; x_wconf 84' lang='lat' dir='ltr'><strong>exspectat,</strong></span> 
     </span>
    </p>
   </div>
   <div class='ocr_carea' id='block_1_42' title="bbox 334 2392 1919 2466">
    <p class='ocr_par' dir='ltr' id='par_1_42' title="bbox 334 2392 1919 2466">
     <span class='ocr_line' id='line_1_43' title="bbox 334 2392 1919 2466; baseline -0.002 -16"><span class='ocrx_word' id='word_1_296' title='bbox 334 2400 390 2450; x_wconf 85' lang='lat' dir='ltr'><strong>et</strong></span> <span class='ocrx_word' id='word_1_297' title='bbox 416 2408 538 2466; x_wconf 64' lang='lat' dir='ltr'><strong>qum</strong></span> <span class='ocrx_word' id='word_1_298' title='bbox 567 2410 627 2450; x_wconf 92' lang='lat' dir='ltr'><strong>se</strong></span> <span class='ocrx_word' id='word_1_299' title='bbox 655 2394 768 2464; x_wconf 89' lang='lat' dir='ltr'><strong>pati</strong></span> <span class='ocrx_word' id='word_1_300' title='bbox 807 2393 1033 2464; x_wconf 80' lang='lat' dir='ltr'><strong>dignum</strong></span> <span class='ocrx_word' id='word_1_301' title='bbox 1067 2408 1189 2447; x_wconf 87' lang='lat' dir='ltr'><strong>csse</strong></span> <span class='ocrx_word' id='word_1_302' title='bbox 1221 2393 1397 2449; x_wconf 81' lang='lat' dir='ltr'><strong>novit.</strong></span> <span class='ocrx_word' id='word_1_303' title='bbox 1424 2392 1523 2448; x_wconf 78' lang='lat' dir='ltr'><strong>llis</strong></span> <span class='ocrx_word' id='word_1_304' title='bbox 1575 2393 1711 2447; x_wconf 84' lang='lat' dir='ltr'><strong>nihil</strong></span> <span class='ocrx_word' id='word_1_305' title='bbox 1748 2393 1825 2447; x_wconf 92' lang='lat' dir='ltr'><strong>illi</strong></span> <span class='ocrx_word' id='word_1_306' title='bbox 1852 2392 1919 2447; x_wconf 87' lang='lat' dir='ltr'><strong>ad</strong></span> 
     </span>
    </p>
   </div>
   <div class='ocr_carea' id='block_1_43' title="bbox 336 2480 1917 2557">
    <p class='ocr_par' dir='ltr' id='par_1_43' title="bbox 336 2480 1917 2557">
     <span class='ocr_line' id='line_1_44' title="bbox 336 2480 1917 2557; baseline -0.002 -17"><span class='ocrx_word' id='word_1_307' title='bbox 336 2499 554 2557; x_wconf 78' lang='lat' dir='ltr'><strong>ptenam</strong></span> <span class='ocrx_word' id='word_1_308' title='bbox 581 2480 807 2554; x_wconf 85' lang='lat' dir='ltr'><strong>adjicias</strong></span> <span class='ocrx_word' id='word_1_309' title='bbox 839 2483 1237 2554; x_wconf 86' lang='lat' dir='ltr'><strong>supplicamus.</strong></span> <span class='ocrx_word' id='word_1_310' title='bbox 1271 2483 1407 2538; x_wconf 85' lang='lat' dir='ltr'><strong>Illud</strong></span> <span class='ocrx_word' id='word_1_311' title='bbox 1443 2484 1587 2539; x_wconf 87' lang='lat' dir='ltr'><strong>enim</strong></span> <span class='ocrx_word' id='word_1_312' title='bbox 1629 2484 1917 2539; x_wconf 89' lang='lat' dir='ltr'><strong>considera</strong></span> 
     </span>
    </p>
   </div>
   <div class='ocr_carea' id='block_1_44' title="bbox 335 2575 1922 2645">
    <p class='ocr_par' dir='ltr' id='par_1_44' title="bbox 335 2575 1922 2645">
     <span class='ocr_line' id='line_1_45' title="bbox 335 2575 1922 2645; baseline -0.001 -14"><span class='ocrx_word' id='word_1_313' title='bbox 335 2575 591 2633; x_wconf 88' lang='lat' dir='ltr'><strong>dominos</strong></span> <span class='ocrx_word' id='word_1_314' title='bbox 618 2589 808 2630; x_wconf 83' lang='lat' dir='ltr'><strong>eorum</strong></span> <span class='ocrx_word' id='word_1_315' title='bbox 852 2576 947 2645; x_wconf 89' lang='lat' dir='ltr'><strong>qui</strong></span> <span class='ocrx_word' id='word_1_316' title='bbox 990 2575 1247 2630; x_wconf 67' lang='lat' dir='ltr'><strong>laeserant</strong></span> <span class='ocrx_word' id='word_1_317' title='bbox 1282 2577 1563 2632; x_wconf 76' lang='lat' dir='ltr'><strong>exstitisse</strong></span> <span class='ocrx_word' id='word_1_318' title='bbox 1599 2576 1802 2632; x_wconf 91' lang='lat' dir='ltr'><strong>multos</strong></span> <span class='ocrx_word' id='word_1_319' title='bbox 1854 2592 1922 2630; x_wconf 76' lang='lat' dir='ltr'><strong>ex</strong></span> 
     </span>
    </p>
   </div>
   <div class='ocr_carea' id='block_1_45' title="bbox 337 2667 1921 2740">
    <p class='ocr_par' dir='ltr' id='par_1_45' title="bbox 337 2667 1921 2740">
     <span class='ocr_line' id='line_1_46' title="bbox 337 2667 1921 2740; baseline -0.003 -16"><span class='ocrx_word' id='word_1_320' title='bbox 337 2669 406 2725; x_wconf 92' lang='lat' dir='ltr'><strong>iis</strong></span> <span class='ocrx_word' id='word_1_321' title='bbox 438 2669 533 2740; x_wconf 91' lang='lat' dir='ltr'><strong>qui</strong></span> <span class='ocrx_word' id='word_1_322' title='bbox 574 2675 702 2723; x_wconf 88' lang='lat' dir='ltr'><strong>ante</strong></span> <span class='ocrx_word' id='word_1_323' title='bbox 746 2683 851 2723; x_wconf 91' lang='lat' dir='ltr'><strong>nos</strong></span> <span class='ocrx_word' id='word_1_324' title='bbox 884 2667 1091 2730; x_wconf 83' lang='lat' dir='ltr'><strong>vixere,</strong></span> <span class='ocrx_word' id='word_1_325' title='bbox 1123 2668 1191 2722; x_wconf 91' lang='lat' dir='ltr'><strong>de</strong></span> <span class='ocrx_word' id='word_1_326' title='bbox 1236 2668 1439 2739; x_wconf 86' lang='lat' dir='ltr'><strong>quibus</strong></span> <span class='ocrx_word' id='word_1_327' title='bbox 1481 2668 1667 2722; x_wconf 88' lang='lat' dir='ltr'><strong>nullus</strong></span> <span class='ocrx_word' id='word_1_328' title='bbox 1720 2667 1788 2721; x_wconf 92' lang='lat' dir='ltr'><strong>ad</strong></span> <span class='ocrx_word' id='word_1_329' title='bbox 1819 2684 1921 2737; x_wconf 84' lang='lat' dir='ltr'><strong>po—</strong></span> 
     </span>
    </p>
   </div>
   <div class='ocr_carea' id='block_1_46' title="bbox 340 2753 1920 2831">
    <p class='ocr_par' dir='ltr' id='par_1_46' title="bbox 340 2753 1920 2831">
     <span class='ocr_line' id='line_1_47' title="bbox 340 2753 1920 2831; baseline -0.003 -15"><span class='ocrx_word' id='word_1_330' title='bbox 340 2770 519 2817; x_wconf 89' lang='lat' dir='ltr'><strong>steros</strong></span> <span class='ocrx_word' id='word_1_331' title='bbox 571 2761 937 2816; x_wconf 84' lang='lat' dir='ltr'><strong>transmissus</strong></span> <span class='ocrx_word' id='word_1_332' title='bbox 967 2753 1128 2831; x_wconf 78' lang='lat'><strong>205</strong></span> <span class='ocrx_word' id='word_1_333' title='bbox 1157 2776 1445 2828; x_wconf 88' lang='lat' dir='ltr'><strong>sermone;</strong></span> <span class='ocrx_word' id='word_1_334' title='bbox 1493 2768 1548 2814; x_wconf 89' lang='lat' dir='ltr'><strong>at</strong></span> <span class='ocrx_word' id='word_1_335' title='bbox 1606 2774 1737 2813; x_wconf 86' lang='lat' dir='ltr'><strong>vero</strong></span> <span class='ocrx_word' id='word_1_336' title='bbox 1782 2759 1920 2812; x_wconf 89' lang='lat' dir='ltr'><strong>iram</strong></span> 
     </span>
    </p>
   </div>
   <div class='ocr_carea' id='block_1_47' title="bbox 338 2846 1919 2924">
    <p class='ocr_par' dir='ltr' id='par_1_47' title="bbox 338 2846 1919 2924">
     <span class='ocr_line' id='line_1_48' title="bbox 338 2846 1919 2924; baseline -0.004 -15"><span class='ocrx_word' id='word_1_337' title='bbox 338 2855 647 2919; x_wconf 82' lang='lat' dir='ltr'><strong>remisisse,</strong></span> <span class='ocrx_word' id='word_1_338' title='bbox 697 2854 793 2923; x_wconf 88' lang='lat' dir='ltr'><strong>qui</strong></span> <span class='ocrx_word' id='word_1_339' title='bbox 839 2854 1184 2924; x_wconf 85' lang='lat' dir='ltr'><strong>philosophia</strong></span> <span class='ocrx_word' id='word_1_340' title='bbox 1213 2854 1409 2923; x_wconf 83' lang='lat' dir='ltr'><strong>vulgus</strong></span> <span class='ocrx_word' id='word_1_341' title='bbox 1455 2846 1919 2915; x_wconf 84' lang='lat' dir='ltr'><strong>antecelluerunt,</strong></span> 
     </span>
    </p>
   </div>
   <div class='ocr_carea' id='block_1_48' title="bbox 341 2944 1924 3018">
    <p class='ocr_par' dir='ltr' id='par_1_48' title="bbox 341 2944 1924 3018">
     <span class='ocr_line' id='line_1_49' title="bbox 341 2944 1924 3018; baseline -0.001 -18"><span class='ocrx_word' id='word_1_342' title='bbox 341 2961 575 3018; x_wconf 87' lang='lat' dir='ltr'><strong>quorum</strong></span> <span class='ocrx_word' id='word_1_343' title='bbox 612 2946 937 3002; x_wconf 86' lang='lat' dir='ltr'><strong>immortalis</strong></span> <span class='ocrx_word' id='word_1_344' title='bbox 973 2946 1235 3001; x_wconf 86' lang='lat' dir='ltr'><strong>memoria</strong></span> <span class='ocrx_word' id='word_1_345' title='bbox 1267 2948 1322 3000; x_wconf 92' lang='lat' dir='ltr'><strong>in</strong></span> <span class='ocrx_word' id='word_1_346' title='bbox 1347 2946 1495 3001; x_wconf 93' lang='lat' dir='ltr'><strong>omni</strong></span> <span class='ocrx_word' id='word_1_347' title='bbox 1521 2961 1637 3000; x_wconf 78' lang='lat' dir='ltr'><strong>aevo</strong></span> <span class='ocrx_word' id='word_1_348' title='bbox 1670 2944 1924 3015; x_wconf 85' lang='lat' dir='ltr'><strong>perhibe-</strong></span> 
     </span>
    </p>
   </div>
   <div class='ocr_carea' id='block_1_49' title="bbox 341 3035 1925 3110">
    <p class='ocr_par' dir='ltr' id='par_1_49' title="bbox 341 3035 1925 3110">
     <span class='ocr_line' id='line_1_50' title="bbox 341 3035 1925 3110; baseline -0.003 -16"><span class='ocrx_word' id='word_1_349' title='bbox 341 3049 451 3094; x_wconf 88' lang='lat' dir='ltr'><strong>tur.</strong></span> <span class='ocrx_word' id='word_1_350' title='bbox 483 3039 727 3094; x_wconf 86' lang='lat' dir='ltr'><strong>Addatur</strong></span> <span class='ocrx_word' id='word_1_351' title='bbox 777 3039 945 3108; x_wconf 83' lang='lat' dir='ltr'><strong>igitur</strong></span> <span class='ocrx_word' id='word_1_352' title='bbox 975 3047 1029 3094; x_wconf 90' lang='lat' dir='ltr'><strong>et</strong></span> <span class='ocrx_word' id='word_1_353' title='bbox 1055 3039 1160 3093; x_wconf 86' lang='lat' dir='ltr'><strong>hoc</strong></span> <span class='ocrx_word' id='word_1_354' title='bbox 1201 3038 1490 3110; x_wconf 60' lang='lat' dir='ltr'><strong>praeconiis</strong></span> <span class='ocrx_word' id='word_1_355' title='bbox 1536 3037 1670 3092; x_wconf 90' lang='lat' dir='ltr'><strong>tuis.</strong></span> <span class='ocrx_word' id='word_1_356' title='bbox 1701 3035 1925 3107; x_wconf 81' lang='lat' dir='ltr'><strong>Largire</strong></span> 
     </span>
    </p>
   </div>
   <div class='ocr_carea' id='block_1_50' title="bbox 340 3129 1924 3201">
    <p class='ocr_par' dir='ltr' id='par_1_50' title="bbox 340 3129 1924 3201">
     <span class='ocr_line' id='line_1_51' title="bbox 340 3129 1924 3201; baseline -0.001 -16"><span class='ocrx_word' id='word_1_357' title='bbox 340 3130 526 3197; x_wconf 87' lang='lat' dir='ltr'><strong>nobis,</strong></span> <span class='ocrx_word' id='word_1_358' title='bbox 567 3130 661 3201; x_wconf 90' lang='lat' dir='ltr'><strong>qui</strong></span> <span class='ocrx_word' id='word_1_359' title='bbox 705 3137 797 3183; x_wconf 89' lang='lat' dir='ltr'><strong>tua</strong></span> <span class='ocrx_word' id='word_1_360' title='bbox 842 3130 1121 3186; x_wconf 87' lang='lat' dir='ltr'><strong>celebrare</strong></span> <span class='ocrx_word' id='word_1_361' title='bbox 1149 3131 1423 3201; x_wconf 90' lang='lat' dir='ltr'><strong>cupimus,</strong></span> <span class='ocrx_word' id='word_1_362' title='bbox 1471 3138 1532 3184; x_wconf 90' lang='lat' dir='ltr'><strong>ut</strong></span> <span class='ocrx_word' id='word_1_363' title='bbox 1562 3129 1924 3183; x_wconf 83' lang='lat' dir='ltr'><strong>humanitatis</strong></span> 
     </span>
    </p>
   </div>
   <div class='ocr_carea' id='block_1_51' title="bbox 341 3202 1999 3293">
    <p class='ocr_par' dir='ltr' id='par_1_51' title="bbox 341 3202 1999 3293">
     <span class='ocr_line' id='line_1_52' title="bbox 341 3202 1999 3293; baseline -0.002 -16"><span class='ocrx_word' id='word_1_364' title='bbox 341 3223 591 3293; x_wconf 82' lang='lat' dir='ltr'><strong>exempla</strong></span> <span class='ocrx_word' id='word_1_365' title='bbox 646 3222 1025 3292; x_wconf 87' lang='lat' dir='ltr'><strong>superioribus</strong></span> <span class='ocrx_word' id='word_1_366' title='bbox 1081 3223 1423 3292; x_wconf 83' lang='lat' dir='ltr'><strong>temporibus</strong></span> <span class='ocrx_word' id='word_1_367' title='bbox 1480 3221 1768 3277; x_wconf 85' lang='lat' dir='ltr'><strong>decantata</strong></span> <span class='ocrx_word' id='word_1_368' title='bbox 1811 3202 1999 3274; x_wconf 83' lang='lat' dir='ltr'><strong>lau-C</strong></span> 
     </span>
    </p>
   </div>
   <div class='ocr_carea' id='block_1_52' title="bbox 343 3309 1926 3381">
    <p class='ocr_par' dir='ltr' id='par_1_52' title="bbox 343 3309 1926 3381">
     <span class='ocr_line' id='line_1_53' title="bbox 343 3309 1926 3381; baseline 0 -16"><span class='ocrx_word' id='word_1_369' title='bbox 343 3310 525 3365; x_wconf 90' lang='lat' dir='ltr'><strong>dando</strong></span> <span class='ocrx_word' id='word_1_370' title='bbox 556 3326 903 3381; x_wconf 89' lang='lat' dir='ltr'><strong>superemus.</strong></span> <span class='ocrx_word' id='word_1_371' title='bbox 951 3309 1043 3365; x_wconf 91' lang='lat' dir='ltr'><strong>Sic</strong></span> <span class='ocrx_word' id='word_1_372' title='bbox 1086 3320 1142 3366; x_wconf 91' lang='lat' dir='ltr'><strong>et</strong></span> <span class='ocrx_word' id='word_1_373' title='bbox 1170 3311 1397 3367; x_wconf 68' lang='lat' dir='ltr'><strong>(II-(esus</strong></span> <span class='ocrx_word' id='word_1_374' title='bbox 1444 3310 1538 3365; x_wconf 85' lang='lat' dir='ltr'><strong>lilii</strong></span> <span class='ocrx_word' id='word_1_375' title='bbox 1583 3309 1926 3366; x_wconf 86' lang='lat' dir='ltr'><strong>interlectori</strong></span> 
     </span>
    </p>
   </div>
   <div class='ocr_carea' id='block_1_53' title="bbox 344 3399 1981 3472">
    <p class='ocr_par' dir='ltr' id='par_1_53' title="bbox 344 3399 1981 3472">
     <span class='ocr_line' id='line_1_54' title="bbox 344 3399 1981 3472; baseline -0.001 -17"><span class='ocrx_word' id='word_1_376' title='bbox 344 3402 483 3455; x_wconf 86' lang='lat' dir='ltr'><strong>iram</strong></span> <span class='ocrx_word' id='word_1_377' title='bbox 518 3401 798 3457; x_wconf 88' lang='lat' dir='ltr'><strong>remisisse</strong></span> <span class='ocrx_word' id='word_1_378' title='bbox 825 3399 1050 3463; x_wconf 88' lang='lat' dir='ltr'><strong>dicitur,</strong></span> <span class='ocrx_word' id='word_1_379' title='bbox 1086 3400 1327 3470; x_wconf 88' lang='lat' dir='ltr'><strong>seipsum</strong></span> <span class='ocrx_word' id='word_1_380' title='bbox 1376 3401 1443 3455; x_wconf 90' lang='lat' dir='ltr'><strong>ad</strong></span> <span class='ocrx_word' id='word_1_381' title='bbox 1479 3401 1814 3472; x_wconf 84' lang='lat' dir='ltr'><strong>supplicium</strong></span> <span class='ocrx_word' id='word_1_382' title='bbox 1838 3399 1926 3455; x_wconf 77' lang='lat' dir='ltr'><strong>ot‘-</strong></span> <span class='ocrx_word' id='word_1_383' title='bbox 1974 3400 1981 3406; x_wconf 82' lang='grc'><strong>’</strong></span> 
     </span>
    </p>
   </div>
   <div class='ocr_carea' id='block_1_54' title="bbox 346 3491 1927 3563">
    <p class='ocr_par' dir='ltr' id='par_1_54' title="bbox 346 3491 1927 3563">
     <span class='ocr_line' id='line_1_55' title="bbox 346 3491 1927 3563; baseline 0.001 -17"><span class='ocrx_word' id='word_1_384' title='bbox 346 3493 667 3549; x_wconf 82' lang='lat' dir='ltr'><strong>ferenti:et</strong></span> <span class='ocrx_word' id='word_1_385' title='bbox 724 3506 956 3561; x_wconf 84' lang='lat' dir='ltr'><strong>magnus</strong></span> <span class='ocrx_word' id='word_1_386' title='bbox 1011 3492 1100 3546; x_wconf 90' lang='lat' dir='ltr'><strong>ille</strong></span> <span class='ocrx_word' id='word_1_387' title='bbox 1149 3491 1325 3563; x_wconf 86' lang='lat' dir='ltr'><strong>Cyrus</strong></span> <span class='ocrx_word' id='word_1_388' title='bbox 1390 3492 1519 3547; x_wconf 89' lang='lat' dir='ltr'><strong>huic</strong></span> <span class='ocrx_word' id='word_1_389' title='bbox 1578 3492 1681 3562; x_wconf 89' lang='lat' dir='ltr'><strong>ipsi</strong></span> <span class='ocrx_word' id='word_1_390' title='bbox 1733 3492 1927 3547; x_wconf 81' lang='lat' dir='ltr'><strong>Croeso</strong></span> 
     </span>
    </p>
   </div>
   <div class='ocr_carea' id='block_1_55' title="bbox 347 3581 1930 3656">
    <p class='ocr_par' dir='ltr' id='par_1_55' title="bbox 347 3581 1930 3656">
     <span class='ocr_line' id='line_1_56' title="bbox 347 3581 1930 3656; baseline 0.001 -19"><span class='ocrx_word' id='word_1_391' title='bbox 347 3586 556 3640; x_wconf 86' lang='lat' dir='ltr'><strong>amicus</strong></span> <span class='ocrx_word' id='word_1_392' title='bbox 599 3593 721 3656; x_wconf 89' lang='lat' dir='ltr'><strong>post</strong></span> <span class='ocrx_word' id='word_1_393' title='bbox 762 3584 1048 3640; x_wconf 89' lang='lat' dir='ltr'><strong>victoriam</strong></span> <span class='ocrx_word' id='word_1_394' title='bbox 1092 3581 1285 3639; x_wconf 79' lang='lat' dir='ltr'><strong>fuisse.</strong></span> <span class='ocrx_word' id='word_1_395' title='bbox 1317 3583 1429 3640; x_wconf 87' lang='lat' dir='ltr'><strong>Hos</strong></span> <span class='ocrx_word' id='word_1_396' title='bbox 1461 3585 1605 3640; x_wconf 87' lang='lat' dir='ltr'><strong>inter</strong></span> <span class='ocrx_word' id='word_1_397' title='bbox 1632 3596 1687 3640; x_wconf 87' lang='lat' dir='ltr'><strong>te</strong></span> <span class='ocrx_word' id='word_1_398' title='bbox 1735 3599 1930 3639; x_wconf 84' lang='lat' dir='ltr'><strong>nume-</strong></span> 
     </span>
    </p>
   </div>
   <div class='ocr_carea' id='block_1_56' title="bbox 346 3676 1931 3748">
    <p class='ocr_par' dir='ltr' id='par_1_56' title="bbox 346 3676 1931 3748">
     <span class='ocr_line' id='line_1_57' title="bbox 346 3676 1931 3748; baseline -0.002 -15"><span class='ocrx_word' id='word_1_399' title='bbox 346 3678 618 3742; x_wconf 89' lang='lat' dir='ltr'><strong>rabimus,</strong></span> <span class='ocrx_word' id='word_1_400' title='bbox 653 3685 707 3734; x_wconf 89' lang='lat' dir='ltr'><strong>et</strong></span> <span class='ocrx_word' id='word_1_401' title='bbox 735 3693 832 3748; x_wconf 86' lang='lat' dir='ltr'><strong>pro</strong></span> <span class='ocrx_word' id='word_1_402' title='bbox 864 3678 1007 3733; x_wconf 87' lang='lat' dir='ltr'><strong>virili</strong></span> <span class='ocrx_word' id='word_1_403' title='bbox 1046 3678 1161 3735; x_wconf 66' lang='lat' dir='ltr'><strong>haec</strong></span> <span class='ocrx_word' id='word_1_404' title='bbox 1189 3678 1630 3748; x_wconf 80' lang='lat' dir='ltr'><strong>praedicabimus,</strong></span> <span class='ocrx_word' id='word_1_405' title='bbox 1663 3676 1772 3732; x_wconf 93' lang='lat' dir='ltr'><strong>nisi</strong></span> <span class='ocrx_word' id='word_1_406' title='bbox 1814 3676 1931 3731; x_wconf 80' lang='lat' dir='ltr'><strong>exi-</strong></span> 
     </span>
    </p>
   </div>
   <div class='ocr_carea' id='block_1_57' title="bbox 346 3766 1929 3840">
    <p class='ocr_par' dir='ltr' id='par_1_57' title="bbox 346 3766 1929 3840">
     <span class='ocr_line' id='line_1_58' title="bbox 346 3766 1929 3840; baseline -0.001 -17"><span class='ocrx_word' id='word_1_407' title='bbox 346 3770 427 3825; x_wconf 82' lang='lat' dir='ltr'><strong>les</strong></span> <span class='ocrx_word' id='word_1_408' title='bbox 455 3768 679 3840; x_wconf 90' lang='lat' dir='ltr'><strong>quidam</strong></span> <span class='ocrx_word' id='word_1_409' title='bbox 713 3783 836 3825; x_wconf 88' lang='lat' dir='ltr'><strong>esse</strong></span> <span class='ocrx_word' id='word_1_410' title='bbox 865 3769 1090 3824; x_wconf 90' lang='lat' dir='ltr'><strong>omnino</strong></span> <span class='ocrx_word' id='word_1_411' title='bbox 1116 3770 1255 3824; x_wconf 91' lang='lat' dir='ltr'><strong>tanti</strong></span> <span class='ocrx_word' id='word_1_412' title='bbox 1286 3768 1389 3824; x_wconf 81' lang='lat' dir='ltr'><strong>viri</strong></span> <span class='ocrx_word' id='word_1_413' title='bbox 1421 3783 1706 3839; x_wconf 70' lang='lat' dir='ltr'><strong>prazcones</strong></span> <span class='ocrx_word' id='word_1_414' title='bbox 1738 3766 1929 3824; x_wconf 78' lang='lat' dir='ltr'><strong>existi-</strong></span> 
     </span>
    </p>
   </div>
   <div class='ocr_carea' id='block_1_58' title="bbox 346 3876 580 3917">
    <p class='ocr_par' dir='ltr' id='par_1_58' title="bbox 346 3876 580 3917">
     <span class='ocr_line' id='line_1_59' title="bbox 346 3876 580 3917; baseline -0.013 0"><span class='ocrx_word' id='word_1_415' title='bbox 346 3876 580 3917; x_wconf 80' lang='lat' dir='ltr'><strong>utemur.</strong></span> 
     </span>
    </p>
   </div>
   <div class='ocr_carea' id='block_1_59' title="bbox 418 3949 1923 4018">
    <p class='ocr_par' dir='ltr' id='par_1_59' title="bbox 418 3949 1923 4018">
     <span class='ocr_line' id='line_1_60' title="bbox 418 3949 1923 4018; baseline 0 -10"><span class='ocrx_word' id='word_1_416' title='bbox 418 3953 473 4008; x_wconf 81' lang='lat'><strong>&#39;5.</strong></span> <span class='ocrx_word' id='word_1_417' title='bbox 526 3952 797 4007; x_wconf 71' lang='lat' dir='ltr'><strong>Caeterum</strong></span> <span class='ocrx_word' id='word_1_418' title='bbox 845 3949 980 4005; x_wconf 91' lang='lat' dir='ltr'><strong>illud</strong></span> <span class='ocrx_word' id='word_1_419' title='bbox 1032 3953 1247 4008; x_wconf 71' lang='lat' dir='ltr'><strong>caeteris</strong></span> <span class='ocrx_word' id='word_1_420' title='bbox 1280 3966 1509 4007; x_wconf 86' lang='lat' dir='ltr'><strong>necesse</strong></span> <span class='ocrx_word' id='word_1_421' title='bbox 1563 3962 1649 4008; x_wconf 88' lang='lat' dir='ltr'><strong>est</strong></span> <span class='ocrx_word' id='word_1_422' title='bbox 1696 3950 1923 4018; x_wconf 84' lang='lat' dir='ltr'><strong>addere,</strong></span> 
     </span>
    </p>
   </div>
   <div class='ocr_carea' id='block_1_60' title="bbox 348 4043 1927 4116">
    <p class='ocr_par' dir='ltr' id='par_1_60' title="bbox 348 4043 1927 4116">
     <span class='ocr_line' id='line_1_61' title="bbox 348 4043 1927 4116; baseline -0.001 -16"><span class='ocrx_word' id='word_1_423' title='bbox 348 4060 444 4100; x_wconf 92' lang='lat' dir='ltr'><strong>eos</strong></span> <span class='ocrx_word' id='word_1_424' title='bbox 493 4045 588 4116; x_wconf 88' lang='lat' dir='ltr'><strong>qui</strong></span> <span class='ocrx_word' id='word_1_425' title='bbox 626 4044 844 4115; x_wconf 80' lang='lat' dir='ltr'><strong>quidvis</strong></span> <span class='ocrx_word' id='word_1_426' title='bbox 881 4043 1233 4114; x_wconf 88' lang='lat' dir='ltr'><strong>deliquerint,</strong></span> <span class='ocrx_word' id='word_1_427' title='bbox 1278 4060 1391 4099; x_wconf 87' lang='lat' dir='ltr'><strong>non</strong></span> <span class='ocrx_word' id='word_1_428' title='bbox 1436 4045 1505 4101; x_wconf 89' lang='lat' dir='ltr'><strong>ob</strong></span> <span class='ocrx_word' id='word_1_429' title='bbox 1555 4060 1619 4101; x_wconf 90' lang='lat' dir='ltr'><strong>ea</strong></span> <span class='ocrx_word' id='word_1_430' title='bbox 1663 4060 1785 4116; x_wconf 67' lang='lat' dir='ltr'><strong>quae</strong></span> <span class='ocrx_word' id='word_1_431' title='bbox 1809 4047 1927 4114; x_wconf 87' lang='lat' dir='ltr'><strong>jam</strong></span> 
     </span>
    </p>
   </div>
   <div class='ocr_carea' id='block_1_61' title="bbox 349 4135 1926 4207">
    <p class='ocr_par' dir='ltr' id='par_1_61' title="bbox 349 4135 1926 4207">
     <span class='ocr_line' id='line_1_62' title="bbox 349 4135 1926 4207; baseline -0.001 -17"><span class='ocrx_word' id='word_1_432' title='bbox 349 4136 591 4192; x_wconf 85' lang='lat' dir='ltr'><strong>admissa</strong></span> <span class='ocrx_word' id='word_1_433' title='bbox 650 4144 778 4191; x_wconf 89' lang='lat' dir='ltr'><strong>sunt</strong></span> <span class='ocrx_word' id='word_1_434' title='bbox 833 4138 1016 4207; x_wconf 90' lang='lat' dir='ltr'><strong>puniri</strong></span> <span class='ocrx_word' id='word_1_435' title='bbox 1056 4138 1198 4207; x_wconf 87' lang='lat' dir='ltr'><strong>(qua</strong></span> <span class='ocrx_word' id='word_1_436' title='bbox 1255 4137 1400 4191; x_wconf 89' lang='lat' dir='ltr'><strong>enim</strong></span> <span class='ocrx_word' id='word_1_437' title='bbox 1450 4146 1568 4192; x_wconf 91' lang='lat' dir='ltr'><strong>arte</strong></span> <span class='ocrx_word' id='word_1_438' title='bbox 1611 4152 1733 4207; x_wconf 71' lang='lat' dir='ltr'><strong>qua:</strong></span> <span class='ocrx_word' id='word_1_439' title='bbox 1779 4135 1926 4190; x_wconf 82' lang='lat' dir='ltr'><strong>facta</strong></span> 
     </span>
    </p>
   </div>
   <div class='ocr_carea' id='block_1_62' title="bbox 351 4229 1924 4301">
    <p class='ocr_par' dir='ltr' id='par_1_62' title="bbox 351 4229 1924 4301">
     <span class='ocr_line' id='line_1_63' title="bbox 351 4229 1924 4301; baseline 0.001 -18"><span class='ocrx_word' id='word_1_440' title='bbox 351 4240 501 4293; x_wconf 86' lang='lat' dir='ltr'><strong>sunt,</strong></span> <span class='ocrx_word' id='word_1_441' title='bbox 530 4229 733 4283; x_wconf 81' lang='lat' dir='ltr'><strong>infecta</strong></span> <span class='ocrx_word' id='word_1_442' title='bbox 754 4230 1122 4301; x_wconf 85' lang='lat' dir='ltr'><strong>reddantur?)</strong></span> <span class='ocrx_word' id='word_1_443' title='bbox 1146 4247 1161 4296; x_wconf 88' lang='lat'><strong>;</strong></span> <span class='ocrx_word' id='word_1_444' title='bbox 1193 4229 1291 4284; x_wconf 91' lang='lat' dir='ltr'><strong>sed</strong></span> <span class='ocrx_word' id='word_1_445' title='bbox 1318 4237 1377 4283; x_wconf 90' lang='lat' dir='ltr'><strong>ut</strong></span> <span class='ocrx_word' id='word_1_446' title='bbox 1402 4237 1495 4284; x_wconf 91' lang='lat' dir='ltr'><strong>aut</strong></span> <span class='ocrx_word' id='word_1_447' title='bbox 1525 4230 1626 4300; x_wconf 89' lang='lat' dir='ltr'><strong>ipsi</strong></span> <span class='ocrx_word' id='word_1_448' title='bbox 1663 4229 1924 4300; x_wconf 85' lang='lat' dir='ltr'><strong>deinceps</strong></span> 
     </span>
    </p>
   </div>
   <div class='ocr_carea' id='block_1_63' title="bbox 349 4318 1925 4391">
    <p class='ocr_par' dir='ltr' id='par_1_63' title="bbox 349 4318 1925 4391">
     <span class='ocr_line' id='line_1_64' title="bbox 349 4318 1925 4391; baseline -0.001 -18"><span class='ocrx_word' id='word_1_449' title='bbox 349 4320 604 4375; x_wconf 87' lang='lat' dir='ltr'><strong>meliores</strong></span> <span class='ocrx_word' id='word_1_450' title='bbox 653 4319 805 4385; x_wconf 87' lang='lat' dir='ltr'><strong>ﬁant,</strong></span> <span class='ocrx_word' id='word_1_451' title='bbox 842 4328 936 4374; x_wconf 87' lang='lat' dir='ltr'><strong>aut</strong></span> <span class='ocrx_word' id='word_1_452' title='bbox 986 4320 1107 4376; x_wconf 92' lang='lat' dir='ltr'><strong>aliis</strong></span> <span class='ocrx_word' id='word_1_453' title='bbox 1150 4318 1399 4391; x_wconf 84' lang='lat' dir='ltr'><strong>sapiendi</strong></span> <span class='ocrx_word' id='word_1_454' title='bbox 1443 4321 1556 4375; x_wconf 90' lang='lat' dir='ltr'><strong>sint</strong></span> <span class='ocrx_word' id='word_1_455' title='bbox 1593 4319 1925 4389; x_wconf 78' lang='lat' dir='ltr'><strong>exemplum.</strong></span> 
     </span>
    </p>
   </div>
   <div class='ocr_carea' id='block_1_64' title="bbox 351 4411 1925 4486">
    <p class='ocr_par' dir='ltr' id='par_1_64' title="bbox 351 4411 1925 4486">
     <span class='ocr_line' id='line_1_65' title="bbox 351 4411 1925 4486; baseline 0.002 -21"><span class='ocrx_word' id='word_1_456' title='bbox 351 4411 561 4467; x_wconf 87' lang='lat' dir='ltr'><strong>llorum</strong></span> <span class='ocrx_word' id='word_1_457' title='bbox 624 4421 808 4468; x_wconf 89' lang='lat' dir='ltr'><strong>autem</strong></span> <span class='ocrx_word' id='word_1_458' title='bbox 866 4421 1120 4468; x_wconf 83' lang='lat' dir='ltr'><strong>neutrum</strong></span> <span class='ocrx_word' id='word_1_459' title='bbox 1181 4429 1329 4470; x_wconf 91' lang='lat' dir='ltr'><strong>nunc</strong></span> <span class='ocrx_word' id='word_1_460' title='bbox 1382 4414 1573 4470; x_wconf 88' lang='lat' dir='ltr'><strong>deesse</strong></span> <span class='ocrx_word' id='word_1_461' title='bbox 1629 4413 1925 4486; x_wconf 88' lang='lat' dir='ltr'><strong>quisquam</strong></span> 
     </span>
    </p>
   </div>
   <div class='ocr_carea' id='block_1_65' title="bbox 2018 1934 3600 2010">
    <p class='ocr_par' dir='ltr' id='par_1_65' title="bbox 2018 1934 3600 2010">
     <span class='ocr_line' id='line_1_66' title="bbox 2018 1934 3600 2010; baseline 0 -20"><span class='ocrx_word' id='word_1_462' title='bbox 2018 1936 2322 2009; x_wconf 77' lang='grc' dir='ltr'>λοφροσύνῃ</span> <span class='ocrx_word' id='word_1_463' title='bbox 2355 1937 2574 1991; x_wconf 87' lang='grc' dir='ltr'>πάντων</span> <span class='ocrx_word' id='word_1_464' title='bbox 2599 1934 2693 1993; x_wconf 72' lang='grc' dir='ltr'><strong>καὶ</strong></span> <span class='ocrx_word' id='word_1_465' title='bbox 2719 1938 3018 2010; x_wconf 87' lang='grc' dir='ltr'>ήμερὸτητι</span> <span class='ocrx_word' id='word_1_466' title='bbox 3036 1937 3402 2010; x_wconf 78' lang='grc' dir='ltr'>διαφέροντος.</span> <span class='ocrx_word' id='word_1_467' title='bbox 3434 1938 3600 1990; x_wconf 80' lang='grc' dir='ltr'>Ὥστε</span> 
     </span>
    </p>
   </div>
   <div class='ocr_carea' id='block_1_66' title="bbox 2020 2027 3602 2101">
    <p class='ocr_par' dir='ltr' id='par_1_66' title="bbox 2020 2027 3602 2101">
     <span class='ocr_line' id='line_1_67' title="bbox 2020 2027 3602 2101; baseline -0.002 -19"><span class='ocrx_word' id='word_1_468' title='bbox 2020 2028 2251 2101; x_wconf 77' lang='grc' dir='ltr'>ὑπάρξει</span> <span class='ocrx_word' id='word_1_469' title='bbox 2279 2046 2361 2082; x_wconf 88' lang='grc' dir='ltr'><strong>σοι</strong></span> <span class='ocrx_word' id='word_1_470' title='bbox 2393 2027 2706 2099; x_wconf 77' lang='grc' dir='ltr'>βουληθέντι</span> <span class='ocrx_word' id='word_1_471' title='bbox 2744 2030 2801 2081; x_wconf 81' lang='grc' dir='ltr'>ὲν</span> <span class='ocrx_word' id='word_1_472' title='bbox 2833 2029 2912 2099; x_wconf 84' lang='grc' dir='ltr'>τῷ</span> <span class='ocrx_word' id='word_1_473' title='bbox 2945 2028 3093 2099; x_wconf 79' lang='grc' dir='ltr'>αὐτῷ</span> <span class='ocrx_word' id='word_1_474' title='bbox 3141 2030 3240 2099; x_wconf 81' lang='grc' dir='ltr'><strong>τήν</strong></span> <span class='ocrx_word' id='word_1_475' title='bbox 3282 2045 3341 2081; x_wconf 87' lang='grc' dir='ltr'><strong>τε</strong></span> <span class='ocrx_word' id='word_1_476' title='bbox 3373 2028 3511 2099; x_wconf 81' lang='grc' dir='ltr'>πρὸς</span> <span class='ocrx_word' id='word_1_477' title='bbox 3539 2027 3602 2080; x_wconf 78' lang='grc' dir='ltr'>τὸ</span> 
     </span>
    </p>
   </div>
   <div class='ocr_carea' id='block_1_67' title="bbox 2019 2118 3597 2192">
    <p class='ocr_par' dir='ltr' id='par_1_67' title="bbox 2019 2118 3597 2192">
     <span class='ocr_line' id='line_1_68' title="bbox 2019 2118 3597 2192; baseline -0.001 -18"><span class='ocrx_word' id='word_1_478' title='bbox 2019 2120 2327 2191; x_wconf 80' lang='grc' dir='ltr'>ἀμύνασθαι</span> <span class='ocrx_word' id='word_1_479' title='bbox 2357 2120 2452 2174; x_wconf 74' lang='grc' dir='ltr'>καὶ</span> <span class='ocrx_word' id='word_1_480' title='bbox 2478 2121 2577 2192; x_wconf 79' lang='grc' dir='ltr'>τὴν</span> <span class='ocrx_word' id='word_1_481' title='bbox 2608 2124 2688 2185; x_wconf 80' lang='grc' dir='ltr'><strong>εἰς</strong></span> <span class='ocrx_word' id='word_1_482' title='bbox 2707 2120 2770 2175; x_wconf 82' lang='grc' dir='ltr'>τὸ</span> <span class='ocrx_word' id='word_1_483' title='bbox 2797 2120 3013 2185; x_wconf 75' lang='grc' dir='ltr'>σώζειν,</span> <span class='ocrx_word' id='word_1_484' title='bbox 3040 2123 3115 2184; x_wconf 85' lang='grc' dir='ltr'>ὡς</span> <span class='ocrx_word' id='word_1_485' title='bbox 3140 2120 3205 2174; x_wconf 87' lang='grc' dir='ltr'>ἂν</span> <span class='ocrx_word' id='word_1_486' title='bbox 3230 2119 3433 2182; x_wconf 79' lang='grc' dir='ltr'>ἐθέλοις</span> <span class='ocrx_word' id='word_1_487' title='bbox 3458 2118 3597 2190; x_wconf 84' lang='grc'><strong>(75),</strong></span> 
     </span>
    </p>
   </div>
   <div class='ocr_carea' id='block_1_68' title="bbox 2020 2198 3602 2286">
    <p class='ocr_par' dir='ltr' id='par_1_68' title="bbox 2020 2198 3602 2286">
     <span class='ocr_line' id='line_1_69' title="bbox 2020 2198 3602 2286; baseline -0.002 -18"><span class='ocrx_word' id='word_1_488' title='bbox 2020 2198 2386 2279; x_wconf 73' lang='grc' dir='ltr'>ἐπιδείξασθαι</span> <span class='ocrx_word' id='word_1_489' title='bbox 2437 2214 2863 2286; x_wconf 64' lang='grc' dir='ltr'>μεγαλοψυχίαν.</span> <span class='ocrx_word' id='word_1_490' title='bbox 2912 2215 3082 2267; x_wconf 82' lang='grc' dir='ltr'>Τοῦτο</span> <span class='ocrx_word' id='word_1_491' title='bbox 3149 2214 3346 2285; x_wconf 84' lang='grc' dir='ltr'>μέτρον</span> <span class='ocrx_word' id='word_1_492' title='bbox 3392 2211 3602 2283; x_wconf 86' lang='grc' dir='ltr'>ἀρκοῦν</span> 
     </span>
    </p>
   </div>
   <div class='ocr_carea' id='block_1_69' title="bbox 2019 2303 3602 2378">
    <p class='ocr_par' dir='ltr' id='par_1_69' title="bbox 2019 2303 3602 2378">
     <span class='ocr_line' id='line_1_70' title="bbox 2019 2303 3602 2378; baseline -0.001 -20"><span class='ocrx_word' id='word_1_493' title='bbox 2019 2305 2331 2376; x_wconf 79' lang='grc' dir='ltr'>Δομετιανῷ</span> <span class='ocrx_word' id='word_1_494' title='bbox 2376 2309 2475 2378; x_wconf 79' lang='grc' dir='ltr'>τῆς</span> <span class='ocrx_word' id='word_1_495' title='bbox 2541 2304 2851 2370; x_wconf 85' lang='grc' dir='ltr'>κολάσεως,</span> <span class='ocrx_word' id='word_1_496' title='bbox 2901 2306 3009 2358; x_wconf 85' lang='grc' dir='ltr'>τῶν</span> <span class='ocrx_word' id='word_1_497' title='bbox 3064 2303 3528 2376; x_wconf 78' lang='grc' dir='ltr'>προσδοκωμένων</span> <span class='ocrx_word' id='word_1_498' title='bbox 3572 2305 3602 2357; x_wconf 84' lang='grc' dir='ltr'>ὁ</span> 
     </span>
    </p>
   </div>
   <div class='ocr_carea' id='block_1_70' title="bbox 2022 2393 3603 2467">
    <p class='ocr_par' dir='ltr' id='par_1_70' title="bbox 2022 2393 3603 2467">
     <span class='ocr_line' id='line_1_71' title="bbox 2022 2393 3603 2467; baseline -0.001 -17"><span class='ocrx_word' id='word_1_499' title='bbox 2022 2398 2204 2467; x_wconf 76' lang='grc' dir='ltr'>φόϐος,</span> <span class='ocrx_word' id='word_1_500' title='bbox 2237 2398 2331 2452; x_wconf 70' lang='grc' dir='ltr'><strong>καὶ</strong></span> <span class='ocrx_word' id='word_1_501' title='bbox 2364 2393 2438 2451; x_wconf 80' lang='grc' dir='ltr'><strong>ὧν</strong></span> <span class='ocrx_word' id='word_1_502' title='bbox 2475 2399 2624 2464; x_wconf 79' lang='grc' dir='ltr'>ἄξιον</span> <span class='ocrx_word' id='word_1_503' title='bbox 2650 2395 2789 2452; x_wconf 77' lang='grc' dir='ltr'>οἶδεν</span> <span class='ocrx_word' id='word_1_504' title='bbox 2826 2398 3015 2451; x_wconf 76' lang='grc' dir='ltr'>ἑαυτὸν</span> <span class='ocrx_word' id='word_1_505' title='bbox 3048 2398 3238 2450; x_wconf 80' lang='grc' dir='ltr'>παθεῖν</span> <span class='ocrx_word' id='word_1_506' title='bbox 3273 2397 3422 2451; x_wconf 78' lang='grc' dir='ltr'>ὄντα.</span> <span class='ocrx_word' id='word_1_507' title='bbox 3460 2394 3603 2448; x_wconf 81' lang='grc' dir='ltr'>Τού-</span> 
     </span>
    </p>
   </div>
   <div class='ocr_carea' id='block_1_71' title="bbox 2022 2486 3605 2562">
    <p class='ocr_par' dir='ltr' id='par_1_71' title="bbox 2022 2486 3605 2562">
     <span class='ocr_line' id='line_1_72' title="bbox 2022 2486 3605 2562; baseline -0.003 -18"><span class='ocrx_word' id='word_1_508' title='bbox 2022 2508 2133 2554; x_wconf 80' lang='grc' dir='ltr'>τοις</span> <span class='ocrx_word' id='word_1_509' title='bbox 2172 2490 2338 2561; x_wconf 78' lang='grc' dir='ltr'>μηδὲν</span> <span class='ocrx_word' id='word_1_510' title='bbox 2379 2494 2456 2555; x_wconf 86' lang='grc' dir='ltr'><strong>είς</strong></span> <span class='ocrx_word' id='word_1_511' title='bbox 2496 2490 2768 2562; x_wconf 75' lang='grc' dir='ltr'>τιμωρίαν</span> <span class='ocrx_word' id='word_1_512' title='bbox 2800 2489 3117 2561; x_wconf 84' lang='grc' dir='ltr'>προσθεῖναι</span> <span class='ocrx_word' id='word_1_513' title='bbox 3165 2488 3315 2559; x_wconf 85' lang='grc' dir='ltr'>αύτῷ</span> <span class='ocrx_word' id='word_1_514' title='bbox 3362 2486 3605 2541; x_wconf 85' lang='grc' dir='ltr'>ἱκετεύο-</span> 
     </span>
    </p>
   </div>
   <div class='ocr_carea' id='block_1_72' title="bbox 2026 2578 3605 2653">
    <p class='ocr_par' dir='ltr' id='par_1_72' title="bbox 2026 2578 3605 2653">
     <span class='ocr_line' id='line_1_73' title="bbox 2026 2578 3605 2653; baseline -0.001 -21"><span class='ocrx_word' id='word_1_515' title='bbox 2026 2599 2143 2651; x_wconf 84' lang='grc' dir='ltr'>μεν.</span> <span class='ocrx_word' id='word_1_516' title='bbox 2184 2583 2294 2635; x_wconf 75' lang='grc' dir='ltr'><strong>Καὶ</strong></span> <span class='ocrx_word' id='word_1_517' title='bbox 2339 2582 2444 2653; x_wconf 77' lang='grc' dir='ltr'><strong>γὰρ</strong></span> <span class='ocrx_word' id='word_1_518' title='bbox 2498 2580 2676 2633; x_wconf 78' lang='grc' dir='ltr'>έκεῖνο</span> <span class='ocrx_word' id='word_1_519' title='bbox 2723 2580 2955 2644; x_wconf 76' lang='grc' dir='ltr'>σκόπει,</span> <span class='ocrx_word' id='word_1_520' title='bbox 3006 2580 3087 2633; x_wconf 80' lang='grc' dir='ltr'>ὅτι</span> <span class='ocrx_word' id='word_1_521' title='bbox 3128 2578 3307 2651; x_wconf 82' lang='grc' dir='ltr'>κύριοι</span> <span class='ocrx_word' id='word_1_522' title='bbox 3362 2579 3460 2648; x_wconf 84' lang='grc' dir='ltr'>μὲν</span> <span class='ocrx_word' id='word_1_523' title='bbox 3490 2578 3605 2630; x_wconf 83' lang='grc' dir='ltr'>τῶν</span> 
     </span>
    </p>
   </div>
   <div class='ocr_carea' id='block_1_73' title="bbox 2022 2661 3605 2742">
    <p class='ocr_par' dir='ltr' id='par_1_73' title="bbox 2022 2661 3605 2742">
     <span class='ocr_line' id='line_1_74' title="bbox 2022 2661 3605 2742; baseline -0.001 -20"><span class='ocrx_word' id='word_1_524' title='bbox 2022 2670 2361 2741; x_wconf 68' lang='grc' dir='ltr'>ἠδικηκότων</span> <span class='ocrx_word' id='word_1_525' title='bbox 2389 2668 2573 2723; x_wconf 72' lang='grc' dir='ltr'>πολλοὶ</span> <span class='ocrx_word' id='word_1_526' title='bbox 2610 2669 2720 2723; x_wconf 86' lang='grc' dir='ltr'>τῶν</span> <span class='ocrx_word' id='word_1_527' title='bbox 2754 2670 3018 2742; x_wconf 86' lang='grc' dir='ltr'>πρότερον</span> <span class='ocrx_word' id='word_1_528' title='bbox 3049 2669 3147 2740; x_wconf 71' lang='grc' dir='ltr'><strong>ἤδη</strong></span> <span class='ocrx_word' id='word_1_529' title='bbox 3184 2670 3493 2737; x_wconf 83' lang='grc' dir='ltr'>γεγόνασιν,</span> <span class='ocrx_word' id='word_1_530' title='bbox 3527 2661 3605 2721; x_wconf 74' lang='grc' dir='ltr'>ὧν</span> 
     </span>
    </p>
   </div>
   <div class='ocr_carea' id='block_1_74' title="bbox 2023 2754 3606 2831">
    <p class='ocr_par' dir='ltr' id='par_1_74' title="bbox 2023 2754 3606 2831">
     <span class='ocr_line' id='line_1_75' title="bbox 2023 2754 3606 2831; baseline 0.001 -21"><span class='ocrx_word' id='word_1_531' title='bbox 2023 2759 2196 2823; x_wconf 66' lang='grc' dir='ltr'>οὐδεὶς</span> <span class='ocrx_word' id='word_1_532' title='bbox 2230 2760 2366 2831; x_wconf 72' lang='grc' dir='ltr'>πρὸς</span> <span class='ocrx_word' id='word_1_533' title='bbox 2398 2760 2523 2823; x_wconf 71' lang='grc' dir='ltr'>τοὺς</span> <span class='ocrx_word' id='word_1_534' title='bbox 2561 2754 2785 2830; x_wconf 85' lang='grc' dir='ltr'>’ύστερον</span> <span class='ocrx_word' id='word_1_535' title='bbox 2814 2759 3126 2830; x_wconf 70' lang='grc' dir='ltr'>διεπέμφθη</span> <span class='ocrx_word' id='word_1_536' title='bbox 3163 2758 3347 2827; x_wconf 80' lang='grc' dir='ltr'>λόγος’</span> <span class='ocrx_word' id='word_1_537' title='bbox 3380 2758 3606 2827; x_wconf 73' lang='grc' dir='ltr'>ἀφῆκαν</span> 
     </span>
    </p>
   </div>
   <div class='ocr_carea' id='block_1_75' title="bbox 2023 2850 3603 2923">
    <p class='ocr_par' dir='ltr' id='par_1_75' title="bbox 2023 2850 3603 2923">
     <span class='ocr_line' id='line_1_76' title="bbox 2023 2850 3603 2923; baseline -0.001 -20"><span class='ocrx_word' id='word_1_538' title='bbox 2023 2851 2078 2904; x_wconf 76' lang='grc' dir='ltr'>δὲ</span> <span class='ocrx_word' id='word_1_539' title='bbox 2122 2850 2219 2921; x_wconf 76' lang='grc' dir='ltr'><strong>τὴν</strong></span> <span class='ocrx_word' id='word_1_540' title='bbox 2265 2852 2433 2923; x_wconf 79' lang='grc' dir='ltr'>όργὴν</span> <span class='ocrx_word' id='word_1_541' title='bbox 2454 2853 2503 2904; x_wconf 92' lang='grc' dir='ltr'><strong>οἱ</strong></span> <span class='ocrx_word' id='word_1_542' title='bbox 2542 2851 2829 2922; x_wconf 69' lang='grc' dir='ltr'>φιλοσοφίᾳ.</span> <span class='ocrx_word' id='word_1_543' title='bbox 2865 2852 2993 2914; x_wconf 81' lang='grc' dir='ltr'>τοὺς</span> <span class='ocrx_word' id='word_1_544' title='bbox 3021 2850 3248 2913; x_wconf 80' lang='grc' dir='ltr'>πολλοὺς</span> <span class='ocrx_word' id='word_1_545' title='bbox 3290 2850 3603 2921; x_wconf 83' lang='grc' dir='ltr'>ύπεράραν-</span> 
     </span>
    </p>
   </div>
   <div class='ocr_carea' id='block_1_76' title="bbox 2024 2936 3607 3014">
    <p class='ocr_par' dir='ltr' id='par_1_76' title="bbox 2024 2936 3607 3014">
     <span class='ocr_line' id='line_1_77' title="bbox 2024 2936 3607 3014; baseline -0.001 -18"><span class='ocrx_word' id='word_1_546' title='bbox 2024 2961 2150 3009; x_wconf 85' lang='grc' dir='ltr'>τες,</span> <span class='ocrx_word' id='word_1_547' title='bbox 2204 2936 2277 2995; x_wconf 79' lang='grc' dir='ltr'>ὧν</span> <span class='ocrx_word' id='word_1_548' title='bbox 2323 2943 2588 3006; x_wconf 81' lang='grc' dir='ltr'>ἀθάνατος</span> <span class='ocrx_word' id='word_1_549' title='bbox 2628 2945 2661 3014; x_wconf 90' lang='grc' dir='ltr'><strong>ή</strong></span> <span class='ocrx_word' id='word_1_550' title='bbox 2715 2946 2902 3014; x_wconf 86' lang='grc' dir='ltr'>μνήμη</span> <span class='ocrx_word' id='word_1_551' title='bbox 2936 2941 3013 3013; x_wconf 84' lang='grc' dir='ltr'><strong>τῷ</strong></span> <span class='ocrx_word' id='word_1_552' title='bbox 3069 2941 3248 3013; x_wconf 82' lang='grc' dir='ltr'>χρόνῳ</span> <span class='ocrx_word' id='word_1_553' title='bbox 3283 2941 3392 3013; x_wconf 79' lang='lat'><strong>(76)</strong></span> <span class='ocrx_word' id='word_1_554' title='bbox 3439 2942 3607 2995; x_wconf 72' lang='grc' dir='ltr'>παντὶ</span> 
     </span>
    </p>
   </div>
   <div class='ocr_carea' id='block_1_77' title="bbox 2037 3033 3607 3107">
    <p class='ocr_par' dir='ltr' id='par_1_77' title="bbox 2037 3033 3607 3107">
     <span class='ocr_line' id='line_1_78' title="bbox 2037 3033 3607 3107; baseline -0.002 -20"><span class='ocrx_word' id='word_1_555' title='bbox 2037 3034 2417 3107; x_wconf 78' lang='grc' dir='ltr'>παραδέδοται.</span> <span class='ocrx_word' id='word_1_556' title='bbox 2466 3033 2819 3106; x_wconf 87' lang='grc' dir='ltr'>Προσκείσθω</span> <span class='ocrx_word' id='word_1_557' title='bbox 2871 3034 2928 3086; x_wconf 81' lang='grc' dir='ltr'>δὲ</span> <span class='ocrx_word' id='word_1_558' title='bbox 2971 3035 3065 3086; x_wconf 77' lang='grc' dir='ltr'><strong>καὶ</strong></span> <span class='ocrx_word' id='word_1_559' title='bbox 3112 3033 3269 3086; x_wconf 82' lang='grc' dir='ltr'>τοῦτο</span> <span class='ocrx_word' id='word_1_560' title='bbox 3313 3035 3425 3095; x_wconf 87' lang='grc' dir='ltr'>τοῖς</span> <span class='ocrx_word' id='word_1_561' title='bbox 3475 3033 3607 3103; x_wconf 72' lang='grc' dir='ltr'>περὶ</span> 
     </span>
    </p>
   </div>
   <div class='ocr_carea' id='block_1_78' title="bbox 2032 3124 3608 3200">
    <p class='ocr_par' dir='ltr' id='par_1_78' title="bbox 2032 3124 3608 3200">
     <span class='ocr_line' id='line_1_79' title="bbox 2032 3124 3608 3200; baseline -0.004 -18"><span class='ocrx_word' id='word_1_562' title='bbox 2032 3128 2123 3182; x_wconf 75' lang='grc' dir='ltr'>σοῦ</span> <span class='ocrx_word' id='word_1_563' title='bbox 2160 3129 2318 3200; x_wconf 82' lang='grc' dir='ltr'>διηγὴ</span> <span class='ocrx_word' id='word_1_564' title='bbox 2330 3145 2477 3199; x_wconf 84' lang='grc' dir='ltr'>μασι.</span> <span class='ocrx_word' id='word_1_565' title='bbox 2502 3127 2600 3192; x_wconf 76' lang='grc' dir='ltr'><strong>Δὸς</strong></span> <span class='ocrx_word' id='word_1_566' title='bbox 2621 3129 2772 3199; x_wconf 80' lang='grc' dir='ltr'>ἡμῖν,</span> <span class='ocrx_word' id='word_1_567' title='bbox 2796 3129 2910 3190; x_wconf 81' lang='grc' dir='ltr'>τοῖς</span> <span class='ocrx_word' id='word_1_568' title='bbox 2938 3127 3125 3196; x_wconf 86' lang='grc' dir='ltr'>ὑμνεῖν</span> <span class='ocrx_word' id='word_1_569' title='bbox 3153 3124 3608 3196; x_wconf 79' lang='grc' dir='ltr'>προαιρουμένοις</span> 
     </span>
    </p>
   </div>
   <div class='ocr_carea' id='block_1_79' title="bbox 2029 3216 3610 3292">
    <p class='ocr_par' dir='ltr' id='par_1_79' title="bbox 2029 3216 3610 3292">
     <span class='ocr_line' id='line_1_80' title="bbox 2029 3216 3610 3292; baseline -0.005 -16"><span class='ocrx_word' id='word_1_570' title='bbox 2029 3224 2097 3276; x_wconf 81' lang='grc' dir='ltr'>τὰ</span> <span class='ocrx_word' id='word_1_571' title='bbox 2128 3222 2213 3287; x_wconf 73' lang='grc' dir='ltr'><strong>σὰ,</strong></span> <span class='ocrx_word' id='word_1_572' title='bbox 2250 3223 2348 3285; x_wconf 75' lang='grc' dir='ltr'><strong>τὰς</strong></span> <span class='ocrx_word' id='word_1_573' title='bbox 2374 3223 2429 3275; x_wconf 82' lang='grc' dir='ltr'>ἐν</span> <span class='ocrx_word' id='word_1_574' title='bbox 2463 3223 2577 3284; x_wconf 80' lang='grc' dir='ltr'>τοῖς</span> <span class='ocrx_word' id='word_1_575' title='bbox 2607 3221 2719 3275; x_wconf 85' lang='grc' dir='ltr'>ἄνω</span> <span class='ocrx_word' id='word_1_576' title='bbox 2763 3220 2974 3292; x_wconf 85' lang='grc' dir='ltr'>χρόνοις</span> <span class='ocrx_word' id='word_1_577' title='bbox 3013 3217 3276 3290; x_wconf 82' lang='grc' dir='ltr'>ᾁδομένας</span> <span class='ocrx_word' id='word_1_578' title='bbox 3302 3216 3610 3287; x_wconf 85' lang='grc' dir='ltr'>φιλανθρω-</span> 
     </span>
    </p>
   </div>
   <div class='ocr_carea' id='block_1_80' title="bbox 2030 3308 3611 3386">
    <p class='ocr_par' dir='ltr' id='par_1_80' title="bbox 2030 3308 3611 3386">
     <span class='ocr_line' id='line_1_81' title="bbox 2030 3308 3611 3386; baseline -0.004 -18"><span class='ocrx_word' id='word_1_579' title='bbox 2030 3317 2160 3378; x_wconf 72' lang='grc' dir='ltr'>πίας</span> <span class='ocrx_word' id='word_1_580' title='bbox 2206 3314 2632 3386; x_wconf 79' lang='grc' dir='ltr'>ὑπερϐαλέσθαι.</span> <span class='ocrx_word' id='word_1_581' title='bbox 2686 3311 2841 3365; x_wconf 73' lang='grc' dir='ltr'>Οὕτω</span> <span class='ocrx_word' id='word_1_582' title='bbox 2883 3311 2978 3365; x_wconf 73' lang='grc' dir='ltr'><strong>καὶ</strong></span> <span class='ocrx_word' id='word_1_583' title='bbox 3020 3310 3248 3382; x_wconf 87' lang='grc' dir='ltr'>Κροῖσος</span> <span class='ocrx_word' id='word_1_584' title='bbox 3288 3309 3367 3380; x_wconf 84' lang='grc' dir='ltr'>τῷ</span> <span class='ocrx_word' id='word_1_585' title='bbox 3420 3308 3611 3362; x_wconf 73' lang='grc' dir='ltr'>παιδοο</span> 
     </span>
    </p>
   </div>
   <div class='ocr_carea' id='block_1_81' title="bbox 2028 3400 3610 3478">
    <p class='ocr_par' dir='ltr' id='par_1_81' title="bbox 2028 3400 3610 3478">
     <span class='ocr_line' id='line_1_82' title="bbox 2028 3400 3610 3478; baseline -0.004 -18"><span class='ocrx_word' id='word_1_586' title='bbox 2028 3407 2175 3478; x_wconf 73' lang='grc' dir='ltr'>φόνῳ</span> <span class='ocrx_word' id='word_1_587' title='bbox 2202 3407 2300 3477; x_wconf 74' lang='grc' dir='ltr'><strong>τὴν</strong></span> <span class='ocrx_word' id='word_1_588' title='bbox 2332 3407 2501 3477; x_wconf 76' lang='grc' dir='ltr'>ὀργὴν</span> <span class='ocrx_word' id='word_1_589' title='bbox 2543 3406 2760 3474; x_wconf 86' lang='grc' dir='ltr'>ἀφεῖναι</span> <span class='ocrx_word' id='word_1_590' title='bbox 2803 3402 3042 3472; x_wconf 86' lang='grc' dir='ltr'>λέγεται,</span> <span class='ocrx_word' id='word_1_591' title='bbox 3077 3401 3267 3454; x_wconf 77' lang='grc' dir='ltr'>ἑαυτὸν</span> <span class='ocrx_word' id='word_1_592' title='bbox 3308 3400 3610 3471; x_wconf 80' lang='grc' dir='ltr'>παραδόντι</span> 
     </span>
    </p>
   </div>
   <div class='ocr_carea' id='block_1_82' title="bbox 2028 3489 3611 3571">
    <p class='ocr_par' dir='ltr' id='par_1_82' title="bbox 2028 3489 3611 3571">
     <span class='ocr_line' id='line_1_83' title="bbox 2028 3489 3611 3571; baseline -0.006 -19"><span class='ocrx_word' id='word_1_593' title='bbox 2028 3498 2108 3564; x_wconf 80' lang='grc' dir='ltr'>εἰς</span> <span class='ocrx_word' id='word_1_594' title='bbox 2152 3499 2450 3571; x_wconf 57' lang='grc' dir='ltr'>τιμωρίαν</span> <span class='ocrx_word' id='word_1_595' title='bbox 2485 3498 2580 3550; x_wconf 77' lang='grc' dir='ltr'><strong>καὶ</strong></span> <span class='ocrx_word' id='word_1_596' title='bbox 2613 3495 2797 3567; x_wconf 78' lang='grc' dir='ltr'>Κῦρος</span> <span class='ocrx_word' id='word_1_597' title='bbox 2847 3497 2875 3548; x_wconf 88' lang='grc' dir='ltr'>ὁ</span> <span class='ocrx_word' id='word_1_598' title='bbox 2926 3494 3098 3565; x_wconf 80' lang='grc' dir='ltr'>μέγας</span> <span class='ocrx_word' id='word_1_599' title='bbox 3146 3492 3295 3563; x_wconf 85' lang='grc' dir='ltr'>αύτῴ</span> <span class='ocrx_word' id='word_1_600' title='bbox 3325 3491 3498 3563; x_wconf 87' lang='grc' dir='ltr'>τούτῳ</span> <span class='ocrx_word' id='word_1_601' title='bbox 3528 3489 3611 3562; x_wconf 84' lang='grc' dir='ltr'>τῷ</span> 
     </span>
    </p>
   </div>
   <div class='ocr_carea' id='block_1_83' title="bbox 2029 3583 3611 3664">
    <p class='ocr_par' dir='ltr' id='par_1_83' title="bbox 2029 3583 3611 3664">
     <span class='ocr_line' id='line_1_84' title="bbox 2029 3583 3611 3664; baseline -0.006 -20"><span class='ocrx_word' id='word_1_602' title='bbox 2029 3591 2251 3664; x_wconf 83' lang='grc' dir='ltr'>Κροίσῳ</span> <span class='ocrx_word' id='word_1_603' title='bbox 2285 3591 2437 3660; x_wconf 85' lang='grc' dir='ltr'>φίλος</span> <span class='ocrx_word' id='word_1_604' title='bbox 2482 3588 2735 3658; x_wconf 89' lang='grc' dir='ltr'>γενέσθαι</span> <span class='ocrx_word' id='word_1_605' title='bbox 2769 3586 2906 3658; x_wconf 77' lang='grc' dir='ltr'>μετὰ</span> <span class='ocrx_word' id='word_1_606' title='bbox 2936 3587 3035 3657; x_wconf 80' lang='grc' dir='ltr'>τὴν</span> <span class='ocrx_word' id='word_1_607' title='bbox 3084 3585 3256 3656; x_wconf 86' lang='grc' dir='ltr'>νίκην.</span> <span class='ocrx_word' id='word_1_608' title='bbox 3291 3583 3512 3647; x_wconf 81' lang='grc' dir='ltr'>Τούτοις</span> <span class='ocrx_word' id='word_1_609' title='bbox 3548 3598 3611 3636; x_wconf 85' lang='grc' dir='ltr'><strong>σε</strong></span> 
     </span>
    </p>
   </div>
   <div class='ocr_carea' id='block_1_84' title="bbox 2034 3674 3612 3755">
    <p class='ocr_par' dir='ltr' id='par_1_84' title="bbox 2034 3674 3612 3755">
     <span class='ocr_line' id='line_1_85' title="bbox 2034 3674 3612 3755; baseline -0.004 -19"><span class='ocrx_word' id='word_1_610' title='bbox 2034 3683 2549 3755; x_wconf 74' lang='grc' dir='ltr'>συναριθμήσομενο</span> <span class='ocrx_word' id='word_1_611' title='bbox 2595 3681 2711 3745; x_wconf 77' lang='grc' dir='ltr'>καὶ,</span> <span class='ocrx_word' id='word_1_612' title='bbox 2752 3680 2850 3750; x_wconf 82' lang='grc' dir='ltr'>ὅση</span> <span class='ocrx_word' id='word_1_613' title='bbox 2876 3677 3105 3748; x_wconf 86' lang='grc' dir='ltr'>δύναμις</span> <span class='ocrx_word' id='word_1_614' title='bbox 3134 3676 3399 3748; x_wconf 82' lang='grc' dir='ltr'>ἡμετέρα,</span> <span class='ocrx_word' id='word_1_615' title='bbox 3436 3674 3612 3730; x_wconf 79' lang='grc' dir='ltr'>ταῦτα</span> 
     </span>
    </p>
   </div>
   <div class='ocr_carea' id='block_1_85' title="bbox 2033 3763 3611 3842">
    <p class='ocr_par' dir='ltr' id='par_1_85' title="bbox 2033 3763 3611 3842">
     <span class='ocr_line' id='line_1_86' title="bbox 2033 3763 3611 3842; baseline -0.004 -16"><span class='ocrx_word' id='word_1_616' title='bbox 2033 3772 2509 3842; x_wconf 87' lang='grc' dir='ltr'>ἀναγορεύσομεν,</span> <span class='ocrx_word' id='word_1_617' title='bbox 2547 3769 2706 3841; x_wconf 84' lang='grc' dir='ltr'>εἴπερ</span> <span class='ocrx_word' id='word_1_618' title='bbox 2753 3768 2828 3840; x_wconf 84' lang='grc' dir='ltr'><strong>μὴ</strong></span> <span class='ocrx_word' id='word_1_619' title='bbox 2875 3766 3060 3839; x_wconf 88' lang='grc' dir='ltr'>μικροί</span> <span class='ocrx_word' id='word_1_620' title='bbox 3088 3781 3234 3829; x_wconf 84' lang='grc' dir='ltr'>τινες</span> <span class='ocrx_word' id='word_1_621' title='bbox 3283 3763 3420 3819; x_wconf 72' lang='grc' dir='ltr'>εἶναι</span> <span class='ocrx_word' id='word_1_622' title='bbox 3469 3781 3611 3820; x_wconf 75' lang='grc' dir='ltr'>πσν-</span> 
     </span>
    </p>
   </div>
   <div class='ocr_carea' id='block_1_86' title="bbox 2030 3858 3464 3936">
    <p class='ocr_par' dir='ltr' id='par_1_86' title="bbox 2030 3858 3464 3936">
     <span class='ocr_line' id='line_1_87' title="bbox 2030 3858 3464 3936; baseline -0.007 -17"><span class='ocrx_word' id='word_1_623' title='bbox 2030 3867 2263 3920; x_wconf 86' lang='grc' dir='ltr'>τάπασιν</span> <span class='ocrx_word' id='word_1_624' title='bbox 2293 3863 2486 3936; x_wconf 80' lang='grc' dir='ltr'>ἀνδρὸς</span> <span class='ocrx_word' id='word_1_625' title='bbox 2514 3862 2769 3916; x_wconf 79' lang='grc' dir='ltr'>τοσούτου</span> <span class='ocrx_word' id='word_1_626' title='bbox 2797 3861 3036 3933; x_wconf 85' lang='grc' dir='ltr'>κήρυκες</span> <span class='ocrx_word' id='word_1_627' title='bbox 3056 3858 3337 3931; x_wconf 86' lang='grc' dir='ltr'>νομισθείη</span> <span class='ocrx_word' id='word_1_628' title='bbox 3347 3875 3464 3928; x_wconf 87' lang='grc' dir='ltr'>μεν.</span> 
     </span>
    </p>
   </div>
   <div class='ocr_carea' id='block_1_87' title="bbox 2100 3948 3614 4020">
    <p class='ocr_par' dir='ltr' id='par_1_87' title="bbox 2100 3948 3614 4020">
     <span class='ocr_line' id='line_1_88' title="bbox 2100 3948 3614 4020; baseline -0.007 -9"><span class='ocrx_word' id='word_1_629' title='bbox 2100 3959 2152 4012; x_wconf 79' lang='grc'><strong>5.</strong></span> <span class='ocrx_word' id='word_1_630' title='bbox 2190 3958 2397 4011; x_wconf 86' lang='grc' dir='ltr'>Ἐκεῖνο</span> <span class='ocrx_word' id='word_1_631' title='bbox 2425 3956 2481 4009; x_wconf 79' lang='grc' dir='ltr'>δὲ</span> <span class='ocrx_word' id='word_1_632' title='bbox 2504 3955 2597 4007; x_wconf 71' lang='grc' dir='ltr'><strong>ἐπὶ</strong></span> <span class='ocrx_word' id='word_1_633' title='bbox 2620 3955 2783 4007; x_wconf 83' lang='grc' dir='ltr'>πᾶσιν</span> <span class='ocrx_word' id='word_1_634' title='bbox 2813 3955 2988 4006; x_wconf 76' lang='grc' dir='ltr'>εἰπεῖν</span> <span class='ocrx_word' id='word_1_635' title='bbox 3023 3953 3345 4020; x_wconf 85' lang='grc' dir='ltr'>ἀναγκαῖον,</span> <span class='ocrx_word' id='word_1_636' title='bbox 3373 3950 3458 4002; x_wconf 85' lang='grc' dir='ltr'>ὅτι</span> <span class='ocrx_word' id='word_1_637' title='bbox 3481 3948 3614 4012; x_wconf 74' lang='grc' dir='ltr'>τοὺς</span> 
     </span>
    </p>
   </div>
   <div class='ocr_carea' id='block_1_88' title="bbox 2032 4039 3615 4119">
    <p class='ocr_par' dir='ltr' id='par_1_88' title="bbox 2032 4039 3615 4119">
     <span class='ocr_line' id='line_1_89' title="bbox 2032 4039 3615 4119; baseline -0.009 -12"><span class='ocrx_word' id='word_1_638' title='bbox 2032 4051 2211 4107; x_wconf 80' lang='grc' dir='ltr'>ὁτιοῦν</span> <span class='ocrx_word' id='word_1_639' title='bbox 2242 4050 2562 4113; x_wconf 79' lang='grc' dir='ltr'>ἀδικοῦντας</span> <span class='ocrx_word' id='word_1_640' title='bbox 2618 4049 2718 4119; x_wconf 82' lang='grc' dir='ltr'><strong>οὐχ</strong></span> <span class='ocrx_word' id='word_1_641' title='bbox 2758 4047 2898 4119; x_wconf 82' lang='grc' dir='ltr'>ὑπὲρ</span> <span class='ocrx_word' id='word_1_642' title='bbox 2934 4045 3041 4099; x_wconf 84' lang='grc' dir='ltr'>τῶν</span> <span class='ocrx_word' id='word_1_643' title='bbox 3085 4044 3186 4116; x_wconf 68' lang='grc' dir='ltr'>ἤδη</span> <span class='ocrx_word' id='word_1_644' title='bbox 3229 4039 3615 4113; x_wconf 85' lang='grc' dir='ltr'>γεγενημένων</span> 
     </span>
    </p>
   </div>
   <div class='ocr_carea' id='block_1_89' title="bbox 2033 4134 3618 4214">
    <p class='ocr_par' dir='ltr' id='par_1_89' title="bbox 2033 4134 3618 4214">
     <span class='ocr_line' id='line_1_90' title="bbox 2033 4134 3618 4214; baseline -0.008 -16"><span class='ocrx_word' id='word_1_645' title='bbox 2033 4143 2352 4214; x_wconf 73' lang='grc' dir='ltr'>κολάζομεν·</span> <span class='ocrx_word' id='word_1_646' title='bbox 2397 4141 2512 4212; x_wconf 86' lang='grc' dir='ltr'>(τίς</span> <span class='ocrx_word' id='word_1_647' title='bbox 2547 4140 2656 4212; x_wconf 80' lang='grc' dir='ltr'>γὰρ</span> <span class='ocrx_word' id='word_1_648' title='bbox 2698 4138 2763 4193; x_wconf 84' lang='grc' dir='ltr'>ἂν</span> <span class='ocrx_word' id='word_1_649' title='bbox 2811 4138 3021 4208; x_wconf 88' lang='grc' dir='ltr'>γένοιτο</span> <span class='ocrx_word' id='word_1_650' title='bbox 3068 4136 3282 4208; x_wconf 84' lang='grc' dir='ltr'>μηχανὴ</span> <span class='ocrx_word' id='word_1_651' title='bbox 3325 4134 3399 4206; x_wconf 86' lang='grc' dir='ltr'>μὴ</span> <span class='ocrx_word' id='word_1_652' title='bbox 3453 4150 3618 4202; x_wconf 86' lang='grc' dir='ltr'>γεγε-</span> 
     </span>
    </p>
   </div>
   <div class='ocr_carea' id='block_1_90' title="bbox 2033 4223 3619 4301">
    <p class='ocr_par' dir='ltr' id='par_1_90' title="bbox 2033 4223 3619 4301">
     <span class='ocr_line' id='line_1_91' title="bbox 2033 4223 3619 4301; baseline -0.006 -17"><span class='ocrx_word' id='word_1_653' title='bbox 2033 4230 2230 4301; x_wconf 80' lang='grc' dir='ltr'>νῆσθαι</span> <span class='ocrx_word' id='word_1_654' title='bbox 2254 4228 2322 4283; x_wconf 77' lang='grc' dir='ltr'>τὰ</span> <span class='ocrx_word' id='word_1_655' title='bbox 2352 4226 2717 4300; x_wconf 85' lang='grc' dir='ltr'>πεπραγμένα</span> <span class='ocrx_word' id='word_1_656' title='bbox 2739 4225 2796 4299; x_wconf 84' lang='grc'><strong>;)</strong></span> <span class='ocrx_word' id='word_1_657' title='bbox 2829 4227 2943 4280; x_wconf 88' lang='grc' dir='ltr'>ἀλλ’</span> <span class='ocrx_word' id='word_1_658' title='bbox 2971 4227 3118 4290; x_wconf 82' lang='grc' dir='ltr'>ὅπως</span> <span class='ocrx_word' id='word_1_659' title='bbox 3138 4225 3204 4279; x_wconf 87' lang='grc' dir='ltr'><strong>ἂν</strong></span> <span class='ocrx_word' id='word_1_660' title='bbox 3234 4223 3440 4295; x_wconf 69' lang='grc' dir='ltr'>ἢαύτοὶ</span> <span class='ocrx_word' id='word_1_661' title='bbox 3475 4223 3619 4294; x_wconf 80' lang='grc' dir='ltr'>πρὸς</span> 
     </span>
    </p>
   </div>
   <div class='ocr_carea' id='block_1_91' title="bbox 2033 4310 3616 4391">
    <p class='ocr_par' dir='ltr' id='par_1_91' title="bbox 2033 4310 3616 4391">
     <span class='ocr_line' id='line_1_92' title="bbox 2033 4310 3616 4391; baseline -0.006 -17"><span class='ocrx_word' id='word_1_662' title='bbox 2033 4322 2095 4374; x_wconf 81' lang='grc' dir='ltr'><strong>τὸ</strong></span> <span class='ocrx_word' id='word_1_663' title='bbox 2118 4321 2303 4375; x_wconf 80' lang='grc' dir='ltr'>λοιπὸν</span> <span class='ocrx_word' id='word_1_664' title='bbox 2330 4320 2586 4391; x_wconf 86' lang='grc' dir='ltr'>ἀμείνους</span> <span class='ocrx_word' id='word_1_665' title='bbox 2611 4317 2873 4387; x_wconf 85' lang='grc' dir='ltr'>γένοιντο,</span> <span class='ocrx_word' id='word_1_666' title='bbox 2898 4316 2931 4388; x_wconf 83' lang='grc' dir='ltr'>ἢ</span> <span class='ocrx_word' id='word_1_667' title='bbox 2953 4316 3161 4389; x_wconf 79' lang='grc' dir='ltr'>ἑτέροις</span> <span class='ocrx_word' id='word_1_668' title='bbox 3194 4312 3490 4385; x_wconf 79' lang='grc' dir='ltr'>ὑπάρξειαν</span> <span class='ocrx_word' id='word_1_669' title='bbox 3518 4310 3616 4364; x_wconf 80' lang='grc' dir='ltr'><strong>τοῦ</strong></span> 
     </span>
    </p>
   </div>
   <div class='ocr_carea' id='block_1_92' title="bbox 2038 4402 3619 4484">
    <p class='ocr_par' dir='ltr' id='par_1_92' title="bbox 2038 4402 3619 4484">
     <span class='ocr_line' id='line_1_93' title="bbox 2038 4402 3619 4484; baseline -0.008 -17"><span class='ocrx_word' id='word_1_670' title='bbox 2038 4414 2334 4484; x_wconf 84' lang='grc' dir='ltr'>σωφρονεῖν</span> <span class='ocrx_word' id='word_1_671' title='bbox 2376 4410 2728 4483; x_wconf 85' lang='grc' dir='ltr'>παράδειγμα</span> <span class='ocrx_word' id='word_1_672' title='bbox 2753 4408 2889 4481; x_wconf 89' lang='lat'><strong>(77).</strong></span> <span class='ocrx_word' id='word_1_673' title='bbox 2928 4407 3147 4461; x_wconf 89' lang='grc' dir='ltr'>Τούτων</span> <span class='ocrx_word' id='word_1_674' title='bbox 3178 4406 3360 4459; x_wconf 86' lang='grc' dir='ltr'>τοίνυν</span> <span class='ocrx_word' id='word_1_675' title='bbox 3399 4402 3619 4457; x_wconf 83' lang='grc' dir='ltr'>ούθέτε-</span> 
     </span>
    </p>
   </div>
   <div class='ocr_carea' id='block_1_93' title="bbox 349 4496 1922 4604">
    <p class='ocr_par' dir='ltr' id='par_1_93' title="bbox 349 4504 1922 4575">
     <span class='ocr_line' id='line_1_94' title="bbox 349 4504 1922 4575; baseline 0.001 -16"><span class='ocrx_word' id='word_1_676' title='bbox 349 4504 549 4559; x_wconf 82' lang='lat' dir='ltr'><strong>dixerit</strong></span> <span class='ocrx_word' id='word_1_677' title='bbox 583 4523 595 4559; x_wconf 89' lang='lat'><strong>:</strong></span> <span class='ocrx_word' id='word_1_678' title='bbox 628 4504 743 4574; x_wconf 90' lang='lat' dir='ltr'><strong>ipse</strong></span> <span class='ocrx_word' id='word_1_679' title='bbox 789 4520 1022 4575; x_wconf 82' lang='lat' dir='ltr'><strong>namque</strong></span> <span class='ocrx_word' id='word_1_680' title='bbox 1076 4505 1269 4571; x_wconf 82' lang='lat' dir='ltr'><strong>horum</strong></span> <span class='ocrx_word' id='word_1_681' title='bbox 1329 4505 1713 4561; x_wconf 88' lang='lat' dir='ltr'><strong>recordabitur</strong></span> <span class='ocrx_word' id='word_1_682' title='bbox 1761 4508 1922 4563; x_wconf 92' lang='lat' dir='ltr'><strong>etiam</strong></span> 
     </span>
    </p>
   </div>
   <div class='ocr_carea' id='block_1_94' title="bbox 2030 4496 3619 4604">
    <p class='ocr_par' dir='ltr' id='par_1_94' title="bbox 2039 4496 3619 4578">
     <span class='ocr_line' id='line_1_95' title="bbox 2039 4496 3619 4578; baseline -0.008 -19"><span class='ocrx_word' id='word_1_683' title='bbox 2039 4523 2131 4578; x_wconf 92' lang='grc' dir='ltr'><strong>ρον</strong></span> <span class='ocrx_word' id='word_1_684' title='bbox 2164 4505 2331 4559; x_wconf 80' lang='grc' dir='ltr'>ἐνδεῖν</span> <span class='ocrx_word' id='word_1_685' title='bbox 2366 4502 2430 4556; x_wconf 82' lang='grc' dir='ltr'>ἄν</span> <span class='ocrx_word' id='word_1_686' title='bbox 2461 4520 2546 4567; x_wconf 89' lang='grc' dir='ltr'><strong>τις</strong></span> <span class='ocrx_word' id='word_1_687' title='bbox 2584 4503 2641 4555; x_wconf 81' lang='grc' dir='ltr'><strong>ἐν</strong></span> <span class='ocrx_word' id='word_1_688' title='bbox 2671 4501 2749 4572; x_wconf 80' lang='grc' dir='ltr'>τῷ</span> <span class='ocrx_word' id='word_1_689' title='bbox 2792 4499 3019 4571; x_wconf 85' lang='grc' dir='ltr'>παρόντι</span> <span class='ocrx_word' id='word_1_690' title='bbox 3046 4500 3271 4570; x_wconf 85' lang='grc' dir='ltr'>φήσειεν</span> <span class='ocrx_word' id='word_1_691' title='bbox 3294 4537 3309 4560; x_wconf 90' lang='grc'><strong>,</strong></span> <span class='ocrx_word' id='word_1_692' title='bbox 3342 4496 3505 4559; x_wconf 83' lang='grc' dir='ltr'>αύτός</span> <span class='ocrx_word' id='word_1_693' title='bbox 3557 4511 3619 4547; x_wconf 85' lang='grc' dir='ltr'><strong>τε</strong></span> 
     </span>
    </p>
   </div>
   <div class='ocr_carea' id='block_1_95' title="bbox 351 4598 1929 4668">
    <p class='ocr_par' dir='ltr' id='par_1_95' title="bbox 351 4598 1929 4668">
     <span class='ocr_line' id='line_1_96' title="bbox 351 4598 1929 4668; baseline 0.002 -17"><span class='ocrx_word' id='word_1_694' title='bbox 351 4608 474 4668; x_wconf 85' lang='lat' dir='ltr'><strong>post</strong></span> <span class='ocrx_word' id='word_1_695' title='bbox 506 4608 765 4665; x_wconf 89' lang='lat' dir='ltr'><strong>mortem;</strong></span> <span class='ocrx_word' id='word_1_696' title='bbox 802 4599 1043 4668; x_wconf 87' lang='lat' dir='ltr'><strong>reliquos</strong></span> <span class='ocrx_word' id='word_1_697' title='bbox 1075 4613 1227 4664; x_wconf 89' lang='lat' dir='ltr'><strong>vero,</strong></span> <span class='ocrx_word' id='word_1_698' title='bbox 1252 4598 1381 4653; x_wconf 92' lang='lat' dir='ltr'><strong>dum</strong></span> <span class='ocrx_word' id='word_1_699' title='bbox 1425 4599 1481 4654; x_wconf 91' lang='lat' dir='ltr'><strong>in</strong></span> <span class='ocrx_word' id='word_1_700' title='bbox 1510 4600 1658 4654; x_wconf 84' lang='lat' dir='ltr'><strong>hunc</strong></span> <span class='ocrx_word' id='word_1_701' title='bbox 1705 4600 1929 4654; x_wconf 91' lang='lat' dir='ltr'><strong>intuen-</strong></span> 
     </span>
    </p>
   </div>
   <div class='ocr_carea' id='block_1_96' title="bbox 351 4692 1929 4764">
    <p class='ocr_par' dir='ltr' id='par_1_96' title="bbox 351 4692 1929 4764">
     <span class='ocr_line' id='line_1_97' title="bbox 351 4692 1929 4764; baseline 0.002 -20"><span class='ocrx_word' id='word_1_702' title='bbox 351 4700 462 4755; x_wconf 90' lang='lat' dir='ltr'><strong>tur,</strong></span> <span class='ocrx_word' id='word_1_703' title='bbox 500 4699 645 4746; x_wconf 92' lang='lat' dir='ltr'><strong>metu</strong></span> <span class='ocrx_word' id='word_1_704' title='bbox 676 4699 923 4746; x_wconf 89' lang='lat' dir='ltr'><strong>mortuos</strong></span> <span class='ocrx_word' id='word_1_705' title='bbox 949 4706 1071 4747; x_wconf 91' lang='lat' dir='ltr'><strong>esse</strong></span> <span class='ocrx_word' id='word_1_706' title='bbox 1102 4698 1252 4760; x_wconf 89' lang='lat' dir='ltr'><strong>puto.</strong></span> <span class='ocrx_word' id='word_1_707' title='bbox 1286 4693 1465 4756; x_wconf 77' lang='lat' dir='ltr'><strong>Quare</strong></span> <span class='ocrx_word' id='word_1_708' title='bbox 1496 4692 1764 4763; x_wconf 82' lang='lat' dir='ltr'><strong>quidquid</strong></span> <span class='ocrx_word' id='word_1_709' title='bbox 1795 4709 1929 4764; x_wconf 89' lang='lat' dir='ltr'><strong>sup-</strong></span> 
     </span>
    </p>
   </div>
   <div class='ocr_carea' id='block_1_97' title="bbox 347 4784 1928 4858">
    <p class='ocr_par' dir='ltr' id='par_1_97' title="bbox 347 4784 1928 4858">
     <span class='ocr_line' id='line_1_98' title="bbox 347 4784 1928 4858; baseline 0.002 -19"><span class='ocrx_word' id='word_1_710' title='bbox 347 4787 513 4858; x_wconf 59' lang='lat' dir='ltr'><strong>}‘licio</strong></span> <span class='ocrx_word' id='word_1_711' title='bbox 545 4786 931 4855; x_wconf 88' lang='lat' dir='ltr'><strong>adjecerimus,</strong></span> <span class='ocrx_word' id='word_1_712' title='bbox 969 4792 1210 4838; x_wconf 90' lang='lat' dir='ltr'><strong>nostram</strong></span> <span class='ocrx_word' id='word_1_713' title='bbox 1248 4784 1491 4853; x_wconf 87' lang='lat' dir='ltr'><strong>ipsorum</strong></span> <span class='ocrx_word' id='word_1_714' title='bbox 1527 4786 1664 4839; x_wconf 90' lang='lat' dir='ltr'><strong>iram</strong></span> <span class='ocrx_word' id='word_1_715' title='bbox 1706 4787 1928 4858; x_wconf 81' lang='lat' dir='ltr'><strong>explere</strong></span> 
     </span>
    </p>
   </div>
   <div class='ocr_carea' id='block_1_98' title="bbox 346 4875 1926 4947">
    <p class='ocr_par' dir='ltr' id='par_1_98' title="bbox 346 4875 1926 4947">
     <span class='ocr_line' id='line_1_99' title="bbox 346 4875 1926 4947; baseline 0 -15"><span class='ocrx_word' id='word_1_716' title='bbox 346 4878 659 4933; x_wconf 76' lang='lat' dir='ltr'><strong>videbimur</strong></span> <span class='ocrx_word' id='word_1_717' title='bbox 688 4897 699 4932; x_wconf 94' lang='lat'>:</span> <span class='ocrx_word' id='word_1_718' title='bbox 734 4876 879 4947; x_wconf 90' lang='lat' dir='ltr'><strong>quod</strong></span> <span class='ocrx_word' id='word_1_719' title='bbox 926 4876 1156 4929; x_wconf 91' lang='lat' dir='ltr'><strong>multum</strong></span> <span class='ocrx_word' id='word_1_720' title='bbox 1201 4875 1414 4941; x_wconf 88' lang='lat' dir='ltr'><strong>abesse,</strong></span> <span class='ocrx_word' id='word_1_721' title='bbox 1454 4886 1515 4929; x_wconf 92' lang='lat' dir='ltr'><strong>ut</strong></span> <span class='ocrx_word' id='word_1_722' title='bbox 1544 4877 1612 4932; x_wconf 88' lang='lat' dir='ltr'><strong>de</strong></span> <span class='ocrx_word' id='word_1_723' title='bbox 1646 4885 1701 4932; x_wconf 93' lang='lat' dir='ltr'><strong>te</strong></span> <span class='ocrx_word' id='word_1_724' title='bbox 1736 4893 1926 4933; x_wconf 90' lang='lat' dir='ltr'><strong>verum</strong></span> 
     </span>
    </p>
   </div>
   <div class='ocr_carea' id='block_1_99' title="bbox 348 4968 1928 5045">
    <p class='ocr_par' dir='ltr' id='par_1_99' title="bbox 348 4968 1928 5045">
     <span class='ocr_line' id='line_1_100' title="bbox 348 4968 1928 5045; baseline -0.001 -18"><span class='ocrx_word' id='word_1_725' title='bbox 348 4975 442 5037; x_wconf 79' lang='lat' dir='ltr'><strong>sit,</strong></span> <span class='ocrx_word' id='word_1_726' title='bbox 475 4988 576 5045; x_wconf 79' lang='lat' dir='ltr'><strong>ego</strong></span> <span class='ocrx_word' id='word_1_727' title='bbox 608 4986 740 5027; x_wconf 89' lang='lat' dir='ltr'><strong>sane</strong></span> <span class='ocrx_word' id='word_1_728' title='bbox 781 4970 1034 5034; x_wconf 83' lang='lat' dir='ltr'><strong>dixerim,</strong></span> <span class='ocrx_word' id='word_1_729' title='bbox 1071 4983 1247 5038; x_wconf 89' lang='lat' dir='ltr'><strong>neque</strong></span> <span class='ocrx_word' id='word_1_730' title='bbox 1276 4968 1473 5024; x_wconf 88' lang='lat' dir='ltr'><strong>adduci</strong></span> <span class='ocrx_word' id='word_1_731' title='bbox 1508 4972 1832 5040; x_wconf 88' lang='lat' dir='ltr'><strong>potuissem,</strong></span> <span class='ocrx_word' id='word_1_732' title='bbox 1868 4979 1928 5026; x_wconf 94' lang='lat' dir='ltr'><strong>ut</strong></span> 
     </span>
    </p>
   </div>
   <div class='ocr_carea' id='block_1_100' title="bbox 347 5058 1930 5136">
    <p class='ocr_par' dir='ltr' id='par_1_100' title="bbox 347 5058 1930 5136">
     <span class='ocr_line' id='line_1_101' title="bbox 347 5058 1930 5136; baseline 0 -17"><span class='ocrx_word' id='word_1_733' title='bbox 347 5066 618 5135; x_wconf 74' lang='lat' dir='ltr'><strong>ejusmodi</strong></span> <span class='ocrx_word' id='word_1_734' title='bbox 649 5065 878 5120; x_wconf 84' lang='lat' dir='ltr'><strong>verbum</strong></span> <span class='ocrx_word' id='word_1_735' title='bbox 909 5063 1079 5117; x_wconf 90' lang='lat' dir='ltr'><strong>ullum</strong></span> <span class='ocrx_word' id='word_1_736' title='bbox 1113 5058 1438 5136; x_wconf 73' lang='lat' dir='ltr'><strong>pi&#39;ol‘errem,</strong></span> <span class='ocrx_word' id='word_1_737' title='bbox 1469 5062 1577 5117; x_wconf 90' lang='lat' dir='ltr'><strong>nisi</strong></span> <span class='ocrx_word' id='word_1_738' title='bbox 1601 5062 1799 5133; x_wconf 85' lang='lat' dir='ltr'><strong>majori</strong></span> <span class='ocrx_word' id='word_1_739' title='bbox 1832 5063 1930 5119; x_wconf 83' lang='lat' dir='ltr'><strong>be-</strong></span> 
     </span>
    </p>
   </div>
   <div class='ocr_carea' id='block_1_101' title="bbox 344 5152 1922 5224">
    <p class='ocr_par' dir='ltr' id='par_1_101' title="bbox 344 5152 1922 5224">
     <span class='ocr_line' id='line_1_102' title="bbox 344 5152 1922 5224; baseline -0.001 -13"><span class='ocrx_word' id='word_1_740' title='bbox 344 5157 542 5211; x_wconf 84' lang='lat' dir='ltr'><strong>nelicio</strong></span> <span class='ocrx_word' id='word_1_741' title='bbox 562 5156 700 5211; x_wconf 82' lang='lat' dir='ltr'><strong>allici</strong></span> <span class='ocrx_word' id='word_1_742' title='bbox 723 5154 943 5210; x_wconf 89' lang='lat' dir='ltr'><strong>dantem</strong></span> <span class='ocrx_word' id='word_1_743' title='bbox 972 5168 1135 5223; x_wconf 89' lang='lat' dir='ltr'><strong>quam</strong></span> <span class='ocrx_word' id='word_1_744' title='bbox 1158 5152 1491 5222; x_wconf 87' lang='lat' dir='ltr'><strong>accipientes</strong></span> <span class='ocrx_word' id='word_1_745' title='bbox 1521 5156 1922 5224; x_wconf 89' lang='lat' dir='ltr'><strong>perspicerem.</strong></span> 
     </span>
    </p>
   </div>
   <div class='ocr_carea' id='block_1_102' title="bbox 346 5245 1930 5318">
    <p class='ocr_par' dir='ltr' id='par_1_102' title="bbox 346 5245 1930 5318">
     <span class='ocr_line' id='line_1_103' title="bbox 346 5245 1930 5318; baseline 0.002 -18"><span class='ocrx_word' id='word_1_746' title='bbox 346 5247 533 5318; x_wconf 64' lang='lat' dir='ltr'><strong>Neque</strong></span> <span class='ocrx_word' id='word_1_747' title='bbox 568 5249 712 5303; x_wconf 88' lang='lat' dir='ltr'><strong>enim</strong></span> <span class='ocrx_word' id='word_1_748' title='bbox 743 5246 936 5317; x_wconf 91' lang='lat' dir='ltr'><strong>paucis</strong></span> <span class='ocrx_word' id='word_1_749' title='bbox 961 5245 1253 5317; x_wconf 85' lang='lat' dir='ltr'><strong>perspicua</strong></span> <span class='ocrx_word' id='word_1_750' title='bbox 1304 5246 1411 5300; x_wconf 91' lang='lat' dir='ltr'><strong>erit</strong></span> <span class='ocrx_word' id='word_1_751' title='bbox 1456 5245 1564 5301; x_wconf 89' lang='lat' dir='ltr'><strong>ista</strong></span> <span class='ocrx_word' id='word_1_752' title='bbox 1599 5247 1773 5301; x_wconf 89' lang='lat' dir='ltr'><strong>animi</strong></span> <span class='ocrx_word' id='word_1_753' title='bbox 1812 5262 1930 5303; x_wconf 88' lang='lat' dir='ltr'><strong>ma-</strong></span> 
     </span>
    </p>
   </div>
   <div class='ocr_carea' id='block_1_103' title="bbox 347 5335 1929 5409">
    <p class='ocr_par' dir='ltr' id='par_1_103' title="bbox 347 5335 1929 5409">
     <span class='ocr_line' id='line_1_104' title="bbox 347 5335 1929 5409; baseline -0.001 -16"><span class='ocrx_word' id='word_1_754' title='bbox 347 5339 591 5407; x_wconf 68' lang='lat' dir='ltr'><strong>gnitudo.</strong></span> <span class='ocrx_word' id='word_1_755' title='bbox 624 5338 758 5393; x_wconf 72' lang='lat' dir='ltr'><strong>Nam</strong></span> <span class='ocrx_word' id='word_1_756' title='bbox 786 5337 1141 5409; x_wconf 85' lang='lat' dir='ltr'><strong>Cappadoces</strong></span> <span class='ocrx_word' id='word_1_757' title='bbox 1178 5352 1371 5394; x_wconf 92' lang='lat' dir='ltr'><strong>omnes</strong></span> <span class='ocrx_word' id='word_1_758' title='bbox 1407 5336 1544 5408; x_wconf 88' lang='lat' dir='ltr'><strong>quid</strong></span> <span class='ocrx_word' id='word_1_759' title='bbox 1574 5335 1819 5392; x_wconf 80' lang='lat' dir='ltr'><strong>futurum</strong></span> <span class='ocrx_word' id='word_1_760' title='bbox 1856 5337 1929 5392; x_wconf 90' lang='lat' dir='ltr'><strong>sit</strong></span> 
     </span>
    </p>
   </div>
   <div class='ocr_carea' id='block_1_104' title="bbox 418 5490 1936 5563">
    <p class='ocr_par' dir='ltr' id='par_1_104' title="bbox 418 5490 1936 5563">
     <span class='ocr_line' id='line_1_105' title="bbox 418 5490 1936 5563; baseline 0 -18"><span class='ocrx_word' id='word_1_761' title='bbox 418 5494 530 5563; x_wconf 70' lang='grc' dir='ltr'><strong>(Η)</strong></span> <span class='ocrx_word' id='word_1_762' title='bbox 577 5492 1035 5563; x_wconf 36' lang='grc' dir='ltr'>Ἀμελήσαςηιιιι</span> <span class='ocrx_word' id='word_1_763' title='bbox 1081 5492 1251 5563; x_wconf 74' lang='lat' dir='ltr'><strong>Cpisl.</strong></span> <span class='ocrx_word' id='word_1_764' title='bbox 1283 5500 1531 5562; x_wconf 86' lang='lat' dir='ltr'><strong>uterque,</strong></span> <span class='ocrx_word' id='word_1_765' title='bbox 1585 5490 1751 5558; x_wconf 86' lang='lat' dir='ltr'><strong>Med.,</strong></span> <span class='ocrx_word' id='word_1_766' title='bbox 1778 5490 1936 5563; x_wconf 79' lang='lat' dir='ltr'><strong>_V&#39;at.,</strong></span> 
     </span>
    </p>
   </div>
   <div class='ocr_carea' id='block_1_105' title="bbox 347 5561 1930 5687">
    <p class='ocr_par' dir='ltr' id='par_1_105' title="bbox 347 5561 1930 5687">
     <span class='ocr_line' id='line_1_106' title="bbox 347 5561 1930 5687; baseline -0.001 -70"><span class='ocrx_word' id='word_1_767' title='bbox 347 5562 481 5686; x_wconf 46' lang='grc' dir='ltr'>[ἔρις.</span> <span class='ocrx_word' id='word_1_768' title='bbox 513 5561 788 5687; x_wconf 50' lang='lat' dir='ltr'><strong>Sepqndus</strong></span> <span class='ocrx_word' id='word_1_769' title='bbox 819 5572 874 5619; x_wconf 89' lang='lat' dir='ltr'><strong>et</strong></span> <span class='ocrx_word' id='word_1_770' title='bbox 910 5562 1057 5617; x_wconf 88' lang='lat' dir='ltr'><strong>llarl.</strong></span> <span class='ocrx_word' id='word_1_771' title='bbox 1095 5562 1239 5617; x_wconf 89' lang='lat' dir='ltr'><strong>Editi</strong></span> <span class='ocrx_word' id='word_1_772' title='bbox 1269 5561 1613 5636; x_wconf 82' lang='grc' dir='ltr'>ἁμαρτήσας,</span> <span class='ocrx_word' id='word_1_773' title='bbox 1648 5561 1796 5633; x_wconf 89' lang='lat' dir='ltr'><strong>quod</strong></span> <span class='ocrx_word' id='word_1_774' title='bbox 1831 5577 1930 5618; x_wconf 87' lang='lat' dir='ltr'><strong>eo-</strong></span> 
     </span>
     <span class='ocr_line' id='line_1_107' title="bbox 348 5652 657 5687; baseline 0 0"><span class='ocrx_word' id='word_1_775' title='bbox 348 5654 365 5687; x_wconf 84' lang='lat'><strong>(</strong></span> <span class='ocrx_word' id='word_1_776' title='bbox 387 5652 469 5687; x_wconf 68' lang='grc' dir='ltr'>ειη</span> <span class='ocrx_word' id='word_1_777' title='bbox 499 5652 571 5686; x_wconf 73' lang='grc' dir='ltr'><strong>ΙὯί</strong></span> <span class='ocrx_word' id='word_1_778' title='bbox 601 5652 611 5686; x_wconf 95' lang='grc' dir='ltr'><strong>Ι</strong></span> <span class='ocrx_word' id='word_1_779' title='bbox 645 5676 657 5687; x_wconf 92' lang='grc'>.</span> 
     </span>
    </p>
   </div>
   <div class='ocr_carea' id='block_1_106' title="bbox 349 5701 1937 5847">
    <p class='ocr_par' dir='ltr' id='par_1_106' title="bbox 349 5701 1937 5847">
     <span class='ocr_line' id='line_1_108' title="bbox 349 5701 1937 5847; baseline 0.001 -89"><span class='ocrx_word' id='word_1_780' title='bbox 349 5705 530 5847; x_wconf 37' lang='lat'><strong>‘0</strong></span> <span class='ocrx_word' id='word_1_781' title='bbox 559 5704 845 5772; x_wconf 74' lang='lat' dir='ltr'><strong>’E0é.tou;.</strong></span> <span class='ocrx_word' id='word_1_782' title='bbox 873 5703 966 5760; x_wconf 88' lang='lat' dir='ltr'><strong>Sic</strong></span> <span class='ocrx_word' id='word_1_783' title='bbox 989 5712 1101 5761; x_wconf 88' lang='lat' dir='ltr'><strong>tres</strong></span> <span class='ocrx_word' id='word_1_784' title='bbox 1125 5703 1484 5762; x_wconf 82' lang='lat' dir='ltr'><strong>vetustissimi</strong></span> <span class='ocrx_word' id='word_1_785' title='bbox 1514 5703 1756 5763; x_wconf 85' lang='lat' dir='ltr'><strong>codices.</strong></span> <span class='ocrx_word' id='word_1_786' title='bbox 1790 5701 1937 5762; x_wconf 89' lang='lat' dir='ltr'><strong>Editi</strong></span> 
     </span>
     <span class='ocr_line' id='line_1_109' title="bbox 349 5791 552 5847; baseline 0 -19"><span class='ocrx_word' id='word_1_787' title='bbox 349 5805 369 5829; x_wconf 79' lang='grc' dir='ltr'><strong>ι</strong></span> <span class='ocrx_word' id='word_1_788' title='bbox 408 5806 431 5827; x_wconf 64' lang='grc' dir='ltr'><strong>ε</strong></span> <span class='ocrx_word' id='word_1_789' title='bbox 473 5791 552 5847; x_wconf 67' lang='grc' dir='ltr'><strong>⁸ς.</strong></span> 
     </span>
    </p>
   </div>
   <div class='ocr_carea' id='block_1_107' title="bbox 345 5791 552 5849">
    <p class='ocr_par' dir='ltr' id='par_1_107' title="bbox 345 5791 552 5849">
     <span class='ocr_line' id='line_1_110' title="bbox 345 5791 552 5849; baseline -0.01 -20"><span class='ocrx_word' id='word_1_790' title='bbox 345 5791 552 5849; x_wconf 71' lang='grc' dir='ltr'>ίυελῃς.</span> 
     </span>
    </p>
   </div>
   <div class='ocr_carea' id='block_1_108' title="bbox 2036 4584 3621 4669">
    <p class='ocr_par' dir='ltr' id='par_1_108' title="bbox 2036 4584 3621 4669">
     <span class='ocr_line' id='line_1_111' title="bbox 2036 4584 3621 4669; baseline -0.008 -18"><span class='ocrx_word' id='word_1_791' title='bbox 2036 4598 2146 4669; x_wconf 85' lang='grc' dir='ltr'><strong>γὰρ</strong></span> <span class='ocrx_word' id='word_1_792' title='bbox 2172 4596 2267 4650; x_wconf 73' lang='grc' dir='ltr'><strong>καὶ</strong></span> <span class='ocrx_word' id='word_1_793' title='bbox 2305 4594 2442 4667; x_wconf 81' lang='grc' dir='ltr'>μετὰ</span> <span class='ocrx_word' id='word_1_794' title='bbox 2472 4594 2561 4649; x_wconf 83' lang='grc' dir='ltr'><strong>τὸν</strong></span> <span class='ocrx_word' id='word_1_795' title='bbox 2589 4592 2819 4647; x_wconf 88' lang='grc' dir='ltr'>θάνατον</span> <span class='ocrx_word' id='word_1_796' title='bbox 2848 4591 3054 4645; x_wconf 88' lang='grc' dir='ltr'>τούτων</span> <span class='ocrx_word' id='word_1_797' title='bbox 3088 4589 3425 4660; x_wconf 82' lang='grc' dir='ltr'>μεμνήσεται</span> <span class='ocrx_word' id='word_1_798' title='bbox 3445 4603 3458 4614; x_wconf 83' lang='grc'><strong>’</strong></span> <span class='ocrx_word' id='word_1_799' title='bbox 3491 4584 3621 4650; x_wconf 88' lang='grc' dir='ltr'>τούς</span> 
     </span>
    </p>
   </div>
   <div class='ocr_carea' id='block_1_109' title="bbox 2035 4678 3621 4757">
    <p class='ocr_par' dir='ltr' id='par_1_109' title="bbox 2035 4678 3621 4757">
     <span class='ocr_line' id='line_1_112' title="bbox 2035 4678 3621 4757; baseline -0.01 -11"><span class='ocrx_word' id='word_1_800' title='bbox 2035 4709 2096 4746; x_wconf 86' lang='grc' dir='ltr'><strong>τε</strong></span> <span class='ocrx_word' id='word_1_801' title='bbox 2131 4692 2353 4753; x_wconf 78' lang='grc' dir='ltr'>λοιποὺς</span> <span class='ocrx_word' id='word_1_802' title='bbox 2381 4688 2632 4742; x_wconf 83' lang='grc' dir='ltr'>τεθνάναι</span> <span class='ocrx_word' id='word_1_803' title='bbox 2657 4687 2735 4757; x_wconf 83' lang='grc' dir='ltr'>τῷ</span> <span class='ocrx_word' id='word_1_804' title='bbox 2761 4685 2870 4738; x_wconf 87' lang='grc' dir='ltr'>δέει</span> <span class='ocrx_word' id='word_1_805' title='bbox 2902 4684 3039 4755; x_wconf 79' lang='grc' dir='ltr'>πρὸς</span> <span class='ocrx_word' id='word_1_806' title='bbox 3077 4681 3265 4734; x_wconf 76' lang='grc' dir='ltr'>τοῦτον</span> <span class='ocrx_word' id='word_1_807' title='bbox 3297 4678 3621 4749; x_wconf 83' lang='grc' dir='ltr'>ἀφορῶντας</span> 
     </span>
    </p>
   </div>
   <div class='ocr_carea' id='block_1_110' title="bbox 2037 4773 3622 4855">
    <p class='ocr_par' dir='ltr' id='par_1_110' title="bbox 2037 4773 3622 4855">
     <span class='ocr_line' id='line_1_113' title="bbox 2037 4773 3622 4855; baseline -0.009 -17"><span class='ocrx_word' id='word_1_808' title='bbox 2037 4786 2241 4855; x_wconf 73' lang='grc' dir='ltr'>οἴομαι.</span> <span class='ocrx_word' id='word_1_809' title='bbox 2274 4782 2425 4835; x_wconf 85' lang='grc' dir='ltr'>⁰Ὠσθ’</span> <span class='ocrx_word' id='word_1_810' title='bbox 2458 4783 2596 4851; x_wconf 87' lang='grc' dir='ltr'>ὅπερ</span> <span class='ocrx_word' id='word_1_811' title='bbox 2630 4779 2696 4834; x_wconf 84' lang='grc' dir='ltr'>ἂν</span> <span class='ocrx_word' id='word_1_812' title='bbox 2744 4776 3072 4851; x_wconf 78' lang='grc' dir='ltr'>προσθῶμεν</span> <span class='ocrx_word' id='word_1_813' title='bbox 3113 4778 3178 4846; x_wconf 85' lang='grc' dir='ltr'>τῇ</span> <span class='ocrx_word' id='word_1_814' title='bbox 3207 4773 3481 4845; x_wconf 79' lang='grc' dir='ltr'>τιμωρίᾳ,</span> <span class='ocrx_word' id='word_1_815' title='bbox 3523 4773 3622 4841; x_wconf 76' lang='grc' dir='ltr'>τὴν</span> 
     </span>
    </p>
   </div>
   <div class='ocr_carea' id='block_1_111' title="bbox 2038 4862 3622 4948">
    <p class='ocr_par' dir='ltr' id='par_1_111' title="bbox 2038 4862 3622 4948">
     <span class='ocr_line' id='line_1_114' title="bbox 2038 4862 3622 4948; baseline -0.009 -18"><span class='ocrx_word' id='word_1_816' title='bbox 2038 4876 2208 4948; x_wconf 74' lang='grc' dir='ltr'>ὀργὴν</span> <span class='ocrx_word' id='word_1_817' title='bbox 2246 4874 2405 4945; x_wconf 81' lang='grc' dir='ltr'>ἡμῶν</span> <span class='ocrx_word' id='word_1_818' title='bbox 2438 4873 2618 4926; x_wconf 87' lang='grc' dir='ltr'>αὐτῶν</span> <span class='ocrx_word' id='word_1_819' title='bbox 2643 4869 3060 4934; x_wconf 85' lang='grc' dir='ltr'>ἀποπιμπλάναι</span> <span class='ocrx_word' id='word_1_820' title='bbox 3088 4867 3312 4936; x_wconf 77' lang='grc' dir='ltr'>δόξομεν</span> <span class='ocrx_word' id='word_1_821' title='bbox 3329 4883 3343 4895; x_wconf 87' lang='grc'><strong>·</strong></span> <span class='ocrx_word' id='word_1_822' title='bbox 3366 4863 3394 4917; x_wconf 84' lang='grc' dir='ltr'><strong>ὃ</strong></span> <span class='ocrx_word' id='word_1_823' title='bbox 3422 4862 3622 4917; x_wconf 81' lang='grc' dir='ltr'>πολλοῦ</span> 
     </span>
    </p>
   </div>
   <div class='ocr_carea' id='block_1_112' title="bbox 2036 4957 3625 5039">
    <p class='ocr_par' dir='ltr' id='par_1_112' title="bbox 2036 4957 3625 5039">
     <span class='ocr_line' id='line_1_115' title="bbox 2036 4957 3625 5039; baseline -0.01 -15"><span class='ocrx_word' id='word_1_824' title='bbox 2036 4970 2145 5023; x_wconf 82' lang='grc' dir='ltr'>δεῖν</span> <span class='ocrx_word' id='word_1_825' title='bbox 2178 4970 2270 5023; x_wconf 73' lang='grc' dir='ltr'><strong>ἐπὶ</strong></span> <span class='ocrx_word' id='word_1_826' title='bbox 2294 4967 2388 5022; x_wconf 82' lang='grc' dir='ltr'><strong>σοῦ</strong></span> <span class='ocrx_word' id='word_1_827' title='bbox 2422 4966 2619 5039; x_wconf 83' lang='grc' dir='ltr'>ἀληθὲς</span> <span class='ocrx_word' id='word_1_828' title='bbox 2657 4962 2795 5019; x_wconf 84' lang='grc' dir='ltr'>εἶναι</span> <span class='ocrx_word' id='word_1_829' title='bbox 2821 4964 2987 5033; x_wconf 87' lang='grc' dir='ltr'>φαίην</span> <span class='ocrx_word' id='word_1_830' title='bbox 3020 4961 3086 5015; x_wconf 85' lang='grc' dir='ltr'>ἂν</span> <span class='ocrx_word' id='word_1_831' title='bbox 3120 4960 3313 5029; x_wconf 77' lang='grc' dir='ltr'>ἔγωγε.</span> <span class='ocrx_word' id='word_1_832' title='bbox 3340 4959 3436 5011; x_wconf 71' lang='grc' dir='ltr'><strong>καὶ</strong></span> <span class='ocrx_word' id='word_1_833' title='bbox 3468 4957 3625 5010; x_wconf 73' lang='grc' dir='ltr'>οὐδὲν</span> 
     </span>
    </p>
   </div>
   <div class='ocr_carea' id='block_1_113' title="bbox 2039 5048 3628 5127">
    <p class='ocr_par' dir='ltr' id='par_1_113' title="bbox 2039 5048 3628 5127">
     <span class='ocr_line' id='line_1_116' title="bbox 2039 5048 3628 5127; baseline -0.007 -13"><span class='ocrx_word' id='word_1_834' title='bbox 2039 5061 2105 5115; x_wconf 85' lang='grc' dir='ltr'>ἂν</span> <span class='ocrx_word' id='word_1_835' title='bbox 2125 5060 2332 5114; x_wconf 88' lang='grc' dir='ltr'>τούτων</span> <span class='ocrx_word' id='word_1_836' title='bbox 2358 5058 2468 5112; x_wconf 86' lang='grc' dir='ltr'>τῶν</span> <span class='ocrx_word' id='word_1_837' title='bbox 2495 5058 2670 5126; x_wconf 87' lang='grc' dir='ltr'>λόγων</span> <span class='ocrx_word' id='word_1_838' title='bbox 2693 5053 2974 5127; x_wconf 83' lang='grc' dir='ltr'>προήχθην</span> <span class='ocrx_word' id='word_1_839' title='bbox 2996 5054 3192 5115; x_wconf 83' lang='grc' dir='ltr'>εἰπεῖν,</span> <span class='ocrx_word' id='word_1_840' title='bbox 3217 5053 3266 5104; x_wconf 86' lang='grc' dir='ltr'>εἰ</span> <span class='ocrx_word' id='word_1_841' title='bbox 3295 5049 3370 5121; x_wconf 84' lang='grc' dir='ltr'>μὴ</span> <span class='ocrx_word' id='word_1_842' title='bbox 3402 5048 3628 5119; x_wconf 68' lang='grc' dir='ltr'>μείζονα</span> 
     </span>
    </p>
   </div>
   <div class='ocr_carea' id='block_1_114' title="bbox 2036 5145 3623 5225">
    <p class='ocr_par' dir='ltr' id='par_1_114' title="bbox 2036 5145 3623 5225">
     <span class='ocr_line' id='line_1_117' title="bbox 2036 5145 3623 5225; baseline -0.007 -18"><span class='ocrx_word' id='word_1_843' title='bbox 2036 5154 2116 5225; x_wconf 83' lang='grc' dir='ltr'>τῷ</span> <span class='ocrx_word' id='word_1_844' title='bbox 2151 5154 2346 5209; x_wconf 87' lang='grc' dir='ltr'>διδόντι</span> <span class='ocrx_word' id='word_1_845' title='bbox 2376 5153 2473 5225; x_wconf 85' lang='grc' dir='ltr'>τὴν</span> <span class='ocrx_word' id='word_1_846' title='bbox 2522 5153 2683 5224; x_wconf 86' lang='grc' dir='ltr'>χάριν</span> <span class='ocrx_word' id='word_1_847' title='bbox 2728 5148 3035 5219; x_wconf 75' lang='grc' dir='ltr'>ἐνεώρωνῆ</span> <span class='ocrx_word' id='word_1_848' title='bbox 3082 5150 3194 5211; x_wconf 85' lang='grc' dir='ltr'>τοῖς</span> <span class='ocrx_word' id='word_1_849' title='bbox 3233 5145 3623 5217; x_wconf 78' lang='grc' dir='ltr'>λαμϐάνουσιν.</span> 
     </span>
    </p>
   </div>
   <div class='ocr_carea' id='block_1_115' title="bbox 2038 5234 3632 5317">
    <p class='ocr_par' dir='ltr' id='par_1_115' title="bbox 2038 5234 3632 5317">
     <span class='ocr_line' id='line_1_118' title="bbox 2038 5234 3632 5317; baseline -0.007 -17"><span class='ocrx_word' id='word_1_850' title='bbox 2038 5246 2177 5300; x_wconf 80' lang='grc' dir='ltr'>Οὐδὲ</span> <span class='ocrx_word' id='word_1_851' title='bbox 2209 5246 2319 5317; x_wconf 79' lang='grc' dir='ltr'>γὰρ</span> <span class='ocrx_word' id='word_1_852' title='bbox 2371 5245 2575 5314; x_wconf 83' lang='grc' dir='ltr'>ὀλίγοις</span> <span class='ocrx_word' id='word_1_853' title='bbox 2627 5243 2782 5297; x_wconf 76' lang='grc' dir='ltr'>ἔσται</span> <span class='ocrx_word' id='word_1_854' title='bbox 2820 5240 3137 5312; x_wconf 81' lang='grc' dir='ltr'>καταφανὴς</span> <span class='ocrx_word' id='word_1_855' title='bbox 3179 5242 3213 5310; x_wconf 83' lang='grc' dir='ltr'>ἡ</span> <span class='ocrx_word' id='word_1_856' title='bbox 3252 5234 3632 5309; x_wconf 63' lang='grc' dir='ltr'>μεγαλοψυχία</span> 
     </span>
    </p>
   </div>
   <div class='ocr_carea' id='block_1_116' title="bbox 2039 5324 3631 5408">
    <p class='ocr_par' dir='ltr' id='par_1_116' title="bbox 2039 5324 3631 5408">
     <span class='ocr_line' id='line_1_119' title="bbox 2039 5324 3631 5408; baseline -0.008 -17"><span class='ocrx_word' id='word_1_857' title='bbox 2039 5336 2135 5391; x_wconf 78' lang='grc' dir='ltr'>τοῦ</span> <span class='ocrx_word' id='word_1_858' title='bbox 2168 5337 2392 5408; x_wconf 88' lang='grc' dir='ltr'>τρόπου.</span> <span class='ocrx_word' id='word_1_859' title='bbox 2430 5334 2803 5390; x_wconf 84' lang='grc' dir='ltr'>Καππαδόκαι</span> <span class='ocrx_word' id='word_1_860' title='bbox 2844 5331 2955 5404; x_wconf 85' lang='grc' dir='ltr'>γὰρ</span> <span class='ocrx_word' id='word_1_861' title='bbox 2984 5331 3225 5393; x_wconf 73' lang='grc' dir='ltr'>ἅπαντες</span> <span class='ocrx_word' id='word_1_862' title='bbox 3249 5324 3631 5381; x_wconf 78' lang='grc' dir='ltr'>ἀποσκοποῦσι</span> 
     </span>
    </p>
   </div>
   <div class='ocr_carea' id='block_1_117' title="bbox 2120 5483 3636 5574">
    <p class='ocr_par' dir='ltr' id='par_1_117' title="bbox 2120 5483 3636 5574">
     <span class='ocr_line' id='line_1_120' title="bbox 2120 5483 3636 5574; baseline -0.015 -13"><span class='ocrx_word' id='word_1_863' title='bbox 2120 5492 2233 5574; x_wconf 65' lang='grc'><strong>(26)</strong></span> <span class='ocrx_word' id='word_1_864' title='bbox 2264 5491 2355 5574; x_wconf 64' lang='grc' dir='ltr'>Τῷ</span> <span class='ocrx_word' id='word_1_865' title='bbox 2393 5492 2610 5574; x_wconf 62' lang='grc' dir='ltr'>χρόαςῳ.</span> <span class='ocrx_word' id='word_1_866' title='bbox 2633 5491 2929 5574; x_wconf 62' lang='lat' dir='ltr'><strong>vatieanus</strong></span> <span class='ocrx_word' id='word_1_867' title='bbox 2957 5488 3153 5556; x_wconf 82' lang='lat' dir='ltr'><strong>codex,</strong></span> <span class='ocrx_word' id='word_1_868' title='bbox 3187 5485 3324 5557; x_wconf 76' lang='lat' dir='ltr'><strong>Reg.</strong></span> <span class='ocrx_word' id='word_1_869' title='bbox 3353 5483 3636 5541; x_wconf 84' lang='lat' dir='ltr'><strong>secundus</strong></span> 
     </span>
    </p>
   </div>
   <div class='ocr_carea' id='block_1_118' title="bbox 2048 5560 2883 5632">
    <p class='ocr_par' dir='ltr' id='par_1_118' title="bbox 2048 5560 2883 5632">
     <span class='ocr_line' id='line_1_121' title="bbox 2048 5560 2883 5632; baseline -0.004 -14"><span class='ocrx_word' id='word_1_870' title='bbox 2048 5571 2103 5618; x_wconf 87' lang='lat' dir='ltr'><strong>et</strong></span> <span class='ocrx_word' id='word_1_871' title='bbox 2131 5560 2302 5618; x_wconf 84' lang='lat' dir='ltr'><strong>Coisl.</strong></span> <span class='ocrx_word' id='word_1_872' title='bbox 2341 5560 2616 5618; x_wconf 80' lang='lat' dir='ltr'><strong>seCundus</strong></span> <span class='ocrx_word' id='word_1_873' title='bbox 2651 5560 2736 5632; x_wconf 55' lang='grc' dir='ltr'>τῷ</span> <span class='ocrx_word' id='word_1_874' title='bbox 2764 5560 2883 5632; x_wconf 87' lang='grc' dir='ltr'>βίῳ.</span> 
     </span>
    </p>
   </div>
   <div class='ocr_carea' id='block_1_119' title="bbox 2119 5625 3638 5704">
    <p class='ocr_par' dir='ltr' id='par_1_119' title="bbox 2119 5625 3638 5704">
     <span class='ocr_line' id='line_1_122' title="bbox 2119 5625 3638 5704; baseline -0.007 -17"><span class='ocrx_word' id='word_1_875' title='bbox 2119 5633 2232 5702; x_wconf 82' lang='grc'><strong>(77)</strong></span> <span class='ocrx_word' id='word_1_876' title='bbox 2265 5632 2661 5704; x_wconf 72' lang='grc' dir='ltr'>Παράδειγμα.</span> <span class='ocrx_word' id='word_1_877' title='bbox 2701 5625 2845 5704; x_wconf 69' lang='lat' dir='ltr'><strong>Reg.</strong></span> <span class='ocrx_word' id='word_1_878' title='bbox 2880 5640 3107 5702; x_wconf 87' lang='lat' dir='ltr'><strong>uterque</strong></span> <span class='ocrx_word' id='word_1_879' title='bbox 3137 5637 3190 5683; x_wconf 89' lang='lat' dir='ltr'><strong>et</strong></span> <span class='ocrx_word' id='word_1_880' title='bbox 3222 5625 3392 5683; x_wconf 88' lang='lat' dir='ltr'><strong>Coisl.</strong></span> <span class='ocrx_word' id='word_1_881' title='bbox 3423 5636 3638 5680; x_wconf 59' lang='lat' dir='ltr'><strong>secans</strong></span> 
     </span>
    </p>
   </div>
   <div class='ocr_carea' id='block_1_120' title="bbox 2048 5703 2625 5776">
    <p class='ocr_par' dir='ltr' id='par_1_120' title="bbox 2048 5703 2625 5776">
     <span class='ocr_line' id='line_1_123' title="bbox 2048 5703 2625 5776; baseline -0.002 -17"><span class='ocrx_word' id='word_1_882' title='bbox 2048 5703 2152 5760; x_wconf 88' lang='lat' dir='ltr'><strong>dus</strong></span> <span class='ocrx_word' id='word_1_883' title='bbox 2184 5703 2625 5776; x_wconf 84' lang='grc' dir='ltr'>παραδείγματα.</span> 
     </span>
    </p>
   </div>
  </div>
