3988 6194
328 354 442 411 825

1282 346 1776 407 EPlSTOLARUM
1814 341 2102 402 CLASSIS
2139 340 2203 396 ll.
2245 340 2466 398 EPIST.
2506 341 2698 397 CXIII.

3483 344 3587 400 5‘26

328 476 398 531 τὸ
427 477 640 550 μέλλον,
662 472 744 542 οἷς
771 475 1036 547 εὐξαίμην
1056 472 1122 529 ἂν
1151 474 1288 545 μετὰ
1319 474 1428 528 τῶν
1466 473 1666 526 λοιπῶν
1688 469 1909 540 ἀγαθῶν

2024 465 2329 531 observant,
2377 464 2470 535 qui
2499 463 2720 534 quidem
2763 460 3064 533 optaverim
3110 468 3171 516 ut
3204 461 3346 517 inter
3376 462 3592 533 reliqua

331 569 443 623 τῶν
473 568 785 640 προσόντων
805 582 888 620 σοι
916 566 1012 620 καὶ
1030 565 1235 635 ταύτην
1263 563 1374 635 (78)
1404 560 1910 634 ἀπαριθμήσασθαι.

346 660 524 714 Ὀκνῶ
571 659 628 712 δὲ
677 656 772 711 τοῦ
820 657 1057 729 γράφειν
1096 654 1430 718 παύσασθαι,
1469 651 1774 724 ἡγούμενός
1826 667 1913 722 μοι

334 749 540 822 ζημίαν
583 749 753 804 οἴσειν
787 749 849 803 τὸ
892 748 1151 820 παρεθέν.
1195 747 1457 801 Τοσοῦτον
1507 765 1569 817 γε
1603 747 1709 819 μὴν
1743 762 1914 818 προσ-

334 839 528 909 θήσω,
576 840 698 903 an,
748 837 960 893 πολλῶν
1012 837 1302 900 ἐπιστολὰς
1334 837 1473 909 ἔχων
1518 837 1914 907 ἐξαιτουμένων

330 931 521 998 αὐτὸν,
551 931 743 987 πασῶν
774 932 1022 1002 ἡγήσατο
1059 930 1460 1002 προτιμοτέραν
1486 924 1626 983 εἶναι
1658 929 1757 998 τὴν
1784 927 1913 998 παρ’

331 1023 515 1093 ἡμῶν,
559 1023 661 1076 οὑκ
703 1018 822 1077 οἶδά
873 1037 975 1077 που
1010 1023 1122 1096 (79)
1175 1022 1363 1095 μαθὼν
1414 1018 1551 1076 εἷναί
1598 1038 1717 1075 τινα
1760 1020 1915 1090 ἡμῶν

332 1111 494 1182 λόγον
528 1113 678 1185 παρὰ
705 1118 773 1186 τῇ
805 1117 870 1186 σῇ
900 1115 1220 1187 τελειότητι.
1250 1117 1436 1174 Ὅπως
1461 1109 1552 1168 οὖν
1583 1115 1719 1185 μήτε
1755 1112 1916 1176 αὑτὸς

331 1202 544 1276 ψευσθῇ
584 1205 693 1259 τῶν
731 1206 1000 1273 ἐλπίδων,
1034 1207 1102 1272 ἃς
1140 1209 1224 1276 ἐφ’
1250 1209 1380 1278 ἡμῖν
1437 1205 1595 1276 ἔσχε,
1641 1205 1736 1258 καὶ
1785 1206 1915 1276 ἡμῖν

334 1295 562 1369 ὑπάρξῃ
591 1296 731 1368 πρὸς
750 1298 877 1362 τοὺς
902 1298 1138 1367 ἐνταῦθα
1171 1296 1608 1369 σεμνολογεῖσθαι
1628 1312 1641 1325 ⁸
1671 1295 1917 1367 παρακέ-

332 1387 528 1460 κλησο,
589 1388 825 1444 δέσποτα
872 1389 1282 1462 ἀνυπέρϐλητε,
1328 1387 1609 1442 ἐπινεῦσαι
1641 1387 1777 1459 πρὸς
1815 1386 1915 1458 τὴν

334 1478 575 1550 αἴτησιν.
605 1480 835 1545 Πάντως
875 1481 931 1535 δὲ
961 1482 1174 1545 οὐδενὸς
1207 1483 1389 1552 χεῖρον
1433 1479 1542 1532 τῶν
1583 1476 1800 1532 πώποτε
1827 1494 1916 1547 φι-

333 1567 758 1640 λοσοφησάντων
787 1571 1090 1641 ὲπέσκεψαι
1119 1570 1187 1625 τὰ
1225 1569 1542 1642 ἀνθρώπινα
1561 1587 1576 1599 ·
1619 1570 1714 1622 καὶ
1744 1568 1912 1633 οἶδας,

331 1660 413 1723 ὡς
452 1660 616 1723 καλὸς
664 1661 937 1734 θησαυρὸς
981 1666 1116 1718 πᾶσι
1159 1666 1272 1728 τοῖς
1318 1662 1593 1734 δεομένοις
1623 1663 1915 1733 ὑπουργεῖν

330 1753 816 1825 προαποκείμενος
843 1753 976 1825 (80).

856 1954 1211 2035 ΕΠΙΣΤΟΛΗΨ
1236 1958 1381 2013 rm.

2017 568 2110 612 tua
2161 564 2481 613 ornamenta
2516 556 2658 610 banc
2693 569 2912 627 quoque
2949 553 3455 625 magnanimitatem
3485 570 3595 609 nu—

2016 658 2249 705 merent.
2291 649 2484 706 Finem
2531 650 2776 720 epistolas
2819 650 3100 720 imponere
3146 664 3360 715 vereor,
3409 656 3588 715 ratus,

2016 740 2162 812 quod
2208 741 2475 798 omissum
2515 740 2699 806 fuerit,
2749 741 2882 796 mihi
2919 740 3120 797 damno
3168 742 3305 797 fore.
3353 740 3595 798 Tantum

2017 834 2120 889 hoc
2154 835 2471 904 adjungam,
2502 851 2625 889 eum
2669 836 2773 890 etsi
2820 850 2849 888 a
2888 834 3076 890 multis
3121 834 3384 906 epistolas
3427 835 3596 891 habet

2017 925 2192 997 ipsius
2244 926 2671 982 incolumitatem
2726 942 2793 981 ac
2841 927 3073 982 salutem
3129 926 3590 998 exposcentibus,

2016 1026 2265 1073 nostrain
2324 1018 2580 1073 omnibus
2629 1019 2893 1088 potiorem
2938 1021 3182 1084 duxisse,
3226 1035 3352 1076 cum
3404 1022 3594 1079 nescio

2017 1112 2161 1168 unde
2189 1110 2443 1167 didicerit
2488 1126 2588 1167 nos
2623 1112 2763 1181 apud
2810 1122 2961 1166 tuam
2991 1113 3362 1183 praestantiam
3404 1114 3462 1170 in
3494 1116 3596 1170 ali-

2018 1217 2130 1273 quo
2155 1220 2279 1260 esse
2304 1220 2554 1260 numero.
2592 1202 2659 1258 Ut
2694 1204 2861 1274 igitur
2889 1220 3068 1274 neque
3099 1222 3222 1261 eum
3259 1221 3385 1278 spes
3417 1207 3592 1274 fallat,

2017 1313 2180 1368 quam
2216 1299 2269 1353 in
2307 1297 2466 1353 nobis
2505 1298 2691 1361 liabet,
2723 1306 2777 1352 et
2816 1299 2975 1353 nobis
3009 1299 3171 1354 liccat
3201 1300 3345 1371 apud
3375 1312 3595 1357 nostros

2019 1387 2284 1457 gloriari;
2325 1395 2396 1451 te,
2444 1386 2665 1442 domine
2705 1403 2964 1457 perquam
3001 1388 3223 1452 eximie,
3274 1391 3490 1446 exorari
3522 1391 3596 1445 si-

2019 1493 2142 1541 nas,
2193 1485 2253 1532 ut
2301 1487 2506 1534 nostra:
2548 1494 2760 1535 annuas
2801 1480 3073 1550 petitioni.
3111 1480 3365 1538 Profecto
3410 1490 3591 1539 autem

2016 1570 2170 1623 nullo
2193 1569 2434 1624 deterius
2457 1586 2647 1625 eorum
2673 1572 2767 1641 qui
2793 1587 3029 1642 unquam
3050 1574 3420 1645 philosophati
3443 1586 3595 1640 sunt,

2019 1660 2385 1717 considerasti
2428 1678 2516 1719 res
2568 1663 2875 1719 humanas;
2909 1674 2964 1721 et
3009 1668 3156 1721 nosti
3209 1682 3373 1738 quam
3418 1668 3600 1726 bonus

2021 1753 2316 1809 thesaurus
2345 1755 2435 1819 iis,
2467 1756 2561 1825 qui
2592 1757 2847 1812 omnibus
2875 1758 3164 1827 egentibus
3193 1774 3415 1830 operam
3439 1777 3598 1818 suam

1947 1821 1992 1877 Β
2017 1844 2280 1918 praebent,
2313 1846 2426 1915 jam
2466 1821 2594 1899 olim
2626 1821 3028 1916 reposilus'sit.

2512 1960 2850 2016 EPISTULA
2887 1960 3089 2021 CXill'.

330 2073 637 2142 Demonstrat
662 2069 875 2142 Bgsilius
905 2069 1164 2142 mnmugna
1191 2084 1357 2122 rerum
1394 2068 1837 2142 ecclesiastipqrunt
1859 2072 2215 2142 perturbatione
2245 2073 2509 2142 (ilwrntitcr
2552 2075 2792 2142 agendum
2828 2086 2932 2126 esse
2969 2088 3079 2126 cum
3106 2075 3482 2142 inﬁrmioribus,
3512 2094 3599 2134 nec

394 2132 607 2202 amplius
623 2132 897 2202 _quidqr_ur_m
917 2148 948 2182 a
964 2130 1197 2194 fratribus
1221 2134 1590 2202 sapam-endam.
1615 2130 1710 2181 nisi
1732 2141 1780 2180 ut
1803 2130 1951 2202 ﬁdem
1972 2133 2243 2202 _Nicamam
2266 2136 2526 2202 recipiunt,
2550 2130 2606 2187 εἴ
2624 2136 2861 2201 Spiritum
2888 2146 3103 2188 sanctum
3135 2130 3375 2202 fateantur
3407 2130 3599 2194 creata:-

399 2194 509 2246 ram
530 2194 749 2246 dici'non
763 2194 963 2256 'debere,
982 2208 1067 2247 nec
1090 2208 1200 2244 cum
1222 2194 1293 2244 iis
1304 2195 1388 2259 qui
1411 2194 1593 2254 dicunt,
1618 2194 2079 2246 communicandum.
2366 2194 2376 2202 ’
2517 2194 2521 2195 ⁷
2660 2194 2670 2201 ’
2840 2204 2843 2209 ’

672 2302 801 2371 Τοῖς
822 2305 893 2359 ἐν
915 2303 1125 2374 Ταρσῷ
1146 2303 1588 2374 πρεσϐυτέροις.

403 2412 690 2487 Συντυχὼν
732 2412 891 2486 τῷδε,
937 2415 1140 2487 πολλὴν
1189 2415 1345 2486 ἔσχον
1378 2415 1456 2487 τῷ
1495 2413 1636 2486 ἁγίῳ
1675 2412 1792 2487 Θεῷ
1820 2416 1917 2487 τὴν

327 2508 516 2580 χάριν,
549 2507 632 2560 ὅτι
666 2525 736 2578 με
765 2502 859 2560 κα)⁸
889 2505 979 2559 διά
1004 2509 1101 2579 τῆς
1127 2504 1292 2561 αὑτοῦ
1318 2507 1620 2579 παρουσίας
1649 2502 1757 2560 ἀπὸ
1792 2507 1919 2560 πολ-

328 2598 442 2653 λῶν
467 2597 700 2667 θλίψεων
731 2596 1178 2669 παρεμυθήσατο,
1209 2596 1303 2649 καὶ
1335 2596 1432 2667 τὴν
1475 2592 1746 2667 ὑμετέραν
1776 2597 1915 2664 ἀγά-

330 2708 444 2762 πην
474 2689 723 2762 ἐναργῶς
767 2689 933 2755 ἔδειξε
965 2688 1031 2741 δι’
1063 2687 1249 2743 αὑτοῦ.
1284 2688 1477 2758 Σχεδὸν
1514 2689 1619 2761 γὰρ
1645 2687 1735 2740 τὸν
1777 2687 1916 2741 πάν-

329 2778 445 2838 ⁴ιῖων
468 2782 622 2856 ὑμῶν
666 2781 797 2853 περί
822 2782 919 2853 τὴν
950 2780 1206 2853 ἀλήθειαν
1241 2779 1402 2850 ζῆλον
1459 2782 1518 2832 ἐν
1554 2783 1620 2851 τῇ
1668 2780 1761 2834 τοῦ
1800 2779 1918 2845 ἐνὸς

331 2875 524 2948 ἀνδρὸς
566 2875 882 2948 προαιρέσει
933 2872 1261 2945 κατέμαθον.
1298 2872 1366 2925 Ἃ
1426 2868 1524 2944 μὲν
1565 2868 1657 2925 οὖν
1696 2871 1801 2942 ἰδίᾳ
1839 2872 1918 2924 δι-

331 2964 528 3039 eum
537 2985 635 3039 μεν
651 2967 787 3040 πρὸς
808 2964 1091 3037 ἀλλήλους,
1123 2964 1285 3028 αὐτὸς
1306 2962 1432 3021 ὑμῖν
1455 2964 1757 3033 ἀπαγγελεῖ
1781 2963 1915 3034 (81)·

329 3058 370 3112 ἃ
388 3058 447 3111 δὲ
464 3058 593 3129 παρ’
618 3056 754 3128 ἐμοῦ
768 3054 1138 3128 γνωρισθῆναι
1159 3055 1313 3126 ὑμῶν
1344 3053 1589 3124 προσῆκε
1609 3056 1672 3125 τῇ
1704 3054 1914 3125 ἀγάπῃ,

2451 2308 2781 2378 I’resltylcris
2812 2306 3181 2363 Tarsensibus.

2095 2420 2436 2492 Congressus
2473 2438 2596 2475 cum
2646 2422 2756 2485 illo,
2799 2437 3026 2493 magnas
3054 2422 3220 2478 habui
3250 2422 3363 2480 Deo
3406 2437 3595 2482 sancto

2022 2513 2247 2583 gratias,
2278 2515 2369 2585 qui
2414 2523 2465 2569 et
2506 2529 2592 2568 me
2621 2514 2768 2569 illius
2798 2514 3088 2585 praesentia
3127 2530 3191 2570 ex
3218 2516 3406 2571 multis
3429 2532 3597 2588 ango-

2024 2604 2179 2659 ribus
2206 2606 2521 2660 consolatus
2542 2616 2646 2670 est,
2670 2613 2724 2660 et
2762 2614 2997 2661 vestram
3028 2606 3351 2663 charitatem
3377 2611 3596 2681 perspio

2022 2708 2124 2749 cue
2160 2710 2258 2765 per
2294 2696 2471 2766 ipsum
2505 2695 2761 2751 ostendit.
2793 2695 2926 2750 Nam
2950 2704 3191 2752 vestrum
3217 2698 3329 2755 fere
3351 2701 3599 2757 omnium

2021 2788 2267 2843 veritatis
2298 2788 2537 2843 studium
2586 2790 2640 2842 in
2680 2789 2783 2843 viri
2827 2789 2989 2844 unius
3030 2791 3310 2861 proposito
3344 2794 3595 2864 cognovi.

2023 2881 2156 2948 Quae
2207 2883 2375 2953 igitur
2417 2884 2666 2954 privatim
2718 2885 2861 2939 inter
2908 2899 3011 2940 nos
3053 2885 3221 2940 locuti
3268 2899 3489 2947 sumus,
3534 2900 3599 2940 ea

2022 2974 2140 3044 ipse
2160 2974 2312 3030 vobis
2341 2975 2553 3031 referet.
2579 2976 2742 3047 206
2764 2975 2895 3042 Qua:
2927 2984 3108 3031 autem
3141 2991 3209 3033 ex
3236 2992 3322 3033 me
3353 2975 3597 3031 Charita-

2022 3073 2132 3120 tem
2171 3076 2409 3122 vestram
2451 3083 2550 3138 pur
2580 3075 2666 3123 est
2708 3082 3060 3139 cognoscere,
3100 3068 3216 3125 hate
3248 3076 3397 3125 sunt.
3439 3067 3601 3124 Tem-

328 3149 509 3204 ταῦτά
536 3153 705 3204 ἐστιν.
757 3149 814 3202 '0
856 3148 1046 3219 καιρὸς
1079 3144 1279 3219 πολλὴν
1304 3148 1417 3220 ἔχει
1459 3148 1631 3220 ῥοπὴν
1658 3148 1793 3218 πρὸς
1822 3164 1916 3200 xa-

2024 3172 2127 3228 pus
2160 3158 2455 3228 plurimum
2520 3159 2790 3214 incumbit
2827 3159 2893 3216 ad
2935 3162 3275 3217 eversionem
3328 3157 3601 3217 Ecclesia-

328 3240 640 3314 ’ἑαστροεξὴν
681 3240 789 3294 τῶν
830 3240 1186 3311 Ἐκκλησιῶν,
1229 3240 1322 3294 καὶ
1352 3239 1508 3312 τοῦτο
1536 3239 1703 3293 πολὺν
1727 3239 1922 3311 ἔχομεν

329 3333 434 3407 ἤδη
458 3334 648 3407 χρόνον
683 3333 743 3390 ἐξ
776 3324 838 3386 οὗ
867 3330 1377 3404 καταμανθάνομεν.
1413 3331 1682 3404 Οἰκοδομὴ
1704 3332 1761 3385 δὲ
1798 3331 1922 3385 Ἐκ-

330 3404 581 3500 κλήσίας,
599 3404 696 3480 διαὶ
713 3424 1046 3497 σφαλμάτων
1062 3423 1368 3496 διόρθωσις,
1386 3424 1480 3477 καὶ
1495 3422 1805 3495 συμπάθεια
1823 3421 1922 3494 μὲν

328 3520 470 3590 πρὸς
496 3520 624 3582 τοὺς
653 3518 1033 3582 ἀσθενοῦντας,
1074 3518 1492 3590 ὑπερασπισμὸς
1523 3517 1579 3571 δὲ
1625 3517 1761 3589 πρὸς
1797 3519 1922 3580 τοὺς

328 3609 671 3679 ὑγιαίνοντας
688 3609 798 3663 τῶν
825 3609 1070 3680 ἀδελφῶν
1089 3610 1208 3663 οὑδὲ
1222 3605 1324 3675 εἷς.
1360 3608 1500 3663 Ἀλλ’
1520 3608 1642 3663 οὔτε
1671 3609 1922 3680 βοήθημα

325 3702 365 3773 ἢ
396 3701 788 3772 θεραπευτικὸν
832 3700 944 3773 (82)
977 3701 1076 3772 τῆς
1127 3700 1619 3773 προκατασχούσης
1660 3701 1838 3763 νόσου,
1886 3698 1919 3770 ἥ

329 3791 776 3864 προφυλακτικὸν
820 3792 920 3864 τῆς
958 3791 1419 3863 προσδοκωμένης
1447 3792 1616 3846 οὐδέν.
1650 3792 1760 3847 Καὶ
1787 3791 1922 3855 ὅλως

326 3885 475 3939 ἔοικε
529 3884 715 3939 λοιπὸν
788 3886 822 3957 ἡ
871 3885 969 3956 τῆς
1037 3880 1364 3956 Ἐκκλησίας
1428 3886 1759 3949 κατάστασις
1814 3885 1924 3956 (ἶνα

327 3980 551 4050 ἐναργεῖ
578 3979 870 4050 χρήσωμαι
897 3977 975 4049 τῷ
1001 3978 1378 4049 ὑποδείγματι,
1410 3978 1514 4032 κᾶν
1543 3978 1922 4050 εὐτελέστερον

327 4067 475 4124 εἶναι
504 4070 660 4141 δοκῇ)
695 4069 893 4141 ίματίῳ
928 4068 1164 4140 παλαιῷ,
1215 4069 1319 4123 ὑπὸ
1362 4071 1462 4141 τῆς
1496 4069 1763 4141 τυχούσης
1791 4087 1923 4142 προ-

330 4163 552 4231 φάσεως
584 4162 782 4234 ῥαδίως
811 4163 1347 4234 καταῤῥηγνυμένῳ,
1383 4162 1411 4215 ὃ
1447 4157 1580 4233 πρὸς
1607 4162 1705 4233 τὴν
1728 4161 1788 4228 ἐξ
1822 4162 1921 4233 ἀρ-

326 4255 437 4327 χῆς
492 4255 646 4326 ίσχὺν
707 4252 1022 4309 ἐπανελθεῖν
1074 4253 1237 4307 πάλιν
1274 4254 1545 4307 ἀδυνατεῖ.
1588 4254 1675 4316 Ὠς
1724 4248 1819 4307 οὖν
1862 4255 1921 4306 ὲν

327 4346 511 4417 καιρῷ
572 4344 834 4417 τοιούτῳ,
893 4347 1136 4418 μεγάλης
1177 4346 1339 4418 χρεία
1380 4347 1479 4417 τῆς
1536 4345 1775 4416 σπουδῆς
1826 4345 1921 4399 καὶ

326 4436 529 4507 πολλῆς
585 4438 687 4508 τῆς
723 4436 1034 4507 ἐπιμελείας
1095 4436 1517 4510 εὑεργετηθῆναί
1554 4455 1606 4489 τι
1651 4436 1750 4501 τὰς
1784 4425 1922 4492 Ἐκ-

2025 3263 2170 3311 rum,
2226 3245 2388 3315 idque
2440 3247 2549 3316 jam
2602 3263 2632 3302 a
2683 3248 2846 3320 longo
2896 3256 3142 3321 tempore
3197 3251 3595 3321 perspeximus.

2024 3335 2340 3391 JEditicatio
2372 3349 2554 3392 autem
2596 3336 2876 3403 Ecclesiae,
2916 3339 3241 3395 delictorum
3265 3340 3598 3403 emendatio,

2024 3443 2151 3497 erga
2183 3429 2392 3484 debiles
2427 3429 2871 3496 commiseratio,
2915 3446 3175 3487 sanorum
3220 3431 3451 3488 fratrum
3498 3431 3598 3487 de~

2025 3516 2202 3572 fensio
2230 3519 2381 3573 nulla
2420 3534 2649 3589 prorsus
2696 3529 2799 3575 est.
2836 3520 2941 3575 Sed
2974 3537 3149 3592 neque
3179 3522 3481 3578 remedium
3514 3522 3601 3577 ul-

2025 3605 2160 3672 lum,
2213 3616 2308 3661 aut
2358 3609 2583 3663 morbus
2630 3611 2782 3678 prior
2829 3618 3072 3671 curetur.
3124 3620 3218 3666 aut
3282 3611 3600 3683 impendens

2023 3705 2300 3753 caveatur.
2354 3697 2434 3753 Ac
2481 3699 2723 3770 profecto
2759 3701 2953 3757 similis
2999 3711 3083 3759 est
3126 3698 3388 3759 Ecclesia:
3423 3711 3601 3763 status

2025 3785 2107 3860 (ut
2142 3789 2293 3845 claro
2327 3798 2453 3844 utar
2482 3793 2753 3863 exemplo,
2791 3792 3009 3848 etiarnsi
3057 3793 3222 3849 vilius
3261 3809 3386 3850 esse
3411 3795 3597 3850 videa-

2022 3881 2134 3951 tur)
2166 3887 2382 3936 vetusto
2420 3883 2770 3948 vestimento,
2800 3884 2948 3953 quod
2977 3883 3136 3940 facile
3164 3885 3407 3957 qualibet
3439 3901 3601 3942 occa-

2024 3972 2179 4029 sione
2221 3971 2567 4037 discinditur,
2615 3990 2716 4030 nec
2747 3982 2923 4045 potest
2969 3976 3165 4032 iterum
3207 3976 3275 4033 ad
3307 3978 3598 4048 pristinum

2022 4062 2191 4119 robur
2244 4064 2442 4119 redire.
2499 4062 2687 4135 Itaque
2735 4073 2795 4119 ut
2847 4065 2902 4119 in
2961 4063 3054 4119 tali
3106 4075 3351 4138 tempore
3401 4084 3600 4137 magno

2023 4169 2163 4225 opus
2216 4164 2303 4209 est
2354 4154 2538 4210 studio
2586 4170 2650 4210 ac
2704 4156 2876 4211 multa
2937 4156 3240 4228 diligentia,
3291 4167 3352 4214 ut
3389 4161 3597 4232 aliquid

2023 4242 2248 4298 accedat
2282 4244 2633 4298 emolumenti
2679 4240 2963 4301 Ecclesiis.
3021 4241 3462 4304 Emolumentum
3513 4260 3601 4307 est

2023 4340 2206 4389 autem
2266 4334 2510 4389 membra
2553 4335 2709 4406 prius
2756 4335 2971 4392 divulsa
3014 4339 3294 4411 conjungi.
3336 4340 3455 4396 Fiet
3501 4358 3598 4397 au-

2022 4432 2134 4480 tem
2177 4425 2528 4496 conjunctio,
2565 4428 2609 4483 si
2646 4427 2899 4493 velimus,
2933 4430 3135 4500 quibus
3173 4431 3229 4485 in
3270 4432 3435 4488 rebus
3473 4435 3596 4489 ani-

328 4528 580 4601 κλησίας.
622 4529 929 4600 Εὑεργεσία
970 4529 1029 4583 δέ
1075 4531 1223 4583 ἐστιν
1268 4530 1533 4599 ὲνωθῆναι
1564 4531 1633 4582 τὰ
1660 4530 1797 4593 τέως
1832 4529 1912 4582 δι-

2024 4532 2139 4572 mas
2165 4533 2274 4572 non
2299 4517 2566 4581 laedimus,
2595 4519 2650 4573 in
2685 4518 2771 4574 his
2798 4534 2900 4575 nos
2931 4519 2995 4575 ad
3032 4521 3361 4577 inﬁrmiores
3387 4537 3599 4579 accom-

328 4620 652 4692 εσπασμένα
682 4620 812 4692 (85).
834 4622 1066 4685 Ἕνωσις
1098 4621 1143 4674 δ’
1168 4620 1235 4675 ἂν
1261 4622 1492 4689 γένοιτο,
1519 4623 1567 4674 εί
1599 4621 1910 4694 βουληθείη-

332 4728 456 4783 μεν,
494 4713 553 4765 ὲν
580 4707 662 4776 οἷς
701 4712 867 4784 μηδὲν
903 4712 1215 4785 βλάπτομεν
1263 4712 1363 4776 τάς
1410 4712 1610 4784 ψυχὰς,
1648 4730 1916 4785 συμπερι·

328 4802 614 4872 ενεχθῆναι
646 4804 758 4864 τοίς
802 4800 1237 4877 ἀσθενεστέροις.
1287 4803 1438 4856 Ἐπεὶ
1468 4798 1559 4855 οὖν
1593 4802 1763 4856 πολλά
1797 4804 1916 4856 στὸο

331 4910 481 4964 ματα
508 4892 754 4964 ἦνοικται
798 4892 941 4947 κατά
987 4892 1082 4946 τοῦ
1111 4893 1429 4965 Πνεὺματος
1472 4892 1566 4948 τοῦ
1610 4894 1787 4963 ἁγίου,
1821 4895 1915 4948 καὶ

327 4983 526 5039 πολλαὶ
550 4983 791 5052 γλῶσσαι
816 4985 1109 5056 ἠκόνηνται
1133 4987 1213 5048 είς
1232 4986 1331 5056 τὴν
1355 4987 1473 5039 κατ’
1494 4984 1657 5038 αὑτοῦ
1672 4984 1916 5055 βλασφη-

332 5078 491 5149 μίαν·
547 5059 804 5149 ἀξιοῦμεν
835 5077 1000 5148 ὑμᾶς,
1030 5077 1155 5131 ὅσον
1202 5078 1350 5131 ἐστὶν
1381 5077 1466 5146 ἐφ’
1508 5078 1636 5148 ὑμῖν
1665 5076 1799 5150 (84),
1832 5079 1915 5140 είς

328 5169 510 5237 ὀλίγον
544 5169 776 5241 ἀριθμὸν
801 5173 1124 5244 περιστῆσαι
1146 5173 1272 5234 τοὺς
1296 5168 1750 5241 βλασφημοῦντας
1770 5186 1783 5199 ·
1818 5169 1913 5223 καὶ

399 5303 513 5373 (78)
530 5302 643 5356 Καὶ
668 5304 909 5371 ταύτην.
932 5303 1011 5360 lla
1038 5321 1172 5361 mss.
1197 5311 1426 5375 septem.
1450 5301 1593 5357 Editi
1616 5304 1713 5358 καὶ
1732 5301 1909 5367 τοῦτο,

327 5381 558 5444 excepta
585 5382 766 5427 tamen
801 5375 1040 5431 editione
1074 5375 1249 5446 prima
1280 5374 1603 5430 Basileensi.

398 5474 513 5545 (79)
543 5478 679 5545 οὐκ,
696 5473 831 5531 οἶδά
857 5491 997 5532 που.
1026 5479 1106 5533 Ita
1135 5489 1249 5535 tres
1277 5474 1639 5539 vetustissimi
1660 5474 1905 5532 codices.

328 5542 476 5602 Editi
495 5542 609 5601 ὀὑκ
636 5542 732 5601 οἶδ’
769 5548 935 5612 ὅπως.

397 5653 1081 5725 (ὃοληροαποκειμενος.
1118 5653 1211 5709 Sic
1258 5670 1393 5711 mss.
1429 5667 1563 5725 sex.
1591 5651 1736 5707 Editi
1771 5667 1908 5725 προ-

329 5721 695 5851 Εςοέείμένὸς
739 5721 892 5788 ἐστι,
929 5721 1156 5796 excepta
1207 5732 1391 5779 tamen
1435 5722 1678 5779 editione
1729 5721 1906 5793 prima

408 5808 437 5851 ς
480 5832 497 5848 .

408 5808 497 5851 ιιι.

2019 4609 2263 4664 modare.
2301 4608 2437 4664 Cum
2489 4610 2655 4681 igitur
2698 4623 2794 4666 ora
2851 4608 3019 4665 multa
3060 4612 3113 4666 in
3157 4611 3422 4683 Spiritum
3466 4630 3596 4670 san-

2018 4709 2168 4754 ctum
2212 4708 2397 4771 aperta
2442 4701 2572 4769 sint,
2619 4718 2683 4756 ac
2731 4701 2929 4773 lingua
2980 4703 3164 4756 multa!
3206 4704 3273 4756 ad
3311 4704 3595 4772 jaciendas

2018 4792 2075 4846 in
2098 4792 2250 4846 illum
2276 4792 2646 4864 blasphemias
2669 4794 2781 4848 sint
2814 4801 3055 4849 exacutm
3082 4812 3095 4848 :
3121 4809 3376 4866 rogamus
3392 4811 3509 4859 vos,
3537 4807 3597 4851 ut

2015 4893 2280 4955 quantum
2315 4885 2369 4938 in
2402 4884 2556 4940 vobis
2568 4894 2674 4950 est,
2694 4884 2759 4939 ad
2785 4901 3011 4956 parvum
3035 4901 3323 4942 numerum
3340 4886 3596 4957 blasphe-

2016 4988 2229 5031 mantes
2250 4976 2510 5046 redigatls
2526 4993 2540 5043 ;
2558 4984 2612 5033 et
2626 4977 2721 5047 qui
2737 4976 2998 5045 Spiritum
3017 4987 3267 5033 sanctum
3286 4986 3592 5034 creaturam

2014 5084 2139 5124 esse
2187 5083 2297 5153 non
2340 5069 2550 5133 dicunt,
2593 5084 2688 5125 eos
2725 5069 2998 5139 recipiatis
3026 5069 3082 5123 in
3126 5070 3590 5133 communionem,

2016 5168 2075 5213 ut
2125 5159 2425 5226 blasphemi
2492 5160 2870 5229 relinquantur
2919 5157 3057 5222 soli,
3106 5173 3170 5212 ac
3229 5159 3313 5213 vel
3385 5160 3594 5230 pudore

2085 5291 2197 5364 (81)
2250 5292 2603 5363 Ἀπαγγελῶ.
2655 5291 2732 5346 lta
2784 5307 2915 5347 mss.
2951 5293 3210 5362 quinque.
3249 5290 3390 5348 Editi
3421 5294 3593 5364 ἐπαγ-

2014 5361 2198 5503 γεῗὲἓ)
2240 5432 2691 5503 Θεραπευτικόν.
2713 5429 2861 5503 ﬁed.
2892 5430 3407 5503 προθεραπευτικόν.

2109 5432 2198 5496 82)
2240 5432 2691 5502 Θεραπευτικόν.
2722 5432 2861 5485 Med.
2892 5432 3407 5503 προθεραπευτικόν.

2085 5432 2199 5576 ίὸὅ)
2238 5500 2830 5573 Διεσπασμέναλρυο
2879 5516 3020 5557 mss.
3065 5502 3462 5577 διεσπαρμένα,
3510 5503 3593 5558 di—

2012 5589 2213 5715 ψῗῶ.
2269 5645 2407 5714 Ἐφ’.
2443 5642 2609 5708 ὑμῖν.
2670 5640 2750 5696 lta
2802 5656 2935 5698 mss.
2986 5641 3248 5714 quinqlle-
3301 5643 3444 5701 Editi
3503 5644 3592 5715 ιφ,

2011 5716 2296 5841 ήμῖνλιίεε
2325 5778 2502 5839 CCIII.
2536 5783 2750 5843 Scripta
2774 5784 2921 5840 circa
2953 5799 3041 5839 an.
3075 5783 3199 5840 372.
