3988 6194
405 318 510 379 ΞΞἹ

1721 335 1780 391 S.
1820 334 2066 391 BASILII
2106 333 2320 393 MAGNI

3541 336 3651 393 528

399 449 593 508 διιπυεί
642 449 711 506 ad
762 451 1043 508 veritatem
1100 451 1344 517 redeant,
1401 452 1487 508 vel
1543 452 1588 508 si
1644 454 1699 507 in
1750 460 1969 524 peccato

2078 466 2205 518 τους
2251 452 2326 525 μὴ
2375 450 2632 522 λέγοντας
2676 448 2880 522 κτίσμα
2911 441 3229 523 τδΠνεῦμα
3252 450 3314 505 τδ
3335 450 3488 521 ἅγιον
3508 451 3659 525 δέχε-

399 549 660 608 manent,
705 545 1031 599 auctoritate
1071 552 1295 599 careant
1326 543 1399 600 ob
1438 545 1789 615 paucitatem.
1823 544 1969 599 Nihil

399 634 568 705 igitur
601 633 837 704 amplius
880 647 1243 705 exposcamus
1285 651 1298 687 :
1349 633 1446 689 sed
1492 634 1801 691 volentibus
1864 650 1969 691 no-

399 724 614 780 biscum
661 725 922 796 conjungi
966 724 1229 781 fratribus
1260 724 1418 781 ﬁdem
1450 724 1726 781 Nicenam
1766 741 1971 797 propo-

401 830 597 871 namus
630 834 643 869 :
682 829 748 868 ac
775 815 822 871 si
850 816 900 870 ei
936 814 1335 881 assentiuntur,
1370 814 1504 870 illud
1535 831 1756 888 quoque
1781 818 1967 888 exiga-

400 921 547 972 mus,
591 904 858 977 Spiritum
896 913 1146 962 sanctum
1180 915 1486 963 creaturam
1514 908 1624 963 dici
1661 924 1772 965 non
1808 925 1971 981 opor-

402 1005 537 1063 tere,
568 1006 623 1053 et
652 1012 747 1054 eos
777 998 871 1068 qui
907 998 1118 1065 dicunt,
1151 1000 1321 1070 recipi
1367 1001 1435 1054 ab
1474 1000 1608 1071 ipsis
1639 1001 1695 1055 in
1726 1016 1973 1058 commu-

402 1091 621 1147 nionem
683 1106 794 1148 non
849 1093 1069 1149 debere.
1140 1091 1286 1148 Nihil
1359 1103 1539 1149 autem
1605 1107 1800 1166 praeter
1856 1097 1973 1153 haec

402 1183 809 1253 exposcendum
862 1198 985 1240 esse
1038 1198 1255 1240 censeo.
1310 1182 1600 1241 Enimvero
1650 1201 1971 1257 persuasum

402 1273 535 1329 mihi
578 1282 664 1331 est
707 1274 1053 1331 diuturniore
1104 1276 1249 1331 inter
1301 1291 1403 1333 nos
1462 1279 1855 1337 consuetudine
1908 1296 1973 1336 ac

403 1374 596 1420 mutua
626 1366 765 1422 citra
811 1366 1217 1423 contentionem
1258 1370 1669 1435 exercitatione,
1719 1372 1765 1428 si
1807 1374 1972 1427 etiam

404 1457 537 1527 quid
589 1459 826 1529 amplius
875 1458 1245 1529 adjiciendum
1296 1461 1368 1516 sit
1411 1460 1738 1532 explanandi
1773 1478 1973 1532 causa,

403 1547 662 1602 daturum
706 1547 759 1602 id
792 1546 1103 1614 Dominum,
1137 1549 1232 1618 qui
1274 1549 1454 1622 ipsum
1484 1550 1831 1622 diligentibus
1857 1568 1974 1609 om-

403 1638 496 1693 nia
527 1646 854 1709 cooperatur
882 1639 940 1695 in
968 1638 1173 1695 bonum
1208 1641 1272 1696 ι’.

890 1877 1223 1934 EPISTOLA
1260 1878 1467 1934 CXIV'.

2080 542 2205 596 σθαι
2256 541 2337 606 είς
2397 541 2701 609 κοινωνίαν,
2756 541 2843 595 ἵνα
2916 539 3063 611 μόνοι
3120 541 3554 610 καταλειφθῶσιν
3606 544 3658 596 oi

2077 633 2409 705 βλάσφημοι,
2441 633 2536 686 καὶ
2570 630 2604 703 ἢ
2631 631 3117 702 καταισχυνθέντες
3138 632 3475 685 ὲπανέλθωσι
3514 632 3660 704 πρὸς

2073 723 2171 795 τὴν
2212 722 2506 795 ἀλήθειαν,
2550 722 2583 795 ἢ
2626 721 2977 791 ἐπιμένοντες
3020 724 3088 794 τῇ
3141 722 3387 794 ἁμαρτίᾳ
3437 722 3660 788 ἀναξιό-

2072 831 2253 869 πιστοι
2290 809 2393 868 ὦσι
2444 814 2532 869 διὰ
2575 813 2674 884 τὴν
2713 813 3020 885 ὀλιγότητα.
3068 813 3252 884 Μηδὲν
3279 815 3457 868 τοίνυν
3488 814 3660 868 πλέον

2072 906 2441 979 ὲπιζητῶμεν,
2494 905 2631 961 ἀλλὰ
2692 905 3103 977 προτεινὼμεθα
3149 906 3263 968 τοῖς
3312 902 3661 975 βουλομένοις

2074 999 2205 1070 ἡμῖν
2257 997 2624 1053 συνάπτεσθαι
2679 997 2927 1068 ἀδελφοῖς
2958 996 3060 1069 τὴν
3105 998 3163 1050 ὲν
3192 996 3405 1067 Νικαίᾳ
3436 995 3656 1048 πίστιν·

2072 1087 2178 1142 κᾶν
2232 1087 2416 1162 ἐκείνῃ
2469 1087 2787 1152 συνθῶνται,
2832 1087 3199 1160 ὲπερωτῶμεν
3223 1086 3400 1141 καὶτὸ
3440 1084 3517 1157 μὴ
3545 1085 3661 1139 δεῖν

2072 1179 2326 1249 λέγεσθαι
2381 1180 2590 1251 κτίσμα
2631 1179 2693 1233 τὸ
2721 1179 2944 1250 Πνεῦμα
2972 1180 3034 1233 τὸ
3063 1178 3244 1246 ἅγιον,
3289 1178 3424 1249 μηδὲ
3464 1194 3660 1232 κοινω-

2071 1272 2255 1337 νικοὺς
2292 1272 2472 1325 αὐτῶν
2493 1266 2630 1324 εἶναι
2649 1272 2775 1336 τοὺς
2788 1271 3065 1341 λέγοντας.
3085 1271 3235 1343 Πέρα
3253 1270 3309 1323 δὲ
3321 1269 3525 1323 τούτων
3541 1267 3658 1340 (85)

2072 1364 2208 1430 ἀξιῶ
2243 1365 2406 1437 μηδὲν
2430 1366 2801 1436 ὲπιζητεῖσθαι
2832 1368 2962 1439 παρ’
2986 1365 3163 1438 ἡμῶν.
3183 1364 3491 1435 Πέπεισμαι
3523 1363 3657 1434 γὰρ,

2070 1457 2153 1510 ὅτι
2194 1458 2260 1527 τῇ
2317 1457 2649 1528 χρονιωτέρᾳ
2701 1458 3040 1527 συνδιαγωγῇ
3086 1456 3181 1510 καὶ
3222 1459 3288 1527 τῇ
3323 1454 3660 1525 ἀφιλονείκῳ

2074 1548 2476 1619 συγγυμνασίᾳ,
2527 1547 2622 1601 καὶ⁸
2678 1548 2732 1601 εἴ
2755 1566 2808 1601 τι
2839 1549 2947 1602 δέοι
2981 1547 3143 1602 πλέον
3179 1545 3542 1619 προστεθῆναι
3573 1547 3657 1608 εἰς

2070 1640 2360 1711 τράνωσιν,
2391 1642 2551 1697 δώσει
2568 1645 2597 1696 ό
2624 1644 2831 1714 Κύριος
2863 1644 2891 1696 ό
2919 1645 3097 1698 πάντα
3117 1642 3391 1715 συνεργῶν
3417 1642 3499 1706 είς
3523 1641 3658 1711 ἀγα·

2075 1731 2166 1786 θὺν
2199 1736 2310 1798 τοῖς
2335 1734 2621 1803 ἀγαπῶσιν
2652 1736 2836 1791 αὐτόν.

2588 1888 2937 1946 ΕΠΙΣΤΟΛΗ
2973 1892 3119 1947 ΡΙΔ¹.

402 2017 523 2094 ϐιῳ]
540 2014 1331 2094 ﬁgortae‘ssgtjnmclergjarsemj
1352 2013 1796 2094 aiiqttqdissemio,
1818 2021 2195 2094 Basilius‘pacis
2214 2024 2556 2094 constituenda
2586 2010 2939 2093 cupidus-lianc
2968 2027 3174 2094 Cyriaco
3191 2026 3514 2094 conditionem
3534 2026 3651 2090 fert,

1119 2091 1337 2153 prorsus
1345 2078 1544 2153 excepta
1564 2094 1682 2153 vage
1696 2081 1923 2153 recipjat,
1947 2092 1993 2153 et
2028 2078 2232 2153 fateatur
2263 2078 3077 2153 Spiritumsanciumdcreatant
3102 2089 3202 2140 dici
3225 2078 3319 2141 non
3349 2078 3546 2151 debere;
3562 2078 3653 2141 τισὲ

460 2150 572 2188 cum
592 2140 655 2188 iis
678 2140 762 2201 qui
784 2140 951 2188 dicunt
971 2140 1440 2189 communicandum.
1463 2140 1683 2204 Spondet
1700 2140 2046 2208 pro'fratribus
2065 2147 2184 2198 nihil
2206 2164 2287 2201 eos
2303 2140 2522 2214 'amplius
2540 2152 2601 2201 ab
2624 2166 2681 2202 eo
2702 2140 2951 2215 petituros.

768 2221 1014 2295 Cyriaco,
1047 2224 1205 2280 Tarsi
1231 2228 1600 2281 commoranti.

469 2336 745 2405 Quantum
780 2339 854 2395 sit
891 2339 1042 2410 pacis
1082 2340 1313 2406 bonum,
1361 2340 1490 2411 quid
1530 2356 1670 2413 opus
1716 2351 1795 2399 est
1828 2344 1969 2414 apud

397 2429 550 2499 pacis
600 2430 741 2485 ﬁlios
767 2430 984 2487 dicere?
1025 2429 1162 2497 Quia
1220 2433 1386 2504 igitur
1407 2449 1660 2504 magnum
1700 2436 1830 2491 illud
1874 2437 1972 2493 bo-

399 2530 553 2581 num,
590 2522 643 2571 et
684 2515 1087 2583 admirandum,
1141 2527 1195 2574 et
1242 2521 1497 2578 omnibus
1545 2523 1639 2594 qui
1684 2522 1971 2579 Dominum

397 2607 631 2680 diligunt
661 2609 896 2665 maxime
924 2612 1306 2680 expetendum,
1335 2613 1449 2683 jam
1494 2630 1632 2684 pene
1670 2616 1739 2670 ad
1769 2618 1969 2672 nudam

396 2716 587 2758 vocem
625 2703 908 2759 redactum
942 2710 1048 2770 est,
1085 2719 1151 2761 eo
1184 2706 1328 2776 quod
1362 2708 1723 2779 multiplicata
1759 2708 1826 2764 sit
1860 2709 1969 2763 ini-

398 2796 606 2865 quitas,
650 2795 978 2868 refrigerata
1020 2797 1133 2867 jam
1176 2798 1231 2852 in
1276 2800 1465 2854 multis
1521 2801 1820 2867 charitate;
1868 2802 1970 2856 hoc

397 2900 567 2940 unum
613 2885 854 2942 arbitror
899 2886 968 2942 iis
1012 2888 1105 2957 qui
1158 2903 1415 2958 germane
1465 2897 1521 2944 et
1562 2905 1692 2945 vere
1742 2891 1970 2946 Domino

332 2990 337 3001 '
398 2976 665 3042 serviunt,
698 2977 881 3034 studio
931 2994 1056 3034 esse
1094 2979 1332 3043 debere,
1377 2988 1438 3035 ut
1482 2980 1756 3037 Ecclesias
1802 2982 1968 3038 variis

397 3067 649 3138 partibus
700 3070 995 3141 multisque
1045 3069 1225 3125 modis
1269 3070 1411 3126 inter
1467 3087 1527 3127 se
1580 3071 1843 3130 discissas
1901 3074 1970 3128 ad

399 3160 662 3216 unitatem
689 3160 974 3217 reducant.
1011 3159 1166 3228 Quod
1192 3169 1246 3217 et
1277 3178 1378 3233 ego
1413 3163 1590 3220 facere
1618 3165 1748 3220 dum
1777 3181 1969 3238 aggre-

397 3249 544 3316 dior,
576 3251 849 3309 immerito
883 3254 1085 3309 curiosi
1120 3253 1358 3310 hominis
1397 3256 1603 3310 crimen
1644 3256 1967 3314 sustineam.

394 3341 543 3398 Nihil
589 3343 748 3414 207
804 3345 949 3400 enim
995 3343 1295 3401 Christiani
1357 3354 1465 3399 tam
1524 3349 1803 3418 proprium
1861 3357 1967 3416 est,

397 3452 561 3509 quam
596 3452 782 3509 pacem
818 3437 1112 3494 conciliare
1145 3458 1158 3494 :
1195 3438 1338 3495 unde
1369 3451 1424 3494 et
1464 3439 1627 3509 hujus
1653 3441 1732 3495 rei
1762 3457 1969 3498 merce-

2322 2234 2452 2300 Τοῖς
2469 2236 2538 2289 ἐν
2568 2235 2770 2305 Ταρσῷ
2794 2235 2929 2306 περὶ
2949 2235 3246 2305 Κυριακόν
3267 2233 3401 2308 (86).

2145 2348 2308 2402 Ὅσον
2339 2348 2457 2403 ἐστὶ⁸
2481 2348 2543 2403 τὺ
2590 2348 2692 2422 τῆς
2736 2351 2959 2422 εἰρήνης
2990 2348 3214 2420 ἀγαθὸν,
3248 2349 3303 2402 τί
3335 2348 3440 2421 χρὴ
3473 2349 3654 2420 λέγειν

2072 2440 2207 2511 πρὸς
2247 2440 2447 2513 ἄνδρας
2491 2442 2639 2507 υἱοὺς
2665 2442 2769 2512 τῆς
2809 2443 3069 2514 είρήνηςς
3115 2442 3267 2496 Ἐπεὶ
3297 2437 3392 2496 οῦν
3417 2441 3479 2495 τὸ
3509 2441 3657 2512 μέγα

2071 2534 2247 2598 τοῦτο,
2301 2537 2395 2589 καὶ
2446 2534 2792 2606 θαυμαστὸν,
2840 2535 2935 2588 καὶ
2985 2535 3119 2588 πᾶσι
3177 2527 3649 2605 πρῖσποῦδαστον

2069 2626 2181 2688 τοῖς
2209 2624 2464 2693 ἀγαπῶσι
2490 2624 2583 2679 τὸν
2607 2623 2832 2695 Κύριον,
2847 2621 3143 2676 κινδυνεύει
3167 2621 3352 2675 λοιπὸν
3376 2624 3457 2686 εἰς
3480 2621 3657 2693 ὄνομα

2068 2714 2222 2785 ψιλὸν
2249 2717 2590 2788 περιστῆναι,
2616 2714 2705 2770 διὰ
2750 2716 2811 2769 τὸ
2856 2713 3225 2786 πληθυνθῆναι
3266 2713 3365 2786 τὴν
3397 2714 3655 2784 ἀνομίαν,

2069 2807 2337 2879 ψυγείσης
2381 2808 2567 2863 λοιπὸν
2616 2809 2674 2863 ὲν
2727 2810 2842 2872 τοῖς
2887 2807 3106 2871 πολλοῖς
3130 2806 3240 2878 (87)
3277 2807 3377 2878 τῆς
3409 2805 3657 2874 ἀγάπης.

2070 2895 2224 2969 οἶμαι
2277 2900 2578 2971 προσήκειν
2644 2900 2774 2971 μίαν
2827 2898 3031 2969 ταύτην
3078 2893 3216 2950 εῖναι
3273 2895 3508 2966 σπουδὴν
3534 2896 3660 2964 ,τοῖς

2068 2991 2303 3062 γνησίως
2329 2991 2424 3045 καὶ
2454 2989 2719 3061 ἀληθινῶς
2734 2980 3044 3044 δουλεύουσι
3061 2986 3138 3059 τῷ
3163 2986 3374 3058 Κυρίῳ,
3401 2985 3462 3040 τὸ
3485 2985 3660 3037 ὲπανυ

2070 3084 2297 3152 αγαγεῖν
2326 3082 2460 3152 πρὸς
2478 3083 2670 3136 ἕνωσιν
2686 3082 2787 3147 τὰς
2827 3080 3176 3152 Ἐκκλησίας,
3205 3078 3304 3142 τάς
3329 3075 3659 3147 πολυμερῶς

2068 3177 2164 3230 καὶ
2180 3175 2532 3247 πολυτρόπως
2552 3175 2646 3229 ἀπ’
2666 3173 2908 3246 ἀλλήλων
2944 3171 3353 3244 διατμηθείσας.
3381 3170 3446 3223 Ὃ
3466 3168 3530 3238 δὴ
3558 3167 3661 3221 καὶ

2068 3265 2228 3331 αὐτὸς
2248 3265 2536 3337 ἐπιχειρῶν
2554 3267 2745 3327 ποιεῖν,
2774 3263 2875 3317 οὐκ
2905 3261 2970 3316 ἂν
2995 3260 3224 3324 δικαίως
3261 3258 3659 3329 πολυπράγμο-

2069 3374 2158 3420 νος
2178 3356 2355 3411 αἰτίαν
2376 3355 2614 3427 λὰὄοιμι.
2648 3354 2816 3409 Οὐδὲν
2845 3353 2953 3424 γὰρ
2993 3352 3167 3416 οὕτως
3204 3350 3332 3404 ἴδιόν
3365 3351 3481 3403 ἔστι
3515 3350 3663 3420 Χρι-

2072 3447 2312 3514 στιανοῦ,
2343 3447 2420 3511 ὡς
2468 3446 2529 3500 τὸ
2573 3445 2935 3518 είρηνοποιεῖν
2954 3459 2967 3473 ·
3017 3441 3098 3496 διδ
3136 3443 3231 3495 καὶ
3262 3440 3352 3493 τὸν
3384 3440 3474 3501 ἐπ’
3505 3435 3663 3507 αὐτῷ

397 3525 521 3581 dem
564 3525 854 3580 maximam
884 3526 1045 3582 nobis
1070 3526 1334 3583 Dominus
1369 3529 1639 3598 promisit.
1669 3528 1966 3601 Postquam

2075 3537 2264 3611 μισθὸν
2287 3540 2542 3610 μέγιστον
2570 3538 2702 3608 ἡμῖν
2730 3535 2760 3589 ὁ
2790 3534 2996 3606 Κύριος
3023 3530 3404 3636 ἐπηγγείλατο.
3459 3528 3662 3636 Συνῖυ-

396 3618 564 3691 igitur
608 3633 732 3673 cum
788 3617 1053 3674 fratribus
1107 3635 1439 3691 congressus
1497 3636 1619 3676 sum
1669 3638 1970 3694 eorumque

395 3709 651 3781 perspexi
685 3722 945 3780 magnum
971 3710 1029 3764 in
1052 3708 1249 3766 fratres
1276 3720 1330 3767 et
1355 3711 1414 3768 in
1440 3727 1561 3777 vos,
1595 3714 1691 3768 sed
1717 3721 1772 3769 et
1800 3715 1971 3771 multo

402 3801 676 3872 majorem
715 3801 771 3856 in
799 3799 1082 3858 Christum
1117 3816 1381 3868 amorem,
1413 3817 1478 3858 ac
1527 3802 1652 3859 ﬁdei
1685 3805 1972 3876 integrita-

392 3894 504 3950 tem
547 3901 603 3949 et
642 3893 984 3961 ﬁrmitatem;
1027 3900 1082 3949 et
1121 3901 1415 3965 utrumque
1448 3894 1586 3965 ipsis
1621 3911 1817 3964 magno
1848 3911 1971 3953 esse

395 3983 599 4049 studio,
651 3992 712 4039 ut
758 3993 935 4055 neque
968 3997 999 4038 a
1039 3993 1224 4040 vestra
1272 3984 1544 4040 cbaritate
1595 3994 1967 4058 segregentur,

395 4089 573 4145 neque
628 4072 787 4130 ﬁdem
840 4089 1030 4129 sanam
1081 4075 1364 4145 prodant;
1425 4076 1529 4132 hac
1567 4085 1773 4133 'eorum
1825 4077 1971 4133 bona

394 4173 579 4223 mente
606 4167 979 4238 comprobata,
1025 4168 1093 4223 ad
1130 4176 1369 4224 vestram
1400 4169 1724 4240 gravitatem
1760 4169 1967 4238 scribo,

395 4259 693 4315 obsecrans
727 4260 878 4315 omni
909 4261 1201 4326 cbaritate,
1231 4270 1291 4316 ut
1325 4277 1422 4317 eos
1447 4278 1577 4318 vere
1608 4270 1663 4318 et
1688 4278 1757 4318 ex
1785 4263 1969 4318 animo

394 4350 719 4420 coniunctos
758 4350 1048 4422 omnisque
1085 4352 1473 4409 ecclesiasticae
1498 4369 1645 4411 cura:
1674 4353 1969 4425 participes

394 4441 661 4498 habeatis.
703 4440 849 4510 Quin
891 4449 946 4499 et
996 4443 1106 4499 illis
1147 4445 1416 4515 spopondi
1461 4452 1667 4500 rectam
1718 4460 1842 4500 esse
1874 4461 1970 4500 ve.

395 4541 566 4588 stram
600 4539 859 4599 mentem,
883 4547 949 4590 ac
966 4549 1066 4591 vos
1100 4532 1195 4590 Dei
1225 4533 1397 4605 gratia
1427 4550 1527 4606 pro
1557 4544 1742 4591 vestro
1771 4536 1971 4591 verita-

393 4626 466 4680 tis
491 4623 671 4681 studio
687 4625 751 4680 ad
778 4625 959 4680 omnia
986 4637 1206 4696 paratos
1225 4640 1368 4690 esse,
1389 4640 1727 4697 quaecunque
1756 4642 1854 4697 pro
1886 4642 1972 4683 ve-

392 4716 575 4773 ritatis
601 4717 846 4774 doctrina
875 4717 987 4787 pati
1017 4718 1341 4788 Oportuerit.
1367 4718 1499 4786 Qua:
1521 4726 1724 4786 autem,
1751 4727 1812 4775 ut
1837 4720 1970 4776 mihi

392 4810 722 4882 persuadeo,
766 4825 944 4880 neque
988 4810 1146 4867 vobis
1187 4810 1572 4879 adversantur,
1602 4819 1656 4867 et
1695 4812 1969 4883 praedictis

2072 3627 2182 3699 χὼν
2230 3627 2406 3681 τοίνυν
2443 3629 2555 3690 τοῖς
2610 3625 2891 3693 ἀδελφοῖς,
2936 3623 3033 3676 καὶ
3092 3620 3427 3690 θεασάμενος
3472 3615 3659 3670 αὐτῶν

2073 3717 2208 3771 πολὺ
2236 3716 2333 3787 μὲν
2362 3715 2424 3768 τὸ
2455 3713 2774 3784 φιλάδελφον
2819 3710 2913 3766 καὶ
2953 3710 3016 3763 τὸ
3043 3710 3171 3782 περὶ
3203 3708 3348 3779 ὑμᾶς
3379 3708 3664 3775 ἀγαπητι-

2073 3808 2187 3873 κὸν,
2218 3807 2396 3879 πολλῷ
2417 3807 2474 3862 δὲ
2509 3806 2590 3860 ἔτι
2629 3804 2791 3859 πλέον
2843 3803 2906 3856 τὸ
2938 3801 3282 3873 φιλόχριστον
3308 3799 3402 3852 καὶ
3422 3796 3485 3850 τὸ
3520 3794 3659 3867 περῖΙ

2072 3899 2170 3971 τὴν
2201 3898 2382 3951 πίστιν
2434 3897 2662 3970 ἀκριϐές
2708 3912 2767 3948 τε
2796 3894 2890 3949 καὶ
2920 3893 3133 3947 εῦτονον
3154 3909 3170 3924 ο
3213 3891 3307 3946 καὶ
3338 3890 3418 3943 ὅτι
3451 3886 3662 3959 πολλὴν

2072 3988 2397 4060 ἀμφοτέρων
2423 3986 2697 4040 ποιοῦνται
2730 3983 2985 4054 σπουδὴν,
3015 3983 3110 4054 τῆς
3137 3997 3196 4035 τε
3224 3978 3496 4051 ὑμετέρας
3518 3977 3664 4045 ἀγά-

2073 4098 2180 4152 πης
2219 4080 2292 4153 μὴ
2319 4076 2667 4150 χωρίζεσθαι,
2699 4075 2793 4129 καὶ
2839 4073 2938 4144 τὴν
2979 4071 3324 4143 ὑγιαίνουσαν
3356 4068 3544 4121 πίστιν
3578 4067 3661 4139 μὴ

2072 4167 2499 4242 καταπροδοῦναι
2520 4183 2536 4197 ο
2599 4162 2998 4235 ἀποδεξάμενος
3039 4158 3220 4214 αὐτῶν
3281 4155 3380 4229 τὴν
3436 4155 3659 4226 ἀγαθὴν

2073 4261 2413 4334 προαίρεσιν,
2444 4254 2741 4311 ἐπιστέλλω
2766 4256 2831 4326 τῇ
2867 4252 3154 4323 σεμνότητι
3187 4247 3364 4321 ὑμῶν,
3390 4263 3661 4318 παρακα-

2071 4353 2177 4407 λῶν
2222 4350 2373 4421 πάσῃ
2404 4349 2593 4422 ἀγάπῃ
2643 4347 2786 4418 ἔχειν
2821 4345 3017 4407 αὐτοὺς
3057 4340 3369 4414 ἡνωμένους
3389 4337 3658 4409 γνησίως,

2071 4445 2167 4499 καὶ
2208 4443 2388 4513 πάσης
2423 4436 2885 4511 ἐκκλησιαστικῆς
2911 4433 3192 4507 φροντίδος
3211 4428 3533 4493 κοινωνούς·
3562 4431 3665 4498 ἑγ-

2070 4535 2416 4609 γυησάμενος
2453 4533 2550 4586 καὶ
2603 4530 2788 4594 αὐτοῖς
2817 4527 2919 4599 τὴν
2956 4525 3226 4598 ὑμετέραν
3250 4521 3539 4594 ὀρθότητα,
3568 4520 3660 4573 ὃτι

2071 4628 2165 4681 καὶ
2195 4624 2349 4680 αὐτοὶ
2377 4626 2445 4694 τῇ
2460 4620 2555 4677 τοῦ
2593 4619 2728 4674 Θεοῦ
2758 4619 2940 4691 χάριτι
2964 4617 3044 4689 τῷ
3074 4615 3216 4687 ὑπὲρ
3262 4613 3366 4684 τῆς
3390 4611 3660 4683 ἀληθείας

2072 4717 2217 4790 ζήλῳ
2250 4715 2386 4789 πρὸς
2433 4716 2610 4769 πάντα
2655 4710 2777 4765 ἐστὲ
2814 4705 3308 4781 παρατεταγμένοι,
3346 4704 3557 4772 ὅσαπερ
3583 4701 3659 4756 ἂν

2070 4809 2165 4883 δέῃ
2191 4807 2303 4878 (88)
2357 4804 2549 4859 παθεῖν
2573 4802 2713 4873 ὑπὲρ
2751 4800 2848 4854 τοῦ
2873 4799 3032 4867 λόγου
3061 4798 3160 4869 τῆς
3184 4794 3462 4866 ἀληθείας.
3492 4792 3658 4846 Ἔστι

393 4902 656 4959 fratribus
704 4901 838 4958 satis
892 4909 1021 4956 sunt
1077 4900 1145 4956 ad
1197 4901 1465 4974 integram
1520 4903 1960 4973 persuasionem,

2074 4901 2146 4966 δὲ,
2177 4901 2252 4965 ὡς
2282 4897 2516 4972 ἐμαυτὸν
2550 4895 2741 4962 πείθω,
2763 4894 2832 4948 τὰ
2870 4894 2997 4947 οὔτε
3027 4892 3157 4963 ὑμῖν
3200 4886 3517 4953 ὑπεναντία,
3556 4886 3658 4940 καὶ

462 5082 507 5114 ί·
534 5080 693 5134 Rom.
728 5093 849 5144 vm,
885 5076 980 5132 28.

459 5237 477 5258 ‘
517 5234 667 5300 Alias
698 5230 872 5288 CCIV.
909 5229 1132 5301 Scripta
1159 5229 1305 5283 circa
1333 5242 1425 5301 an.
1459 5227 1584 5301 5j2.

462 5297 765 5375 (85)#I‘Iépa
796 5302 872 5375 6é_
892 5297 1182 5375 τούτων...
1231 5298 1365 5367 παρ’
1391 5297 1701 5375 ἠιιῷν.-1ιο
1722 5304 1966 5375 _septem

388 5365 526 5431 mss.
558 5365 702 5429 'Editi
730 5372 888 5455 ῌαρά
922 5372 981 5424 δὲ
1008 5365 1462 5455 πώποκα-παρ’
1500 5368 1677 5455 ὑμῶν.
1719 5365 1966 5455 ἓί-ιιὶῑιιξξιξι

391 5460 619 5515 prorsus
679 5436 851 5515 animi
899 5440 1327 5515 moderationem
1350 5436 1674 5515 _Cregorius
1716 5436 1847 5515 [Ἰοῖ.
1897 5437 1965 5491 iis

390 5506 632 5577 Exhibet,
682 5510 1047 5582 quiSpiritui
1086 5517 1278 5582 sancto
1334 5508 1676 5582 divinitatem
1731 5506 1967 5562 libenter

390 5578 733 5647 tribuebant,
780 5578 877 5637 Dei
911 5596 1108 5636 nomen
1155 5580 1396 5634 tribuere
1433 5578 1781 5645 verebantur,
1819 5585 1961 5633 orat.

608 5671 747 5790 [Ti'gic
775 5723 843 5777 ἐν
891 5717 1110 5789 Ταρσῷ,
1137 5725 1244 5776 etc.
1275 5717 1352 5773 lta
1384 5716 1525 5774 Med.
1554 5725 1608 5773 et
1646 5718 1814 5775 Coisl.
1847 5716 1963 5790 pri-

2074 5223 2504 5299 m_us._N_onnltll_i
2541 5224 2633 5299 alii
2659 5223 2787 5299 Τοῖς
2813 5223 2874 5275 ὲν
2902 5219 3104 5299 Ταρσῷ
3128 5220 3243 5299 τοῖς
3282 5216 3412 5289 περὶ
3440 5217 3657 5299 [Septu-

2073 5295 2188 5350 κόν.
2225 5292 2364 5349 Editi
2395 5295 2519 5358 Τοῖς
2571 5295 2754 5356 αὐτοῖς
2804 5294 2933 5363 περὶ
2956 5287 3239 5363 Κυριακὸν
3271 5287 3649 5363 παραπλήσια.

2145 5365 2258 5435 (87)
2300 5367 2403 5418 Ἐν
2452 5363 2605 5435 τοῖς,
2632 5358 2904 5428 πολλάτί.
2956 5358 3280 5431 Ριδὶὲροεὶιίο
3344 5358 3530 5413 addita
3579 5370 3656 5411 ex

2071 5434 2245 5491 Coisl.
2271 5435 2527 5504 primoge‘t
2544 5434 2651 5504 alio
2670 5448 2774 5504 ms,

2144 5500 2406 5577 (88)-’ῘΑν
2430 5502 2710 5577 λδέῃᾏξίο-
2748 5500 2914 5577 Med,
2941 5509 2998 5556 et
3033 5500 3216 5577 Coisl.

2072 5570 2351 5630 nonnullis
2392 5570 2543 5629 aliis.
2572 5572 2711 5627 Editi
2748 5572 2815 5626 ἂν
2859 5572 2989 5625 δέοι.
3033 5570 3204 5625 Paulo

3265 5498 3495 5569 primus-
3520 5507 3655 5569 sum

3253 5565 3377 5639 post
3390 5638 3397 5639 ί
3411 5565 3548 5622 editi
3585 5565 3656 5616 ὲκ

2049 5646 2179 5701 ’τῶν
2211 5645 2490 5717 Πατέρων.
2514 5641 2680 5701 Coisl.
2710 5643 2921 5713 primus
2943 5650 2997 5699 et
3023 5642 3131 5698 duo
3169 5638 3269 5697 alii
3287 5648 3349 5695 ut
3386 5638 3444 5693 in
3471 5642 3651 5693 textu.
