3988 6194
288 1780 300 1792 .
396 1758 518 1797 rutn
582 1764 596 1799 ε

391 230 493 292 551

1635 243 1692 298 S.
1734 243 1972 299 BASlLll
2018 243 2232 299 MAGNI

3536 244 3651 301 552

392 351 729 411 imtnundas.
777 355 844 408 At
875 372 905 411 e
941 359 1195 428 supernis
1224 361 1400 415 veniet
1434 361 1571 428 avis,
1601 378 1721 432 qua:
1751 364 1851 421 has
1880 365 1975 421 de-

2080 366 2249 420 ταῦτα
2281 363 2599 435 νεμόμενον.
2643 362 2793 434 Ἐμοὶ
2827 361 2934 436 γὰρ
2966 363 3140 433 λόγος,
3178 363 3277 434 οὐχ
3300 362 3374 426 ὡς
3403 362 3466 416 σὺ
3494 362 3656 433 νομί-

395 456 687 521 pascetur.
727 450 856 505 Mihi
903 455 1049 507 enim
1098 454 1372 510 reddenda
1417 458 1590 520 ratio,
1635 475 1747 513 non
1791 466 1853 513 ut
1908 466 1969 515 tu

395 541 705 605 existimas,
746 543 840 597 sed
879 550 936 596 ut
966 544 1108 599 Deus
1143 545 1393 614 judicare
1422 549 1593 604 novit.
1637 548 1796 615 Quod
1833 549 1881 605 si
1912 557 1969 606 et

396 633 631 688 testibus
682 649 821 703 Opus
872 636 1011 700 erit,
1060 652 1170 692 non
1234 637 1500 693 sistentur
1558 641 1737 705 servi,
1793 657 1972 712 neque

395 725 774 779 cunuchorum
836 742 1010 797 genus
1062 729 1409 787 inhonestum
1457 748 1522 785 ac
1559 734 1968 803 perniciosum,

394 833 529 884 non,
568 823 809 892 inquam,
834 838 1007 893 genus
1039 823 1172 877 illud
1192 867 1207 886 ,
1238 840 1413 894 neque
1440 824 1768 891 femineum,
1797 842 1972 897 neque

394 914 739 978 masculum,
790 915 1080 971 mulierum
1126 933 1313 973 amore
1352 919 1656 984 insaniens,
1702 919 1968 987 invidum,

393 1005 649 1061 mercede
695 1007 789 1061 vili
836 1007 1203 1074 conductum,
1267 1011 1632 1075 iracundum,
1695 1011 1967 1077 fractum,

392 1099 574 1154 ventri
622 1101 893 1166 serviens,
942 1117 1202 1167 avarum,
1252 1120 1489 1167 saevum,
1529 1120 1700 1162 coena:
1752 1107 1970 1176 plorans

390 1192 686 1258 iacturam,
721 1193 1065 1261 inconstans,
1098 1196 1383 1259 illiberale,
1414 1197 1634 1265 quidvis
1670 1198 1967 1268 accipiens,

394 1284 729 1350 insatiabile,
771 1286 1064 1352 furiosum,
1100 1299 1154 1343 et
1190 1289 1495 1359 zelotypum
1546 1308 1559 1345 :
1605 1298 1661 1344 et
1697 1290 1827 1359 quid
1855 1289 1970 1357 jam

396 1375 539 1429 ultra
590 1375 885 1433 dicendum
945 1379 1064 1434 est?
1102 1380 1263 1433 simul
1315 1387 1374 1432 ut
1435 1386 1620 1433 natum
1666 1386 1773 1443 est,
1827 1377 1972 1435 ferro

395 1468 736 1525 damnatum.
795 1470 1080 1536 Quomodo
1113 1487 1244 1541 ergo
1286 1471 1399 1526 lieri
1436 1472 1660 1541 poterit,
1688 1479 1747 1524 ut
1776 1471 1972 1528 horum

396 1574 553 1614 mens
596 1569 745 1616 recta
793 1564 885 1625 sit,
930 1579 1162 1633 quorum
1214 1577 1269 1619 et
1310 1564 1479 1634 pedes
1522 1564 1743 1619 distorti
1798 1565 1975 1619 sunt?

397 1648 465 1702 Hi
496 1660 649 1708 caste
693 1655 916 1724 quidem
952 1655 1141 1710 vivunt
1182 1656 1390 1726 absque
1441 1657 1693 1712 mercede
1730 1671 1827 1727 per
1867 1655 1975 1711 fer-

2076 456 2207 521 ζεις,
2242 454 2356 508 ἀλλ’
2390 454 2465 517 ὠς
2483 451 2589 507 οἵδε
2625 455 2830 525 κρίνειν
2869 454 3019 518 Θεός.
3053 454 3116 507 Εἰ
3145 452 3201 506 δὲ
3233 452 3327 505 καὶ
3358 452 3654 524 μαρτύρων

2074 550 2252 622 χρεία,
2309 549 2369 601 οὐ
2414 546 2588 601 δοῦλοι
2643 549 2960 619 στήσονται,
3019 546 3138 601 οὐδὲ
3182 545 3450 616 εὐνούχων
3495 548 3657 614 γένος

2075 643 2266 713 ἄτιμον
2313 643 2408 695 καὶ
2463 640 2840 713 πανώλεθρονο
2896 639 3055 693 τοῦτο
3099 640 3163 711 δὴ
3215 638 3394 701 τοῦτο,
3455 637 3655 709 ἄθηλυ,

2073 734 2352 807 ἄνανδρον,
2430 732 2862 802 γυναικομανὲς,
2927 730 3218 801 ὲπίζηλον,
3295 729 3656 800 κακόμισθον,

2073 825 2362 897 ὀξύθυμον,
2406 823 2791 895 θηλυδριῶδες,
2832 821 3239 893 γαστρίδουλον,
3284 817 3657 891 χρυσομανὲς,

2075 917 2301 988 ἀπηνὲς,
2345 914 2774 980 κλαυσίδειπνον,
2822 912 3247 985 εὐμετάϐλητον,
3301 908 3658 981 άμετάδοτον,

2075 1009 2359 1079 πάνδοχον,
2395 1007 2755 1080 ἀπροσκορὲς,
2795 1005 3020 1078 μανικὸν
3053 1005 3147 1059 καὶ
3193 1003 3492 1074 ζηλότυπον
3515 1015 3527 1029 ·
3563 1002 3662 1054 καὶ

2074 1103 2126 1155 τί
2156 1101 2263 1172 γὰρ
2286 1101 2366 1157 ἔτι
2392 1101 2604 1164 είπεῖν;
2651 1101 2746 1153 σὺν
2779 1099 2916 1169 αὑτῇ
2952 1100 3018 1169 τῇ
3059 1097 3270 1166 γενέσει
3294 1095 3661 1167 σιδηροκατά-

2073 1194 2240 1247 δικον.
2278 1192 2403 1256 Πῶς
2432 1188 2524 1246 οὖν
2544 1191 2747 1247 τούτων
2770 1190 2962 1262 γνώμη
2988 1191 3145 1262 ὀρθὴ,
3177 1182 3253 1244 ὧν
3286 1189 3381 1244 καὶ
3407 1190 3459 1241 οἱ
3493 1187 3661 1250 πόδες

2076 1286 2357 1358 στρεϐλοί;
2387 1279 2551 1339 Οὗτοι
2573 1283 2907 1357 σωφρονοῦσι
2931 1285 3028 1354 μὲν
3053 1281 3262 1354 ἄμισθα
3287 1279 3377 1334 διὰ
3404 1279 3657 1352 σιδήρου·

2079 1379 2362 1451 μαίνονται
2413 1377 2470 1430 δὲ
2529 1377 2755 1448 ἄκαρπα
2806 1376 2871 1430 δι’
2897 1376 3104 1433 οἰκείαν
3148 1373 3503 1445 αἰσχρότητα.
3541 1371 3662 1442 οὐχ

2075 1468 2221 1528 οὗτοι
2253 1473 2537 1542 στήσονται
2585 1471 2686 1541 τῆς
2712 1470 2946 1542 κρίσεως
2980 1468 3273 1540 μάρτυρες,
3304 1465 3416 1520 ἀλλ’
3452 1462 3663 1532 ὀφθαλ-

2080 1567 2172 1635 μοὶ
2219 1564 2463 1627 δικαίων,
2511 1563 2609 1617 καὶ
2657 1561 2810 1632 ὄψεις
2855 1561 3064 1633 ἀνδρῶν
3099 1559 3355 1614 τελείων·
3396 1560 3513 1613 ὅσοι
3531 1554 3661 1609 τότε

2076 1657 2266 1729 ὁρῶσι,
2297 1656 2432 1729 πρὸς
2468 1656 2503 1710 ἃ
2525 1654 2811 1726 βλέποντες
2838 1653 2932 1708 νῦν
2970 1654 3075 1710 είσι
3112 1653 3346 1707 συνέσει.

678 1746 773 1801 sed
826 1762 1012 1802 amore
1070 1749 1352 1803 insaniunt
1413 1750 1623 1820 absque
1686 1747 1904 1811 fructu,
1971 1748 2042 1805 ob
2079 1764 2234 1805 suam
2286 1752 2533 1819 ipsorum
2579 1745 2990 1818 turpitudinem.
3031 1744 3148 1800 Non
3191 1744 3246 1799 bi
3284 1741 3663 1814 producentur

392 1835 583 1907 iudicii
632 1846 821 1903 testes,
862 1841 958 1910 sed
1010 1842 1158 1896 oculi
1195 1843 1491 1911 justorum,
1537 1850 1592 1897 et
1639 1849 1975 1911 conspectus
2012 1843 2253 1898 virorum
2293 1842 2682 1913 perfectornm,
2726 1846 2997 1910 quotquot
3026 1846 3159 1894 tunc
3181 1836 3355 1893 oculis
3408 1848 3475 1889 ea
3533 1846 3667 1888 cer-1

395 1941 547 1995 nent,
583 1937 650 1992 ad
680 1950 801 2004 qua:
833 1951 978 1992 nunc
1010 1937 1181 1992 animi
1218 1937 1550 2009 cogitatione
1578 1938 1898 2007 respiciunt.

889 2089 1222 2144 EPISTOLA
1266 2091 1469 2145 (ZXVI'.

2569 2085 2923 2138 ΕΠΙΣΤΟΛΗ
2959 2085 3124 2151 Ριςο.

395 2203 669 2256 Firminum
689 2218 799 2255 cum
818 2205 1031 2273 audisset
1058 2206 1284 2263 Basilius.
1309 2206 1477 2273 relirta
1499 2206 1611 2273 vita}
1632 2207 1850 2273 asceticw
1869 2203 2228 2273 e'rercitatione,
2249 2216 2390 2253 arma
2410 2198 2572 2266 sequi,
2598 2201 2879 2253 dehortatur
2909 2214 3020 2251 eum
3056 2202 3117 2273 ιιι)
3136 2201 3225 2273 Ιςοε
3245 2200 3479 2273 consilio;
3518 2204 3667 2264 atqu

572 2273 744 2317 auctor
768 2275 855 2327 est,
878 2276 929 2317 ut
951 2269 1109 2320 beatos
1130 2268 1460 2333 progenitores
1485 2269 1621 2319 malit
1653 2269 1813 2335 patria
1836 2268 2065 2333 regenda,
2086 2279 2233 2331 quam
2252 2264 2504 2329 paternum
2524 2276 2669 2313 avum
2689 2275 2941 2328 armorum
2957 2264 3254 2327 professione
3274 2264 3475 2315 imitari.

1048 2379 1312 2434 Firmino.

465 2472 531 2526 Et
557 2486 699 2526 ram
730 2479 859 2526 sunt
892 2473 1088 2528 litterae
1126 2482 1232 2528 tua;
1261 2484 1314 2528 et
1345 2474 1557 2538 breves,
1597 2473 1710 2529 sive
1744 2472 1973 2543 segnitie

2721 2372 3000 2442 Φιρμίνῳ.

2144 2471 2255 2524 Καὶ
2278 2468 2482 2523 σπάνιά
2515 2484 2607 2521 σου
2658 2466 2728 2520 τὰ
2770 2464 3095 2536 γράμματα,
3128 2463 3221 2518 καὶ
3253 2464 3425 2536 μικρὰ
3465 2463 3666 2532 ταῦτα,

391 2563 714 2628 scribendi,
759 2565 874 2619 sive
921 2565 1124 2634 alioqui
1180 2566 1486 2631 satietatis,
1526 2581 1648 2635 qua:
1701 2581 1768 2620 ex
1808 2564 1969 2636 copia

2080 2563 2276 2634 ἢὸκνῳ
2313 2559 2406 2614 τοῦ
2451 2560 2706 2631 γράφειν,
2755 2556 2789 2627 ἢ
2831 2555 3026 2620 ἄλλως,
3062 2555 3151 2609 τὸν
3184 2556 3249 2609 ὲκ
3291 2554 3385 2609 τοῦ
3424 2554 3668 2627 πλήθους

394 2654 549 2711 nasci
583 2663 790 2725 posset,
819 2655 1049 2710 vitandae
1095 2657 1328 2711 consilio
1358 2673 1372 2722 ;
1401 2659 1517 2712 sive
1548 2656 1695 2727 quod
1722 2656 1888 2710 etiam
1920 2664 1973 2711 te

395 2747 513 2816 ipse
546 2749 818 2803 sermonis
842 2747 1087 2802 brevitati
1116 2747 1473 2804 assuefacias.
1506 2748 1674 2804 Nobis
1703 2759 1849 2804 certe
1883 2749 1972 2802 ni-

396 2838 472 2892 hil
506 2840 641 2894 satis
689 2847 793 2903 est,
834 2840 929 2893 sed
977 2840 1190 2895 etiamsi
1248 2839 1554 2895 redundent
1611 2841 1786 2910 copia,
1828 2840 1975 2896 desi-

393 2929 549 2984 derio
589 2929 829 2998 impares
870 2936 1038 2996 sunt;
1091 2945 1157 2984 eo
1204 2932 1348 2999 quod
1381 2932 1542 2985 velim
1587 2931 1834 3001 singulas
1883 2946 1973 2986 res

395 3027 524 3074 tuas
581 3019 815 3082 discere,
864 3020 1139 3091 quomodo
1190 3021 1292 3076 tibi
1330 3036 1530 3091 corpus
1573 3022 1790 3085 habeat,
1833 3010 1973 3091 quo-4

395 3109 560 3163 modo
626 3111 847 3180 pietatis
910 3112 1287 3177 exercitatio;
1366 3119 1552 3167 utrum
1622 3113 1679 3167 in
1728 3113 1798 3169 iis
1853 3130 1975 3183 qua:

396 3199 555 3254 initio
629 3200 959 3264 decrevisti,
1028 3217 1388 3273 perseveres;
1450 3219 1520 3259 an
1565 3205 1770 3274 aliquid
1846 3208 1975 3261 novi

394 3291 616 3348 consilii
663 3295 990 3363 susceperis,
1042 3303 1102 3350 ut
1142 3310 1371 3365 quaeque
1424 3312 1516 3353 res
1562 3297 1842 3361 accidunt,
1902 3301 1975 3354 ita

396 3383 1103 3443 sententiam,immutans.
1168 3388 1325 3453 Quod
1382 3389 1428 3443 si
1491 3389 1633 3445 idem
1690 3408 1976 3460 permane-

400 3488 524 3535 res,
600 3474 1004 3530 multitudinem
1080 3478 1381 3535 litterarum
1457 3494 1566 3535 non
1648 3497 1977 3552 exposcere-

398 3580 523 3621 mus
585 3585 598 3620 :
656 3566 750 3621 sed
804 3568 938 3623 satis
997 3568 1155 3624 nobis
1207 3578 1353 3625 esset
1407 3570 1510 3626 hoc
1551 3579 1761 3625 tantum
1812 3592 1824 3624 :
1877 3570 1978 3626 Ille

398 3656 480 3710 illi
535 3672 555 3710 :
600 3657 771 3712 valere
797 3675 892 3713 nos
923 3660 1086 3726 scias,
1117 3668 1167 3714 et
1198 3659 1333 3714 vale.
1366 3659 1638 3726 Quoniam
1669 3670 1851 3716 autem
1883 3676 1978 3715 au-

2074 2656 2235 2726 κόρον
2258 2653 2573 2723 διαφεύγειν
2595 2650 3030 2722 οίκονομοῦντος,
3072 2652 3215 2723 ἦπου
3250 2650 3345 2705 καὶ
3371 2650 3507 2722 πρὸς
3533 2650 3665 2722 βρα-

2074 2748 2331 2819 χυλογίαν
2383 2746 2572 2799 ἑαυτὸν
2625 2743 3035 2813 συνεθίζοντοςε
3082 2744 3244 2813 Ἡμῖν
3286 2743 3469 2814 μέντοι
3512 2742 3670 2796 οὐδὲν

2075 2842 2314 2912 ἐξαρκεῖ,
2340 2839 2474 2892 ἀλλὰ
2503 2838 2604 2892 κᾶν
2622 2837 2934 2908 ὑπερϐάλλῃ
2971 2834 3049 2906 τῷ
3087 2835 3303 2905 πλήθει,
3333 2835 3432 2906 τῆς
3462 2833 3669 2891 ἐπιθυ-

2080 2935 2208 3004 μίας
2259 2933 2404 2985 ἐστὶν
2441 2932 2679 2994 ἐλάττω,
2729 2930 2816 2983 διὰ
2855 2929 2916 2983 τὸ
2951 2928 3239 2999 βούλεσθαι
3275 2928 3487 2981 ἕκαστα
3529 2927 3669 2998 (94⁸)

2076 3026 2204 3097 περὶ
2273 3022 2368 3077 σοῦ
2431 3023 2754 3094 μανθάνειν·
2804 3021 2922 3085 πῶς
2980 3021 3080 3092 μέν
3129 3038 3212 3073 σοι
3241 3019 3302 3073 τὸ
3340 3018 3497 3091 σῶμα
3525 3018 3667 3089 ἔχει,

2076 3117 2223 3179 ὅπως
2249 3114 2305 3167 δέ
2335 3113 2499 3168 σοιτὰ
2524 3113 2625 3183 τῆς
2645 3114 2930 3184 ἀσκήσεως
2952 3130 2965 3143 ·
2998 3112 3092 3165 καὶ
3119 3112 3347 3183 πότερον
3382 3111 3670 3180 ὲπιμένεις

2075 3210 2188 3270 τοῖς
2220 3206 2279 3277 ἐξ
2305 3206 2480 3277 ἀρχῆς
2522 3204 2908 3276 ἐγνωσμένοις,
2938 3203 2972 3275 ἦ
3011 3220 3066 3250 τι
3107 3203 3202 3257 καὶ
3236 3201 3670 3274 μετεϐουλεύσω,

2079 3298 2215 3368 πρὸς
2309 3296 2380 3349 τὰ
2449 3295 2830 3367 συμπίπτοντα
2906 3292 3006 3365 τὴν
3080 3292 3305 3364 γνάμην
3380 3290 3670 3363 μετατιθέ-

2081 3407 2238 3462 μενος
2290 3388 2424 3459 (95).
2480 3390 2543 3441 El
2603 3388 2704 3458 μὲν
2758 3382 2851 3440 οὖν
2900 3389 2929 3439 ὁ
2981 3385 3145 3449 αὐτὸς
3202 3385 3480 3455 διέμεινας
3527 3383 3671 3454 (95')

2081 3481 2313 3550 σεαυτῷ,
2400 3481 2501 3541 οῦκ
2565 3478 2631 3533 ἂν
2686 3476 2891 3548 πλῆθος
2955 3475 3300 3549 γραμμάτων
3367 3472 3670 3544 ἐπεζητοῦ-

2082 3575 2346 3644 μεν,,άλλ’
2376 3573 2597 3645 ἐξήρκει
2626 3574 2758 3644 ἡμῖν
2780 3571 3036 3625 τοσοῦτον
3062 3587 3074 3600 ·
3119 3570 3172 3622 Ὁ
3185 3568 3353 3622 δεῖνα
3378 3568 3458 3633 τῷ
3478 3566 3635 3621 δεῖνι
3651 3580 3671 3598 ⁸

2080 3667 2374 3736 ὑγιαίνειν
2392 3663 2549 3734 ἡμᾶς
2574 3665 2721 3728 ἴσθι,
2744 3663 2841 3717 καὶ
2871 3662 3099 3730 ἔρῤωσο
3119 3677 3131 3690 ·
3165 3661 3289 3714 ἐπεὶ
3309 3659 3367 3716 δὲ
3390 3657 3672 3729 ἀκούομεν

395 3749 603 3817 dimus,
635 3765 758 3820 quae
798 3758 852 3805 et
881 3750 1064 3806 dicere
1106 3766 1208 3806 nos
1256 3753 1445 3823 pudet,
1479 3759 1534 3808 te
1573 3753 1766 3808 relicto
1799 3753 1976 3807 beato-

2081 3757 2117 3811 ἃ
2154 3758 2249 3810 καὶ
2284 3756 2463 3825 λέγειν
2494 3753 2884 3826 αἰσχυνόμεθα,
2916 3752 3284 3811 καταλιπόντα
3325 3768 3386 3805 σε
3427 3750 3525 3820 τὴν
3557 3749 3673 3804 τῶν

396 3854 522 3893 rum
580 3840 992 3911 progenitorum
1055 3841 1248 3899 ordine
1318 3844 1386 3899 ad
1455 3859 1618 3899 avum
1690 3853 1976 3915 paternum

397 3929 763 4004 transfugere,
790 3941 845 3989 et
878 3933 1220 3990 Brettanium
1259 3934 1376 3991 ﬁeri
1414 3938 1555 3993 velle
1588 3953 1688 4008 pro
1710 3936 1976 4004 Firmino,

397 4023 516 4079 hanc
557 4024 676 4094 ipsa
716 4040 939 4081 avemus
987 4027 1200 4094 audire,
1229 4034 1284 4083 et
1316 4029 1518 4098 quibus
1560 4029 1870 4086 rationibus
1909 4029 1979 4084 ad

396 4115 542 4174 hanc
588 4118 711 4172 vita:
762 4118 903 4173 viam
955 4118 1248 4174 ineundam
1299 4120 1569 4178 adductus
1606 4121 1707 4186 sis,
1742 4122 1975 4177 discere.

396 4205 604 4264 Verum
637 4210 897 4280 quoniam
956 4211 1072 4282 ipse
1117 4212 1187 4266 ob
1227 4213 1443 4268 consilii
1492 4213 1754 4285 pudorem
1797 4213 1978 4269 conti-

396 4300 565 4355 cuisti
598 4317 611 4351 :
651 4315 754 4357 nos
782 4311 838 4359 te
869 4302 1250 4368 adhortamur,
1279 4314 1340 4360 ut
1367 4305 1576 4376 pudore
1599 4304 1762 4377 digna
1792 4306 1980 4361 consi-

396 4393 472 4449 lia
504 4407 614 4447 non
644 4394 850 4465 capias,
889 4405 944 4450 et
972 4396 1018 4450 si
1044 4396 1175 4466 quid
1198 4398 1365 4452 subiit
1397 4399 1638 4453 animum
1662 4404 1841 4462 tuum,
1874 4398 1981 4452 hoc

399 4497 467 4537 ex
503 4491 686 4538 mente
738 4485 988 4555 expulso,
1032 4487 1226 4541 iterum
1267 4489 1333 4542 ad
1374 4498 1426 4543 te
1471 4489 1683 4552 redeas,
1723 4502 1788 4542 ac
1818 4488 1980 4559 longo
2019 4515 2034 4531 -

396 4573 523 4629 vale
551 4574 761 4629 militia:
790 4577 1070 4646 armisque
1100 4587 1153 4633 et
1185 4591 1491 4633 castrorum
1524 4580 1790 4636 molestiis
1817 4579 1982 4650 209
2022 4648 2027 4653 Α

395 4665 571 4727 dicto,
613 4675 890 4722 revertare
921 4668 974 4725 in
1004 4670 1259 4736 patriam,
1292 4671 1428 4726 satis
1457 4671 1527 4727 ad
1556 4671 1690 4748 vitae
1712 4673 1982 4728 securita-

396 4763 508 4815 tem
559 4763 614 4812 et
667 4757 734 4812 ad
782 4774 1001 4814 omnem
1047 4760 1397 4829 splendorem
1438 4762 1784 4828 existimans,
1834 4764 1979 4831 urbi,
2028 4790 2029 4793 η

398 4849 586 4905 itidem
633 4858 690 4904 ut
731 4850 993 4920 majores,
1031 4868 1265 4921 praeesse
1297 4872 1309 4907 :
1344 4852 1398 4907 id
1425 4854 1572 4924 quod
1603 4854 1700 4909 tibi
1732 4854 1874 4910 citra
1903 4856 1983 4910 la-

2088 3848 2375 3921 μακαρίων
2425 3848 2707 3920 προγόνων
2770 3845 2946 3911 τάξιν,
3000 3846 3097 3899 ἐπὶ
3136 3845 3229 3898 τὸν
3278 3843 3414 3915 πρὸς
3460 3842 3673 3915 πατρὸς

2087 3942 2309 3996 πάππον
2366 3940 2682 4012 αὐτομολεῖν
2703 3979 2718 4002 ,
2787 3940 2881 3992 καὶ
2954 3937 3275 4009 Βρεττάνιον
3344 3934 3674 4000 σπουδάζειν

2084 4033 2337 4103 γενέσθαι
2393 4032 2515 4086 ἀντὶ
2557 4033 2853 4104 Φιρμίνουο
2891 4029 3258 4102 ἐπιζητοῦμεν
3307 4027 3447 4081 αὐτὰ
3491 4026 3675 4083 ταῦτα

2085 4123 2314 4177 ἀκοῦσαι
2375 4122 2510 4196 (96),
2547 4123 2643 4176 καὶ
2681 4124 2808 4186 τοὺς
2866 4121 3158 4193 λογισμοὺς
3210 4119 3397 4191 μαθεῖν
3424 4117 3546 4173 καθ’
3571 4116 3674 4182 οὓς

2079 4218 2171 4269 ἐπὶ
2199 4215 2401 4287 ταύτην
2429 4215 2602 4269 ἐλθεῖν
2641 4213 2734 4268 τοῦ
2771 4213 2883 4284 βίου
2929 4213 3028 4284 τὴν
3055 4212 3174 4266 ὁδὸν
3203 4208 3475 4282 ὑπήχθης.
3522 4209 3670 4263 Ἀλλ’

2080 4307 2265 4378 ἐπειδὴ
2328 4307 2490 4370 αὐτὸς
2535 4303 2929 4375 ἁπεσιώπησας
2959 4303 3098 4357 αίδοῖ
3144 4301 3239 4356 τοῦ
3275 4301 3668 4372 βουλεύματος,

2081 4401 2241 4469 ἡμεῖς
2268 4416 2328 4452 σε
2379 4397 2803 4471 παρακαλοῦμεν
2839 4397 2975 4467 μήτε
3020 4393 3369 4466 βουλεύεσθαι
3401 4391 3675 4464 αἰσχύνης

2081 4490 2227 4557 ἄξια,
2262 4491 2356 4544 καὶ
2398 4489 2452 4542 εἴ
2486 4506 2540 4542 τι
2575 4487 2857 4560 ὑπέδραμέ
2890 4505 2983 4541 σου
3011 4487 3103 4540 τὸν
3146 4483 3293 4551 νοῦν,
3318 4485 3675 4539 ἀπελάσαντα

2081 4580 2240 4635 τοῦτο
2287 4583 2385 4653 τῆς
2428 4580 2688 4644 διανοίας,
2750 4578 2978 4634 σεαυτοῦ
3028 4578 3282 4649 γενέσθαι
3324 4577 3509 4640 πάλιν,
3571 4577 3675 4630 καὶ

2086 4672 2271 4744 μακρὰ
2298 4673 2503 4743 χαίρειν
2536 4673 2759 4726 εἰπόντα
2784 4670 3040 4743 στρατείᾳ
3056 4671 3152 4729 καὶ
3179 4670 3382 4734 ὅπλοις,
3420 4669 3516 4723 καὶ
3545 4673 3675 4734 ταῖς

2082 4767 2178 4818 ἐπὶ
2201 4765 2566 4836 στρατοπέδου
2620 4765 3041 4834 ταλαιπωρίαις,
3076 4762 3402 4817 καταλαϐεῖν
3432 4760 3533 4832 τὴν
3562 4778 3674 4815 πα-

2080 4858 2259 4930 τρίδα,
2287 4855 2492 4929 ἀρκοῦν
2521 4855 2658 4928 πρὸς
2708 4854 3009 4925 ἀσφάλειαν
3031 4853 3147 4925 βίου
3187 4854 3282 4908 καὶ
3319 4852 3456 4927 πρὸς
3484 4854 3674 4907 πᾶσαν

394 4942 586 4998 borem
635 4943 1005 4999 obventurum
1050 4945 1409 5014 confidimus,
1450 4948 1811 5019 respicientes
1865 4957 1976 5003 tum

2084 4948 2442 5020 περιφάνειαν
2472 4948 2533 5003 τὸ
2579 4946 2758 5014 ἐξίσου
2800 4948 2912 5011 τοῖς
2945 4945 3232 5017 προγόνοις
3267 4944 3541 5016 κρατῆσαι
3565 4943 3675 5015 τῆς

396 5033 466 5088 ad
514 5033 737 5091 idoneas
784 5045 995 5090 naturae
1043 5037 1240 5102 dotes,"
1279 5051 1390 5094 tum
1437 5040 1506 5094 ad
1555 5040 1976 5111 competitorum

2086 5041 2293 5103 πόλεως
2339 5039 2689 5111 ἡγησάμενον
2711 5057 2723 5068 ·
2778 5040 2916 5109 ὅπερ
2953 5037 3169 5101 ἀπόνως
3222 5054 3304 5090 σοι
3349 5035 3672 5108 παραγενή-

469 5188 1224 5266 ζᾼᾼίίεξρΙΑΧΧινζὸςιήίνιθ
1253 5196 1401 5266 circa
1435 5211 1528 5254 an,
1561 5195 1688 5251 572.
1865 5265 1871 5266 γ

2080 5194 2468 5266 ἐπεζητοῦμενο
2495 5194 2609 5266 ἀλλ’
2636 5191 3064 5265 ἧρκει.(]οόίοεε
3089 5190 3456 5266 antiquissimi
3469 5190 3670 5266 cois!”

471 5258 606 5335 (θζ)
648 5261 937 5335 "Exacta.
981 5258 1328 5318 Editi'm'wi)’
1380 5266 1607 5329 ἕκαστα,
1653 5266 1749 5320 sed
1793 5265 1971 5335 prima
2074 5258 2438 5324 Med’.,'Coisl.
2470 5272 2526 5319 et
2555 5258 2703 5318 Har'l'.
2748 5266 2886 5318 utin
2918 5258 3667 5335 contertnfsubindeulied.

399 5341 503 5406 χοι
530 5328 690 5406 deest
713 5332 768 5385 in
798 5334 1208 5406 antiquissimis
1243 5336 1527 5390 codicibus
1550 5328 1720 5391 (loisl.
1753 5328 1812 5391 et
1831 5334 1974 5390 Med.
2078 5338 2288 5405 primus
2340 5336 2411 5388 τὰ
2446 5336 2958 5406 ἀκουόμεναᾼηραιε
2999 5332 3245 5406 audimus
3281 5332 3439 5406 pudet
3466 5333 3669 5406 dicere.

400 5395 595 5453 Deerat
622 5401 787 5457 etiam
824 5402 880 5456 in
923 5395 1231 5470 Harlaeano,
1267 5406 1364 5461 sed
1401 5406 1584 5461 addita
1622 5414 1707 5461 est
1752 5408 1821 5459 ab
1870 5407 1978 5460 alia
2078 5395 2090 5405 ’
2160 5406 2271 5476 (96)
2341 5395 2635 5460 Ἀκοῦσαιῖ
2730 5395 2913 5459 Editio
2951 5403 3209 5476 LPa‘ris.“
3269 5395 3422 5457 addit
3498 5401 3661 5474 παρὰ

398 5483 587 5524 manu.
2078 5472 2196 5538 σοῦ’,
2242 5476 2340 5532 sed
2377 5477 2490 5531 haec
2539 5476 2739 5531 desunt
2794 5476 2851 5528 in
2901 5472 3031 5531 edit.
3071 5472 3235 5528 Basil.
3281 5481 3337 5527 et
3375 5488 3470 5527 sex
3509 5472 3651 5528 mss.

470 5538 582 5617 (95)
620 5542 1111 5617 Μετατιθᾴμενος,
1175 5555 1299 5617 etc:
1337 5545 1430 5601 Sic
1472 5554 1711 5617 quatuor
1759 5544 1981 5602 codices
2078 5546 2387 5617 codicibus.
2421 5546 2540 5601 Duo
2565 5545 3252 5617 autem_codices,_nempe
3283 5540 3671 5617 Yaticanuset

395 5618 451 5665 et
474 5612 647 5688 [ninia
680 5629 844 5688 manu
880 5611 1224 5688 llarlaeanus.
1262 5616 1407 5688 Edili
1448 5611 1836 5688 μεταθέμενος.
1905 5684 1933 5688 ,Α
1971 5687 1976 5688 γ

2080 5616 2251 5673 Coisl.
2311 5618 2625 5681 secundus,
2678 5614 2881 5670 habent
2931 5611 3249 5688 βρεττανιν.
3307 5611 3428 5670 Non
3485 5611 3668 5671 multo

469 5680 605 5754 (95')
660 5682 984 5752 Διέμεινας.
1023 5685 1161 5741 Med.
1206 5680 1470 5757 διέμενεςζ
1506 5680 1672 5743 Paulo
1708 5696 1833 5758 post
1854 5684 1976 5744 editi

2082 5696 2207 5759 post
2227 5688 2395 5746 Coisl.
2429 5680 2640 5763 primus
2678 5688 2887 5760 μήποτε
2922 5680 3291 5758 βουλεύεσθαι.
