3988 6194
338 322 444 377 537

1260 324 1752 384 EPISTOLARUM
1784 327 2071 385 CLASSIS
2109 329 2174 386 II.
2217 329 2438 387 EPIST.
2481 331 2650 388 CXX.

3503 335 3606 393 538

333 440 431 496 τοῦ
471 441 699 512 ἀδελφοῦ
737 441 894 514 ἡμῶν
930 441 1212 515 διδαχθείς.
1260 447 1368 500 Καὶ
1417 445 1576 500 τοῦτο
1627 447 1772 516 λέγω
1819 450 1891 504 οὑξ

2022 465 2119 505 cor
2146 453 2294 506 enim
2326 466 2436 506 non
2483 450 2743 520 imputari
2783 449 2882 520 ipsi
2928 466 2958 502 a
2983 447 3265 520 Domino),
3301 448 3393 503 sed
3424 451 3606 519 provi-

335 536 545 588 ἐκεῖνον
576 534 913 606 ἀμυνόμενος
935 534 1187 608 (εὔχομαι
1231 537 1339 609 γὰρ
1385 539 1534 610 αύτῷ
1565 539 1640 612 μὴ
1668 539 1920 614 λογισθῆ-

332 645 426 681 ναι
450 626 599 699 παρὰ
628 626 722 680 τοῦ
755 627 1004 699 Κυρίου),
1035 629 1171 683 ἀλλὰ
1217 629 1439 700 βεϐαίαν
1489 650 1578 702 μοι
1624 633 1724 705 τὴν
1771 635 1920 705 παρά

331 719 430 774 σοῦ
460 721 680 791 ἀγάπην
709 725 887 792 μεῖναι
935 724 1070 792 ἡμῖν
1121 722 1512 795 διοικούμενος,
1545 726 1612 798 ἢν
1646 726 1916 798 φοϐοῦμαι

333 811 412 882 μὴ
436 811 825 866 διασαλεύσωσι
867 815 988 878 ταῖς
1030 813 1356 886 ὑπερϐολαῖς
1396 816 1507 870 τῶν
1543 817 1825 883 διαϐολῶν,
1849 818 1918 882 ἃς

329 905 481 970 είκὸς
504 906 701 970 αὐτοὺς
733 906 1138 961 κατασκευάσαι
1175 909 1255 972 εἰς
1287 909 1581 978 ἀπολογίαν
1621 910 1716 962 τοῦ
1755 911 1915 964 πταί-

331 1013 558 1066 σματος.
589 997 762 1070 Ὅπερ
781 999 825 1052 δ’
844 998 912 1054 ἂν
943 999 1020 1072 (8)
1048 1000 1501 1072 κατηγορήσωσιν
1531 999 1709 1072 ἡμῶν,
1740 1003 1915 1071 ἐκεῖνο

327 1087 482 1158 παρὰ
513 1091 612 1160 τῆς
644 1089 744 1159 σῆς
780 1091 1060 1161 ἀγχινοίας
1086 1091 1546 1157 ἐξεταζέσθωσαν,
1569 1095 1618 1147 εί
1660 1095 1912 1149 ἐνεκάλε-

327 1195 428 1232 σαν
460 1181 614 1250 ἡμῖν,
634 1182 684 1234 εί
714 1183 813 1252 τὴν
841 1182 920 1253 (9)
951 1183 1238 1256 διόρθωσιν
1267 1184 1361 1238 τοῦ
1401 1185 1814 1258 ἁμαρτήματος,
1849 1179 1910 1241 οὗ

323 1269 422 1324 νῦν
450 1272 578 1341 ἡμῖν
607 1273 923 1342 ἐπάγουσιν,
969 1275 1344 1347 ὲπεζήτησαψ
1394 1279 1443 1330 εί
1489 1279 1626 1342 ὅλως
1673 1280 1910 1352 φανεράν

322 1361 536 1414 ἑαυτῶν
562 1363 662 1434 τὴν
688 1365 826 1436 πρὸς
867 1367 1016 1436 ἡμᾶς
1054 1366 1230 1438 λύπην
1265 1368 1622 1439 κατέστησαν.
1675 1369 1793 1424 Νῦν
1826 1371 1906 1437 δὲ,

319 1453 384 1505 ἐν
413 1455 622 1526 φαιδρῷ
649 1456 728 1526 τῷ
748 1457 1028 1529 προσώπῳ
1071 1460 1164 1512 καὶ
1196 1461 1596 1533 πεπλασμένοις
1623 1461 1734 1534 (10)
1766 1465 1906 1532 ἀγά-

318 1561 435 1616 πης
463 1548 696 1617 ῥήμασιν
735 1549 1011 1620 ἀμύθητόν
1037 1568 1158 1604 τινα
1195 1551 1346 1605 δόλου
1377 1553 1471 1606 καὶ
1499 1554 1724 1624 πικρίας
1746 1554 1906 1625 βυθὸν

317 1639 387 1708 τῇ
429 1637 574 1710 ψυχῇ
611 1640 1102 1708 συγκαλύπτοντες,
1141 1642 1228 1696 διὰ
1259 1644 1372 1713 ,τῆς
1407 1644 1762 1716 ἀνελευθέρου
1791 1663 1906 1714 φυ-

316 1729 426 1799 γῆς
471 1730 582 1801 (11)
632 1733 1003 1803 ὲφανέρωσαν.
1051 1734 1166 1803 Ἐφ’
1196 1727 1241 1802 ᾧ
1292 1734 1405 1805 (12)
1453 1735 1576 1788 ὅσον
1625 1736 1726 1806 μὲν
1775 1737 1904 1806 ἡμῖν

2022 542 2158 598 dens
2183 551 2241 596 ut
2267 543 2486 600 stabilis
2511 542 2646 597 mibi
2674 556 2706 595 a
2731 549 2786 598 te
2815 542 3038 598 dilectio
3073 547 3412 612 permaneat,
3437 555 3604 609 quam

2029 649 2224 690 vereor
2253 651 2323 690 ne
2358 635 2758 690 calumniarum
2785 633 3161 706 magnitudine
3189 642 3600 698 commoveant,

2021 740 2158 796 quas
2188 727 2312 782 illos
2344 727 2411 781 ad
2437 727 2626 798 lapsus
2654 726 3030 782 defensionem
3048 724 3311 780 credibile
3331 733 3415 779 est
3441 723 3603 779 ador-

2019 833 2173 872 nare.
2209 815 2588 888 Quodcunque
2632 826 2815 874 autem
2860 818 3022 874 nobis
3071 817 3280 872 crimen
3327 815 3598 882 inferant,

2017 907 2319 978 interreget
2347 923 2443 963 eos
2492 907 2784 978 prudentia
2822 916 2940 974 tua,
2973 922 3043 963 an
3091 922 3196 964 nos
3245 907 3603 963 insimulave;

2015 999 2159 1063 rint,
2205 999 2363 1068 211
2400 1013 2469 1053 an
2503 1001 2732 1070 peccati,
2767 1001 2927 1070 cujus
2971 1013 3122 1054 nunc
3170 1013 3274 1054 nos
3309 999 3596 1063 incusant,

2015 1079 2451 1147 emendationem
2477 1092 2908 1162 postulaverint;
2943 1107 3012 1147 an
3041 1091 3266 1146 omnino
3291 1091 3374 1146 sui
3404 1099 3599 1145 contra

2012 1197 2116 1238 nos
2145 1183 2354 1237 doloris
2383 1182 2813 1253 signiﬁcationes
2836 1182 3109 1237 dederint.
3134 1180 3291 1235 Nunc
3322 1195 3454 1235 vero
3475 1195 3597 1236 sese

2011 1275 2167 1329 vultu
2216 1273 2379 1329 hilari
2429 1289 2495 1329 ac
2552 1274 2826 1331 simulatis
2886 1272 3200 1330 dilectionis
3246 1271 3593 1327 sermonibus

2012 1369 2338 1423 immensam
2367 1365 2663 1436 quamdam
2691 1367 2802 1421 doli
2841 1374 2899 1421 et
2927 1365 3247 1422 acerbitatis
3277 1364 3592 1435 voraginem

2008 1458 2192 1512 animo
2215 1457 2544 1521 occultasse,
2563 1457 2813 1512 illiberali
2839 1456 2966 1527 fuga
2987 1455 3366 1511 ostenderunt.
3391 1456 3452 1508 In
3478 1470 3591 1524 quo

2008 1546 2228 1614 quidem
2263 1555 2530 1615 quantum
2578 1547 2739 1602 nobis
2772 1545 3026 1602 maeroris
3061 1545 3382 1609 attulerint,
3414 1559 3591 1615 quan-

2008 1645 2123 1690 tum
2153 1637 2300 1692 risus
2331 1639 2606 1693 moverint
2654 1640 2723 1695 iis
2755 1639 2849 1709 qui
2900 1652 3116 1708 semper
3145 1637 3290 1707 piam
3335 1637 3500 1691 vitam
3531 1636 3588 1692 in

2007 1729 2208 1783 misera
2245 1729 2349 1783 hac
2399 1730 2535 1784 urbe
2567 1740 2946 1793 exsecrantur,
2985 1738 3041 1784 et
3083 1729 3251 1784 veluti
3298 1736 3470 1784 artem
3517 1729 3587 1783 ad

316 1819 646 1892 ἐποιήσαντο
679 1823 894 1888 πένθος.
925 1825 1048 1878 ὅσον
1079 1825 1136 1880 δὲ
1163 1825 1254 1878 τὸν
1278 1826 1488 1895 γέλωτα
1536 1829 1646 1891 τοῖς
1686 1829 1774 1882 ἀεὶ
1812 1829 1891 1882 τὸν

2007 1819 2164 1874 Iidem
2201 1819 2541 1887 faciendam,
2576 1829 2631 1878 et
2664 1821 3070 1878 simulationem
3102 1821 3170 1875 ad
3197 1820 3583 1892 decipiendum

314 1911 522 1982 εὐλαϐῆ
551 1913 662 1982 βίον
689 1915 747 1968 ὲν
775 1917 842 1987 τῇ
869 1915 1030 1988 ἀθλία
1056 1916 1229 1990 ταύτῃ
1251 1917 1403 1972 πόλει
1434 1919 1895 1991 βδελυσσομένοις,

313 2005 412 2056 καὶ
456 2005 650 2077 τέχνην
695 2007 833 2078 πρὸς
864 2007 926 2060 τὸ
961 2009 1335 2082 πιστευθῆναι,
1385 2010 1480 2062 καὶ
1519 2011 1898 2081 σχηματισμὸν

313 2097 395 2159 εἰς
429 2097 644 2168 ἀπάτην
675 2097 738 2152 τὸ
774 2097 998 2170 πλάσμα
1039 2100 1140 2172 τῆς
1181 2100 1534 2173 σωφροσύνης
1565 2102 1674 2174 (15)
1713 2103 1898 2156 διαϐεο

312 2186 657 2258 ϐαιουμένοις
693 2189 1132 2262 ἐπιτηδεύεσθαι,
1176 2193 1414 2257 πάντως,
1465 2191 1568 2246 κᾶν
1617 2194 1778 2264 ἡμεῖς
1821 2192 1896 2264 μὴ

311 2278 719 2350 διηγησώμεθα,
763 2279 1040 2352 γνώριμον
1073 2283 1141 2352 τῇ
1191 2281 1402 2335 συνέσει
1447 2299 1570 2335 σου·
1611 2283 1687 2346 ὡς
1731 2283 1896 2354 μηδὲν

310 2370 651 2441 ἐπιτήδευμα
691 2370 864 2436 οὕτως
903 2371 1142 2426 ὕποπτον
1185 2369 1326 2426 εἶναι
1372 2374 1510 2447 πρὸς
1548 2374 1743 2428 κακίαν
1789 2375 1897 2429 λοι-

309 2460 410 2514 πὸν
439 2465 552 2526 τοῖς
580 2464 834 2530 ἐνταῦθα,
870 2465 946 2530 ὡς
974 2465 1038 2518 τὸ
1082 2465 1406 2538 ἐπάγγελμα
1451 2467 1547 2520 τοῦ
1594 2467 1892 2540 άσκητικοῦ

310 2553 449 2625 βίου.
483 2557 551 2608 Ἃ
574 2555 694 2620 πῶς
721 2556 828 2628 χρὴ
853 2557 963 2629 (14)
995 2557 1417 2629 θεραπευθῆναι,
1443 2561 1544 2631 τῆς
1570 2560 1671 2630 σῆς
1709 2561 1775 2614 ἂν
1808 2561 1892 2632 εἴη

309 2645 578 2710 συνέσεως
616 2648 898 2719 φροντίσαι
936 2649 1070 2721 (15).
1115 2649 1198 2704 Τά
1225 2649 1334 2722 γὰρ
1382 2651 1538 2719 παρὰ
1584 2653 1892 2722 Σωφρονίου

310 2739 732 2811 συρῤαπτόμενα
785 2739 900 2811 (16)
957 2741 1276 2814 ἐγκλήματα
1331 2744 1461 2814 ἡμῖν
1523 2745 1622 2797 οὐκ
1674 2743 1894 2813 ἀγαθῶν

309 2829 426 2884 ἔστι
451 2832 732 2904 προοίμια,
755 2833 870 2887 ἀλλ’
908 2835 1051 2908 ἀρχὴ
1097 2835 1414 2908 διαιρέσεως
1457 2837 1551 2891 καὶ
1583 2837 1888 2909 χωρισμοῦ,

308 2921 406 2975 καὶ
428 2923 630 2996 σπουδὴ
650 2925 746 2978 τοῦ
774 2925 870 2979 καὶ
899 2925 996 2997 τὴν
1029 2928 1085 2979 ὲν
1113 2929 1245 2998 ἡμῖν
1272 2929 1491 3001 ἀγάπην
1521 2929 1887 3000 ἀποψυγῆναι.

315 3015 413 3068 ’ον
450 3015 674 3088 ὑπὸτῆς
702 3016 802 3087 σῆς
838 3018 1237 3090 εὐσπλαγχνίας
1261 3020 1684 3091 παρακαλοῦμεν
1720 3038 1891 3076 κατα-

309 3106 564 3178 σχεθῆναι
589 3109 698 3163 άπδ
721 3110 822 3180 τῆς
858 3110 1125 3184 βλαϐερᾶς
1148 3113 1348 3183 ταύτης
1386 3115 1582 3186 ὁρμῆς,
1629 3116 1725 3168 καὶ
1772 3133 1892 3168 πει-

1999 1915 2298 1985 excogitari
2331 1925 2703 1973 commentum
2733 1918 2954 1988 pietatis
2979 1916 3250 1972 amrmant
3269 1956 3284 1982 ,
3316 1917 3585 1988 profecto,

1999 2007 2214 2062 etiamsi
2261 2024 2364 2063 nos
2398 2025 2743 2080 nequaquam
2790 2010 3237 2074 narraverimus,
3276 2017 3466 2063 notum
3498 2015 3586 2064 est

1999 2100 2302 2169 prudentia:
2335 2109 2443 2156 tuae
2471 2117 2536 2156 ac
2568 2111 2913 2172 perspectum
2945 2121 2958 2156 :
2989 2100 3126 2156 adeo
3149 2107 3209 2154 ut
3232 2101 3442 2155 nullum
3466 2100 3583 2169 jam

1997 2197 2127 2244 vitae
2185 2190 2498 2245 institutum
2559 2200 2669 2246 tam
2718 2199 3032 2263 suspectum
3092 2191 3167 2248 sit
3211 2190 3280 2246 ad
3318 2190 3584 2260 improbi-

1998 2288 2163 2335 tatem
2209 2281 2295 2336 liis
2329 2283 2572 2349 civibus,
2612 2298 2778 2354 quam
2822 2284 2948 2338 vita:
2989 2283 3238 2338 asceticze
3285 2281 3581 2353 professio.

1996 2374 2128 2440 Quae
2151 2375 2369 2444 quidem
2423 2375 2699 2446 quomodo
2726 2375 2968 2430 curanda
3001 2375 3146 2439 sint,
3180 2381 3289 2428 tute
3317 2373 3422 2427 erit
3451 2387 3582 2444 pru~

1995 2466 2193 2521 demite
2240 2467 2506 2538 cogitare.
2557 2465 2692 2533 Quae
2725 2468 2870 2522 enim
2923 2465 3203 2523 contexuit
3249 2465 3304 2520 in
3337 2479 3424 2520 me
3469 2464 3580 2520 cri-

1995 2557 2142 2611 mina
2185 2555 2558 2628 SOphronius,
2605 2557 2874 2613 bonorum
2914 2573 3025 2612 non
3085 2567 3216 2613 sunt
3277 2557 3578 2627 prooemia,

1995 2649 2094 2705 sed
2145 2650 2435 2706 divisionis
2484 2651 2956 2722 separationisque
3005 2650 3198 2718 initia,
3239 2664 3414 2720 eoque
3457 2655 3579 2705 ten-

1994 2740 2164 2806 dunt,
2209 2750 2270 2796 ut
2299 2742 2541 2797 charitas
2573 2743 2762 2808 etiam,
2809 2757 2932 2814 quae
2966 2741 3022 2797 in
3065 2741 3226 2797 nobis
3263 2749 3382 2805 est,
3415 2737 3578 2796 refri-

1993 2841 2202 2903 gescat.
2237 2831 2408 2898 Quem
2441 2834 2662 2904 quidem
2694 2843 2754 2888 ut
2792 2833 3079 2888 miseratio
3108 2842 3198 2887 tua
3229 2848 3260 2887 a
3285 2831 3450 2887 noxio
3479 2831 3574 2885 illo

1993 2923 2200 2997 impetu
2252 2933 2538 2989 coerceat,
2581 2927 2940 2980 obsecramus
2981 2942 2996 2979 :
3040 2939 3105 2978 ac
3145 2933 3235 2978 tua
3285 2923 3576 2978 dilectione

1992 3018 2210 3074 coneris
2242 3033 2306 3073 ea
2339 3033 2460 3088 quae
2487 3019 2764 3088 disjuncta
2813 3025 2968 3082 sunt,
3017 3016 3192 3087 magis
3246 3015 3570 3086 astringere,

1990 3123 2093 3162 nec
2130 3123 2342 3172 eorum,
2376 3107 2468 3178 qui
2501 3108 2569 3162 ad
2604 3107 2894 3163 dissidium
2928 3115 3260 3179 erumpunt,
3293 3105 3574 3162 intendere

309 3199 538 3270 ραθῆναι
575 3204 640 3272 τῇ
683 3178 814 3274 παρ’
845 3178 1039 3257 ἑαυτοῦ
1084 3205 1274 3278 ἀγάπῃ
1305 3178 1717 3276 ’κατα-σφίγγειν
1754 3207 1890 3278 μᾶλ-

2006 3201 2420 3270 separationem.

305 3291 394 3346 λον
418 3292 487 3346 τὰ
525 3293 865 3366 διιστάμενα,
893 3298 987 3352 καὶ
1030 3298 1104 3370 μὴ
1139 3302 1249 3364 τοῖς
1282 3301 1417 3372 πρὸς
1459 3301 1738 3355 διάστασιν
1773 3301 1887 3373 (17)

303 3382 654 3456 ὡρμημένοις
681 3389 1066 3443 συνεπιτείνειν
1097 3391 1188 3444 τὸν
1213 3395 1514 3464 χωρισμόν.

830 3504 1186 3561 ΕΠΙΣΤΟΛΗ
1223 3509 1354 3562 PK'.

2489 3506 2828 3563 EPISTOLA
2864 3507 3052 3563 CXX'.

301 3612 514 3684 Κᾳηῇριω
533 3613 594 3664 ab
611 3616 1052 3684 EusebioBasitius
1072 3618 1380 3684 scribendam
1401 3637 1506 3674 esse
1523 3623 1589 3672 ad
1614 3621 1965 3684 Occidentales,
2000 3637 2085 3674 nec
2104 3621 2368 3684 reperiens
2389 3621 2623 3684 quomodo
2647 3618 2842 3678 scribat,
2870 3621 3010 3684 mittit
3044 3620 3440 3684 commentarium
3466 3622 3572 3672 Me-

361 3673 475 3751 letio
496 3689 585 3737 per
602 3677 987 3751 Sanctissimum.
1012 3684 1190 3751 Sperat
1213 3673 1414 3751 consilia
1435 3673 1497 3751 {te
1524 3699 1590 3751 seq
1616 3673 2176 3751 Αριιξοέίιὶςεμὶηίὶιαὑπ’ευῖ
2198 3685 2262 3732 ad
2289 3673 2470 3751 amitam
2493 3691 2717 3751 uentura:
2735 3673 2938 3751 Nuntiat
2973 3673 3235 3745 Faustum,
3259 3681 3342 3749 qui
3369 3688 3440 3734 est
3461 3696 3572 3732 cum

361 3749 510 3800 papa,
533 3744 716 3801 prater
737 3752 940 3792 canones
965 3743 1242 3794 ordinatum
1258 3745 1408 3810 fuisse
1426 3747 1530 3796 loco
1555 3745 1728 3810 Cyrilti
1753 3760 1772 3797 :
1800 3746 2046 3798 Meletium
2069 3753 2204 3810 rogat
2226 3757 2275 3794 ut
2299 3745 2350 3795 id
2375 3745 2588 3794 omnibus
2613 3743 2806 3794 indicet.

569 3845 858 3909 Μελετίῳ,
881 3845 1192 3914 ἐπισκόπῳ
1229 3848 1612 3918 Ἀντιοχείας.

371 3930 524 4002 Γράμ
535 3949 681 4002 ματα
703 3933 970 4006 ἐδεξάμην
1004 3936 1156 4008 παρὰ
1191 3936 1286 3990 τοῦ
1317 3936 1730 4006 θεοφιλεστάτου
1756 3941 1880 3992 ἐπι-

304 4022 508 4076 σκόπου
538 4023 824 4089 Εὐσεϐίου,
849 4027 1258 4096 προστάσσοντα
1280 4029 1441 4082 πάλιν
1469 4031 1744 4100 γραφῆναι
1773 4033 1882 4094 τοῖς

300 4115 547 4176 Δυτικοῑς
575 4113 704 4186 περί
747 4133 910 4170 τινων
943 4118 1428 4188 ὲκκλησιαστικῶν.
1469 4121 1578 4172 Καὶ
1620 4120 1884 4192 ἐϐουλήθη

301 4204 431 4275 παρ’
461 4205 618 4275 ἡμῶν
644 4209 957 4280 τυπωθῆναι
1005 4209 1105 4280 τὴν
1146 4212 1438 4282 ἐπιστολὴν
1458 4251 1473 4276 ,
1501 4213 1886 4282 ύπογραφῆναι

297 4295 356 4348 δὲ
391 4296 542 4366 παρὰ
567 4297 784 4351 πάντων
809 4299 916 4352 τῶν
951 4303 1300 4356 κοινωνικῶν.
1345 4304 1497 4356 Ἐπεὶ
1542 4299 1634 4357 οὖν
1667 4303 1764 4373 οὐχ
1791 4295 1882 4355 εῦ-

304 4405 396 4459 ρον
437 4389 585 4453 ὅπως
624 4391 914 4444 ἐπιστείλω
955 4393 1084 4464 περὶ
1124 4386 1200 4448 ὧν
1249 4395 1498 4462 ἐπέταξε,
1543 4398 1882 4470 παρέπεμψα

2335 3847 2568 3910 Metelio,
2601 3848 2840 3916 episcopo
2873 3847 3184 3902 Antiochiae.

2060 3938 2296 3994 Litteras
2342 3941 2526 4009 accepi
2567 3955 2597 3992 a
2638 3939 3057 4009 rcligiosissimo
3090 3940 3350 4012 episcopo
3397 3942 3568 3998 Euse-

1989 4033 2100 4096 bio,
2130 4048 2250 4103 qua)
2279 4032 2620 4102 praecipiunt,
2656 4042 2712 4086 ut
2753 4047 2948 4088 rursus
2982 4031 3258 4087 scribatur
3295 4033 3364 4088 ad
3397 4034 3562 4090 Occi-

1986 4123 2232 4179 dentales
2285 4124 2353 4178 de
2417 4123 2577 4177 rebus
2630 4123 2957 4192 quibusdam
3024 4124 3438 4182 eet-lesiasticis.
3498 4124 3566 4180 Et

1988 4217 2160 4269 voluit
2205 4232 2234 4269 a
2291 4215 2449 4270 nobis
2505 4214 2791 4269 informari
2846 4216 3170 4285 epistolam,
3222 4233 3450 4290 eamque
3497 4221 3567 4275 ab

1984 4309 2240 4362 omnibus
2302 4307 2864 4363 eonnnunicatoribus
2933 4308 3229 4364 subscribi.
3294 4309 3565 4376 Quoniam

1983 4399 2148 4468 igitur
2179 4414 2286 4452 non
2328 4399 2508 4452 inveni
2567 4397 2845 4468 quomodo
2881 4399 3183 4454 scriberem
3223 4400 3291 4456 de
3323 4401 3410 4456 his
3447 4418 3567 4473 quae

372 4500 455 4586 (8)
491 4503 672 4586 Ἷξςτερ
705 4504 757 4586 (ξ’
801 4505 1266 4586 ἄν,“θ]θίιὶεεειιε,
1317 4510 1523 4584 Regius
1566 4514 1777 4583 primus
1824 4522 1878 4570 et

2006 4513 2287 4568 estallilior
2317 4512 2603 4586 videbatur
2629 4513 3564 4586 nonnullorumaliorumgimpietas

304 4569 860 4650 Biggt._allei'_oim§p
893 4577 938 4630 δ’
972 4578 1058 4633 ἀν.

371 4642 448 4717 (9)
483 4645 549 4697 Et
598 4645 729 4711 τήν.
767 4642 868 4717 It'a
922 4655 1035 4703 tres
1087 4651 1448 4706 vetustissimi
1504 4653 1762 4717 codices,
1823 4663 1879 4710 et

497 4723 619 4792 post.
653 4718 702 4792 εἰ
734 4716 889 4792 ὅλως.
927 4718 1076 4792 Edit_i
1103 4721 1136 4790 ἢ
1167 4722 1336 4791 τὴν...
1369 4721 1403 4792 ἢ
1441 4721 1597 4785 ὅλως.

329 4782 484 4862 ⁸(10)
523 4787 995 4864 Πεπλασμένοις.
1033 4782 1169 4846 Tres
1201 4782 1421 4846 codices
1460 4782 1570 4846 non
1608 4795 1878 4864 antiquis-

298 4857 425 4935 simi
439 4870 569 4935 ’τετι
577 4873 648 4926 μη
659 4857 858 4935 μένοις.
902 4919 906 4924 1

372 4923 486 5003 (1.1)
522 4923 742 4994 Φὺγῆς.
777 4927 853 5003 I_ta
903 4927 1050 5003 Illed.
1104 4941 1158 5003 et
1193 4931 1342 4985 Harl.
1384 4947 1495 5002 _pro
1531 4949 1597 4988 eo
1635 4933 1780 5003 quod
1826 4936 1880 4988 in

296 4715 468 4780 paulo

211 4979 227 4990 ’
295 4992 363 5046 ed
373 4979 480 5049 itis,
496 4979 872 5060 ετοίσὶῶπῆς,
896 4979 1154 5053 illiberali

372 5063 487 5132 (l2)
539 5067 664 5134 Ἐφ’
694 5061 760 5134 ᾧ.
793 5066 894 5122 Hic
923 5071 1078 5124 locus
1109 5071 1190 5125 sic
1212 5073 1410 5134 legitur
1440 5073 1493 5127 in
1530 5073 1696 5127 Coisl.
1730 5081 1876 5130 utro-

372 5089 487 5132 (ιιι
555 5089 647 5134 ιφ
694 5089 760 5134 ῳ.
793 5089 894 5122 me
923 5089 1078 5124 locus
1109 5089 1190 5125 sne
1212 5089 1260 5126 te
1304 5089 1410 5126 ηυγ
1441 5091 1493 5127 ιη
1530 5089 1696 5127 ιιοιει.
1730 5089 1874 5130 utro-

295 5147 429 5220 que,
456 5134 744 5220 Vaticano,
774 5135 972 5220 Bi_got.~
978 5142 1163 5220 altero.
1180 5150 1235 5195 et
1263 5089 1438 5220 Elegia
1472 5145 1715 5220 secundo
1747 5161 1762 5200 :
1789 5146 1874 5220 ἐφ’

293 5205 341 5274 ᾧ
385 5205 525 5280 ὅσον-
551 5207 660 5280 ’μὲν
710 5205 1079 5280 προξενοῦμεν
1117 5212 1207 5264 τὸν
1233 5205 1444 5279 γέλωτα
1481 5217 1613 5278 τοῖς,
1653 5223 1759 5269 etc.
1809 5205 1876 5269 Ῐη

295 5293 400 5349 quo
436 5275 645 5347 quidem
685 5275 939 5348 quantum
981 5275 1136 5335 'risus
1169 5275 1725 5349 cunzmoveamusphis,
1765 5295 1872 5341 etc.

295 5347 470 5402 Nemo
510 5347 705 5403 autem’
745 5349 1021 5405 existimet
1048 5349 1350 5407 Caesaream
1383 5355 1588 5409 idcirco
1619 5347 1874 5411 miseram

295 5417 505 5484 vocari,
537 5419 684 5490 quod
706 5419 970 5490 impietas
984 5435 1050 5474 ac
1086 5422 1216 5476 vitia
1248 5423 1302 5476 in
1334 5423 1436 5478 hac
1465 5425 1601 5480 urbe
1627 5424 1876 5480 domina-

298 5495 514 5542 rentur.
569 5488 802 5543 Laudat'
840 5489 896 5544 in
943 5489 1373 5548 Casariensibus
1429 5495 1548 5549 fidei
1605 5494 1870 5549 fervorem

296 5557 596 5634 Gregorius
615 5557 1179 5634 ﬁazianzenus,‘orat.
1197 5563 1230 5616 5
1248 5571 1303 5619 et
1325 5564 1413 5628 I9,
1439 5580 1492 5634 p.
1521 5565 1612 5626 91,
1643 5573 1695 5620 et
1724 5566 1827 5621 308
1853 5585 1866 5620 :

297 5629 542 5705 nec__ulla
578 5629 685 5705 alia
712 5629 918 5705 civitas
947 5631 1051 5686 sub
1087 5630 1306 5688 Juliano
1347 5629 1556 5705 majora
1593 5636 1870 5705 religionis

299 5698 482 5752 studia
504 5699 830 5775 declaravit.
854 5699 1105 5775 Miseram
1137 5718 1268 5775 ergo
1311 5698 1550 5759 arbitror
1581 5698 1720 5769 dici:
1743 5709 1869 5774 quia

297 5784 410 5838 quo
441 5768 614 5840 major
655 5779 769 5826 erat
817 5772 873 5826 in
897 5773 1174 5844 plerisque
1202 5768 1420 5831 'civibus
1452 5776 1647 5851 pietas,
1672 5768 1734 5834 eo
1759 5768 1866 5832 'de-

1978 4593 2032 4638 et
2063 4599 2274 4636 morum
2306 4583 2622 4642 dissolutio,
2672 4585 2967 4638 maximum
2996 4584 3240 4640 dolorem
3275 4583 3478 4641 Basilio
3500 4603 3564 4642 ac

1979 4654 2235 4707 omnibus
2271 4654 2428 4707 bouis
2462 4653 2706 4708 inurens.

2059 4725 2190 4797 (IS)
2214 4725 2618 4792 Σωφροσύνης
2676 4723 2858 4797 IIar|.,
2881 4723 3048 4797 Coisl.
3079 4733 3306 4794 uterque
3341 4734 3396 4781 et
3424 4724 3560 4797 Reg.

1989 4795 2267 4848 secundus
2300 4794 2814 4864 ταπεινοφροσύνης.
2838 4795 3178 4848 humilitatis.

2055 4865 2166 4932 (Li)
2203 4865 2261 4916 Ἃ
2285 4866 2408 4927 πῶς
2445 4862 2580 4931 χρή.
2634 4862 3090 4932 ξίιιςίιητιευδηυε
3135 4864 3324 4926 codex,
3365 4863 3562 4921 melius

1985 4929 2155 5002 quam
2187 4929 2541 5012 editi_"(lr.oag
2599 4929 2693 4986 οὖν
2733 4935 2862 5041 χρή.
2903 4935 3156 5006 Quinque
3203 4934 3294 4988 alii
3342 4933 3561 4991 codices

1987 5019 2093 5041 ..ειη
2130 5004 2496 5041 ειιιιιηηηρίηιῑ
2522 5005 2711 5041 "nm..-
2741 5005 2769 5041 κ
2831 5005 2934 5041 γνιιῆ

1987 5019 2094 5057 non
2129 5003 2499 5074 antiquissimi
2522 5005 2711 5074 Ὅπως
2737 5003 2796 5056 δὲ
2831 5005 2956 5074 χρή.

2051 5073 2162 5143 (15)
2204 5074 2543 5146 φροντίσαι.
2575 5072 2696 5146 Vat.
2733 5072 2971 5146 φροντίς.
3011 5073 3146 5130 Tres
3194 5074 3286 5128 alii
3339 5074 3560 5134 codices

1978 5159 2086 5198 non
2117 5143 2481 5212 antiquissimi
2517 5145 2611 5196 καὶ
2637 5143 2932 5213 φροντίδος.

2051 5214 2161 5284 (16)
2201 5211 2690 5281 Σὺρῤαπτόμενα.
2730 5211 2816 5284 Ita
2854 5224 2965 5270 tres
3012 5214 3372 5269 vetustissimi
3404 5215 3558 5272 codi-

1978 5281 2092 5340 ces.
2117 5283 2258 5338 Editi
2291 5283 2734 5355 συνερῤαμμὲνα.
2775 5281 2944 5355 llunc_
2963 5291 3144 5355 autem
3177 5284 3548 5354 Sophrbnium

1979 5370 2100 5410 esse
2132 5352 2433 5416 credimus,
2460 5352 2630 5422 quem
2697 5368 2864 5421 supra
2912 5352 3148 5409 Basilius
3180 5352 3350 5409 filium
3393 5363 3557 5412 vocat

1977 5427 2118 5491 epist
2193 5425 2327 5488 105,
2377 5425 2578 5493 cuique
2633 5423 2918 5492 epistolam
2974 5424 3123 5479 dedit
3165 5426 3233 5480 ad
3272 5425 3413 5482 tilias
3455 5424 3556 5483 Te-

1979 5495 2160 5550 reutii.

2051 5566 2165 5636 (i7)
2205 5563 2364 5636 Πρὸς
2387 5562 2728 5636 διάστασιν.
2760 5561 2838 5636 Ita
2875 5561 3050 5636 Harl,
3091 5564 3550 5636 Coisl.ruterque,

1978 5633 2112 5736 Reg.
2146 5633 2423 5691 Secundus
2445 5644 2498 5689 et
2529 5633 2704 5704 Bigot.
2735 5635 2891 5689 alter.
2917 5633 3058 5689 Editi
3091 5637 3224 5707 πρὸς
3243 5635 3303 5690 τὸ
3331 5633 3551 5691 διασταιὲ

1982 5723 2206 5770 σιαςειν.

2049 5780 2065 5798 ⁶
2099 5776 2246 5831 Alias
2272 5773 2448 5830 LVIII.
2485 5775 2701 5845 Scripta
2726 5790 2867 5831 anno
2900 5774 3025 5831 ⁵575.
