3988 6194
414 121 451 142 φ

304 295 407 353 541

1272 295 1767 353 ΕΡιδΤοιΑιιυιι
1804 296 2095 354 CLASSIS
2127 295 2194 351 ΙῙ.
2235 294 2460 354 EPIST.
2497 293 2707 352 CXXII.

3482 300 3590 365 553

308 412 511 485 ῥᾳδίως
538 413 668 482 ἡμῖν
697 410 987 483 ὑπάρχειν.
1024 410 1189 465 Ὅθεν
1218 413 1466 483 ὀλιγάκις
1501 412 1619 470 οἶδα
1647 418 1741 470 καὶ
1780 418 1899 472 επι-

2008 430 2134 471 raro
2184 430 2274 471 me
2304 416 2423 471 scio
2455 422 2510 471 et
2543 413 2613 469 ad
2654 422 2806 469 tuam
2864 413 3122 484 pietatem
3175 415 3467 486 scripsisse
3489 456 3504 481 ,
3533 419 3589 473 et

308 502 532 565 στείλας
555 504 620 574 τῇ
654 501 908 574 εὐλαϐείᾳ
943 518 1037 556 σου
1062 543 1078 568 ,
1106 503 1197 557 καὶ
1231 504 1525 575 δεξάμενος
1567 507 1893 578 γράμματα.

321 593 464 647 Ἀλλ’
497 592 682 665 ἐπειδὴ
706 596 734 647 6
763 593 1142 659 ποθεινότατος
1183 595 1413 667 ἀδελφὸς
1445 598 1601 670 ήμῶν
1630 601 1899 671 Σαγκτίσ·

309 703 475 756 σιμος
517 684 630 755 (50)
692 687 722 739 6
786 686 1271 759 συμπρεσῦύτερος
1326 690 1426 759 τὴν
1489 691 1682 763 μέχρις
1743 693 1898 763 ὑμῶν

307 777 623 847 ὁδοιπορίαν
650 777 882 849 ὑπέστη,
911 776 976 831 δι’
1001 778 1165 832 αὑτοῦ
1190 782 1284 834 καὶ
1308 782 1762 854 προσφθεγγομαί
1785 783 1896 857 (51)

311 885 409 922 σου
448 869 549 939 τὴν
581 868 952 940 κοσμιότητα,
1001 869 1097 922 καὶ
1144 871 1451 942 παρακαλῶ
1496 873 1896 945 προσεύχεσθαι

309 959 458 1030 ὑπὲρ
494 957 662 1030 ἐμοῦ,
710 961 804 1013 καὶ
833 961 1039 1034 χρῆσαι
1094 960 1193 1033 τὴν
1229 963 1401 1035 ἀκοὴν
1444 964 1523 1035 τῷ
1565 967 1900 1039 προειρημέ-

309 1068 391 1122 νῳ
421 1052 533 1121 (52)
554 1092 571 1117 ,
614 1051 755 1107 ὥστε
795 1054 927 1126 παρ’
970 1052 1137 1108 αὑτοῦ
1173 1054 1491 1127 διδαχθῆναι
1518 1056 1589 1110 τά
1624 1058 1733 1112 τῶν
1771 1060 1897 1113 Ἐκ-

310 1143 555 1213 κλησιῶν
601 1146 660 1196 ὲν
689 1145 821 1208 οἵοις
860 1145 973 1217 (55)
998 1146 1146 1213 ἐστὶ,
1178 1148 1272 1201 καὶ
1316 1148 1418 1220 τὴν
1454 1149 1687 1221 δυνατὴν
1735 1168 1902 1205 σπου-

309 1229 409 1302 δὴν
446 1233 863 1301 εἰσενέγκασθαι
910 1237 989 1298 είς
1024 1234 1096 1288 τὰ
1132 1236 1489 1308 προκείμενα.
1531 1238 1771 1291 Γίνωσκε
1818 1238 1897 1303 δὲ,

309 1323 396 1377 ὃτι
428 1324 673 1389 Φαῦστος
709 1328 1016 1398 γράμματα
1047 1327 1186 1399 ἔχων
1222 1322 1325 1401 ἧκε
1372 1330 1510 1401 πρὸς
1557 1331 1707 1402 ἡμᾶς
1749 1329 1900 1402 παρά

309 1417 473 1471 πάπα
513 1419 623 1489 (54)
656 1458 672 1484 ,
732 1420 987 1486 ἀξιοῦντα
1045 1423 1209 1476 αὑτὸν
1266 1423 1523 1491 γενέσθαι
1579 1424 1896 1481 ἐπίσκοπον.

324 1507 546 1582 Ἐπειδὴ
585 1511 642 1564 δὲ
674 1513 958 1584 ᾐτήσαμεν
990 1515 1151 1585 ἡμεῖς
1174 1514 1285 1586 (55)
1330 1516 1634 1587 μαρτυρίαν
1672 1518 1771 1587 τῆς
1800 1517 1902 1588 σῆς

309 1601 603 1666 εὐλαϐείας
631 1602 725 1657 καὶ
752 1603 862 1657 τῶν
885 1603 1088 1658 λοιπῶν
1115 1607 1451 1670 ἐπισκόπων,
1481 1609 1900 1679 καταφρονήσας

2006 508 2222 563 litteras
2264 510 2571 577 accepisse.
2620 506 2729 561 Sed
2786 506 2915 576 quia
2946 506 3449 563 desideratissimus
3479 506 3593 562 fra-

2003 608 2088 654 ter
2116 608 2307 653 noster
2349 597 2746 653 Sanctissimus
2771 596 3181 667 compresbyter
3199 596 3263 651 ad
3297 611 3396 651 vos
3416 609 3593 667 usque

2004 697 2110 751 iter
2144 696 2425 764 suscepit,
2470 710 2569 765 per
2615 695 2797 765 ipsum
2830 701 2885 749 et
2943 692 3267 764 dignitatem
3307 701 3461 747 tuam
3501 708 3593 748 sa-

2004 787 2121 842 luto
2146 828 2161 851 ,
2196 796 2251 842 et
2278 787 2525 842 obtestor
2554 794 2612 840 ut
2641 801 2740 857 pro
2770 800 2859 841 me
2887 786 3164 856 preceris.
3199 795 3254 841 et
3287 794 3592 841 memorato

2003 879 2158 932 fratri
2184 893 2373 934 aurem
2407 881 2815 945 accommodes,
2848 886 2909 935 ut
2929 895 3039 951 quo
3074 880 3183 935 sint
3229 880 3351 934 loco
3381 894 3472 935 res
3501 893 3594 934 ec-

2003 974 2300 1029 clesiarum
2329 1012 2346 1036 ,
2380 972 2449 1025 ab
2488 972 2608 1042 ipso
2637 970 2888 1026 docearis
2914 1012 2929 1035 ,
2958 982 3127 1042 atque
3160 986 3262 1042 pro
3297 970 3442 1026 virili
3472 978 3591 1025 stu-

2006 1065 2159 1121 dium
2191 1080 2257 1120 ac
2290 1079 2515 1135 operam
2561 1064 2618 1118 in
2655 1079 2746 1119 res
2782 1065 3091 1134 propositas
3122 1062 3396 1118 conferas.
3432 1061 3590 1118 Scias

2005 1165 2186 1212 autem
2212 1156 2476 1211 Faustum
2510 1154 2580 1210 ad
2637 1171 2739 1211 nos
2767 1156 2989 1212 venisse
3032 1154 3326 1210 habentem
3376 1168 3406 1208 a
3447 1166 3587 1223 papa

2007 1249 2254 1311 litteras,
2291 1263 2413 1319 quae
2447 1254 2507 1302 ut
2560 1246 2912 1302 ordinaretur
2964 1248 3260 1318 episcopus
3308 1243 3584 1315 petebant.
3650 1262 3653 1269 ι

2006 1338 2144 1395 Cum
2194 1348 2378 1394 autem
2430 1340 2654 1410 pietatis
2692 1346 2800 1394 tuae
2831 1349 2886 1394 et
2929 1340 3268 1409 reliquorum
3298 1336 3588 1406 episcopo-

2017 1448 2137 1487 rum
2171 1448 2523 1503 posceremus
2549 1432 2879 1497 testimonia,
2899 1430 3228 1501 contemptis
3256 1428 3419 1484 nobis
3445 1427 3585 1481 abiit

2017 1520 2085 1575 ad
2129 1522 2446 1575 Anthimum
2478 1561 2491 1584 ,
2522 1528 2576 1576 ct
2625 1521 2695 1576 ab
2730 1521 2824 1576 illo
2854 1529 3112 1591 accepta,
3144 1519 3304 1575 nobis
3341 1534 3453 1573 non
3489 1515 3588 1571 ad-

2011 1613 2259 1678 monitis,
2288 1614 2659 1680 ordinatione,
2695 1615 2879 1671 rediit.

311 1695 474 1766 ήμῶν
501 1696 640 1768 πρὸς
675 1699 936 1772 Ἀνθιμον
973 1699 1148 1771 ᾤχετο
1173 1741 1190 1767 ,
1224 1700 1317 1755 καὶ
1385 1703 1515 1773 παρ’
1556 1702 1717 1756 αὑτοῦ
1785 1703 1965 1760 λαϐὼν
2000 1708 2098 1781 τὴν
2172 1712 2510 1782 χειροτονίαν
2588 1712 2760 1783 χωρὶς
2835 1712 3113 1781 ἡμετέρας
3185 1707 3587 1781 ὑπομνήσεως,

311 1789 559 1852 ἐπανῆκε

839 1907 1186 1963 ΕΠΙΣΤΟΛΗ
1227 1911 1405 1965 ΡΚΒ’.

2412 1910 2572 1980 213
2610 1888 2944 1963 EPISTOLA
2981 1904 3209 1961 cxxuz

312 2018 495 2071 Scribit
512 2020 579 2070 ad
601 2021 905 2073 Pmmenium
927 2020 1141 2075 Basilius
1163 2022 1226 2075 de
1256 2021 1557 2076 ordinatione
1577 2022 1780 2087 Fausti;
1802 2038 1860 2075 ac
1883 2031 2021 2088 rogat
2043 2029 2090 2073 ut
2110 2022 2365 2075 certiorem
2399 2037 2451 2074 se
2469 2023 2636 2088 faciat,
2663 2030 2829 2074 utrum
2852 2035 2908 2076 ea
2950 2036 3030 2072 res
3062 2019 3230 2071 amiari
3249 2034 3393 2073 necne
3417 2022 3582 2087 possit.
3667 2093 3673 2099 ι

595 2151 886 2220 Ποιμενίφ
904 2191 921 2216 ,
960 2152 1274 2218 ἐπισκόπῳ
1304 2152 1609 2210 Σατάλων.

382 2287 613 2351 Πάντως
667 2289 1016 2361 ὲπεζήτησας
1060 2290 1170 2363 (56)
1229 2293 1536 2364 γράμματα
1589 2296 1739 2367 παρά
1795 2296 1904 2350 τῶν

324 2380 659 2452 ’Δρμενίων,
690 2382 780 2434 ὅτε
832 2383 1113 2455 ὲπανῆκαν
1166 2383 1254 2439 διὰ
1289 2385 1383 2439 σοῦ
1407 2403 1421 2417 ⁸
1456 2389 1550 2440 καὶ
1596 2388 1696 2459 τὴν
1725 2389 1904 2443 αἰτίαν

312 2473 520 2546 ἔμαθες
539 2516 555 2541 ,
590 2474 657 2528 δι’
684 2475 751 2546 ἢν
781 2476 882 2529 οὐκ
925 2474 1102 2531 ἔδωκα
1126 2479 1311 2543 αὐτοῖς
1340 2480 1439 2552 τὴν
1487 2482 1796 2554 ἐπιστολήν.
1839 2485 1902 2537 Εἰ

317 2564 416 2637 μὲν
437 2560 533 2619 οὖν
571 2561 726 2620 εἶπον
756 2567 1069 2639 φιλαλήθως
1088 2609 1104 2634 ,
1150 2569 1358 2635 ἔδωκας
1391 2574 1525 2642 ἡμῖν
1552 2574 1780 2627 αὐτόθεν
1803 2575 1903 2646 τὴν

316 2659 652 2731 συγγνώμην
674 2677 687 2688 ·
719 2661 770 2714 εί
817 2660 874 2715 δὲ
918 2662 1307 2735 ἀπεκρύψαντο
1340 2666 1538 2719 ἐκεῖνοι
1569 2706 1584 2729 ,
1631 2668 1770 2740 ὅπερ
1803 2668 1904 2721 ούκ

316 2748 522 2814 εἰκάζω
554 2749 705 2822 (57)·
737 2751 876 2805 ἀλλὰ
927 2754 1057 2825 παρ’
1097 2756 1255 2826 ἡμῶν
1287 2756 1472 2810 ἄκουε.
1526 2757 1584 2810 Ὀ
1622 2756 1692 2810 τά
1724 2759 1902 2811 πάντα

315 2845 564 2910 γενναῖος
602 2843 864 2915 ’Δνθιμος
888 2886 903 2912 ,
949 2847 978 2900 6
1004 2846 1093 2901 διά
1136 2847 1350 2920 μακροῦ
1391 2849 1585 2919 χρόνου
1618 2851 1717 2923 τὴν
1765 2851 1902 2923 πρὸς

315 2936 465 3009 ἡμᾶς
496 2936 720 3008 εἰρήνην
751 2937 1147 3009 σπεισάμενος,
1183 2939 1373 3010 ἐπειδὴ
1401 2935 1525 3011 εὗρε
1559 2941 1750 3012 καιρὸν
1775 2942 1901 2994 ἑαυ-

314 3029 412 3083 τοῦ
462 3046 526 3083 τε
581 3029 894 3097 κενοδοξίαν
947 3030 1302 3103 ἐκπληρῶσαι
1328 3072 1343 3095 ,
1398 3033 1493 3085 καὶ
1540 3035 1670 3104 ἡμῖν
1724 3031 1901 3102 λύπην

314 3121 439 3176 τινὰ
467 3121 798 3194 προξενῆσαι
818 3163 834 3189 ,
863 3123 1239 3195 ἐχειροτόνησε
1264 3125 1355 3177 τὸν
1387 3124 1629 3177 Φαῦστον
1666 3125 1773 3196 ίδία
1799 3126 1900 3177 αὐ-

317 3213 505 3286 θεντία
533 3215 629 3268 καὶ
669 3214 778 3287 ἰδίᾳ
809 3216 953 3287 χειρὶ
972 3254 988 3280 ,
1024 3215 1241 3280 οὐδενὸς
1271 3215 1425 3287 ὑμῶν
1469 3216 1769 3287 ἀναμείνας
1798 3215 1902 3287 ψῆ-

315 3322 420 3372 φον
440 3345 455 3369 ,
483 3304 578 3359 καὶ
598 3304 755 3375 ἡμῶν
789 3306 1169 3375 καταγελάσας
1197 3306 1743 3378 ἀκριϐολογουμένων
1774 3307 1901 3379 περὶ

312 3396 384 3450 τὰ
410 3393 658 3450 τοιαῦτα.
695 3395 847 3448 Ἐπεὶ
872 3392 964 3450 οὖν
993 3397 1213 3467 συνέχεε
1243 3399 1340 3466 μὲν
1367 3397 1601 3451 παλαιάν
1625 3398 1899 3476 εύταξίαν.

314 3487 696 3560 κατεφρόνησε
747 3488 806 3541 δὲ
841 3491 937 3542 καὶ
971 3488 1157 3558 ὑμῶν,
1209 3489 1341 3560 παρ’
1376 3484 1451 3543 ὧν
1499 3491 1759 3562 ἀνέμενον
1791 3490 1902 3559 ἐγὼ
1928 3515 1972 3571 C

313 3578 415 3659 τὴν
473 3581 776 3651 μαρτυρίαν
827 3578 1082 3647 δέξασθαι
1110 3619 1124 3644 ,
1160 3580 1383 3652 εποίησε
1425 3582 1482 3635 δὲ
1528 3585 1760 3655 πρᾶγμα
1801 3585 1902 3637 οὐκ

313 3667 434 3726 εἷδα
461 3673 511 3725 εί
544 3671 837 3744 εὐάρεστον
889 3670 967 3742 τῷ
1005 3670 1123 3742 Θεῷ
1142 3712 1156 3734 ,
1186 3671 1379 3725 τούτου
1420 3671 1610 3727 ’ἐνεκεν
1640 3674 1903 3745 λυπηθεὶς

314 3764 456 3834 πρὸς
488 3762 706 3830 αὐτοὺς,
737 3763 991 3833 οὐδεμίαν
1023 3762 1199 3816 ἔδωκα
1228 3763 1519 3833 ἐπιστολὴν
1551 3764 1686 3835 πρὸς
1715 3765 1903 3819 οὐδένα

312 3851 429 3904 τῶν
480 3853 783 3924 Ἀρμενίων
803 3893 819 3918 ,
849 3852 970 3909 οὐδὲ
999 3851 1135 3923 πρὸς
1162 3851 1260 3925 τὴν
1288 3854 1386 3925 σὴν
1410 3852 1715 3908 εὐλάϐειαν.
1761 3856 1902 3909 Ἀλλ’

314 3944 439 4000 οὐδὲ
477 3946 557 4009 είς
592 3944 875 3999 κοινωνίαν
897 3944 1166 4015 ἐδεξάμην
1208 3944 1300 3997 τὸν
1341 3945 1616 4011 Φαῦστον,
1653 3946 1901 4017 φανερῶς

311 4036 830 4108 διαμαρτυρόμενος
855 4075 870 4100 ,
901 4036 1018 4103 ὅτι,
1047 4036 1097 4088 εί
1137 4036 1212 4107 μὴ
1248 4035 1493 4108 ὑμέτερά
1527 4055 1616 4108 μοι
1656 4039 1901 4109 κομίσειε

315 4129 657 4200 γράμματα,
704 4128 883 4182 πάντα
914 4127 1006 4181 τὸν
1038 4127 1230 4199 χρόνον
1262 4127 1456 4199 ἔσομαι
1489 4130 1580 4183 καὶ
1623 4131 1784 4193 αὐτὸς
1810 4131 1903 4202 ἠλ-

314 4219 680 4291 λοτριωμένος
699 4261 713 4285 ,
749 4223 844 4275 καὶ
871 4221 997 4284 τοὺς
1023 4218 1333 4291 όμοψύχους
1362 4236 1451 4290 μοι
1478 4221 1586 4293 (58)
1615 4219 1757 4276 οὕτω
1787 4223 1903 4276 δια-

315 4309 472 4387 θήσω
495 4312 630 4383 πρὸς
653 4311 814 4366 αὑτὸν
848 4311 1015 4383 ἔχειν.
1045 4312 1109 4365 Et
1139 4311 1239 4383 μὲν
1281 4307 1375 4366 οὖν
1411 4313 1605 4384 ἰάσιμα
1647 4312 1718 4365 τά
1744 4315 1900 4382 γενό-

319 4423 487 4475 μενα.
528 4405 826 4459 σπούδασον
852 4404 1014 4468 αὐτός
1041 4421 1100 4458 τε
1126 4405 1428 4461 ἐπιστεῖλαι
1470 4407 1766 4478 μαρτυρῶν
1801 4408 1902 4460 αὑ-

314 4496 396 4570 τῷ
418 4540 432 4561 ,
466 4499 516 4551 εί
556 4498 688 4569 ὁρᾷς
714 4497 925 4569 ἀγαθὴν
950 4497 1045 4552 τοῦ
1080 4498 1274 4570 ἀνδρὸς
1299 4498 1398 4569 τὴν
1434 4498 1578 4569 ζωὴν
1600 4538 1615 4562 ,
1650 4499 1744 4553 καὶ
1773 4501 1901 4564 τοὺς

314 4589 514 4654 ἄλλους
540 4588 983 4660 προτρέψασθαι·
1012 4592 1062 4643 εί
1098 4590 1157 4643 δὲ
1186 4590 1383 4643 ἀνίατα
1407 4628 1423 4653 ,
1462 4589 1556 4650 καὶ
1594 4588 1755 4643 τοῦτό
1809 4608 1899 4661 μοι

316 4680 553 4752 φανερὸν
586 4680 812 4752 ποίησον
834 4722 851 4747 ,
903 4679 1043 4734 ὥστε
1089 4680 1286 4752 μηκέτι
1334 4697 1401 4752 με
1447 4680 1631 4745 αὐτοῖς
1671 4681 1898 4736 καθόλου

316 4771 647 4846 προσέχειν·
685 4771 734 4823 εἰ
769 4771 864 4825 καὶ
896 4770 1015 4833 ὅτι,
1058 4770 1135 4834 ὡς
1175 4768 1380 4834 ἔδειξαν
1405 4809 1422 4834 ,
1465 4768 1751 4841 ὥρμηνται
1790 4770 1901 4824 λοι-

2317 2153 2618 2221 Ρωηιοιιὶο,
2650 2155 2888 2223 episcopo
2921 2152 3254 2208 Satalorum.

2075 2288 2287 2345 Petiisti
2324 2288 2513 2359 procul
2551 2286 2721 2342 dubio
2751 2286 2971 2341 litteras
3020 2285 3089 2340 ab
3145 2284 3428 2348 Armenis,
3459 2298 3587 2339 cum

2004 2398 2101 2454 per
2128 2392 2277 2436 tuam
2305 2383 2584 2437 civitatem
2630 2381 2835 2439 reversi
2889 2387 3053 2443 sunt;
3106 2387 3162 2434 et
3193 2392 3420 2433 causam
3449 2377 3589 2432 didi-

2003 2477 2128 2532 cisti
2155 2516 2170 2541 ,
2209 2490 2309 2530 cur
2340 2475 2477 2546 ipsis
2510 2489 2617 2528 non
2660 2474 2907 2529 dederim
2954 2472 3267 2542 epistolam.
3304 2469 3587 2541 Siquidem

2003 2586 2071 2625 ex
2113 2584 2300 2624 amore
2340 2568 2591 2624 veritatis
2625 2567 2799 2622 locuti
2855 2576 3020 2631 sunt,
3053 2565 3257 2620 dediSti
3304 2564 3465 2619 nobis
3495 2572 3588 2619 tua

2004 2672 2203 2735 sponte
2228 2663 2442 2716 veniam
2475 2681 2488 2716 ι
2515 2662 2602 2716 sin
2633 2670 2819 2716 autem
2848 2661 3198 2713 occultarum
3224 2674 3239 2725 ;
3264 2658 3409 2728 quod
3441 2659 3589 2727 equi-

2003 2757 2124 2811 dem
2147 2771 2255 2810 non
2277 2756 2568 2816 existimo;
2595 2754 2791 2807 saltem
2828 2769 2895 2808 ex
2929 2753 3090 2806 nobis
3124 2751 3275 2806 audi.
3320 2749 3589 2820 Egregius

2002 2847 2094 2901 ille
2120 2848 2174 2900 in
2209 2846 2468 2899 omnibus
2501 2845 2818 2908 Anthimus,
2855 2843 2949 2914 qui
2991 2843 3104 2912 jam
3150 2858 3180 2895 a
3230 2842 3404 2896 multo
3443 2851 3587 2896 tem-

2002 2953 2135 3010 pore
2167 2954 2356 3007 pacem
2405 2937 2696 2990 nobiscum
2734 2937 3053 3006 pepigerat,
3087 2936 3179 2989 ubi
3224 2943 3440 3006 tempus
3489 2949 3589 3005 0p—

2003 3039 2307 3100 portnnum
2358 3028 2570 3084 invenit
2628 3043 2783 3082 suam
2840 3028 3014 3097 ipsius
3071 3028 3303 3100 gloriam
3368 3028 3588 3082 inanem

2001 3120 2288 3190 explendi,
2340 3126 2396 3173 et
2451 3118 2658 3189 aliquid
2717 3118 2985 3174 molestiae
3035 3119 3199 3173 nobis
3255 3116 3586 3183 exhibendi,

2000 3210 2268 3268 Faustum
2308 3210 2617 3273 ordinavit,
2655 3210 2876 3281 propria
2934 3210 3262 3267 auctoritate
3314 3211 3588 3282 propriis-

2002 3318 2110 3375 que
2168 3302 2464 3369 manibus,
2497 3304 2708 3360 nullius
2740 3318 2807 3358 ex
2857 3303 3018 3358 vobis
3047 3309 3371 3373 exspectato
3399 3299 3589 3356 suffra-

2003 3395 2095 3465 gio
2118 3431 2135 3458 ,
2163 3409 2226 3448 ac
2255 3404 2444 3448 nostra
2489 3392 2578 3447 his
2619 3393 2676 3447 in
2708 3394 2874 3448 rebus
2903 3393 3067 3448 irrisa
3107 3392 3414 3464 diligentia.
3447 3392 3587 3459 Quia

2002 3498 2135 3555 ergo
2166 3482 2517 3553 disciplinam
2557 3493 2797 3538 veterem
2837 3483 3214 3554 perturbavit,
3259 3499 3468 3554 vosque
3500 3490 3589 3539 est

2005 3585 2373 3648 aspernatus,
2410 3592 2646 3647 quorum
2688 3592 2789 3647 ego
2846 3576 3168 3647 sulTragium
3205 3577 3584 3648 praestolabar,

2004 3684 2069 3723 ac
2096 3685 2211 3725 rem
2261 3668 2428 3734 fecit,
2480 3675 2541 3723 ut
2578 3669 2834 3739 equidem
2887 3669 3151 3733 arbitror,
3200 3667 3343 3722 haud
3375 3676 3586 3738 gratam

2004 3759 2149 3827 Deo;
2182 3762 2324 3816 banc
2371 3762 2444 3817 ob
2475 3777 2702 3818 causam
2761 3761 2818 3815 in
2864 3761 2989 3815 illos
3024 3760 3397 3831 indignatione
3433 3773 3587 3813 com-

2003 3861 2255 3916 motus"
2281 3852 2350 3908 ad
2402 3853 2675 3908 neminem
2731 3851 3096 3908 Armenoruln
3169 3853 3384 3907 litteras
3443 3849 3585 3905 ullas

2004 3945 2165 4008 dedi,
2213 3959 2282 3999 ne
2337 3943 2404 3998 ad
2446 3952 2595 3998 tuam
2646 3943 2866 4015 quidem
2928 3946 3213 4016 pietatem.
3262 3942 3369 3999 Sed
3408 3957 3584 4013 neque

2002 4036 2269 4093 Faustum
2334 4036 2530 4092 admisi
2587 4037 2655 4092 ad
2707 4038 3189 4101 communionem,
3219 4046 3404 4106 aperte
3431 4037 3586 4091 testi-

2005 4130 2178 4184 licans
2199 4169 2215 4196 ,
2245 4129 2356 4183 nisi
2388 4135 2603 4184 vestras
2654 4128 2791 4182 mihi
2837 4128 3054 4183 litteras
3084 4125 3306 4192 afferat,
3336 4142 3459 4181 cum
3500 4141 3586 4182 me

2003 4221 2245 4275 alienum
2278 4221 2349 4276 ab
2378 4236 2445 4277 eo
2475 4221 2625 4276 onmi
2682 4229 2929 4291 tempore
2981 4219 3258 4287 futurum,
3296 4227 3410 4275 tum
3445 4235 3582 4274 una-

2002 4313 2180 4369 nimes
2213 4328 2368 4369 meos
2393 4352 2408 4378 ,
2443 4322 2503 4368 ut
2555 4312 2815 4369 idem-de
2859 4314 2956 4367 illo
2994 4314 3263 4379 sentiant,
3310 4312 3581 4369 adductu-

2001 4419 2145 4458 rum.
2195 4404 2383 4474 Itaque
2436 4404 2484 4460 si
2522 4405 2793 4460 sanabilia
2848 4412 2977 4461 sunt
3033 4421 3157 4476 qua:
3200 4421 3467 4471 evenere,
3512 4403 3583 4461 da

2001 4510 2226 4566 operam
2281 4506 2342 4550 ut
2396 4504 2451 4551 et
2498 4496 2617 4567 ipse
2671 4497 2918 4562 scribas,
2952 4497 3203 4554 tribuens
3242 4498 3292 4554 ei
3340 4498 3583 4553 testimo-

2001 4589 2191 4652 nium,
2229 4589 2276 4644 si
2312 4589 2480 4644 vitam
2515 4590 2667 4647 illius
2717 4590 3048 4645 laudabilem
3100 4591 3257 4646 vides
3282 4629 3299 4655 ,
3349 4598 3405 4646 et
3446 4591 3583 4647 alios

2002 4680 2343 4737 adhorteris.
2394 4679 2491 4735 Sin
2531 4689 2715 4736 autem
2769 4681 3137 4744 insanabilia,
3182 4688 3237 4736 et
3291 4681 3394 4735 hoc
3450 4676 3581 4735 mihi

2002 4773 2217 4837 indica,
2247 4781 2309 4827 ut
2349 4787 2540 4828 eorum
2573 4773 2800 4828 omnino
2841 4775 3045 4828 nullam
3074 4772 3311 4842 amplius
3357 4771 3581 4827 habeam

315 4863 420 4918 πὺν
450 4865 586 4935 πρὸς
612 4863 705 4919 τὸν
746 4861 1009 4937 ’Δνθιμον
1036 4861 1244 4917 ἑαυτῶν
1282 4860 1599 4934 μεταθεῖναι
1636 4861 1735 4935 τὴν
1786 4879 1899 4918 κοι-

2008 4865 2327 4934 rationem;
2381 4881 2739 4939 quanquam,
2787 4866 2869 4922 uti
2922 4866 3415 4932 demonstrarunt,
3462 4864 3580 4936 jam

388 5018 504 5101 (50)
522 5020 992 5101 ἕατηιξίσσιέιος.
1051 5018 1351 5101 Sig-Harl.
1393 5027 1449 5074 et
1482 5016 1620 5101 .Vat.
1655 5016 1903 5101 Quatuor

314 5086 656 5161 alii’coglices
684 5086 1069 5161 Σαγκτίσιμος.
1099 5088 1248 5145 Editi
1284 5088 1689 5160 Σαγκτήσιμος.
1727 5086 1900 5145 Paulo

314 5170 443 5232 post
462 5158 627 5232 Ηπιο
656 5161 848 5232 μέχρις
877 5158 1055 5232 ἡμῶν.

390 5231 523 5302 (51)
556 5227 1069 5302 Πρὸσέρθέηλὸμαι.
1132 5231 1297 5289 CoisL
1370 5230 1582 5302 primus
1640 5236 1697 5286 et
1754 5227 1897 5287 Med.

313 5300 832 5372 προσφθεγγόμεθα-

389 5370 504 5444 (52)
542 5370 969 5444 Προειρημένφ.
997 5370 1192 5444 Q0isl._
1210 5371 1442 5444 primus,
1464 5371 1772 5444 εἰρημένῳη
1798 5370 1898 5444 [bi-

313 5441 438 5514 detn
464 5442 613 5495 Harl.
661 5457 759 5512 pro
777 5441 991 5498 ὥστε...
1018 5441 1328 5514 διδαχθῆναι
1360 5441 1531 5498 habet
1545 5441 1703 5497 καὶ...
1751 5441 1896 5496 διδα-

553 5582 652 5635 ‘Er
676 5583 843 5649 οἵοις.
890 5582 970 5639 Ita
998 5581 1147 5638 ωτι.
1182 5597 1305 5638 cum
1334 5582 1550 5640 duobus
1575 5583 1714 5638 aliis.
1751 5580 1889 5636 Editi

393 5668 495 5706 o.c.

541 5722 707 5792 Παρὰ
733 5723 921 5781 mina.
961 5725 1034 5781 lta
1060 5732 1175 5783 tres
1206 5724 1560 5783 vetustissimi
1586 5739 1708 5779 cum
1750 5721 1885 5778 duo-

2011 5021 2118 5077 bus
2149 5021 2287 5075 aliis.
2328 5019 2472 5092 Editi
2503 5020 2657 5092 παρὰ
2682 5018 2776 5092 τοῦ
2805 5020 2980 5074 πάπα.

2074 5092 2187 5160 (55)
2237 5091 2431 5160 Ἡμεῖς
2454 5087 2608 5147 deest
2641 5094 2694 5145 in
2723 5090 2893 5145 Coisl.
2922 5090 3099 5159 primo
3119 5095 3175 5143 et
3206 5087 3348 5160 Med.

2075 5157 2189 5232 (56)
2236 5157 2651 5229 Ἐπεζήτησας.
2675 5162 2754 5215 ita
2773 5157 3168 5229 mssfseptem.
3206 5158 3351 5214 Editi
3381 5157 3576 5235 ἐπιζη-

2050 5233 2196 5295 ἡσας.

2233 5302 2410 5374 Ὅπερ
2436 5303 2547 5356 οὐκ
2565 5300 2787 5374 εἰκάζω.
2807 5299 2883 5355 ita
2901 5297 3217 5374 Harlaeanus
3235 5299 3429 5374 codex,
3456 5316 3575 5374 me-

2006 5366 2115 5428 lius
2136 5366 2308 5443 multo
2330 5366 2494 5443 quam
2517 5373 2670 5435 editi,
2690 5372 2868 5443 forti-:9
2886 5366 2991 5443 οὖν
3007 5370 3229 5443 εἰκάζω,
3259 5371 3398 5443 ᾳιιοά
3418 5366 3575 5443 equi-

2004 5443 2125 5515 dem
2156 5439 2399 5515 conﬁcio.
2437 5439 2925 5515 Propensiorerat
2958 5439 3202 5515 Basilius
3238 5439 3305 5496 ad
3330 5439 3574 5515 benigne

2004 5512 2490 5581 interpretandum,
2520 5511 2681 5581 quam
2728 5511 2792 5564 ad
2823 5511 3022 5565 malum
3052 5511 3463 5581 suspicandum.

2074 5581 2187 5654 (38)
2237 5582 2619 5651 ὀμοψύχους
2655 5599 2777 5652 μοι.
2803 5581 2974 5637 Coisl.
3020 5581 3229 5652 primus
3265 5581 3573 5659 ὁμοψύχους

2004 5672 2127 5724 μου.

2072 5726 2090 5746 ⁶
2119 5723 2267 5780 Alias
2298 5721 2565 5779 CCCXIII.
2608 5721 2819 5782 Scriota
2858 5739 2998 5779 anno
3027 5722 3148 5778 575.
